2217 2651
462 161 117 33 Åndra
604 162 203 32 kammarens
831 160 102 40 tredje
960 159 168 40 tillfälliga
1152 157 132 34 utskotts
1307 157 165 32 utlåtande
1495 156 53 33 Nr
1573 159 28 29 6.
1810 155 20 31 3

231 256 239 37 bortfallande
500 256 66 35 och
594 252 194 38 införande
817 253 40 36 af
882 251 176 38 zontariff.
1116 250 271 37 Hufvudsaken
1417 255 49 39 är,
1498 252 52 33 att
1579 252 146 45 system,
1756 261 74 24 som

230 312 121 47 väljas,
390 310 112 37 verka
530 308 145 38 rättvist
704 309 55 36 för
786 308 124 36 landet
937 307 13 36 i
978 307 57 36 sin
1064 307 133 44 helhet,
1229 308 39 34 så
1296 307 52 34 att
1378 305 61 36 det
1466 317 50 23 nu
1544 304 159 36 rådande
1732 303 99 37 miss-

231 367 97 48 nöjet
356 364 256 48 undanröjes.»

337 420 237 35 Beträffande
616 431 50 22 nu
708 417 165 47 gällande
917 417 132 35 villkor
1091 416 55 35 för
1187 415 391 45 telefonabonnemang
1613 413 97 35 inom
1739 412 91 36 riks-

230 475 239 36 telefonnätet
511 473 55 35 får
601 472 179 36 utskottet
809 470 151 36 hänvisa
988 470 56 36 till
1073 482 45 23 en
1147 470 66 35 här
1241 469 119 35 nedan
1388 468 122 35 införd
1539 467 97 36 inom
1665 467 167 48 telegraf-

230 530 179 47 styrelsen
427 528 192 36 utarbetad
645 527 60 35 »P.
729 527 50 34 M.
803 526 185 46 angående
1008 522 589 48 telefonabonnemangsvillkoren
1617 522 13 35 i
1647 521 184 48 Sverige».

234 584 55 35 Af
324 584 118 34 denna
478 582 169 47 framgår,
684 583 52 33 att
765 581 44 34 de
839 578 304 49 skiljaktigheter,
1175 591 73 23 som
1277 577 14 36 i
1319 577 97 36 olika
1443 577 140 35 trakter
1612 576 222 36 förekomma

231 637 227 37 beträffande
497 636 98 36 såväl
634 633 469 48 abonnemangsafgifterna
1132 645 73 23 som
1234 631 302 47 utsträckningen
1566 631 40 35 af
1630 633 120 33 rätten
1778 630 58 36 till

232 692 70 36 fria
331 692 138 44 samtal,
500 690 110 36 hafva
639 690 57 35 sin
732 689 118 48 grund
879 688 29 48 ej
941 688 93 35 blott
1062 687 13 35 i
1103 687 184 36 skiftande
1314 686 119 36 lokala
1462 686 251 35 förhållanden
1742 688 93 32 samt

232 747 42 35 af
316 747 102 34 dessa
448 745 209 36 föranledda
686 743 97 36 olika
812 742 252 48 anläggnings-
1094 742 66 35 och
1189 740 286 37 driftkostnader
1502 742 89 34 utan
1621 745 45 30 än
1695 752 75 22 mer
1799 740 40 35 af

236 803 137 33 statens
412 798 314 47 kontraktsenliga
768 797 245 47 förpliktelser
1049 796 115 46 enligt
1201 796 98 44 aftal,
1336 794 154 36 träffade
1519 794 62 36 vid
1609 794 161 46 inköpen
1799 794 39 35 af

233 856 43 35 de
306 853 168 37 enskilda
510 851 449 48 telefonanläggningarna
986 851 118 35 under
1132 851 44 34 de
1205 852 49 42 år,
1286 850 45 35 då
1358 848 318 36 rikstelefonnätet
1704 848 131 47 grund-

234 911 109 34 lades.
402 909 72 35 Det
503 907 252 43 förhållandet,
787 909 52 32 att
868 904 291 48 giltighetstiden
1188 905 55 35 för
1263 904 104 35 dessa
1387 903 385 36 öfverenskommelser
1786 915 50 23 nu

234 963 136 47 utlupit
400 963 67 35 och
495 961 336 48 telegrafstyrelsen
861 960 159 35 användt
1039 959 56 46 sig
1116 959 40 34 af
1173 959 71 34 den
1264 958 114 35 frihet
1398 959 208 34 densamma
1626 956 211 47 härigenom

236 1017 145 37 erhållit
392 1017 56 36 för
460 1015 300 49 genomförandet
775 1014 143 36 afinom
935 1013 282 48 telegrafverket
1232 1012 209 47 tillämpade
1458 1012 180 35 allmänna
1653 1011 185 47 principer

237 1073 57 35 för
323 1073 70 34 den
422 1071 69 35 fria
520 1070 265 36 samtalsrätten
801 1069 107 35 äfven
925 1070 19 33 å
959 1074 105 37 orter,
1095 1080 75 23 som
1200 1067 130 35 hittills
1359 1079 127 35 genom
1514 1066 179 36 villkoren
1712 1065 62 37 vid
1795 1066 43 35 de

237 1126 142 48 privata
407 1129 129 32 nätens
565 1124 113 47 inköp
707 1123 57 36 till
784 1123 185 47 äfventyrs
997 1121 132 48 intagit
1163 1134 45 22 en
1237 1133 276 36 gynnsammare
1533 1120 183 47 ställning,
1738 1120 102 36 torde

237 1194 86 23 vara
351 1193 45 23 en
425 1180 39 35 af
490 1178 287 48 anledningarna
805 1177 84 36 till
874 1171 23 59 i
908 1176 184 36 motionen
1112 1176 199 47 påpekade,
1333 1176 65 35 hos
1420 1175 243 35 allmänbeten
1681 1175 158 35 rådande

228 1235 190 48 'missnöje.
462 1235 88 34 Men
570 1233 107 36 äfven
694 1232 130 49 själfva
840 1233 70 34 den
926 1230 153 48 princip,
1098 1242 73 24 som
1188 1230 180 47 tillämpas
1388 1230 55 35 för
1462 1229 183 48 reglering
1666 1229 40 35 af
1721 1232 120 33 rätten

236 1289 56 35 till
335 1290 44 34 de
422 1288 71 35 fria
527 1287 185 44 samtalen,
742 1286 184 47 nämligen
955 1288 52 33 att
1036 1286 118 34 denna
1183 1284 169 36 omfattar
1380 1284 66 35 och
1474 1284 194 47 begränsas
1697 1283 55 35 till
1780 1284 61 34 det

237 1342 416 47 redovisningsområde,
699 1340 56 36 till
797 1340 142 36 hvilket
980 1339 339 46 telefonapparaten
1362 1343 39 30 är
1443 1338 198 44 anknuten,
1672 1337 74 35 kan
1774 1338 68 35 lätt

237 1398 102 47 gifva
376 1396 197 47 anledning
601 1395 57 36 till
687 1396 44 34 de
759 1395 212 46 uppenbara
999 1393 248 47 orimligheter
1276 1393 66 35 och
1371 1393 229 46 olägenheter
1628 1392 82 35 med
1739 1392 106 35 däraf

238 1452 181 35 föranledt
447 1449 182 49 missnöje,
667 1452 46 44 på
741 1448 125 36 hvilka
895 1447 225 36 motionären
1147 1448 140 34 lämnar
1315 1447 176 46 exempel.
1549 1446 225 47 Visserligen
1803 1452 39 29 är

239 1507 60 35 det
336 1505 178 36 utskottet
542 1504 148 44 bekant,
722 1505 52 34 att
802 1502 283 48 telegrafverket
1112 1501 14 35 i
1154 1502 39 34 af
1219 1501 224 36 motionären
1474 1500 151 36 anförda
1654 1500 66 35 fall
1747 1501 95 35 med-

239 1559 111 49 gifvit
377 1560 188 45 undantag
594 1558 81 35 från
704 1558 43 34 de
777 1557 103 48 eljest
908 1557 164 47 gällande
1101 1556 178 47 reglerna,
1311 1556 68 35 och
1409 1558 52 33 att
1483 1558 38 32 så
1550 1555 107 35 äfven
1685 1554 62 36 vid
1775 1554 68 35 lik-

241 1614 122 35 nande
406 1613 208 36 svårartade
657 1611 250 36 förhållanden
942 1611 74 34 kan
1060 1610 75 44 ske,
1166 1622 83 23 men
1277 1610 115 34 ehuru
1420 1609 180 36 utskottet
1628 1621 105 23 anser
1762 1608 82 47 föga

241 1667 199 44 sannolikt,
473 1669 53 34 att
567 1670 53 32 ett
662 1669 134 45 system
825 1665 75 36 kan
928 1664 211 48 uppställas,
1172 1664 63 35 där
1264 1663 30 49 ej
1327 1664 174 47 gränsfall
1529 1663 158 44 inträffa,
1718 1662 126 37 hvilka

241 1723 123 36 fordra
407 1721 173 37 särskildt
621 1720 314 47 tillmötesgående
974 1719 83 35 från
1085 1719 299 46 telegrafverkets
1413 1718 89 45 sida,
1534 1730 105 24 anser
1666 1718 179 35 utskottet

241 1777 113 35 likväl
399 1776 209 43 önskvärdt,
647 1777 53 33 att
728 1787 43 22 en
802 1775 131 34 allmän
962 1773 171 47 pröfning
1162 1773 39 35 af
1227 1773 69 35 den
1326 1773 69 35 fria
1424 1773 283 35 samtalsrättens
1735 1772 109 46 lämp-

240 1830 73 48 liga
342 1829 220 48 omfattning
593 1829 189 47 företages.
841 1828 57 36 Då
927 1828 119 35 denna
1075 1827 101 48 fråga
1203 1827 207 48 naturligen
1430 1829 74 34 står
1523 1826 13 35 i
1556 1829 51 34 ett
1626 1825 219 48 oupplösligt

242 1886 176 35 samband
446 1885 82 35 med
557 1883 115 48 öfriga
700 1882 415 47 abonnemangsvillkor,
1133 1884 113 32 måste
1266 1882 128 47 frågan
1415 1894 53 23 om
1491 1882 70 34 den
1576 1881 269 35 telefonerande

244 1940 262 35 allmänhetens
536 1937 174 47 ställning
737 1937 57 35 till
822 1936 281 48 telegrafverket
1131 1935 13 35 1
1173 1934 57 37 sin
1249 1936 123 35 helhet
1390 1938 180 44 upptagas
1590 1934 56 37 till
1662 1935 181 47 pröfning.

245 1994 111 35 Detta
399 1999 39 29 är
481 1992 107 36 äfven
629 2004 45 23 ur
716 1992 113 35 andra
858 1990 229 49 synpunkter
1116 1989 210 46 önskvärdt,
1357 1990 46 35 då
1431 1990 70 35 den
1529 2002 51 23 nu
1607 1990 172 44 rådande,
1811 1989 39 36 af

245 2047 82 36 icke
370 2046 128 48 giltiga
541 2046 78 35 skäl
652 2045 219 36 motiverade
900 2044 319 47 olikformigheten
1251 2044 13 35 i
1298 2043 452 48 abonnemangsvillkoren
1783 2044 64 35 hos

246 2102 245 34 allmänheten
520 2100 180 35 föranledt
729 2112 44 22 en
802 2099 128 36 känsla
960 2099 40 35 af
1025 2098 150 36 orättvis
1205 2098 221 47 behandling
1446 2099 80 34 från
1547 2098 301 47 telegrafverkets

248 2155 89 44 sida,
369 2167 74 24 som
475 2160 38 30 är
548 2154 164 35 starkare
741 2154 67 35 och
841 2153 206 47 säkerligen
1076 2165 96 22 mera
1200 2152 205 48 berättigad
1434 2157 46 30 än
1508 2152 143 48 möjligt
1679 2151 169 49 missnöje

250 2210 101 35 öfver
379 2208 352 48 telefonafgifternas
762 2207 147 36 storlek.

359 2264 82 34 Den
483 2262 198 46 utredning
714 2262 180 35 utskottet
921 2261 63 36 vill
1012 2260 183 47 tillstyrka
1224 2261 112 47 gäller
1365 2260 121 36 därför
1515 2260 335 37 åstadkommandet

253 2318 40 35 af
331 2317 272 36 bestämmelser
645 2316 56 35 för
743 2316 280 47 abonnemangs-
1057 2315 66 36 och
1152 2315 297 47 samtalsafgifter
1486 2314 63 37 vid
1576 2314 272 45 rikstelefonen,

1867 422 150 29 Utskottets

1870 467 140 39 yttrande.
