2195 2711
414 218 18 32 8
841 218 245 32 Konstitutions-
1101 213 171 47 Utskottets
1288 218 169 33 Utlåtande
1482 218 61 32 N:o
1566 220 28 30 9.

1203 299 193 37 Statsrådet
1423 300 121 36 finnas.
1599 299 83 37 Alla
1710 301 246 36 meddelanden
1983 302 14 35 i

1203 354 241 36 ministeriella
1471 354 69 35 mål
1568 351 56 38 till
1643 354 232 44 främmande
1902 357 95 43 magt

1202 407 82 36 eller
1325 407 211 47 Konungens
1574 406 183 37 sändebud
1795 408 13 35 i
1840 405 156 39 utlandet

1202 458 107 47 skola,
1337 463 87 33 utan
1447 461 159 44 afseende
1625 458 25 36 då
1670 461 158 35 ärendets
1863 460 134 50 beskaf-

1179 518 3 86 |
1198 513 132 51 fenhet,
1354 515 57 34 ske
1435 524 118 37 genom
1580 513 193 36 Ministern
1786 513 63 49 för
1867 514 130 35 utrikes

1205 567 182 35 ärendena.

1125 689 23 46 8
1182 690 55 35 12.

1307 774 202 48 Konungen
1537 786 82 35 eger
1647 778 49 31 att
1715 775 11 34 i
1746 775 249 48 afhandlingar

471 828 198 47 Konungen
698 840 80 35 eger
795 832 48 31 att
870 828 10 35 i
910 826 248 47 afhandlingar
1179 828 2 4 |
1203 827 63 36 och
1308 827 148 36 förbund
1496 827 75 36 med
1613 826 214 36 främmande
1861 831 136 44 magter

368 881 64 36 och
472 880 150 36 förbund
664 881 75 35 med
782 881 215 35 främmande
1026 883 133 43 magter
1201 880 95 46 ingå,
1324 880 105 35 sedan
1456 879 93 47 Han,
1577 880 11 34 i
1622 879 66 35 den
1716 880 159 46 ordning,
1906 879 88 36 före-

366 933 92 48 ingå,
491 934 106 35 sedan
629 933 93 46 Han,
751 931 105 50 enligt
881 933 212 47 föregående
1120 932 37 46 $,
1184 926 8 59 |
1201 932 133 47 gående
1362 932 19 46 $
1409 932 151 47 stadgar,
1590 931 157 36 deröfver
1775 931 78 36 hört
1884 930 109 37 Stats-

367 986 157 35 deröfver
553 985 76 36 hört
644 985 183 36 Ministern
844 985 53 36 för
913 986 130 35 utrikes
1059 988 98 32 ären-
1180 983 3 17 |
1200 983 191 44 ministern,
1433 984 181 36 Ministern
1657 984 51 36 för
1736 983 133 36 utrikes
1897 987 98 32 ären-

367 1038 88 36 dena
496 1037 62 37 och
588 1038 115 48 någon
723 1049 116 24 annan
856 1037 171 36 tillkallad
1049 1037 108 35 Stats-
1179 1056 2 12 |
1202 1037 87 35 dena
1317 1036 65 36 och
1411 1037 113 46 någon
1554 1049 115 23 annan
1689 1036 174 35 tillkallad
1884 1036 109 36 Stats-

367 1091 115 35 rådets
510 1090 161 36 ledamot.
1201 1089 114 36 rådets
1343 1088 162 48 ledamot,
1534 1089 91 47 eller,
1654 1090 60 35 der
1730 1089 191 35 Ministern
1934 1089 60 43 för

1178 1141 77 44 för
1281 1143 131 34 utrikes
1441 1143 173 35 ärendena
1644 1140 111 38 tillika
1775 1144 42 32 är
1837 1140 157 37 Statsmi-

1199 1194 116 45 nister,
1357 1195 57 35 två
1447 1195 113 35 andra
1603 1193 192 38 tillkallade
1840 1193 154 37 Statsrå-

1202 1246 74 36 dets
1304 1247 196 35 ledamöter.

1108 1368 18 46 8
1157 1369 57 34 32.

468 1455 184 36 Sändebud
686 1454 63 37 hos
777 1453 216 36 främmande
1022 1457 133 43 magter
1304 1454 183 37 Sändebud
1522 1454 62 35 hos
1612 1453 216 36 främmande
1857 1458 137 43 magter

365 1508 64 36 och
483 1507 208 48 tjenstemän
743 1506 55 36 vid
842 1506 312 46 beskickningarne
1176 1519 3 32 |
1201 1506 64 36 och
1304 1507 205 47 tjenstemän
1566 1506 54 35 vid
1677 1505 316 48 beskickningarne

365 1565 125 31 nämne
523 1560 193 46 Konungen
746 1559 11 35 i
785 1559 208 35 Ministerns
1017 1559 58 42 för
1099 1561 54 32 ut-
1176 1567 3 72 |
1200 1563 125 31 nämne
1368 1559 199 46 Konungen
1595 1558 11 35 i
1633 1561 154 33 närvaro
1814 1559 45 43 af
1881 1559 111 35 Mini-

363 1611 94 37 rikes
502 1613 171 34 ärendena
702 1609 58 37 och
793 1612 111 44 någon
938 1622 116 24 annan
1083 1610 71 36 till-
1173 1605 16 59 |
1198 1616 93 30 stern
1313 1611 62 49 för
1402 1612 132 34 utrikes
1563 1612 174 34 ärendena
1763 1614 90 32 samt
1881 1611 108 35 Stats-

363 1663 120 37 kallad
500 1661 345 39 Statsrådsledamots
871 1667 164 33 närvaro.
1201 1664 178 35 ministern
1419 1661 80 37 eller
1531 1664 112 45 någon
1677 1675 117 24 annan
1821 1661 171 38 tillkallad

1202 1715 211 36 Statsrådets
1432 1716 163 35 ledamot.

922 1820 73 47 2:0)
1037 1823 50 32 att
1121 1819 41 36 de
1201 1819 227 36 förevarande
1470 1819 215 36 motionerna
1721 1820 12 34 i
1762 1820 106 47 öfrigt
1894 1820 79 35 icke

786 1871 105 36 måtte
920 1871 52 35 till
1000 1872 116 45 någon
1145 1872 221 47 Riksdagens
1395 1871 122 47 åtgärd
1548 1870 192 38 föranleda.

586 2027 202 37 Stockholm
817 2028 66 35 den
914 2029 44 34 22
990 2028 95 35 Mars
1117 2030 109 34 1878.

913 2183 57 36 På
1006 2183 239 37 Utskottets
1280 2188 179 44 vägnar:

891 2287 206 36 MAGNUS
1125 2287 348 38 HALLENBORG.
