1868 2764
239 146 19 29 8
518 143 402 39 Bevillningsutskottets
943 143 217 30 betänkande
1179 153 42 20 nr
1241 145 41 30 35
1302 145 38 28 år
1362 145 84 29 1964

243 232 55 20 om
325 224 119 38 statlig
468 223 252 30 inkomstskatt
747 223 150 29 erhåller
922 223 66 30 den
1017 223 251 39 skattskyldige
1301 224 107 31 (dock
1434 225 71 29 inte
1532 224 100 39 bolag
1659 225 63 29 och

242 276 109 29 andra
373 276 176 40 juridiska
573 277 182 38 personer)
782 276 11 29 i
816 277 90 38 regel
930 276 56 29 vid
1011 276 424 40 inkomstbeskattningen
1459 279 48 28 ett
1531 277 192 30 skattefritt

242 329 128 39 avdrag
395 329 236 39 (ortsavdrag)
657 329 80 29 från
759 329 53 29 sin
832 330 11 28 i
863 329 372 30 hemortskommunen
1257 330 163 29 taxerade
1441 330 164 30 inkomst.
1627 331 97 30 Orts-

242 382 173 40 avdragen
435 382 133 40 uppgår
586 382 42 30 fr.
647 391 29 21 o.
695 392 45 19 m.
763 382 81 29 1963
862 382 58 30 års
939 383 156 38 taxering
1113 383 51 28 till
1183 382 19 29 4
1216 382 62 30 500
1297 383 131 29 kronor
1446 383 54 29 för
1518 383 86 40 gifta
1622 385 102 29 även-

243 444 73 20 som
337 435 55 30 för
412 435 265 30 ensamstående
697 436 79 29 med
796 435 295 30 hemmavarande
1110 435 87 30 barn
1218 436 110 29 under
1352 436 38 29 18
1411 436 38 29 år
1470 437 64 29 och
1555 436 50 30 till
1628 438 18 28 2
1661 438 62 29 250

243 489 129 29 kronor
392 488 56 30 för
467 498 117 20 annan
604 488 266 30 ensamstående
892 488 242 40 skattskyldig.

287 541 116 40 Enligt
425 541 159 39 gällande
607 541 336 40 skattelagstiftning
966 542 39 30 är
1027 541 421 40 folkpensionsförmåner
1471 552 42 20 av
1535 543 93 30 olika
1652 545 73 37 slag

241 597 49 27 att
310 595 151 29 hänföra
482 595 50 29 till
555 595 240 39 skattepliktig
815 594 165 30 inkomst.
1004 595 200 29 Emellertid
1224 596 64 29 har
1310 596 174 29 särskilda
1504 596 221 30 bestämmel-

242 657 53 20 ser
326 657 56 20 om
414 649 98 28 extra
542 648 129 39 avdrag
703 648 54 29 för
789 648 139 29 nedsatt
960 648 272 39 skatteförmåga
1262 649 203 29 meddelats.
1497 649 115 40 Enligt
1644 650 78 36 50
1704 644 23 49 $

241 701 18 29 2
277 710 104 20 mom.
400 701 425 39 kommunalskattelagen
845 701 89 29 skall
953 701 147 29 sålunda
1119 701 244 40 skattskyldig,
1382 711 79 21 vars
1479 703 155 30 inkomst
1652 703 72 29 helt

241 754 82 29 eller
341 754 54 29 till
413 753 235 40 huvudsaklig
667 754 55 29 del
743 755 117 38 utgörs
880 764 42 19 av
941 754 234 39 folkpension,
1194 755 116 29 därest
1325 755 174 30 särskilda
1512 755 213 40 omständig-

241 807 96 29 heter
354 807 78 29 icke
450 807 52 29 till
522 809 106 28 annat
647 807 208 35 föranleder,
874 817 102 20 anses
995 808 45 29 ha
1059 808 107 30 sådan
1186 808 138 29 nedsatt
1344 808 285 40 skatteförmåga,
1650 818 73 20 som

241 860 189 39 berättigar
452 861 51 29 till
525 863 97 27 extra
644 860 138 40 avdrag.
806 860 12 29 I
842 861 272 39 anvisningarna
1135 861 52 29 till
1211 862 154 29 nämnda
1386 861 166 40 paragraf
1574 862 150 39 stadgas,

241 915 50 27 att
306 922 57 21 om
379 913 235 40 skattskyldig
628 913 90 30 varit
735 913 54 30 för
805 914 53 29 sin
875 913 216 40 försörjning
1106 915 72 29 helt
1193 915 171 29 beroende
1381 924 41 20 av
1438 915 66 30 vad
1519 915 69 29 han
1605 915 11 29 i
1632 915 92 29 form

241 975 42 20 av
301 966 223 40 folkpension
544 966 177 40 uppburit,
741 967 66 29 den
827 967 162 29 taxerade
1009 967 198 30 inkomsten
1227 968 239 39 regelmässigt
1485 968 63 30 bör
1565 969 159 29 minskas

242 1019 77 30 med
342 1021 49 27 ett
414 1019 125 40 belopp
563 1020 245 30 motsvarande
831 1020 66 29 vad
921 1021 71 28 han
1017 1020 146 30 sålunda
1187 1021 178 39 uppburit,
1389 1021 91 30 dock
1502 1021 102 40 högst
1629 1021 18 30 3
1661 1021 63 30 000

243 1073 139 29 kronor.
409 1072 67 30 Om
504 1072 235 41 skattskyldig
764 1073 146 40 åtnjutit
935 1074 131 39 jämväl
1094 1082 116 22 annan
1236 1074 156 30 inkomst
1419 1075 44 29 än
1490 1074 233 39 folkpension,

241 1134 79 21 men
338 1125 193 39 pensionen
549 1126 83 29 eller
648 1126 157 40 bidraget
823 1126 105 30 likväl
948 1127 132 39 utgjort
1098 1127 66 30 den
1183 1127 258 40 huvudsakliga
1458 1128 100 30 delen
1576 1137 42 21 av
1635 1128 90 29 hans

241 1178 166 34 inkomst,
429 1178 63 30 bör
515 1179 65 29 den
604 1179 253 39 skattskyldige
879 1180 239 39 regelmässigt
1140 1180 177 40 medgivas
1339 1183 49 27 ett
1411 1181 79 30 med
1512 1181 138 40 hänsyn
1673 1181 51 29 till

244 1232 343 39 omständigheterna
612 1232 138 39 jämkat
776 1232 128 39 avdrag
930 1232 55 30 för
1011 1233 137 30 nedsatt
1174 1233 285 40 skatteförmåga.
1485 1235 124 29 Därest
1636 1234 87 30 folk-

242 1284 190 39 pensionen
455 1285 76 30 icke
552 1285 145 40 uppgått
719 1285 51 30 till
792 1286 107 29 minst
920 1286 135 30 hälften
1077 1296 42 20 av
1140 1287 66 29 den
1229 1286 264 41 sammanlagda
1513 1288 212 35 inkomsten,

241 1338 62 29 bör
322 1338 140 39 avdrag,
484 1347 74 21 som
578 1347 89 21 ovan
688 1339 88 39 sägs,
797 1339 177 39 medgivas
995 1340 146 29 allenast
1162 1340 43 30 då
1227 1341 172 29 särskilda
1421 1341 74 30 skäl
1518 1341 116 30 därtill
1657 1342 69 29 för-

243 1391 149 30 anleder.
420 1392 139 29 Samma
583 1392 263 30 bestämmelser
871 1393 108 38 gäller
1003 1392 88 30 efter
1114 1402 42 35 en
1182 1393 38 30 år
1247 1393 81 30 1957
1354 1394 162 40 vidtagen
1541 1395 150 39 ändring
1714 1396 10 28 i

243 1444 19 29 9
287 1444 15 36 $
328 1444 19 29 2
371 1453 106 20 mom.
502 1444 250 41 förordningen
775 1455 57 19 om
857 1446 118 39 statlig
999 1446 251 30 inkomstskatt
1274 1446 56 30 vid
1356 1448 159 39 taxering
1538 1447 50 30 till
1616 1448 108 30 sådan

242 1497 103 29 skatt.

288 1550 116 40 Enligt
425 1550 113 30 beslut
559 1560 41 21 av
615 1539 241 42 innevarande
878 1552 57 30 års
957 1552 142 40 riksdag
1121 1552 64 31 har
1208 1553 163 40 avdraget
1396 1554 54 29 för
1471 1555 137 29 nedsatt
1633 1555 93 29 skat-

243 1603 193 39 teförmåga
462 1605 226 29 maximerats
713 1605 52 29 till
791 1604 95 30 4500
914 1605 140 30 kronor.
1081 1606 136 40 Avdrag
1244 1607 78 29 med
1350 1606 107 40 högre
1484 1607 123 40 belopp
1636 1608 88 30 skall

243 1656 88 30 dock
355 1656 122 30 kunna
503 1657 137 39 medges
665 1657 255 40 barnfamiljer,
945 1659 112 29 vilkas
1083 1659 154 30 inkomst
1264 1660 219 39 understiger
1509 1661 216 30 existensmi-

243 1709 145 30 nimum.
408 1709 411 41 Invaliditetsersättning
836 1711 64 29 och
919 1712 334 40 invaliditetstillägg
1272 1712 107 40 enligt
1399 1713 98 40 lagen
1518 1723 55 20 om
1595 1715 129 29 allmän

244 1762 199 40 försäkring
459 1765 90 27 samt
564 1763 396 40 hemsjukvårdsbidrag
977 1764 79 30 från
1073 1765 207 30 kommuner
1298 1766 64 29 och
1380 1766 178 40 landsting
1575 1767 52 29 till
1644 1776 82 21 van-

243 1815 76 30 föra
338 1816 65 29 och
423 1816 110 30 andra
552 1816 288 30 vårdbehövande
861 1817 64 29 har
946 1817 160 30 hänförts
1128 1818 51 29 till
1201 1819 75 29 icke
1299 1819 240 40 skattepliktig
1560 1820 165 33 inkomst,

244 1868 170 38 varjämte
440 1869 155 39 reglerna
622 1869 178 39 angående
823 1869 186 40 värdering
1034 1879 41 21 av
1099 1871 307 30 naturaförmåner
1433 1872 167 30 avseende
1627 1873 97 38 sjuk-

243 1921 294 30 sköterskeelever
555 1931 44 20 m.
619 1922 36 29 fl.
674 1922 276 40 kompletterats.

289 1975 12 28 I
333 1975 41 39 22
409 1975 17 36 $
463 1976 14 28 1
512 1984 104 22 mom.
650 1976 430 40 taxeringsförordningen
1114 1978 9 29 i
1159 1978 401 40 författningsrummets
1595 1980 129 39 lydelse

244 2027 41 30 fr.
305 2036 29 21 o.
356 2037 45 20 m.
424 2028 84 30 1963
528 2028 55 30 års
604 2029 157 39 taxering
782 2029 139 39 stadgas
942 2030 44 29 bl.
1008 2040 29 20 a.
1058 2032 49 28 att
1129 2030 113 39 fysisk
1262 2040 138 30 person,
1423 2041 75 21 som
1519 2033 88 30 varit
1629 2034 64 29 här
1715 2034 9 29 i

243 2080 89 30 riket
346 2081 116 30 bosatt
480 2082 109 29 under
607 2081 77 30 hela
702 2082 329 39 beskattningsåret,
1048 2084 38 28 är
1105 2083 136 40 skyldig
1260 2086 49 28 att
1328 2087 85 28 utan
1433 2086 189 40 anmaning
1642 2094 82 32 avge

243 2133 128 30 allmän
393 2134 311 39 självdeklaration
726 2144 56 20 om
804 2135 88 29 hans
913 2135 273 31 bruttointäkter
1209 2147 42 19 av
1272 2147 43 19 en
1338 2138 81 30 eller
1443 2139 87 30 flera
1554 2139 171 30 förvärvs-

244 2186 110 29 källor
374 2187 111 29 under
504 2187 73 30 året
597 2187 145 39 uppgått
762 2188 51 29 till
834 2188 107 29 minst
962 2189 18 29 2
995 2188 62 30 400
1079 2189 137 29 kronor.
