2245 2789
530 134 19 31 6
976 137 95 29 Stats-
1080 137 163 29 Utskottets
1272 138 166 30 Utlåtande
1461 140 59 29 N:o
1543 142 47 29 87.

487 218 236 41 framställning
756 230 50 21 om
834 219 141 42 lindring
1000 221 10 30 i
1040 221 54 31 det
1122 231 42 21 nu
1193 223 42 39 på
1262 224 85 29 rote-
1372 222 59 31 och
1453 223 196 33 rusthållare
1673 225 146 31 hvilande
1843 226 114 31 besvär
1984 230 83 28 samt

488 272 48 29 att
561 270 122 41 förslag
710 270 48 31 till
782 271 103 32 sådan
913 271 139 41 lindring
1078 275 154 38 uppgöra.
1281 272 15 32 I
1326 274 161 31 anseende
1516 275 47 32 till
1587 276 60 31 den
1671 276 205 41 tidsutdrägt,
1902 289 68 21 som
1995 279 71 31 med

486 322 246 40 ifrågavarande
768 322 110 32 arbete
902 333 74 21 vore
998 323 144 39 förenad,
1167 323 82 32 hade
1272 324 114 41 Kongl.
1410 324 100 42 Maj:t,
1533 328 42 39 på
1598 329 65 29 sätt
1687 327 184 41 Riksdagen
1897 330 46 30 uti
1971 330 98 40 nådig

487 372 171 32 Skrifvelse
691 373 61 30 den
786 376 39 29 24
859 374 160 31 nästlidne
1050 374 86 31 Mars
1166 374 61 32 fått
1256 375 47 40 sig
1330 375 192 39 meddeladt,
1552 377 103 31 funnit
1676 378 122 41 förslag
1820 379 48 31 till
1889 379 177 32 förändrad

486 424 221 40 organisation
742 424 34 31 af
806 424 100 32 rikets
928 425 282 32 försvarsväsende
1234 426 48 31 till
1304 426 93 32 lands
1419 427 70 31 icke
1512 427 111 32 kunna
1645 429 66 31 förr
1734 432 42 28 än
1798 429 49 31 till
1866 433 95 29 nästa
1981 431 82 31 riks-

488 474 61 41 dag
571 474 211 41 framläggas;
807 475 59 31 och
891 475 41 32 då
955 476 54 31 det
1030 476 70 31 icke
1122 476 65 31 kan
1210 488 77 20 vara
1308 477 148 42 lämpligt
1480 481 47 29 att
1550 479 38 31 de
1613 490 67 20 mer
1703 480 78 31 eller
1806 481 118 31 mindre
1955 482 112 32 omfat-

485 525 97 32 tande
605 526 121 40 förslag
750 527 237 31 motionärerne
1010 538 43 20 nu
1076 528 175 31 framställt
1272 529 10 30 i
1304 528 120 41 frågor,
1450 540 68 21 som
1540 533 75 28 röra
1631 531 255 32 försvarsverket
1900 532 48 31 till
1962 533 103 37 lands,

487 576 177 32 behandlas
702 577 191 31 annorledes
924 581 39 28 än
993 578 10 31 i
1031 578 233 41 sammanhang
1297 580 71 30 med
1402 580 60 31 den
1496 580 119 41 nådiga
1648 582 238 41 framställning
1914 585 10 30 i
1952 587 115 34 ämnet,

486 638 69 21 som
577 627 184 41 Riksdagen
785 628 137 32 sålunda
944 629 60 31 har
1026 631 47 29 att
1096 629 156 39 förvänta,
1277 629 187 33 hemställer
1486 631 172 40 Utskottet,

826 678 32 42 a)
882 683 48 27 att
958 680 256 31 motionärernes
1241 681 279 41 framställningar
1547 683 10 30 i
1585 683 104 32 denna
1712 684 51 32 del
1786 696 43 20 nu
1850 686 70 31 icke
1943 688 53 30 må
2019 687 46 30 till

880 731 106 39 någon
1013 730 198 41 Riksdagens
1237 733 114 39 åtgärd
1376 733 176 32 föranleda.

618 779 207 33 Beträffande
850 782 70 31 åter
942 782 38 31 de
1003 782 205 32 framställda
1231 782 163 42 förslagen
1420 785 167 40 angående
1610 786 140 41 lindring
1768 787 9 31 i
1795 787 272 32 båtsmanshållet

486 831 60 30 och
571 830 102 31 andra
695 831 255 31 försvarsverket
972 833 47 30 till
1043 833 64 40 sjöe
1131 834 138 30 rörande
1292 834 123 40 frågor;
1440 836 37 30 så
1500 839 78 28 enär
1601 837 172 31 enahanda
1797 837 80 36 skäl,
1902 848 67 21 som
1994 838 70 30 blif-

485 880 44 31 vit
552 881 135 31 anförda
709 880 50 32 för
781 881 140 42 lindring
945 883 34 31 af
997 884 176 40 roterings-
1198 885 59 30 och
1279 886 318 40 rustningsbesväret
1618 887 9 30 i
1651 888 186 39 allmänhet,
1858 888 118 41 jemväl
2000 888 67 32 tala

484 931 51 31 för
563 942 38 20 en
627 932 102 32 sådan
759 933 139 41 lindring
920 935 10 29 i
953 935 61 30 den
1043 935 160 31 särskilda
1230 936 149 40 rustning
1402 937 59 31 och
1485 938 153 40 rotering,
1661 949 68 20 som
1752 938 105 32 kallas
1882 940 183 30 båtsmans-

484 982 79 38 håll,
599 993 80 26 men,
716 985 99 39 enligt
847 985 84 30 hvad
964 985 165 31 Utskottet
1156 986 167 38 inhemtat,
1351 987 61 31 den
1440 988 181 40 utredning,
1651 999 67 20 som
1746 989 102 30 under
1874 989 131 41 ledning
2035 990 34 31 af

485 1033 112 31 chefen
630 1033 49 32 för
711 1035 114 40 Kongl.
858 1036 527 41 Landtförsvars-departementet
1418 1038 32 31 af
1476 1038 198 41 sakkunnige
1703 1043 73 28 män
1804 1051 43 20 nu
1874 1039 191 32 verkställes

485 1084 166 40 angående
675 1085 54 31 det
750 1087 42 39 på
814 1090 84 28 rote-
922 1086 60 32 och
1004 1087 197 32 rusthållare
1225 1087 147 32 hvilande
1389 1088 124 38 besvär,
1530 1090 70 31 icke
1617 1090 151 32 omfattar
1785 1090 279 39 båtsmanshållet,

483 1137 50 30 får
557 1135 173 39 Utskottet,
755 1146 67 21 som
846 1138 9 29 i
880 1137 125 31 saknad
1028 1138 35 31 af
1082 1138 173 40 utredning
1277 1150 41 20 nu
1342 1139 69 31 icke
1435 1139 64 32 kan
1521 1141 208 41 understödja
1746 1142 254 32 motionärernes
2018 1142 46 31 öf-

484 1186 79 40 riga,
589 1187 71 30 med
684 1187 270 32 båtsmanshållet
978 1190 195 39 gemenskap
1199 1189 122 40 egande
1346 1190 285 42 framställningar,
1653 1192 181 40 hemställa,

827 1241 29 37 b)
881 1241 47 28 att
950 1238 183 42 Riksdagen
1157 1239 71 31 ville
1251 1240 47 30 uti
1321 1240 202 43 underdånig
1539 1242 164 32 skrifvelse
1722 1245 140 37 anhålla,
1880 1244 54 31 det
1949 1244 113 41 Kongl.

878 1289 90 40 Maj:t
1001 1291 125 30 täcktes
1160 1290 68 31 låta
1260 1291 125 37 utreda,
1410 1302 51 20 om
1494 1294 59 30 och
1582 1296 41 37 på
1651 1295 82 30 hvad
1756 1295 101 31 vilkor
1882 1296 53 29 det
1956 1307 43 19 nu
2021 1297 43 38 på

877 1343 83 28 rote-
984 1340 59 31 och
1066 1340 195 32 rusthållare
1285 1339 148 33 hvilande
1457 1341 269 35 båtsmanshållet
1749 1346 52 31 må
1816 1345 110 32 kunna
1941 1346 122 31 lindras

879 1391 77 31 eller
991 1391 59 31 ock
1084 1391 117 31 aflösas
1235 1394 84 28 samt
1343 1392 120 40 jemväl
1489 1395 42 39 på
1560 1394 103 41 öfriga
1689 1395 282 32 samhällsklasser
1998 1398 65 31 för-

881 1440 99 39 delas,
1016 1442 164 31 äfvensom
1214 1445 54 32 att,
1304 1444 1 30 i
1333 1445 234 40 sammanhang
1602 1446 72 31 med
1708 1445 54 32 det
1789 1447 130 40 förslag,
1948 1447 114 41 Kongl.

878 1491 91 41 Maj:t
991 1491 64 32 kan
1077 1492 128 31 komma
1229 1495 47 28 att
1300 1494 48 31 till
1369 1494 182 41 Riksdagen
1579 1496 107 37 aflåta,
1709 1497 10 30 i
1742 1497 93 41 fråga
1857 1508 48 21 om
1922 1498 140 41 lindring

877 1542 78 31 eller
979 1542 157 41 aflösning
1160 1543 36 31 af
1213 1545 179 40 rustnings-
1421 1546 59 31 och
1507 1548 313 39 roteringsbesväret
1842 1549 10 30 i
1876 1548 185 39 allmänhet,

876 1593 114 40 Kongl.
1016 1593 89 41 Maj:t
1128 1593 125 32 täcktes
1276 1595 120 33 föreslå
1420 1597 160 40 åtgärder,
1600 1598 136 31 ledande
1754 1599 105 31 dertill
1876 1602 46 29 att
1937 1600 124 32 likstäl-

877 1643 101 41 lighet
1011 1644 72 31 med
1111 1644 37 31 de
1178 1645 99 39 öfrige
1306 1649 84 28 rust-
1420 1648 59 31 och
1507 1648 195 33 rotehållare
1725 1650 11 30 i
1760 1650 89 32 detta
1877 1651 183 31 hänseende

875 1696 53 30 må
950 1694 39 31 de
1014 1695 397 43 båtsmanshållsskyldige
1435 1698 146 32 beredas.

615 1785 184 32 Stockholm
825 1787 60 31 den
909 1790 38 29 23
970 1788 89 40 April
1080 1790 88 30 1868.

1069 1882 46 32 På
1137 1883 179 32 Utskottets
1340 1888 119 37 vägnar

1094 1980 76 28 Arv.
1200 1977 117 30 Fr:son
1340 1978 111 31 Posse.

908 2196 171 30 Stockholm
1106 2198 84 28 1868.
1235 2198 406 38 Associations-Tryckeriet.
