<?xml version="1.0" encoding="UTF-8"?>
<alto xmlns="http://www.loc.gov/standards/alto/ns-v3#" xmlns:xlink="http://www.w3.org/1999/xlink" xmlns:xsi="http://www.w3.org/2001/XMLSchema-instance" xsi:schemaLocation="http://www.loc.gov/standards/alto/ns-v3# http://www.loc.gov/alto/v3/alto-3-0.xsd">
	<Description>
		<MeasurementUnit>pixel</MeasurementUnit>
		<sourceImageInformation>
			<fileName>/tmp/tess_l_l9v5l6_input.PNG</fileName>
		</sourceImageInformation>
		<OCRProcessing ID="OCR_0">
			<ocrProcessingStep>
				<processingSoftware>
					<softwareName>tesseract 5.3.0</softwareName>
				</processingSoftware>
			</ocrProcessingStep>
		</OCRProcessing>
	</Description>
	<Layout>
		<Page WIDTH="2192" HEIGHT="2622" PHYSICAL_IMG_NR="0" ID="page_0">
			<PrintSpace HPOS="0" VPOS="0" WIDTH="2192" HEIGHT="2622">
				<ComposedBlock ID="cblock_0" HPOS="689" VPOS="147" WIDTH="1045" HEIGHT="47">
					<TextBlock ID="block_0" HPOS="689" VPOS="147" WIDTH="1045" HEIGHT="47">
						<TextLine ID="line_0" HPOS="689" VPOS="147" WIDTH="1045" HEIGHT="47">
							<String ID="string_0" HPOS="689" VPOS="153" WIDTH="226" HEIGHT="41" WC="0.89" CONTENT="Lagutskottets"/><SP WIDTH="24" VPOS="153" HPOS="915"/>
							<String ID="string_1" HPOS="939" VPOS="151" WIDTH="164" HEIGHT="30" WC="0.95" CONTENT="utlåtande"/><SP WIDTH="25" VPOS="151" HPOS="1103"/>
							<String ID="string_2" HPOS="1128" VPOS="149" WIDTH="50" HEIGHT="30" WC="0.44" CONTENT="Vr"/><SP WIDTH="24" VPOS="149" HPOS="1178"/>
							<String ID="string_3" HPOS="1202" VPOS="150" WIDTH="51" HEIGHT="30" WC="0.65" CONTENT="565."/><SP WIDTH="450" VPOS="150" HPOS="1253"/>
							<String ID="string_4" HPOS="1703" VPOS="147" WIDTH="31" HEIGHT="29" WC="0.82" CONTENT="Mi"/>
						</TextLine>
					</TextBlock>
				</ComposedBlock>
				<ComposedBlock ID="cblock_1" HPOS="168" VPOS="235" WIDTH="1618" HEIGHT="1059">
					<TextBlock ID="block_1" HPOS="168" VPOS="235" WIDTH="1614" HEIGHT="446">
						<TextLine ID="line_1" HPOS="171" VPOS="235" WIDTH="1607" HEIGHT="54">
							<String ID="string_5" HPOS="171" VPOS="246" WIDTH="197" HEIGHT="43" WC="0.96" CONTENT="betydelse,"/><SP WIDTH="29" VPOS="246" HPOS="368"/>
							<String ID="string_6" HPOS="397" VPOS="247" WIDTH="90" HEIGHT="31" WC="0.96" CONTENT="enär"/><SP WIDTH="29" VPOS="247" HPOS="487"/>
							<String ID="string_7" HPOS="516" VPOS="245" WIDTH="10" HEIGHT="32" WC="0.96" CONTENT="i"/><SP WIDTH="28" VPOS="245" HPOS="526"/>
							<String ID="string_8" HPOS="554" VPOS="244" WIDTH="144" HEIGHT="33" WC="0.96" CONTENT="sådana"/><SP WIDTH="24" VPOS="244" HPOS="698"/>
							<String ID="string_9" HPOS="722" VPOS="242" WIDTH="77" HEIGHT="42" WC="0.96" CONTENT="fall,"/><SP WIDTH="22" VPOS="242" HPOS="799"/>
							<String ID="string_10" HPOS="821" VPOS="241" WIDTH="48" HEIGHT="33" WC="0.96" CONTENT="då"/><SP WIDTH="20" VPOS="241" HPOS="869"/>
							<String ID="string_11" HPOS="889" VPOS="240" WIDTH="241" HEIGHT="44" WC="0.96" CONTENT="uppsägning"/><SP WIDTH="20" VPOS="240" HPOS="1130"/>
							<String ID="string_12" HPOS="1150" VPOS="238" WIDTH="133" HEIGHT="34" WC="0.93" CONTENT="endast"/><SP WIDTH="19" VPOS="238" HPOS="1283"/>
							<String ID="string_13" HPOS="1302" VPOS="237" WIDTH="146" HEIGHT="43" WC="0.83" CONTENT="äsyftar"/><SP WIDTH="19" VPOS="237" HPOS="1448"/>
							<String ID="string_14" HPOS="1467" VPOS="235" WIDTH="311" HEIGHT="44" WC="0.88" CONTENT="hyresreglering,"/>
						</TextLine>
						<TextLine ID="line_2" HPOS="169" VPOS="286" WIDTH="1612" HEIGHT="54">
							<String ID="string_15" HPOS="169" VPOS="295" WIDTH="344" HEIGHT="45" WC="0.87" CONTENT="hyresnämnderna"/><SP WIDTH="40" VPOS="295" HPOS="513"/>
							<String ID="string_16" HPOS="553" VPOS="305" WIDTH="80" HEIGHT="22" WC="0.95" CONTENT="som"/><SP WIDTH="41" VPOS="305" HPOS="633"/>
							<String ID="string_17" HPOS="674" VPOS="293" WIDTH="98" HEIGHT="42" WC="0.95" CONTENT="regel"/><SP WIDTH="42" VPOS="293" HPOS="772"/>
							<String ID="string_18" HPOS="814" VPOS="293" WIDTH="80" HEIGHT="32" WC="0.90" CONTENT="lära"/><SP WIDTH="40" VPOS="293" HPOS="894"/>
							<String ID="string_19" HPOS="934" VPOS="290" WIDTH="179" HEIGHT="34" WC="0.90" CONTENT="avfordra"/><SP WIDTH="28" VPOS="290" HPOS="1113"/>
							<String ID="string_20" HPOS="1141" VPOS="288" WIDTH="302" HEIGHT="44" WC="0.96" CONTENT="hyresvärdarna"/><SP WIDTH="26" VPOS="288" HPOS="1443"/>
							<String ID="string_21" HPOS="1469" VPOS="286" WIDTH="228" HEIGHT="34" WC="0.96" CONTENT="förbindelse"/><SP WIDTH="28" VPOS="286" HPOS="1697"/>
							<String ID="string_22" HPOS="1725" VPOS="288" WIDTH="56" HEIGHT="31" WC="0.96" CONTENT="att"/>
						</TextLine>
						<TextLine ID="line_3" HPOS="169" VPOS="336" WIDTH="1609" HEIGHT="53">
							<String ID="string_23" HPOS="169" VPOS="347" WIDTH="74" HEIGHT="34" WC="0.96" CONTENT="låta"/><SP WIDTH="29" VPOS="347" HPOS="243"/>
							<String ID="string_24" HPOS="272" VPOS="347" WIDTH="196" HEIGHT="42" WC="0.93" CONTENT="hyresgäst"/><SP WIDTH="28" VPOS="347" HPOS="468"/>
							<String ID="string_25" HPOS="496" VPOS="345" WIDTH="140" HEIGHT="33" WC="0.92" CONTENT="kvarbo"/><SP WIDTH="29" VPOS="345" HPOS="636"/>
							<String ID="string_26" HPOS="665" VPOS="346" WIDTH="77" HEIGHT="31" WC="0.96" CONTENT="mot"/><SP WIDTH="27" VPOS="346" HPOS="742"/>
							<String ID="string_27" HPOS="769" VPOS="343" WIDTH="70" HEIGHT="33" WC="0.96" CONTENT="den"/><SP WIDTH="30" VPOS="343" HPOS="839"/>
							<String ID="string_28" HPOS="869" VPOS="342" WIDTH="113" HEIGHT="42" WC="0.96" CONTENT="högre"/><SP WIDTH="30" VPOS="342" HPOS="982"/>
							<String ID="string_29" HPOS="1012" VPOS="341" WIDTH="105" HEIGHT="42" WC="0.96" CONTENT="hyra,"/><SP WIDTH="29" VPOS="341" HPOS="1117"/>
							<String ID="string_30" HPOS="1146" VPOS="351" WIDTH="129" HEIGHT="22" WC="0.96" CONTENT="varom"/><SP WIDTH="29" VPOS="351" HPOS="1275"/>
							<String ID="string_31" HPOS="1304" VPOS="339" WIDTH="99" HEIGHT="33" WC="0.95" CONTENT="avtal"/><SP WIDTH="31" VPOS="339" HPOS="1403"/>
							<String ID="string_32" HPOS="1434" VPOS="337" WIDTH="134" HEIGHT="34" WC="0.96" CONTENT="träffas"/><SP WIDTH="25" VPOS="337" HPOS="1568"/>
							<String ID="string_33" HPOS="1593" VPOS="336" WIDTH="88" HEIGHT="34" WC="0.96" CONTENT="eller"/><SP WIDTH="19" VPOS="336" HPOS="1681"/>
							<String ID="string_34" HPOS="1700" VPOS="346" WIDTH="78" HEIGHT="22" WC="0.96" CONTENT="som"/>
						</TextLine>
						<TextLine ID="line_4" HPOS="168" VPOS="387" WIDTH="1613" HEIGHT="50">
							<String ID="string_35" HPOS="168" VPOS="397" WIDTH="203" HEIGHT="34" WC="0.95" CONTENT="eventuellt"/><SP WIDTH="39" VPOS="397" HPOS="371"/>
							<String ID="string_36" HPOS="410" VPOS="407" WIDTH="47" HEIGHT="22" WC="0.96" CONTENT="av"/><SP WIDTH="42" VPOS="407" HPOS="457"/>
							<String ID="string_37" HPOS="499" VPOS="393" WIDTH="304" HEIGHT="44" WC="0.96" CONTENT="hyresnämnden"/><SP WIDTH="42" VPOS="393" HPOS="803"/>
							<String ID="string_38" HPOS="845" VPOS="393" WIDTH="236" HEIGHT="33" WC="0.96" CONTENT="bestämmes."/><SP WIDTH="55" VPOS="393" HPOS="1081"/>
							<String ID="string_39" HPOS="1136" VPOS="389" WIDTH="127" HEIGHT="34" WC="0.86" CONTENT="Skulle"/><SP WIDTH="41" VPOS="389" HPOS="1263"/>
							<String ID="string_40" HPOS="1304" VPOS="389" WIDTH="71" HEIGHT="33" WC="0.96" CONTENT="den"/><SP WIDTH="42" VPOS="389" HPOS="1375"/>
							<String ID="string_41" HPOS="1417" VPOS="387" WIDTH="148" HEIGHT="43" WC="0.96" CONTENT="garanti"/><SP WIDTH="29" VPOS="387" HPOS="1565"/>
							<String ID="string_42" HPOS="1594" VPOS="387" WIDTH="57" HEIGHT="33" WC="0.95" CONTENT="för"/><SP WIDTH="28" VPOS="387" HPOS="1651"/>
							<String ID="string_43" HPOS="1679" VPOS="397" WIDTH="102" HEIGHT="22" WC="0.95" CONTENT="mera"/>
						</TextLine>
						<TextLine ID="line_5" HPOS="169" VPOS="437" WIDTH="1610" HEIGHT="53">
							<String ID="string_44" HPOS="169" VPOS="447" WIDTH="194" HEIGHT="43" WC="0.90" CONTENT="sorgfällig"/><SP WIDTH="39" VPOS="447" HPOS="363"/>
							<String ID="string_45" HPOS="402" VPOS="446" WIDTH="199" HEIGHT="43" WC="0.96" CONTENT="prövning,"/><SP WIDTH="43" VPOS="446" HPOS="601"/>
							<String ID="string_46" HPOS="644" VPOS="455" WIDTH="78" HEIGHT="22" WC="0.96" CONTENT="som"/><SP WIDTH="30" VPOS="455" HPOS="722"/>
							<String ID="string_47" HPOS="752" VPOS="443" WIDTH="71" HEIGHT="34" WC="0.96" CONTENT="den"/><SP WIDTH="29" VPOS="443" HPOS="823"/>
							<String ID="string_48" HPOS="852" VPOS="454" WIDTH="50" HEIGHT="21" WC="0.96" CONTENT="nu"/><SP WIDTH="30" VPOS="454" HPOS="902"/>
							<String ID="string_49" HPOS="932" VPOS="441" WIDTH="175" HEIGHT="44" WC="0.95" CONTENT="gällande"/><SP WIDTH="28" VPOS="441" HPOS="1107"/>
							<String ID="string_50" HPOS="1135" VPOS="440" WIDTH="285" HEIGHT="33" WC="0.96" CONTENT="bestämmelsen"/><SP WIDTH="30" VPOS="440" HPOS="1420"/>
							<String ID="string_51" HPOS="1450" VPOS="437" WIDTH="195" HEIGHT="42" WC="0.93" CONTENT="onekligen"/><SP WIDTH="30" VPOS="437" HPOS="1645"/>
							<String ID="string_52" HPOS="1675" VPOS="437" WIDTH="104" HEIGHT="32" WC="0.92" CONTENT="inne-"/>
						</TextLine>
						<TextLine ID="line_6" HPOS="170" VPOS="486" WIDTH="1611" HEIGHT="53">
							<String ID="string_53" HPOS="170" VPOS="499" WIDTH="74" HEIGHT="40" WC="0.95" CONTENT="bär,"/><SP WIDTH="37" VPOS="499" HPOS="244"/>
							<String ID="string_54" HPOS="281" VPOS="508" WIDTH="109" HEIGHT="22" WC="0.96" CONTENT="anses"/><SP WIDTH="29" VPOS="508" HPOS="390"/>
							<String ID="string_55" HPOS="419" VPOS="495" WIDTH="128" HEIGHT="34" WC="0.96" CONTENT="alltför"/><SP WIDTH="28" VPOS="495" HPOS="547"/>
							<String ID="string_56" HPOS="575" VPOS="495" WIDTH="85" HEIGHT="33" WC="0.96" CONTENT="hårt"/><SP WIDTH="27" VPOS="495" HPOS="660"/>
							<String ID="string_57" HPOS="687" VPOS="497" WIDTH="118" HEIGHT="39" WC="0.96" CONTENT="tynga"/><SP WIDTH="28" VPOS="497" HPOS="805"/>
							<String ID="string_58" HPOS="833" VPOS="504" WIDTH="45" HEIGHT="22" WC="0.96" CONTENT="en"/><SP WIDTH="29" VPOS="504" HPOS="878"/>
							<String ID="string_59" HPOS="907" VPOS="492" WIDTH="59" HEIGHT="33" WC="0.93" CONTENT="del"/><SP WIDTH="30" VPOS="492" HPOS="966"/>
							<String ID="string_60" HPOS="996" VPOS="490" WIDTH="316" HEIGHT="43" WC="0.91" CONTENT="hyresnämnders"/><SP WIDTH="29" VPOS="490" HPOS="1312"/>
							<String ID="string_61" HPOS="1341" VPOS="487" WIDTH="254" HEIGHT="41" WC="0.96" CONTENT="arbetsbörda,"/><SP WIDTH="30" VPOS="487" HPOS="1595"/>
							<String ID="string_62" HPOS="1625" VPOS="486" WIDTH="41" HEIGHT="34" WC="0.93" CONTENT="så"/><SP WIDTH="27" VPOS="486" HPOS="1666"/>
							<String ID="string_63" HPOS="1693" VPOS="497" WIDTH="88" HEIGHT="22" WC="0.90" CONTENT="vore"/>
						</TextLine>
						<TextLine ID="line_7" HPOS="168" VPOS="537" WIDTH="1614" HEIGHT="50">
							<String ID="string_64" HPOS="168" VPOS="548" WIDTH="62" HEIGHT="33" WC="0.96" CONTENT="det"/><SP WIDTH="40" VPOS="548" HPOS="230"/>
							<String ID="string_65" HPOS="270" VPOS="546" WIDTH="209" HEIGHT="41" WC="0.95" CONTENT="säkerligen"/><SP WIDTH="39" VPOS="546" HPOS="479"/>
							<String ID="string_66" HPOS="518" VPOS="544" WIDTH="221" HEIGHT="42" WC="0.96" CONTENT="lämpligare"/><SP WIDTH="41" VPOS="544" HPOS="739"/>
							<String ID="string_67" HPOS="780" VPOS="545" WIDTH="55" HEIGHT="31" WC="0.96" CONTENT="att"/><SP WIDTH="40" VPOS="545" HPOS="835"/>
							<String ID="string_68" HPOS="875" VPOS="543" WIDTH="70" HEIGHT="32" WC="0.96" CONTENT="öka"/><SP WIDTH="37" VPOS="543" HPOS="945"/>
							<String ID="string_69" HPOS="982" VPOS="541" WIDTH="103" HEIGHT="33" WC="0.96" CONTENT="tiden"/><SP WIDTH="29" VPOS="541" HPOS="1085"/>
							<String ID="string_70" HPOS="1114" VPOS="540" WIDTH="58" HEIGHT="33" WC="0.93" CONTENT="för"/><SP WIDTH="28" VPOS="540" HPOS="1172"/>
							<String ID="string_71" HPOS="1200" VPOS="538" WIDTH="273" HEIGHT="44" WC="0.91" CONTENT="hyresvärdens"/><SP WIDTH="28" VPOS="538" HPOS="1473"/>
							<String ID="string_72" HPOS="1501" VPOS="537" WIDTH="281" HEIGHT="41" WC="0.96" CONTENT="framställning"/>
						</TextLine>
						<TextLine ID="line_8" HPOS="168" VPOS="586" WIDTH="1610" HEIGHT="50">
							<String ID="string_73" HPOS="168" VPOS="597" WIDTH="82" HEIGHT="34" WC="0.96" CONTENT="från"/><SP WIDTH="44" VPOS="597" HPOS="250"/>
							<String ID="string_74" HPOS="294" VPOS="597" WIDTH="46" HEIGHT="32" WC="0.94" CONTENT="20"/><SP WIDTH="40" VPOS="597" HPOS="340"/>
							<String ID="string_75" HPOS="380" VPOS="596" WIDTH="56" HEIGHT="33" WC="0.96" CONTENT="till"/><SP WIDTH="33" VPOS="596" HPOS="436"/>
							<String ID="string_76" HPOS="469" VPOS="593" WIDTH="226" HEIGHT="43" WC="0.96" CONTENT="exempelvis"/><SP WIDTH="29" VPOS="593" HPOS="695"/>
							<String ID="string_77" HPOS="724" VPOS="593" WIDTH="47" HEIGHT="33" WC="0.96" CONTENT="30"/><SP WIDTH="28" VPOS="593" HPOS="771"/>
							<String ID="string_78" HPOS="799" VPOS="592" WIDTH="118" HEIGHT="41" WC="0.96" CONTENT="dagar"/><SP WIDTH="27" VPOS="592" HPOS="917"/>
							<String ID="string_79" HPOS="944" VPOS="591" WIDTH="79" HEIGHT="33" WC="0.96" CONTENT="före"/><SP WIDTH="28" VPOS="591" HPOS="1023"/>
							<String ID="string_80" HPOS="1051" VPOS="590" WIDTH="72" HEIGHT="33" WC="0.96" CONTENT="den"/><SP WIDTH="30" VPOS="590" HPOS="1123"/>
							<String ID="string_81" HPOS="1153" VPOS="589" WIDTH="84" HEIGHT="43" WC="0.96" CONTENT="dag,"/><SP WIDTH="30" VPOS="589" HPOS="1237"/>
							<String ID="string_82" HPOS="1267" VPOS="589" WIDTH="49" HEIGHT="33" WC="0.96" CONTENT="då"/><SP WIDTH="27" VPOS="589" HPOS="1316"/>
							<String ID="string_83" HPOS="1343" VPOS="587" WIDTH="242" HEIGHT="43" WC="0.96" CONTENT="uppsägning"/><SP WIDTH="27" VPOS="587" HPOS="1585"/>
							<String ID="string_84" HPOS="1612" VPOS="587" WIDTH="69" HEIGHT="32" WC="0.96" CONTENT="sist"/><SP WIDTH="26" VPOS="587" HPOS="1681"/>
							<String ID="string_85" HPOS="1707" VPOS="586" WIDTH="71" HEIGHT="33" WC="0.96" CONTENT="kan"/>
						</TextLine>
						<TextLine ID="line_9" HPOS="169" VPOS="648" WIDTH="91" HEIGHT="33">
							<String ID="string_86" HPOS="169" VPOS="648" WIDTH="91" HEIGHT="33" WC="0.84" CONTENT="ske.&gt;"/>
						</TextLine>
					</TextBlock>
					<TextBlock ID="block_2" HPOS="169" VPOS="685" WIDTH="1617" HEIGHT="609">
						<TextLine ID="line_10" HPOS="301" VPOS="685" WIDTH="1479" HEIGHT="48">
							<String ID="string_87" HPOS="301" VPOS="696" WIDTH="192" HEIGHT="35" WC="0.96" CONTENT="Utskottet"/><SP WIDTH="27" VPOS="696" HPOS="493"/>
							<String ID="string_88" HPOS="520" VPOS="694" WIDTH="121" HEIGHT="34" WC="0.96" CONTENT="finner"/><SP WIDTH="27" VPOS="694" HPOS="641"/>
							<String ID="string_89" HPOS="668" VPOS="693" WIDTH="104" HEIGHT="34" WC="0.93" CONTENT="detta"/><SP WIDTH="28" VPOS="693" HPOS="772"/>
							<String ID="string_90" HPOS="800" VPOS="692" WIDTH="299" HEIGHT="34" WC="0.91" CONTENT="motionärernas"/><SP WIDTH="29" VPOS="692" HPOS="1099"/>
							<String ID="string_91" HPOS="1128" VPOS="689" WIDTH="175" HEIGHT="44" WC="0.96" CONTENT="yttrande"/><SP WIDTH="28" VPOS="689" HPOS="1303"/>
							<String ID="string_92" HPOS="1331" VPOS="689" WIDTH="41" HEIGHT="32" WC="0.92" CONTENT="sa"/><SP WIDTH="27" VPOS="689" HPOS="1372"/>
							<String ID="string_93" HPOS="1399" VPOS="686" WIDTH="149" HEIGHT="34" WC="0.96" CONTENT="tillvida"/><SP WIDTH="20" VPOS="686" HPOS="1548"/>
							<String ID="string_94" HPOS="1568" VPOS="685" WIDTH="212" HEIGHT="43" WC="0.96" CONTENT="berättigat,"/>
						</TextLine>
						<TextLine ID="line_11" HPOS="169" VPOS="735" WIDTH="1610" HEIGHT="54">
							<String ID="string_95" HPOS="169" VPOS="760" WIDTH="78" HEIGHT="22" WC="0.96" CONTENT="som"/><SP WIDTH="29" VPOS="760" HPOS="247"/>
							<String ID="string_96" HPOS="276" VPOS="747" WIDTH="63" HEIGHT="34" WC="0.96" CONTENT="det"/><SP WIDTH="27" VPOS="747" HPOS="339"/>
							<String ID="string_97" HPOS="366" VPOS="757" WIDTH="111" HEIGHT="32" WC="0.96" CONTENT="synes"/><SP WIDTH="28" VPOS="757" HPOS="477"/>
							<String ID="string_98" HPOS="505" VPOS="745" WIDTH="183" HEIGHT="33" WC="0.96" CONTENT="utskottet"/><SP WIDTH="27" VPOS="745" HPOS="688"/>
							<String ID="string_99" HPOS="715" VPOS="743" WIDTH="147" HEIGHT="34" WC="0.96" CONTENT="mindre"/><SP WIDTH="27" VPOS="743" HPOS="862"/>
							<String ID="string_100" HPOS="889" VPOS="741" WIDTH="212" HEIGHT="35" WC="0.96" CONTENT="tilltalande"/><SP WIDTH="29" VPOS="741" HPOS="1101"/>
							<String ID="string_101" HPOS="1130" VPOS="743" WIDTH="55" HEIGHT="31" WC="0.96" CONTENT="att"/><SP WIDTH="27" VPOS="743" HPOS="1185"/>
							<String ID="string_102" HPOS="1212" VPOS="740" WIDTH="114" HEIGHT="42" WC="0.96" CONTENT="knyta"/><SP WIDTH="29" VPOS="740" HPOS="1326"/>
							<String ID="string_103" HPOS="1355" VPOS="739" WIDTH="76" HEIGHT="33" WC="0.96" CONTENT="viss"/><SP WIDTH="27" VPOS="739" HPOS="1431"/>
							<String ID="string_104" HPOS="1458" VPOS="736" WIDTH="239" HEIGHT="35" WC="0.95" CONTENT="rättsverkan"/><SP WIDTH="29" VPOS="736" HPOS="1697"/>
							<String ID="string_105" HPOS="1726" VPOS="735" WIDTH="53" HEIGHT="34" WC="0.96" CONTENT="till"/>
						</TextLine>
						<TextLine ID="line_12" HPOS="170" VPOS="785" WIDTH="1612" HEIGHT="57">
							<String ID="string_106" HPOS="170" VPOS="796" WIDTH="273" HEIGHT="46" WC="0.91" CONTENT="hyresnämnds"/><SP WIDTH="28" VPOS="796" HPOS="443"/>
							<String ID="string_107" HPOS="471" VPOS="794" WIDTH="280" HEIGHT="35" WC="0.91" CONTENT="uraktlåtenhet"/><SP WIDTH="28" VPOS="794" HPOS="751"/>
							<String ID="string_108" HPOS="779" VPOS="796" WIDTH="56" HEIGHT="31" WC="0.96" CONTENT="att"/><SP WIDTH="26" VPOS="796" HPOS="835"/>
							<String ID="string_109" HPOS="861" VPOS="792" WIDTH="98" HEIGHT="34" WC="0.96" CONTENT="fatta"/><SP WIDTH="27" VPOS="792" HPOS="959"/>
							<String ID="string_110" HPOS="986" VPOS="792" WIDTH="124" HEIGHT="33" WC="0.96" CONTENT="beslut"/><SP WIDTH="27" VPOS="792" HPOS="1110"/>
							<String ID="string_111" HPOS="1137" VPOS="791" WIDTH="11" HEIGHT="33" WC="0.96" CONTENT="i"/><SP WIDTH="23" VPOS="791" HPOS="1148"/>
							<String ID="string_112" HPOS="1171" VPOS="790" WIDTH="151" HEIGHT="34" WC="0.96" CONTENT="särskilt"/><SP WIDTH="19" VPOS="790" HPOS="1322"/>
							<String ID="string_113" HPOS="1341" VPOS="788" WIDTH="149" HEIGHT="34" WC="0.96" CONTENT="ärende."/><SP WIDTH="55" VPOS="788" HPOS="1490"/>
							<String ID="string_114" HPOS="1545" VPOS="786" WIDTH="116" HEIGHT="43" WC="0.93" CONTENT="Varje"/><SP WIDTH="20" VPOS="786" HPOS="1661"/>
							<String ID="string_115" HPOS="1681" VPOS="785" WIDTH="101" HEIGHT="35" WC="0.90" CONTENT="stad-"/>
						</TextLine>
						<TextLine ID="line_13" HPOS="170" VPOS="837" WIDTH="1611" HEIGHT="55">
							<String ID="string_116" HPOS="170" VPOS="848" WIDTH="122" HEIGHT="44" WC="0.96" CONTENT="gande"/><SP WIDTH="28" VPOS="848" HPOS="292"/>
							<String ID="string_117" HPOS="320" VPOS="847" WIDTH="129" HEIGHT="34" WC="0.96" CONTENT="därom"/><SP WIDTH="29" VPOS="847" HPOS="449"/>
							<String ID="string_118" HPOS="478" VPOS="856" WIDTH="111" HEIGHT="33" WC="0.96" CONTENT="synes"/><SP WIDTH="28" VPOS="856" HPOS="589"/>
							<String ID="string_119" HPOS="617" VPOS="845" WIDTH="11" HEIGHT="33" WC="0.96" CONTENT="i"/><SP WIDTH="29" VPOS="845" HPOS="628"/>
							<String ID="string_120" HPOS="657" VPOS="844" WIDTH="123" HEIGHT="43" WC="0.96" CONTENT="själva"/><SP WIDTH="28" VPOS="844" HPOS="780"/>
							<String ID="string_121" HPOS="808" VPOS="843" WIDTH="128" HEIGHT="34" WC="0.96" CONTENT="verket"/><SP WIDTH="27" VPOS="843" HPOS="936"/>
							<String ID="string_122" HPOS="963" VPOS="842" WIDTH="129" HEIGHT="33" WC="0.96" CONTENT="kunna"/><SP WIDTH="27" VPOS="842" HPOS="1092"/>
							<String ID="string_123" HPOS="1119" VPOS="840" WIDTH="196" HEIGHT="35" WC="0.96" CONTENT="föranleda"/><SP WIDTH="23" VPOS="840" HPOS="1315"/>
							<String ID="string_124" HPOS="1338" VPOS="839" WIDTH="71" HEIGHT="34" WC="0.96" CONTENT="den"/><SP WIDTH="22" VPOS="839" HPOS="1409"/>
							<String ID="string_125" HPOS="1431" VPOS="837" WIDTH="350" HEIGHT="43" WC="0.96" CONTENT="missuppfattning,"/>
						</TextLine>
						<TextLine ID="line_14" HPOS="170" VPOS="886" WIDTH="1612" HEIGHT="55">
							<String ID="string_126" HPOS="170" VPOS="902" WIDTH="55" HEIGHT="31" WC="0.93" CONTENT="att"/><SP WIDTH="27" VPOS="902" HPOS="225"/>
							<String ID="string_127" HPOS="252" VPOS="896" WIDTH="348" HEIGHT="45" WC="0.92" CONTENT="hyresnämnderna"/><SP WIDTH="28" VPOS="896" HPOS="600"/>
							<String ID="string_128" HPOS="628" VPOS="895" WIDTH="118" HEIGHT="33" WC="0.95" CONTENT="skulle"/><SP WIDTH="28" VPOS="895" HPOS="746"/>
							<String ID="string_129" HPOS="774" VPOS="897" WIDTH="72" HEIGHT="40" WC="0.96" CONTENT="äga"/><SP WIDTH="28" VPOS="897" HPOS="846"/>
							<String ID="string_130" HPOS="874" VPOS="896" WIDTH="54" HEIGHT="31" WC="0.93" CONTENT="att"/><SP WIDTH="20" VPOS="896" HPOS="928"/>
							<String ID="string_131" HPOS="948" VPOS="891" WIDTH="249" HEIGHT="43" WC="0.91" CONTENT="undandraga"/><SP WIDTH="24" VPOS="891" HPOS="1197"/>
							<String ID="string_132" HPOS="1221" VPOS="891" WIDTH="57" HEIGHT="42" WC="0.96" CONTENT="sig"/><SP WIDTH="19" VPOS="891" HPOS="1278"/>
							<String ID="string_133" HPOS="1297" VPOS="892" WIDTH="55" HEIGHT="31" WC="0.96" CONTENT="att"/><SP WIDTH="18" VPOS="892" HPOS="1352"/>
							<String ID="string_134" HPOS="1370" VPOS="889" WIDTH="97" HEIGHT="33" WC="0.96" CONTENT="fatta"/><SP WIDTH="20" VPOS="889" HPOS="1467"/>
							<String ID="string_135" HPOS="1487" VPOS="888" WIDTH="121" HEIGHT="33" WC="0.96" CONTENT="beslut"/><SP WIDTH="18" VPOS="888" HPOS="1608"/>
							<String ID="string_136" HPOS="1626" VPOS="888" WIDTH="12" HEIGHT="32" WC="0.96" CONTENT="i"/><SP WIDTH="20" VPOS="888" HPOS="1638"/>
							<String ID="string_137" HPOS="1658" VPOS="886" WIDTH="124" HEIGHT="44" WC="0.96" CONTENT="någon"/>
						</TextLine>
						<TextLine ID="line_15" HPOS="170" VPOS="937" WIDTH="1613" HEIGHT="52">
							<String ID="string_138" HPOS="170" VPOS="949" WIDTH="59" HEIGHT="34" WC="0.96" CONTENT="del"/><SP WIDTH="19" VPOS="949" HPOS="229"/>
							<String ID="string_139" HPOS="248" VPOS="960" WIDTH="48" HEIGHT="22" WC="0.96" CONTENT="av"/><SP WIDTH="19" VPOS="960" HPOS="296"/>
							<String ID="string_140" HPOS="315" VPOS="947" WIDTH="45" HEIGHT="34" WC="0.96" CONTENT="de"/><SP WIDTH="19" VPOS="947" HPOS="360"/>
							<String ID="string_141" HPOS="379" VPOS="946" WIDTH="138" HEIGHT="43" WC="0.96" CONTENT="frågor,"/><SP WIDTH="21" VPOS="946" HPOS="517"/>
							<String ID="string_142" HPOS="538" VPOS="956" WIDTH="80" HEIGHT="23" WC="0.93" CONTENT="som"/><SP WIDTH="20" VPOS="956" HPOS="618"/>
							<String ID="string_143" HPOS="638" VPOS="943" WIDTH="232" HEIGHT="42" WC="0.92" CONTENT="hänskjutits"/><SP WIDTH="20" VPOS="943" HPOS="870"/>
							<String ID="string_144" HPOS="890" VPOS="943" WIDTH="56" HEIGHT="33" WC="0.96" CONTENT="till"/><SP WIDTH="20" VPOS="943" HPOS="946"/>
							<String ID="string_145" HPOS="966" VPOS="941" WIDTH="211" HEIGHT="35" WC="0.96" CONTENT="nämndens"/><SP WIDTH="19" VPOS="941" HPOS="1177"/>
							<String ID="string_146" HPOS="1196" VPOS="940" WIDTH="197" HEIGHT="43" WC="0.96" CONTENT="prövning."/><SP WIDTH="43" VPOS="940" HPOS="1393"/>
							<String ID="string_147" HPOS="1436" VPOS="938" WIDTH="50" HEIGHT="34" WC="0.89" CONTENT="Så"/><SP WIDTH="19" VPOS="938" HPOS="1486"/>
							<String ID="string_148" HPOS="1505" VPOS="937" WIDTH="147" HEIGHT="34" WC="0.96" CONTENT="tillvida"/><SP WIDTH="20" VPOS="937" HPOS="1652"/>
							<String ID="string_149" HPOS="1672" VPOS="947" WIDTH="111" HEIGHT="32" WC="0.96" CONTENT="synes"/>
						</TextLine>
						<TextLine ID="line_16" HPOS="171" VPOS="988" WIDTH="1611" HEIGHT="52">
							<String ID="string_150" HPOS="171" VPOS="999" WIDTH="63" HEIGHT="34" WC="0.96" CONTENT="det"/><SP WIDTH="25" VPOS="999" HPOS="234"/>
							<String ID="string_151" HPOS="259" VPOS="999" WIDTH="14" HEIGHT="33" WC="0.96" CONTENT="i"/><SP WIDTH="27" VPOS="999" HPOS="273"/>
							<String ID="string_152" HPOS="300" VPOS="996" WIDTH="175" HEIGHT="44" WC="0.96" CONTENT="gällande"/><SP WIDTH="28" VPOS="996" HPOS="475"/>
							<String ID="string_153" HPOS="503" VPOS="996" WIDTH="63" HEIGHT="42" WC="0.96" CONTENT="lag"/><SP WIDTH="27" VPOS="996" HPOS="566"/>
							<String ID="string_154" HPOS="593" VPOS="995" WIDTH="114" HEIGHT="43" WC="0.93" CONTENT="givna"/><SP WIDTH="28" VPOS="995" HPOS="707"/>
							<String ID="string_155" HPOS="735" VPOS="992" WIDTH="227" HEIGHT="44" WC="0.92" CONTENT="stadgandet"/><SP WIDTH="27" VPOS="992" HPOS="962"/>
							<String ID="string_156" HPOS="989" VPOS="992" WIDTH="182" HEIGHT="33" WC="0.96" CONTENT="innebära"/><SP WIDTH="27" VPOS="992" HPOS="1171"/>
							<String ID="string_157" HPOS="1198" VPOS="993" WIDTH="102" HEIGHT="31" WC="0.96" CONTENT="ännu"/><SP WIDTH="29" VPOS="993" HPOS="1300"/>
							<String ID="string_158" HPOS="1329" VPOS="992" WIDTH="118" HEIGHT="31" WC="0.96" CONTENT="större"/><SP WIDTH="28" VPOS="992" HPOS="1447"/>
							<String ID="string_159" HPOS="1475" VPOS="988" WIDTH="241" HEIGHT="42" WC="0.96" CONTENT="olägenheter"/><SP WIDTH="19" VPOS="988" HPOS="1716"/>
							<String ID="string_160" HPOS="1735" VPOS="989" WIDTH="47" HEIGHT="30" WC="0.96" CONTENT="än"/>
						</TextLine>
						<TextLine ID="line_17" HPOS="172" VPOS="1037" WIDTH="1612" HEIGHT="54">
							<String ID="string_161" HPOS="172" VPOS="1049" WIDTH="62" HEIGHT="34" WC="0.96" CONTENT="det"/><SP WIDTH="26" VPOS="1049" HPOS="234"/>
							<String ID="string_162" HPOS="260" VPOS="1048" WIDTH="13" HEIGHT="33" WC="0.96" CONTENT="i"/><SP WIDTH="27" VPOS="1048" HPOS="273"/>
							<String ID="string_163" HPOS="300" VPOS="1046" WIDTH="284" HEIGHT="45" WC="0.96" CONTENT="propositionen"/><SP WIDTH="28" VPOS="1046" HPOS="584"/>
							<String ID="string_164" HPOS="612" VPOS="1044" WIDTH="226" HEIGHT="43" WC="0.95" CONTENT="föreslagna."/><SP WIDTH="54" VPOS="1044" HPOS="838"/>
							<String ID="string_165" HPOS="892" VPOS="1042" WIDTH="192" HEIGHT="35" WC="0.95" CONTENT="Utskottet"/><SP WIDTH="27" VPOS="1042" HPOS="1084"/>
							<String ID="string_166" HPOS="1111" VPOS="1040" WIDTH="157" HEIGHT="35" WC="0.96" CONTENT="föreslår"/><SP WIDTH="31" VPOS="1040" HPOS="1268"/>
							<String ID="string_167" HPOS="1299" VPOS="1037" WIDTH="208" HEIGHT="36" WC="0.96" CONTENT="emellertid"/><SP WIDTH="29" VPOS="1037" HPOS="1507"/>
							<String ID="string_168" HPOS="1536" VPOS="1040" WIDTH="55" HEIGHT="31" WC="0.96" CONTENT="att"/><SP WIDTH="28" VPOS="1040" HPOS="1591"/>
							<String ID="string_169" HPOS="1619" VPOS="1037" WIDTH="165" HEIGHT="34" WC="0.96" CONTENT="utesluta"/>
						</TextLine>
						<TextLine ID="line_18" HPOS="171" VPOS="1087" WIDTH="1615" HEIGHT="55">
							<String ID="string_170" HPOS="171" VPOS="1098" WIDTH="106" HEIGHT="44" WC="0.95" CONTENT="varje"/><SP WIDTH="41" VPOS="1098" HPOS="277"/>
							<String ID="string_171" HPOS="318" VPOS="1097" WIDTH="152" HEIGHT="35" WC="0.95" CONTENT="särskilt"/><SP WIDTH="39" VPOS="1097" HPOS="470"/>
							<String ID="string_172" HPOS="509" VPOS="1094" WIDTH="209" HEIGHT="45" WC="0.96" CONTENT="stadgande"/><SP WIDTH="41" VPOS="1094" HPOS="718"/>
							<String ID="string_173" HPOS="759" VPOS="1106" WIDTH="60" HEIGHT="22" WC="0.96" CONTENT="om"/><SP WIDTH="40" VPOS="1106" HPOS="819"/>
							<String ID="string_174" HPOS="859" VPOS="1093" WIDTH="142" HEIGHT="34" WC="0.95" CONTENT="verkan"/><SP WIDTH="42" VPOS="1093" HPOS="1001"/>
							<String ID="string_175" HPOS="1043" VPOS="1104" WIDTH="48" HEIGHT="22" WC="0.93" CONTENT="av"/><SP WIDTH="28" VPOS="1104" HPOS="1091"/>
							<String ID="string_176" HPOS="1119" VPOS="1090" WIDTH="274" HEIGHT="45" WC="0.92" CONTENT="hyresnämnds"/><SP WIDTH="28" VPOS="1090" HPOS="1393"/>
							<String ID="string_177" HPOS="1421" VPOS="1087" WIDTH="280" HEIGHT="35" WC="0.92" CONTENT="uraktlåtenhet"/><SP WIDTH="28" VPOS="1087" HPOS="1701"/>
							<String ID="string_178" HPOS="1729" VPOS="1089" WIDTH="57" HEIGHT="31" WC="0.96" CONTENT="att"/>
						</TextLine>
						<TextLine ID="line_19" HPOS="172" VPOS="1137" WIDTH="1611" HEIGHT="50">
							<String ID="string_179" HPOS="172" VPOS="1150" WIDTH="96" HEIGHT="34" WC="0.96" CONTENT="fatta"/><SP WIDTH="27" VPOS="1150" HPOS="268"/>
							<String ID="string_180" HPOS="295" VPOS="1149" WIDTH="119" HEIGHT="34" WC="0.96" CONTENT="beslut"/><SP WIDTH="26" VPOS="1149" HPOS="414"/>
							<String ID="string_181" HPOS="440" VPOS="1148" WIDTH="12" HEIGHT="33" WC="0.96" CONTENT="i"/><SP WIDTH="28" VPOS="1148" HPOS="452"/>
							<String ID="string_182" HPOS="480" VPOS="1147" WIDTH="94" HEIGHT="34" WC="0.96" CONTENT="visst"/><SP WIDTH="27" VPOS="1147" HPOS="574"/>
							<String ID="string_183" HPOS="601" VPOS="1145" WIDTH="149" HEIGHT="42" WC="0.96" CONTENT="ärende,"/><SP WIDTH="17" VPOS="1145" HPOS="750"/>
							<String ID="string_184" HPOS="767" VPOS="1156" WIDTH="83" HEIGHT="23" WC="0.96" CONTENT="men"/><SP WIDTH="29" VPOS="1156" HPOS="850"/>
							<String ID="string_185" HPOS="879" VPOS="1147" WIDTH="56" HEIGHT="31" WC="0.96" CONTENT="att"/><SP WIDTH="20" VPOS="1147" HPOS="935"/>
							<String ID="string_186" HPOS="955" VPOS="1143" WIDTH="193" HEIGHT="42" WC="0.96" CONTENT="samtidigt"/><SP WIDTH="19" VPOS="1143" HPOS="1148"/>
							<String ID="string_187" HPOS="1167" VPOS="1142" WIDTH="173" HEIGHT="42" WC="0.96" CONTENT="förlänga"/><SP WIDTH="19" VPOS="1142" HPOS="1340"/>
							<String ID="string_188" HPOS="1359" VPOS="1140" WIDTH="72" HEIGHT="34" WC="0.96" CONTENT="den"/><SP WIDTH="19" VPOS="1140" HPOS="1431"/>
							<String ID="string_189" HPOS="1450" VPOS="1139" WIDTH="67" HEIGHT="42" WC="0.96" CONTENT="tid,"/><SP WIDTH="21" VPOS="1139" HPOS="1517"/>
							<String ID="string_190" HPOS="1538" VPOS="1139" WIDTH="101" HEIGHT="33" WC="0.96" CONTENT="inom"/><SP WIDTH="19" VPOS="1139" HPOS="1639"/>
							<String ID="string_191" HPOS="1658" VPOS="1137" WIDTH="125" HEIGHT="34" WC="0.96" CONTENT="vilken"/>
						</TextLine>
						<TextLine ID="line_20" HPOS="172" VPOS="1189" WIDTH="1612" HEIGHT="51">
							<String ID="string_192" HPOS="172" VPOS="1200" WIDTH="168" HEIGHT="34" WC="0.96" CONTENT="ansökan"/><SP WIDTH="28" VPOS="1200" HPOS="340"/>
							<String ID="string_193" HPOS="368" VPOS="1210" WIDTH="60" HEIGHT="23" WC="0.95" CONTENT="om"/><SP WIDTH="29" VPOS="1210" HPOS="428"/>
							<String ID="string_194" HPOS="457" VPOS="1197" WIDTH="191" HEIGHT="43" WC="0.95" CONTENT="samtycke"/><SP WIDTH="27" VPOS="1197" HPOS="648"/>
							<String ID="string_195" HPOS="675" VPOS="1196" WIDTH="58" HEIGHT="34" WC="0.96" CONTENT="till"/><SP WIDTH="29" VPOS="1196" HPOS="733"/>
							<String ID="string_196" HPOS="762" VPOS="1195" WIDTH="242" HEIGHT="43" WC="0.96" CONTENT="uppsägning"/><SP WIDTH="27" VPOS="1195" HPOS="1004"/>
							<String ID="string_197" HPOS="1031" VPOS="1194" WIDTH="95" HEIGHT="33" WC="0.96" CONTENT="skall"/><SP WIDTH="27" VPOS="1194" HPOS="1126"/>
							<String ID="string_198" HPOS="1153" VPOS="1204" WIDTH="92" HEIGHT="23" WC="0.91" CONTENT="vara"/><SP WIDTH="27" VPOS="1204" HPOS="1245"/>
							<String ID="string_199" HPOS="1272" VPOS="1192" WIDTH="152" HEIGHT="43" WC="0.91" CONTENT="ingiven"/><SP WIDTH="29" VPOS="1192" HPOS="1424"/>
							<String ID="string_200" HPOS="1453" VPOS="1190" WIDTH="56" HEIGHT="34" WC="0.93" CONTENT="till"/><SP WIDTH="29" VPOS="1190" HPOS="1509"/>
							<String ID="string_201" HPOS="1538" VPOS="1189" WIDTH="246" HEIGHT="43" WC="0.90" CONTENT="hyresnämn-"/>
						</TextLine>
						<TextLine ID="line_21" HPOS="170" VPOS="1247" WIDTH="478" HEIGHT="47">
							<String ID="string_202" HPOS="170" VPOS="1250" WIDTH="83" HEIGHT="44" WC="0.96" CONTENT="den,"/><SP WIDTH="29" VPOS="1250" HPOS="253"/>
							<String ID="string_203" HPOS="282" VPOS="1251" WIDTH="57" HEIGHT="33" WC="0.96" CONTENT="till"/><SP WIDTH="26" VPOS="1251" HPOS="339"/>
							<String ID="string_204" HPOS="365" VPOS="1248" WIDTH="127" HEIGHT="36" WC="0.96" CONTENT="trettio"/><SP WIDTH="29" VPOS="1248" HPOS="492"/>
							<String ID="string_205" HPOS="521" VPOS="1247" WIDTH="127" HEIGHT="44" WC="0.96" CONTENT="dagar."/>
						</TextLine>
					</TextBlock>
				</ComposedBlock>
				<ComposedBlock ID="cblock_2" HPOS="785" VPOS="1323" WIDTH="327" HEIGHT="48">
					<TextBlock ID="block_3" HPOS="785" VPOS="1323" WIDTH="327" HEIGHT="48">
						<TextLine ID="line_22" HPOS="785" VPOS="1323" WIDTH="327" HEIGHT="48">
							<String ID="string_206" HPOS="785" VPOS="1323" WIDTH="327" HEIGHT="48" WC="0.84" CONTENT="188"/><SP WIDTH="-168" VPOS="1323" HPOS="1112"/>
							<String ID="string_207" HPOS="944" VPOS="1319" WIDTH="26" HEIGHT="57" WC="0.91" CONTENT="4"/><SP WIDTH="28" VPOS="1319" HPOS="970"/>
							<String ID="string_208" HPOS="998" VPOS="1323" WIDTH="114" HEIGHT="48" WC="0.0" CONTENT="mom"/>
						</TextLine>
					</TextBlock>
				</ComposedBlock>
				<ComposedBlock ID="cblock_3" HPOS="172" VPOS="1391" WIDTH="1618" HEIGHT="860">
					<TextBlock ID="block_4" HPOS="172" VPOS="1391" WIDTH="1614" HEIGHT="205">
						<TextLine ID="line_23" HPOS="304" VPOS="1391" WIDTH="1480" HEIGHT="45">
							<String ID="string_209" HPOS="304" VPOS="1399" WIDTH="246" HEIGHT="35" WC="0.96" CONTENT="Beträffande"/><SP WIDTH="41" VPOS="1399" HPOS="550"/>
							<String ID="string_210" HPOS="591" VPOS="1398" WIDTH="46" HEIGHT="35" WC="0.96" CONTENT="de"/><SP WIDTH="40" VPOS="1398" HPOS="637"/>
							<String ID="string_211" HPOS="677" VPOS="1399" WIDTH="12" HEIGHT="33" WC="0.96" CONTENT="i"/><SP WIDTH="40" VPOS="1399" HPOS="689"/>
							<String ID="string_212" HPOS="729" VPOS="1398" WIDTH="101" HEIGHT="34" WC="0.96" CONTENT="olika"/><SP WIDTH="35" VPOS="1398" HPOS="830"/>
							<String ID="string_213" HPOS="865" VPOS="1397" WIDTH="184" HEIGHT="33" WC="0.96" CONTENT="motioner"/><SP WIDTH="27" VPOS="1397" HPOS="1049"/>
							<String ID="string_214" HPOS="1076" VPOS="1393" WIDTH="238" HEIGHT="35" WC="0.96" CONTENT="framställda"/><SP WIDTH="27" VPOS="1393" HPOS="1314"/>
							<String ID="string_215" HPOS="1341" VPOS="1392" WIDTH="221" HEIGHT="44" WC="0.96" CONTENT="yrkandena"/><SP WIDTH="27" VPOS="1392" HPOS="1562"/>
							<String ID="string_216" HPOS="1589" VPOS="1391" WIDTH="195" HEIGHT="44" WC="0.96" CONTENT="angående"/>
						</TextLine>
						<TextLine ID="line_24" HPOS="172" VPOS="1439" WIDTH="1611" HEIGHT="55">
							<String ID="string_217" HPOS="172" VPOS="1452" WIDTH="161" HEIGHT="42" WC="0.96" CONTENT="ändring"/><SP WIDTH="26" VPOS="1452" HPOS="333"/>
							<String ID="string_218" HPOS="359" VPOS="1462" WIDTH="48" HEIGHT="22" WC="0.96" CONTENT="av"/><SP WIDTH="27" VPOS="1462" HPOS="407"/>
							<String ID="string_219" HPOS="434" VPOS="1450" WIDTH="71" HEIGHT="34" WC="0.96" CONTENT="den"/><SP WIDTH="28" VPOS="1450" HPOS="505"/>
							<String ID="string_220" HPOS="533" VPOS="1449" WIDTH="12" HEIGHT="33" WC="0.96" CONTENT="i"/><SP WIDTH="29" VPOS="1449" HPOS="545"/>
							<String ID="string_221" HPOS="574" VPOS="1448" WIDTH="103" HEIGHT="35" WC="0.96" CONTENT="detta"/><SP WIDTH="27" VPOS="1448" HPOS="677"/>
							<String ID="string_222" HPOS="704" VPOS="1449" WIDTH="166" HEIGHT="32" WC="0.96" CONTENT="moment"/><SP WIDTH="26" VPOS="1449" HPOS="870"/>
							<String ID="string_223" HPOS="896" VPOS="1447" WIDTH="12" HEIGHT="33" WC="0.96" CONTENT="i"/><SP WIDTH="28" VPOS="1447" HPOS="908"/>
							<String ID="string_224" HPOS="936" VPOS="1446" WIDTH="221" HEIGHT="41" WC="0.95" CONTENT="anslutning"/><SP WIDTH="27" VPOS="1446" HPOS="1157"/>
							<String ID="string_225" HPOS="1184" VPOS="1444" WIDTH="56" HEIGHT="33" WC="0.93" CONTENT="till"/><SP WIDTH="29" VPOS="1444" HPOS="1240"/>
							<String ID="string_226" HPOS="1269" VPOS="1442" WIDTH="257" HEIGHT="44" WC="0.91" CONTENT="stadgandet"/><SP WIDTH="-20" VPOS="1442" HPOS="1526"/>
							<String ID="string_227" HPOS="1506" VPOS="1438" WIDTH="24" HEIGHT="60" WC="0.96" CONTENT="i"/><SP WIDTH="18" VPOS="1438" HPOS="1530"/>
							<String ID="string_228" HPOS="1548" VPOS="1443" WIDTH="19" HEIGHT="33" WC="0.96" CONTENT="6"/><SP WIDTH="22" VPOS="1443" HPOS="1567"/>
							<String ID="string_229" HPOS="1589" VPOS="1439" WIDTH="22" HEIGHT="44" WC="0.35" CONTENT="8"/><SP WIDTH="21" VPOS="1439" HPOS="1611"/>
							<String ID="string_230" HPOS="1632" VPOS="1442" WIDTH="19" HEIGHT="33" WC="0.90" CONTENT="2"/><SP WIDTH="21" VPOS="1442" HPOS="1651"/>
							<String ID="string_231" HPOS="1672" VPOS="1452" WIDTH="111" HEIGHT="23" WC="0.95" CONTENT="mom."/>
						</TextLine>
						<TextLine ID="line_25" HPOS="173" VPOS="1491" WIDTH="1613" HEIGHT="53">
							<String ID="string_232" HPOS="173" VPOS="1501" WIDTH="215" HEIGHT="36" WC="0.96" CONTENT="fastställda"/><SP WIDTH="31" VPOS="1501" HPOS="388"/>
							<String ID="string_233" HPOS="419" VPOS="1502" WIDTH="234" HEIGHT="42" WC="0.96" CONTENT="procentsats"/><SP WIDTH="28" VPOS="1502" HPOS="653"/>
							<String ID="string_234" HPOS="681" VPOS="1510" WIDTH="48" HEIGHT="22" WC="0.96" CONTENT="av"/><SP WIDTH="30" VPOS="1510" HPOS="729"/>
							<String ID="string_235" HPOS="759" VPOS="1498" WIDTH="44" HEIGHT="34" WC="0.96" CONTENT="15"/><SP WIDTH="29" VPOS="1498" HPOS="803"/>
							<String ID="string_236" HPOS="832" VPOS="1500" WIDTH="155" HEIGHT="41" WC="0.96" CONTENT="procent"/><SP WIDTH="26" VPOS="1500" HPOS="987"/>
							<String ID="string_237" HPOS="1013" VPOS="1495" WIDTH="60" HEIGHT="35" WC="0.96" CONTENT="får"/><SP WIDTH="27" VPOS="1495" HPOS="1073"/>
							<String ID="string_238" HPOS="1100" VPOS="1495" WIDTH="182" HEIGHT="34" WC="0.96" CONTENT="utskottet"/><SP WIDTH="27" VPOS="1495" HPOS="1282"/>
							<String ID="string_239" HPOS="1309" VPOS="1494" WIDTH="160" HEIGHT="33" WC="0.96" CONTENT="hänvisa"/><SP WIDTH="27" VPOS="1494" HPOS="1469"/>
							<String ID="string_240" HPOS="1496" VPOS="1493" WIDTH="56" HEIGHT="33" WC="0.96" CONTENT="till"/><SP WIDTH="29" VPOS="1493" HPOS="1552"/>
							<String ID="string_241" HPOS="1581" VPOS="1492" WIDTH="75" HEIGHT="34" WC="0.96" CONTENT="vad"/><SP WIDTH="27" VPOS="1492" HPOS="1656"/>
							<String ID="string_242" HPOS="1683" VPOS="1492" WIDTH="12" HEIGHT="33" WC="0.96" CONTENT="i"/><SP WIDTH="29" VPOS="1492" HPOS="1695"/>
							<String ID="string_243" HPOS="1724" VPOS="1491" WIDTH="62" HEIGHT="34" WC="0.96" CONTENT="det"/>
						</TextLine>
						<TextLine ID="line_26" HPOS="172" VPOS="1546" WIDTH="1153" HEIGHT="50">
							<String ID="string_244" HPOS="172" VPOS="1552" WIDTH="225" HEIGHT="44" WC="0.95" CONTENT="föregående"/><SP WIDTH="28" VPOS="1552" HPOS="397"/>
							<String ID="string_245" HPOS="425" VPOS="1551" WIDTH="145" HEIGHT="34" WC="0.96" CONTENT="anförts"/><SP WIDTH="27" VPOS="1551" HPOS="570"/>
							<String ID="string_246" HPOS="597" VPOS="1550" WIDTH="13" HEIGHT="33" WC="0.96" CONTENT="i"/><SP WIDTH="26" VPOS="1550" HPOS="610"/>
							<String ID="string_247" HPOS="636" VPOS="1549" WIDTH="109" HEIGHT="44" WC="0.96" CONTENT="fråga"/><SP WIDTH="27" VPOS="1549" HPOS="745"/>
							<String ID="string_248" HPOS="772" VPOS="1560" WIDTH="60" HEIGHT="22" WC="0.95" CONTENT="om"/><SP WIDTH="29" VPOS="1560" HPOS="832"/>
							<String ID="string_249" HPOS="861" VPOS="1548" WIDTH="69" HEIGHT="34" WC="0.95" CONTENT="sist"/><SP WIDTH="25" VPOS="1548" HPOS="930"/>
							<String ID="string_250" HPOS="955" VPOS="1546" WIDTH="168" HEIGHT="35" WC="0.96" CONTENT="nämnda"/><SP WIDTH="26" VPOS="1546" HPOS="1123"/>
							<String ID="string_251" HPOS="1149" VPOS="1547" WIDTH="176" HEIGHT="32" WC="0.96" CONTENT="moment."/>
						</TextLine>
					</TextBlock>
					<TextBlock ID="block_5" HPOS="174" VPOS="1591" WIDTH="1615" HEIGHT="556">
						<TextLine ID="line_27" HPOS="306" VPOS="1591" WIDTH="1481" HEIGHT="54">
							<String ID="string_252" HPOS="306" VPOS="1603" WIDTH="19" HEIGHT="33" WC="0.96" CONTENT="I"/><SP WIDTH="27" VPOS="1603" HPOS="325"/>
							<String ID="string_253" HPOS="352" VPOS="1602" WIDTH="123" HEIGHT="43" WC="0.96" CONTENT="övrigt"/><SP WIDTH="27" VPOS="1602" HPOS="475"/>
							<String ID="string_254" HPOS="502" VPOS="1601" WIDTH="99" HEIGHT="34" WC="0.96" CONTENT="hava"/><SP WIDTH="27" VPOS="1601" HPOS="601"/>
							<String ID="string_255" HPOS="628" VPOS="1601" WIDTH="85" HEIGHT="33" WC="0.95" CONTENT="herr"/><SP WIDTH="27" VPOS="1601" HPOS="713"/>
							<String ID="string_256" HPOS="740" VPOS="1599" WIDTH="128" HEIGHT="34" WC="0.93" CONTENT="Lovén"/><SP WIDTH="24" VPOS="1599" HPOS="868"/>
							<String ID="string_257" HPOS="892" VPOS="1610" WIDTH="47" HEIGHT="22" WC="0.92" CONTENT="m."/><SP WIDTH="29" VPOS="1610" HPOS="939"/>
							<String ID="string_258" HPOS="968" VPOS="1597" WIDTH="36" HEIGHT="34" WC="0.96" CONTENT="fl."/><SP WIDTH="33" VPOS="1597" HPOS="1004"/>
							<String ID="string_259" HPOS="1037" VPOS="1595" WIDTH="238" HEIGHT="36" WC="0.96" CONTENT="beträffande"/><SP WIDTH="33" VPOS="1595" HPOS="1275"/>
							<String ID="string_260" HPOS="1308" VPOS="1595" WIDTH="20" HEIGHT="33" WC="0.85" CONTENT="8"/><SP WIDTH="21" VPOS="1595" HPOS="1328"/>
							<String ID="string_261" HPOS="1349" VPOS="1591" WIDTH="23" HEIGHT="45" WC="0.85" CONTENT="$"/><SP WIDTH="20" VPOS="1591" HPOS="1372"/>
							<String ID="string_262" HPOS="1392" VPOS="1595" WIDTH="21" HEIGHT="33" WC="0.97" CONTENT="4"/><SP WIDTH="21" VPOS="1595" HPOS="1413"/>
							<String ID="string_263" HPOS="1434" VPOS="1605" WIDTH="110" HEIGHT="23" WC="0.96" CONTENT="mom."/><SP WIDTH="31" VPOS="1605" HPOS="1544"/>
							<String ID="string_264" HPOS="1575" VPOS="1592" WIDTH="136" HEIGHT="43" WC="0.96" CONTENT="anfört,"/><SP WIDTH="21" VPOS="1592" HPOS="1711"/>
							<String ID="string_265" HPOS="1732" VPOS="1594" WIDTH="55" HEIGHT="32" WC="0.96" CONTENT="att"/>
						</TextLine>
						<TextLine ID="line_28" HPOS="175" VPOS="1643" WIDTH="1613" HEIGHT="51">
							<String ID="string_266" HPOS="175" VPOS="1654" WIDTH="63" HEIGHT="35" WC="0.96" CONTENT="det"/><SP WIDTH="38" VPOS="1654" HPOS="238"/>
							<String ID="string_267" HPOS="276" VPOS="1653" WIDTH="96" HEIGHT="34" WC="0.96" CONTENT="efter"/><SP WIDTH="39" VPOS="1653" HPOS="372"/>
							<String ID="string_268" HPOS="411" VPOS="1651" WIDTH="273" HEIGHT="43" WC="0.96" CONTENT="motiveringen"/><SP WIDTH="42" VPOS="1651" HPOS="684"/>
							<String ID="string_269" HPOS="726" VPOS="1653" WIDTH="56" HEIGHT="31" WC="0.96" CONTENT="att"/><SP WIDTH="41" VPOS="1653" HPOS="782"/>
							<String ID="string_270" HPOS="823" VPOS="1649" WIDTH="111" HEIGHT="34" WC="0.96" CONTENT="döma"/><SP WIDTH="28" VPOS="1649" HPOS="934"/>
							<String ID="string_271" HPOS="962" VPOS="1647" WIDTH="136" HEIGHT="34" WC="0.96" CONTENT="endast"/><SP WIDTH="26" VPOS="1647" HPOS="1098"/>
							<String ID="string_272" HPOS="1124" VPOS="1657" WIDTH="112" HEIGHT="32" WC="0.96" CONTENT="synes"/><SP WIDTH="32" VPOS="1657" HPOS="1236"/>
							<String ID="string_273" HPOS="1268" VPOS="1646" WIDTH="86" HEIGHT="33" WC="0.96" CONTENT="bero"/><SP WIDTH="29" VPOS="1646" HPOS="1354"/>
							<String ID="string_274" HPOS="1383" VPOS="1644" WIDTH="48" HEIGHT="44" WC="0.96" CONTENT="på"/><SP WIDTH="28" VPOS="1644" HPOS="1431"/>
							<String ID="string_275" HPOS="1459" VPOS="1656" WIDTH="46" HEIGHT="22" WC="0.96" CONTENT="en"/><SP WIDTH="29" VPOS="1656" HPOS="1505"/>
							<String ID="string_276" HPOS="1534" VPOS="1643" WIDTH="144" HEIGHT="35" WC="0.96" CONTENT="mindre"/><SP WIDTH="28" VPOS="1643" HPOS="1678"/>
							<String ID="string_277" HPOS="1706" VPOS="1643" WIDTH="82" HEIGHT="33" WC="0.96" CONTENT="klar"/>
						</TextLine>
						<TextLine ID="line_29" HPOS="174" VPOS="1693" WIDTH="1613" HEIGHT="54">
							<String ID="string_278" HPOS="174" VPOS="1703" WIDTH="233" HEIGHT="44" WC="0.96" CONTENT="utformning"/><SP WIDTH="39" VPOS="1703" HPOS="407"/>
							<String ID="string_279" HPOS="446" VPOS="1714" WIDTH="48" HEIGHT="22" WC="0.95" CONTENT="av"/><SP WIDTH="36" VPOS="1714" HPOS="494"/>
							<String ID="string_280" HPOS="530" VPOS="1702" WIDTH="201" HEIGHT="43" WC="0.95" CONTENT="lagtexten,"/><SP WIDTH="30" VPOS="1702" HPOS="731"/>
							<String ID="string_281" HPOS="761" VPOS="1702" WIDTH="56" HEIGHT="32" WC="0.96" CONTENT="att"/><SP WIDTH="25" VPOS="1702" HPOS="817"/>
							<String ID="string_282" HPOS="842" VPOS="1699" WIDTH="137" HEIGHT="34" WC="0.96" CONTENT="villkor"/><SP WIDTH="27" VPOS="1699" HPOS="979"/>
							<String ID="string_283" HPOS="1006" VPOS="1709" WIDTH="60" HEIGHT="23" WC="0.96" CONTENT="om"/><SP WIDTH="28" VPOS="1709" HPOS="1066"/>
							<String ID="string_284" HPOS="1094" VPOS="1700" WIDTH="75" HEIGHT="31" WC="0.96" CONTENT="rätt"/><SP WIDTH="26" VPOS="1700" HPOS="1169"/>
							<String ID="string_285" HPOS="1195" VPOS="1697" WIDTH="56" HEIGHT="33" WC="0.93" CONTENT="till"/><SP WIDTH="29" VPOS="1697" HPOS="1251"/>
							<String ID="string_286" HPOS="1280" VPOS="1694" WIDTH="238" HEIGHT="35" WC="0.92" CONTENT="kvarboende"/><SP WIDTH="28" VPOS="1694" HPOS="1518"/>
							<String ID="string_287" HPOS="1546" VPOS="1694" WIDTH="93" HEIGHT="34" WC="0.96" CONTENT="skall"/><SP WIDTH="29" VPOS="1694" HPOS="1639"/>
							<String ID="string_288" HPOS="1668" VPOS="1693" WIDTH="119" HEIGHT="34" WC="0.96" CONTENT="fästas"/>
						</TextLine>
						<TextLine ID="line_30" HPOS="174" VPOS="1745" WIDTH="1612" HEIGHT="50">
							<String ID="string_289" HPOS="174" VPOS="1756" WIDTH="159" HEIGHT="33" WC="0.91" CONTENT="allenast"/><SP WIDTH="38" VPOS="1756" HPOS="333"/>
							<String ID="string_290" HPOS="371" VPOS="1753" WIDTH="65" HEIGHT="34" WC="0.96" CONTENT="vid"/><SP WIDTH="41" VPOS="1753" HPOS="436"/>
							<String ID="string_291" HPOS="477" VPOS="1752" WIDTH="190" HEIGHT="43" WC="0.96" CONTENT="samtycke"/><SP WIDTH="41" VPOS="1752" HPOS="667"/>
							<String ID="string_292" HPOS="708" VPOS="1751" WIDTH="56" HEIGHT="34" WC="0.96" CONTENT="till"/><SP WIDTH="41" VPOS="1751" HPOS="764"/>
							<String ID="string_293" HPOS="805" VPOS="1749" WIDTH="253" HEIGHT="44" WC="0.95" CONTENT="uppsägning,"/><SP WIDTH="29" VPOS="1749" HPOS="1058"/>
							<String ID="string_294" HPOS="1087" VPOS="1748" WIDTH="68" HEIGHT="34" WC="0.93" CONTENT="där"/><SP WIDTH="27" VPOS="1748" HPOS="1155"/>
							<String ID="string_295" HPOS="1182" VPOS="1745" WIDTH="335" HEIGHT="45" WC="0.92" CONTENT="hyresförhöjning"/><SP WIDTH="27" VPOS="1745" HPOS="1517"/>
							<String ID="string_296" HPOS="1544" VPOS="1745" WIDTH="89" HEIGHT="34" WC="0.96" CONTENT="eller"/><SP WIDTH="27" VPOS="1745" HPOS="1633"/>
							<String ID="string_297" HPOS="1660" VPOS="1755" WIDTH="126" HEIGHT="23" WC="0.96" CONTENT="annan"/>
						</TextLine>
						<TextLine ID="line_31" HPOS="174" VPOS="1793" WIDTH="1613" HEIGHT="55">
							<String ID="string_298" HPOS="174" VPOS="1805" WIDTH="161" HEIGHT="43" WC="0.95" CONTENT="ändring"/><SP WIDTH="39" VPOS="1805" HPOS="335"/>
							<String ID="string_299" HPOS="374" VPOS="1805" WIDTH="11" HEIGHT="33" WC="0.93" CONTENT="i"/><SP WIDTH="41" VPOS="1805" HPOS="385"/>
							<String ID="string_300" HPOS="426" VPOS="1803" WIDTH="294" HEIGHT="44" WC="0.91" CONTENT="hyresvillkoren"/><SP WIDTH="42" VPOS="1803" HPOS="720"/>
							<String ID="string_301" HPOS="762" VPOS="1801" WIDTH="94" HEIGHT="34" WC="0.96" CONTENT="skall"/><SP WIDTH="28" VPOS="1801" HPOS="856"/>
							<String ID="string_302" HPOS="884" VPOS="1812" WIDTH="48" HEIGHT="22" WC="0.97" CONTENT="av"/><SP WIDTH="27" VPOS="1812" HPOS="932"/>
							<String ID="string_303" HPOS="959" VPOS="1798" WIDTH="190" HEIGHT="35" WC="0.96" CONTENT="nämnden"/><SP WIDTH="28" VPOS="1798" HPOS="1149"/>
							<String ID="string_304" HPOS="1177" VPOS="1801" WIDTH="147" HEIGHT="40" WC="0.96" CONTENT="prövas,"/><SP WIDTH="29" VPOS="1801" HPOS="1324"/>
							<String ID="string_305" HPOS="1353" VPOS="1797" WIDTH="12" HEIGHT="33" WC="0.96" CONTENT="i"/><SP WIDTH="28" VPOS="1797" HPOS="1365"/>
							<String ID="string_306" HPOS="1393" VPOS="1796" WIDTH="64" HEIGHT="34" WC="0.96" CONTENT="det"/><SP WIDTH="26" VPOS="1796" HPOS="1457"/>
							<String ID="string_307" HPOS="1483" VPOS="1795" WIDTH="171" HEIGHT="35" WC="0.96" CONTENT="avsikten"/><SP WIDTH="28" VPOS="1795" HPOS="1654"/>
							<String ID="string_308" HPOS="1682" VPOS="1793" WIDTH="105" HEIGHT="36" WC="0.96" CONTENT="torde"/>
						</TextLine>
						<TextLine ID="line_32" HPOS="174" VPOS="1846" WIDTH="1615" HEIGHT="50">
							<String ID="string_309" HPOS="174" VPOS="1867" WIDTH="102" HEIGHT="29" WC="0.96" CONTENT="vara,"/><SP WIDTH="43" VPOS="1867" HPOS="276"/>
							<String ID="string_310" HPOS="319" VPOS="1857" WIDTH="55" HEIGHT="32" WC="0.96" CONTENT="att"/><SP WIDTH="40" VPOS="1857" HPOS="374"/>
							<String ID="string_311" HPOS="414" VPOS="1854" WIDTH="137" HEIGHT="34" WC="0.96" CONTENT="sådant"/><SP WIDTH="39" VPOS="1854" HPOS="551"/>
							<String ID="string_312" HPOS="590" VPOS="1853" WIDTH="135" HEIGHT="33" WC="0.96" CONTENT="villkor"/><SP WIDTH="26" VPOS="1853" HPOS="725"/>
							<String ID="string_313" HPOS="751" VPOS="1852" WIDTH="95" HEIGHT="34" WC="0.96" CONTENT="skall"/><SP WIDTH="32" VPOS="1852" HPOS="846"/>
							<String ID="string_314" HPOS="878" VPOS="1851" WIDTH="101" HEIGHT="44" WC="0.96" CONTENT="gälla"/><SP WIDTH="27" VPOS="1851" HPOS="979"/>
							<String ID="string_315" HPOS="1006" VPOS="1852" WIDTH="96" HEIGHT="31" WC="0.96" CONTENT="även"/><SP WIDTH="29" VPOS="1852" HPOS="1102"/>
							<String ID="string_316" HPOS="1131" VPOS="1848" WIDTH="68" HEIGHT="34" WC="0.96" CONTENT="där"/><SP WIDTH="26" VPOS="1848" HPOS="1199"/>
							<String ID="string_317" HPOS="1225" VPOS="1846" WIDTH="267" HEIGHT="44" WC="0.96" CONTENT="förhöjningen"/><SP WIDTH="30" VPOS="1846" HPOS="1492"/>
							<String ID="string_318" HPOS="1522" VPOS="1857" WIDTH="48" HEIGHT="23" WC="0.96" CONTENT="av"/><SP WIDTH="27" VPOS="1857" HPOS="1570"/>
							<String ID="string_319" HPOS="1597" VPOS="1846" WIDTH="121" HEIGHT="43" WC="0.96" CONTENT="hyran"/><SP WIDTH="29" VPOS="1846" HPOS="1718"/>
							<String ID="string_320" HPOS="1747" VPOS="1847" WIDTH="42" HEIGHT="31" WC="0.96" CONTENT="är"/>
						</TextLine>
						<TextLine ID="line_33" HPOS="175" VPOS="1895" WIDTH="1612" HEIGHT="54">
							<String ID="string_321" HPOS="175" VPOS="1905" WIDTH="272" HEIGHT="44" WC="0.90" CONTENT="undandragen"/><SP WIDTH="40" VPOS="1905" HPOS="447"/>
							<String ID="string_322" HPOS="487" VPOS="1903" WIDTH="210" HEIGHT="35" WC="0.96" CONTENT="nämndens"/><SP WIDTH="40" VPOS="1903" HPOS="697"/>
							<String ID="string_323" HPOS="737" VPOS="1902" WIDTH="198" HEIGHT="44" WC="0.96" CONTENT="prövning."/><SP WIDTH="53" VPOS="1902" HPOS="935"/>
							<String ID="string_324" HPOS="988" VPOS="1899" WIDTH="59" HEIGHT="35" WC="0.96" CONTENT="Då"/><SP WIDTH="41" VPOS="1899" HPOS="1047"/>
							<String ID="string_325" HPOS="1088" VPOS="1898" WIDTH="137" HEIGHT="35" WC="0.96" CONTENT="sådant"/><SP WIDTH="34" VPOS="1898" HPOS="1225"/>
							<String ID="string_326" HPOS="1259" VPOS="1898" WIDTH="134" HEIGHT="34" WC="0.96" CONTENT="villkor"/><SP WIDTH="39" VPOS="1898" HPOS="1393"/>
							<String ID="string_327" HPOS="1432" VPOS="1908" WIDTH="88" HEIGHT="23" WC="0.96" CONTENT="vore"/><SP WIDTH="28" VPOS="1908" HPOS="1520"/>
							<String ID="string_328" HPOS="1548" VPOS="1895" WIDTH="239" HEIGHT="44" WC="0.96" CONTENT="synnerligen"/>
						</TextLine>
						<TextLine ID="line_34" HPOS="176" VPOS="1946" WIDTH="1613" HEIGHT="53">
							<String ID="string_329" HPOS="176" VPOS="1956" WIDTH="243" HEIGHT="43" WC="0.95" CONTENT="nödvändigt,"/><SP WIDTH="37" VPOS="1956" HPOS="419"/>
							<String ID="string_330" HPOS="456" VPOS="1958" WIDTH="70" HEIGHT="31" WC="0.96" CONTENT="när"/><SP WIDTH="27" VPOS="1958" HPOS="526"/>
							<String ID="string_331" HPOS="553" VPOS="1954" WIDTH="79" HEIGHT="35" WC="0.96" CONTENT="skäl"/><SP WIDTH="28" VPOS="1954" HPOS="632"/>
							<String ID="string_332" HPOS="660" VPOS="1953" WIDTH="57" HEIGHT="34" WC="0.96" CONTENT="till"/><SP WIDTH="29" VPOS="1953" HPOS="717"/>
							<String ID="string_333" HPOS="746" VPOS="1952" WIDTH="230" HEIGHT="44" WC="0.96" CONTENT="avflyttning"/><SP WIDTH="27" VPOS="1952" HPOS="976"/>
							<String ID="string_334" HPOS="1003" VPOS="1950" WIDTH="33" HEIGHT="43" WC="0.92" CONTENT="ej"/><SP WIDTH="32" VPOS="1950" HPOS="1036"/>
							<String ID="string_335" HPOS="1068" VPOS="1949" WIDTH="220" HEIGHT="43" WC="0.90" CONTENT="förebragts,"/><SP WIDTH="28" VPOS="1949" HPOS="1288"/>
							<String ID="string_336" HPOS="1316" VPOS="1948" WIDTH="59" HEIGHT="34" WC="0.96" CONTENT="för"/><SP WIDTH="27" VPOS="1948" HPOS="1375"/>
							<String ID="string_337" HPOS="1402" VPOS="1950" WIDTH="56" HEIGHT="32" WC="0.96" CONTENT="att"/><SP WIDTH="27" VPOS="1950" HPOS="1458"/>
							<String ID="string_338" HPOS="1485" VPOS="1946" WIDTH="147" HEIGHT="44" WC="0.93" CONTENT="skydda"/><SP WIDTH="28" VPOS="1946" HPOS="1632"/>
							<String ID="string_339" HPOS="1660" VPOS="1946" WIDTH="129" HEIGHT="43" WC="0.90" CONTENT="hyres-"/>
						</TextLine>
						<TextLine ID="line_35" HPOS="176" VPOS="1996" WIDTH="1611" HEIGHT="55">
							<String ID="string_340" HPOS="176" VPOS="2010" WIDTH="131" HEIGHT="41" WC="0.95" CONTENT="gästen"/><SP WIDTH="41" VPOS="2010" HPOS="307"/>
							<String ID="string_341" HPOS="348" VPOS="2009" WIDTH="78" HEIGHT="31" WC="0.94" CONTENT="mot"/><SP WIDTH="40" VPOS="2009" HPOS="426"/>
							<String ID="string_342" HPOS="466" VPOS="2005" WIDTH="245" HEIGHT="34" WC="0.94" CONTENT="trakasserier"/><SP WIDTH="44" VPOS="2005" HPOS="711"/>
							<String ID="string_343" HPOS="755" VPOS="2003" WIDTH="69" HEIGHT="34" WC="0.96" CONTENT="och"/><SP WIDTH="33" VPOS="2003" HPOS="824"/>
							<String ID="string_344" HPOS="857" VPOS="2002" WIDTH="136" HEIGHT="34" WC="0.96" CONTENT="hindra"/><SP WIDTH="27" VPOS="2002" HPOS="993"/>
							<String ID="string_345" HPOS="1020" VPOS="2000" WIDTH="165" HEIGHT="35" WC="0.96" CONTENT="handeln"/><SP WIDTH="29" VPOS="2000" HPOS="1185"/>
							<String ID="string_346" HPOS="1214" VPOS="1999" WIDTH="84" HEIGHT="34" WC="0.95" CONTENT="med"/><SP WIDTH="28" VPOS="1999" HPOS="1298"/>
							<String ID="string_347" HPOS="1326" VPOS="1998" WIDTH="229" HEIGHT="44" WC="0.93" CONTENT="lägenheter,"/><SP WIDTH="34" VPOS="1998" HPOS="1555"/>
							<String ID="string_348" HPOS="1589" VPOS="1996" WIDTH="198" HEIGHT="35" WC="0.91" CONTENT="hemställa"/>
						</TextLine>
						<TextLine ID="line_36" HPOS="177" VPOS="2047" WIDTH="1610" HEIGHT="51">
							<String ID="string_349" HPOS="177" VPOS="2058" WIDTH="277" HEIGHT="33" WC="0.96" CONTENT="motionärerna"/><SP WIDTH="27" VPOS="2058" HPOS="454"/>
							<String ID="string_350" HPOS="481" VPOS="2067" WIDTH="60" HEIGHT="23" WC="0.96" CONTENT="om"/><SP WIDTH="28" VPOS="2067" HPOS="541"/>
							<String ID="string_351" HPOS="569" VPOS="2054" WIDTH="291" HEIGHT="44" WC="0.96" CONTENT="komplettering"/><SP WIDTH="26" VPOS="2054" HPOS="860"/>
							<String ID="string_352" HPOS="886" VPOS="2064" WIDTH="48" HEIGHT="23" WC="0.96" CONTENT="av"/><SP WIDTH="28" VPOS="2064" HPOS="934"/>
							<String ID="string_353" HPOS="962" VPOS="2063" WIDTH="111" HEIGHT="23" WC="0.96" CONTENT="mom."/><SP WIDTH="30" VPOS="2063" HPOS="1073"/>
							<String ID="string_354" HPOS="1103" VPOS="2052" WIDTH="21" HEIGHT="32" WC="0.94" CONTENT="4"/><SP WIDTH="29" VPOS="2052" HPOS="1124"/>
							<String ID="string_355" HPOS="1153" VPOS="2051" WIDTH="56" HEIGHT="34" WC="0.94" CONTENT="till"/><SP WIDTH="30" VPOS="2051" HPOS="1209"/>
							<String ID="string_356" HPOS="1239" VPOS="2049" WIDTH="271" HEIGHT="43" WC="0.96" CONTENT="motsvarighet"/><SP WIDTH="27" VPOS="2049" HPOS="1510"/>
							<String ID="string_357" HPOS="1537" VPOS="2059" WIDTH="48" HEIGHT="23" WC="0.96" CONTENT="av"/><SP WIDTH="27" VPOS="2059" HPOS="1585"/>
							<String ID="string_358" HPOS="1612" VPOS="2059" WIDTH="112" HEIGHT="22" WC="0.94" CONTENT="mom."/><SP WIDTH="30" VPOS="2059" HPOS="1724"/>
							<String ID="string_359" HPOS="1754" VPOS="2047" WIDTH="33" HEIGHT="41" WC="0.94" CONTENT="5,"/>
						</TextLine>
						<TextLine ID="line_37" HPOS="177" VPOS="2103" WIDTH="708" HEIGHT="44">
							<String ID="string_360" HPOS="177" VPOS="2108" WIDTH="42" HEIGHT="34" WC="0.96" CONTENT="så"/><SP WIDTH="27" VPOS="2108" HPOS="219"/>
							<String ID="string_361" HPOS="246" VPOS="2110" WIDTH="55" HEIGHT="32" WC="0.96" CONTENT="att"/><SP WIDTH="27" VPOS="2110" HPOS="301"/>
							<String ID="string_362" HPOS="328" VPOS="2107" WIDTH="129" HEIGHT="34" WC="0.96" CONTENT="luckor"/><SP WIDTH="27" VPOS="2107" HPOS="457"/>
							<String ID="string_363" HPOS="484" VPOS="2106" WIDTH="80" HEIGHT="34" WC="0.96" CONTENT="icke"/><SP WIDTH="29" VPOS="2106" HPOS="564"/>
							<String ID="string_364" HPOS="593" VPOS="2105" WIDTH="115" HEIGHT="34" WC="0.96" CONTENT="måtte"/><SP WIDTH="28" VPOS="2105" HPOS="708"/>
							<String ID="string_365" HPOS="736" VPOS="2103" WIDTH="149" HEIGHT="44" WC="0.96" CONTENT="uppstå."/>
						</TextLine>
					</TextBlock>
					<TextBlock ID="block_6" HPOS="178" VPOS="2147" WIDTH="1612" HEIGHT="104">
						<TextLine ID="line_38" HPOS="311" VPOS="2147" WIDTH="1478" HEIGHT="46">
							<String ID="string_366" HPOS="311" VPOS="2158" WIDTH="192" HEIGHT="35" WC="0.96" CONTENT="Utskottet"/><SP WIDTH="26" VPOS="2158" HPOS="503"/>
							<String ID="string_367" HPOS="529" VPOS="2156" WIDTH="121" HEIGHT="34" WC="0.96" CONTENT="finner"/><SP WIDTH="26" VPOS="2156" HPOS="650"/>
							<String ID="string_368" HPOS="676" VPOS="2155" WIDTH="75" HEIGHT="34" WC="0.96" CONTENT="vad"/><SP WIDTH="28" VPOS="2155" HPOS="751"/>
							<String ID="string_369" HPOS="779" VPOS="2155" WIDTH="279" HEIGHT="33" WC="0.96" CONTENT="motionärerna"/><SP WIDTH="28" VPOS="2155" HPOS="1058"/>
							<String ID="string_370" HPOS="1086" VPOS="2151" WIDTH="160" HEIGHT="35" WC="0.93" CONTENT="sålunda"/><SP WIDTH="28" VPOS="2151" HPOS="1246"/>
							<String ID="string_371" HPOS="1274" VPOS="2150" WIDTH="191" HEIGHT="35" WC="0.92" CONTENT="hemställt"/><SP WIDTH="18" VPOS="2150" HPOS="1465"/>
							<String ID="string_372" HPOS="1483" VPOS="2149" WIDTH="91" HEIGHT="34" WC="0.96" CONTENT="böra"/><SP WIDTH="18" VPOS="2149" HPOS="1574"/>
							<String ID="string_373" HPOS="1592" VPOS="2147" WIDTH="197" HEIGHT="35" WC="0.96" CONTENT="föranleda"/>
						</TextLine>
						<TextLine ID="line_39" HPOS="178" VPOS="2198" WIDTH="1612" HEIGHT="53">
							<String ID="string_374" HPOS="178" VPOS="2211" WIDTH="53" HEIGHT="33" WC="0.96" CONTENT="ett"/><SP WIDTH="37" VPOS="2211" HPOS="231"/>
							<String ID="string_375" HPOS="268" VPOS="2206" WIDTH="292" HEIGHT="45" WC="0.96" CONTENT="förtydligande."/><SP WIDTH="62" VPOS="2206" HPOS="560"/>
							<String ID="string_376" HPOS="622" VPOS="2206" WIDTH="114" HEIGHT="34" WC="0.95" CONTENT="Detta"/><SP WIDTH="36" VPOS="2206" HPOS="736"/>
							<String ID="string_377" HPOS="772" VPOS="2205" WIDTH="74" HEIGHT="34" WC="0.96" CONTENT="kan"/><SP WIDTH="41" VPOS="2205" HPOS="846"/>
							<String ID="string_378" HPOS="887" VPOS="2204" WIDTH="95" HEIGHT="34" WC="0.94" CONTENT="dock"/><SP WIDTH="37" VPOS="2204" HPOS="982"/>
							<String ID="string_379" HPOS="1019" VPOS="2203" WIDTH="116" HEIGHT="43" WC="0.94" CONTENT="enligt"/><SP WIDTH="40" VPOS="2203" HPOS="1135"/>
							<String ID="string_380" HPOS="1175" VPOS="2202" WIDTH="202" HEIGHT="34" WC="0.96" CONTENT="utskottets"/><SP WIDTH="40" VPOS="2202" HPOS="1377"/>
							<String ID="string_381" HPOS="1417" VPOS="2199" WIDTH="250" HEIGHT="44" WC="0.96" CONTENT="uppfattning"/><SP WIDTH="39" VPOS="2199" HPOS="1667"/>
							<String ID="string_382" HPOS="1706" VPOS="2198" WIDTH="84" HEIGHT="34" WC="0.96" CONTENT="bäst"/>
						</TextLine>
					</TextBlock>
				</ComposedBlock>
				<ComposedBlock ID="cblock_4" HPOS="311" VPOS="2249" WIDTH="1437" HEIGHT="62">
					<TextBlock ID="block_7" HPOS="311" VPOS="2249" WIDTH="1437" HEIGHT="62">
						<TextLine ID="line_40" HPOS="311" VPOS="2249" WIDTH="1437" HEIGHT="62">
							<String ID="string_383" HPOS="311" VPOS="2270" WIDTH="130" HEIGHT="41" WC="0.90" CONTENT="Bihang"/><SP WIDTH="24" VPOS="2270" HPOS="441"/>
							<String ID="string_384" HPOS="465" VPOS="2269" WIDTH="50" HEIGHT="32" WC="0.96" CONTENT="till"/><SP WIDTH="21" VPOS="2269" HPOS="515"/>
							<String ID="string_385" HPOS="536" VPOS="2269" WIDTH="184" HEIGHT="41" WC="0.96" CONTENT="riksdagens"/><SP WIDTH="22" VPOS="2269" HPOS="720"/>
							<String ID="string_386" HPOS="742" VPOS="2266" WIDTH="156" HEIGHT="44" WC="0.96" CONTENT="protokoll"/><SP WIDTH="22" VPOS="2266" HPOS="898"/>
							<String ID="string_387" HPOS="920" VPOS="2265" WIDTH="97" HEIGHT="32" WC="0.96" CONTENT="1918."/><SP WIDTH="46" VPOS="2265" HPOS="1017"/>
							<String ID="string_388" HPOS="1063" VPOS="2266" WIDTH="20" HEIGHT="29" WC="0.87" CONTENT="9"/><SP WIDTH="21" VPOS="2266" HPOS="1083"/>
							<String ID="string_389" HPOS="1104" VPOS="2264" WIDTH="88" HEIGHT="31" WC="0.95" CONTENT="saml."/><SP WIDTH="25" VPOS="2264" HPOS="1192"/>
							<String ID="string_390" HPOS="1217" VPOS="2265" WIDTH="45" HEIGHT="29" WC="0.95" CONTENT="42"/><SP WIDTH="20" VPOS="2265" HPOS="1262"/>
							<String ID="string_391" HPOS="1282" VPOS="2249" WIDTH="85" HEIGHT="56" WC="0.92" CONTENT="häft."/><SP WIDTH="46" VPOS="2249" HPOS="1367"/>
							<String ID="string_392" HPOS="1413" VPOS="2262" WIDTH="69" HEIGHT="38" WC="0.84" CONTENT="(Nr"/><SP WIDTH="21" VPOS="2262" HPOS="1482"/>
							<String ID="string_393" HPOS="1503" VPOS="2262" WIDTH="68" HEIGHT="36" WC="0.69" CONTENT="38.)"/><SP WIDTH="157" VPOS="2262" HPOS="1571"/>
							<String ID="string_394" HPOS="1728" VPOS="2260" WIDTH="20" HEIGHT="31" WC="0.96" CONTENT="3"/>
						</TextLine>
					</TextBlock>
				</ComposedBlock>
				<ComposedBlock ID="cblock_5" HPOS="1824" VPOS="687" WIDTH="141" HEIGHT="27">
					<TextBlock ID="block_8" HPOS="1824" VPOS="687" WIDTH="141" HEIGHT="27">
						<TextLine ID="line_41" HPOS="1824" VPOS="687" WIDTH="141" HEIGHT="27">
							<String ID="string_395" HPOS="1824" VPOS="687" WIDTH="141" HEIGHT="27" WC="0.96" CONTENT="Utskottet"/>
						</TextLine>
					</TextBlock>
				</ComposedBlock>
				<ComposedBlock ID="cblock_6" HPOS="1840" VPOS="1592" WIDTH="117" HEIGHT="26">
					<TextBlock ID="block_9" HPOS="1840" VPOS="1592" WIDTH="117" HEIGHT="26">
						<TextLine ID="line_42" HPOS="1840" VPOS="1592" WIDTH="117" HEIGHT="26">
							<String ID="string_396" HPOS="1840" VPOS="1592" WIDTH="117" HEIGHT="26" WC="0.93" CONTENT="Motion."/>
						</TextLine>
					</TextBlock>
				</ComposedBlock>
				<ComposedBlock ID="cblock_7" HPOS="1831" VPOS="2147" WIDTH="147" HEIGHT="28">
					<TextBlock ID="block_10" HPOS="1831" VPOS="2147" WIDTH="147" HEIGHT="28">
						<TextLine ID="line_43" HPOS="1831" VPOS="2147" WIDTH="147" HEIGHT="28">
							<String ID="string_397" HPOS="1831" VPOS="2147" WIDTH="147" HEIGHT="28" WC="0.96" CONTENT="Utskottet."/>
						</TextLine>
					</TextBlock>
				</ComposedBlock>
			</PrintSpace>
		</Page>
	</Layout>
</alto>
