2192 2608
231 458 120 27 Motion.

212 909 146 29 Utskottet.

450 120 37 29 14
934 125 231 41 Lagutskottets
1187 129 159 32 utlåtande
1370 132 52 30 Nr
1446 135 49 30 58.

405 208 122 35 klarat
551 211 57 43 sig
632 211 106 44 villig
761 214 55 32 att
840 213 76 35 låta
939 215 141 34 avtalet
1102 218 188 42 upphöra»
1314 220 69 33 har
1402 222 200 43 nämligen,
1624 225 118 43 enligt
1759 229 74 33 vad
1853 230 165 35 erfaren-

406 259 108 35 heten
555 262 95 42 givit
690 262 64 34 vid
791 262 161 45 handen,
982 266 163 35 medfört
1164 268 169 35 oklarhet
1359 270 13 33 i
1399 270 107 45 fråga
1534 284 59 22 om
1622 275 219 44 tolkningen
1869 291 49 22 av
1945 281 71 34 den

403 310 227 35 åtminstone
670 312 12 32 i
718 313 101 33 vissa
860 314 103 34 delar
1002 327 48 22 av
1077 317 130 35 landet
1234 322 141 41 gängse
1403 324 537 47 uppsägningsanteckningen
1968 332 48 42 på

403 360 344 42 hyreskontraktet:
815 364 70 34 »På
925 366 122 42 grund
1089 379 47 22 av
1177 368 124 35 denna
1341 371 75 43 dag
1455 373 116 35 skedd
1599 377 242 44 uppsägning
1869 381 147 41 upphör

403 409 214 36 kontraktet
644 415 57 31 att
728 414 99 42 gälla
855 414 72 34 den
957 427 83 23 ...>

535 460 18 34 I
567 461 108 44 fråga
691 474 60 23 om
767 464 71 34 den
854 465 160 35 sålunda
1028 467 12 33 i
1055 469 283 42 propositionen
1353 471 214 46 föreslagna
1582 475 209 46 ändringen
1812 479 99 34 hava
1930 481 84 34 herr

399 510 127 34 Lovén
556 523 47 22 m.
633 512 36 34 fl.
699 514 12 32 i
738 514 57 34 sin
824 516 141 34 motion
993 517 137 43 anfört,
1160 522 55 32 att
1243 520 220 37 densamma
1490 525 117 44 enligt
1635 527 108 34 deras
1767 530 246 45 uppfattning

401 560 78 33 icke
507 564 42 31 är
576 562 197 44 tillfyllest.
827 565 274 37 Erfarenheten
1121 570 115 42 lärde,
1257 574 56 32 att
1331 572 290 38 förvånansvärt
1641 577 136 43 många
1796 581 217 35 människor

399 610 69 35 lätt
503 611 77 35 låta
607 614 58 43 sig
691 614 140 36 förmås
859 620 55 32 att
942 618 256 37 underteckna
1225 622 238 44 handlingar,
1492 636 59 23 om
1579 637 88 23 vars
1695 627 166 36 innehåll
1889 632 46 33 de
1963 633 47 33 ha

400 661 105 43 ringa
545 663 90 34 eller
674 665 112 43 ingen
828 668 124 43 aning.
1006 669 55 34 De
1102 671 11 33 i
1154 671 180 44 förslaget
1374 675 175 33 använda
1590 677 115 34 orden
1733 679 134 34 utsade
1894 677 115 52 enligt

398 712 296 35 motionärernas
736 716 246 45 uppfattning
1021 720 80 33 icke
1143 722 73 32 vad
1258 733 79 23 som
1365 724 85 34 med
1478 725 83 34 dem
1591 738 119 33 avses,
1739 731 189 43 nämligen
1957 736 53 31 ett

396 761 277 43 godkännande
714 776 48 22 av
793 766 237 46 avflyttning,
1061 772 41 40 ty
1130 771 63 34 det
1220 773 126 42 gamla
1374 776 139 33 avtalet
1540 776 120 35 måste
1688 790 109 24 anses
1825 782 181 43 upphöra,

395 814 95 31 även
532 813 48 34 då
620 817 85 40 nytt
741 817 101 33 avtal
870 818 132 34 träffas
1030 820 85 33 med
1143 832 144 24 samma
1315 824 89 34 eller
1431 825 134 35 ändrat
1592 827 178 36 innehåll.
1823 831 184 36 Motionä-

393 872 111 24 rerna
531 863 200 36 hemställa
759 866 138 44 därför,
927 871 56 32 att
1010 870 106 34 ordet
1144 872 258 45 >avflyttning>
1431 876 184 36 inskrives
1643 879 13 33 i
1683 880 201 43 lagtexten.

526 913 131 44 Enligt
698 917 198 34 utskottets
933 920 247 45 uppfattning
1207 923 117 35 måste
1351 925 115 34 redan
1496 927 71 34 den
1595 940 53 22 nu
1675 931 174 42 gällande
1876 933 129 43 lagens

394 962 235 44 ordalydelse
670 977 109 24 anses
820 968 180 44 medföra,
1042 974 55 31 att
1135 976 52 31 ett
1214 974 94 34 blott
1335 976 330 37 undertecknande
1693 991 47 23 av
1767 992 44 23 en
1840 987 164 41 uppsäg-

392 1013 351 47 ningsanteckning,
785 1018 117 35 sådan
943 1032 79 22 som
1051 1033 90 32 nyss
1174 1025 174 43 angivits,
1377 1027 80 33 icke
1484 1029 136 34 avskär
1648 1030 244 45 hyresgästen
1920 1034 82 34 från

393 1063 265 45 behörigheten
688 1070 54 31 att
769 1068 177 43 påfordra
974 1071 275 43 hyresnämnds
1276 1077 197 44 prövning.
1525 1073 116 40 Ännu
1669 1081 186 44 tydligare
1890 1084 113 35 fram-

390 1113 67 42 går
497 1114 104 36 detta
637 1127 48 23 av
712 1117 72 35 den
811 1119 12 33 i
850 1122 283 42 propositionen
1160 1124 214 45 föreslagna
1400 1127 305 46 formuleringen.
1760 1133 242 36 Motionärer-

390 1175 68 23 nas
486 1165 68 34 här
581 1166 157 35 berörda
765 1169 141 44 förslag
933 1183 111 31 synes
1072 1173 129 35 därför
1226 1176 80 34 icke
1334 1177 187 35 innefatta
1548 1179 126 44 någon
1693 1182 218 45 nödvändig
1929 1185 72 34 för-

390 1215 171 44 ändring.
628 1217 58 34 Då
727 1219 71 34 den
839 1231 48 23 av
927 1223 277 36 motionärerna
1244 1225 216 46 föreslagna
1498 1229 294 46 formuleringen
1833 1234 167 36 däremot

388 1265 118 34 skulle
551 1267 136 44 betaga
726 1273 176 39 parterna
942 1273 246 43 möjligheten
1220 1279 55 31 att
1302 1278 198 44 godvilligt
1525 1281 114 34 träffa
1667 1284 221 42 uppgörelse
1915 1286 13 33 i
1956 1286 44 34 de

387 1314 78 43 fall,
494 1316 49 34 då
571 1317 45 34 de
644 1321 65 31 äro
738 1331 85 23 ense
843 1332 60 23 om
931 1325 56 32 att
1013 1324 246 44 hyresgästen
1287 1328 95 34 skall
1411 1329 138 35 kvarbo
1576 1331 51 43 på
1653 1333 102 34 vissa
1774 1333 225 38 förändrade

386 1365 146 44 villkor,
561 1379 111 23 anser
700 1370 58 42 sig
784 1371 183 36 utskottet
993 1374 90 34 böra
1110 1377 179 42 avstyrka
1317 1380 190 33 motionen
1535 1381 12 33 i
1574 1382 70 33 här
1671 1383 156 35 berörda
1855 1385 71 35 del.

519 1417 180 36 Däremot
738 1420 156 36 föreslår
934 1424 192 44 utskottet,
1168 1430 168 32 närmast
1376 1430 12 33 i
1415 1429 281 46 förtydligande
1723 1434 109 43 syfte,
1860 1439 137 32 tvenne

387 1466 119 34 andra
533 1468 207 44 ändringar
765 1472 13 32 i
805 1471 293 47 formuleringen
1127 1487 49 22 av
1202 1477 290 45 ifrågavarande
1519 1483 132 41 punkt.
1705 1484 75 34 För
1798 1485 63 35 det
1878 1486 117 35 första

385 1527 111 31 synes
537 1517 63 35 det
637 1521 189 43 nämligen
868 1523 98 35 klart
1006 1525 89 34 böra
1123 1529 164 41 utsägas,
1316 1532 56 31 att
1399 1533 53 31 ett
1478 1532 250 43 medgivande
1755 1535 85 34 från
1868 1537 127 43 hyres-

383 1569 152 40 gästens
563 1568 93 43 sida,
687 1570 136 35 sådant
850 1583 79 23 som
958 1575 68 32 här
1052 1587 120 32 avses,
1200 1577 59 34 för
1286 1581 55 32 att
1363 1582 72 40 äga
1454 1581 174 42 gällande
1648 1583 101 36 kraft
1768 1586 118 35 måste
1905 1599 89 23 vara

382 1617 151 43 avgivet
572 1618 96 35 efter
708 1620 272 43 hyresavtalets
1019 1625 195 43 ingående.
1268 1628 68 35 Ett
1376 1630 259 45 medgivande,
1674 1645 77 24 som
1781 1636 212 36 avfordrats

382 1667 245 44 hyresgästen
656 1670 123 35 såsom
807 1673 135 34 villkor
968 1674 58 35 för
1052 1676 249 45 upplåtelsen,
1331 1683 42 31 är
1399 1682 188 43 nämligen
1608 1684 117 44 enligt
1747 1686 43 33 14
1806 1684 23 44 $
1845 1688 20 33 2
1881 1700 110 22 mom.

381 1717 80 34 icke
501 1718 95 35 blott
636 1721 159 43 ogiltigt,
829 1726 91 31 utan
948 1725 57 33 till
1033 1727 69 33 och
1131 1728 84 34 med
1244 1730 244 44 straffbelagt.
1543 1733 75 34 För
1646 1734 63 35 det
1736 1737 118 34 andra
1881 1750 111 31 synes

381 1767 106 35 ordet
527 1770 178 34 »lämnat»>
747 1770 26 44 (i
814 1776 313 44 sammanhanget
1168 1778 105 34 »>eller
1300 1780 303 43 hyresnämnden
1631 1785 144 36 lämnat
1802 1788 66 34 sitt
1894 1800 98 22 sam-

379 1816 141 44 tycke»)
549 1820 138 34 bereda
714 1823 99 41 plats
840 1823 59 35 för
925 1826 224 43 tvivelsmål,
1179 1828 187 36 huruvida
1393 1832 81 34 icke
1500 1833 277 43 hyresnämnds
1800 1839 190 43 samtycke

380 1867 117 35 mäste
537 1869 129 44 föregå
708 1872 71 34 den
816 1874 260 46 civilrättsliga
1116 1881 301 43 uppsägningen.
1470 1882 130 45 Enligt
1627 1885 74 34 den
1729 1887 56 33 till
1813 1889 176 43 stadgan-

379 1917 62 35 det
481 1918 136 44 fogade
658 1923 271 44 motiveringen
972 1927 93 33 skall
1107 1928 63 35 det
1210 1931 206 34 emellertid
1456 1944 90 23 vara
1583 1935 189 45 likgiltigt,
1801 1938 186 36 huruvida

378 1968 323 43 hyresnämndens
742 1976 190 41 samtycke
959 1977 145 35 lämnas
1132 1979 80 34 före
1240 1981 89 34 eller
1356 1982 95 34 efter
1477 1986 299 44 uppsägningen,
1804 1988 95 35 blott
1927 1990 62 34 det

378 2018 190 36 meddelas
596 2021 69 35 sist
692 2022 22 34 å
742 2023 71 34 den
842 2025 84 43 dag,
956 2026 48 35 då
1031 2031 241 43 uppsägning
1299 2032 69 35 sist
1395 2033 73 34 kan
1496 2035 74 34 ske.
