1872 2812
280 163 116 31 Andra
414 164 200 32 kammarens
635 165 143 30 andra
799 165 165 39 tillfälliga
980 167 138 30 utskotts
1134 167 165 31 utlåtande
1316 178 42 20 nr
1373 170 48 28 11.
1579 168 18 30 3

764 436 63 38 Nr
853 436 74 39 11.

744 553 104 25 Ankom
865 554 41 24 till
924 554 154 32 riksdagens
1095 553 85 26 kansli
1198 555 49 24 den
1263 555 16 23 4
1296 555 68 31 april
1383 556 65 23 1946
1465 554 34 25 kl.
1517 556 13 22 1
1549 562 48 17 em.

266 679 115 31 Andra
409 679 202 31 kammarens
644 680 145 31 andra
821 680 168 38 tillfälliga
1015 681 137 31 utskotts
1178 681 168 30 utlåtande
1373 682 77 29 över
1475 681 124 30 motion

425 734 162 36 angående
606 733 250 39 förstatligande
876 744 39 20 av
935 734 304 30 AEG-koncernens
1259 734 58 30 och
1335 733 184 32 Elektriska
1537 734 60 29 AB

427 786 140 32 Swemens
585 786 126 39 företag
729 788 11 30 i
759 787 142 38 Sverige.

190 910 17 29 I
227 909 129 39 motion,
377 920 41 20 nr
439 910 69 38 187,
527 911 41 31 ha
585 911 114 30 herrar
716 911 183 31 Johansson
917 912 10 30 i
949 911 182 31 Stockholm
1150 911 58 30 och
1226 912 140 30 Persson
1384 911 11 30 i
1415 911 182 31 Stockholm

105 963 172 38 hemställt,
297 967 48 27 att
364 963 172 39 riksdagen
552 965 99 30 måtte
668 964 170 31 hemställa
854 964 52 31 till
926 964 122 38 Kungl.
1067 965 70 37 Maj
1151 970 20 27 t
1188 974 50 21 om
1256 964 125 38 förslag
1397 974 52 20 om
1465 964 133 30 förstat-

105 1016 130 38 ligande
253 1026 40 22 av
309 1017 306 31 AEG-konecernens
633 1017 58 31 och
710 1017 187 31 Elektriska
913 1018 61 29 AB
996 1017 140 31 Siemens
1152 1017 128 38 företag
1297 1018 11 29 i
1323 1017 142 38 Sverige.

190 1079 162 31 Utskottet
390 1080 61 29 har
488 1079 161 32 inhämtat
686 1080 154 37 yttrande
878 1082 73 29 över
978 1080 163 30 motionen
1168 1080 78 30 från
1274 1078 323 39 flyktkapitalbyrån,

106 1133 175 30 försvarets
308 1133 264 38 fabriksstyrelse,
600 1132 339 40 kommerskollegium,
966 1133 351 38 krigsmaterielverket,
1347 1132 251 38 telegrafstyrel-

104 1196 64 28 sen,
205 1186 349 38 vattenfallsstyrelsen,
589 1186 401 39 arbetsgivarföreningen,
1026 1185 498 39 elektricitetsverksföreningen,
1550 1185 49 30 in-

105 1239 294 38 dustriförbundet,
417 1239 363 39 landsorganisationen,
798 1240 134 31 svenska
950 1239 167 32 elektriska
1134 1238 365 38 installatörförbundet,
1518 1239 80 30 elek-

106 1293 101 30 triska
241 1293 197 31 installatörs
472 1293 314 38 organisationernas
820 1292 214 32 riksförbund
1057 1297 84 27 samt
1165 1292 168 32 elektriska
1357 1292 242 38 engrossistför-

107 1346 155 38 eningens
283 1347 58 30 och
362 1346 257 38 elgrossisternas
638 1347 165 37 förenings
824 1346 306 31 samarbetsnämnd.

191 1409 342 37 Kommerskollegium
561 1409 59 30 och
649 1409 314 37 flyktkapitalbyrån
990 1409 43 29 ha
1062 1408 121 31 avstått
1212 1408 76 30 från
1316 1411 49 29 att
1392 1409 78 36 göra
1497 1408 103 36 några

107 1462 189 31 uttalanden
312 1463 11 29 i
338 1462 174 38 sakfrågan
528 1465 82 27 utan
626 1462 149 31 hänvisat
792 1462 51 31 till
859 1462 87 30 vissa
960 1461 276 38 undersökningar
1250 1462 41 37 på
1307 1459 212 32 förevarande
1535 1470 63 20 om-

108 1514 87 38 råde,
222 1515 87 30 vilka
335 1515 119 38 Kungl.
482 1515 101 38 Maj:t
608 1515 75 32 låtit
708 1515 194 38 igångsätta.
928 1513 371 39 Landsorganisationen
1325 1523 103 28 anser,
1456 1516 46 27 att
1526 1513 72 30 med

107 1568 309 38 ställningstagande
435 1568 50 31 till
503 1568 253 31 motionärernas
776 1568 124 38 förslag
917 1567 60 31 bör
997 1569 92 30 anstå
1107 1569 11 30 i
1137 1568 159 31 avvaktan
1314 1569 43 37 på
1376 1569 166 31 resultatet
1559 1579 40 20 av

105 1621 138 31 berörda
265 1621 289 39 undersökningar.
579 1622 54 29 Av
657 1621 176 32 försvarets
855 1621 266 38 fabriksstyrelse,
1146 1622 354 38 krigsmaterielverket,
1525 1622 74 31 tele-

107 1674 230 39 grafstyrelsen
360 1675 60 31 och
441 1675 344 38 vattenfallsstyrelsen
807 1676 189 31 framhålles
1018 1677 255 31 önskvärdheten
1294 1689 40 20 av
1356 1682 49 28 att
1426 1678 64 31 den
1509 1679 90 30 verk-

107 1728 131 38 samhet,
260 1739 67 20 som
347 1728 249 39 ifrågavarande
616 1730 123 37 företag
758 1729 143 38 bedriva,
922 1730 176 31 fortsättes.
1119 1731 48 30 På
1185 1731 98 31 vilket
1304 1733 65 30 sätt
1388 1732 57 30 och
1465 1732 11 30 i
1494 1732 106 30 vilken

108 1785 198 38 omfattning
328 1785 89 31 detta
439 1785 80 31 skall
539 1785 54 32 ske
615 1795 93 21 anser
728 1786 281 38 fabriksstyrelsen
1029 1786 73 31 med
1122 1787 126 38 hänsyn
1269 1788 51 30 till
1340 1788 260 31 verksamhetens

105 1841 166 31 skiftande
291 1845 100 27 natur
412 1841 68 32 icke
499 1842 109 31 kunna
627 1841 149 32 bedömas
796 1845 81 28 utan
897 1852 41 21 en
957 1843 157 37 ingående
1134 1843 247 38 undersökning.
1402 1843 198 38 Krigsmate-

108 1897 169 31 rielverket
297 1907 92 21 anser
407 1897 57 31 det
484 1898 158 37 önskvärt,
664 1903 46 27 att
728 1901 104 28 staten
852 1898 173 31 förvärvar
1042 1899 197 30 ekonomiskt
1257 1898 184 38 inflytande
1460 1900 74 29 över
1551 1898 49 30 fö-

108 1956 140 35 retagen.
270 1954 114 38 Enligt
405 1954 308 38 telegrafstyrelsens
732 1955 131 37 mening
881 1954 92 31 torde
992 1955 162 30 önskvärd
1171 1954 135 32 kontakt
1324 1954 116 31 mellan
1458 1954 39 32 de
1514 1954 86 31 olika

109 2010 274 38 dotterföretagen
402 2011 87 29 inom
507 2011 105 30 AEG-
632 2020 80 28 resp.
735 2010 363 32 Siemenskoncernerna
1116 2011 110 31 lättast
1243 2011 111 31 kunna
1372 2011 101 37 ernås,
1493 2020 52 20 om
1561 2010 40 31 de

107 2066 134 30 svenska
258 2066 166 38 företagen
439 2066 157 31 bibehålla
611 2067 50 31 sin
677 2067 81 30 fulla
772 2067 269 38 självständighet
1057 2067 57 31 och
1131 2067 183 38 därigenom
1328 2067 112 31 kunna
1453 2067 147 38 utnyttja

109 2121 177 31 förvärvad
303 2122 150 38 goodwill
470 2123 87 30 såväl
573 2123 167 31 nationellt
756 2133 67 21 som
839 2123 263 31 internationellt.
1129 2122 353 38 Vattenfallsstyrelsen
1498 2133 101 27 anser,

110 2181 48 29 att
178 2181 44 27 ett
240 2179 207 37 statsföretag
465 2179 100 30 skulle
584 2179 43 30 ha
643 2180 125 36 mycket
784 2180 91 30 svårt
893 2182 50 31 att
960 2178 106 31 hävda
1081 2180 50 37 sig
1148 2181 9 29 i
1175 2189 39 20 en
1230 2179 103 31 sådan
1350 2179 123 37 rörelse,
1491 2189 110 20 varom

108 2234 61 30 här
207 2235 35 29 är
279 2234 103 37 fråga.
425 2234 331 38 Industriförbundet,
795 2234 400 38 arbetsgivarföreningen,
1234 2233 366 31 elektricitetsverksför-

108 2289 147 37 cningen,
282 2289 173 30 elektriska
480 2289 366 38 installatörförbundet,
873 2290 172 30 elektriska
1071 2288 196 31 installatörs
1292 2289 310 37 organisationernas

110 2344 207 31 riksförbund
341 2345 58 30 och
423 2345 224 31 ovannämnda
668 2345 298 31 samarbetsnämnd
989 2345 151 38 avstyrka
1161 2345 169 30 motionen.

196 2450 159 31 Utskottet
374 2450 61 30 har
455 2450 168 38 inhämtat,
642 2455 49 28 att
709 2449 122 37 Kungl.
853 2450 102 38 Maj:t
974 2451 102 30 redan
1094 2451 72 30 låtit
1184 2450 184 38 igångsätta
1386 2450 84 31 vissa
1487 2450 114 30 under-

108 2503 182 38 sökningar,
312 2503 55 31 vid
387 2503 87 31 vilka
493 2504 122 37 jämväl
636 2503 38 31 de
694 2504 9 30 i
723 2504 161 30 motionen
904 2503 200 31 avhandlade
1125 2504 155 37 frågorna
1298 2502 91 31 torde
1409 2503 125 30 komma
1554 2506 47 27 att
