2152 2555
752 145 101 32 Stats-
864 143 168 33 Utskottets
1063 141 174 32 Utlåtande
1260 142 60 30 N:o
1344 142 27 30 5.
1778 141 36 29 11

254 226 113 38 blifva
395 226 165 36 likstälde
589 224 77 36 med
692 224 41 35 de
760 223 11 35 i
799 221 154 36 kansliet
980 220 274 48 tjenstgörande,
1282 219 65 35 bar
1376 219 129 47 Kongl.
1530 218 101 46 Maj:t
1652 230 47 22 nu
1717 218 143 34 föresla-

253 280 61 48 git,
353 283 51 31 att
447 279 102 34 deras
590 275 257 37 löneförmåner
885 274 109 34 måtte
1037 272 212 35 bestämmas
1291 271 52 35 för
1377 272 104 34 förste
1516 270 262 35 vaktmästaren
1809 270 53 33 till

256 334 110 44 1,100
396 331 140 41 kronor,
564 328 131 35 hvaraf
720 327 58 34 lön
808 327 73 35 800
910 325 133 35 kronor
1064 323 65 36 och
1149 323 454 47 tjenstgöringspenningar
1627 321 72 36 300
1720 321 142 45 kronor,

253 388 92 32 samt
386 383 54 34 för
476 381 89 34 hvar
606 379 66 35 och
714 390 43 23 en
799 378 38 34 af
867 378 41 34 de
939 377 111 46 begge
1080 376 111 46 öfrige
1222 375 51 35 till
1304 377 72 34 500
1407 375 129 34 kronor
1564 374 9 34 i
1604 373 59 35 lön
1693 372 65 35 och
1790 374 72 33 300

253 437 132 34 kronor
413 434 11 33 i
453 429 466 50 tjenstgöringspenningar,
950 428 78 35 med
1057 431 69 32 rätt
1154 428 53 34 för
1223 427 97 35 desse
1342 426 215 35 sistnämnde
1579 430 51 30 att
1649 423 211 45 derutöfver,

253 487 87 34 efter
369 484 69 35 fem
470 484 56 34 års
554 482 249 47 tjenstgöring,
832 481 186 35 bekomma
1043 484 48 31 ett
1120 478 242 46 ålderstillägg
1392 478 36 34 af
1458 479 68 34 100
1556 477 141 45 kronor,
1719 475 62 35 allt
1800 488 60 22 un-

256 538 61 35 der
360 535 185 36 enahanda
580 533 260 37 bestämmelser
870 532 64 35 och
964 532 126 44 vilkor,
1120 543 71 23 som
1224 532 52 33 för
1304 529 169 35 kansliets
1502 529 237 34 vaktraästare
1771 539 91 32 vore,

258 589 111 46 enligt
411 587 108 36 ofvan
553 585 196 48 åberopade
786 583 346 48 statsrådsprotokoll
1170 583 38 34 af
1242 582 66 34 den
1353 584 18 31 7
1403 580 193 35 December
1624 579 166 35 nästlidet
1814 579 47 40 år,

261 641 77 35 utaf
362 639 136 46 Kongl.
528 637 101 48 Maj:t
657 645 163 38 antagna,
850 640 89 30 samt
967 639 50 30 att
1045 633 223 47 följaktligen
1299 633 160 45 anslaget
1487 632 35 34 åt
1542 631 140 46 Högsta
1701 632 160 34 Domsto-

266 693 57 35 len
352 692 106 34 måtte
485 690 100 46 höjas
613 688 77 35 med
722 690 72 34 650
823 688 144 43 kronor,
996 685 255 36 hemställande
1282 684 187 45 Utskottet,

762 794 58 42 att,
865 790 78 35 med
987 788 101 35 bifall
1129 788 52 35 till
1224 787 129 46 Kongl.
1388 786 118 46 Maj:ts
1534 785 131 46 nådiga
1693 784 170 46 förslag
1841 780 24 60 i

658 843 163 35 afseende
851 842 21 34 å
901 842 41 34 de
971 841 64 34 hos
1063 839 139 47 Högsta
1227 837 203 37 Domstolen
1460 837 157 36 anstälde
1648 836 214 35 vaktmästa-

659 907 55 23 res
742 893 269 45 löneförmåner,
1042 892 137 45 Högsta
1207 889 224 36 Domstolens
1461 889 125 46 anslag
1617 888 56 34 må
1692 888 79 35 med
1791 889 72 33 650

658 947 130 35 kronor
816 944 164 47 förhöjas.

757 1101 612 41 Justitiekanslers-expeditionen.

388 1210 65 33 3:0.
511 1206 62 36 Uti
610 1202 382 49 statsrådsprotokollet
1021 1201 81 46 (Bil.
1131 1201 68 34 N:o
1238 1203 29 42 1,
1297 1211 80 35 pag.
1409 1201 62 43 33)
1499 1202 39 30 är
1567 1196 148 46 anfördt,
1741 1199 52 31 att
1821 1196 40 34 de

258 1261 39 35 af
336 1259 129 46 Kongl.
501 1257 102 47 Maj:t
636 1257 54 34 för
718 1256 393 45 statsdepartementens
1141 1250 355 47 kansliexpeditioner
1524 1252 154 42 antagna
1707 1248 155 45 grunder

258 1323 83 24 vore
370 1310 122 35 endast
523 1309 53 35 till
606 1320 42 23 en
678 1307 55 35 del
762 1306 210 47 tillämpliga
1001 1305 20 34 å
1044 1300 586 48 Justitiekanslers-expeditionen,
1660 1299 65 35 och
1745 1299 118 45 någon

259 1374 118 25 annan
419 1361 207 45 förändring
668 1359 10 34 i
719 1358 132 35 dennas
880 1356 238 46 organisation
1148 1358 118 43 syntes
1296 1354 76 34 icke
1401 1354 121 33 kunna
1549 1350 241 47 ifrågasättas,
1819 1353 44 31 än

259 1419 52 31 att
353 1414 41 34 de
436 1413 46 47 på
524 1412 77 35 dess
643 1414 69 31 stat
744 1408 175 48 uppförda
952 1408 59 34 två
1040 1406 264 47 kopisttjenster
1332 1404 174 45 indroges,
1536 1402 65 36 och
1626 1406 48 31 ett
1702 1401 124 45 anslag
1854 1401 10 33 i

259 1466 117 35 stället
415 1464 130 35 stäldes
574 1462 52 35 till
649 1460 324 49 justitiekanslerns
999 1458 203 46 förfogande
1231 1457 53 34 för
1314 1455 238 47 befrämjande
1582 1454 38 34 af
1644 1452 220 47 göromålens

259 1518 108 46 gång;
409 1515 233 36 hvarförutan
688 1525 41 22 en
767 1511 177 48 jemförlig
977 1508 293 46 löneförbättring
1296 1507 77 35 med
1404 1507 76 44 den,
1510 1518 73 22 som
1612 1505 171 45 begärdes
1812 1503 53 34 för

260 1565 567 51 departementsexpeditionernas
868 1562 222 46 tjenstemän,
1137 1560 108 34 borde
1289 1558 145 35 föreslås
1471 1557 52 34 för
1543 1555 322 47 justitiekanslerns

260 1620 229 44 sekreterare,
519 1618 204 45 registrator
752 1614 65 35 och
847 1614 245 34 vaktmästare.

390 1670 13 33 I
432 1667 361 37 öfverensstämmelse
823 1664 144 35 härmed
997 1664 106 35 borde
1133 1662 43 47 på
1205 1661 175 36 ordinarie
1410 1664 67 30 stat
1507 1659 165 47 uppföras
1700 1658 69 34 för:

389 1722 237 35 sekreteraren
655 1719 10 34 i
694 1714 573 47 Justitiekanslers-expeditionen
1295 1712 58 35 lön
1377 1713 109 42 3,500
1508 1711 131 34 kronor
1659 1709 65 35 och
1745 1709 120 46 tjenst-

261 1772 344 50 göringspenningar
637 1772 107 44 1,500
773 1769 151 44 kronor;

390 1823 231 47 registratorn
667 1821 177 35 derstädes
886 1819 58 34 lön
984 1819 110 45 2,000
1137 1817 130 34 kronor
1310 1815 62 35 och
1417 1812 450 49 tjenstgöringspenningar

265 1880 108 44 1,000
402 1876 148 45 kronor;

392 1928 76 35 med
515 1926 170 47 rättighet
726 1925 53 35 för
820 1924 173 36 hvardera
1035 1922 52 35 till
1130 1921 59 35 två
1231 1920 174 36 särskilda
1446 1917 242 46 ålderstillägg
1730 1916 20 34 å
1794 1917 71 33 500

262 1982 145 45 kronor;

387 2033 261 34 vaktmästaren
690 2028 56 35 lön
787 2029 71 33 300
888 2027 129 34 kronor
1047 2024 63 35 och
1140 2022 452 48 tjenstgöringspenningar
1622 2021 72 33 300
1725 2018 141 44 kronor,

263 2084 77 35 med
365 2087 70 31 rätt
458 2083 56 35 till
543 2086 48 31 ett
619 2078 241 46 ålderstillägg
889 2078 20 34 å
941 2079 70 33 100
1041 2077 149 45 kronor;
1220 2078 90 32 samt

395 2135 52 34 till
483 2131 323 50 justitiekanslerns
848 2128 205 46 förfogande
1095 2128 52 34 för
1188 2127 104 34 ofvan
1335 2124 171 49 uppgifna
1548 2121 165 36 ändamål
1756 2122 110 44 2,500

262 2188 145 43 kronor;
450 2186 64 35 och
543 2185 64 35 har
635 2183 130 46 Kongl.
795 2180 103 47 Maj:t
926 2192 46 22 nu
1001 2179 189 46 föreslagit,
1220 2182 60 41 att,
1310 2177 80 35 med
1419 2173 227 47 iakttagande
1676 2173 10 33 i
1714 2171 152 47 tillämp-

262 2239 73 46 liga
377 2238 96 34 delar
503 2236 34 36 af
576 2235 44 36 de
649 2236 11 34 i
688 2231 385 49 statsrådsprotokollet
1101 2230 53 35 för
1183 2230 66 35 den
1282 2232 16 32 7
1331 2227 193 35 December
1552 2223 167 36 nästlidet
1747 2223 39 35 år
1815 2224 51 33 in-

263 2295 108 41 tagna
399 2287 263 37 bestämmelser
690 2286 64 35 och
784 2285 113 35 vilkor
927 2283 52 34 för
1007 2281 205 48 åtnjutande
1243 2281 40 34 af
1304 2279 197 45 föreslagen
1532 2289 46 35 ny
1598 2275 155 47 aflöning
1773 2275 92 34 inom

1916 1174 151 34 Angående

1883 1211 198 27 Justitrekans-

1882 1246 202 34 lersexpeditio-

1918 1290 69 18 nens
2006 1282 41 31 af-

1900 1317 171 33 löningsstat.
