2244 2614
194 295 149 22 Utskotteta

207 330 128 28 yttrande.

391 198 19 30 6
882 196 255 32 Statsulskotltets
1159 197 171 31 utlåtande
1352 197 53 30 Nr
1426 199 72 29 174.

496 282 134 37 Såsom
667 296 48 22 av
757 281 416 49 departementschefen
1210 281 12 36 i
1264 281 155 37 ärendet
1446 281 226 36 framhållits
1700 281 181 37 innebära
1910 295 100 24 ovan

392 335 166 48 angivna
585 333 268 49 förändringar
879 333 117 48 ingen
1024 332 192 49 rubbning
1245 346 48 22 av
1312 333 218 36 nuvarande
1550 333 459 49 statsbaneorganisation

390 391 90 31 utan
522 391 65 30 äro
629 385 136 36 endast
806 390 55 31 att
902 383 173 37 betrakta
1116 398 81 23 som
1235 397 48 24 en
1320 385 233 48 utvidgning
1580 385 88 36 eller
1695 385 238 49 påbyggnad
1962 399 47 22 av

391 437 218 36 densamma
649 437 13 35 i
699 437 101 36 vissa
829 436 185 36 särskilda
1043 436 224 37 avseenden.
1324 436 88 36 Med
1439 437 151 49 hänsyn
1618 437 128 36 härtill
1775 437 72 36 och
1876 437 45 36 då
1949 442 61 30 ut-

390 489 143 36 skottet
573 488 128 36 funnit
734 488 74 36 den
835 488 12 36 1
876 488 156 36 ärendet
1059 488 174 37 lämnade
1261 488 259 49 utredningen
1548 489 90 48 giva
1665 488 64 37 vid
1759 489 163 47 handen,
1952 494 57 30 att

391 540 46 36 de
465 540 216 48 föreslägna
707 540 285 48 utökningarna
1021 545 64 30 äro
1115 553 45 22 av
1179 539 165 37 behovet
1359 539 210 50 påkallade,
1590 541 69 35 har
1676 541 188 36 utskottet
1882 541 128 36 funnit

391 592 61 49 sig
479 592 93 37 böra
600 592 192 49 tillstyrka
820 592 182 48 förslaget
1031 592 12 35 i
1072 591 124 36 denna
1224 591 73 36 del.

494 644 17 35 I
540 644 279 48 sammanhang
846 643 85 36 med
961 644 135 47 frågan
1124 656 61 23 om
1214 642 232 37 inrättandet
1475 655 47 23 av
1551 656 47 23 en
1619 643 392 48 aktuariebefattning

390 698 21 33 å
439 696 211 35 statistiska
677 695 176 37 kontoret
881 695 68 36 har
976 694 187 37 utskottet
1190 695 65 35 vid
1284 694 240 49 granskning
1552 708 47 22 av
1629 694 45 37 de
1702 695 206 48 uppgifter,
1926 708 82 23 som

389 747 162 36 lämnats
587 747 160 36 rörande
790 747 144 36 arbetet
976 746 195 37 därstädes
1206 746 70 37 och
1306 746 191 37 storleken
1527 759 46 22 av
1602 746 155 36 därmed
1787 747 222 48 sysselsatta

389 799 187 48 personal,
614 799 83 36 icke
734 799 146 36 kunnat
912 798 130 48 undgå
1071 803 54 31 att
1151 798 114 48 finna,
1295 803 56 31 att
1379 798 254 36 kostnaderna
1661 799 59 35 för
1749 798 102 36 detta
1880 798 129 37 arbete

389 864 157 23 numera
573 853 42 34 så
643 851 125 47 ökats,
785 856 54 31 att
863 864 45 22 en
928 850 250 48 nedsättning
1197 850 12 35 i
1229 850 210 48 utgifterna
1458 849 59 37 för
1537 849 207 37 detsamma
1763 853 119 33 måste
1898 863 110 23 anses

391 902 163 48 önsklig.
598 902 74 36 Det
701 915 114 36 synes
843 902 189 37 utskottet
1060 902 127 36 därför
1213 901 95 37 böra
1327 907 110 43 tagas
1457 901 120 36 under
1596 902 277 48 övervägande,
1895 902 113 35 huru-

391 953 88 36 vida
519 954 83 36 icke
643 967 141 35 genom
814 953 261 48 förenklingar
1102 954 12 35 i
1143 953 109 48 fråga
1282 967 62 22 om
1373 953 297 36 arbetsmetoder
1698 953 92 37 eller
1816 956 49 45 på
1893 958 117 31 annat

391 1011 76 30 sätt
509 1019 46 23 en
584 1006 224 48 minskning
836 1019 47 22 av
912 1005 256 37 kostnaderna
1195 1006 60 35 för
1284 1005 125 36 denna
1437 1004 205 50 avdelning
1670 1018 47 23 av
1741 1005 267 49 järnvägssty-

389 1058 123 36 relsen
541 1058 75 35 kan
645 1058 293 36 åstadkommas.
994 1057 60 36 Då
1082 1057 207 36 emellertid
1315 1057 72 36 den
1410 1070 51 22 nu
1480 1057 226 47 ifrågasatta
1724 1070 77 36 nya
1821 1057 188 35 aktuarie-

390 1109 265 49 befattningen
694 1112 20 33 å
756 1109 213 37 statistiska
1005 1108 176 37 kontoret
1208 1111 122 34 måste
1360 1121 108 23 anses
1496 1108 120 36 under
1644 1109 73 35 alla
1746 1107 262 37 förhållanden

389 1161 193 47 behövlig,
625 1160 69 36 har
731 1161 185 36 utskottet
957 1160 81 36 icke
1080 1161 100 35 velat
1220 1165 180 31 motsätta
1428 1160 61 48 sig
1527 1159 238 37 densammas
1793 1159 216 37 inrättande

389 1218 92 31 utan
504 1213 145 47 jämväl
677 1212 12 36 1
719 1212 123 37 denna
870 1212 59 36 del
957 1212 131 36 biträtt
1116 1212 144 48 Kungl.
1290 1211 129 49 Maj:ts
1448 1211 153 49 förslag.

494 1264 57 36 De
579 1264 12 36 i
620 1264 277 48 sammanhang
924 1263 86 36 med
1031 1263 247 36 förevarande
1298 1263 239 49 proposition
1556 1263 228 36 motionsvis
1800 1262 209 37 framförda

390 1316 192 48 förslagen
624 1315 80 37 dels
747 1329 61 23 om
849 1315 268 50 uppflyttande
1151 1328 46 23 av
1225 1328 48 23 en
1302 1314 430 49 sekreterarbefattning
1760 1317 21 33 å
1805 1314 203 48 järnvägs-

390 1368 205 48 styrelsens
636 1368 244 48 förrådsbyrå
907 1367 12 35 1
953 1367 119 36 första
1100 1367 369 47 sekreterargraden,
1499 1366 80 36 dels
1608 1366 70 36 ock
1708 1379 62 23 om
1799 1366 210 48 utbytande

391 1433 46 23 av
466 1419 74 36 fem
569 1419 119 36 förste
708 1418 457 48 bokhållarbefattningar
1185 1421 20 33 å
1222 1417 536 38 förrådsintendentkontoren
1775 1423 78 30 mot
1872 1418 137 35 under-

390 1471 477 47 intendentsbefattningar
894 1470 68 35 har
991 1470 196 47 utskottet,
1216 1470 11 35 i
1257 1469 226 49 anslutning
1511 1470 56 35 till
1596 1470 58 35 sin
1682 1470 12 35 i
1712 1469 213 36 utlåtandet
1945 1482 64 23 an-

390 1522 147 50 gående
577 1522 289 49 propositionen
908 1534 45 22 nr
996 1523 72 34 391
1114 1520 169 37 uttalade
1325 1521 252 48 uppfattning
1618 1534 59 22 om
1706 1520 303 49 uppflyttning
1987 1516 27 60 i

389 1576 119 47 högre
549 1573 229 49 lönegrader
821 1586 47 22 av
909 1572 105 36 vissa
1055 1586 48 22 av
1142 1572 144 48 Kungl.
1330 1572 108 49 Maj:t
1479 1572 217 49 föreslagna
1724 1572 171 49 tjänster,
1924 1572 84 36 icke

391 1631 123 32 ansett
543 1626 60 48 sig
631 1625 130 36 kunna
789 1624 160 37 biträda.

493 1677 129 37 Under
663 1676 239 49 åberopande
944 1689 47 23 av
1032 1676 74 35 vad
1148 1675 187 37 utskottet
1376 1675 159 36 sålunda
1577 1674 126 37 anfört
1736 1675 58 36 får
1822 1675 187 36 utskottet

390 1729 211 47 hemställa,

900 1810 53 30 att
993 1804 218 48 riksdagen,
1240 1803 87 37 med
1360 1804 108 36 bifall
1496 1804 57 36 till
1581 1804 143 48 Kungl.
1755 1804 128 48 Maj:ts
1914 1804 95 36 före-

795 1856 166 36 varande
989 1856 236 48 proposition
1255 1856 73 35 och
1357 1856 85 36 med
1467 1856 136 48 avslag
1622 1858 21 33 å
1662 1856 87 35 herr
1769 1854 240 49 Strömbergs

796 1908 259 36 ovanberörda
1096 1908 144 35 motion
1282 1913 99 30 samt
1417 1907 86 36 med
1544 1907 133 48 avslag
1699 1907 148 48 jämväl
1876 1910 20 33 å
1925 1907 86 36 herr

796 1959 240 37 Anderssons
1082 1960 12 35 1
1133 1959 224 37 Stockholm
1398 1959 13 35 i
1452 1964 127 31 ämnet
1619 1958 138 37 väckta
1798 1959 157 47 motion,
1998 1959 12 35 i

795 2011 72 36 vad
897 2011 71 36 den
998 2024 109 23 avser
1135 2010 248 37 förevarande
1411 2011 248 49 proposition,
1680 2013 73 44 må,
1774 2010 236 36 beträffande

796 2063 140 36 sådana
964 2063 261 47 befattningar
1253 2062 65 36 vid
1347 2068 144 30 statens
1515 2063 220 48 järnvägar,
1764 2062 122 36 vilkas
1906 2062 103 35 antal

796 2115 119 48 enligt
952 2114 454 49 avlöningsreglementet
1447 2114 58 36 för
1536 2114 230 48 tjänstemän
1804 2113 64 36 vid
1905 2119 104 43 post-

796 2167 138 44 verket,
978 2166 306 48 telegrafverket,
1332 2171 142 31 statens
1512 2166 208 48 järnvägar
1756 2165 72 36 och
1865 2170 145 31 statens

795 2218 315 36 vattenfallsverk
1152 2218 96 36 skall
1291 2218 206 36 fastställas
1539 2231 47 22 av
1626 2217 144 49 Kungl.
1801 2217 108 48 Maj:t
1938 2217 72 36 och
