<?xml version="1.0" encoding="UTF-8"?>
<alto xmlns="http://www.loc.gov/standards/alto/ns-v3#" xmlns:xlink="http://www.w3.org/1999/xlink" xmlns:xsi="http://www.w3.org/2001/XMLSchema-instance" xsi:schemaLocation="http://www.loc.gov/standards/alto/ns-v3# http://www.loc.gov/alto/v3/alto-3-0.xsd">
	<Description>
		<MeasurementUnit>pixel</MeasurementUnit>
		<sourceImageInformation>
			<fileName>/tmp/tess_be31eqpj_input.PNG</fileName>
		</sourceImageInformation>
		<OCRProcessing ID="OCR_0">
			<ocrProcessingStep>
				<processingSoftware>
					<softwareName>tesseract 5.3.0</softwareName>
				</processingSoftware>
			</ocrProcessingStep>
		</OCRProcessing>
	</Description>
	<Layout>
		<Page WIDTH="1874" HEIGHT="2842" PHYSICAL_IMG_NR="0" ID="page_0">
			<PrintSpace HPOS="0" VPOS="0" WIDTH="1874" HEIGHT="2842">
				<ComposedBlock ID="cblock_0" HPOS="240" VPOS="135" WIDTH="1032" HEIGHT="35">
					<TextBlock ID="block_0" HPOS="240" VPOS="135" WIDTH="1032" HEIGHT="35">
						<TextLine ID="line_0" HPOS="240" VPOS="135" WIDTH="1032" HEIGHT="35">
							<String ID="string_0" HPOS="240" VPOS="135" WIDTH="18" HEIGHT="31" WC="0.96" CONTENT="6"/><SP WIDTH="458" VPOS="135" HPOS="258"/>
							<String ID="string_1" HPOS="716" VPOS="140" WIDTH="226" HEIGHT="29" WC="0.92" CONTENT="Statsutskottets"/><SP WIDTH="22" VPOS="140" HPOS="942"/>
							<String ID="string_2" HPOS="964" VPOS="141" WIDTH="147" HEIGHT="28" WC="0.96" CONTENT="utlåtande"/><SP WIDTH="23" VPOS="141" HPOS="1111"/>
							<String ID="string_3" HPOS="1134" VPOS="141" WIDTH="48" HEIGHT="29" WC="0.96" CONTENT="Nr"/><SP WIDTH="23" VPOS="141" HPOS="1182"/>
							<String ID="string_4" HPOS="1205" VPOS="142" WIDTH="67" HEIGHT="27" WC="0.48" CONTENT="114."/>
						</TextLine>
					</TextBlock>
				</ComposedBlock>
				<ComposedBlock ID="cblock_1" HPOS="238" VPOS="205" WIDTH="1503" HEIGHT="960">
					<TextBlock ID="block_1" HPOS="238" VPOS="205" WIDTH="1501" HEIGHT="293">
						<TextLine ID="line_1" HPOS="241" VPOS="205" WIDTH="1497" HEIGHT="51">
							<String ID="string_5" HPOS="241" VPOS="212" WIDTH="89" HEIGHT="31" WC="0.12" CONTENT="1939:"/><SP WIDTH="15" VPOS="212" HPOS="330"/>
							<String ID="string_6" HPOS="345" VPOS="211" WIDTH="39" HEIGHT="42" WC="0.12" CONTENT="5)."/><SP WIDTH="46" VPOS="211" HPOS="384"/>
							<String ID="string_7" HPOS="430" VPOS="205" WIDTH="93" HEIGHT="39" WC="0.96" CONTENT="Även"/><SP WIDTH="33" VPOS="205" HPOS="523"/>
							<String ID="string_8" HPOS="556" VPOS="213" WIDTH="54" HEIGHT="31" WC="0.88" CONTENT="för"/><SP WIDTH="32" VPOS="213" HPOS="610"/>
							<String ID="string_9" HPOS="642" VPOS="213" WIDTH="341" HEIGHT="41" WC="0.88" CONTENT="vattenfallsstyrelsen"/><SP WIDTH="29" VPOS="213" HPOS="983"/>
							<String ID="string_10" HPOS="1012" VPOS="214" WIDTH="61" HEIGHT="31" WC="0.96" CONTENT="har"/><SP WIDTH="33" VPOS="214" HPOS="1073"/>
							<String ID="string_11" HPOS="1106" VPOS="214" WIDTH="181" HEIGHT="42" WC="0.93" CONTENT="riksdagen"/><SP WIDTH="34" VPOS="214" HPOS="1287"/>
							<String ID="string_12" HPOS="1321" VPOS="215" WIDTH="117" HEIGHT="41" WC="0.92" CONTENT="plägat"/><SP WIDTH="32" VPOS="215" HPOS="1438"/>
							<String ID="string_13" HPOS="1470" VPOS="216" WIDTH="83" HEIGHT="30" WC="0.96" CONTENT="fatta"/><SP WIDTH="23" VPOS="216" HPOS="1553"/>
							<String ID="string_14" HPOS="1576" VPOS="215" WIDTH="162" HEIGHT="32" WC="0.95" CONTENT="liknande"/>
						</TextLine>
						<TextLine ID="line_2" HPOS="238" VPOS="262" WIDTH="1501" HEIGHT="45">
							<String ID="string_15" HPOS="238" VPOS="262" WIDTH="116" HEIGHT="32" WC="0.96" CONTENT="beslut"/><SP WIDTH="22" VPOS="262" HPOS="354"/>
							<String ID="string_16" HPOS="376" VPOS="262" WIDTH="48" HEIGHT="42" WC="0.93" CONTENT="(se"/><SP WIDTH="23" VPOS="262" HPOS="424"/>
							<String ID="string_17" HPOS="447" VPOS="263" WIDTH="192" HEIGHT="31" WC="0.92" CONTENT="utlåtandet"/><SP WIDTH="22" VPOS="263" HPOS="639"/>
							<String ID="string_18" HPOS="661" VPOS="275" WIDTH="41" HEIGHT="19" WC="0.96" CONTENT="nr"/><SP WIDTH="17" VPOS="275" HPOS="702"/>
							<String ID="string_19" HPOS="719" VPOS="263" WIDTH="77" HEIGHT="42" WC="0.90" CONTENT="116)."/><SP WIDTH="50" VPOS="263" HPOS="796"/>
							<String ID="string_20" HPOS="846" VPOS="264" WIDTH="113" HEIGHT="32" WC="0.96" CONTENT="Dessa"/><SP WIDTH="21" VPOS="264" HPOS="959"/>
							<String ID="string_21" HPOS="980" VPOS="264" WIDTH="115" HEIGHT="32" WC="0.96" CONTENT="beslut"/><SP WIDTH="23" VPOS="264" HPOS="1095"/>
							<String ID="string_22" HPOS="1118" VPOS="265" WIDTH="86" HEIGHT="31" WC="0.96" CONTENT="hava"/><SP WIDTH="14" VPOS="265" HPOS="1204"/>
							<String ID="string_23" HPOS="1218" VPOS="265" WIDTH="148" HEIGHT="31" WC="0.96" CONTENT="lämnats"/><SP WIDTH="20" VPOS="265" HPOS="1366"/>
							<String ID="string_24" HPOS="1386" VPOS="266" WIDTH="53" HEIGHT="31" WC="0.93" CONTENT="för"/><SP WIDTH="14" VPOS="266" HPOS="1439"/>
							<String ID="string_25" HPOS="1453" VPOS="266" WIDTH="286" HEIGHT="41" WC="0.92" CONTENT="femårsperioder"/>
						</TextLine>
						<TextLine ID="line_3" HPOS="240" VPOS="313" WIDTH="1499" HEIGHT="45">
							<String ID="string_26" HPOS="240" VPOS="313" WIDTH="63" HEIGHT="31" WC="0.96" CONTENT="och"/><SP WIDTH="23" VPOS="313" HPOS="303"/>
							<String ID="string_27" HPOS="326" VPOS="315" WIDTH="113" HEIGHT="30" WC="0.96" CONTENT="avsett"/><SP WIDTH="21" VPOS="315" HPOS="439"/>
							<String ID="string_28" HPOS="460" VPOS="315" WIDTH="67" HEIGHT="30" WC="0.96" CONTENT="rätt"/><SP WIDTH="21" VPOS="315" HPOS="527"/>
							<String ID="string_29" HPOS="548" VPOS="314" WIDTH="54" HEIGHT="31" WC="0.96" CONTENT="för"/><SP WIDTH="26" VPOS="314" HPOS="602"/>
							<String ID="string_30" HPOS="628" VPOS="314" WIDTH="125" HEIGHT="41" WC="0.96" CONTENT="Kungl."/><SP WIDTH="24" VPOS="314" HPOS="753"/>
							<String ID="string_31" HPOS="777" VPOS="315" WIDTH="99" HEIGHT="41" WC="0.96" CONTENT="Maj:t"/><SP WIDTH="22" VPOS="315" HPOS="876"/>
							<String ID="string_32" HPOS="898" VPOS="317" WIDTH="50" HEIGHT="29" WC="0.96" CONTENT="att"/><SP WIDTH="21" VPOS="317" HPOS="948"/>
							<String ID="string_33" HPOS="969" VPOS="315" WIDTH="190" HEIGHT="32" WC="0.96" CONTENT="bestämma"/><SP WIDTH="23" VPOS="315" HPOS="1159"/>
							<String ID="string_34" HPOS="1182" VPOS="327" WIDTH="53" HEIGHT="20" WC="0.96" CONTENT="om"/><SP WIDTH="23" VPOS="327" HPOS="1235"/>
							<String ID="string_35" HPOS="1258" VPOS="316" WIDTH="205" HEIGHT="42" WC="0.96" CONTENT="försäljning"/><SP WIDTH="27" VPOS="316" HPOS="1463"/>
							<String ID="string_36" HPOS="1490" VPOS="316" WIDTH="82" HEIGHT="32" WC="0.96" CONTENT="eller"/><SP WIDTH="22" VPOS="316" HPOS="1572"/>
							<String ID="string_37" HPOS="1594" VPOS="316" WIDTH="82" HEIGHT="42" WC="0.97" CONTENT="byte"/><SP WIDTH="23" VPOS="316" HPOS="1676"/>
							<String ID="string_38" HPOS="1699" VPOS="328" WIDTH="40" HEIGHT="19" WC="0.96" CONTENT="av"/>
						</TextLine>
						<TextLine ID="line_4" HPOS="243" VPOS="364" WIDTH="1496" HEIGHT="44">
							<String ID="string_39" HPOS="243" VPOS="365" WIDTH="144" HEIGHT="30" WC="0.88" CONTENT="»tomter"/><SP WIDTH="33" VPOS="365" HPOS="387"/>
							<String ID="string_40" HPOS="420" VPOS="364" WIDTH="63" HEIGHT="31" WC="0.96" CONTENT="och"/><SP WIDTH="33" VPOS="364" HPOS="483"/>
							<String ID="string_41" HPOS="516" VPOS="364" WIDTH="163" HEIGHT="32" WC="0.96" CONTENT="områden"/><SP WIDTH="33" VPOS="364" HPOS="679"/>
							<String ID="string_42" HPOS="712" VPOS="365" WIDTH="73" HEIGHT="31" WC="0.96" CONTENT="från"/><SP WIDTH="35" VPOS="365" HPOS="785"/>
							<String ID="string_43" HPOS="820" VPOS="365" WIDTH="42" HEIGHT="31" WC="0.96" CONTENT="de"/><SP WIDTH="34" VPOS="365" HPOS="862"/>
							<String ID="string_44" HPOS="896" VPOS="366" WIDTH="109" HEIGHT="31" WC="0.96" CONTENT="under"/><SP WIDTH="33" VPOS="366" HPOS="1005"/>
							<String ID="string_45" HPOS="1038" VPOS="366" WIDTH="187" HEIGHT="42" WC="0.96" CONTENT="styrelsens"/><SP WIDTH="23" VPOS="366" HPOS="1225"/>
							<String ID="string_46" HPOS="1248" VPOS="366" WIDTH="209" HEIGHT="42" WC="0.96" CONTENT="förvaltning"/><SP WIDTH="23" VPOS="366" HPOS="1457"/>
							<String ID="string_47" HPOS="1480" VPOS="367" WIDTH="125" HEIGHT="31" WC="0.93" CONTENT="ställda"/><SP WIDTH="21" VPOS="367" HPOS="1605"/>
							<String ID="string_48" HPOS="1626" VPOS="367" WIDTH="113" HEIGHT="41" WC="0.93" CONTENT="fastig-"/>
						</TextLine>
						<TextLine ID="line_5" HPOS="239" VPOS="414" WIDTH="1500" HEIGHT="44">
							<String ID="string_49" HPOS="239" VPOS="414" WIDTH="128" HEIGHT="32" WC="0.88" CONTENT="heter»."/><SP WIDTH="32" VPOS="414" HPOS="367"/>
							<String ID="string_50" HPOS="399" VPOS="414" WIDTH="67" HEIGHT="32" WC="0.88" CONTENT="För"/><SP WIDTH="31" VPOS="414" HPOS="466"/>
							<String ID="string_51" HPOS="497" VPOS="415" WIDTH="378" HEIGHT="41" WC="0.88" CONTENT="generalpoststyrelsens,"/><SP WIDTH="36" VPOS="415" HPOS="875"/>
							<String ID="string_52" HPOS="911" VPOS="416" WIDTH="302" HEIGHT="41" WC="0.91" CONTENT="telegrafstyrelsens"/><SP WIDTH="32" VPOS="416" HPOS="1213"/>
							<String ID="string_53" HPOS="1245" VPOS="417" WIDTH="64" HEIGHT="31" WC="0.93" CONTENT="och"/><SP WIDTH="17" VPOS="417" HPOS="1309"/>
							<String ID="string_54" HPOS="1326" VPOS="416" WIDTH="332" HEIGHT="42" WC="0.91" CONTENT="järnvägsstyrelsens"/><SP WIDTH="26" VPOS="416" HPOS="1658"/>
							<String ID="string_55" HPOS="1684" VPOS="417" WIDTH="55" HEIGHT="32" WC="0.96" CONTENT="del"/>
						</TextLine>
						<TextLine ID="line_6" HPOS="240" VPOS="465" WIDTH="777" HEIGHT="33">
							<String ID="string_56" HPOS="240" VPOS="465" WIDTH="125" HEIGHT="32" WC="0.95" CONTENT="saknas"/><SP WIDTH="23" VPOS="465" HPOS="365"/>
							<String ID="string_57" HPOS="388" VPOS="465" WIDTH="154" HEIGHT="32" WC="0.96" CONTENT="däremot"/><SP WIDTH="22" VPOS="465" HPOS="542"/>
							<String ID="string_58" HPOS="564" VPOS="465" WIDTH="162" HEIGHT="32" WC="0.96" CONTENT="liknande"/><SP WIDTH="23" VPOS="465" HPOS="726"/>
							<String ID="string_59" HPOS="749" VPOS="466" WIDTH="268" HEIGHT="32" WC="0.96" CONTENT="bestämmelser."/>
						</TextLine>
					</TextBlock>
					<TextBlock ID="block_2" HPOS="238" VPOS="516" WIDTH="1503" HEIGHT="590">
						<TextLine ID="line_7" HPOS="291" VPOS="516" WIDTH="1449" HEIGHT="44">
							<String ID="string_60" HPOS="291" VPOS="516" WIDTH="122" HEIGHT="41" WC="0.96" CONTENT="Enligt"/><SP WIDTH="22" VPOS="516" HPOS="413"/>
							<String ID="string_61" HPOS="435" VPOS="516" WIDTH="64" HEIGHT="31" WC="0.96" CONTENT="vad"/><SP WIDTH="23" VPOS="516" HPOS="499"/>
							<String ID="string_62" HPOS="522" VPOS="516" WIDTH="236" HEIGHT="32" WC="0.96" CONTENT="erfarenheten"/><SP WIDTH="23" VPOS="516" HPOS="758"/>
							<String ID="string_63" HPOS="781" VPOS="516" WIDTH="92" HEIGHT="32" WC="0.96" CONTENT="visar"/><SP WIDTH="22" VPOS="516" HPOS="873"/>
							<String ID="string_64" HPOS="895" VPOS="517" WIDTH="88" HEIGHT="41" WC="0.96" CONTENT="gälla"/><SP WIDTH="15" VPOS="517" HPOS="983"/>
							<String ID="string_65" HPOS="998" VPOS="517" WIDTH="101" HEIGHT="32" WC="0.93" CONTENT="dessa"/><SP WIDTH="16" VPOS="517" HPOS="1099"/>
							<String ID="string_66" HPOS="1115" VPOS="517" WIDTH="336" HEIGHT="43" WC="0.90" CONTENT="försäljningsfrågor"/><SP WIDTH="15" VPOS="517" HPOS="1451"/>
							<String ID="string_67" HPOS="1466" VPOS="519" WIDTH="70" HEIGHT="31" WC="0.96" CONTENT="ofta"/><SP WIDTH="16" VPOS="519" HPOS="1536"/>
							<String ID="string_68" HPOS="1552" VPOS="518" WIDTH="53" HEIGHT="32" WC="0.96" CONTENT="till"/><SP WIDTH="17" VPOS="518" HPOS="1605"/>
							<String ID="string_69" HPOS="1622" VPOS="519" WIDTH="118" HEIGHT="31" WC="0.96" CONTENT="värdet"/>
						</TextLine>
						<TextLine ID="line_8" HPOS="240" VPOS="566" WIDTH="1500" HEIGHT="42">
							<String ID="string_70" HPOS="240" VPOS="566" WIDTH="199" HEIGHT="42" WC="0.96" CONTENT="obetydliga"/><SP WIDTH="32" VPOS="566" HPOS="439"/>
							<String ID="string_71" HPOS="471" VPOS="566" WIDTH="171" HEIGHT="38" WC="0.96" CONTENT="områden,"/><SP WIDTH="35" VPOS="566" HPOS="642"/>
							<String ID="string_72" HPOS="677" VPOS="567" WIDTH="106" HEIGHT="31" WC="0.93" CONTENT="vilkas"/><SP WIDTH="23" VPOS="567" HPOS="783"/>
							<String ID="string_73" HPOS="806" VPOS="568" WIDTH="223" HEIGHT="32" WC="0.92" CONTENT="avhändande"/><SP WIDTH="23" VPOS="568" HPOS="1029"/>
							<String ID="string_74" HPOS="1052" VPOS="568" WIDTH="64" HEIGHT="32" WC="0.96" CONTENT="bör"/><SP WIDTH="22" VPOS="568" HPOS="1116"/>
							<String ID="string_75" HPOS="1138" VPOS="568" WIDTH="114" HEIGHT="32" WC="0.96" CONTENT="kunna"/><SP WIDTH="22" VPOS="568" HPOS="1252"/>
							<String ID="string_76" HPOS="1274" VPOS="568" WIDTH="33" HEIGHT="32" WC="0.96" CONTENT="få"/><SP WIDTH="23" VPOS="568" HPOS="1307"/>
							<String ID="string_77" HPOS="1330" VPOS="569" WIDTH="60" HEIGHT="31" WC="0.96" CONTENT="ske"/><SP WIDTH="24" VPOS="569" HPOS="1390"/>
							<String ID="string_78" HPOS="1414" VPOS="571" WIDTH="81" HEIGHT="29" WC="0.96" CONTENT="utan"/><SP WIDTH="22" VPOS="571" HPOS="1495"/>
							<String ID="string_79" HPOS="1517" VPOS="569" WIDTH="223" HEIGHT="32" WC="0.93" CONTENT="inhämtande"/>
						</TextLine>
						<TextLine ID="line_9" HPOS="239" VPOS="617" WIDTH="1501" HEIGHT="44">
							<String ID="string_80" HPOS="239" VPOS="628" WIDTH="40" HEIGHT="20" WC="0.96" CONTENT="av"/><SP WIDTH="23" VPOS="628" HPOS="279"/>
							<String ID="string_81" HPOS="302" VPOS="617" WIDTH="201" HEIGHT="41" WC="0.96" CONTENT="riksdagens"/><SP WIDTH="23" VPOS="617" HPOS="503"/>
							<String ID="string_82" HPOS="526" VPOS="617" WIDTH="225" HEIGHT="42" WC="0.95" CONTENT="medgivande"/><SP WIDTH="22" VPOS="617" HPOS="751"/>
							<String ID="string_83" HPOS="773" VPOS="618" WIDTH="12" HEIGHT="31" WC="0.91" CONTENT="1"/><SP WIDTH="23" VPOS="618" HPOS="785"/>
							<String ID="string_84" HPOS="808" VPOS="618" WIDTH="92" HEIGHT="41" WC="0.96" CONTENT="varje"/><SP WIDTH="24" VPOS="618" HPOS="900"/>
							<String ID="string_85" HPOS="924" VPOS="618" WIDTH="125" HEIGHT="32" WC="0.96" CONTENT="enskilt"/><SP WIDTH="23" VPOS="618" HPOS="1049"/>
							<String ID="string_86" HPOS="1072" VPOS="619" WIDTH="135" HEIGHT="32" WC="0.94" CONTENT="ärende."/><SP WIDTH="45" VPOS="619" HPOS="1207"/>
							<String ID="string_87" HPOS="1252" VPOS="619" WIDTH="75" HEIGHT="31" WC="0.95" CONTENT="Vad"/><SP WIDTH="22" VPOS="619" HPOS="1327"/>
							<String ID="string_88" HPOS="1349" VPOS="620" WIDTH="138" HEIGHT="31" WC="0.96" CONTENT="särskilt"/><SP WIDTH="16" VPOS="620" HPOS="1487"/>
							<String ID="string_89" HPOS="1503" VPOS="620" WIDTH="41" HEIGHT="31" WC="0.96" CONTENT="de"/><SP WIDTH="17" VPOS="620" HPOS="1544"/>
							<String ID="string_90" HPOS="1561" VPOS="620" WIDTH="74" HEIGHT="41" WC="0.93" CONTENT="fyra"/><SP WIDTH="15" VPOS="620" HPOS="1635"/>
							<String ID="string_91" HPOS="1650" VPOS="620" WIDTH="90" HEIGHT="31" WC="0.93" CONTENT="kom-"/>
						</TextLine>
						<TextLine ID="line_10" HPOS="239" VPOS="668" WIDTH="1500" HEIGHT="44">
							<String ID="string_92" HPOS="239" VPOS="668" WIDTH="361" HEIGHT="32" WC="0.91" CONTENT="munikationsverken"/><SP WIDTH="35" VPOS="668" HPOS="600"/>
							<String ID="string_93" HPOS="635" VPOS="668" WIDTH="160" HEIGHT="32" WC="0.96" CONTENT="beträffar"/><SP WIDTH="33" VPOS="668" HPOS="795"/>
							<String ID="string_94" HPOS="828" VPOS="679" WIDTH="105" HEIGHT="31" WC="0.96" CONTENT="synes"/><SP WIDTH="34" VPOS="679" HPOS="933"/>
							<String ID="string_95" HPOS="967" VPOS="669" WIDTH="57" HEIGHT="31" WC="0.96" CONTENT="det"/><SP WIDTH="34" VPOS="669" HPOS="1024"/>
							<String ID="string_96" HPOS="1058" VPOS="669" WIDTH="171" HEIGHT="38" WC="0.96" CONTENT="önskvärt,"/><SP WIDTH="25" VPOS="669" HPOS="1229"/>
							<String ID="string_97" HPOS="1254" VPOS="672" WIDTH="58" HEIGHT="36" WC="0.95" CONTENT="att,"/><SP WIDTH="24" VPOS="672" HPOS="1312"/>
							<String ID="string_98" HPOS="1336" VPOS="672" WIDTH="45" HEIGHT="40" WC="0.96" CONTENT="på"/><SP WIDTH="23" VPOS="672" HPOS="1381"/>
							<String ID="string_99" HPOS="1404" VPOS="681" WIDTH="127" HEIGHT="20" WC="0.96" CONTENT="samma"/><SP WIDTH="24" VPOS="681" HPOS="1531"/>
							<String ID="string_100" HPOS="1555" VPOS="672" WIDTH="90" HEIGHT="40" WC="0.96" CONTENT="gång"/><SP WIDTH="21" VPOS="672" HPOS="1645"/>
							<String ID="string_101" HPOS="1666" VPOS="681" WIDTH="73" HEIGHT="21" WC="0.96" CONTENT="som"/>
						</TextLine>
						<TextLine ID="line_11" HPOS="240" VPOS="718" WIDTH="1499" HEIGHT="45">
							<String ID="string_102" HPOS="240" VPOS="718" WIDTH="206" HEIGHT="32" WC="0.94" CONTENT="hithörande"/><SP WIDTH="23" VPOS="718" HPOS="446"/>
							<String ID="string_103" HPOS="469" VPOS="729" WIDTH="135" HEIGHT="21" WC="0.96" CONTENT="normer"/><SP WIDTH="22" VPOS="729" HPOS="604"/>
							<String ID="string_104" HPOS="626" VPOS="720" WIDTH="100" HEIGHT="40" WC="0.96" CONTENT="göras"/><SP WIDTH="27" VPOS="720" HPOS="726"/>
							<String ID="string_105" HPOS="753" VPOS="730" WIDTH="93" HEIGHT="21" WC="0.96" CONTENT="mera"/><SP WIDTH="24" VPOS="730" HPOS="846"/>
							<String ID="string_106" HPOS="870" VPOS="719" WIDTH="179" HEIGHT="42" WC="0.95" CONTENT="enhetliga,"/><SP WIDTH="15" VPOS="719" HPOS="1049"/>
							<String ID="string_107" HPOS="1064" VPOS="720" WIDTH="42" HEIGHT="31" WC="0.96" CONTENT="de"/><SP WIDTH="24" VPOS="720" HPOS="1106"/>
							<String ID="string_108" HPOS="1130" VPOS="720" WIDTH="102" HEIGHT="32" WC="0.96" CONTENT="också"/><SP WIDTH="23" VPOS="720" HPOS="1232"/>
							<String ID="string_109" HPOS="1255" VPOS="722" WIDTH="37" HEIGHT="30" WC="0.91" CONTENT="så"/><SP WIDTH="23" VPOS="722" HPOS="1292"/>
							<String ID="string_110" HPOS="1315" VPOS="721" WIDTH="145" HEIGHT="31" WC="0.91" CONTENT="avfattas"/><SP WIDTH="24" VPOS="721" HPOS="1460"/>
							<String ID="string_111" HPOS="1484" VPOS="723" WIDTH="49" HEIGHT="29" WC="0.6" CONTENT="att"/><SP WIDTH="12" VPOS="723" HPOS="1533"/>
							<String ID="string_112" HPOS="1545" VPOS="721" WIDTH="194" HEIGHT="42" WC="0.6" CONTENT="tidsenliga,"/>
						</TextLine>
						<TextLine ID="line_12" HPOS="240" VPOS="770" WIDTH="1499" HEIGHT="43">
							<String ID="string_113" HPOS="240" VPOS="781" WIDTH="92" HEIGHT="20" WC="0.95" CONTENT="mera"/><SP WIDTH="24" VPOS="781" HPOS="332"/>
							<String ID="string_114" HPOS="356" VPOS="770" WIDTH="252" HEIGHT="41" WC="0.96" CONTENT="affärsmässiga"/><SP WIDTH="31" VPOS="770" HPOS="608"/>
							<String ID="string_115" HPOS="639" VPOS="770" WIDTH="213" HEIGHT="42" WC="0.96" CONTENT="synpunkter"/><SP WIDTH="22" VPOS="770" HPOS="852"/>
							<String ID="string_116" HPOS="874" VPOS="771" WIDTH="115" HEIGHT="31" WC="0.96" CONTENT="kunna"/><SP WIDTH="23" VPOS="771" HPOS="989"/>
							<String ID="string_117" HPOS="1012" VPOS="771" WIDTH="212" HEIGHT="41" WC="0.95" CONTENT="tillgodoses,"/><SP WIDTH="24" VPOS="771" HPOS="1224"/>
							<String ID="string_118" HPOS="1248" VPOS="773" WIDTH="83" HEIGHT="30" WC="0.96" CONTENT="utan"/><SP WIDTH="24" VPOS="773" HPOS="1331"/>
							<String ID="string_119" HPOS="1355" VPOS="773" WIDTH="51" HEIGHT="30" WC="0.96" CONTENT="att"/><SP WIDTH="22" VPOS="773" HPOS="1406"/>
							<String ID="string_120" HPOS="1428" VPOS="772" WIDTH="86" HEIGHT="31" WC="0.96" CONTENT="dock"/><SP WIDTH="23" VPOS="772" HPOS="1514"/>
							<String ID="string_121" HPOS="1537" VPOS="771" WIDTH="202" HEIGHT="42" WC="0.96" CONTENT="riksdagens"/>
						</TextLine>
						<TextLine ID="line_13" HPOS="238" VPOS="820" WIDTH="1501" HEIGHT="44">
							<String ID="string_122" HPOS="238" VPOS="820" WIDTH="295" HEIGHT="42" WC="0.92" CONTENT="grundlagsenligt"/><SP WIDTH="22" VPOS="820" HPOS="533"/>
							<String ID="string_123" HPOS="555" VPOS="821" WIDTH="195" HEIGHT="31" WC="0.96" CONTENT="fastställda"/><SP WIDTH="22" VPOS="821" HPOS="750"/>
							<String ID="string_124" HPOS="772" VPOS="821" WIDTH="202" HEIGHT="41" WC="0.93" CONTENT="rättigheter"/><SP WIDTH="22" VPOS="821" HPOS="974"/>
							<String ID="string_125" HPOS="996" VPOS="821" WIDTH="217" HEIGHT="32" WC="0.92" CONTENT="åsidosättas."/><SP WIDTH="37" VPOS="821" HPOS="1213"/>
							<String ID="string_126" HPOS="1250" VPOS="822" WIDTH="180" HEIGHT="32" WC="0.96" CONTENT="Utskottet"/><SP WIDTH="17" VPOS="822" HPOS="1430"/>
							<String ID="string_127" HPOS="1447" VPOS="833" WIDTH="99" HEIGHT="20" WC="0.96" CONTENT="anser"/><SP WIDTH="13" VPOS="833" HPOS="1546"/>
							<String ID="string_128" HPOS="1559" VPOS="822" WIDTH="53" HEIGHT="42" WC="0.96" CONTENT="sig"/><SP WIDTH="12" VPOS="822" HPOS="1612"/>
							<String ID="string_129" HPOS="1624" VPOS="822" WIDTH="115" HEIGHT="32" WC="0.96" CONTENT="kunna"/>
						</TextLine>
						<TextLine ID="line_14" HPOS="239" VPOS="871" WIDTH="1500" HEIGHT="43">
							<String ID="string_130" HPOS="239" VPOS="871" WIDTH="194" HEIGHT="38" WC="0.95" CONTENT="förutsätta,"/><SP WIDTH="34" VPOS="871" HPOS="433"/>
							<String ID="string_131" HPOS="467" VPOS="873" WIDTH="49" HEIGHT="29" WC="0.96" CONTENT="att"/><SP WIDTH="32" VPOS="873" HPOS="516"/>
							<String ID="string_132" HPOS="548" VPOS="871" WIDTH="61" HEIGHT="31" WC="0.96" CONTENT="här"/><SP WIDTH="34" VPOS="871" HPOS="609"/>
							<String ID="string_133" HPOS="643" VPOS="871" WIDTH="146" HEIGHT="32" WC="0.96" CONTENT="berörda"/><SP WIDTH="34" VPOS="871" HPOS="789"/>
							<String ID="string_134" HPOS="823" VPOS="872" WIDTH="169" HEIGHT="41" WC="0.96" CONTENT="spörsmål"/><SP WIDTH="34" VPOS="872" HPOS="992"/>
							<String ID="string_135" HPOS="1026" VPOS="883" WIDTH="41" HEIGHT="21" WC="0.96" CONTENT="av"/><SP WIDTH="33" VPOS="883" HPOS="1067"/>
							<String ID="string_136" HPOS="1100" VPOS="872" WIDTH="126" HEIGHT="42" WC="0.95" CONTENT="Kungl."/><SP WIDTH="36" VPOS="872" HPOS="1226"/>
							<String ID="string_137" HPOS="1262" VPOS="873" WIDTH="99" HEIGHT="41" WC="0.93" CONTENT="Maj:t"/><SP WIDTH="34" VPOS="873" HPOS="1361"/>
							<String ID="string_138" HPOS="1395" VPOS="874" WIDTH="193" HEIGHT="40" WC="0.88" CONTENT="överväges,"/><SP WIDTH="35" VPOS="874" HPOS="1588"/>
							<String ID="string_139" HPOS="1623" VPOS="873" WIDTH="116" HEIGHT="31" WC="0.96" CONTENT="varvid"/>
						</TextLine>
						<TextLine ID="line_15" HPOS="240" VPOS="922" WIDTH="1500" HEIGHT="43">
							<String ID="string_140" HPOS="240" VPOS="922" WIDTH="57" HEIGHT="31" WC="0.96" CONTENT="det"/><SP WIDTH="28" VPOS="922" HPOS="297"/>
							<String ID="string_141" HPOS="325" VPOS="922" WIDTH="105" HEIGHT="31" WC="0.96" CONTENT="också"/><SP WIDTH="32" VPOS="922" HPOS="430"/>
							<String ID="string_142" HPOS="462" VPOS="922" WIDTH="66" HEIGHT="31" WC="0.95" CONTENT="blir"/><SP WIDTH="32" VPOS="922" HPOS="528"/>
							<String ID="string_143" HPOS="560" VPOS="922" WIDTH="136" HEIGHT="31" WC="0.95" CONTENT="tillfälle"/><SP WIDTH="33" VPOS="922" HPOS="696"/>
							<String ID="string_144" HPOS="729" VPOS="924" WIDTH="77" HEIGHT="40" WC="0.96" CONTENT="taga"/><SP WIDTH="34" VPOS="924" HPOS="806"/>
							<String ID="string_145" HPOS="840" VPOS="924" WIDTH="153" HEIGHT="30" WC="0.70" CONTENT="närmare"/><SP WIDTH="34" VPOS="924" HPOS="993"/>
							<String ID="string_146" HPOS="1027" VPOS="923" WIDTH="164" HEIGHT="41" WC="0.95" CONTENT="ställning"/><SP WIDTH="33" VPOS="923" HPOS="1191"/>
							<String ID="string_147" HPOS="1224" VPOS="923" WIDTH="52" HEIGHT="31" WC="0.96" CONTENT="till"/><SP WIDTH="34" VPOS="923" HPOS="1276"/>
							<String ID="string_148" HPOS="1310" VPOS="924" WIDTH="118" HEIGHT="41" WC="0.95" CONTENT="frågan"/><SP WIDTH="33" VPOS="924" HPOS="1428"/>
							<String ID="string_149" HPOS="1461" VPOS="923" WIDTH="11" HEIGHT="31" WC="0.95" CONTENT="i"/><SP WIDTH="30" VPOS="923" HPOS="1472"/>
							<String ID="string_150" HPOS="1502" VPOS="923" WIDTH="65" HEIGHT="31" WC="0.96" CONTENT="vad"/><SP WIDTH="24" VPOS="923" HPOS="1567"/>
							<String ID="string_151" HPOS="1591" VPOS="925" WIDTH="78" HEIGHT="30" WC="0.93" CONTENT="mån"/><SP WIDTH="24" VPOS="925" HPOS="1669"/>
							<String ID="string_152" HPOS="1693" VPOS="925" WIDTH="47" HEIGHT="30" WC="0.92" CONTENT="ut-"/>
						</TextLine>
						<TextLine ID="line_16" HPOS="241" VPOS="972" WIDTH="1500" HEIGHT="43">
							<String ID="string_153" HPOS="241" VPOS="972" WIDTH="166" HEIGHT="42" WC="0.90" CONTENT="tryckliga"/><SP WIDTH="32" VPOS="972" HPOS="407"/>
							<String ID="string_154" HPOS="439" VPOS="972" WIDTH="212" HEIGHT="32" WC="0.96" CONTENT="föreskrifter"/><SP WIDTH="32" VPOS="972" HPOS="651"/>
							<String ID="string_155" HPOS="683" VPOS="973" WIDTH="122" HEIGHT="41" WC="0.93" CONTENT="jämväl"/><SP WIDTH="23" VPOS="973" HPOS="805"/>
							<String ID="string_156" HPOS="828" VPOS="973" WIDTH="117" HEIGHT="31" WC="0.96" CONTENT="kunna"/><SP WIDTH="22" VPOS="973" HPOS="945"/>
							<String ID="string_157" HPOS="967" VPOS="984" WIDTH="78" HEIGHT="20" WC="0.95" CONTENT="vara"/><SP WIDTH="22" VPOS="984" HPOS="1045"/>
							<String ID="string_158" HPOS="1067" VPOS="973" WIDTH="183" HEIGHT="42" WC="0.96" CONTENT="behövliga"/><SP WIDTH="22" VPOS="973" HPOS="1250"/>
							<String ID="string_159" HPOS="1272" VPOS="974" WIDTH="212" HEIGHT="31" WC="0.93" CONTENT="beträffande"/><SP WIDTH="22" VPOS="974" HPOS="1484"/>
							<String ID="string_160" HPOS="1506" VPOS="974" WIDTH="173" HEIGHT="41" WC="0.91" CONTENT="avyttring"/><SP WIDTH="22" VPOS="974" HPOS="1679"/>
							<String ID="string_161" HPOS="1701" VPOS="985" WIDTH="40" HEIGHT="20" WC="0.96" CONTENT="av"/>
						</TextLine>
						<TextLine ID="line_17" HPOS="239" VPOS="1023" WIDTH="1500" HEIGHT="43">
							<String ID="string_162" HPOS="239" VPOS="1023" WIDTH="179" HEIGHT="42" WC="0.95" CONTENT="egendom,"/><SP WIDTH="24" VPOS="1023" HPOS="418"/>
							<String ID="string_163" HPOS="442" VPOS="1034" WIDTH="72" HEIGHT="21" WC="0.96" CONTENT="som"/><SP WIDTH="23" VPOS="1034" HPOS="514"/>
							<String ID="string_164" HPOS="537" VPOS="1024" WIDTH="189" HEIGHT="31" WC="0.96" CONTENT="förvärvats"/><SP WIDTH="23" VPOS="1024" HPOS="726"/>
							<String ID="string_165" HPOS="749" VPOS="1035" WIDTH="39" HEIGHT="20" WC="0.96" CONTENT="av"/><SP WIDTH="24" VPOS="1035" HPOS="788"/>
							<String ID="string_166" HPOS="812" VPOS="1025" WIDTH="114" HEIGHT="30" WC="0.96" CONTENT="staten"/><SP WIDTH="23" VPOS="1025" HPOS="926"/>
							<String ID="string_167" HPOS="949" VPOS="1024" WIDTH="11" HEIGHT="31" WC="0.96" CONTENT="i"/><SP WIDTH="24" VPOS="1024" HPOS="960"/>
							<String ID="string_168" HPOS="984" VPOS="1024" WIDTH="167" HEIGHT="31" WC="0.95" CONTENT="samband"/><SP WIDTH="24" VPOS="1024" HPOS="1151"/>
							<String ID="string_169" HPOS="1175" VPOS="1024" WIDTH="76" HEIGHT="32" WC="0.96" CONTENT="med"/><SP WIDTH="16" VPOS="1024" HPOS="1251"/>
							<String ID="string_170" HPOS="1267" VPOS="1024" WIDTH="194" HEIGHT="42" WC="0.96" CONTENT="bevakning"/><SP WIDTH="15" VPOS="1024" HPOS="1461"/>
							<String ID="string_171" HPOS="1476" VPOS="1036" WIDTH="39" HEIGHT="20" WC="0.96" CONTENT="av"/><SP WIDTH="17" VPOS="1036" HPOS="1515"/>
							<String ID="string_172" HPOS="1532" VPOS="1035" WIDTH="41" HEIGHT="21" WC="0.96" CONTENT="en"/><SP WIDTH="17" VPOS="1035" HPOS="1573"/>
							<String ID="string_173" HPOS="1590" VPOS="1025" WIDTH="149" HEIGHT="31" WC="0.96" CONTENT="kronans"/>
						</TextLine>
						<TextLine ID="line_18" HPOS="239" VPOS="1074" WIDTH="150" HEIGHT="32">
							<String ID="string_174" HPOS="239" VPOS="1074" WIDTH="150" HEIGHT="32" WC="0.96" CONTENT="fordran."/>
						</TextLine>
					</TextBlock>
					<TextBlock ID="block_3" HPOS="292" VPOS="1124" WIDTH="1312" HEIGHT="41">
						<TextLine ID="line_19" HPOS="292" VPOS="1124" WIDTH="1312" HEIGHT="41">
							<String ID="string_175" HPOS="292" VPOS="1125" WIDTH="122" HEIGHT="31" WC="0.95" CONTENT="Under"/><SP WIDTH="22" VPOS="1125" HPOS="414"/>
							<String ID="string_176" HPOS="436" VPOS="1124" WIDTH="217" HEIGHT="41" WC="0.96" CONTENT="åberopande"/><SP WIDTH="24" VPOS="1124" HPOS="653"/>
							<String ID="string_177" HPOS="677" VPOS="1136" WIDTH="40" HEIGHT="20" WC="0.96" CONTENT="av"/><SP WIDTH="23" VPOS="1136" HPOS="717"/>
							<String ID="string_178" HPOS="740" VPOS="1125" WIDTH="63" HEIGHT="31" WC="0.96" CONTENT="vad"/><SP WIDTH="24" VPOS="1125" HPOS="803"/>
							<String ID="string_179" HPOS="827" VPOS="1125" WIDTH="146" HEIGHT="31" WC="0.96" CONTENT="sålunda"/><SP WIDTH="21" VPOS="1125" HPOS="973"/>
							<String ID="string_180" HPOS="994" VPOS="1125" WIDTH="132" HEIGHT="32" WC="0.96" CONTENT="anförts"/><SP WIDTH="24" VPOS="1125" HPOS="1126"/>
							<String ID="string_181" HPOS="1150" VPOS="1126" WIDTH="50" HEIGHT="30" WC="0.96" CONTENT="får"/><SP WIDTH="23" VPOS="1126" HPOS="1200"/>
							<String ID="string_182" HPOS="1223" VPOS="1126" WIDTH="170" HEIGHT="31" WC="0.93" CONTENT="utskottet"/><SP WIDTH="22" VPOS="1126" HPOS="1393"/>
							<String ID="string_183" HPOS="1415" VPOS="1126" WIDTH="189" HEIGHT="38" WC="0.90" CONTENT="hemställa,"/>
						</TextLine>
					</TextBlock>
				</ComposedBlock>
				<ComposedBlock ID="cblock_2" HPOS="508" VPOS="1193" WIDTH="1231" HEIGHT="82">
					<TextBlock ID="block_4" HPOS="508" VPOS="1193" WIDTH="1231" HEIGHT="82">
						<TextLine ID="line_20" HPOS="559" VPOS="1193" WIDTH="1180" HEIGHT="42">
							<String ID="string_184" HPOS="559" VPOS="1194" WIDTH="50" HEIGHT="29" WC="0.96" CONTENT="att"/><SP WIDTH="30" VPOS="1194" HPOS="609"/>
							<String ID="string_185" HPOS="639" VPOS="1193" WIDTH="125" HEIGHT="41" WC="0.95" CONTENT="Kungl."/><SP WIDTH="24" VPOS="1193" HPOS="764"/>
							<String ID="string_186" HPOS="788" VPOS="1193" WIDTH="118" HEIGHT="41" WC="0.95" CONTENT="Maj:ts"/><SP WIDTH="27" VPOS="1193" HPOS="906"/>
							<String ID="string_187" HPOS="933" VPOS="1193" WIDTH="221" HEIGHT="32" WC="0.95" CONTENT="förevarande"/><SP WIDTH="23" VPOS="1193" HPOS="1154"/>
							<String ID="string_188" HPOS="1177" VPOS="1193" WIDTH="219" HEIGHT="42" WC="0.96" CONTENT="proposition"/><SP WIDTH="23" VPOS="1193" HPOS="1396"/>
							<String ID="string_189" HPOS="1419" VPOS="1195" WIDTH="53" HEIGHT="29" WC="0.96" CONTENT="må"/><SP WIDTH="23" VPOS="1195" HPOS="1472"/>
							<String ID="string_190" HPOS="1495" VPOS="1204" WIDTH="39" HEIGHT="21" WC="0.96" CONTENT="av"/><SP WIDTH="23" VPOS="1204" HPOS="1534"/>
							<String ID="string_191" HPOS="1557" VPOS="1193" WIDTH="182" HEIGHT="41" WC="0.96" CONTENT="riksdagen"/>
						</TextLine>
						<TextLine ID="line_21" HPOS="508" VPOS="1243" WIDTH="146" HEIGHT="32">
							<String ID="string_192" HPOS="508" VPOS="1243" WIDTH="146" HEIGHT="32" WC="0.89" CONTENT="bifallas."/>
						</TextLine>
					</TextBlock>
				</ComposedBlock>
				<ComposedBlock ID="cblock_3" HPOS="293" VPOS="1302" WIDTH="580" HEIGHT="41">
					<TextBlock ID="block_5" HPOS="293" VPOS="1302" WIDTH="580" HEIGHT="41">
						<TextLine ID="line_22" HPOS="293" VPOS="1302" WIDTH="580" HEIGHT="41">
							<String ID="string_193" HPOS="293" VPOS="1302" WIDTH="201" HEIGHT="32" WC="0.96" CONTENT="Stockholm"/><SP WIDTH="24" VPOS="1302" HPOS="494"/>
							<String ID="string_194" HPOS="518" VPOS="1302" WIDTH="65" HEIGHT="31" WC="0.95" CONTENT="den"/><SP WIDTH="27" VPOS="1302" HPOS="583"/>
							<String ID="string_195" HPOS="610" VPOS="1303" WIDTH="39" HEIGHT="30" WC="0.95" CONTENT="14"/><SP WIDTH="23" VPOS="1303" HPOS="649"/>
							<String ID="string_196" HPOS="672" VPOS="1302" WIDTH="86" HEIGHT="41" WC="0.95" CONTENT="april"/><SP WIDTH="25" VPOS="1302" HPOS="758"/>
							<String ID="string_197" HPOS="783" VPOS="1302" WIDTH="90" HEIGHT="32" WC="0.94" CONTENT="1939."/>
						</TextLine>
					</TextBlock>
				</ComposedBlock>
				<ComposedBlock ID="cblock_4" HPOS="733" VPOS="1387" WIDTH="508" HEIGHT="108">
					<TextBlock ID="block_6" HPOS="733" VPOS="1387" WIDTH="508" HEIGHT="108">
						<TextLine ID="line_23" HPOS="733" VPOS="1387" WIDTH="508" HEIGHT="42">
							<String ID="string_198" HPOS="733" VPOS="1387" WIDTH="48" HEIGHT="31" WC="0.93" CONTENT="På"/><SP WIDTH="23" VPOS="1387" HPOS="781"/>
							<String ID="string_199" HPOS="804" VPOS="1388" WIDTH="277" HEIGHT="31" WC="0.92" CONTENT="statsutskottets"/><SP WIDTH="23" VPOS="1388" HPOS="1081"/>
							<String ID="string_200" HPOS="1104" VPOS="1390" WIDTH="137" HEIGHT="39" WC="0.96" CONTENT="vägnar:"/>
						</TextLine>
						<TextLine ID="line_24" HPOS="762" VPOS="1462" WIDTH="448" HEIGHT="33">
							<String ID="string_201" HPOS="762" VPOS="1463" WIDTH="189" HEIGHT="32" WC="0.92" CONTENT="ANDERS"/><SP WIDTH="33" VPOS="1463" HPOS="951"/>
							<String ID="string_202" HPOS="984" VPOS="1462" WIDTH="226" HEIGHT="33" WC="0.56" CONTENT="RASTOCK."/>
						</TextLine>
					</TextBlock>
				</ComposedBlock>
				<ComposedBlock ID="cblock_5" HPOS="290" VPOS="1756" WIDTH="744" HEIGHT="31">
					<TextBlock ID="block_7" HPOS="290" VPOS="1756" WIDTH="744" HEIGHT="31">
						<TextLine ID="line_25" HPOS="290" VPOS="1756" WIDTH="744" HEIGHT="31">
							<String ID="string_203" HPOS="290" VPOS="1756" WIDTH="209" HEIGHT="31" WC="0.96" CONTENT="Närvarande:"/><SP WIDTH="22" VPOS="1756" HPOS="499"/>
							<String ID="string_204" HPOS="521" VPOS="1767" WIDTH="32" HEIGHT="19" WC="0.96" CONTENT="se"/><SP WIDTH="23" VPOS="1767" HPOS="553"/>
							<String ID="string_205" HPOS="576" VPOS="1758" WIDTH="103" HEIGHT="28" WC="0.93" CONTENT="under"/><SP WIDTH="23" VPOS="1758" HPOS="679"/>
							<String ID="string_206" HPOS="702" VPOS="1758" WIDTH="183" HEIGHT="28" WC="0.91" CONTENT="utlåtandet"/><SP WIDTH="22" VPOS="1758" HPOS="885"/>
							<String ID="string_207" HPOS="907" VPOS="1767" WIDTH="38" HEIGHT="19" WC="0.95" CONTENT="nr"/><SP WIDTH="23" VPOS="1767" HPOS="945"/>
							<String ID="string_208" HPOS="968" VPOS="1758" WIDTH="66" HEIGHT="27" WC="0.96" CONTENT="113."/>
						</TextLine>
					</TextBlock>
				</ComposedBlock>
			</PrintSpace>
		</Page>
	</Layout>
</alto>
