1926 2788
433 139 389 32 Jordbruksutskottets
846 136 178 31 utlåtande
1047 144 43 20 nr
1114 135 40 29 10
1176 134 39 30 år
1239 134 84 29 1960
1615 130 20 30 5

131 226 258 41 uppehållande
417 235 41 20 av
484 225 56 29 det
567 224 188 30 inhemska
783 221 183 41 äggpriset,
997 222 49 29 att
1074 217 305 41 regleringsmedel
1407 216 11 30 i
1445 214 188 40 tillräcklig

131 268 244 39 utsträckning
398 268 117 30 ställes
537 266 51 30 till
611 265 207 39 förfogande
840 264 55 29 för
919 262 154 39 Sveriges
1096 263 136 37 export-
1253 260 65 29 och
1340 256 294 41 importförening

132 312 55 30 för
212 313 72 38 ägg.
311 312 13 29 I
349 310 133 30 olikhet
506 308 79 30 med
611 308 67 30 vad
704 316 74 21 som
804 306 107 39 gäller
937 304 54 31 för
1016 303 118 40 övriga
1159 300 359 40 animalieprodukter
1543 298 92 30 före-

132 354 107 39 ligger
263 353 56 31 det
346 352 89 29 dock
460 351 54 30 för
538 349 219 31 närvarande
781 349 75 29 icke
880 346 182 40 möjlighet
1088 347 51 28 att
1163 343 163 31 effektivt
1350 344 120 37 uttaga
1496 341 139 29 interna

131 394 342 41 regleringsavgifter
497 393 45 39 på
566 393 67 29 den
659 389 297 32 marknadsförda
982 386 335 42 äggproduktionen.
1344 385 82 29 Man
1452 384 37 29 är
1513 381 122 31 därför

129 438 12 29 i
164 440 87 28 stort
274 438 64 29 sett
361 435 170 30 hänvisad
553 434 52 30 till
629 436 49 27 att
701 433 102 30 täcka
824 430 279 31 medelsbehovet
1127 429 55 29 för
1205 426 281 41 äggregleringen
1508 433 125 31 genom

132 478 393 39 fodermedelsavgifter.
547 477 65 29 Det
633 476 99 29 torde
754 474 152 40 alltjämt
926 482 82 21 vara
1029 473 49 29 ett
1100 469 370 32 småbrukarintresse,
1495 469 50 28 att
1567 466 68 29 den

132 521 144 40 prioriet
290 521 12 29 i
318 521 99 38 fråga
435 529 55 20 om
507 518 197 39 tilldelning
722 526 41 21 av
779 512 477 41 fodermedelsavgiftsmedel
1274 511 56 30 för
1347 511 95 29 detta
1460 508 175 34 ändamål,

134 573 75 20 som
230 572 46 20 nu
298 563 188 38 tillämpas,
508 562 86 29 även
615 560 67 29 blir
702 558 187 31 bestående
909 557 12 29 i
941 556 201 30 framtiden.

171 607 184 29 Nämnden
376 605 55 30 får
451 604 109 30 under
581 602 220 40 åberopande
822 610 42 21 av
884 600 56 30 det
960 609 89 20 ovan
1070 597 150 31 anförda
1239 595 130 31 föreslå
1390 597 51 28 att
1460 594 172 30 utskottet

133 648 182 39 avstyrker
337 647 42 29 de
402 645 237 39 föreliggande
661 643 230 30 motionerna.

174 741 185 30 Utskottet.
380 740 66 30 Det
465 739 12 29 i
496 738 222 30 motionerna
738 736 28 30 I:
783 735 40 30 78
844 735 66 30 och
930 734 45 30 II:
993 732 60 31 100
1076 732 125 40 gjorda
1219 729 175 42 yrkandet
1414 738 57 21 om
1492 737 42 21 en
1555 727 79 39 höj-

127 791 85 40 ning
227 791 79 30 från
321 790 41 30 50
377 789 63 30 000
454 790 130 29 kronor
598 788 52 30 till
665 786 41 31 80
721 785 62 31 000
798 787 131 28 kronor
944 794 42 20 av
999 784 67 29 den
1082 780 369 41 förmögenhetsgräns
1468 787 75 21 som
1557 778 76 29 ute-

128 843 110 30 sluter
261 841 81 30 från
365 841 70 29 rätt
459 839 51 30 till
536 838 215 38 arealtillägg
776 835 212 31 framfördes
1013 835 87 28 även
1124 832 58 30 vid
1208 831 160 40 fjolårets
1393 828 153 40 riksdag.
1572 827 63 30 Ut-

130 893 130 30 skottet
282 891 115 30 anslöt
420 890 50 39 sig
492 889 44 30 då
557 889 53 29 till
633 888 67 29 den
722 888 11 29 i
755 885 261 41 propositionen
1040 882 179 41 angående
1242 882 57 29 det
1323 879 174 32 särskilda
1520 877 115 31 stödet

130 942 35 30 åt
185 942 57 30 det
260 941 138 30 mindre
417 939 218 40 jordbruket,
656 947 42 20 nr
720 936 99 30 1959:
854 935 72 35 149,
948 933 148 32 anförda
1117 931 236 41 synpunkten,
1375 933 50 28 att
1446 929 56 30 det
1523 929 113 38 knap-

136 994 79 37 past
247 991 99 30 torde
379 998 102 22 anses
515 988 54 31 stå
600 988 12 29 i
645 985 348 32 överensstämmelse
1025 983 81 30 med
1140 979 344 33 småbrukarstödets
1518 978 118 39 syften

129 1045 50 28 att
205 1042 132 31 tillföra
363 1041 139 38 statliga
529 1038 354 38 subventionsbelopp
910 1036 51 29 till
988 1043 166 31 personer
1180 1032 80 31 med
1287 1041 43 21 en
1357 1028 276 32 förhållandevis

129 1095 73 28 stor
222 1091 252 40 förmögenhet.
495 1090 49 30 På
563 1089 67 30 den
651 1087 158 41 grunden
830 1085 197 31 fastställde
1049 1083 84 30 1959
1154 1083 57 30 års
1230 1082 144 39 riksdag
1394 1080 240 39 ifrågavaran-

130 1144 43 30 de
196 1141 367 40 förmögenhetsgräns
586 1139 52 30 till
662 1137 41 31 50
718 1136 62 31 000
803 1137 140 29 kronor.
966 1134 116 39 Enligt
1106 1133 189 30 utskottets
1319 1130 228 41 uppfattning
1570 1129 66 29 har

129 1193 78 31 icke
228 1193 115 39 någon
365 1191 110 31 sådan
496 1188 261 40 omständighet
777 1186 165 31 inträffat
965 1194 74 21 som
1060 1183 189 31 motiverar
1271 1184 50 29 att
1344 1191 84 20 man
1450 1189 47 20 nu
1521 1179 113 30 skulle

128 1244 86 39 höja
235 1243 116 30 denna
371 1242 115 39 gräns.

177 1294 13 29 I
208 1292 231 31 förevarande
455 1291 172 30 motioner
644 1289 65 30 har
725 1288 119 30 vidare
860 1286 207 34 hemställts,
1087 1287 50 28 att
1155 1283 188 39 riksdagen
1361 1281 108 30 måtte
1487 1280 147 34 besluta,

131 1345 50 29 att
202 1344 86 29 även
308 1343 78 34 den,
409 1351 74 20 som
504 1340 140 30 tillträtt
664 1335 361 43 jordbruksfastighet
1046 1334 90 31 efter
1156 1334 67 29 den
1246 1333 14 29 1
1283 1332 68 40 juli
1374 1330 93 35 1959,
1489 1330 58 30 må
1569 1330 63 39 äga

128 1395 72 29 rätt
220 1393 51 30 till
293 1392 224 38 arealtillägg,
539 1390 117 29 därest
677 1388 118 39 övriga
815 1387 79 30 med
915 1386 156 38 bidraget
1092 1383 234 39 förknippade
1346 1382 128 30 villkor
1494 1379 140 41 uppfyl-

132 1444 61 29 les.
213 1443 136 29 Jämväl
371 1442 95 29 detta
485 1440 157 40 yrkande
664 1438 212 30 framfördes
897 1437 12 29 i
929 1435 172 31 motioner
1122 1434 52 30 till
1196 1432 161 40 fjolårets
1378 1431 142 39 riksdag
1541 1430 12 29 i
1575 1439 61 21 an-

132 1493 156 39 slutning
314 1492 53 30 till
395 1491 67 29 den
489 1490 146 39 tidigare
663 1487 155 31 nämnda
844 1485 273 41 propositionen.
1146 1484 14 29 I
1189 1483 60 30 sitt
1277 1481 181 31 utlåtande
1486 1480 148 29 häröver

133 1543 166 30 framhöll
319 1540 376 41 jordbruksutskottet,
717 1539 49 29 att
786 1539 48 29 ett
855 1536 164 40 generellt
1038 1535 52 29 till
1112 1532 274 41 nytillträdande
1408 1530 229 31 småbrukare

133 1593 173 39 utgående
329 1591 215 38 arealtillägg
565 1589 77 30 icke
666 1588 111 30 skulle
799 1596 84 21 vara
906 1585 163 39 förenligt
1091 1583 81 31 med
1195 1582 291 41 grundtankarna
1507 1580 131 30 bakom

133 1644 68 29 den
226 1653 41 19 av
291 1642 189 38 riksdagen
505 1638 201 32 fastställda
730 1636 211 41 långsiktiga
965 1633 361 42 jordbrukspolitiska
1351 1630 285 39 målsättningen.

132 1693 178 30 Utskottet
330 1691 171 30 vidhåller
524 1690 53 30 sin
601 1688 149 31 sålunda
772 1687 155 30 uttalade
950 1684 228 41 uppfattning
1200 1683 65 30 och
1288 1681 183 40 avstyrker
1493 1680 144 39 följakt-

133 1744 94 39 ligen
247 1742 220 30 motionerna
488 1741 28 29 1:
534 1740 40 29 78
596 1739 66 30 och
683 1738 45 30 II:
746 1737 61 30 100
829 1736 107 31 också
955 1737 11 29 i
987 1735 116 30 denna
1123 1734 65 30 del.

180 1792 219 30 Motionerna
430 1790 107 30 1:475
569 1789 65 30 och
666 1788 45 30 II:
728 1787 63 30 604
821 1786 193 31 innefattar
1045 1787 48 28 ett
1123 1783 168 41 yrkande,
1325 1783 51 29 att
1406 1781 188 38 riksdagen
1627 1779 12 30 i

134 1843 167 30 skrivelse
321 1842 52 30 till
394 1840 125 39 Kungl.
540 1839 106 39 Maj:t
666 1838 108 30 måtte
793 1836 195 34 hemställa,
1010 1837 50 28 att
1081 1835 132 29 statens
1233 1830 327 42 jordbruksnämnd
1581 1829 56 30 får

135 1893 12 30 i
169 1892 159 40 uppdrag
351 1894 50 27 att
425 1890 85 31 söka
531 1889 110 30 träffa
664 1886 339 32 överenskommelse
1025 1884 80 30 med
1128 1883 227 39 jordbrukets
1380 1880 260 38 förhandlings-

135 1941 195 40 delegation
351 1950 57 20 om
429 1942 49 28 att
499 1939 39 30 50
559 1940 145 38 procent
724 1947 41 20 av
784 1934 327 41 importavgifterna
1131 1933 45 39 på
1197 1931 213 31 fodermedel
1433 1930 87 30 skall
1542 1929 97 29 föras

136 1992 51 30 till
211 2002 42 19 en
276 1990 152 31 särskild
450 1989 85 30 fond
558 1988 65 30 och
646 1987 179 30 användas
848 1986 51 30 till
924 1983 241 39 förstärkning
1189 1992 41 20 av
1253 1980 317 39 leveransbidraget
1594 1978 46 40 på

136 2042 113 39 mjölk
267 2041 51 30 till
338 2040 136 30 mindre
492 2038 183 40 jordbruk.
696 2037 79 30 Som
794 2035 156 39 framgår
968 2044 41 20 av
1027 2034 57 30 det
1103 2033 10 30 i
1133 2033 56 29 det
1209 2031 208 40 föregående
1436 2029 204 31 redovisade

137 2091 197 31 utlåtandet
352 2091 66 29 har
435 2087 371 41 jordbruksnämnden
823 2103 44 4 -—
886 2085 87 30 efter
992 2083 156 30 hörande
1167 2092 42 20 av
1226 2081 228 40 jordbrukets
1474 2079 168 30 förhand-

137 2140 290 40 lingsdelegation
452 2157 44 3 —
522 2138 159 39 avstyrkt
708 2136 229 30 motionerna.
964 2134 177 29 Utskottet
1169 2132 94 29 delar
1292 2131 67 29 den
1387 2131 11 29 i
1426 2128 216 31 remissutlå-

136 2191 121 29 tandet
273 2189 156 30 uttalade
445 2188 283 39 uppfattningen,
746 2188 49 28 att
812 2185 187 38 anledning
1016 2183 29 39 ej
1065 2191 103 31 synes
1186 2181 167 38 föreligga
1371 2182 49 28 att
1438 2188 46 21 nu
1502 2179 138 38 omprö-

138 2250 43 20 va
204 2240 123 38 frågan
350 2248 57 20 om
431 2236 321 31 småbruksstödets
775 2234 212 38 omfattning
1009 2233 44 39 på
1077 2233 68 29 sätt
1170 2240 74 20 som
1268 2230 260 29 motionärerna
1552 2228 92 29 före-

140 2289 112 39 slagit.
275 2289 177 29 Utskottet
473 2287 58 29 vill
556 2287 7 28 i
587 2286 111 29 likhet
721 2284 76 30 med
821 2281 371 41 jordbruksnämnden
1216 2280 65 29 och
1305 2278 338 38 förhandlingsdele-

140 2340 162 38 gationen
325 2337 244 38 understryka,
593 2337 50 28 att
665 2344 42 19 en
729 2333 163 30 minskad
915 2331 142 39 tillgång
1079 2331 44 39 på
1146 2328 303 40 regleringsmedel
1471 2345 43 3 —
1534 2327 110 29 vilket

139 2389 281 30 motionärernas
447 2386 129 38 förslag
603 2385 112 29 skulle
741 2383 167 29 innebära
961 2400 15 2 —
1001 2380 178 30 försvårar
1205 2379 228 39 möjligheten
1461 2379 48 27 att
1537 2385 107 30 uppe-

140 2439 95 30 hålla
254 2437 180 40 prisnivån
454 2436 95 29 inom
568 2434 118 30 landet
707 2433 55 30 för
780 2435 47 27 ett
848 2432 113 29 flertal
981 2431 131 38 viktiga
1132 2429 202 40 produkter,
1354 2427 107 30 vilket
1480 2427 11 29 i
1512 2427 53 29 sin
1586 2428 58 27 tur
