2221 2666
439 201 38 30 14
605 197 117 34 Andra
744 198 203 34 kammarens
969 199 130 39 tredje
1122 197 169 42 tillfälliga
1313 198 139 34 utskotts
1473 199 168 33 utlåtande
1663 199 53 33 Nr
1736 201 30 31 3.

497 285 198 39 Utskottet
723 300 112 25 anser
864 286 139 49 därför,
1033 292 55 33 att
1110 301 46 23 ur
1179 287 245 50 synpunkten
1453 288 41 38 af
1518 287 74 39 den
1615 287 383 51 korresponderande

397 336 279 39 allmänhetens
703 337 307 51 tillgodoseende
1037 339 232 50 tillräckliga
1293 339 83 38 skäl
1405 340 33 50 ej
1463 339 190 51 föreligga
1669 340 58 38 för
1742 340 257 51 upprättande

399 389 42 37 af
476 390 274 49 poststationer
778 391 41 36 af
842 405 51 35 ny
919 396 80 45 typ,
1028 397 98 31 samt
1155 405 112 24 anser
1295 397 67 42 att,
1390 406 60 23 om
1480 397 48 32 än
1555 392 11 36 i
1594 392 47 38 de
1668 392 78 48 fall,
1775 392 48 37 då
1850 392 47 37 de
1925 406 74 36 nya

396 442 325 48 poststationerna
757 443 196 49 verkligen
996 443 153 37 komma
1189 449 56 31 att
1285 449 144 32 ersätta
1455 444 239 49 postkontor,
1719 457 47 24 en
1789 443 211 51 besparing

396 492 147 50 vinnes,
571 493 150 50 ganska
748 499 80 33 stor
855 494 200 51 möjlighet
1082 494 210 51 föreligger
1320 500 54 33 att
1397 495 47 38 de
1462 495 193 39 tilltänkta
1674 495 325 51 poststationerna

395 544 129 38 kunna
551 545 154 38 komma
734 550 53 33 att
814 546 163 38 utbreda
1005 547 59 49 sig
1091 550 49 47 på
1159 547 46 37 de
1225 547 222 38 nuvarande
1465 547 347 51 poststationernas
1832 547 166 48 område,

394 596 146 38 hvilket
567 598 189 37 utskottet
783 612 111 23 anser
922 599 93 37 böra
1038 599 248 50 förebyggas.

494 649 113 38 Hvad
635 649 75 38 den
737 650 121 49 tredje
887 650 246 50 synpunkten
1161 650 92 38 eller
1277 650 219 38 beredande
1525 651 42 37 af
1599 650 402 51 befordringsmöjlig-

396 700 108 36 heter
532 700 57 36 för
614 701 46 35 de
684 700 107 49 lägre
815 702 400 47 posttjänstemännen
1236 702 192 46 beträffar,
1449 707 41 31 är
1509 703 65 35 det
1591 702 175 49 tydligen
1786 703 33 47 ej
1839 702 58 36 för
1915 707 85 31 när-

395 750 169 38 varande
594 754 139 47 många
760 751 145 50 platser
934 756 54 33 att
1015 752 126 49 vinna,
1176 752 5 36 i
1210 752 74 38 den
1308 752 184 38 händelse
1517 757 53 33 att
1598 752 207 38 utskottets
1830 752 169 51 uppfatt-

396 802 105 49 ning,
529 803 194 49 nämligen
752 809 54 31 att
834 804 46 36 de
908 818 75 35 nya
1015 804 326 49 poststationerna
1369 808 47 45 på
1442 804 96 37 intet
1556 805 58 36 vis
1634 805 38 37 få
1691 805 175 36 inkräkta
1885 808 49 46 på
1953 804 47 37 de

396 854 222 37 nuvarande
637 854 348 50 poststationernas
1002 855 167 48 område,
1187 855 135 38 vinner
1335 856 243 49 Riksdagens
1594 855 180 51 gillande.
1804 856 197 38 Utskottet

396 905 69 37 har
506 905 212 38 emellertid
758 906 210 50 ingalunda
996 906 98 50 tagit
1122 907 153 38 afstånd
1304 907 83 38 från
1414 907 243 50 Riksdagens
1686 907 64 38 vid
1776 907 224 51 upprepade

396 957 178 37 tillfällen
600 957 171 38 uttalade
799 958 251 50 uppfattning
1074 972 60 23 om
1159 959 64 36 det
1251 959 249 49 synnerligen
1523 959 196 49 lämpliga,
1748 959 106 38 såväl
1877 973 45 22 ur
1936 959 74 37 be-'

396 1009 379 50 sparingssynpunkt
811 1023 82 23 som
917 1024 45 22 ur
987 1010 246 50 synpunkten
1261 1015 55 32 att
1338 1024 140 36 genom
1507 1010 123 38 ökade
1658 1010 343 50 befordringsmöj-

396 1059 165 48 ligheter
588 1060 88 49 höja
700 1060 47 37 de
775 1060 107 50 lägre
911 1061 329 49 tjänstemännens
1268 1062 164 37 intresse
1460 1062 58 37 för
1546 1062 182 38 arbetet
1718 1055 24 61 i
1756 1062 245 50 postverkets

396 1111 132 49 tjänst,
570 1117 55 31 att
662 1112 11 37 i
714 1116 141 33 största
897 1111 156 51 möjliga
1093 1113 268 50 utsträckning
1400 1113 57 37 till
1485 1113 47 37 de
1555 1113 108 51 lägre
1690 1113 312 50 tjänstemännen

399 1163 221 48 öfverflytta
645 1163 46 36 de
719 1164 183 47 göromål,
933 1178 80 22 som
1042 1164 135 36 hittills
1201 1165 239 36 förbehållits
1455 1165 233 48 tjänstemän
1705 1165 42 36 af
1759 1166 119 47 högre
1891 1165 109 48 grad.

398 1213 58 36 En
495 1213 121 38 sådan
644 1213 291 50 öfverflyttning
962 1214 69 37 har
1059 1214 113 38 äfven
1199 1214 122 38 under
1348 1215 47 37 de
1423 1228 136 25 senare
1588 1218 90 35 åren
1701 1215 12 37 i
1741 1215 180 38 afsevärd
1944 1220 58 32 ut-

396 1265 226 49 sträckning
646 1270 66 44 ägt
735 1279 96 33 rum,
860 1266 157 37 hvarom
1047 1266 64 37 det
1139 1266 123 37 ökade
1291 1266 144 38 antalet
1461 1266 58 38 till
1547 1267 120 37 förste
1686 1267 226 50 postiljoner
1931 1267 72 37 och

397 1316 120 37 förste
550 1317 351 49 postvaktmästare
929 1317 230 37 befordrade
1187 1318 232 49 tjänstemän
1448 1318 42 37 af
1513 1318 109 50 lägre
1649 1319 97 49 grad
1773 1319 70 36 bär
1869 1318 133 37 vittne.

394 1367 124 37 Dessa
558 1368 179 48 utgjorde
779 1371 40 33 år
849 1370 96 35 1904
974 1370 71 35 340
1074 1369 172 49 stycken,
1276 1382 85 23 men
1389 1369 12 36 i
1429 1369 169 37 februari
1625 1369 12 36 i
1666 1373 39 33 år
1731 1372 69 34 782
1829 1370 173 49 stycken,

395 1418 123 38 under
558 1418 64 38 det
664 1419 143 37 antalet
848 1419 322 50 posttjänstemän
1211 1421 41 36 af
1290 1421 120 48 högre
1450 1420 97 49 grad
1585 1420 167 50 nedgick
1779 1420 84 38 från
1893 1422 108 47 1,402

397 1470 159 49 stycken
581 1473 40 34 år
651 1471 96 36 1904
774 1470 57 37 till
861 1473 107 46 1,351
996 1474 40 34 år
1066 1473 106 36 1910.
1221 1472 84 37 Den
1326 1471 258 50 användning,
1605 1486 81 23 som
1708 1473 46 37 de
1773 1472 230 38 befordrade

395 1521 311 48 tjänstemännen
736 1522 41 36 af
797 1522 107 49 lägre
932 1523 97 48 grad
1056 1522 147 48 vunnit,
1232 1524 171 48 framgår
1430 1524 42 36 af
1496 1524 169 49 följande
1692 1524 129 37 tabell.

1142 1624 98 26 Förste
1259 1625 257 32 postvaktmästare
1529 1624 48 27 vid
1590 1625 153 32 postdirek-

1001 1686 10 4 -
1226 1658 130 27 tionerna
1375 1659 53 25 och
1446 1659 213 32 postkontoren.

975 1683 98 26 Förste

570 1742 44 16 es
711 1743 5 4 5
940 1721 166 41 postiljoner
1134 1725 73 29 Förste
1224 1725 108 24 postvakt-
1812 1745 4 10 -

517 1741 289 31 Distrikt
925 1768 47 25 vid
980 1768 142 33 järnvägs-
1139 1750 70 60 utföra
1225 1757 100 49 göromål,
1386 1770 122 26 Förmän
1530 1765 24 41 |
1565 1769 169 27 Värdebref-
1801 1745 156 26 Sunma.

968 1808 108 48 posten.
1158 1801 66 45 Er
1419 1816 52 41 etc.
1597 1820 108 27 bärare.

1152 1852 128 25 tjänstemän
1295 1852 24 21 af

1179 1880 50 22 ögre
1243 1879 60 24 grad.

414 1972 122 38 SÖdLA
546 2001 364 7 oosressrssrersrersrererrnrrsrnrnn
1025 1976 46 35 89
1237 1977 45 36 15
1443 1995 50 5 —
1655 1996 46 4 -
1858 1977 71 36 104

412 2023 141 38 Malmö
580 2052 330 7 sussosessssesrsesessseresrnrn
1025 2045 47 4 —
1237 2028 46 35 14
1471 2029 19 35 6
1680 2029 20 35 9
1881 2030 20 33 2

412 2076 141 49 MÄBbra
580 2104 330 6 sinnsvrnnsnkrrirnedrnnnr
1027 2078 45 35 74
1235 2080 45 34 27
1446 2080 44 35 19
1655 2080 46 34 32
1858 2080 69 35 152

414 2117 115 46 ÖSTLA
546 2155 364 7 sressersssssessrrssrnsersrnrsrnn
1027 2130 44 35 15
1261 2131 21 34 8
1469 2131 24 35 4
1655 2150 47 4 —
1881 2131 45 35 87

414 2177 244 38 Stockholms
681 2206 229 7 ...................
1024 2199 49 4 —
1237 2182 45 35 68
1447 2182 46 35 74
1656 2181 47 36 94
1856 2183 71 35 236

412 2229 464 37 MellerStå...........ssesssesesns
885 2259 24 6 nn
1001 2232 72 35 104
1262 2233 19 34 9
1470 2233 21 35 5
1653 2251 50 4 —
1858 2233 70 35 118

412 2281 138 36 NOLLA.
568 2309 342 7 sossrsssrsssrerrrsererererenenen
1025 2283 45 35 41
1238 2284 44 34 13
1470 2286 21 33 2
1653 2302 50 5 —
1882 2285 46 35 56

732 2357 156 38 Summa
1001 2360 71 35 383
1212 2360 69 35 154
1423 2360 70 36 110
1632 2360 69 35 135
1858 2361 70 35 782
