1910 2842
229 161 245 30 Sammansatt
497 159 230 36 bevillnings-
750 158 65 31 och
839 157 351 38 jordbruksutskotts
1215 155 186 32 utlåtande
1427 156 53 30 Nr
1504 158 26 28 1.
1589 154 40 31 53

125 238 137 31 vändas
285 238 55 31 för
362 236 278 38 genomförande
663 246 45 21 av
733 245 44 22 en
800 234 258 37 prissänkning
1083 235 54 30 för
1159 233 362 36 konsumtionsmjölk
1543 233 85 31 eller

127 291 55 30 för
206 289 333 37 mejeriprodukter.

167 342 68 31 Det
256 350 105 27 synes
383 341 87 31 böra
493 340 199 31 tillkomma
715 338 134 37 Kungl.
872 337 111 37 Maj:t
1005 340 54 29 att
1082 339 144 34 avgöra,
1249 336 181 32 huruvida
1454 335 179 37 prissänk-

126 394 134 37 ningen
284 393 92 31 skall
402 402 83 22 avse
510 390 362 38 konsumtionsmjölk
896 390 87 31 eller
1008 391 94 30 smör
1128 389 64 31 och
1216 388 113 32 andra
1353 387 281 38 mejeriproduk-

128 448 63 34 ter,
222 446 4 31 i
249 445 172 33 samband
443 445 79 31 med
546 446 53 29 att
619 443 298 37 mjölkavgiftens
940 442 125 37 belopp
1088 442 210 31 bestämmes
1321 441 54 31 för
1398 442 105 30 nästa
1525 439 110 38 regle-

128 498 235 38 ringsperiod.
409 497 150 37 Förslag
584 497 12 31 i
621 497 122 31 ämnet
767 495 99 32 torde
892 494 85 32 böra
1003 494 221 36 framläggas
1249 503 44 21 av
1318 492 153 32 svenska
1496 491 139 37 mejeri-

128 561 104 22 ernas
251 550 244 36 riksförening
515 549 10 31 i
545 549 78 31 dess
644 547 271 37 framställning
936 557 56 21 om
1010 546 230 37 upptagande
1261 555 45 21 av
1325 544 235 37 mjölkavgilt
1580 544 55 31 för

127 604 112 36 sagda
262 602 61 32 tid.
365 602 72 37 Jag
462 601 63 32 vill
548 601 90 32 dock
660 600 110 32 redan
793 600 66 31 här
885 599 133 37 angiva
1040 598 97 31 vissa
1159 597 232 37 synpunkter,
1413 596 100 32 vilka
1536 595 99 33 torde

128 655 146 32 beaktas
298 654 61 32 vid
384 655 149 36 frågans
557 652 226 32 bedömande.

167 707 56 32 En
248 706 177 37 sänkning
453 716 46 21 av
524 703 476 38 konsumtionsmjölkpriset
1025 705 41 29 är
1091 703 69 30 lätt
1184 703 54 30 att
1264 701 219 37 genomföra,
1509 700 126 37 nämli-

129 768 67 28 gen
217 767 125 28 genom
361 759 54 31 att
433 757 143 32 minska
596 756 298 37 mjölkavgiftens
913 755 136 36 belopp.
1089 754 86 31 Man
1194 753 99 32 torde
1311 752 184 36 nämligen
1514 752 122 31 kunna

129 811 179 38 förvänta,
328 812 54 31 att
405 820 57 22 om
483 811 39 30 så
543 809 80 32 sker
644 806 476 37 konsumtionsmjölkpriset
1143 806 11 30 i
1175 806 97 36 regel
1291 804 159 32 kommer
1473 805 54 30 att
1550 804 81 31 ned-

129 865 45 35 gå
198 864 80 31 med
303 861 252 33 motsvarande
582 861 136 36 belopp.
764 859 281 37 Verkningarna
1073 858 55 31 för
1154 857 341 37 mjölkregleringen
1521 866 45 21 av
1593 865 43 21 en

129 915 178 37 sänkning
335 925 45 21 av
405 913 282 38 mjölkavgiften
712 912 81 31 med
821 913 52 31 ett
900 914 58 29 öre
985 910 116 33 skulle
1129 909 107 36 bliva,
1264 910 53 30 att
1342 908 42 32 de
1411 908 124 36 medel,
1562 917 75 21 som

128 968 139 32 komme
290 969 54 30 att
368 968 56 30 stå
449 966 57 31 till
531 965 213 37 förfogande
770 964 55 32 för
849 963 208 37 utjämning
1081 961 133 33 mellan
1237 961 165 37 priserna
1426 962 22 29 å
1472 960 163 31 konsum-

129 1019 208 37 tionsmjölk
360 1019 65 32 och
448 1018 163 37 priserna
636 1019 21 30 å
680 1015 279 38 produktmjölk,
984 1014 203 32 minskades
1211 1013 79 32 med
1312 1012 160 37 8,000,000
1495 1012 141 31 kronor.

129 1073 17 30 I
171 1072 67 32 den
260 1073 82 30 mån
368 1070 98 33 detta
491 1070 125 36 belopp
638 1068 246 33 motsvarades
906 1078 46 20 av
976 1066 82 33 ökat
1082 1066 128 36 bidrag
1234 1065 82 32 från
1339 1063 297 37 margarinaccis-

132 1123 140 33 medlen
303 1123 115 32 skulle
451 1121 200 33 emellertid
683 1121 102 31 dessa
815 1119 223 37 verkningar
1070 1118 197 37 upphävas,
1299 1117 66 31 och
1396 1115 154 32 sålunda
1579 1118 55 28 ut-

129 1176 100 37 bytet
256 1186 45 22 av
326 1175 140 31 landets
491 1173 329 37 ladugårdsskötsel
846 1172 100 31 bliva
971 1170 220 32 oförändrat.
1238 1169 161 31 Givetvis
1427 1168 211 31 förutsättes

126 1228 140 37 därvid,
295 1229 52 30 att
374 1227 61 32 det
463 1226 110 32 ökade
602 1225 165 36 bidraget
796 1225 83 31 från
906 1220 424 39 margarinaceismedlen
1362 1219 156 33 fördelas
1546 1220 21 31 å
1595 1218 41 32 de

130 1281 96 32 olika
248 1277 498 40 prisutjämningsdistrikten
767 1276 112 37 enligt
900 1285 138 22 samma
1058 1274 157 37 grunder
1237 1282 74 22 som
1331 1273 41 32 de
1394 1271 124 36 medel,
1538 1270 99 32 vilka

130 1333 135 37 inflyta
286 1333 12 30 i
322 1332 94 31 form
438 1341 45 21 av
504 1330 235 37 mjölkavgift
761 1330 20 30 å
803 1326 372 37 konsumtionsmjölk.

171 1385 121 32 Skulle
315 1385 11 30 i
348 1383 121 32 stället
491 1381 304 38 prissänkningen
817 1380 228 38 genomföras
1069 1379 56 31 för
1147 1380 93 29 smör
1264 1377 63 32 och
1350 1376 127 37 övriga
1498 1375 140 36 mejeri-

130 1436 204 38 produkter,
355 1437 66 30 har
442 1445 84 20 man
545 1435 54 30 att
620 1434 115 30 räkna
755 1433 80 31 med
855 1433 54 30 att
929 1441 44 21 en
992 1431 165 36 nedgång
1178 1429 12 31 i
1212 1428 208 37 smörpriset
1439 1429 21 29 å
1482 1428 153 30 hemma-

130 1488 221 32 marknaden
377 1487 81 32 med
484 1488 38 30 15
549 1489 58 28 öre
635 1485 57 32 för
719 1484 178 37 kilogram
924 1486 93 29 samt
1044 1483 11 30 i
1084 1482 167 36 ostpriset
1279 1480 79 32 med
1384 1479 255 32 motsvarande

131 1541 125 37 belepp
308 1539 115 32 skulle
460 1538 173 32 innebära
670 1547 43 21 en
749 1534 366 37 inkomstminskning
1153 1534 56 30 för
1235 1532 216 36 mejerierna
1477 1542 45 21 av
1549 1533 89 29 nära

131 1593 158 37 8,000,000
316 1592 132 31 kronor
478 1591 56 30 för
560 1591 48 30 år.
654 1589 130 31 Därest
809 1588 98 31 detta
934 1587 125 36 belopp
1087 1586 153 31 tillföres
1265 1584 217 37 mejerierna
1508 1584 11 30 i
1547 1584 93 30 form

131 1656 46 20 av
203 1645 110 36 höjda
339 1641 433 39 prisutjämningsbidrag
800 1641 20 31 å
848 1638 316 38 produktmjölken
1191 1637 85 31 eller
1303 1647 45 20 av
1377 1635 148 33 särskilt
1551 1635 88 36 pris-

131 1697 129 36 tillägg
282 1698 21 30 å
324 1695 129 32 försålt
472 1697 93 29 smör
587 1694 65 30 och
675 1692 136 32 försåld
834 1693 62 35 ost,
919 1690 114 32 skulle
1053 1689 269 37 verkningarna
1344 1688 56 31 för
1421 1687 214 36 mejerierna

131 1759 46 21 av
205 1747 303 38 prissänkningen
534 1745 197 37 upphävas.
779 1744 72 32 Vid
878 1744 52 31 ett
958 1740 288 39 genomsnittligt
1275 1739 203 37 exportpris
1509 1749 46 21 av
1582 1738 57 31 135

133 1803 58 30 öre
210 1801 55 30 för
282 1799 179 37 kilogram
478 1798 114 32 skulle
610 1796 152 33 sålunda
781 1796 111 36 priset
909 1795 123 30 kunna
1050 1793 130 32 sänkas
1199 1794 20 30 å
1238 1792 190 31 runmärkt
1446 1793 93 30 smör
1559 1790 81 31 fritt

132 1852 125 36 mejeri
279 1852 57 31 till
357 1851 58 31 215
437 1853 59 28 öre
519 1850 56 31 för
595 1848 179 37 kilogram
795 1848 63 31 och
881 1848 19 30 å
925 1848 54 29 ost
1002 1846 10 30 i
1036 1845 134 36 paritet
1190 1844 147 31 härmed
1358 1844 93 30 samt
1474 1842 161 37 jordbru-

131 1904 116 32 karna
273 1903 136 32 ändock
437 1901 136 32 erhålla
600 1910 137 22 samma
763 1898 186 36 betalning
977 1898 55 30 för
1059 1897 67 31 den
1152 1894 203 33 levererade
1381 1894 159 36 mjölken
1566 1903 74 22 som

131 1957 114 31 under
274 1955 86 32 1934.
409 1955 56 30 En
493 1953 100 36 dylik
622 1951 256 37 prissänkning
908 1949 114 32 skulle
1051 1947 199 32 emellertid
1278 1946 188 31 återverka
1498 1948 90 28 även
1620 1946 21 30 å

131 2009 113 35 priset
274 2008 55 30 för
357 2006 175 31 lantsmör
561 2005 64 30 och
653 2003 144 31 lantost.
846 2000 280 37 Försäljningen
1153 1999 115 31 därav
1298 1998 100 31 torde
1427 1997 114 37 enligt
1570 1996 70 31 till-

133 2060 172 36 gängliga
327 2057 186 38 uppgifter
536 2056 123 32 kunna
681 2054 177 32 beräknas
881 2053 58 31 till
962 2052 110 31 minst
1095 2051 87 36 5,000
1205 2052 21 30 å
1251 2050 86 36 6,000
1363 2052 71 33 ton,
1458 2048 182 32 fördelade

133 2114 45 33 på
201 2110 164 37 omkring
388 2109 108 36 40,000
518 2107 245 38 producenter.
804 2106 111 31 Dessa
937 2107 62 29 äro
1023 2103 152 32 framför
1198 2102 66 32 allt
1285 2103 54 31 att
1361 2101 86 32 söka
1470 2100 108 32 bland
1599 2100 42 31 de

134 2162 139 32 mindre
296 2163 65 30 och
385 2161 12 31 i
421 2158 358 34 inkomsthänseende
803 2159 111 30 sämst
939 2156 180 32 situerade
1146 2154 265 36 jordbrukarna
1439 2153 11 31 i
1476 2153 41 31 de
1542 2151 99 32 delar

133 2226 46 20 av
206 2215 130 34 landet,
364 2223 75 21 som
465 2212 121 36 ifråga
613 2220 56 21 om
697 2207 457 38 avsättningsmöjligheter
1182 2206 150 36 erbjuda
1357 2205 43 31 de
1429 2213 212 28 ogynnsam-

133 2268 113 30 maste
271 2264 273 37 betingelserna.
607 2262 108 32 Redan
743 2262 54 30 för
822 2258 228 33 närvarande
1076 2258 144 36 åtnjuta
1247 2256 209 32 tillverkare
1482 2266 45 21 av
1552 2256 90 30 lant-

135 2321 94 28 smör
247 2318 64 31 och
327 2317 134 30 lantost
479 2317 11 30 i
509 2315 139 31 landets
664 2313 207 35 nordligare
890 2311 64 31 och
970 2310 182 31 mellersta
1168 2309 110 35 delar,
1294 2309 121 29 varest
1432 2306 205 37 prisutjäm-

134 2369 273 36 ningsbidraget
425 2377 75 22 som
519 2365 94 37 regel
632 2363 197 36 överstiger
848 2360 299 39 mjölkavgiftens
1164 2360 135 35 belopp,
1318 2359 77 32 icke
1414 2368 136 22 samma
1568 2358 69 30 för-

134 2423 124 30 måner
277 2430 45 22 av
342 2417 341 37 mjölkregleringen
703 2424 76 23 som
798 2414 126 36 övriga
943 2411 359 38 mjölkproducenter.
1320 2410 56 31 Då
1396 2409 124 32 vidare
1538 2408 104 36 meje-

136 2472 272 35 rihanteringen
434 2470 32 36 ej
495 2471 40 29 är
561 2469 37 31 så
626 2466 200 36 utvecklad,
853 2467 54 29 att
936 2464 265 38 jordbrukarna
1230 2461 150 32 överallt
1408 2464 68 33 äga
1504 2460 138 37 möJjlig-
