1908 2840
260 172 60 30 118
368 172 242 32 Sammansatt
633 173 230 38 bevillnings-
882 174 64 32 och
967 175 351 37 jordbruksutskotts
1341 176 185 32 utlåtande
1548 178 52 32 Nr
1621 180 26 29 1.

698 261 44 21 nar
764 251 58 32 608
844 262 45 22 av
911 253 83 31 herr
1017 252 184 39 Sandberg
1222 264 45 22 m.
1291 254 48 37 fl.,

698 313 44 20 nar
764 303 59 32 609
846 314 46 21 av
913 305 83 31 herr
1019 304 205 33 Andersson
1248 306 11 31 i
1284 305 202 39 Södergård
1510 318 44 21 m.
1583 308 47 36 fl.,

696 365 45 21 nr
764 356 59 31 610
844 367 46 20 av
911 357 83 31 herr
1017 356 121 33 Herou
1163 367 45 22 m.
1234 357 48 37 fl.,

697 417 44 21 nr
763 408 59 31 611
844 418 45 21 av
911 409 83 31 herr
1016 408 121 33 Herou
1155 419 45 23 m.
1220 409 48 37 fl.,

697 469 44 21 nr
765 459 60 32 612
846 470 46 21 av
913 461 83 31 herr
1018 460 150 38 Ekman,

695 522 44 21 vr
774 512 58 31 613
867 523 46 21 av
948 513 127 31 herrar
1110 513 265 32 Hammarlund
1413 515 63 31 och
1515 515 202 32 Pettersson
1744 515 10 31 i

657 562 104 37 Dahl,

698 625 43 21 nr
764 616 59 31 614
845 627 44 20 av
910 617 84 31 herr
1015 616 170 39 Hagberg
1211 618 11 31 i
1245 617 133 32 Malmö
1400 629 44 20 m.
1469 618 47 37 fl.,

696 677 44 21 nr
764 668 59 31 615
845 679 46 20 av
913 669 82 31 herr
1019 668 212 33 Gustafsson
1252 670 12 30 i
1286 669 155 33 Välsnäs
1462 681 45 22 m.
1530 671 47 37 fl.,

696 729 44 21 nr
762 719 59 32 616
842 731 46 20 av
910 721 127 31 herrar
1059 721 137 32 Leffler
1217 722 65 32 och
1306 722 208 38 Holmgren,

695 781 45 20 nr
762 771 59 32 617
842 782 46 21 av
909 772 126 32 herrar
1058 772 136 33 Leffler
1217 774 64 31 och
1304 774 208 38 Holmgren,

695 833 44 21 nr
762 823 59 32 618
843 834 45 21 av
910 825 83 31 herr
1015 824 176 33 Pehrsson
1213 826 12 30 i
1247 825 210 39 Bramstorp
1480 837 45 21 m.
1551 827 34 31 fl.
1622 829 94 31 samt

692 886 43 20 nr
758 876 59 31 619
839 887 45 21 av
907 877 82 31 herr
1010 877 201 38 Bengtsson
1239 878 13 31 i
1280 877 143 38 Kullen,

694 954 121 36 måtte,
835 954 11 32 i
865 954 69 32 den
953 956 86 31 mån
1059 955 43 32 de
1120 956 77 31 icke
1217 956 123 32 kunna
1360 967 102 22 anses
1482 957 194 33 besvarade
1698 967 55 28 ge-

655 1015 81 22 nom
759 1006 71 32 vad
852 1006 174 33 utskottet
1049 1008 65 31 här
1137 1018 93 22 ovan
1256 1009 122 31 anfört
1401 1009 63 31 och
1490 1009 192 37 hemställt,
1708 1020 46 21 av

654 1057 194 38 riksdagen
868 1059 138 32 lämnas
1028 1060 87 31 utan
1137 1060 139 37 åtgärd.

294 1159 235 33 Beträffande
552 1162 108 30 sättet
683 1162 56 30 för
762 1162 240 33 anskaffande
1024 1174 46 20 av
1093 1163 42 33 de
1159 1164 55 31 för
1235 1164 277 37 kapitalökning
1538 1164 112 33 under
1672 1165 80 32 avd.

253 1210 39 37 B,
322 1212 114 37 punkt
463 1212 51 36 10)
544 1212 34 36 a)
608 1213 66 31 här
700 1223 95 21 ovan
822 1214 201 37 tillstyrkta
1049 1214 285 38 anslagsmedlen
1361 1216 99 31 torde
1488 1217 265 32 statsutskottet

255 1263 190 32 framdeles
464 1264 112 32 under
595 1264 193 38 riksdagen
807 1266 133 36 avgiva
958 1266 146 37 förslag.

292 1366 206 33 Stockholm
518 1368 68 32 den
610 1369 39 30 20
670 1369 72 37 maj
767 1369 87 32 1935.

360 1471 50 31 På
436 1472 258 31 sammansatta
720 1472 232 38 bevillnings-
980 1474 64 31 och
1069 1474 386 36 jordbruksutskottets
1484 1477 152 36 vägnar:

831 1576 100 33 JOH.
954 1577 210 33 NILSSON.

849 1917 301 25 Närvarande:

294 1967 64 32 från
380 1969 304 31 bevillningsutskottet:

291 2022 98 24 herrar
416 2022 112 25 Nilsson
548 2023 7 23 i
577 2022 196 28 Kristianstad,
804 2023 160 30 Björnsson,
991 2024 105 24 Larson
1117 2025 7 23 i
1146 2024 125 29 Lerdala,
1292 2026 117 24 friherre
1430 2026 144 30 Lagerfelt,
1595 2026 126 32 Lövgren
1743 2027 6 23 i

248 2065 107 27 Boden,
384 2066 99 24 Olsson
506 2067 6 22 i
533 2063 157 35 Närlinge”,
720 2066 165 31 Björklund,
914 2066 122 31 Sjödahl,
1066 2068 155 25 Johansson
1243 2069 7 23 i
1272 2069 155 31 Krogstorp
1457 2069 54 24 och
1536 2071 183 23 Brännström
1743 2071 6 23 i

247 2106 158 32 Skellefteå;

290 2169 65 32 från
370 2171 295 30 jordbruksutlskottet:

292 2225 96 23 herrar
415 2224 160 24 Johansson
597 2225 6 23 i
626 2224 170 31 Uppmälby,
826 2225 170 28 Sederholm,
1027 2226 105 31 August
1164 2227 117 26 Nilsson,
1312 2228 133 28 Granath,
1475 2228 146 32 Tjällgren,
1652 2230 98 23 Fritiol

246 2268 159 27 Gustafson,
431 2267 131 25 Hedlund
584 2268 5 23 i
613 2269 90 26 Häste,
726 2268 158 24 Andersson
906 2269 7 23 i
936 2269 108 28 Löbbo,
1066 2269 155 25 Carlström
1243 2270 50 24 och
1315 2271 84 30 Björk
1421 2272 6 23 i
1448 2271 99 31 Tryde.

289 2336 13 13 "
323 2337 52 25 Vid
403 2337 207 33 behandlingen
639 2346 32 16 av
696 2339 279 31 potatisregleringen
995 2338 93 32 deltog
1106 2339 64 25 herr
1192 2341 120 31 Heiding
1332 2342 5 23 i
1359 2342 89 23 stället
1472 2342 43 23 för
1535 2343 65 23 herr
1619 2343 100 24 Olsson
1741 2343 6 23 i

247 2381 138 31 Närlinge.
