1920 2856
569 146 260 31 Statsutskottets
850 147 163 29 utlåtande
1037 147 47 29 Nr
1108 151 69 28 120.
1593 146 38 31 29

123 234 126 39 gående
277 239 153 28 närmare
457 234 249 33 bestämmelser
734 234 138 33 rörande
901 234 146 33 särskild
1076 234 210 39 polisstyrka
1312 234 13 32 i
1353 233 192 33 Stockholm
1575 234 54 32 för

124 284 224 40 uppdagande
370 296 43 21 av
435 284 124 39 olovlig
580 285 142 32 införsel
744 297 43 20 av
809 285 233 39 spritdrycker
1062 297 43 20 m.
1127 297 44 20 m.

167 336 53 32 En
239 335 213 33 verksamhet
471 335 103 32 sådan
593 347 70 20 som
683 335 61 32 den
764 347 81 26 nyss
865 335 150 38 antydda
1035 335 88 32 lärer
1141 335 75 32 med
1235 347 45 20 nu
1300 334 156 39 gällande
1477 334 150 39 lagstift-

121 386 82 39 ning
222 385 269 39 huvudsakligen
510 385 115 33 beröra
644 385 99 39 lagen
762 385 61 33 den
843 388 40 31 20
901 385 73 39 juni
994 386 85 33 1924
1097 385 74 33 med
1192 385 170 33 särskilda
1379 385 249 32 bestämmelser

121 436 172 39 angående
312 436 125 39 olovlig
455 436 193 38 befattning
666 436 74 32 med
760 436 232 38 spritdrycker
1010 436 60 32 och
1088 436 57 32 vin
1169 434 79 41 (här
1267 435 107 33 nedan
1392 435 117 33 kallad
1529 435 99 39 sprit-

121 485 348 41 smugglingslagen).
488 486 18 32 I
524 486 61 33 den
603 487 77 32 mån
698 487 217 38 insmugglad
934 487 87 39 sprit
1038 486 167 39 olovligen
1224 486 177 39 försåldes,
1420 486 93 33 bleve
1532 486 96 32 emel-

122 537 101 33 lertid
242 542 82 28 även
343 537 101 38 fråga
463 549 51 21 om
533 537 217 39 tillämpning
769 549 42 20 av
829 537 125 39 nådiga
974 537 238 39 förordningen
1233 537 61 32 den
1315 538 41 32 14
1374 537 72 38 juni
1468 538 83 32 1917
1573 549 55 20 an-

120 588 127 38 gående
266 588 204 39 försäljning
488 600 41 20 av
548 588 204 38 rusdrycker
774 587 79 40 (här
870 588 107 32 nedan
994 587 117 33 kallad
1131 586 497 40 försäljningsförordningen).

120 639 171 32 Måhända
314 650 98 21 avser
436 638 231 33 ovannämnda
690 651 42 20 av
755 638 241 39 länsstyrelsen
1020 638 103 39 givna
1148 638 224 33 förordnande
1396 638 60 33 och
1479 638 148 32 instruk-

123 689 70 32 tion
216 689 72 33 icke
312 689 145 39 spaning
480 689 86 32 efter
589 689 91 32 brott
703 692 69 29 mot
795 701 108 20 annan
928 689 207 38 författning
1159 693 42 28 än
1226 689 39 32 de
1289 688 88 33 båda
1399 701 82 26 nyss
1506 689 121 32 omför-

122 740 123 32 mälda.
284 739 67 32 Det
368 751 100 27 synes
486 739 83 32 dock
585 739 135 39 möjligt
736 742 51 30 att
803 739 93 33 tolka
914 739 55 33 det
986 740 35 32 åt
1038 739 228 39 polismännen
1286 739 102 39 givna
1405 739 157 39 uppdrag
1581 740 47 39 så,

120 794 53 29 att
194 790 184 32 detsamma
398 801 98 21 avser
514 790 127 38 jämväl
663 790 144 39 spaning
827 790 87 33 efter
936 790 124 38 olovlig
1082 789 415 39 brännvinstillverkning.

166 840 67 33 För
254 840 61 33 den
336 840 157 33 händelse
514 840 107 32 Eders
643 840 129 39 Kungl.
795 841 101 38 Maj:t
917 840 164 39 godtager
1101 840 62 32 den
1184 840 61 33 här
1266 852 84 21 ovan
1371 840 152 33 uttalade
1544 852 83 27 upp-

122 891 193 39 fattningen
338 903 52 20 om
415 891 233 39 spritpolisens
672 891 151 40 uppgift,
847 891 94 33 torde
965 891 116 33 därför
1106 891 182 39 lämpligen
1314 890 19 40 8
1359 894 17 31 1
1401 891 80 32 böra
1504 891 123 33 ändras

120 942 158 32 sålunda:
308 941 284 39 polispersonalen
621 961 45 3 —-
695 941 162 33 införseln
888 942 61 32 och
979 942 136 32 därmed
1146 941 327 39 sammanhängande
1503 941 125 39 olovlig

121 992 204 39 försäljning
346 1004 43 20 av
411 992 233 39 spritdrycker
665 992 88 32 inom
775 992 111 33 länet.”

167 1043 77 32 Med
272 1043 133 38 hänsyn
434 1042 55 33 till
517 1042 61 33 den
608 1042 224 39 uppfattning
861 1043 36 32 åt
925 1042 113 33 vilken
1068 1042 431 39 justitiekanslersämbetet
1529 1054 99 27 synes

121 1093 87 32 hava
229 1093 86 38 givit
334 1093 150 39 uttryck,
504 1093 93 32 torde
617 1093 56 32 det
691 1105 83 21 vara
793 1093 227 39 erforderligt,
1041 1097 51 28 att
1112 1093 191 32 ändamålet
1323 1093 74 33 med
1417 1093 155 39 anslaget
1592 1094 37 32 så

121 1144 219 38 förtydligas,
358 1147 51 29 att
426 1143 122 33 tvekan
565 1143 73 33 icke
656 1143 67 33 kan
741 1143 133 33 komma
891 1147 51 29 att
960 1144 81 32 råda
1059 1144 217 32 beträffande
1295 1144 39 32 de
1353 1144 90 32 olika
1462 1144 166 38 ändamål,

122 1194 55 33 för
196 1194 94 33 vilka
310 1194 155 39 anslaget
486 1199 38 27 är
545 1198 120 29 avsett.
708 1195 67 32 Det
795 1195 150 32 enklaste
968 1198 102 29 sättet
1092 1195 53 32 för
1167 1198 52 29 att
1238 1194 232 33 åstadkomma
1491 1198 48 29 ett
1561 1195 67 32 för-

121 1245 199 38 tydligande
340 1256 100 27 synes
460 1257 81 20 vara
561 1248 50 29 att
630 1245 55 32 till
705 1245 157 32 rubriken
882 1245 44 39 på
945 1245 154 38 anslaget
1119 1245 99 38 fogas
1239 1245 95 32 ordet
1353 1242 275 42 ”lönnbränning',

121 1296 39 33 så
178 1299 51 30 att
247 1296 106 33 denna
373 1296 116 33 rubrik
508 1296 108 33 skulle
634 1295 134 34 komma
786 1300 51 29 att
854 1296 97 39 lyda:
983 1296 64 33 ”till
1066 1296 170 33 särskilda
1254 1296 303 39 polisverksamhet
1575 1297 55 32 för

120 1347 224 39 uppdagande
364 1359 43 20 av
426 1347 125 38 olovlig
569 1347 142 32 införsel
730 1359 42 20 av
793 1347 240 39 spritdrycker,
1055 1347 245 39 lönnbränning
1319 1359 43 21 m.
1382 1347 75 33 m.'»

165 1457 18 32 I
210 1455 106 33 likhet
341 1456 75 32 med
443 1455 364 39 departementschefen
833 1457 62 31 har
920 1456 166 33 utskottet
1112 1457 114 32 funnit
1253 1457 61 32 den
1341 1457 12 31 i
1380 1457 135 32 ärendet
1541 1457 85 32 före-

120 1506 122 38 bragta
261 1506 222 38 utredningen
504 1506 79 38 giva
603 1506 58 32 vid
682 1506 141 40 handen,
845 1510 51 29 att
916 1507 106 32 behov
1043 1519 42 20 av
1107 1506 148 33 särskild
1275 1507 213 33 verksamhet
1509 1519 117 27 genom

120 1556 242 39 polisutbildad
383 1556 154 39 personal
559 1556 53 32 för
632 1556 229 39 bekämpande
882 1569 42 20 av
945 1557 61 32 den
1027 1557 147 38 olovliga
1195 1557 163 32 införseln
1380 1570 41 20 av
1443 1558 184 38 spritdryc-

120 1607 60 32 ker
201 1619 43 21 m.
265 1619 43 20 m.
331 1606 149 39 alltjämt
502 1607 184 38 föreligger
709 1611 87 29 samt
818 1611 50 28 att
891 1607 106 33 denna
1018 1607 214 33 verksamhet
1256 1608 212 32 fortfarande
1491 1608 59 32 bör
1572 1620 54 27 ge-

119 1669 75 21 nom
213 1657 139 33 särskilt
369 1657 120 38 anslag
506 1657 234 39 understödjas
759 1670 42 20 av
818 1657 273 34 statsmakterna.
1132 1658 18 32 I
1169 1658 100 39 fråga
1288 1670 51 21 om
1358 1658 269 39 organisationen

120 1720 43 20 av
186 1707 254 33 verksamheten
463 1707 60 33 har
547 1708 166 32 utskottet
736 1708 61 33 ock
821 1708 114 33 funnit
960 1708 52 39 sig
1036 1708 80 33 böra
1140 1708 177 40 tillstyrka
1342 1709 129 38 Kungl.
1496 1709 130 39 Maj:ts,

120 1759 44 38 på
191 1758 385 39 generaltullstyrelsens
605 1759 60 32 och
692 1759 332 38 kontrollstyrelsens
1052 1759 174 33 utlåtande
1253 1760 12 31 i
1292 1760 136 32 ärendet
1455 1760 173 38 grundade

121 1809 131 38 förslag
277 1809 214 32 härutinnan.
540 1808 174 34 Storleken
739 1821 43 21 av
807 1810 55 32 det
887 1809 53 33 för
966 1809 192 33 ändamålet
1182 1809 124 34 äskade
1332 1810 153 39 anslaget
1510 1811 62 32 har
1596 1811 30 38 ej

119 1859 105 33 heller
247 1859 87 39 givit
356 1859 166 32 utskottet
544 1859 182 39 anledning
749 1860 54 31 till
826 1859 143 33 erinran.

166 1909 76 33 Med
261 1909 180 38 anledning
460 1921 42 20 av
521 1910 55 32 det
594 1910 196 32 motionsvis
810 1910 216 32 framställda
1045 1910 168 39 yrkandet
1232 1911 12 31 i
1264 1911 101 38 fråga
1385 1923 51 21 om
1457 1911 171 39 anslagets

122 1959 118 32 rubrik
260 1959 61 32 vill
344 1959 166 33 utskottet
531 1960 87 31 hava
640 1960 137 38 uttalat,
800 1964 52 28 att
873 1960 108 38 enligt
1003 1960 182 33 utskottets
1209 1961 133 38 mening
1366 1961 154 38 anslaget
1544 1966 83 28 även

121 2009 74 33 med
214 2010 50 31 sin
282 2009 272 33 hittillsvarande
574 2010 208 38 rubricering
800 2011 54 31 må
872 2013 98 35 tagas
988 2010 11 32 i
1019 2010 148 39 anspråk
1185 2011 127 38 jämväl
1332 2011 54 32 för
1404 2011 224 39 uppdagande

121 2072 43 20 av
195 2060 255 38 lönnbränning.
504 2060 53 32 Då
588 2060 186 32 emellertid
806 2060 210 33 tveksamhet
1047 2061 204 32 härutinnan
1283 2062 166 38 uppstått,
1482 2062 62 32 har
1575 2066 51 28 ut-

122 2110 125 33 skottet
268 2113 120 36 ansett,
412 2114 51 29 att
486 2110 64 32 full
571 2110 135 33 klarhet
728 2111 12 31 i
762 2111 91 32 detta
875 2111 185 32 hänseende
1083 2111 60 33 bör
1166 2111 249 33 åstadkommas
1439 2124 117 26 genom
1579 2116 50 29 ett

121 2160 253 39 förtydligande
395 2173 42 20 av
457 2161 179 38 omslagets
658 2161 127 39 rubrik,
806 2162 43 38 på
870 2165 69 29 sätt
958 2161 204 33 motionären
1184 2162 189 38 föreslagit.

166 2219 173 32 Utskottet
358 2219 193 33 hemställer
572 2219 111 39 alltså,

474 2307 50 28 att
544 2303 180 39 riksdagen
746 2304 53 31 må
819 2304 11 31 i
850 2304 180 38 anledning
1051 2316 42 20 av
1115 2304 128 38 Kungl.
1265 2304 120 38 Maj:ts
1407 2305 219 32 förevarande

429 2353 205 38 proposition
654 2353 60 32 och
733 2353 76 32 herr
829 2353 183 33 Svenssons
1031 2354 227 32 ovanberörda
1277 2354 134 40 motion,
1432 2355 32 32 I:
1480 2356 72 38 232,
1573 2355 53 32 till

429 2402 147 33 särskild
603 2402 301 39 polisverksamhet
932 2404 54 31 för
1012 2403 225 39 uppdagande
1265 2416 41 20 av
1334 2404 125 38 olovlig
1486 2405 141 32 införsel

1663 1454 158 28 Utskottets

1666 1488 145 34 yttrande.
