2222 2618
752 189 230 29 Statsutskottets
1005 190 151 28 utlåtande
1179 190 47 28 Nr
1255 192 48 27 59.
1805 191 34 28 13

229 269 51 29 ctt
316 266 126 47 anslag
478 279 43 22 av
550 266 162 42 521,000
740 266 145 35 kronor.
938 264 217 38 Sedermera
1181 266 183 47 beviljade
1395 269 94 34 1916
1519 271 57 33 års
1605 269 159 48 riksdag,
1793 273 46 45 på

229 312 136 50 förslag
391 328 44 23 av
462 315 135 49 Kungl.
628 316 115 47 Maj:t,
773 321 128 30 utöver
929 315 62 36 det
1019 316 57 35 för
1104 316 208 36 ändamålet
1339 316 112 37 redan
1471 317 183 49 beviljade
1672 321 166 46 anslaget

227 377 42 22 av
297 366 161 42 521,000
486 367 147 42 kronor,
661 367 218 47 ytterligare
915 370 53 31 ett
987 366 134 48 belopp
1141 379 44 22 av
1205 368 136 42 47,350
1360 367 137 36 kronor
1515 367 59 36 för
1594 369 242 48 uppförande,

228 414 83 36 med
338 415 95 36 vissa
459 416 204 35 avvikelser
689 415 84 36 från
802 415 102 36 förut
930 415 185 48 framlagd
1143 418 99 45 plan,
1271 429 44 23 av
1335 417 257 37 ovannämnda
1610 419 225 48 byggnader.

229 464 138 36 Härvid
407 465 152 36 anförde
600 465 209 48 riksdagen,
854 471 54 30 att
947 465 209 48 riksdagen,
1200 478 78 23 som
1322 467 81 35 icke
1444 468 97 34 velat
1581 474 173 30 motsätta
1780 470 57 47 sig

227 514 251 37 ovanberörda
506 514 261 50 förändringar
794 516 13 34 i
834 516 71 35 den
935 516 265 48 ursprungliga
1227 515 331 49 byggnadsplanen
1587 519 90 34 eller
1694 519 72 36 den
1794 532 43 23 av

227 564 134 49 Kungl.
388 565 106 48 Maj:t
522 565 131 36 äskade
680 566 346 48 anslagsökningen,
1059 566 205 36 emellertid
1292 571 120 31 ansett
1438 567 57 46 sig
1521 567 90 36 böra
1637 570 116 34 uttala
1779 570 57 35 sin

226 614 202 46 förväntan,
469 620 56 32 att
551 615 59 37 för
637 616 181 36 ernående
845 619 40 33 så
914 618 71 34 vitt
1016 616 147 49 möjligt
1193 629 43 24 av
1265 629 44 24 en
1342 617 214 49 minskning
1595 619 12 35 i
1647 619 190 36 kostnads-

226 678 168 24 summan
435 668 215 47 ytterligare
690 667 311 48 inskränkningar
1041 670 115 33 måtte
1183 668 125 35 kunna
1334 667 179 49 vidtagas,
1542 674 88 31 utan
1659 675 54 30 att
1740 669 96 37 däri-

223 729 133 35 genom:
396 717 45 36 de
482 717 171 44 fördelar,
682 730 79 23 som
804 717 83 36 med
914 718 202 37 anstaltens
1158 718 244 48 upprättande
1433 724 147 39 avsetts,
1609 720 145 36 komme
1782 725 54 31 att

224 773 204 42 äventyras.

323 817 56 35 Då
418 831 51 23 nu
509 820 216 48 ytterligare
767 819 118 35 medel
926 819 56 34 till
1010 818 196 36 avsevärda
1236 819 132 47 belopp
1396 820 104 36 äskas
1528 819 59 36 för
1613 820 220 44 ändamålet,

225 868 65 35 har
317 868 181 38 utskottet
523 870 57 34 väl
600 868 84 36 med
711 868 147 49 hänsyn
875 869 67 35 till
961 868 62 36 det
1040 868 208 49 trängande
1266 868 156 37 behovet
1441 883 44 22 av
1502 869 332 50 byggnadsföreta-

224 924 79 42 gets
331 917 198 37 utförande
556 924 121 31 ansett
704 920 58 47 sig
787 919 90 36 böra
903 919 188 50 tillstyrka
1117 919 70 36 vad
1215 918 137 49 Kungl.
1373 919 105 49 Maj:t
1496 919 202 51 föreslagit.
1731 921 103 37 Dock

223 969 75 48 vill
315 969 192 45 utskottet,
535 970 13 35 i
574 969 116 37 likhet
716 969 85 36 med
827 969 69 36 vad
923 970 198 47 riksdagen
1149 973 40 33 år
1218 971 95 35 1916
1341 971 13 34 i
1382 970 152 37 ärendet
1560 971 160 49 yttrade,
1748 973 84 35 allt-

219 1020 95 47 jämt
353 1020 119 36 uttala
510 1021 57 35 sin
604 1019 205 45 förväntan,
837 1026 54 30 att
917 1019 58 38 för
1001 1020 185 37 ernående
1209 1015 43 41 så
1278 1021 71 35 vitt
1375 1021 149 48 möjligt
1550 1034 45 23 av
1622 1034 45 23 en
1695 1023 138 35 minsk-

223 1071 90 47 ning
355 1072 13 34 i
408 1071 348 36 kostnadssumman
796 1072 312 47 inskränkningar
1148 1073 112 34 måtte
1300 1071 126 35 kunna
1458 1071 177 48 vidtagas,
1662 1077 90 31 utan
1779 1078 54 31 att

223 1120 215 48 därigenom
478 1121 45 36 de
564 1121 170 45 fördelar,
776 1134 79 24 som
896 1121 83 37 med
1007 1122 202 35 anstaltens
1236 1121 248 47 upprättande
1511 1127 148 39 avsetts,
1687 1122 146 37 komme

222 1176 54 31 att
302 1176 206 44 äventyras.

294 1305 3 10 .
325 1271 187 37 Utskottet
539 1272 214 36 hemställer
779 1273 117 44 alltså,

723 1379 57 31 att
806 1374 197 48 riksdågen
1030 1377 60 33 må

722 1422 36 48 a)
798 1437 44 24 av
881 1424 45 36 de
966 1430 89 30 utav
1096 1425 96 36 1914
1220 1428 58 33 års
1306 1437 128 25 senare
1461 1426 151 48 riksdag
1637 1427 69 36 och
1736 1430 93 34 1916

623 1478 57 33 års
712 1475 152 48 riksdag
889 1475 183 48 beviljade
1099 1476 174 47 anslagen
1301 1479 21 33 å
1340 1476 156 49 tillhopa
1516 1478 161 43 568,350
1696 1479 136 36 kronor

623 1524 58 37 för
708 1525 233 49 uppförande
967 1539 45 23 av
1039 1526 219 49 byggnader
1284 1525 58 37 för
1369 1539 45 24 en
1433 1527 230 37 vårdanstalt
1679 1530 13 34 i
1710 1528 119 45 Lund,

622 1576 137 37 avsedd
787 1576 58 36 för
871 1576 128 36 blinda
1027 1576 85 36 med
1138 1577 243 48 komplicerat
1407 1578 89 48 lyte,
1516 1579 126 35 anvisa
1660 1582 47 46 på
1724 1584 107 32 extra

622 1632 72 31 stat
733 1626 59 37 för
827 1630 41 33 år
902 1628 97 35 1920
1036 1630 120 33 såsom
1197 1629 374 48 reservationsanslag
1598 1629 232 37 återstående

622 1678 187 48 beloppet,
838 1678 161 44 418,350
1027 1678 153 43 kronor;

721 1729 24 35 b)
788 1728 198 36 därutöver
1017 1727 58 37 för
1101 1740 139 24 samma
1266 1728 171 37 ändamål
1463 1731 217 47 ytterligare
1703 1732 127 36 anvisa

620 1782 48 45 på
706 1784 105 31 extra
849 1784 74 31 stat
963 1778 58 37 för
1062 1782 41 32 år
1145 1779 96 36 1920
1280 1785 53 30 ett
1371 1781 376 49 reservationsanslag
1787 1795 43 23 av

621 1830 162 44 301,650
801 1830 148 35 kronor.

318 1910 209 39 Stockholm
557 1913 72 36 den
656 1916 23 33 4
706 1914 95 48 april
831 1915 107 36 1919.

751 2014 53 37 På
830 2016 294 35 statsutskottets
1143 2023 152 41 vägnar:

778 2098 35 38 S.
842 2099 46 36 H.
917 2099 353 38 KVARNZELIUS.

321 2229 224 33 Närvarande:
568 2240 35 22 se
625 2231 103 31 under
750 2230 182 33 utlåtandet
952 2242 38 21 nr
1011 2232 50 31 53.
