1908 2762
274 185 17 29 4
633 185 285 29 Statsutskottets
938 185 179 29 utlåtande
1136 194 42 19 nr
1198 185 61 29 135
1277 185 39 29 år
1336 186 83 28 1962

277 268 114 30 denna
414 268 65 39 dag
501 268 147 39 avgivna
672 269 178 29 utlåtande
874 278 41 19 nr
941 269 59 30 138
1025 271 50 27 att
1098 269 177 39 tillstyrka
1297 269 319 39 ianspråktagande
1641 279 41 19 av
1704 269 71 30 viss

276 319 53 29 del
356 328 41 19 av
422 319 581 39 exportkreditgarantigivningens
1029 319 203 29 nuvarande
1257 319 271 39 maximibelopp
1555 319 54 29 för
1636 319 135 39 speciell

278 368 278 39 garantigivning
581 368 54 30 för
660 371 119 36 export
804 378 41 20 av
870 369 140 29 särskilt
1034 370 105 28 värde
1165 369 77 29 från
1267 369 352 39 biståndssynpunkt.

322 420 13 29 I
352 419 219 30 motionerna
589 420 28 29 I:
634 419 60 30 641
714 419 64 30 och
797 420 44 29 II:
858 420 61 30 793
937 420 64 29 har
1018 420 44 29 bl.
1082 430 29 19 a.
1131 420 211 30 framhållits
1361 420 283 29 önskvärdheten
1663 429 42 20 av
1724 421 49 28 att

277 478 42 20 en
346 469 225 39 samordning
596 469 158 30 kommer
778 469 52 30 till
857 470 101 30 stånd
983 470 129 29 mellan
1138 470 259 29 kommersiella
1422 470 65 29 och
1513 469 185 40 offentliga
1723 471 51 29 in-

278 521 110 27 satser
405 520 10 28 i
433 519 208 29 u-länderna
659 519 63 29 och
740 521 49 28 att
808 520 40 29 de
866 519 93 30 olika
976 519 179 30 formerna
1174 520 53 29 för
1245 529 41 20 en
1306 519 109 30 sådan
1435 520 227 39 samordning
1680 520 94 29 kart-

277 569 128 39 läggas.
433 570 69 30 Mot
529 569 230 39 bakgrunden
786 578 42 20 av
854 569 66 30 vad
946 570 172 29 utskottet
1144 570 11 29 i
1182 570 56 29 det
1266 569 207 40 föregående
1502 569 118 31 anfört
1648 579 56 20 om
1732 570 41 29 de

277 619 136 38 privata
431 619 259 30 kommersiella
709 620 214 29 insatsernas
942 619 176 39 betydelse
1138 619 54 30 för
1211 620 208 29 u-länderna
1439 620 97 29 torde
1555 620 68 30 vad
1643 621 10 29 i
1673 620 102 30 dessa

277 669 171 29 motioner
472 669 181 39 härvidlag
677 669 135 30 anförts
835 679 83 20 vara
941 670 76 31 värt
1043 670 44 29 all
1112 670 324 38 uppmärksamhet.
1462 670 177 30 Utskottet
1665 670 109 30 förut-

278 719 116 34 sätter,
415 721 48 27 att
482 719 95 29 detta
596 719 170 39 spörsmål
785 719 68 29 blir
871 719 145 30 föremål
1036 719 55 30 för
1111 721 159 28 närmare
1290 720 171 39 prövning
1481 730 42 20 av
1542 720 232 30 förenämnda

278 768 239 40 arbetsgrupp.

322 819 280 29 Statsministern
622 819 64 29 har
706 820 85 28 även
811 819 115 30 berört
947 820 40 29 de
1009 820 223 39 svårigheter,
1254 829 74 21 som
1349 820 216 39 uppkomma
1587 821 54 29 för
1662 821 112 29 u-län-

277 868 127 30 dernas
432 869 229 29 ekonomiska
689 869 199 39 utveckling
915 870 51 29 till
993 869 93 40 följd
1114 870 44 29 bl.
1187 880 29 20 a.
1245 880 42 20 av
1315 870 41 30 de
1384 871 286 33 handelshinder,
1700 880 73 20 som

277 918 323 30 industriländerna
629 928 159 29 uppresa.
817 920 51 28 En
896 919 253 40 liberalisering
1176 930 41 19 av
1243 920 343 30 industriländernas
1614 921 161 29 handels-

275 969 124 38 politik
416 969 107 33 torde,
541 969 116 29 såsom
675 970 86 28 även
777 970 11 28 i
805 970 260 38 propositionen
1084 970 223 34 framhållits,
1324 980 83 20 vara
1424 971 56 29 det
1498 971 275 30 verksammaste

275 1019 128 29 medlet
430 1021 49 27 att
507 1019 131 39 främja
666 1020 225 29 u-ländernas
918 1021 230 29 ekonomiska
1175 1021 209 38 utveckling.
1413 1022 176 28 Utskottet
1616 1021 59 29 vill
1704 1022 70 29 sär-

278 1069 82 30 skilt
381 1069 125 30 betona
526 1070 295 39 angelägenheten
843 1080 41 20 av
904 1073 49 27 att
974 1071 136 39 Sverige
1132 1071 78 30 med
1231 1071 76 30 sina
1328 1071 77 39 låga
1425 1072 106 29 tullar
1552 1071 65 30 och
1640 1071 52 30 sin
1715 1071 59 30 all-

276 1120 98 28 mänt
396 1119 335 40 frihandelsvänliga
751 1120 204 40 inställning
978 1120 300 40 fortsättningsvis
1299 1121 244 30 målmedvetet
1567 1123 135 29 strävar
1725 1123 49 28 att

276 1169 11 29 i
306 1170 281 30 internationella
607 1170 255 39 sammanhang
881 1171 187 29 medverka
1088 1172 51 29 till
1159 1172 198 39 ytterligare
1377 1171 253 40 liberalisering
1651 1181 41 20 av
1711 1173 64 28 im-

276 1221 124 37 porten
417 1219 78 30 från
512 1220 218 29 u-länderna.
748 1220 64 29 Det
828 1221 57 29 må
901 1221 133 29 erinras
1052 1230 57 20 om
1127 1223 48 27 att
1193 1221 105 30 sedan
1317 1221 108 39 några
1441 1221 38 30 år
1497 1222 278 39 u-landsproble-

276 1278 81 20 men
388 1269 207 30 behandlats
627 1270 94 29 inom
754 1280 41 19 en
829 1271 149 29 särskild
1011 1271 328 34 GATT-kommitté,
1372 1272 64 29 där
1468 1271 54 30 för
1555 1272 218 29 närvarande

277 1318 124 40 frågan
425 1329 56 20 om
504 1320 205 40 minskning
733 1330 42 20 av
798 1320 274 30 handelshinder
1097 1322 38 29 är
1158 1321 146 30 föremål
1330 1321 54 30 för
1408 1322 151 30 särskild
1584 1323 190 38 uppmärk-

278 1369 146 30 samhet.

320 1420 12 28 I
358 1419 98 39 fråga
479 1429 56 20 om
559 1420 91 29 valet
675 1421 127 28 mellan
826 1421 250 29 multilaterala
1101 1422 64 29 och
1189 1421 180 30 bilaterala
1393 1422 293 30 biståndsformer
1710 1423 64 29 har

278 1470 272 30 statsministern
577 1470 164 30 framfört
765 1471 93 30 vissa
884 1472 178 29 allmänna
1088 1473 217 38 synpunkter
1331 1473 64 29 och
1420 1473 122 29 därvid
1569 1473 204 34 framhållit,

277 1522 50 27 att
355 1520 57 29 det
439 1519 185 35 företräde,
653 1530 74 21 som
756 1521 135 39 Sverige
919 1521 125 31 hittills
1073 1524 69 37 gett
1172 1522 65 29 den
1264 1523 250 29 multilaterala
1543 1523 232 39 biståndsgiv-

277 1570 128 39 ningen
428 1571 84 29 även
535 1571 10 28 i
568 1570 272 40 fortsättningen
863 1571 61 29 bör
946 1572 258 38 upprätthållas
1226 1582 79 20 men
1330 1575 49 27 att
1402 1573 95 29 detta
1519 1573 76 30 icke
1618 1573 155 35 hindrar,

277 1621 50 28 att
350 1620 56 29 det
429 1620 181 30 bilaterala
632 1620 175 30 biståndet
830 1621 105 30 också
956 1621 63 30 bör
1042 1622 96 39 spela
1161 1632 41 19 en
1225 1623 170 39 väsentlig
1418 1623 75 29 roll.
1526 1624 4 28 I
1554 1624 220 29 motionerna

276 1670 28 29 I:
321 1670 60 29 641
408 1670 64 29 och
496 1670 44 29 II:
559 1671 62 29 793
645 1671 146 38 kopplas
816 1671 123 39 frågan
963 1681 56 20 om
1044 1672 41 29 de
1110 1673 258 29 kommersiella
1392 1673 198 30 insatserna
1615 1683 159 20 samman

276 1720 79 29 med
375 1720 67 30 den
463 1720 181 31 bilaterala
665 1721 266 40 biståndstypen
952 1722 64 30 och
1038 1723 211 34 hemställes,
1273 1726 49 27 att
1344 1724 187 38 riksdagen
1553 1724 108 30 måtte
1684 1726 90 28 utta-

276 1770 42 34 la,
345 1773 49 28 att
419 1770 100 31 dessa
541 1770 91 30 båda
657 1771 291 31 biståndsformer
973 1773 99 30 skola
1097 1782 101 21 anses
1222 1773 80 30 fullt
1326 1774 205 39 likvärdiga.
1557 1774 12 29 I
1595 1775 178 29 motionen

276 1821 44 28 II:
339 1821 60 29 797
420 1820 156 30 däremot
595 1822 128 29 uttalas
741 1831 43 20 en
801 1822 71 29 viss
890 1821 179 40 preferens
1089 1822 54 30 för
1163 1823 55 30 det
1236 1824 249 29 multilaterala
1503 1824 188 30 biståndet.

320 1871 66 29 Vid
403 1870 231 31 bedömandet
653 1881 41 20 av
711 1871 94 30 detta
823 1872 170 39 spörsmål
1012 1872 112 31 måste
1142 1873 240 30 huvudvikten
1400 1874 118 39 läggas
1537 1874 58 30 vid
1612 1875 67 30 vad
1699 1884 74 21 som

275 1920 80 29 från
380 1921 400 39 utvecklingssynpunkt
803 1922 39 28 är
866 1924 89 27 mest
978 1922 173 30 effektivt.
1177 1924 51 28 En
1252 1923 260 30 internationell
1536 1925 238 39 organisation

273 1971 65 28 har
362 1971 142 39 givetvis
528 1971 89 39 goda
640 1971 222 39 möjligheter
885 1974 50 28 att
956 1972 156 40 jämföra
1136 1974 64 29 och
1224 1974 209 29 koordinera
1457 1975 94 29 olika
1574 1975 160 30 insatser.
1760 1976 13 28 I

275 2021 170 29 samband
469 2021 80 29 med
574 2021 67 30 den
667 2021 189 30 förutsatta
880 2023 152 39 kraftiga
1058 2024 175 39 ökningen
1258 2034 42 20 av
1325 2025 66 29 den
1416 2026 108 29 totala
1550 2027 150 29 svenska
1724 2026 49 29 bi-

275 2071 308 40 ståndsgivningen
604 2072 121 33 måste,
746 2072 116 30 såsom
884 2073 274 30 statsministern
1179 2074 112 36 anför,
1312 2084 42 20 en
1375 2075 195 39 betydande
1591 2076 54 29 del
1667 2076 107 30 därav

274 2121 36 30 få
333 2122 136 29 lämnas
492 2121 186 30 bilateralt.
703 2122 143 30 Erinras
870 2123 57 29 må
950 2124 106 29 också
1080 2133 57 20 om
1162 2124 40 30 de
1227 2124 131 30 former
1382 2135 42 19 av
1448 2126 253 30 kommersiellt
1724 2127 49 29 bi-

274 2172 114 34 stånd,
410 2172 61 29 där
492 2181 42 20 en
556 2172 139 30 enskild
718 2174 67 28 stat
806 2172 156 40 vidtager
983 2173 162 40 åtgärder
1167 2184 41 20 av
1229 2184 74 20 mer
1324 2176 83 29 eller
1428 2176 137 29 mindre
1588 2177 115 29 direkt
1724 2177 49 29 bi-

274 2222 292 30 ståndskaraktär
589 2223 56 29 via
669 2223 82 29 eller
780 2223 5 29 i
810 2223 169 30 samband
1003 2224 80 29 med
1108 2224 57 30 det
1189 2233 87 31 egna
1300 2225 236 40 näringslivet.
1562 2227 53 29 En
1640 2227 133 29 kombi-

274 2272 121 30 nation
421 2281 42 21 av
488 2272 227 30 multilateral
743 2274 65 29 och
833 2273 158 30 bilateral
1017 2274 303 40 biståndsgivning
1347 2276 70 29 kan
1444 2276 10 28 i
1480 2276 94 30 vissa
1602 2277 61 29 fall
1689 2286 84 20 vara

274 2324 50 28 att
347 2323 300 29 rekommendera.
671 2324 64 29 Det
759 2323 70 30 kan
852 2323 120 30 därför
995 2324 107 40 enligt
1127 2325 188 30 utskottets
1338 2326 141 40 mening
1502 2326 76 30 icke
1603 2327 47 29 bli
1675 2327 98 39 fråga

274 2382 56 20 om
355 2375 48 27 ett
427 2373 150 39 ensidigt
602 2373 335 40 ställningstagande
960 2374 53 30 till
1038 2374 140 30 förmån
1204 2375 53 29 för
1282 2375 67 30 den
1373 2385 66 20 ena
1463 2377 82 28 eller
1570 2377 67 29 den
1663 2377 110 29 andra

273 2422 276 41 biståndstypen.

319 2472 121 30 Såsom
466 2473 276 30 statsministern
768 2473 106 31 också
899 2473 195 32 framhållit
1121 2474 62 31 bör
1209 2475 102 30 alltså
1337 2476 57 30 det
1422 2477 149 29 svenska
1598 2477 175 30 bistånds-
