1910 2766
507 151 286 30 Statsutskottets
814 149 178 29 utlåtande
1012 157 42 20 nr
1074 148 61 28 135
1153 147 39 29 år
1213 146 82 29 1962
1616 143 40 30 23

200 239 111 30 Sedan
337 234 351 34 Centralkommittén
712 234 205 30 avlämnade
943 232 75 30 sina
1042 231 110 40 petita
1175 231 64 28 har
1264 229 67 30 den
1356 228 19 29 4
1400 227 144 30 oktober
1571 225 81 30 1961

155 290 92 30 avtal
270 288 272 30 undertecknats
567 286 130 29 mellan
720 284 136 38 Sverige
879 283 65 30 och
967 282 168 29 Pakistan
1159 281 73 29 dels
1255 289 57 20 om
1336 277 156 31 tekniskt
1515 275 140 31 bistånd

155 341 45 39 på
227 337 384 41 familjeplaneringens
642 335 142 30 område
813 334 64 29 och
906 333 73 29 dels
1009 342 56 20 om
1095 331 140 30 bistånd
1264 330 46 39 på
1340 327 315 38 elektrifieringens

156 390 151 30 område.
334 389 112 31 Sedan
472 387 146 39 tidigare
644 385 159 41 gällande
828 384 92 30 avtal
945 383 114 38 utgått
1084 380 179 31 förbereds
1289 378 267 38 förhandlingar
1582 375 73 30 dels

155 441 128 29 mellan
304 439 136 39 Sverige
461 439 64 29 och
546 437 168 30 Pakistan
735 445 55 21 om
811 434 230 41 yrkesskolan
1061 433 12 28 i
1093 431 136 30 Landhi
1250 430 64 30 och
1335 429 72 30 dels
1428 428 129 29 mellan
1579 428 77 30 Sve-

155 492 71 39 rige
249 491 64 30 och
336 489 160 40 Etiopien
520 487 178 40 angående
721 484 345 42 byggnadstekniska
1088 482 184 30 institutet.
1297 479 279 38 Förhandlingar
1599 486 55 20 om

156 542 91 29 avtal
269 540 169 31 avseende
460 549 68 30 nya
549 538 141 40 projekt
712 536 178 30 förbereds
913 535 72 30 dels
1007 534 130 29 mellan
1160 532 147 39 Sverige,
1330 529 160 40 Etiopien
1512 528 65 30 och
1599 527 54 30 FN

157 592 177 40 angående
359 593 47 28 ett
431 590 169 39 regionalt
625 586 456 42 byggforskningscentrum
1107 584 10 29 i
1143 582 108 30 Addis
1277 581 127 33 Abeba,
1429 580 73 29 dels
1527 578 129 30 mellan

158 643 135 39 Sverige
314 644 66 32 och
400 641 136 30 Liberia
557 639 178 40 angående
756 636 206 41 yrkesskola
980 635 59 29 vid
1059 634 135 29 Nimba.
1216 632 126 30 Vidare
1363 630 107 40 pågår
1491 628 166 31 förhand-

156 694 112 40 lingar
286 693 130 29 mellan
436 691 136 39 Sverige
592 690 66 30 och
677 689 168 29 Pakistan
865 686 178 40 angående
1061 683 207 41 yrkesskola
1287 682 11 29 i
1318 680 227 40 Östpakistan
1567 680 89 28 samt

157 745 128 29 mellan
303 743 136 39 Sverige
457 742 65 29 och
538 740 125 31 Indien
679 738 177 40 angående
874 739 48 28 ett
940 733 372 34 småindustriinstitut
1330 731 78 30 med
1425 729 233 41 yrkesunder-

156 795 147 39 visning.
323 794 183 38 Härjämte
524 791 108 40 pågår
652 788 266 39 förhandlingar
938 786 169 31 avseende
1125 784 94 30 vissa
1237 783 140 40 projekt
1398 790 73 21 som
1491 779 168 30 finansie-

157 856 57 20 ras
235 845 80 30 med
339 843 157 39 »Sverige
518 840 308 41 Hjälper»-medel.
850 838 100 29 Avtal
974 846 74 21 som
1071 835 129 40 ingåtts
1222 834 46 39 på
1289 830 369 33 Centralkommitténs

158 896 50 30 tid
231 894 186 42 genomgår
440 903 47 20 nu
510 902 42 21 en
575 893 148 38 översyn
745 891 95 28 inom
864 888 177 30 nämnden
1064 887 56 29 för
1141 883 276 31 internationellt
1440 881 140 30 bistånd
1603 880 55 29 för

159 949 50 28 att
226 948 116 38 läggas
360 945 44 40 på
421 943 153 39 enhetlig
590 943 72 29 bas.

204 996 194 31 Statsrådet
420 995 64 29 har
507 994 19 29 å
550 1003 25 20 s.
600 992 126 31 52—61
752 994 11 28 i
785 999 97 31 prop.
906 990 133 29 lämnat
1064 996 42 21 en
1129 985 154 31 översikt
1307 983 174 30 ländervis
1505 983 80 28 över
1609 980 49 29 bi-

160 1045 409 33 ståndsverksamhetens
594 1042 153 39 omfång,
773 1040 194 38 inriktning
992 1038 64 30 och
1080 1036 200 32 kostnader,
1306 1033 120 31 varvid
1450 1031 208 39 beräkning-

160 1108 38 20 ar
216 1107 45 19 m.
282 1106 45 20 m.
346 1098 11 28 i
377 1096 67 29 den
463 1094 82 30 mån
565 1094 41 29 de
626 1093 31 39 ej
680 1092 123 29 härrör
824 1090 79 30 från
924 1086 350 33 Centralkommittén
1296 1084 110 40 gjorts
1428 1083 111 29 under
1561 1083 97 28 ären-

160 1149 74 29 dets
251 1146 190 39 beredning
458 1145 12 29 i
487 1141 424 40 utrikesdepartementet.

203 1195 227 33 Beträffande
446 1194 123 31 Indien
587 1193 65 29 har
670 1190 213 31 framhållits
899 1189 46 29 bl.
964 1198 29 19 a.
1012 1186 168 41 följande.

206 1248 13 29 I
250 1246 237 31 betänkandet
520 1243 159 39 »Sverige
710 1242 145 39 Hjälper
885 1258 44 3 —
960 1240 48 28 ett
1040 1237 373 38 handlingsprogram>
1448 1232 212 31 framfördes

163 1298 128 39 förslag
312 1306 58 21 om
391 1297 47 29 ett
458 1294 141 31 institut
619 1294 12 29 i
652 1292 122 30 Indien
794 1291 55 30 för
871 1288 229 32 småindustri
1122 1287 66 30 och
1207 1285 173 30 hantverk
1401 1284 79 30 med
1502 1293 42 20 en
1564 1283 98 29 kom-

161 1349 158 29 bination
347 1356 42 20 av
416 1343 358 42 yrkesundervisning
803 1341 66 30 och
896 1337 419 40 marknadsproduktion.
1346 1334 232 39 Sonderingar
1607 1333 54 30 för

163 1401 50 28 att
233 1399 128 29 utröna
380 1398 97 28 inom
498 1395 118 30 vilken
637 1392 328 38 verksamhetsgren
987 1390 122 29 Indien
1133 1388 112 30 skulle
1269 1386 112 30 önska
1403 1385 95 30 detta
1520 1383 141 31 bistånd

162 1450 64 28 har
249 1447 119 41 pågått
395 1446 107 30 sedan
528 1444 94 30 1959.
649 1443 121 29 Indien
795 1442 64 29 har
884 1440 111 39 ingått
1020 1438 167 30 liknande
1213 1437 91 29 avtal
1330 1436 79 29 med
1433 1435 94 29 vissa
1554 1434 108 30 andra

162 1499 130 33 länder,
316 1500 24 27 t.
364 1506 50 20 ex.
438 1493 263 41 Västtyskland,
724 1493 114 39 Japan
862 1491 66 30 och
950 1489 205 34 Frankrike,
1180 1488 65 29 och
1269 1486 121 30 därvid
1415 1485 106 39 åtagit
1546 1484 51 39 sig
1620 1493 43 20 en

162 1547 195 40 betydande
377 1547 54 29 del
453 1556 41 20 av
514 1546 42 29 de
576 1545 80 29 med
676 1543 185 40 projekten
881 1540 201 31 förbundna
1101 1538 247 33 kostnaderna,
1371 1535 149 30 framför
1541 1535 61 30 allt
1622 1535 41 28 de

163 1600 108 30 totala
297 1595 430 42 byggnadskostnaderna.
755 1593 52 30 Då
833 1601 82 20 man
943 1591 45 40 på
1014 1590 134 30 indiskt
1173 1588 72 30 håll
1271 1588 92 29 velat
1388 1587 108 29 vinna
1523 1595 42 20 en
1593 1585 71 29 viss

163 1649 199 30 erfarenhet
378 1657 55 20 om
449 1647 67 29 hur
531 1647 115 29 denna
662 1644 126 30 modell
805 1644 54 29 för
875 1642 194 31 samarbete
1086 1640 176 39 fungerar,
1278 1639 64 29 har
1358 1638 104 39 något
1479 1636 184 39 slutgiltigt

163 1700 55 29 val
235 1709 41 20 av
293 1697 278 31 svensk-indiskt
587 1694 183 31 arbetsfält
789 1695 93 28 ännu
899 1693 72 28 inte
989 1690 154 31 träffats.
1161 1689 177 30 Parallellt
1356 1687 107 40 pågår
1480 1686 24 30 f.
1522 1696 32 20 n.
1571 1686 94 29 vissa

165 1749 304 38 undersökningar
496 1756 57 21 om
582 1748 51 28 att
662 1744 199 31 alternativt
890 1743 156 38 anknyta
1074 1742 57 28 det
1161 1740 150 30 svenska
1338 1738 175 40 projektet
1542 1736 52 30 till
1623 1745 41 21 en

164 1801 107 28 redan
293 1798 217 40 fungerande
532 1794 316 42 pappersindustri.

209 1851 64 28 Det
293 1850 65 28 har
379 1849 88 29 mött
486 1848 94 29 vissa
602 1846 213 38 svårigheter
836 1846 50 27 att
906 1843 55 30 för
981 1843 56 29 det
1058 1841 139 39 mycket
1218 1842 95 28 stora
1333 1839 91 33 land,
1447 1847 75 21 som
1544 1837 121 29 Indien

166 1901 47 34 är,
240 1900 78 29 med
345 1900 78 29 dess
449 1896 274 40 vittförgrenade
748 1893 326 39 utbildningsväsen
1101 1892 65 29 och
1191 1890 147 39 kraftigt
1364 1887 302 31 dimensionerade

166 1948 300 39 biståndsprojekt
484 1947 80 30 från
581 1947 129 38 många
727 1946 110 29 andra
854 1944 121 29 länder
993 1943 100 29 finna
1111 1942 137 29 formen
1266 1940 55 30 för
1339 1949 42 20 en
1401 1939 126 30 svensk
1545 1934 120 47 insats,

167 2010 75 20 som
266 1999 113 30 skulle
403 1999 122 29 kunna
548 1998 110 29 sättas
682 1997 37 28 in
742 1996 79 29 med
844 1994 133 39 verklig
1003 1992 220 30 effektivitet.
1250 1991 78 29 Icke
1353 1989 108 30 minst
1485 1989 45 39 på
1555 1988 113 39 grund

168 2060 41 20 av
236 2050 54 30 det
319 2048 180 40 dröjsmål,
526 2057 75 20 som
629 2046 232 40 uppkommit,
889 2046 38 28 är
953 2045 56 29 det
1037 2043 179 39 angeläget
1243 2043 50 28 att
1320 2041 39 29 så
1386 2042 96 28 snart
1508 2040 160 29 överens-

167 2100 191 31 kommelse
394 2099 139 29 träffats
568 2107 56 20 om
659 2099 47 28 ett
739 2096 334 39 välprogrammerat
1097 2092 301 39 biståndsprojekt
1422 2091 95 28 detta
1539 2088 128 40 skynd-

168 2153 91 27 samt
284 2151 107 29 sättes
414 2150 10 29 i
449 2149 99 39 gång.
572 2148 79 29 Med
674 2147 114 29 denna
811 2144 207 39 motivering
1041 2143 56 30 för
1119 2142 140 30 bistånd
1283 2141 53 29 till
1360 2140 121 29 Indien
1506 2139 54 30 för
1584 2138 84 29 bud-

169 2202 129 38 getåret
318 2199 150 34 1962/63
485 2198 173 30 beräknas
676 2199 47 28 ett
741 2197 123 38 belopp
883 2205 41 19 av
943 2197 14 28 1
978 2194 87 39 milj.
1085 2194 51 28 kr.

213 2251 12 28 I
242 2250 99 38 fråga
356 2258 57 20 om
430 2247 204 30 biträdande
651 2248 157 37 experter
824 2244 204 30 framhålles
1044 2243 44 29 bl.
1106 2252 29 20 a.
1154 2241 166 39 följande.

209 2300 119 38 Någon
352 2300 147 37 spontan
522 2296 214 38 efterfrågan
759 2295 44 39 på
823 2293 205 30 biträdande
1051 2292 148 29 svenska
1220 2292 158 37 experter
1399 2290 63 28 har
1484 2289 74 29 icke
1581 2288 88 29 före-

169 2349 147 30 kommit
348 2348 79 29 från
458 2348 41 28 de
531 2345 281 30 internationella
844 2351 170 31 organens
1047 2342 85 29 sida.
1165 2341 98 29 Efter
1294 2339 267 38 förhandlingar
1592 2337 78 29 med

169 2399 151 30 EPTA:s
344 2398 155 30 direktör
522 2397 64 28 har
609 2396 89 29 dock
721 2395 84 30 löfte
829 2393 180 30 utverkats
1034 2401 56 21 om
1114 2391 177 39 placering
1315 2399 42 20 av
1380 2389 102 38 något
1507 2388 164 29 halvdus-

169 2450 51 29 sin
247 2449 317 39 »juniorexperter»
590 2447 10 29 i
623 2445 226 30 multilateral
871 2441 394 34 biståndsverksamhet,
1289 2441 156 28 närmast
1469 2447 74 21 som
1568 2438 104 29 biträ-

169 2501 65 29 den
256 2500 50 29 till
328 2499 93 29 FN:s
442 2498 115 29 lokala
578 2497 280 38 representanter
879 2494 10 29 i
911 2493 92 30 olika
1024 2492 131 30 länder.
1177 2490 311 38 Förutsättningen
1510 2490 37 28 är
1568 2488 104 39 givet-
