1906 2762
261 156 19 31 8
620 157 287 31 Statsutskottets
927 159 177 29 utlåtande
1124 169 41 19 nr
1185 160 61 29 135
1264 159 39 30 år
1323 161 84 28 1962

267 239 123 30 Direkt
408 240 143 30 svenskt
570 240 140 31 bistånd

268 298 48 29 11.
342 298 218 39 Fältprojekt
617 322 646 9 osoooosssseseeseeseerresr
1078 294 35 49 rr
1124 294 56 49 ses
1188 294 11 49 s
1210 294 31 49 re
1250 294 16 49 s
1297 302 71 34 11,0
1416 303 89 29 mkr.

268 348 48 29 12.
343 348 208 39 Stipendiat-
577 349 65 29 och
669 349 311 31 kursverksamhet
1015 375 248 7 ............
1316 352 52 34 3,0
1416 353 89 29 mkr.

268 397 48 29 13.
342 398 225 30 Humanitärt
586 399 141 30 bistånd
753 423 513 8 .......ssssssesssse
1170 393 32 50 rr
1214 393 57 50 rr
1319 403 51 33 3,0
1418 403 90 29 mkr.

269 447 48 29 14.
342 448 128 39 Bidrag
490 449 50 29 till
560 448 234 41 insamlingen
816 451 158 39 »Sverige
994 451 163 39 Hjälper»
1187 475 73 7 ....
1316 452 49 34 1,0
1413 453 89 29 mkr.
1550 452 73 35 20,0
1671 453 90 30 mkr.

1551 528 94 34 67,25
1670 529 91 28 mkr.

311 622 186 30 Utskottet.
521 624 66 29 För
610 624 219 30 överblicken
853 626 66 29 och
942 626 265 40 redovisningen
1231 637 42 20 av
1296 628 41 29 de
1361 628 65 29 vitt
1451 628 113 30 skilda
1587 629 175 34 ändamål,

266 680 73 20 som
356 672 428 32 biståndsverksamheten
801 676 179 34 omsluter,
999 676 155 35 föreslås,
1171 679 50 27 att
1238 678 56 29 det
1310 678 280 30 hittillsvarande
1608 688 152 21 reserva-

264 722 252 41 tionsanslaget
538 724 147 40 »Bidrag
704 725 51 29 till
776 725 259 31 internationell
1055 727 343 39 hjälpverksamhet>
1422 729 168 39 uppdelas
1610 729 44 39 på
1675 729 88 30 flera

261 773 130 39 anslag.
411 774 174 30 Utskottet
602 775 65 29 har
684 775 76 30 icke
778 776 103 39 något
900 779 51 27 att
969 777 114 29 erinra
1100 779 73 28 mot
1191 779 49 28 att
1258 787 43 20 en
1320 778 109 30 sådan
1449 779 213 40 uppdelning
1681 780 79 29 sker

263 823 127 30 liksom
407 824 30 39 ej
458 824 106 30 heller
580 827 73 28 mot
670 825 41 30 de
729 826 312 39 anslagsrubriker,
1059 837 74 20 som
1151 828 121 29 därvid
1289 829 148 30 kommit
1456 829 51 29 till
1525 830 235 39 användning.

264 873 121 30 Såsom
409 874 11 29 i
445 875 261 38 propositionen
731 876 212 30 framhållits
968 877 166 30 innebära
1159 878 40 29 de
1224 879 94 29 olika
1343 880 351 38 anslagsrubrikerna
1718 890 42 19 en

267 924 66 29 viss
350 924 296 41 schematisering.
664 927 102 29 Detta
781 927 96 29 torde
893 927 76 29 icke
986 927 120 30 kunna
1122 928 183 30 undvikas.
1323 929 154 30 Sålunda
1492 930 164 29 hänvisas
1672 930 44 29 bl.
1731 940 30 19 a.

264 974 50 29 till
332 976 51 28 att
399 975 242 30 multilateralt
657 977 65 28 och
738 976 174 31 bilateralt
928 977 138 30 bistånd
1082 979 65 28 har
1164 978 155 40 flytande
1337 980 143 38 gränser
1496 982 174 37 gentemot
1687 990 75 19 var-

265 1024 119 29 andra.
405 1024 124 31 Vidare
547 1025 122 31 kunna
686 1026 93 30 vissa
797 1027 263 30 mellanformer
1079 1029 136 38 uppstå,
1235 1029 45 29 då
1298 1038 42 20 en
1360 1030 227 40 samordning
1606 1040 42 20 av
1666 1031 94 29 olika

263 1075 139 39 projekt
423 1076 80 38 äger
523 1085 87 20 rum.

307 1125 118 30 Under
441 1126 41 29 de
498 1126 247 40 efterföljande
760 1128 201 39 punkterna
978 1129 104 30 3—16
1098 1129 192 30 behandlar
1307 1130 171 30 utskottet
1494 1132 125 38 Kungl.
1637 1132 124 39 Maj:ts

263 1174 266 39 ifrågavarande
550 1176 131 40 förslag
702 1177 51 30 till
774 1177 359 41 medelsanvisningar
1153 1180 111 29 under
1285 1180 112 39 tredje
1419 1181 232 30 huvudtiteln.

306 1225 226 40 Åberopande
553 1227 56 30 det
630 1227 149 30 anförda
799 1228 55 29 får
874 1229 172 30 utskottet
1065 1230 196 34 hemställa,

615 1279 51 28 att
683 1278 186 40 riksdagen
887 1279 58 29 må
962 1279 11 29 i
992 1279 164 30 skrivelse
1173 1280 52 30 till
1243 1281 126 39 Kungl.
1388 1281 106 40 Maj:t
1511 1281 77 40 giva
1605 1282 51 29 till
1676 1282 86 29 kän-

571 1337 46 20 na
634 1328 68 29 vad
720 1329 170 29 utskottet
909 1329 127 30 anfört.

601 1468 186 35 Nämnden
794 1469 60 44 för
869 1470 263 34 internationellt
1147 1470 146 41 bistånd,
1310 1484 44 21 m.
1373 1484 44 21 m.

307 1547 75 35 3:0)
413 1548 178 31 Nämnden
616 1550 57 29 för
700 1550 270 30 internationellt
996 1551 151 30 bistånd:
1175 1552 221 35 Avlöningar.
1422 1552 122 37 Kungl.
1571 1553 103 37 Maj:t
1698 1553 63 29 har

261 1598 180 40 föreslagit
457 1599 185 40 riksdagen
665 1600 129 39 (punkt
812 1601 28 33 1,
857 1611 25 19 s.
900 1602 42 29 29
959 1602 64 29 och
1040 1602 56 35 30)
1119 1604 50 28 att
1184 1603 73 29 dels
1274 1603 188 39 godkänna
1478 1613 42 20 av
1536 1603 224 40 föredragan-

261 1648 39 29 de
319 1649 188 41 statsrådet
524 1649 166 31 förordad
708 1651 253 39 avlöningsstat
978 1651 54 30 för
1049 1653 177 29 nämnden
1243 1652 55 30 för
1314 1653 277 30 internationellt
1608 1654 152 34 bistånd,

259 1701 48 27 att
322 1699 178 39 tillämpas
515 1700 70 30 tills
599 1700 119 30 vidare
734 1701 78 30 från
827 1702 66 29 och
907 1702 80 29 med
1001 1702 202 40 budgetåret
1221 1702 158 36 1962/63,
1396 1703 73 30 dels
1484 1704 65 29 ock
1564 1704 52 29 till
1631 1705 129 29 Nämn-

261 1748 65 29 den
350 1749 54 29 för
426 1749 276 32 internationellt
724 1751 154 31 bistånd:
903 1751 212 40 Avlöningar
1138 1752 54 30 för
1215 1762 135 21 samma
1373 1753 169 40 budgetår
1565 1755 121 29 anvisa
1710 1757 47 27 ett

260 1799 273 41 förslagsanslag
550 1810 42 20 av
612 1802 13 28 1
644 1801 62 30 300
721 1801 62 30 000
802 1802 52 29 kr.

303 1892 127 30 Vidare
451 1893 64 29 har
534 1893 11 29 i
566 1894 56 29 två
644 1894 223 40 likalydande
888 1895 183 35 motioner,
1091 1896 125 30 väckta
1237 1896 67 30 den
1325 1905 66 21 ena
1411 1897 96 29 inom
1529 1897 111 30 första
1662 1898 96 29 kam-

258 1951 122 21 maren
398 1952 43 20 av
456 1943 81 29 herr
552 1943 166 40 Per-Olof
733 1945 144 29 Hanson
901 1945 46 33 (1:
964 1945 79 35 640)
1065 1946 65 30 och
1148 1946 66 30 den
1233 1946 110 30 andra
1360 1946 96 30 inom
1474 1947 110 30 andra
1601 1948 158 29 kamma-

258 2002 62 20 ren
343 2002 43 20 av
409 1993 81 29 herr
512 1993 232 40 Rimmerfors
774 1995 61 33 (11:
853 1995 95 35 795),
972 1996 208 34 hemställts,
1204 1998 51 28 att
1278 1997 189 40 riksdagen
1490 1997 108 30 måtte
1621 1998 137 30 besluta

258 2044 50 28 att
325 2043 56 30 för
398 2043 203 40 budgetåret
622 2045 149 35 1962/63
789 2045 122 30 anvisa
927 2046 199 40 ytterligare
1144 2047 40 29 30
1199 2046 62 30 000
1280 2047 52 29 kr.
1351 2047 55 30 för
1424 2047 199 31 inrättande
1641 2058 42 20 av
1700 2048 57 30 två

257 2093 408 41 kansliskrivartjänster
687 2095 11 29 i
721 2095 177 30 nämnden
921 2096 56 29 för
998 2096 275 31 internationellt
1295 2097 152 36 bistånd,
1470 2098 182 39 placerade
1675 2098 12 30 i
1709 2099 48 29 lö-

257 2144 130 39 negrad
403 2144 49 30 Ae
472 2144 48 30 10.

300 2194 228 30 Beträffande
546 2195 41 30 de
607 2196 88 34 skäl,
713 2196 262 30 motionärerna
993 2197 117 30 anfört
1127 2197 53 30 till
1200 2198 77 30 stöd
1296 2197 55 30 för
1371 2198 60 30 sitt
1449 2199 168 39 yrkande,
1636 2199 121 30 hänvi-

258 2253 55 21 sas
328 2244 54 30 till
399 2245 178 30 motionen
595 2246 45 29 II:
658 2246 73 30 795.

301 2345 13 29 I
332 2346 261 38 propositionen
611 2356 41 21 nr
673 2347 58 30 174
748 2347 52 30 till
820 2348 76 29 1961
917 2348 56 31 års
991 2349 139 37 riksdag
1151 2349 69 34 (SU
1240 2349 73 35 157;
1334 2350 90 29 rskr.
1443 2349 77 36 365)
1542 2350 215 30 beräknades

256 2396 421 40 avlöningskostnaderna
697 2397 54 30 för
770 2398 97 29 helår
885 2398 59 30 vid
963 2398 66 30 den
1049 2399 62 30 där
1131 2399 185 30 förordade
1335 2400 67 30 och
1420 2409 44 21 av
1481 2400 188 40 riksdagen
1688 2400 68 29 till-

256 2446 136 40 styrkta
408 2447 284 40 organisationen
708 2448 53 30 till
780 2449 14 29 1
812 2448 62 30 108
888 2448 64 30 000
969 2449 54 29 kr.
1038 2449 244 31 Kostnaderna
1298 2449 54 31 för
1369 2450 117 30 denna
1501 2450 174 30 beräknas
1692 2459 64 20 nu-
