2230 2638
428 172 20 30 4
893 170 233 40 Lagutskottets
1156 169 168 33 Utlåtande
1347 169 66 32 N:o
1435 169 52 31 52.

550 251 128 47 Kongl.
708 251 124 47 Maj:ts
852 250 158 48 förslug:

1406 249 182 35 Utskottets
1610 247 158 48 forslag:

390 350 228 37 meddelade
648 349 242 38 föreskrifter
916 349 12 37 i
952 349 99 37 hvad
1075 362 84 23 som
1178 354 104 32 rörer
1301 348 138 37 allmän
1460 347 175 48 ordning,
1656 346 213 48 ordningen
1888 345 99 37 inom

393 401 268 48 krigsmagten
704 400 92 37 eller
836 400 90 37 dess
967 400 211 45 anseende;
1219 400 187 48 belägges
1446 399 87 37 med
1574 396 294 50 disciplinstraff
1896 396 94 36 eller

393 452 132 36 dömes
553 451 57 37 till
639 451 173 48 fängelse
839 451 12 36 i
879 451 116 48 högst
1022 464 68 24 sex
1118 451 190 37 månader.

724 570 68 35 123
820 565 32 50 $.

520 654 79 36 Har
638 654 130 49 officer,
807 654 234 49 underofficer
1084 654 82 35 eller

388 707 116 47 någon
543 706 61 35 vid
646 706 232 48 krigsmagten
911 705 144 35 anstäld
1082 705 86 35 civil

389 757 137 35 embets-
554 756 81 36 eller
654 756 208 48 tjensteman
881 754 13 36 i
912 754 254 49 disciplinmål

388 805 247 50 uppsåtligen
667 805 85 37 med
779 805 115 37 straff
920 805 126 48 belagt
1073 805 94 36 eller

389 858 71 35 hos
501 869 137 34 annan,
681 869 79 23 som
801 856 162 36 innehar
990 855 176 37 bestraff-

389 908 257 47 ningsrätten,
674 907 58 36 till
758 906 259 48 bestraffning
1044 906 124 48 angif-

390 959 54 36 vit
484 957 72 37 den
595 958 77 36 han
710 957 118 37 visste
858 956 179 49 oskyldig
1064 969 104 35 vara,

390 1008 97 37 skall
534 1010 72 35 han
657 1007 157 38 afsättas
864 1008 74 36 och
981 1007 187 37 förklaras

391 1058 158 49 ovärdig
588 1064 56 32 att
684 1058 11 36 i
734 1058 118 37 rikets
883 1058 120 49 tjenst
1037 1057 131 37 vidare

390 1110 143 49 nyttjas
561 1115 100 31 samt
689 1108 194 37 dessutom
913 1108 144 43 dömas,

525 1157 33 49 a)
588 1173 61 23 om
691 1159 73 37 den
796 1159 206 49 oskyldige
1028 1159 141 36 under-

390 1211 91 48 gick
510 1215 134 44 sträng
672 1215 120 32 arrest
820 1210 97 36 eller
943 1223 66 23 var
1037 1208 133 37 officer

391 1262 92 37 eller
529 1260 256 38 underofficer
837 1260 74 37 och
955 1259 214 49 undergick

391 1313 227 47 vaktarrest,
647 1312 57 36 till
732 1311 242 37 straffarbete
993 1310 83 37 från
1096 1310 75 37 och

391 1363 87 37 med
504 1376 69 24 sex
600 1361 182 38 månader
807 1361 59 37 till
894 1361 72 38 och
993 1360 88 37 med
1104 1363 66 34 två

392 1417 55 43 år;
477 1414 70 37 och

524 1462 37 49 b)
591 1477 62 24 om
688 1463 72 37 den
793 1462 204 49 oskyldige
1029 1462 141 37 under-

391 1515 91 49 gick
521 1514 208 48 lindrigare
767 1512 268 49 bestraffning,
1076 1513 95 37 eller

392 1580 60 22 om
495 1565 114 37 straff
639 1564 34 49 ej
708 1564 82 37 blef
812 1567 50 46 på
889 1564 125 48 grund
1042 1563 41 37 af
1106 1577 66 23 an-

391 1616 191 50 gifvelsen
624 1615 131 49 ålagdt
794 1615 104 46 eller,
939 1614 125 37 fastän
1107 1614 65 37 det

393 1667 139 47 ålades,
560 1666 85 37 icke
674 1666 87 37 kom
781 1671 54 31 att
853 1664 240 49 verkställas,
1113 1665 58 36 till

393 1717 174 49 fängelse
596 1717 12 36 i
637 1717 116 48 högst
779 1729 68 23 sex
875 1716 182 36 månader
1075 1716 97 36 eller

392 1769 109 36 böter
528 1767 116 49 högst
671 1772 54 32 ett
751 1772 111 31 tusen
891 1767 151 36 kronor.

530 1818 72 37 Gör
642 1832 134 31 annan,
815 1831 76 23 som
933 1819 95 47 lyder
1056 1817 115 36 under

393 1872 117 34 denna
552 1871 67 48 lag,
661 1869 204 49 angifvelse,
906 1881 74 23 som
1022 1869 66 35 här
1128 1872 44 31 är

394 1922 147 43 nämnd,
582 1919 98 37 skall
720 1919 74 36 han
827 1918 146 46 dömas,
1001 1917 66 37 der
1095 1917 76 37 den

394 1970 202 49 oskyldige
625 1969 212 49 undergick
861 1969 120 47 straff,
1001 1982 81 23 som
1103 1982 69 22 un-

395 2021 68 37 der
506 2019 33 48 a)
581 2020 115 50 sagdt
736 2025 51 43 är,
828 2020 58 36 till
928 2019 243 37 straffarbete

394 2072 83 36 från
505 2072 72 36 och
604 2071 89 37 med
722 2084 65 23 sex
815 2070 183 37 månader
1020 2069 57 37 till
1098 2069 74 37 och

395 2122 88 37 med
520 2125 65 34 två
627 2125 52 44 år,
718 2121 82 47 och,
839 2121 70 37 der
943 2120 135 37 sådant
1106 2120 65 37 fall

394 2172 182 47 inträffar,
606 2186 82 23 som
718 2172 243 37 omförmäles
980 2170 121 37 under
1120 2168 51 49 b),

395 2223 58 37 till
490 2223 174 47 fängelse
697 2223 12 37 i
736 2223 115 48 högst
891 2235 67 24 sex
991 2221 183 37 månader

1526 568 70 35 123
1624 563 32 50 8.

1325 651 81 37 Har
1433 652 116 48 någon
1576 650 13 37 1
1618 650 253 49 disciplinmål
1897 662 95 36 upp-

1220 703 162 47 såtligen
1410 702 88 36 med
1526 701 114 37 straff
1663 701 130 48 belagt
1812 700 92 37 eller
1923 700 69 36 hos

1218 766 135 34 annan,
1387 766 81 23 som
1501 752 162 37 innehar
1697 750 297 48 bestraffnings-

1218 809 136 41 rätten,
1383 803 56 36 till
1466 802 255 47 bestraffning
1735 801 165 49 angifvit
1919 801 74 37 den

1219 855 73 36 han
1320 854 120 36 visste
1470 853 179 49 oskyldig
1675 865 102 34 vara,
1806 852 98 37 skall
1929 854 66 34 den

1220 906 184 48 brottslige,
1451 918 53 24 om
1549 906 73 34 han
1663 908 42 31 är
1749 904 121 49 officer
1914 904 80 35 eller

1221 956 245 49 underofficer,
1506 954 159 37 afsättas
1706 953 67 37 och
1810 952 185 37 förklaras

1221 1006 160 48 ovärdig
1421 1005 91 37 att
1500 999 24 59 i
1545 1005 122 36 rikets
1708 1004 116 48 tjenst
1864 1003 129 37 vidare

1220 1057 143 48 nyttjas
1392 1061 97 32 samt
1516 1055 195 37 dessutom
1741 1054 144 47 dömas,

1328 1104 34 49 a)
1392 1119 61 23 om
1473 1106 73 37 den
1566 1105 202 49 oskyldige
1785 1104 212 48 undergick

1221 1163 134 43 sträng
1382 1162 120 31 arrest
1529 1156 94 37 eller
1650 1169 67 24 var
1745 1155 132 37 officer
1902 1155 94 36 eller

1221 1208 259 36 underofficer
1516 1207 72 36 och
1632 1206 213 48 undergick
1889 1205 108 37 vakt-

1222 1264 131 42 arrest,
1399 1258 57 36 till
1501 1257 245 37 straffarbete
1791 1256 84 37 från
1924 1256 73 37 och

1222 1309 88 37 med
1338 1322 71 24 sex
1436 1308 182 37 månader
1644 1307 59 37 till
1731 1306 72 38 och
1831 1307 89 37 med
1935 1309 64 34 två

1221 1364 55 42 år;
1300 1360 72 36 och

1328 1410 37 45 b)
1394 1423 61 24 om
1472 1410 75 36 den
1562 1408 203 49 oskyldige
1785 1407 214 49 undergick

1222 1461 207 48 lindrigare
1481 1459 268 49 bestraffning,
1799 1458 94 38 eller
1938 1472 60 23 om

1224 1512 116 37 straff
1377 1512 33 48 ej
1453 1511 83 37 blef
1570 1513 51 47 på
1652 1509 124 50 grund
1810 1509 37 37 af
1879 1509 120 48 angif-

1225 1563 130 37 velsen
1384 1562 128 48 ålagdt
1539 1561 105 47 eller,
1672 1560 124 37 fastän
1825 1560 67 36 det
1925 1560 73 36 åla-

1224 1614 78 47 des,
1335 1613 88 37 icke
1454 1613 87 36 kom
1576 1617 56 31 att
1664 1610 240 48 verkställas,
1940 1610 59 36 till

1224 1663 176 49 fängelse
1427 1663 12 36 i
1466 1663 117 48 högst
1610 1675 69 24 sex
1706 1661 183 37 månader
1908 1660 92 38 eller

1223 1715 109 37 böter
1359 1714 116 48 högst
1502 1719 55 31 ett
1584 1717 115 32 tusen
1726 1713 154 35 kronor.

1332 1766 117 36 Hörer
1486 1766 66 35 den
1595 1764 173 49 brottslige
1808 1764 57 35 till
1897 1776 103 23 man-

1222 1817 127 48 skapet,
1392 1815 96 37 skall
1527 1814 74 37 han
1645 1814 144 46 dömas,
1824 1813 68 37 der
1924 1813 75 36 den

1223 1866 202 50 oskyldige
1478 1864 213 49 undergick
1744 1864 124 47 straff,
1919 1877 80 23 som

1223 1917 120 37 under
1376 1914 35 48 a)
1444 1915 112 49 sagdt
1588 1920 53 43 är,
1674 1915 55 37 till
1758 1914 242 38 straffarbete

1224 1968 82 37 från
1335 1967 73 37 och
1436 1966 88 37 med
1552 1980 69 23 sex
1652 1965 180 38 månader
1851 1965 57 37 till
1928 1965 72 37 och

1224 2018 87 37 med
1351 2021 65 34 två
1453 2021 51 43 år,
1544 2017 86 46 och,
1671 2017 67 36 der
1769 2015 135 37 sådant
1935 2015 66 37 fall

1224 2069 191 46 inträffar,
1443 2081 80 23 som
1546 2067 244 37 omförmäles
1810 2066 121 37 under
1950 2063 50 49 b),

1223 2120 57 36 till
1320 2119 177 48 fängelse
1524 2118 12 36 i
1564 2118 116 48 högst
1721 2131 66 24 sex
1819 2116 182 38 månader

1225 2170 92 38 eller
1344 2168 295 51 disciplinstraff
1658 2168 42 37 af
1715 2173 133 43 sträng
1867 2171 132 33 arrest.

1332 2221 81 36 Har
1452 2222 125 46 någon
1609 2219 86 37 icke
1724 2219 40 37 af
1787 2218 92 38 ondt
1906 2230 95 36 upp-
