1904 2800
333 180 18 29 2
643 174 419 38 Bevillningsutskottets
1082 171 225 34 betänkande
1325 170 52 32 Nr
1401 171 52 30 30.

290 256 263 37 komplettering
576 265 44 20 av
644 264 92 25 vara,
760 253 126 31 avsedd
910 254 50 29 att
983 262 43 20 ur
1048 251 90 30 riket
1161 250 140 34 utföras,
1325 250 68 34 må,
1417 248 53 30 för
1485 247 141 31 särskilt
1642 246 61 30 fall
1719 246 82 30 eller

290 310 54 29 för
378 309 70 30 viss
483 307 60 35 tid,
579 307 119 29 kunna
733 305 177 35 medgivas
944 305 69 29 rätt
1040 304 52 29 att
1122 302 59 30 vid
1204 301 143 31 utförsel
1370 310 44 20 av
1438 299 148 31 sålunda
1608 297 192 32 framställd

291 361 83 31 eller
397 359 179 37 reparerad
598 358 82 31 eller
703 356 248 36 kompletterad
975 365 85 21 vara
1082 354 83 31 eller
1189 353 59 31 vid
1271 352 76 31 dess
1363 351 236 37 uppläggning
1623 351 22 29 å
1667 349 135 31 restitu-

291 412 228 37 tionsupplag,
545 420 119 22 varom
688 411 12 29 i
723 419 100 21 mom.
850 409 18 30 7
892 408 145 35 stadgas,
1061 406 255 31 återbekomma
1339 404 117 36 erlagd
1472 403 183 36 tullavgift
1669 402 53 31 för
1737 401 65 32 den

292 465 183 32 utländska
510 463 215 36 tullpliktiga
761 472 94 25 vara,
889 471 72 21 som
996 460 148 30 använts
1178 458 54 31 till
1264 459 246 34 exportvarans
1533 455 269 35 framställning,

292 517 193 36 reparation
508 516 84 30 eller
616 514 277 36 komplettering,
917 513 91 34 eller,
1032 511 78 30 ifall
1134 510 234 35 tullavgiften,
1391 509 85 29 efter
1501 507 67 31 vad
1588 507 111 30 nedan
1715 508 88 33 sägs,

292 572 95 28 ännu
411 569 74 30 icke
507 567 138 35 erlagts,
669 566 101 36 njuta
787 565 155 30 befrielse
966 564 79 30 från
1068 563 73 30 dess
1164 561 184 37 gäldande;
1371 559 185 31 kunnande
1580 558 125 31 härvid
1720 558 84 35 jäm-

293 622 58 30 väl
374 622 97 34 tagas
494 620 134 35 hänsyn
651 618 57 31 till
731 616 293 36 råämnesförlust,
1049 625 71 21 som
1143 615 113 30 finnes
1279 612 204 36 oundviklig
1508 611 60 31 vid
1584 612 220 35 exportvaras

293 673 269 35 framställning.
609 672 83 30 Rätt
716 670 53 31 till
786 669 265 32 tullrestitution
1068 668 108 36 enligt
1193 667 92 31 detta
1297 667 152 30 moment
1465 666 57 30 må
1537 664 119 31 endast
1671 664 134 30 lämnas

293 728 37 29 åt
364 725 272 37 näringsidkare,
671 734 73 21 som
780 725 38 28 är
846 722 92 31 känd
962 724 111 29 såsom
1097 720 122 31 redbar
1244 719 61 30 och
1329 719 12 29 i
1364 718 115 35 övrigt
1502 719 123 33 prövas
1649 716 154 35 lämplig.

338 778 131 31 Sådant
496 776 239 35 medgivande,
767 775 110 30 vilket
900 775 68 29 kan
992 774 132 29 lämnas
1146 774 87 28 även
1257 772 54 29 för
1333 771 215 34 exportvara,
1573 778 71 20 som
1668 768 13 29 i
1704 777 101 20 mom.

296 832 17 28 1
347 832 87 33 sägs,
463 829 12 30 i
505 828 159 30 händelse
696 827 62 30 den
794 825 174 32 därstädes
1001 823 176 32 bestämda
1212 822 196 31 restitution
1446 830 99 20 anses
1580 820 71 30 icke
1686 818 120 31 bereda

296 882 156 36 nöjaktig
476 879 203 37 gottgörelse
702 879 53 30 för
779 878 64 31 den
867 877 137 36 erlagda
1028 876 233 35 tullavgiften,
1285 874 201 30 ankommer
1509 876 44 32 på
1576 871 170 37 prövning
1763 880 42 20 av

296 935 207 34 Konungen,
539 942 70 21 som
643 931 133 36 jämväl
812 931 206 30 bestämmer
1053 930 41 30 de
1128 931 158 28 närmare
1309 926 173 30 villkoren
1506 925 53 30 för
1582 923 226 36 rättighetens

297 984 325 38 tillgodonjutande;
657 984 162 30 skolande
850 982 188 31 emellertid
1063 981 111 31 denna
1196 989 97 21 anses
1316 978 160 31 förfallen
1501 977 76 30 med
1600 976 164 31 avseende
1787 977 21 29 å

302 1038 162 30 utländsk
499 1047 94 24 vara,
629 1046 71 20 som
736 1036 100 35 ingår
861 1035 12 30 i
896 1036 216 33 exportvara,
1137 1033 117 29 vilken
1279 1031 71 30 icke
1374 1031 93 29 inom
1492 1030 60 29 två
1574 1029 39 29 år
1635 1028 85 31 efter
1744 1027 63 30 den

299 1089 186 31 utländska
519 1097 126 21 varans
677 1087 193 35 angivning
899 1086 55 30 till
979 1085 209 34 förtullning
1211 1083 126 30 utförts
1361 1082 80 30 eller
1466 1081 143 35 intagits
1632 1081 21 29 å
1676 1080 133 30 restitu-

299 1142 228 36 tionsupplag.

345 1193 130 32 Önskar
499 1192 262 37 näringsidkare
789 1209 36 3 —
847 1209 39 3 —
912 1208 40 4 —
976 1189 197 32 meddelade
1197 1187 222 32 föreskrifter.

347 1249 29 29 7.
423 1246 279 31 "'Tullrestitution
725 1245 83 30 eller
833 1262 39 3 —
896 1261 44 3 —
961 1236 29 49 —
1028 1242 189 31 tullverket
1240 1240 176 36 godkänts.

347 1300 73 30 Vill
454 1301 101 33 ägare
589 1308 44 20 av
668 1297 92 36 gods,
795 1306 70 20 som
889 1297 20 29 å
944 1293 341 35 restitutionsupplag
1308 1292 114 30 finnes
1446 1290 152 36 upplagt,
1622 1290 71 28 åter
1717 1288 94 29 inom

302 1352 90 30 riket
426 1351 134 34 förfoga
595 1349 155 34 däröver,
787 1348 89 30 skall
900 1346 368 34 restitutionsbeloppet
1290 1344 105 35 jämte
1419 1343 84 30 därå
1526 1342 80 30 från
1629 1340 183 35 lyftnings-

303 1404 107 36 dagen
444 1402 182 36 belöpande
661 1403 110 33 ränta,
806 1400 85 30 efter
929 1409 56 21 sex
1010 1399 52 30 för
1086 1397 137 31 hundra
1245 1406 56 20 om
1324 1397 83 33 året,
1432 1394 55 31 till
1512 1393 193 31 tullkassan
1727 1392 85 29 åter-

303 1456 135 30 betalas.
485 1454 74 31 Har
583 1452 261 31 tullrestitution
869 1451 53 30 för
946 1451 115 35 godset
1084 1450 73 30 icke
1180 1448 171 36 åtnjutits,
1375 1449 85 28 utan
1484 1446 12 30 i
1519 1445 115 31 stället
1656 1443 157 31 befrielse

304 1508 77 30 från
406 1506 181 35 tullavgift
610 1506 53 29 för
686 1504 76 31 däri
787 1503 166 36 ingående
977 1502 161 31 utländsk
1162 1510 85 20 vara
1271 1499 169 35 beviljats,
1464 1498 86 30 skall
1576 1497 111 30 denna
1703 1495 111 35 avgift

304 1559 54 31 till
395 1559 189 30 tullkassan
620 1556 168 31 inbetalas
822 1556 105 35 jämte
961 1556 102 28 ränta
1096 1553 94 35 därå,
1224 1552 84 30 efter
1331 1561 58 20 sex
1413 1551 54 30 för
1490 1548 137 32 hundra
1650 1557 55 21 om
1729 1548 84 33 året,

306 1612 78 30 från
408 1611 54 31 det
485 1610 65 31 den
573 1608 140 32 införda
736 1618 110 20 varan
868 1607 153 36 angivits
1045 1606 55 31 till
1123 1604 219 35 förtullning.

350 1664 71 35 Lag
444 1673 133 21 samma
604 1680 38 3 —
671 1679 37 3 —
734 1679 40 3 —
799 1671 44 20 av
867 1660 236 35 Konungen»;

350 1771 53 29 att
437 1769 84 30 efter
554 1767 164 30 rubriken
752 1765 61 30 953
838 1766 12 29 i
873 1765 65 30 den
971 1765 54 30 till
1049 1762 227 32 förenämnda
1299 1760 200 34 förordning
1524 1758 120 35 fogade
1667 1757 150 30 tulltaxa

307 1821 86 30 skall
418 1821 133 35 intagas
574 1829 41 20 en
638 1817 235 35 anmärkning
897 1827 44 20 av
965 1815 151 36 följande
1140 1814 139 37 lydelse:

355 1874 86 31 »Vid
466 1871 318 35 tullbehandlingen
808 1879 43 20 av
874 1869 139 30 arbeten
1036 1878 45 20 av
1097 1866 221 34 aluminium,
1335 1864 31 36 ej
1382 1863 140 31 särskilt
1537 1861 162 35 nämnda,
1715 1861 103 30 fästes

308 1928 31 35 ej
370 1925 164 32 avseende
558 1923 59 31 vid
639 1922 256 38 ytbetäckning,
920 1931 71 21 som
1015 1920 118 31 endast
1156 1918 63 31 har
1244 1918 53 30 till
1320 1916 139 36 uppgift
1482 1916 51 30 att
1556 1913 130 37 skydda
1709 1922 108 21 varan

310 1981 71 29 mot
403 1977 214 34 oxidation»;
641 1976 88 30 samt

354 2085 53 29 att
430 2080 313 33 tulltaxerubriken
767 2079 83 30 1098
875 2077 87 31 skall
987 2077 90 30 hava
1101 2075 150 36 följande
1274 2073 150 31 ändrade
1451 2072 142 36 lydelse:

357 2135 206 35 »Järnvägs-
586 2133 62 31 och
672 2132 299 36 spårvägsvagnar
991 2129 12 30 i
1024 2128 157 35 förening
1204 2126 77 31 med
1300 2128 148 28 motorer
1464 2124 81 31 eller
1561 2117 259 46 ångmaskiner;

311 2187 113 32 åkdon
447 2186 61 31 och
531 2185 132 36 fordon,
686 2184 31 36 ej
741 2183 142 32 särskilt
905 2181 162 35 nämnda,
1091 2182 89 29 även
1195 2179 76 31 med
1286 2180 111 29 motor
1413 2176 168 35 försedda,
1597 2176 88 30 samt
1701 2169 120 44 under-

313 2241 103 31 reden
449 2239 62 31 och
535 2238 77 31 med
635 2237 255 37 gummiringar
913 2233 155 32 försedda
1092 2233 75 36 hjul
1191 2232 129 35 därtill,
1344 2231 31 36 ej
1399 2229 150 32 avsedda
1572 2228 55 31 till
1650 2226 171 37 flygplan;

314 2295 162 28 ävensom
500 2290 205 31 karosserier
729 2289 55 30 till
807 2287 224 31 automobiler
1062 2311 13 3 =
1106 2283 166 46 msccccece-
1290 2307 157 5 see
1475 2282 63 30 100
1562 2283 53 28 kr.
1706 2279 52 30 15:
1769 2295 51 12 —

357 2345 104 31 Anm.
508 2341 219 33 Underreden
750 2341 55 30 till
829 2339 152 37 flygplan
1005 2340 89 29 samt
1117 2337 75 31 med
1216 2335 254 37 gummiringar
1494 2332 155 31 försedda
1673 2330 76 37 hjul
1767 2329 55 31 till

316 2397 130 31 sådana
470 2396 120 31 fordon
613 2393 255 32 tullbehandlas
892 2391 85 31 efter
1000 2391 54 30 sin
1079 2388 261 32 beskaffenhet.»
