1912 2824
305 175 18 29 4
615 177 421 39 Bevillningsutskottets
1056 183 224 34 betänkande
1297 187 53 31 Nr
1374 189 51 29 30.

706 258 70 24 »Vid
792 259 258 35 tullbehandlingen
1065 270 34 17 av
1111 264 114 25 arbeten
1240 273 26 16 av
1286 266 178 29 aluminium,
1478 270 24 31 ej
1515 271 113 26 särskilt
1638 273 130 28 nämnda,

663 293 81 24 fästes
772 295 24 30 ej
820 296 134 24 avseende
974 297 47 24 vid
1039 299 210 33 ytbetäckning,
1269 309 58 17 som
1348 303 99 25 endast
1466 305 51 24 har
1536 307 42 23 till
1602 310 106 30 uppgift
1729 312 40 22 att

662 328 108 31 skydda
789 337 83 17 varan
893 334 62 22 mot
976 333 174 31 oxidation>;

706 373 87 28 samt

702 464 32 37 3)
759 467 50 29 att
843 467 310 34 tulltaxerubriken
1178 473 85 30 1098
1287 474 87 30 skall
1398 475 90 31 hava
1512 478 150 36 följande
1685 481 81 31 änd-

659 516 78 32 rade
761 517 140 37 lydelse:

704 570 206 38 »Järnvägs-
933 574 61 30 och
1018 576 301 38 spårvägsvagnar
1342 579 11 30 i
1378 580 159 38 förening
1561 584 76 31 med
1661 588 103 28 moto-

743 632 54 21 rer
819 624 83 31 eller
924 626 261 37 ångmaskiner;
1208 630 114 31 åkdon
1346 632 61 30 och
1431 633 130 37 fordon,
1578 636 31 35 ej
1625 638 139 31 särskilt

742 676 159 35 nämnda,
925 679 88 29 även
1036 680 75 30 med
1135 683 110 29 motor
1268 682 164 38 försedda,
1449 689 88 28 samt
1553 687 209 33 underreden

742 726 61 31 och
836 728 76 31 med
944 731 255 36 gummiringar
1221 734 156 32 försedda
1400 736 76 36 hjul
1499 738 129 37 därtill,
1652 741 31 35 ej
1705 751 57 21 av-

741 778 102 32 sedda
877 780 56 31 till
968 782 167 37 flygplan;
1170 787 161 31 ävensom
1366 788 204 34 karosserier
1592 792 54 31 till
1668 790 94 45 auto-

739 832 146 32 mobiler
944 860 252 7 ossesssnssssssrsarsnn
1248 864 2 2 .
1326 866 68 4 es
1455 844 62 30 100
1542 847 54 29 &r.
1643 847 85 30 15:
1752 872 6 6 —

782 888 79 23 Anm.
901 889 182 26 Underreden
1105 892 41 24 till
1165 894 123 30 flygplan
1308 898 73 21 samt
1400 897 64 23 med
1483 900 203 32 gummiringar
1705 903 53 22 för-

816 922 86 26 sedda
930 924 58 30 hjul
1018 926 42 23 till
1087 923 103 28 sådana
1214 929 98 24 fordon
1333 931 209 25 tullbehandlas
1562 935 69 23 efter
1650 936 42 23 sin
1712 937 45 23 be-

818 957 163 25 skaftenhet.

295 1031 197 34 Stockholm
516 1035 64 32 den
604 1038 41 30 18
669 1048 91 21 mars
784 1040 94 31 1926.

681 1142 50 30 På
755 1142 395 39 bevillningsutskottets
1173 1147 147 43 vägnar:

854 1239 116 32 ERIK
994 1240 150 35 RÖING.

242 1502 197 26 Närvarande:
467 1505 98 24 herrar
593 1507 96 31 Röing,
718 1508 124 25 Wohlin.
871 1511 94 25 Johan
994 1514 110 24 Nilsson
1133 1516 8 23 i
1171 1517 193 27 Kristianstad,
1387 1520 85 24 Runc,
1496 1522 71 28 Pers,
1588 1523 152 30 Björnsson

466 1549 92 24 Johan
587 1551 144 30 Bergman,
759 1549 133 30 Månsson
912 1556 8 23 i
940 1557 132 29 Furuvik,
1091 1560 120 24 Jönsson
1232 1562 8 22 i
1262 1562 62 25 Boa,
1344 1563 100 25 Olsson
1463 1565 8 23 i
1492 1565 121 29 Ramsta,
1633 1568 116 24 Lithan-

466 1592 58 30 der,
544 1594 153 31 Bengtsson
717 1596 8 23 i
744 1597 128 26 Kullen”.
893 1599 122 32 Lövgren
1030 1602 8 23 i
1054 1602 117 33 Nyborg,
1192 1604 189 31 Wahlmark”,
1402 1599 118 33 Åström.
1540 1610 100 31 Vrang,
1652 1612 96 29 Björk-

465 1636 81 28 lund,
565 1637 125 25 Granath
709 1640 51 23 och
782 1641 109 24 Nilsson
910 1643 7 23 i
940 1640 106 39 Hörby.

468 1714 7 9 "
496 1714 61 25 Icke
577 1717 124 23 närvarit
719 1718 46 23 vid
784 1719 171 33 justeringen
974 1730 33 16 av
1027 1723 197 26 betänkandet.
