2226 2664
322 206 129 33 Andra
475 206 241 33 Kammarens
744 204 190 42 Tillfälliga
964 203 146 34 Utskotts
1134 202 67 43 (Nr
1224 203 34 42 4)
1289 202 185 34 Utlåtande
1497 202 51 32 Nr
1571 202 52 32 51.
1752 201 37 31 11

203 310 98 25 vara
343 299 59 36 att
435 296 213 49 föredraga
675 296 173 37 framför
877 295 129 48 öfriga
1034 294 112 38 inom
1176 293 95 38 eller
1299 296 114 35 utom
1442 292 352 49 inskrifningsom-

203 352 113 38 rådet
350 351 169 49 belägna
547 350 160 49 platser,
739 350 140 37 hvilka
907 349 137 38 kunde
1073 349 144 37 tänkas
1238 348 163 38 komma
1421 348 13 36 i
1454 348 124 47 fråga.

311 406 430 45 Arméförvaltningen
770 407 23 35 å
815 403 608 49 fortifikationsdepartementet
1442 400 238 39 hemställde
1700 400 95 37 lika-

203 462 121 45 ledes,
369 463 58 35 att
469 460 150 51 Kungl.
655 459 119 49 Maj:t
806 459 96 37 ville
934 459 233 45 bestämma,
1199 459 58 35 att
1285 458 244 47 regementet
1557 454 130 39 skulle
1715 455 79 37 för-

202 516 136 48 läggas
380 515 62 37 till
485 513 164 48 Örebro,
694 514 75 37 och
816 513 77 38 den
936 513 48 37 19
1028 512 168 38 oktober
1230 512 102 49 1906
1365 509 244 52 förordnade
1643 509 150 48 Kungl.

204 570 130 48 Maj:t,
366 572 58 35 att
452 569 334 48 Lifregementets
814 567 257 48 grenadjärer
1100 566 129 38 skulle
1258 565 201 49 förläggas
1478 565 63 37 till
1563 563 165 45 Örebro,
1752 565 44 35 så

204 627 112 35 snart
344 623 446 38 kasernetablissement
818 622 64 37 för
909 623 246 46 regementet
1184 620 135 38 blifvit
1348 620 72 37 där
1457 618 207 49 uppfördt,
1690 620 104 34 samt

204 677 293 49 bemyndigade
518 676 413 48 arméförvaltningen
951 678 23 35 å
992 674 607 48 fortifikationsdepartementet
1615 674 58 35 att
1688 671 106 38 sluta

204 732 194 38 kontrakt
426 733 14 35 i
469 730 417 39 öfverensstämmelse
915 729 92 38 med
1034 728 230 49 uppgjorda
1296 727 277 49 förslagsaftal
1601 738 66 25 om
1695 738 100 35 upp-

204 786 162 38 låtande
395 786 42 51 af
466 786 114 37 mark
610 786 74 36 och
713 784 159 38 förvärf
900 785 42 36 af
962 783 124 38 sådan
1105 784 65 36 för
1189 784 253 47 regementet.
1479 780 207 38 Kontrakt
1705 779 92 37 med

204 840 142 38 staden
389 839 152 38 Örebro
588 839 142 38 afslöts
773 838 78 38 den
893 839 48 37 10
985 837 171 48 april/22
1195 838 80 46 maj
1312 836 113 46 1907,
1461 836 205 36 hvarefter
1699 832 99 39 aftal

203 896 66 36 för
306 897 265 46 regementets
613 893 258 48 förläggning
912 892 162 37 träffats
1111 891 91 37 med
1245 891 107 37 olika
1393 892 304 45 entreprenörer
1731 900 66 25 om

203 948 236 38 utförandet
467 949 42 36 af
538 948 288 47 schaktnings-,
848 946 281 48 sprängnings-
1164 945 75 37 och
1273 943 523 50 grundläggningsarbeten,

204 1003 141 37 hvilka
374 1002 113 38 skola
514 1015 98 24 vara
639 1001 158 49 färdiga
826 1001 78 37 den
934 1001 21 36 1
985 1000 81 48 maj
1099 1000 119 43 1910;
1254 1011 66 25 om
1348 997 256 50 uppförande
1633 996 76 37 och
1742 995 55 37 in-

205 1056 175 38 redande
409 1057 43 37 af
481 1056 49 37 26
559 1055 244 49 byggnader,
832 1054 224 49 utgörande
1085 1053 184 49 samtliga
1298 1053 151 38 sådana
1476 1051 93 38 med
1588 1050 208 48 undantag

205 1112 43 37 af
266 1111 173 48 sjukhus
460 1111 74 38 och
554 1109 296 49 mässbyggnad
878 1110 65 36 för
972 1108 340 38 underofficerare
1332 1107 75 38 och
1427 1106 209 47 manskap,
1658 1104 140 38 hvilka

206 1166 164 38 arbeten
400 1165 112 38 skola
540 1178 97 24 vara
666 1164 157 48 färdiga
852 1163 78 38 den
968 1164 21 36 1
1020 1163 161 48 augusti
1211 1162 115 47 1912,
1357 1163 105 36 samt
1490 1173 66 25 om
1581 1158 216 39 utförande

205 1221 87 37 före
322 1220 76 38 den
430 1221 20 36 1
481 1220 162 48 augusti
672 1220 102 37 1910
804 1219 41 37 af
875 1218 280 48 sprängnings-
1176 1217 76 37 och
1273 1229 49 25 en
1342 1215 63 38 del
1425 1213 372 49 schaktningsarbe-

205 1277 67 35 ten
297 1275 65 37 för
381 1275 243 47 rörgrafvar.

313 1328 78 38 Om
421 1328 127 40 Första
581 1326 505 52 Lifgrenadjärregementets
1115 1326 257 48 förläggning
1404 1324 58 37 till
1491 1323 178 37 Malmen
1694 1320 104 39 hade

205 1383 141 37 Kärna
374 1383 198 37 kommun
592 1383 107 47 gjort
719 1380 311 49 framställning,
1055 1381 77 37 och
1152 1381 122 36 äfven
1294 1379 126 37 andra
1439 1377 360 38 landskommuner

204 1437 104 37 hade
337 1437 13 37 i
380 1437 132 37 denna
540 1437 174 47 begäran
742 1436 176 37 instämt.
976 1434 367 48 Framställningen
1373 1433 112 47 afsåg
1515 1432 122 37 äfven
1657 1429 143 39 Andra

204 1491 529 48 lifgrenadjärregementets
763 1489 323 48 ditförläggning.

313 1544 690 50 Kasernbyggnadskommissionen
1036 1542 215 38 förordade
1279 1541 232 48 Linköping
1540 1539 61 38 till
1629 1538 171 48 förlägg-

206 1600 185 48 ningsort
419 1599 92 37 med
539 1599 247 37 reservation
815 1599 92 36 från
935 1600 71 34 två
1034 1597 232 45 ledamöter,
1296 1595 140 37 hvilka
1464 1594 203 47 föreslogo
1696 1604 105 36 rege-

207 1656 171 35 mentets
407 1652 280 39 bibehållande
716 1652 70 37 vid
815 1652 179 37 Malmen
1024 1652 76 36 och
1128 1651 63 37 till
1219 1650 90 37 stöd
1339 1649 137 37 därför
1504 1647 141 49 gjorde
1666 1658 50 26 en
1737 1645 65 38 del

207 1708 233 48 erinringar,
485 1707 151 49 gående
677 1706 345 48 hufvudsakligen
1064 1708 46 35 ut
1151 1708 53 45 på
1238 1707 58 35 att
1330 1704 110 37 vissa
1467 1700 334 39 kostnadsberäk-

207 1763 145 47 ningar
381 1762 65 37 för
473 1762 308 47 förläggningen
809 1761 64 37 till
901 1760 231 47 Linköping
1161 1770 98 26 voro
1288 1757 193 48 felaktiga
1510 1755 169 45 och5för
1698 1755 101 48 låga,

208 1828 92 26 men
330 1816 109 37 vissa
467 1815 269 49 beräkningar
764 1815 65 37 för
849 1814 179 38 Malmen
1048 1813 181 38 däremot
1249 1812 63 38 för
1331 1812 113 48 höga.
1482 1809 318 39 Fortifikations-

208 1871 322 45 befälhafvaren,
574 1869 92 38 med
708 1869 92 38 stöd
835 1870 40 36 af
905 1868 77 38 den
1010 1880 72 25 ene
1111 1868 42 37 af
1182 1867 49 38 de
1259 1867 89 36 utaf
1376 1865 320 38 kommissionen
1724 1863 76 37 till-

208 1924 160 38 kallade
415 1926 70 36 två
527 1924 263 48 sakkunnige,
837 1922 158 39 bestred
1036 1922 244 48 riktigheten
1322 1920 42 37 af
1407 1919 144 52 dessa'
1566 1918 234 47 erinringar,

208 1979 142 37 hvilka
391 1978 196 49 grundats
628 1980 53 46 på
722 1977 237 38 uttalanden
1001 1977 93 36 från
1137 1976 78 37 den
1257 1974 123 38 andre
1416 1973 266 47 sakkunnige,
1714 1984 88 25 som

209 2036 139 46 syntes
378 2033 125 37 hafva
533 2032 307 48 missuppfattat
867 2031 108 37 vissa
1004 2030 176 49 detaljer.

316 2086 525 48 Arméfördelningsehefen
870 2086 76 36 och
975 2085 142 37 chefen
1146 2085 65 37 för
1239 2082 304 50 generalstaben
1567 2080 236 39 instämde
1776 2076 28 62 i

209 2140 228 39 uttalandet
464 2141 93 36 från
584 2140 338 37 kommissionens
951 2138 140 38 fertal.

316 2194 431 48 Arméförvaltningen
789 2196 23 34 å
853 2191 611 48 fortifikationsdepartementet
1506 2187 194 46 erinrade,
1745 2188 59 35 att

210 2249 109 37 valet
361 2249 42 37 af
444 2248 339 48 förläggningsort
824 2248 65 37 för
931 2248 245 47 regementet
1214 2247 98 35 stått
1340 2243 149 38 mellan
1517 2242 180 37 Malmen
1727 2241 77 37 och

211 2303 245 48 Linköping,
488 2305 105 35 samt
620 2302 232 48 tillstyrkte,
883 2301 91 37 med
994 2301 160 48 hänsyn
1173 2299 61 37 till
1255 2298 49 38 de
1324 2298 89 38 skäl
1432 2294 370 50 kasernbyggnads-

211 2357 320 38 kommissionen
560 2357 147 45 anfört,
742 2357 268 47 regementets
1039 2354 254 48 förläggning
1321 2352 62 37 til
1412 2349 253 40 sistnämnda
1683 2349 118 48 plats,
