2224 2679
393 233 118 30 Andra
532 232 229 31 Kammarens
787 231 181 39 Tillfälliga
997 228 140 33 Utskotts
1162 228 63 39 (Nr
1247 229 35 38 4)
1313 228 173 31 Utlåtande
1509 227 51 30 Nr
1586 228 50 29 51.
1770 222 40 33 TT

254 420 136 47 Afskrift.
1592 422 66 33 Bil.
1684 422 40 33 F.

253 527 245 28 Generalstaben.

315 563 44 28 Nr
377 564 60 27 204,

849 705 80 33 Till
958 704 233 43 Konungen.

326 807 53 33 Då
399 807 59 43 jag
481 807 75 33 icke
579 806 121 42 finner,
725 808 50 31 att
798 804 139 34 Kalmar
960 804 74 33 läns
1058 802 172 43 landsting
1254 802 113 33 anfört
1390 803 106 40 några
1519 800 216 44 synpunkter
1759 804 57 37 äg-

219 853 88 33 nade
336 856 50 29 att
414 852 160 33 förändra
597 851 69 33 min
691 850 49 33 uti
764 849 180 34 skrifvelse
969 849 65 32 den
1060 849 19 31 7
1104 847 179 33 december
1308 847 86 32 1907
1417 858 41 20 nr
1481 846 31 41 5,
1536 845 174 43 uttryckta
1734 855 81 32 upp-

219 897 149 44 fattning
393 896 209 34 beträffande
627 895 116 44 kungl.
768 895 140 33 Kalmar
931 896 215 40 regementes
1162 892 224 43 förläggning,
1404 891 51 33 får
1468 890 68 44 jag,
1554 890 110 33 under
1679 889 136 33 instäm-

219 943 124 33 mande
367 944 11 31 i
402 942 193 33 hufvudsak
631 941 50 34 uti
710 940 90 33 hvad
825 940 121 33 chefen
970 940 53 32 för
1046 938 35 34 II
1104 936 331 43 arméfördelningen
1459 939 88 30 samt
1570 934 115 44 kungl.
1711 937 105 30 armé-

222 988 273 42 förvaltningens
530 985 478 43 fortifikationsdepartement
1042 995 46 21 nu
1112 983 49 33 uti
1185 982 142 33 ärendet
1361 981 10 33 i
1395 982 95 41 fråga
1514 980 124 42 anfört,
1662 979 11 33 i
1697 979 119 33 under-

220 1032 162 43 dånighet
417 1032 189 42 hemställa,
642 1034 50 30 att
726 1029 225 44 landstingets
985 1027 249 43 framställning
1269 1026 74 34 icke
1367 1028 105 32 måtte
1496 1025 50 33 till
1573 1026 111 42 någon
1709 1024 108 33 Eders

221 1078 124 43 Kungl.
370 1077 114 43 Maj:ts
509 1077 117 43 åtgärd
650 1075 186 34 föranleda.

328 1122 199 34 Stockholm
552 1122 66 33 den
642 1122 43 32 23
709 1120 86 44 april
821 1121 94 32 1910.

898 1198 255 43 Underdånigst

899 1291 42 33 K.
969 1291 39 32 G.
1033 1290 109 41 Bildt,

826 1343 68 29 chef
910 1344 47 27 för
976 1342 244 29 Generalstaben.

1583 1377 32 26 Å.
1636 1377 147 34 Lyström.

1597 1629 69 33 Bil.
1693 1628 41 35 G.

317 1680 63 33 Till
403 1680 129 32 Andra
555 1680 230 32 kommarens
805 1679 120 42 fjärde
948 1678 178 41 tillfälliga
1148 1678 133 32 utskott.

315 1760 287 34 Undertecknade
626 1759 35 33 få
684 1759 141 32 härmed
848 1760 44 42 på
915 1758 105 33 heder
1045 1757 63 34 och
1132 1761 152 29 samvete
1308 1756 128 44 intyga,
1461 1759 49 30 att
1531 1756 67 32 den
1614 1754 93 33 invid
1725 1754 96 32 Lund

224 1805 146 42 belägna
394 1805 106 38 mark,
525 1816 74 21 som
622 1808 38 28 är
683 1804 193 42 föreslagen
899 1803 52 33 till
976 1802 198 43 öfningsfält
1197 1804 35 31 åt
1252 1801 125 43 Kungl.
1395 1800 108 35 Södra
1519 1800 57 34 Sk.
1595 1799 226 42 Inf.-Reg:tet,

225 1854 38 28 är
287 1851 74 31 utaf
385 1850 131 33 Skånes
541 1849 97 33 bästa
661 1849 159 42 åkerjord
845 1848 63 33 och
932 1848 114 33 består
1070 1848 35 32 af
1128 1847 71 44 styf
1221 1847 126 43 lerjord
1371 1846 52 33 till
1446 1845 81 33 flere
1551 1845 68 33 fots
1636 1844 82 43 djup
1735 1846 88 30 samt

225 1895 134 33 således
383 1894 138 43 omöjlig
545 1897 49 30 att
617 1895 44 42 gå
684 1895 43 42 på
751 1893 56 33 vid
832 1893 118 42 regnig
974 1892 171 33 väderlek.

332 1976 99 32 Knul
454 1976 161 32 Persson.
886 1974 76 33 Nils
984 1964 163 42 Åkesson.
1422 1973 107 32 Hans
1551 1972 163 32 Jönsson.

297 2024 367 44 Kommunalordförande.
861 2027 30 27 F.
912 2026 26 28 d.
958 2026 228 35 Riksdagsman.
1438 2024 250 35 Skiftesgodman.

369 2073 49 28 S:a
438 2073 128 35 Sandby.
924 2071 50 28 S:a
992 2071 130 35 Sandby.
1462 2069 49 28 S:a
1530 2069 129 35 Sandby.
