2206 2681
339 200 128 33 Andra
491 201 242 34 Kammarens
759 203 191 42 Tillfälliga
981 204 145 34 Utskotts
1151 206 76 42 (N:o
1251 207 34 41 4)
1315 207 185 34 Ullåtande
1523 209 61 33 N:o
1609 211 29 31 6.
1763 211 19 31 7

192 290 540 40 Riksmarskalksmemorial
774 294 75 37 och
882 295 276 48 hofprotokoll
1187 297 124 37 hafva
1340 299 252 49 småningom
1621 301 161 38 hofvets

192 344 283 39 funktionärer
503 347 242 48 uppflyttats
774 352 52 44 på
854 350 243 47 rangskalan
1128 351 74 37 och
1230 352 14 36 i
1273 352 133 38 stället
1435 356 152 36 statens
1612 356 167 38 ämbets-

191 401 95 34 män
315 399 78 38 fått
422 400 120 37 maka
571 403 41 35 åt
640 402 70 46 sig.

352 453 20 35 I
391 453 383 49 Regeringsformen
795 459 21 43 $
838 458 50 35 34
908 460 123 45 säges,
1056 461 58 34 att
1139 459 316 39 »Statsminister
1476 463 75 36 och
1566 463 215 38 Ministern

190 506 65 36 för
283 506 154 37 utrikes
466 508 204 37 ärendena
697 509 224 38 innehafva
949 511 125 38 rikets
1104 512 127 48 högsta
1251 514 191 48 värdighet
1463 516 74 37 och
1557 515 224 41 Statsråden

190 560 70 36 den
289 562 191 36 närmaste
510 561 206 46 derintill»,
747 576 94 24 men
869 565 161 47 jämlikt
1059 566 150 49 Kungl.
1232 568 139 47 Maj:ts
1390 569 132 38 beslut
1543 571 48 36 31
1613 572 168 37 oktober

193 614 102 37 1851
340 614 114 37 skola
502 615 206 39 »Statsråd
737 618 75 37 och
842 618 374 40 Serafimerriddare
1246 634 116 25 anses
1392 623 59 36 till
1480 624 192 48 värdighet
1701 627 80 36 lika

193 667 76 37 och
310 671 93 45 taga
443 669 106 47 plats
583 670 101 37 efter
713 670 140 38 datum
883 673 42 36 af
954 672 114 39 deras
1096 676 279 48 utnämning»,
1407 678 75 36 och
1512 678 124 49 enligt
1664 680 115 38 Riks-

191 722 278 38 marskalkens
512 724 176 37 cirkulär
721 726 49 37 23
800 728 219 36 november
1048 729 102 37 1885
1180 732 92 45 äger
1300 730 360 40 Riksmarskalken
1689 737 92 46 taga

189 775 106 48 plats
339 778 85 35 näst
465 778 91 44 efter
589 777 324 40 Statsministern
942 782 75 36 och
1045 782 214 38 Ministern
1288 784 65 37 för
1381 786 154 37 utrikes
1565 788 212 46 ärendena,

190 829 176 38 därefter
394 831 130 38 under
552 832 180 49 Riksdag
759 834 145 37 Första
933 836 75 36 och
1037 836 143 38 Andra
1208 837 269 40 Kammarens
1502 840 153 38 talmän
1676 847 103 34 samt

188 883 104 38 först
335 884 177 38 därefter
541 886 129 49 öfriga
698 887 222 39 ledamöter
949 890 41 36 af
1019 889 233 40 Statsrådet.
1310 892 138 49 Enligt
1476 894 50 37 K.
1557 896 222 38 regolution

190 938 48 36 10
267 938 162 48 januari
460 940 102 37 1868
583 941 114 37 skola
723 942 80 46 »de,
826 954 86 26 som
933 944 163 38 beklädt
1115 945 516 50 Riksmarskalksämbetet,
1654 951 123 37 sedan

188 991 49 37 de
267 992 180 37 derifrån
476 994 137 47 afgått,
644 995 124 47 jemte
797 996 414 49 Serafimerriddarna,
1242 1012 73 35 ega
1334 1001 212 48 värdighet
1565 1007 92 34 näst
1677 1005 101 37 efter

189 1044 184 39 Statråds
415 1047 13 36 1
468 1048 127 47 tjenst
636 1050 178 37 varande
855 1050 259 48 ledamöter»,
1146 1065 93 25 men
1268 1054 124 48 enligt
1420 1055 51 37 K.
1502 1057 222 38 resolution
1754 1061 22 35 3

188 1101 219 36 november
438 1102 101 36 1871
570 1102 115 37 skola
713 1104 27 36 f.
773 1103 35 38 d.
841 1104 316 39 Statsministrar
1186 1107 75 37 och
1281 1107 184 39 Statsråd
1489 1110 109 38 »icke
1618 1113 160 47 åtnjuta

188 1153 213 48 värdighet
443 1156 163 37 utöfver
642 1156 88 46 den,
762 1169 86 26 som
877 1161 52 44 på
958 1172 135 24 annan
1122 1161 132 47 grund
1282 1162 81 36 kan
1393 1163 91 51 dem
1512 1164 262 40 tillkomma».

188 1206 138 49 Enligt
346 1208 383 50 Riksmarskalkens
749 1213 211 36 memorial
981 1214 102 50 1834
1104 1214 76 37 den
1201 1213 62 40 !0/2
1282 1218 92 46 äger
1390 1215 386 42 Öfverstekammar-

187 1261 150 46 herrar,
370 1261 499 41 Ofverhofstallmästaren
903 1267 75 37 och
1007 1266 484 51 Öfverhofjägmästaren,
1522 1272 140 38 hvilka
1690 1275 87 37 icke

188 1315 219 37 återfinnas
436 1316 12 36 i
479 1318 104 35 1714
612 1320 64 35 års
704 1319 286 49 rangordning,
1022 1324 59 34 att
1115 1322 294 39 »fortfarande»
1443 1325 126 38 hafva
1589 1328 61 36 sin
1671 1328 105 47 plats

188 1367 14 36 i
233 1369 99 36 1:sta
361 1369 160 37 klassen
549 1370 268 40 tillsammans
846 1374 92 37 med
968 1374 76 37 den
1073 1376 130 37 under
1231 1377 172 38 fredstid
1423 1379 229 50 obefintlige
1671 1382 105 38 Fält-

188 1422 268 46 marskalken,
489 1424 75 37 och
584 1425 123 48 enligt
726 1426 50 37 K.
800 1427 215 52 cirkuläret
1037 1431 101 36 1835
1163 1428 64 40 !!/,
1247 1431 269 49 nedflyttades
1535 1437 98 35 utan
1654 1439 122 45 något

187 1476 181 47 angifvet
410 1477 88 37 skäl
540 1478 255 40 Presidenter
837 1482 75 37 och
955 1482 389 40 Öfverståthållaren
1376 1486 13 36 i
1419 1486 235 39 Stockholm
1682 1490 92 37 från

188 1530 100 37 1:sta
316 1530 62 37 till
406 1531 89 38 4:de
524 1532 170 38 klassen.
1598 1589 14 5 -

347 1585 59 37 På
447 1586 134 48 grund
623 1588 43 36 af
707 1589 305 52 ofvannämnda
1040 1593 210 37 memorial
1279 1595 195 38 anträffas
1500 1609 57 24 nu
1587 1596 187 41 Öfverste

186 1637 383 50 Kammarjunkare,
605 1642 142 37 hvilka
774 1643 125 48 jämte
929 1643 187 40 Öfverste
1145 1646 342 40 Kammarherren
1516 1653 74 45 äga
1618 1654 59 35 att
1705 1653 69 37 vid

186 1691 223 49 högtidliga
436 1693 188 39 tillfällen
652 1697 185 46 uppbära
865 1697 128 48 släpet
1021 1701 52 46 på
1102 1699 76 38 den
1208 1701 192 53 kungliga
1420 1704 190 43 manteln,
1632 1705 142 39 Förste

186 1744 351 49 Hofmarskalkar,
582 1749 142 38 Förste
766 1751 356 40 Hofstallmästare
1165 1755 75 37 och
1283 1755 126 38 Öfver
1437 1757 337 41 Kammarherrar

185 1799 75 36 hos
289 1799 47 37 D.
368 1800 47 36 D.
447 1801 54 37 M.
533 1802 54 36 M.
620 1803 320 50 Drottningarna
967 1807 13 35 i
1010 1808 78 36 5:te
1108 1808 160 37 klassen
1288 1810 93 37 med
1401 1806 372 60 Generallöjtnants

183 1864 112 37 rang.
354 1854 61 38 På
448 1867 155 26 samma
631 1860 79 34 sätt
738 1858 126 51 hafva
893 1859 61 37 till
984 1861 87 37 7:de
1100 1861 172 48 klassen,
1305 1863 327 51 Generalmajors
1660 1881 110 36 rang,

186 1911 215 34 avancerat
421 1908 350 49 Hofmarskalkar,
795 1911 545 53 Öfverceremonimästaren,
1358 1918 413 41 Kabinettskammar-

185 1960 150 45 herrar,
371 1961 366 49 Hofstallmästare,
769 1966 141 38 Förste
940 1967 340 49 Hofjägmästare,
1312 1971 129 38 under
1470 1973 66 38 det
1565 1978 58 34 att
1651 1975 120 38 Kam-

185 2014 228 38 marherrar
458 2016 74 38 hos
579 2017 282 50 Drottningen,
911 2020 414 42 Ceremonimästaren
1372 2027 75 36 och
1493 2027 278 49 Expeditions-

185 2067 144 37 chefen
372 2069 13 36 i
427 2070 488 42 riksmarskalksämbetet
947 2075 79 38 fått
1053 2077 98 48 nöja
1179 2078 59 48 sig
1267 2079 92 37 med
1388 2079 383 52 Generaladjutants

183 2133 101 36 rang
326 2123 13 36 i
383 2123 89 38 8:de
513 2124 172 48 klassen,
723 2127 72 37 där
828 2129 121 36 äfven
979 2129 404 49 Expeditionschefer
1410 2134 13 36 i
1452 2135 149 49 Kungl.
1633 2137 139 49 Maj:ts

184 2174 145 39 Kansli
358 2181 105 34 samt
492 2178 494 42 Kabinettssekreteraren
1014 2184 171 49 inhysts,
1217 2189 84 35 mot
1330 2187 66 38 det
1425 2191 58 35 att
1508 2189 133 38 denna
1659 2188 109 56 rang,

184 2228 123 50 enligt
336 2230 51 51 K.
419 2231 47 37 R.
500 2233 101 37 1840
634 2233 76 47 7/12,
742 2235 223 49 medgifves
994 2238 103 38 blott
1117 2242 44 34 så
1180 2239 117 49 länge
1318 2241 48 37 de
1386 2242 177 39 bestrida
1583 2246 185 38 ämbetet.

345 2283 208 41 Öfverstes
595 2300 110 36 rang,
743 2290 104 37 11:te
876 2290 170 48 klassen,
1077 2293 74 37 har
1178 2294 191 38 tilldelats
1399 2296 274 40 Stallmästare
1702 2301 68 36 vid

183 2336 153 48 hofvet,
381 2339 349 49 Kammarherrar,
776 2343 330 49 Hofjägmästare
1136 2348 75 36 och
1240 2348 141 38 Törste
1410 2346 357 57 Hofintendenten,
