1862 2764
236 106 38 30 12
500 108 451 35 Konstitutionsutskottets
972 115 183 31 memorial
1175 126 42 20 nr
1238 118 39 29 21
1301 118 39 30 år
1364 119 85 30 1964

233 184 200 32 Johansson
455 187 10 29 i
486 191 274 30 sammanträdet
783 192 66 29 den
873 192 40 30 22
937 203 92 21 mars
1056 195 93 30 1962.
1173 196 126 41 Övriga
1322 200 217 30 närvarande
1563 211 61 21 var
1648 203 69 29 för-

234 235 295 44 svarsministern,
556 242 263 41 riksåklagaren
848 245 169 32 Emanuel
1047 249 173 41 Walberg,
1251 252 277 40 statsåklagaren
1557 255 11 29 i
1599 255 118 31 Stock-

232 290 95 31 holm
344 292 129 31 Martin
490 294 205 42 Lundqvist,
712 297 202 41 Ryhninger
936 300 302 42 (föredragande),
1257 305 143 35 Thulin,
1418 307 189 36 Hasselrot,
1626 309 90 30 Hen-

233 344 84 40 ning
334 346 66 29 och
419 346 123 31 chefen
563 348 54 30 för
637 350 135 30 sektion
793 351 30 30 II
843 352 11 30 i
875 352 290 39 försvarsstaben,
1186 357 159 31 översten
1366 360 49 29 Bo
1436 360 146 31 Westin.
1603 358 113 48 Angå-

232 398 86 30 ende
331 399 235 42 anledningen
581 402 52 30 till
649 406 276 30 sammanträdet
940 407 63 30 har
1018 408 175 41 Walberg,
1209 411 207 41 Lundqvist,
1433 414 201 40 Ryhninger
1650 416 65 30 och

231 451 180 32 Hasselrot
434 456 85 37 sagt,
540 457 50 28 att
612 464 82 22 man
717 457 53 30 för
793 460 51 28 att
867 459 120 31 kunna
1009 461 147 31 bedöma
1179 463 285 33 Wennerströms
1488 468 147 31 intresse
1660 469 53 30 för

230 504 151 41 hemliga
400 506 365 44 försvarshandlingar
786 512 156 31 önskade
963 513 35 31 få
1018 515 162 31 närmare
1200 518 254 41 upplysningar
1474 530 56 20 om
1552 524 98 28 arten
1672 533 41 20 av

230 558 284 32 Wennerströms
535 562 157 40 uppdrag
713 564 10 29 i
745 565 69 30 UD.
836 565 141 37 Thulin,
999 568 180 32 Hasselrot
1200 571 64 30 och
1285 571 138 32 Westin
1444 573 64 31 har
1531 571 182 49 förklarat,

229 613 50 28 att
296 621 82 21 man
396 614 93 30 velat
505 615 36 30 få
559 615 51 30 till
629 616 102 31 stånd
749 627 43 21 en
809 619 246 42 överläggning
1074 623 80 30 med
1172 624 189 41 anledning
1380 635 44 21 av
1441 629 51 28 att
1509 628 203 31 rådhusrät-

229 666 75 29 tens
322 666 212 32 ordförande
553 669 51 29 till
622 669 188 41 åklagaren
828 674 156 38 uttryckt
1003 675 126 31 tvekan
1148 685 57 22 om
1225 678 342 42 förutsättningarna
1588 682 55 30 för
1662 685 50 28 att

229 717 163 32 fortsätta
412 720 339 34 telefonkontrollen.

271 771 180 33 Hasselrot
472 774 98 31 förde
591 777 392 43 minnesanteckningar
1005 782 57 30 vid
1085 785 287 31 sammanträdet.
1396 786 116 41 Enligt
1536 789 101 30 dessa
1661 790 50 29 fö-

226 824 131 36 rekom,
377 826 107 31 bland
504 831 118 33 annat,
641 830 174 40 följande:
838 832 354 35 Försvarsministern
1214 838 201 32 förklarade
1437 842 200 40 otvetydigt,
1661 845 49 29 att

227 878 265 32 Wennerström
507 882 30 39 ej
554 882 76 30 haft
645 884 188 41 anledning
848 888 50 28 att
913 887 53 30 för
981 888 59 30 sitt
1054 890 159 41 uppdrag
1227 891 190 42 efterfråga
1433 894 152 41 hemliga
1600 896 110 31 hand-

225 931 111 40 lingar
361 933 151 31 rörande
536 935 93 31 vissa
655 938 148 31 svenska
829 939 167 41 flygplan.
1023 942 356 34 Försvarsministern
1406 947 83 31 sade
1515 948 117 36 också,
1659 951 50 30 att

226 985 193 40 uppdraget
437 987 11 29 i
466 988 58 30 UD
543 989 30 40 ej
593 989 98 31 blivit
708 992 200 38 preciserat,
927 1003 78 21 men
1024 998 50 28 att
1094 997 57 30 det
1170 998 137 39 syftade
1327 1000 51 29 till
1397 1003 48 28 ett
1465 1004 244 29 sammanstäl-

224 1037 102 31 lande
346 1049 43 20 av
408 1041 63 29 allt
489 1043 159 30 material
668 1044 10 29 i
699 1045 386 43 nedrustningsfrågan.
1107 1050 127 31 Vidare
1254 1053 212 31 omnämnde
1489 1055 220 31 försvarsmi-

225 1091 132 31 nistern
386 1094 61 30 sitt
475 1096 124 30 samtal
628 1098 79 29 med
736 1099 320 33 utrikesministern
1085 1103 66 30 och
1179 1105 191 31 slutsatsen
1398 1107 117 36 därav,
1545 1111 51 29 att
1626 1119 81 22 man

224 1144 94 40 finge
333 1146 114 31 räkna
462 1149 79 30 med
557 1151 50 28 att
622 1150 270 33 Wennerström
906 1154 107 41 ansåg
1030 1156 51 40 sig
1098 1156 123 32 kunna
1237 1159 125 35 hävda,
1380 1162 51 29 att
1448 1161 70 31 han
1537 1162 66 30 fått
1622 1172 85 31 upp-

223 1198 84 40 drag
325 1201 51 29 att
396 1201 109 31 träffa
524 1211 175 30 ryssarna.
720 1205 49 30 På
789 1206 219 41 Ryhningers
1029 1209 99 40 fråga
1147 1211 201 32 förklarade
1370 1213 95 31 såväl
1487 1215 220 32 försvarsmi-

222 1251 134 31 nistern
379 1262 77 22 som
477 1255 147 36 Westin,
647 1260 50 28 att
720 1258 40 30 de
783 1259 101 40 hyste
908 1261 213 32 misstankar
1145 1267 72 28 mot
1241 1266 277 32 Wennerström.
1543 1266 163 48 Walberg

222 1304 142 41 frågade
382 1307 98 37 även,
498 1317 58 22 om
571 1310 58 30 det
647 1320 76 21 som
741 1315 117 28 senast
877 1314 162 31 inträffat
1058 1316 89 31 hade
1167 1318 122 40 skärpt
1307 1320 273 37 misstankarna,
1598 1324 106 30 vilket

222 1358 341 34 försvarsministern
579 1363 179 41 bejakade.
776 1367 164 41 Walberg
954 1370 146 38 yttrade,
1118 1373 51 28 att
1185 1373 330 32 telefonkontrollen
1533 1376 44 30 då
1595 1377 109 31 måste

220 1411 124 41 fortgå.
367 1414 93 30 Både
483 1416 211 41 Ryhninger,
718 1419 110 30 under
853 1420 302 43 föredragningen,
1180 1426 65 29 och
1268 1426 165 41 Walberg
1457 1429 165 31 framhöll
1648 1432 56 29 det

220 1467 298 39 motsägelsefulla
536 1470 10 29 i
566 1472 50 29 att
637 1480 42 21 en
700 1481 92 26 man,
814 1482 75 22 som
911 1484 42 21 av
972 1475 249 33 rådhusrätten
1243 1479 158 32 bedömts
1425 1482 156 40 skäligen
1604 1485 100 29 miss-

219 1519 102 30 tänkt
341 1520 54 30 för
416 1521 164 40 spioneri,
601 1524 143 31 försatts
767 1526 9 30 i
798 1527 83 30 eller
904 1528 146 32 kommit
1072 1532 50 29 att
1145 1532 104 30 utöva
1273 1533 109 31 sådan
1406 1535 297 32 förtroendeställ-

218 1572 83 40 ning
327 1582 78 21 som
428 1575 276 33 Wennerström.
730 1580 211 31 Diskussion
969 1585 147 38 upptogs
1144 1594 56 20 om
1228 1587 269 40 möjligheterna
1526 1592 49 28 att
1603 1591 99 39 bryta

218 1626 93 30 detta
332 1628 168 40 uppdrag.
521 1629 281 42 Avslutningsvis
823 1634 121 39 gjorde
965 1636 129 30 Thulin
1116 1647 42 20 en
1179 1639 181 36 reflexion,
1381 1650 76 21 som
1478 1643 222 32 bekräftades

217 1688 42 20 av
279 1680 353 39 försvarsministern,
655 1687 51 28 att
726 1686 264 33 Wennerström
1014 1691 86 30 trots
1123 1692 61 29 allt
1208 1692 117 31 kunde
1348 1704 83 21 vara
1454 1696 159 41 oskyldig
1637 1698 63 30 och

216 1733 61 29 allt
297 1733 44 30 ha
362 1744 42 20 en
426 1737 154 39 naturlig
600 1738 203 41 förklaring.
827 1741 97 30 Efter
946 1743 215 41 invändning
1184 1755 42 20 av
1247 1747 202 40 Ryhninger
1472 1750 227 31 modifierade

217 1785 341 34 försvarsministern
574 1791 60 30 sitt
650 1793 178 31 uttalande
846 1795 144 35 därhän,
1008 1799 49 28 att
1075 1799 137 38 mycket
1230 1809 79 20 men
1328 1801 72 30 inte
1418 1802 59 30 allt
1496 1803 116 30 kunde
1632 1805 67 29 för-

215 1839 126 31 klaras.
363 1841 47 30 På
430 1842 98 40 fråga
549 1853 41 20 av
610 1845 200 41 Ryhninger
830 1849 136 37 yttrade
988 1849 352 40 försvarsministern,
1363 1857 50 28 att
1434 1856 264 32 Wennerström

215 1892 9 29 i
244 1893 128 39 dagens
392 1895 75 40 läge
488 1897 29 39 ej
541 1897 117 31 kunde
678 1899 148 40 åberopa
848 1904 107 28 annat
976 1905 158 39 uppdrag
1155 1906 44 29 än
1220 1907 339 33 utrikesministerns
1583 1911 114 30 såsom

215 1947 106 29 motiv
345 1949 50 28 att
421 1949 189 41 efterfråga
634 1952 152 31 militära
813 1954 219 41 handlingar,
1059 1961 90 27 samt
1176 1961 50 28 att
1249 1960 70 30 han
1348 1962 120 30 delade
1495 1964 202 31 rådhusrät-

214 2001 75 28 tens
306 2001 65 29 och
389 2001 411 44 åklagarmyndighetens
819 2009 151 39 mening,
989 2012 50 28 att
1056 2011 266 32 Wennerström
1342 2024 60 21 var
1422 2016 155 40 skäligen
1597 2019 100 29 miss-

214 2053 99 31 tänkt
332 2054 54 29 för
405 2056 162 38 spioneri.

256 2106 95 30 Inför
375 2109 562 42 undersökningskommissionen
961 2116 63 30 har
1048 2118 110 39 gjorts
1182 2121 200 39 ytterligare
1409 2124 204 30 uttalanden
1640 2135 55 20 om

212 2160 63 29 vad
298 2170 73 20 som
395 2162 160 31 förekom
576 2165 56 29 vid
656 2166 92 30 detta
772 2170 269 30 sammanträde.

254 2214 179 31 Hasselrot
459 2216 64 30 har
548 2218 160 40 tillfogat,
734 2220 106 30 bland
866 2225 117 32 annat,
1010 2226 48 28 att
1086 2225 57 30 det
1169 2226 56 30 vid
1254 2229 342 32 sammankomstens
1626 2233 68 29 slut

210 2266 158 31 förekom
385 2269 201 31 diskussion
604 2281 55 20 om
679 2273 338 33 telefonkontrollen.

253 2320 354 34 Försvarsministern
625 2325 63 30 har
706 2326 104 31 bland
829 2332 108 27 annat
957 2333 84 36 sagt,
1059 2333 51 28 att
1128 2332 246 40 åklagarsidan
1395 2338 174 38 uttryckte
1589 2339 103 39 något

209 2373 90 39 slags
319 2375 169 41 missnöje
508 2378 79 29 över
607 2381 49 27 att
676 2380 329 33 telefonkontrollen
1025 2384 118 40 pågått
1165 2386 99 40 länge
1286 2388 64 29 och
1372 2391 49 28 att
1443 2399 79 21 man
1546 2392 29 39 ej
1600 2393 91 39 gjort
