1866 2766
407 155 452 32 Konstitutionsutskottets
880 154 184 30 memorial
1084 163 43 20 nr
1148 154 39 29 21
1211 153 40 30 år
1274 153 84 29 1964
1608 152 19 31 5

142 239 195 34 ministern,
357 238 62 30 där
440 237 93 30 olika
553 236 236 39 förklaringar
810 235 51 30 till
882 234 285 31 Wennerströms
1190 233 158 30 ansökan
1370 232 66 30 och
1458 231 169 30 tänkbara

143 292 145 39 utvägar
316 301 40 20 ur
384 292 66 29 den
479 290 203 40 uppkomna
712 289 213 30 situationen
955 287 254 31 diskuterades.
1239 286 82 30 Man
1351 294 101 30 synes
1483 284 145 30 allmänt

143 346 45 30 ha
207 347 125 33 ansett,
353 347 50 28 att
422 344 268 30 Wennerström
710 343 30 40 ej
765 342 105 30 borde
892 341 36 30 få
946 342 69 29 den
1038 341 102 30 sökta
1161 340 166 40 tjänsten.
1349 339 66 30 Vid
1437 338 192 30 diskussio-

144 408 109 21 nerna
272 399 97 29 torde
389 398 46 30 ha
454 397 262 30 understrukits
736 415 44 4 —
800 395 142 31 särskilt
962 394 80 31 från
1063 394 149 30 Thulins
1234 393 75 30 sida
1330 410 45 4 —
1394 394 51 28 att
1467 391 163 30 misstan-

143 453 113 29 karna
276 454 71 28 mot
369 451 266 31 Wennerström
655 450 118 30 kunde
795 459 82 21 vara
899 448 236 40 oberättigade
1158 447 65 30 och
1246 449 50 28 att
1319 447 111 29 denne
1454 445 119 30 därför
1596 445 30 39 ej

143 506 106 30 borde
270 506 91 30 bliva
382 505 140 30 lidande
543 504 44 40 på
607 506 50 29 att
677 504 71 30 han
770 504 30 40 ej
826 503 73 30 fick
920 502 243 39 befattningen
1184 502 11 29 i
1218 500 207 40 flygstaben.
1448 499 182 30 Försvars-

144 560 185 29 ministern
347 559 71 30 höll
436 559 79 30 med
533 567 56 21 om
608 558 94 30 detta
720 566 80 21 men
819 556 201 30 förklarade
1039 555 51 40 sig
1109 554 117 35 också,
1246 554 106 40 enligt
1371 553 67 30 vad
1455 553 71 30 han
1544 561 87 31 upp-

144 613 94 40 givit,
257 613 128 30 beredd
404 614 50 29 att
472 612 70 30 låta
560 611 267 30 Wennerström
846 610 92 30 bliva
957 609 239 40 förbigången.
1217 608 132 29 Thulin
1369 607 65 30 och
1451 606 180 30 Hasselrot

145 667 63 30 har
229 667 10 29 i
259 667 94 30 detta
372 666 199 30 hänseende
590 666 119 39 yttrat,
731 666 50 29 att
802 664 40 30 de
862 664 29 40 ej
917 663 54 30 för
993 662 351 40 spaningsintressets
1368 660 93 30 skull
1481 659 150 30 verkade

145 720 55 30 för
217 722 50 29 att
284 720 266 30 Wennerström
570 718 112 30 skulle
700 718 92 30 bliva
810 717 85 30 kvar
913 717 10 30 i
942 716 115 40 någon
1076 725 41 20 ur
1137 713 365 40 säkerhetssynpunkt
1520 713 112 29 riska-

145 774 54 30 bel
218 775 121 39 tjänst.

189 827 352 40 Ansträngningarna
560 825 195 31 inriktades
776 825 44 40 på
841 826 49 29 att
912 824 35 30 åt
968 823 267 31 Wennerström
1258 822 101 30 finna
1378 821 114 39 någon
1514 829 118 21 annan

145 881 209 39 befattning,
373 889 75 21 som
467 881 71 29 han
556 880 116 29 kunde
691 879 125 30 tänkas
836 878 182 37 föredraga
1039 876 149 31 framför
1207 876 68 30 den
1296 876 109 29 sökta.
1425 875 81 29 Man
1526 873 107 38 ansåg

147 935 52 39 sig
213 934 176 39 nämligen
403 934 85 30 böra
502 933 130 30 handla
649 932 38 30 så
702 934 51 29 att
767 931 266 31 Wennerström
1050 930 30 40 ej
1101 929 135 30 förstod
1251 931 50 28 att
1317 938 82 20 man
1416 928 100 39 hyste
1532 928 101 29 miss-

147 988 127 30 tankar
291 989 73 28 mot
382 987 140 30 honom.
541 986 356 30 Försvarsministern
915 985 83 29 kom
1018 984 91 40 själv
1127 983 80 30 med
1225 984 47 29 ett
1292 982 148 40 uppslag
1459 983 51 29 att
1529 981 105 30 Wen-

147 1042 175 30 nerström
339 1041 117 30 kunde
472 1041 156 39 placeras
646 1048 75 21 som
739 1038 212 40 flygattaché
968 1038 11 29 i
996 1037 110 30 Paris.
1123 1037 167 30 Häremot
1307 1036 84 29 kom
1407 1035 130 30 Thulin
1555 1034 79 30 med

147 1095 269 39 invändningar.
441 1094 192 30 Resultatet
658 1102 43 21 av
724 1092 336 39 överläggningarna
1084 1090 77 30 blev
1186 1092 50 28 att
1261 1089 125 30 chefen
1412 1088 53 30 för
1492 1088 143 39 flygsta-

147 1149 77 34 ben,
251 1148 301 40 generalmajoren
578 1147 71 39 Stig
675 1146 127 34 Norén,
830 1145 72 30 fick
929 1144 160 40 uppdrag
1116 1146 49 28 att
1193 1144 35 30 åt
1254 1142 266 31 Wennerström
1549 1141 86 30 söka

149 1203 100 29 finna
269 1202 114 39 någon
402 1201 121 40 tjänst,
544 1209 74 21 som
639 1200 76 30 icke
736 1200 11 29 i
768 1199 109 30 sådan
898 1198 85 40 grad
1005 1207 75 20 som
1102 1198 67 29 den
1190 1197 103 30 sökta
1312 1196 240 39 befattningen
1574 1204 61 21 var

148 1255 153 31 riskabel
322 1255 81 30 från
424 1253 375 40 säkerhetssynpunkt.
823 1253 66 29 Till
912 1251 221 40 fullgörande
1157 1260 41 21 av
1221 1251 95 30 detta
1338 1250 158 40 uppdrag
1519 1248 117 40 vidtog

149 1310 116 29 Norén
287 1308 108 40 därpå
415 1308 94 30 vissa
530 1307 315 39 undersökningar.
869 1306 112 29 Innan
1004 1305 103 30 dessa
1128 1305 90 29 hade
1241 1305 62 29 lett
1325 1304 52 29 till
1400 1303 105 39 något
1527 1303 110 29 resul-

150 1365 50 28 tat
222 1363 73 29 fick
315 1362 70 30 han
407 1361 192 31 emellertid
621 1360 130 30 besked
775 1369 57 20 om
853 1361 51 29 att
926 1368 43 21 en
991 1358 139 39 lösning
1152 1358 90 30 hade
1266 1357 154 40 erbjudit
1444 1357 60 39 sig.

194 1417 75 29 Den
291 1415 139 39 lösning
452 1424 42 21 av
516 1414 122 39 frågan
662 1423 57 20 om
741 1412 286 31 Wennerströms
1050 1411 189 40 placering,
1263 1419 76 21 som
1361 1412 108 37 yppat
1492 1410 61 39 sig,
1576 1418 61 21 var

149 1471 49 28 ett
218 1469 159 40 uppdrag
397 1477 75 21 som
490 1467 130 31 militär
641 1469 119 37 expert
780 1467 97 29 inom
896 1466 60 30 UD
977 1466 10 29 i
1008 1464 390 39 nedrustningsfrågan.

195 1523 50 29 På
262 1522 106 30 våren
388 1522 81 30 eller
491 1521 257 30 försommaren
771 1519 79 30 1961
874 1518 187 40 planerade
1083 1517 198 31 dåvarande
1303 1516 184 31 ministern
1509 1516 53 29 för
1585 1517 54 29 ut-

151 1576 94 30 rikes
272 1576 176 29 ärendena
475 1574 106 31 Östen
608 1573 124 31 Undén
761 1575 50 28 att
839 1572 189 30 aktivisera
1056 1571 67 30 den
1153 1571 150 30 svenska
1330 1570 268 30 verksamheten
1628 1569 10 30 i

151 1628 378 40 nedrustningsfrågan
551 1628 96 29 inom
669 1627 150 29 Förenta
842 1626 224 30 Nationerna.
1090 1624 67 30 För
1181 1624 143 40 frågans
1348 1624 212 39 behandling
1582 1632 57 21 av-

152 1683 61 39 såg
239 1692 81 20 man
346 1684 50 28 att
421 1681 201 40 organisera
646 1689 43 21 en
716 1680 229 39 arbetsgrupp
972 1679 11 29 i
1010 1678 423 40 utrikesdepartementet.
1462 1677 97 29 Inom
1587 1685 53 21 ar-

153 1736 236 40 betsgruppen
412 1735 113 30 skulle
545 1734 122 30 finnas
691 1742 43 22 en
758 1733 131 30 militär
912 1734 130 38 expert.
1068 1731 13 30 I
1105 1732 70 40 maj
1203 1731 82 30 eller
1310 1731 11 30 i
1345 1731 126 39 början
1495 1740 42 20 av
1560 1730 80 40 juni

155 1790 80 29 1961
260 1789 193 30 framförde
474 1788 122 30 Undén
617 1787 52 30 till
690 1786 344 31 försvarsministern
1054 1784 219 31 önskemålet
1293 1786 52 28 att
1365 1784 37 30 få
1423 1783 144 40 tillgång
1588 1783 52 30 till

153 1853 43 20 en
219 1842 243 40 språkkunnig
485 1841 123 30 officer
632 1841 55 29 för
711 1840 95 30 detta
829 1839 169 40 uppdrag.
1022 1838 201 39 Uppdraget
1248 1838 112 29 skulle
1385 1837 90 39 gälla
1498 1837 70 29 tills
1592 1837 50 30 vi-

154 1897 94 29 dare.

199 1949 160 31 Rörande
380 1948 41 30 de
443 1947 252 40 upplysningar
717 1946 124 30 Undén
862 1946 10 29 i
894 1946 95 29 detta
1011 1944 257 39 sammanhang
1288 1943 161 30 lämnade
1473 1943 170 30 försvars-

155 2003 185 29 ministern
358 2000 221 31 beträffande
597 2001 184 39 expertens
799 1998 211 31 kommande
1029 1998 179 39 uppgifter
1226 1997 63 30 har
1309 1997 125 30 Undén
1451 1998 108 38 yttrat
1579 1997 64 29 föl-

153 2056 124 40 jande:
300 2056 74 29 Den
395 2055 150 29 militäre
567 2055 164 38 experten
754 2053 112 29 skulle
888 2052 121 33 ordna,
1032 2052 111 29 samla
1165 2051 65 30 och
1253 2051 260 39 systematisera
1536 2052 107 28 mate-

156 2109 100 30 rialet
275 2109 10 29 i
302 2107 377 40 nedrustningsfrågan
699 2108 91 28 samt
809 2106 83 39 göra
911 2114 44 21 en
974 2104 331 39 sammanställning
1325 2104 38 29 så
1383 2105 50 28 att
1453 2113 81 20 man
1554 2103 90 30 kun-

156 2163 42 29 de
221 2172 35 20 se
278 2162 43 39 på
343 2162 94 29 vilka
458 2161 150 39 punkter
632 2159 278 30 stormakternas
932 2157 181 30 önskemål
1138 2157 65 30 och
1226 2157 219 39 synpunkter
1469 2166 174 20 samman-

159 2216 71 28 föll.
250 2216 64 28 Det
333 2224 59 19 var
413 2214 29 39 ej
466 2214 97 38 fråga
582 2222 58 20 om
659 2212 115 39 någon
794 2212 158 29 bestämd
973 2210 113 39 punkt
1107 2211 94 28 inom
1223 2209 421 40 nedrustningsområdet,

159 2270 84 28 utan
263 2269 162 37 experten
445 2267 112 28 skulle
574 2266 79 29 över
672 2265 122 29 huvud
811 2265 121 38 hjälpa
952 2264 50 29 till
1022 2265 50 28 att
1091 2263 36 29 få
1147 2263 101 29 dessa
1268 2263 117 38 frågor
1405 2272 72 20 mer
1497 2263 147 29 utredda

158 2322 65 28 och
245 2321 82 38 göra
349 2321 40 28 de
412 2319 226 38 utredningar
661 2327 76 20 som
758 2317 213 40 påkallades.

203 2373 354 30 Försvarsministern
583 2372 62 29 har
672 2373 90 36 sagt:
789 2371 73 29 Den
888 2369 150 30 militäre
1064 2371 163 37 experten
1255 2369 111 29 skulle
1392 2369 105 38 enligt
1524 2369 120 30 Undén

160 2428 136 28 biträda
324 2427 4 28 i
353 2427 57 29 UD
434 2426 77 29 med
533 2427 48 27 att
605 2425 180 38 kartlägga
810 2424 55 29 det
889 2422 103 39 något
1017 2422 192 29 förvirrade
1235 2422 89 39 läget
1348 2422 9 29 i
1384 2422 262 39 nedrustnings-

195 2500 31 31 11
268 2497 110 30 Bihang
397 2497 46 23 till
460 2496 167 29 riksdagens
645 2495 148 30 protokoll
810 2494 74 24 1964.
901 2497 12 20 5
928 2493 83 23 saml.
1029 2493 15 23 2
1060 2493 64 23 avd.
1148 2496 40 23 Nr
1209 2496 30 21 21
