2176 2630
655 159 343 33 Jordbruksutskottets
1022 157 164 33 utlåtande
1210 157 52 32 N+
1288 157 50 31 11.
1744 154 15 30 1

940 648 59 41 Nr
1027 650 55 39 UU.

753 806 112 28 Ankom
884 806 44 29 till
947 805 167 36 riksdagens
1133 804 93 28 kansli
1246 803 54 28 den
1320 804 34 27 12
1372 803 120 27 februari
1514 802 67 27 1920
1599 801 37 27 kl.
1658 802 10 25 1
1691 810 23 18 e.
1733 811 36 17 m.

412 948 192 36 Utlåtande
631 950 13 34 i
672 948 197 45 anledning
910 958 44 24 av
994 947 103 34 väckt
1137 946 133 35 motion
1299 956 54 24 om
1381 944 171 36 skrivelse
1580 943 56 36 till
1662 943 140 45 Kungl.

603 1017 113 44 Maj:t
757 1017 187 45 angående
984 1015 278 44 wutarrendering
1291 1014 126 43 direkt,
1447 1016 89 33 utan
1564 1013 240 35 arrendatorn

604 1088 21 34 å
655 1086 260 45 huvudgården
941 1085 115 35 såsom
1084 1084 244 43 mellanhand,
1359 1094 44 25 av
1432 1085 78 43 torp
1530 1083 22 35 å
1571 1082 233 36 kronodomä

603 1167 65 24 ner
695 1155 64 36 och
782 1158 214 43 prästernas
1026 1153 265 36 löneboställen.

1474 1219 74 49 (2:a
1575 1219 98 47 avd.)

333 1378 19 37 I
380 1391 47 24 en
454 1377 104 37 inom
587 1377 119 36 andra
741 1377 222 35 kammaren
1003 1375 122 47 väckt,
1159 1375 56 36 till
1238 1373 415 49 jordbruksutskottets
1681 1372 124 37 förbe-

203 1430 165 38 redande
408 1429 235 48 behandling
679 1427 187 37 hänvisad
894 1426 156 48 motion,
1080 1440 44 22 nr
1153 1427 59 45 50,
1241 1426 70 36 har
1339 1425 86 37 herr
1457 1427 127 35 Olsson
1611 1425 13 36 i
1651 1424 156 37 Ramsta

204 1481 206 47 hemställt,
452 1487 55 30 att
542 1480 206 48 riksdagen
789 1479 199 48 behagade
1024 1479 145 36 besluta
1196 1478 12 36 i
1236 1477 181 37 skrivelse
1444 1477 58 36 till
1529 1476 140 49 Kungl.
1698 1476 109 49 Maj:t

205 1534 199 37 hemställa
444 1546 62 23 om
548 1532 205 49 utredning
793 1534 48 46 på
881 1531 74 36 vad
992 1536 74 31 sätt
1093 1530 70 36 och
1191 1530 12 36 i
1230 1529 129 37 vilken
1387 1529 231 48 omfattning
1644 1534 86 43 torp
1758 1530 49 46 på

204 1584 300 38 kronodomäner
545 1584 69 37 och
654 1586 48 47 på
743 1588 216 45 prästernas
999 1581 273 38 löneboställen
1302 1584 61 33 må
1388 1580 129 37 kunna
1544 1581 262 36 utarrenderas

205 1637 132 46 direkt,
379 1643 92 29 utan
500 1635 244 38 arrendatorn
773 1638 48 46 på
850 1633 273 50 huvudgården
1152 1636 124 33 såsom
1306 1632 256 47 mellanhand,
1591 1631 71 37 och
1690 1630 116 38 sedan

206 1688 58 36 för
290 1688 208 48 riksdagen
539 1688 215 47 framlägga
795 1686 47 36 de
883 1686 154 48 förslag,
1081 1697 82 24 som
1206 1698 47 22 av
1294 1684 254 48 utredningen
1575 1684 129 35 kunna
1732 1683 75 36 för-

207 1739 166 37 anledas.

335 1790 241 36 Beträffande
618 1790 45 36 de
703 1789 93 46 skäl,
839 1801 82 23 som
959 1787 144 37 anförts
1131 1787 56 36 till
1216 1787 85 36 stöd
1330 1787 58 36 för
1417 1786 123 37 denna
1568 1785 237 47 hemställan,

207 1841 138 38 tillåter
372 1842 61 48 sig
460 1841 183 37 utskottet
671 1841 159 36 hänvisa
852 1840 57 36 till
937 1840 201 36 motionen.

335 1945 83 36 Den
460 1958 50 23 nu
553 1944 218 48 tillämpade
812 1943 215 49 ordningen
1068 1943 59 36 för
1154 1942 341 48 utarrenderingen
1523 1956 47 21 av
1599 1947 132 42 torpen
1759 1943 49 47 på

207 1996 164 36 kronans
414 1996 179 36 domäner
633 1996 70 35 och
744 1995 302 49 prästerskapets
1081 1994 282 43 löneboställen,
1392 1993 193 47 nämligen
1614 1993 107 36 deras
1750 1997 57 31 ut-

207 2047 275 37 arrenderande
523 2060 138 35 genom
703 2047 72 35 den
805 2047 58 35 för
890 2046 309 36 kronodomänen
1232 2045 91 36 eller
1350 2044 262 37 lönebostället
1639 2049 170 42 antagna

207 2099 256 45 arrendatorn,
481 2111 114 34 synes
611 2098 236 35 motionären
864 2097 82 36 icke
962 2110 89 22 vara
1060 2096 358 36 tillfredsställande.
1449 2095 194 48 Torparna
1657 2095 153 36 komma

208 2150 197 47 nämligen
421 2149 120 48 enligt
556 2149 253 35 motionärens
831 2148 244 36 förmenande
1091 2148 220 48 därigenom
1328 2147 12 35 i
1357 2160 47 22 en
1420 2146 187 36 beroende
1627 2145 183 48 ställning

207 2201 13 36 i
249 2200 232 36 förhållande
510 2200 54 36 till
594 2200 243 36 arrendatorn
866 2200 70 35 och
967 2199 35 36 få
1031 2199 189 36 dessutom
1242 2198 78 36 ofta
1341 2198 125 36 betala
1485 2203 55 30 ett
1560 2196 250 37 förhållande-

207 2252 59 36 vis
287 2252 151 48 mycket
466 2251 119 49 högre
610 2251 157 36 arrende
794 2256 49 31 än
871 2250 245 37 arrendatorn
1145 2250 97 48 själv
1272 2249 185 48 erlägger.
1514 2248 17 36 I
1560 2249 72 36 alla
1660 2248 45 37 de
1731 2248 77 46 fall,

209 2310 128 43 Bihang
360 2311 49 32 till
432 2311 187 43 riksdagens
640 2310 154 42 protokoll
818 2311 94 33 1920.
963 2311 41 31 10
1027 2310 89 32 saml.
1185 2310 21 30 7
1229 2308 80 42 häft.
1355 2309 67 41 (Nr
1446 2309 68 35 11.)
1748 2309 15 30 1

1865 1945 134 25 Utskottet.
