1868 2812
457 165 104 27 Andra
591 165 214 34 lagutskottets
834 164 157 28 utlåtande
1018 173 37 19 nr
1075 166 53 32 28;
1153 165 119 35 bilagor
1585 166 18 29 7

117 253 455 39 folketshusföreningarna
588 254 113 30 skulle
717 255 220 38 undantagas
954 253 79 31 från
1050 255 67 29 den
1137 254 100 38 eljest
1253 253 241 39 föreliggande
1512 253 92 39 skyl-

117 299 165 38 digheten
304 302 50 27 att
376 299 113 29 under
510 298 91 30 vissa
624 298 295 39 förutsättningar
942 298 118 39 utgiva
1085 298 194 39 ersättning
1301 298 53 30 till
1378 308 43 20 en
1444 298 160 39 uppsagd

116 344 192 38 hyresgäst.
349 342 122 39 Någon
498 343 226 39 särställning
750 353 102 29 synes
881 343 161 39 rimligen
1071 343 78 30 icke
1178 343 121 30 kunna
1326 343 147 30 beredas
1502 343 102 30 dessa

117 388 205 39 föreningar
345 388 11 29 i
384 387 270 39 ifrågavarande
679 388 210 30 hänseende.
927 388 166 30 Däremot
1119 397 105 29 synas
1250 388 241 29 domstolarna
1516 388 88 30 böra

116 433 59 29 vid
198 432 174 39 prövning
394 442 43 21 av
463 431 124 40 frågan
613 442 58 20 om
694 432 268 39 uppsägningen
987 432 126 30 strider
1137 435 74 27 mot
1235 432 68 39 god
1329 433 61 29 sed
1413 431 47 40 på
1485 432 119 38 hyres-

117 478 220 30 marknaden
359 480 81 36 taga
461 477 151 30 särskild
632 478 137 38 hänsyn
789 477 52 30 till
862 478 58 29 det
940 477 292 35 allmänintresse,
1254 486 77 21 som
1352 477 252 38 föreningarna

118 522 108 38 tjäna,
249 523 66 29 och
337 522 52 30 till
414 523 101 29 deras
538 522 148 30 intresse
710 532 42 20 av
773 525 51 27 att
847 522 111 38 själva
981 521 37 31 få
1039 522 190 38 disponera
1252 523 83 29 över
1358 522 76 30 sina
1458 522 145 30 lokaler.

118 566 288 39 Socialstyrelsen
432 567 216 35 förutsätter,
673 570 50 27 att
747 567 241 30 domstolarna
1012 566 108 30 också
1144 569 80 36 taga
1249 565 110 31 sådan
1384 567 138 38 hänsyn
1546 566 59 30 vid

117 612 215 38 avgörandet
361 621 43 20 av
434 611 243 39 uppkommen
707 610 100 40 fråga
838 621 58 21 om
926 611 194 39 ersättning
1149 611 53 31 till
1231 611 161 39 uppsagd
1422 611 183 38 hyresgäst

117 656 141 38 jämlikt
277 657 57 29 det
352 655 224 40 åberopande
596 657 220 37 lagrummet.

163 700 79 31 Med
265 701 139 38 hänsyn
428 700 52 30 till
506 701 67 29 vad
598 700 282 39 socialstyrelsen
905 699 147 31 sålunda
1078 700 120 31 anfört
1223 700 184 39 avstyrker
1433 700 171 39 styrelsen

118 745 102 30 bifall
241 745 52 30 till
315 746 42 29 de
377 745 225 30 remitterade
623 745 232 30 motionerna.

161 826 201 30 Stockholm
384 826 65 30 den
472 826 40 30 29
533 826 155 30 februari
713 826 92 30 1944.

680 915 117 31 KARL
821 915 29 31 J.
875 910 156 36 HÖJER.

160 994 116 31 ERNST
301 994 183 31 BEXELIUS.

1418 1236 123 39 Bilaga
1566 1237 35 31 B.

228 1327 65 29 Till
319 1326 214 39 Riksdagens
557 1327 110 30 andra
691 1327 198 39 lagutskott.

163 1414 120 31 Såsom
308 1415 172 31 infordrat
504 1416 160 37 yttrande
688 1417 80 29 över
791 1416 216 30 motionerna
1033 1425 41 20 nr
1099 1416 41 29 97
1166 1416 10 29 i
1200 1415 109 31 första
1333 1416 205 30 kammaren
1562 1425 43 21 av

117 1460 81 30 herr
216 1460 174 35 Karlsson,
408 1460 133 35 Gustaf,
560 1463 90 27 samt
669 1470 42 20 nr
730 1461 60 29 158
807 1460 9 29 i
833 1460 112 30 andra
961 1460 208 30 kammaren
1187 1469 43 21 av
1245 1460 82 30 herr
1345 1460 140 29 Kilbom
1501 1469 45 21 m.
1566 1460 37 30 fl.

118 1503 182 40 angående
320 1504 69 30 Viss
410 1504 149 39 ändring
579 1505 10 29 i
609 1505 20 29 3
651 1505 80 38 kap.
754 1505 41 30 38
816 1503 20 40 $
857 1505 101 38 lagen
981 1514 57 20 om
1061 1504 257 39 nyttjanderätt
1340 1504 53 30 till
1414 1504 70 30 fast
1505 1512 99 30 egen-

118 1549 92 35 dom,
233 1548 55 31 får
311 1549 137 30 Statens
470 1548 170 39 hyresråd
661 1549 147 30 härmed
829 1550 127 29 anföra
978 1549 168 38 följande.

163 1594 65 29 Det
250 1593 165 39 speciella
439 1593 156 36 intresse,
621 1603 77 20 som
722 1593 186 39 åberopats
932 1594 10 29 i
966 1594 41 29 de
1032 1593 225 30 remitterade
1282 1593 232 36 motionerna,
1539 1593 66 31 har

117 1638 169 30 föranlett
309 1639 88 29 även
421 1648 43 20 en
487 1638 263 39 framställning
772 1638 52 30 till
852 1639 123 38 Kungl.
1001 1638 101 39 Maj:t
1126 1639 68 29 den
1224 1639 37 29 12
1287 1638 141 39 januari
1455 1639 82 29 1944
1561 1647 44 21 av

118 1683 407 38 Landsorganisationen,
568 1683 472 38 Folketshusföreningarnas
1082 1683 310 38 riksorganisation
1433 1684 66 29 och
1543 1682 62 31 Or-

116 1727 219 30 denshusens
356 1727 239 39 riksförening
613 1737 58 20 om
690 1727 68 31 viss
778 1727 150 39 ändring
948 1728 10 29 i
979 1728 100 38 lagen
1099 1737 58 20 om
1176 1727 289 39 hyresreglering,
1485 1727 119 30 vilken

119 1772 263 38 framställning
401 1772 178 39 upptagits
604 1772 52 30 till
677 1772 215 39 behandling
913 1772 10 29 i
947 1772 123 39 Kungl.
1094 1772 119 38 Maj:ts
1234 1772 223 39 proposition
1478 1782 43 20 nr
1544 1773 59 29 101

117 1816 52 30 till
195 1815 90 31 årets
309 1817 153 38 riksdag.
499 1817 118 29 Under
641 1817 204 29 nuvarande
869 1816 88 30 brist
980 1815 46 40 på
1049 1817 166 29 bostäder
1240 1817 65 30 och
1332 1817 112 29 andra
1470 1817 135 30 lokaler

117 1861 67 29 och
212 1860 38 30 så
275 1861 101 38 länge
402 1861 325 38 hyresregleringen
756 1862 107 37 gäller
888 1860 112 31 måste
1026 1861 58 30 det
1111 1860 271 39 ifrågavarande
1409 1861 196 38 problemet

117 1914 103 21 anses
244 1906 65 37 äga
331 1906 112 29 större
466 1905 161 38 praktisk
653 1906 177 37 betydelse
853 1905 59 30 vid
935 1905 420 38 hyresregleringslagens
1381 1905 224 39 tillämpning

117 1950 46 29 än
186 1949 57 29 vid
266 1949 224 38 tillämpning
514 1959 42 20 av
580 1950 67 29 den
672 1950 179 29 allmänna
876 1950 217 37 hyreslagen.

163 1993 73 30 Vad
260 1994 89 29 först
371 1992 110 39 angår
503 1993 270 39 ifrågavarande
797 1994 160 38 problem
982 1993 10 30 i
1016 1993 185 39 belysning
1224 2003 42 20 av
1292 1993 313 39 hyresreglerings-

117 2038 277 38 lagstiftningen,
416 2038 70 30 kan
506 2037 206 39 hyresrådet
735 2039 55 29 för
810 2038 54 30 sin
885 2038 55 30 del
961 2038 71 30 helt
1053 2039 140 29 ansluta
1216 2038 50 39 sig
1286 2038 53 30 till
1361 2039 42 29 de
1425 2038 179 39 synpunk-

117 2086 62 31 ter,
200 2092 75 20 som
295 2083 9 28 i
324 2083 240 38 nyssnämnda
583 2082 221 39 proposition
828 2083 137 29 anförts
985 2092 42 20 av
1049 2083 257 38 föredragande
1329 2083 275 38 departements-

118 2127 136 29 chefen.
288 2128 64 29 Det
372 2126 110 31 måste
501 2127 263 38 understrykas,
786 2130 50 27 att
856 2128 56 29 det
932 2128 64 28 här
1015 2128 108 37 gäller
1144 2137 43 20 en
1206 2127 156 30 bärande
1383 2127 221 38 grundtanke

118 2171 9 29 i
149 2171 335 38 hyresregleringen.
519 2172 73 29 Den
616 2170 155 31 rådande
792 2171 277 30 bostadsbristen
1091 2172 139 29 medför
1253 2171 37 38 ju
1313 2172 45 29 bl.
1381 2182 40 24 a.,
1448 2175 49 26 att
1519 2172 85 29 kon-

118 2216 121 29 flikter
264 2216 73 29 ofta
363 2216 218 38 uppkomma
607 2225 58 19 om
692 2216 191 29 företrädet
909 2215 50 30 till
987 2215 216 39 tillgängliga
1229 2219 211 34 utrymmen,
1469 2216 65 29 och
1562 2226 42 19 en

118 2260 263 38 huvuduppgift
411 2260 54 29 för
491 2259 323 38 hyresregleringen
842 2261 38 28 är
909 2260 121 29 därför
1055 2262 51 27 att
1136 2261 128 36 avgöra
1293 2260 94 29 detta
1417 2260 187 29 företräde.

121 2304 64 29 Det
207 2314 81 19 vore
309 2304 167 37 möjligen
497 2304 176 34 tänkbart,
697 2306 49 27 att
767 2304 94 29 detta
883 2304 198 37 avgörande
1103 2304 119 28 kunde
1243 2304 127 29 träffas
1393 2304 9 28 i
1426 2304 110 37 själva
1557 2304 48 29 la-

120 2356 75 29 gen,
216 2347 37 30 så
272 2351 49 26 att
342 2358 41 18 en
405 2348 68 29 viss
495 2347 164 30 inbördes
680 2347 149 38 ordning
852 2347 150 37 angåves
1023 2347 86 29 däri.
1146 2347 184 30 Sannolikt
1351 2348 39 29 är
1411 2347 193 30 emellertid

119 2392 92 29 detta
233 2391 176 39 praktiskt
426 2392 298 36 ogenomförbart,
744 2392 64 29 och
826 2391 8 29 i
853 2391 96 38 varje
967 2392 61 29 fall
1046 2392 64 29 har
1129 2391 8 29 i
1157 2392 67 29 den
1242 2401 47 20 nu
1307 2392 161 36 gällande
1487 2392 117 37 hyres-

120 2436 294 38 regleringslagen
437 2437 113 28 denna
575 2437 64 36 väg
665 2436 75 29 icke
763 2436 98 29 valts.
901 2436 12 29 I
937 2436 114 29 stället
1076 2436 65 29 har
1231 2436 54 29 för
1308 2435 112 38 övrigt
1445 2436 78 29 med
1548 2436 57 29 be-

120 2481 152 37 tydande
298 2480 191 30 kostnader
516 2481 54 28 för
598 2480 57 30 det
682 2481 177 29 allmänna
886 2497 45 4 —
955 2481 197 37 uppbyggts
1180 2490 42 19 en
1249 2480 230 35 omfattande,
1509 2480 95 30 dom-
