1866 2808
267 161 21 29 8
609 160 104 27 Andra
742 160 214 34 lagutskottets
984 159 159 28 utlåtande
1170 168 37 19 nr
1226 162 52 32 28;
1303 161 121 35 bilagor

266 247 257 31 stolsliknande
543 248 239 38 organisation
803 248 12 30 i
836 247 59 32 två
913 248 185 37 instanser,
1119 249 80 30 med
1218 249 140 40 uppgift
1377 250 45 30 bl.
1445 260 29 20 a.
1496 253 50 27 att
1570 250 181 31 förutsätt-

268 292 173 38 ningslöst
460 294 110 37 pröva
592 293 69 30 alla
682 292 131 31 sådana
834 293 221 31 konfliktfall
1078 294 67 30 och
1165 295 128 37 avgöra
1314 294 109 31 vilket
1444 304 42 21 av
1508 295 42 30 de
1572 295 180 31 stridande

267 336 207 36 intressena,
501 346 77 21 som
602 337 11 29 i
637 338 57 29 det
721 337 173 31 särskilda
919 338 98 30 fallet
1043 339 68 29 och
1135 339 111 29 under
1270 339 310 39 hänsynstagande
1605 339 53 31 till
1683 340 69 30 alla

268 380 46 39 på
343 381 109 30 saken
478 381 218 31 inverkande
722 382 159 30 faktorer
908 383 64 29 bör
998 381 38 32 få
1063 383 187 30 företräde.
1291 384 66 29 Det
1384 384 99 29 torde
1512 383 78 31 icke
1616 384 137 31 behöva

267 426 200 35 motiveras,
489 426 121 30 varför
628 427 114 29 denna
759 427 120 29 metod
897 426 10 30 i
926 427 41 30 de
986 427 161 30 enskilda
1167 428 108 29 fallen
1295 436 59 30 ger
1376 428 218 39 ojämförligt
1613 429 140 38 mycket

268 471 116 29 bättre
406 471 66 29 och
496 470 179 39 rimligare
698 472 145 29 resultat
866 472 45 29 än
936 474 48 27 ett
1007 481 98 21 mera
1129 472 79 30 stelt
1231 475 140 35 system,
1398 472 106 39 enligt
1528 473 109 30 vilket
1661 473 91 31 vissa

268 514 174 31 intressen
465 515 109 31 under
595 515 68 30 alla
683 515 244 37 förhållanden
950 517 97 29 skola
1068 516 195 38 tillgodoses
1286 517 11 29 i
1317 527 43 20 en
1381 517 67 30 viss
1470 518 161 30 inbördes
1652 526 99 30 rang-

267 560 160 38 ordning.
458 560 78 30 Med
557 560 68 30 den
644 570 117 20 senare
780 561 161 29 metoden
959 561 97 30 bleve
1077 561 56 30 det
1153 561 174 30 sannolikt
1346 562 226 39 oundvikligt,
1595 565 49 28 att
1663 562 88 31 före-

268 604 327 38 trädesordningens
614 606 141 29 resultat
775 605 11 29 i
805 605 91 30 vissa
914 605 62 30 fall
994 606 102 29 tedde
1116 606 50 38 sig
1184 606 165 38 oskäliga.

314 649 75 29 Den
411 649 93 29 förut
524 649 148 30 berörda
693 649 300 39 framställningen
1013 650 52 29 till
1088 650 122 39 Kungl.
1235 650 99 38 Maj:t
1356 651 153 36 innebär,
1533 654 50 28 att
1605 661 82 21 man
1709 669 45 4 —

267 694 82 29 med
371 692 243 31 bibehållande
639 694 10 29 i
674 694 109 38 övrigt
807 704 43 20 av
875 697 161 36 systemet
1061 695 81 29 med
1166 695 202 30 individuell
1394 695 359 40 skälighetsprövning

268 737 11 30 i
299 738 95 38 varje
414 738 61 30 fall
494 756 44 3 —
560 739 110 29 skulle
689 737 44 40 på
753 748 41 20 en
815 739 89 30 enda
926 739 111 39 punkt
1059 740 101 38 bryta
1183 740 91 30 detta
1299 742 127 36 system
1447 741 66 30 och
1533 740 57 30 för
1611 750 42 21 en
1674 741 78 35 viss,

267 782 55 30 för
343 782 109 39 övrigt
473 783 133 38 ganska
629 783 210 39 godtyckligt
861 784 119 30 utvald
1003 784 256 39 intressegrupp
1281 785 132 38 stadga,
1437 788 49 27 att
1508 785 77 30 dess
1608 785 143 31 intresse

268 827 111 29 under
398 827 67 29 alla
486 827 244 37 förhållanden
750 828 111 30 skulle
881 828 196 38 tillgodoses
1099 828 75 31 före
1195 829 109 30 andra
1325 830 286 30 konkurrerande
1632 830 118 30 intres-

266 880 70 21 sen.
372 872 52 29 En
444 872 95 38 dylik
561 872 147 39 ändring
728 882 41 20 av
789 873 320 38 huvudgrunderna
1129 873 56 30 för
1205 874 315 39 hyresregleringen
1542 875 71 30 kan
1634 875 116 38 hyres-

266 915 99 31 rådet
383 916 75 30 icke
480 916 182 39 tillstyrka.
692 916 209 39 Hyresrådet
922 917 57 30 vill
999 916 198 37 framhålla,
1218 921 49 27 att
1286 919 109 30 bland
1415 919 41 30 de
1475 919 179 36 intressen,
1676 928 74 21 som

266 970 48 20 nu
333 961 195 38 tillgodoses
548 961 122 30 endast
690 969 122 31 genom
831 962 169 38 prövning
1020 962 11 29 i
1051 962 96 38 varje
1168 962 137 30 särskilt
1324 962 73 36 fall,
1418 963 116 30 finnas
1555 962 131 32 sådana
1708 973 42 21 av

266 1006 139 37 mycket
422 1006 67 38 hög
508 1006 106 35 valör,
634 1006 91 30 vilka
742 1024 44 3 —
803 1016 57 20 om
877 1015 49 21 nu
943 1016 41 20 en
1003 1007 182 38 gradering
1205 1007 175 38 verkligen
1399 1008 109 30 skulle
1530 1008 220 38 genomföras

266 1050 10 29 i
299 1050 111 38 själva
434 1050 98 38 lagen
553 1068 46 3 —
620 1049 94 40 långt
735 1050 73 30 förr
832 1052 46 29 än
901 1051 41 30 de
965 1051 11 30 i
998 1051 218 30 motionerna
1240 1050 158 39 åsyftade
1420 1052 191 31 intressena
1635 1053 116 30 kunde

267 1095 83 38 göra
373 1094 150 39 anspråk
542 1094 46 39 på
608 1098 49 27 att
677 1094 129 31 erhålla
825 1095 208 39 principiellt
1053 1095 181 31 företräde.
1268 1096 14 30 I
1303 1096 116 39 praxis
1440 1097 64 30 har
1527 1097 56 30 det
1605 1096 145 32 sålunda

265 1139 89 30 varit
379 1138 98 39 fråga
502 1149 58 20 om
587 1142 49 27 att
660 1140 178 38 tillgodose
865 1141 207 29 lokalbehov
1097 1140 56 30 för
1180 1141 282 39 utomordentligt
1487 1142 263 38 betydelsefulla

266 1183 138 39 statliga
431 1184 212 35 funktioner,
672 1185 149 29 militära
852 1185 242 35 institutioner,
1124 1185 193 38 polisväsen
1347 1195 29 20 o.
1410 1195 24 20 s.
1465 1196 40 25 v.,
1536 1196 80 20 men
1646 1187 104 38 enligt

265 1227 218 40 hyresrådets
510 1229 141 38 mening
676 1229 63 30 har
766 1229 55 30 det
849 1230 87 29 även
962 1229 11 30 i
1003 1229 119 39 dylika
1148 1229 62 30 fall
1238 1230 88 30 varit
1353 1230 185 30 värdefullt
1567 1234 50 27 att
1643 1233 108 36 pröva

267 1273 96 38 varje
384 1273 216 30 konfliktfall
619 1273 55 30 för
694 1273 61 39 sig;
777 1275 88 28 även
886 1274 61 29 där
968 1274 56 29 det
1046 1274 89 30 varit
1155 1274 10 29 i
1185 1274 134 39 princip
1343 1273 260 41 ofrånkomligt,
1625 1278 49 28 att
1695 1276 56 30 det

265 1316 266 39 ifrågavarande
552 1317 242 31 statsintresset
816 1317 109 31 måste
945 1318 198 38 tillgodoses
1165 1318 11 30 i
1197 1318 146 31 främsta
1367 1322 158 33 rummet,
1548 1320 66 31 har
1636 1329 82 22 man
1738 1320 12 30 i

266 1362 172 30 särskilda
458 1362 62 30 fall
541 1362 74 30 ofta
637 1363 132 29 kunnat
790 1362 126 30 mildra
939 1363 267 38 olägenheterna
1227 1363 54 30 för
1304 1364 42 30 de
1370 1364 166 36 enskilda,
1561 1374 75 21 som
1659 1365 92 30 detta

266 1405 72 39 gått
357 1410 37 26 ut
414 1408 88 29 över.

311 1451 75 30 Vad
408 1451 118 30 hittills
547 1451 134 31 anförts
702 1452 63 29 har
788 1452 83 38 gällt
890 1451 165 39 förslaget
1075 1452 52 30 till
1148 1452 146 39 ändring
1314 1453 12 29 i
1347 1453 402 39 hyresregleringslagen.

266 1496 19 29 I
300 1496 198 37 jämförelse
518 1497 81 29 med
621 1496 91 30 detta
732 1497 96 29 torde
851 1496 274 30 motionärernas
1150 1496 128 39 förslag
1299 1497 51 30 till
1371 1498 147 38 ändring
1540 1498 11 30 i
1573 1499 177 30 allmänna

265 1541 205 37 hyreslagen
495 1550 83 20 vara
604 1550 43 20 av
671 1541 247 30 underordnad
941 1541 174 38 betydelse
1141 1541 56 31 för
1219 1542 227 30 närvarande.
1484 1542 46 30 Ur
1557 1542 193 40 principiell

264 1586 180 37 synpunkt
465 1586 38 29 är
527 1586 94 29 detta
643 1585 128 38 förslag
793 1586 190 29 emellertid
1007 1586 95 29 ännu
1125 1586 235 38 betänkligare
1384 1588 45 29 än
1453 1587 55 30 det
1530 1587 106 31 förra.
1676 1588 74 30 Den

264 1629 426 39 ersättningsskyldighet,
707 1638 75 21 som
799 1629 212 30 föreskrives
1028 1629 11 30 i
1056 1630 20 29 3
1093 1630 80 38 kap.
1193 1631 40 29 38
1253 1628 20 41 8
1290 1630 388 39 nyttjanderättslagen,
1695 1640 56 20 av-

265 1683 54 21 ser
339 1674 38 38 ju
396 1675 105 29 bland
521 1677 108 27 annat
650 1677 48 28 att
720 1675 126 30 bereda
867 1674 215 39 avflyttande
1102 1676 178 38 hyresgäst
1302 1676 189 39 ersättning
1511 1676 56 31 för
1591 1677 56 30 det
1668 1686 24 21 s.
1715 1677 33 30 k.

264 1719 293 37 goodwill-värde,
586 1728 75 21 som
685 1728 43 21 en
751 1729 43 20 av
818 1720 131 30 honom
974 1720 218 38 upparbetad
1215 1721 126 29 rörelse
1368 1722 181 29 eventuellt
1574 1731 174 29 represen-

265 1766 101 32 terar,
388 1766 46 27 ett
452 1764 104 29 värde
577 1773 75 20 som
671 1773 125 21 annars
816 1766 85 28 utan
922 1764 159 38 vederlag
1101 1764 110 31 skulle
1231 1764 126 40 övergå
1376 1764 45 40 på
1439 1765 310 39 fastighetsägaren

265 1808 83 30 eller
373 1818 41 20 en
437 1817 46 29 ny
505 1809 189 37 hyresgäst.
729 1808 273 30 Motionärernas
1025 1808 132 39 förslag
1180 1809 152 36 innebär,
1357 1813 50 27 att
1430 1811 86 29 även
1541 1811 64 30 där
1627 1814 47 27 ett
1697 1809 51 32 så-

265 1853 85 29 dant
367 1853 103 29 värde
490 1853 216 30 konstateras
723 1852 177 39 föreligga,
921 1853 65 30 den
1005 1853 315 39 fastighetsägande
1339 1854 279 39 organisationen
1639 1856 110 29 skulle

263 1914 45 4 —
328 1897 81 30 med
429 1897 137 37 hänsyn
588 1897 51 29 till
661 1898 55 29 det
738 1897 319 36 samhällsintresse,
1082 1907 75 21 som
1180 1898 65 30 den
1266 1898 170 39 fullföljer
1456 1916 45 4 —
1522 1900 66 37 äga
1609 1900 68 30 rätt
1699 1902 50 28 att

264 1944 86 27 utan
379 1942 188 37 ersättning
595 1943 160 37 övertaga
785 1942 114 30 denna
931 1941 411 40 förmögenhetstillgång.
1387 1942 109 40 Något
1525 1943 124 31 sådant
1679 1945 70 29 kan

264 1986 187 38 självfallet
466 1986 75 30 icke
557 1986 198 38 tillstyrkas.
786 1986 58 30 Ett
861 1986 218 31 ekonomiskt
1097 1987 77 30 stöd
1190 1986 34 31 åt
1241 1987 334 39 organisationslivet
1592 1989 64 29 bör
1672 1988 76 31 icke

263 2033 81 35 taga
362 2030 135 30 formen
517 2040 43 20 av
581 2033 46 27 ett
646 2030 211 39 godtyckligt
877 2031 229 30 överförande
1125 2030 45 40 på
1189 2032 278 38 organisationen
1488 2042 43 21 av
1550 2035 47 28 ett
1619 2033 128 30 förmö-

265 2075 257 37 genhetsvärde,
548 2084 76 20 som
645 2075 210 30 tillkommer
875 2074 115 40 någon
1011 2076 77 29 dess
1109 2076 187 39 hyresgäst.

309 2118 209 39 Hyresrådet
537 2118 56 31 får
613 2118 144 32 sålunda
779 2120 164 38 avstyrka
962 2120 100 30 bifall
1084 2120 51 30 till
1157 2121 40 30 de
1217 2121 218 30 remitterade
1457 2121 226 31 motionerna.

309 2199 201 31 Stockholm
534 2200 67 30 den
624 2200 19 29 6
664 2209 92 21 mars
783 2200 94 30 1944.

768 2279 197 31 STATENS
986 2275 247 36 HYRESRÅD.

826 2360 117 31 KARL
965 2360 211 31 TISELIUS.

1425 2424 83 30 Erik
1529 2424 174 38 Hedfeldt.
