2220 2616
403 152 18 29 2
874 147 253 32 Statsutskottets
1151 146 165 32 utlåtande
1342 145 51 31 Nr
1416 146 52 30 64.

490 229 138 37 Vidare
656 229 70 34 har
754 226 144 47 Kungl.
929 225 108 49 Maj:t
1064 225 12 35 i
1106 224 72 37 den
1207 224 57 35 till
1292 222 210 50 riksdagen
1536 223 72 36 den
1643 224 20 33 9
1692 223 155 48 januari
1879 225 96 34 1919

360 282 151 36 avlåtna
551 278 288 50 propositionen
881 277 86 36 med
1010 277 147 47 förslag
1199 275 56 36 till
1284 275 238 47 tilläggsstat
1552 275 58 36 för
1638 276 41 33 år
1713 275 95 35 1919
1838 273 59 48 (nr
1925 274 51 47 2),

362 334 116 35 under
520 330 239 49 åberopande
798 343 47 22 av
882 329 65 36 det
983 328 65 36 vid
1078 327 285 49 propositionen
1393 326 140 48 fogade
1562 325 417 49 statsrådsprotokollet

359 390 89 30 över
484 381 292 37 finansärenden
814 381 59 36 för
910 394 144 23 samma
1083 380 76 48 dag
1187 379 138 48 (punkt
1355 377 48 49 5),
1434 378 201 49 föreslagit
1663 377 211 48 riksdagen
1904 377 74 35 dels

359 436 59 36 för
445 434 213 37 beredande
687 447 48 22 av
764 433 171 36 arvoden
964 432 83 36 från
1077 431 71 37 och
1177 430 87 36 med
1294 430 73 36 den
1391 431 16 34 1
1431 429 95 49 april
1559 432 96 34 1919
1677 430 58 36 till
1754 441 146 24 samma
1919 430 59 34 års

358 487 77 35 slut
463 488 37 34 åt
528 499 48 22 en
606 484 237 50 adjungerad
872 484 166 36 ledamot
1067 483 70 36 och
1158 496 47 23 en
1225 494 212 23 amanuens
1456 481 12 35 i
1489 481 298 37 kammarrätten
1807 485 100 32 samt
1926 485 52 31 ett

358 537 194 49 kvinnligt
589 537 148 36 biträde
780 550 48 22 av
858 535 118 36 andra
1003 535 145 49 graden
1176 537 21 33 å
1224 534 316 35 kammarrättens
1570 532 322 46 aktuariekontor,
1922 531 55 36 till

359 589 237 37 bekostande
625 602 47 23 av
700 587 349 38 semestervikariat
1077 587 59 36 för
1156 586 63 36 det
1239 585 201 48 kvinnliga
1461 584 175 47 biträdet,
1657 584 58 35 till
1733 583 245 36 bestridande

360 655 47 23 av
444 642 99 36 ökad
584 639 460 48 renskrivningskostnad
1084 643 99 32 samt
1225 637 57 36 till
1324 636 215 37 beredande
1582 649 47 22 av
1669 634 308 50 arvodesfyllnad

360 693 120 49 enligt
507 693 12 35 i
548 692 63 36 det
648 692 64 36 vid
748 690 500 50 statsverkspropositionen
1279 688 139 48 fogade
1446 686 416 51 statsrådsprotokollet
1890 691 89 32 över

358 744 294 37 finansärenden
695 744 74 36 den
799 746 21 34 9
846 743 154 49 januari
1047 744 96 34 1919
1186 741 219 47 föreslagna
1446 739 170 49 grunder
1649 741 39 34 åt
1715 738 263 36 vikarierande

358 797 187 36 revisorer
571 796 4 36 i
594 796 299 35 kammarrätten
922 797 49 47 på
999 794 237 48 tilläggsstat
1266 793 57 36 för
1351 794 41 34 år
1424 794 97 34 1919
1551 791 133 36 anvisa
1711 796 56 30 ett
1797 790 181 49 förslags-

359 848 146 48 anslag,
535 848 129 48 högst,
697 848 137 46 14,082
865 847 152 46 kronor,
1047 848 76 34 dels
1151 847 63 35 ock
1241 843 194 48 medgiva,
1466 848 56 31 att
1542 843 45 36 de
1608 843 58 36 för
1685 841 227 50 disposition
1932 855 46 22 av

359 900 173 48 anslaget
562 899 56 36 till
647 899 262 48 adjungerade
936 898 208 36 ledamöter
1172 896 86 37 med
1288 895 186 48 avlöning
1503 897 21 34 å
1552 900 106 31 extra
1686 899 78 31 stat
1792 893 119 36 under
1939 896 40 33 år

361 953 97 34 1919
497 951 178 48 gällande
711 951 290 36 bestämmelser
1029 952 61 33 må
1118 949 83 36 från
1230 948 71 36 och
1332 947 85 36 med
1447 947 73 37 den
1552 949 18 33 1
1602 947 94 48 april
1725 945 138 36 ändras
1891 945 12 35 i
1933 958 45 23 av

359 1003 432 49 departementschefen,
829 1001 64 37 vid
927 1002 177 36 anmälan
1133 1014 47 23 av
1208 1000 181 49 frågorna
1418 1012 61 23 om
1508 998 263 48 förstärkning
1801 1011 46 22 av
1875 997 103 36 kam-

358 1060 226 31 marrättens
614 1054 275 37 arbetskrafter
917 1068 49 22 m.
996 1068 64 33 m.,
1089 1052 166 49 angiven
1283 1051 187 48 riktning.

490 1106 188 48 Slutligen
698 1107 70 35 har
788 1106 142 48 Kungl.
951 1105 108 49 Maj:t
1084 1105 5 36 i
1110 1118 46 23 en
1177 1104 73 36 den
1272 1106 19 33 7
1314 1116 103 23 mars
1437 1104 97 35 1919
1551 1101 240 49 dagtecknad
1807 1102 172 49 proposi-

358 1158 92 47 tion,
475 1172 46 22 nr
550 1160 87 44 209,
666 1158 122 35 under
816 1157 242 49 åberopande
1087 1170 47 22 av
1161 1156 120 47 bilagt
1308 1155 142 48 utdrag
1483 1168 48 23 av
1564 1153 414 49 statsrådsprotokollet

360 1214 91 32 över
477 1209 293 37 finansärenden
799 1209 60 36 för
887 1222 147 23 samma
1063 1208 87 47 dag,
1179 1206 201 49 föreslagit
1406 1206 211 49 riksdagen
1646 1212 54 30 att

493 1261 34 49 1)
571 1262 33 48 ej
649 1261 148 36 mindre
841 1263 22 34 å
895 1261 318 36 kammarrättens
1256 1259 190 36 ordinarie
1489 1264 77 31 stat
1603 1258 162 49 uppföra
1795 1257 84 37 från
1908 1258 69 36 och

362 1312 85 37 med
476 1315 40 34 år
548 1314 98 35 1920
674 1312 228 50 ytterligare

489 1366 76 35 dels
594 1377 67 24 sex
688 1365 192 36 revisorer
908 1363 85 37 med
1022 1363 185 48 avlöning
1235 1363 59 36 för
1313 1375 117 24 envar
1450 1376 48 23 av
1518 1362 85 36 dem
1624 1375 47 23 av
1691 1362 116 45 4,500
1826 1361 151 47 kronor,

359 1415 117 37 därav
518 1417 114 47 2,600
673 1416 144 36 kronor
857 1416 76 44 lön,
966 1417 113 45 1,600
1107 1415 140 36 kronor
1273 1413 501 50 tjänstgöringspenningar
1802 1413 72 36 och
1904 1414 73 35 300

359 1467 139 37 kronor
538 1468 235 48 ortstillägg,
815 1467 130 36 vartill
986 1469 62 34 må
1087 1467 132 35 kunna
1248 1466 153 36 komma
1430 1471 56 31 tre
1514 1465 263 48 ålderstillägg
1806 1467 22 34 å
1855 1464 122 45 lönen,

359 1520 176 36 vartdera
563 1522 21 34 å
614 1520 74 36 500
718 1519 153 47 kronor,
901 1519 97 36 efter
1024 1518 214 49 respektive
1267 1518 90 47 fem,
1387 1517 53 36 tio
1469 1517 71 37 och
1569 1517 143 36 femton
1742 1519 57 41 år;

488 1572 77 36 dels
594 1571 85 49 fyra
708 1569 201 49 kvinnliga
936 1569 176 37 biträden
1141 1582 46 23 av
1215 1569 121 35 andra
1363 1569 148 48 graden
1540 1567 325 50 (räknebiträden)
1894 1568 83 36 med

359 1623 184 47 avlöning
585 1622 59 36 för
680 1635 47 23 en
754 1635 68 23 var
852 1635 47 22 av
926 1621 85 37 dem
1042 1634 47 23 av
1117 1621 114 47 2,000
1260 1620 154 47 kronor,
1443 1620 118 36 därav
1593 1620 110 46 1,300
1732 1619 143 37 kronor
1901 1620 76 46 lön,

360 1675 73 35 500
475 1674 141 36 kronor
656 1673 503 49 tjänstgöringspenningar
1200 1671 71 37 och
1314 1673 75 35 200
1423 1671 141 37 kronor
1592 1671 231 48 ortstillägg,
1852 1672 126 35 vartill

358 1728 61 34 må
447 1726 131 36 kunna
607 1725 154 37 komma
788 1730 59 31 tre
876 1724 276 48 ålderstillägg,
1181 1723 178 37 vartdera
1388 1726 21 32 å
1438 1725 74 34 200
1537 1722 151 47 kronor,
1709 1723 97 36 efter
1825 1723 152 49 respek-

359 1778 76 35 tive
464 1777 89 46 fem,
583 1777 53 37 tio
665 1777 71 36 och
765 1777 145 36 femton
939 1779 52 45 år,
1021 1775 182 37 skolande
1233 1788 47 23 av
1309 1775 105 49 varje
1442 1775 263 48 ålderstillägg
1736 1776 73 35 100
1839 1774 139 37 krunor

358 1828 152 37 tillhöra
538 1829 64 36 lön
630 1828 71 37 och
734 1830 72 35 100
835 1828 142 36 kronor
1005 1827 518 50 tjänstgöringspenningar;

488 1885 48 31 än
564 1885 97 32 även
702 1885 175 44 upptaga
918 1879 63 37 det
1024 1882 21 34 å
1078 1879 320 36 kammarrättens
1440 1878 189 37 ordinarie
1670 1883 76 31 stat
1787 1878 189 49 uppförda

360 1932 172 48 anslaget
560 1931 58 37 till
650 1931 412 48 vikariatsersättning,
1093 1930 165 37 arvoden
1287 1932 38 34 åt
1353 1936 107 31 extra
1488 1929 186 48 biträden,
1703 1929 275 50 flitpenningar

358 1983 71 37 och
458 1984 170 48 tillfällig
668 1982 473 50 renskrivningskostnad,
1176 1996 52 22 nu
1258 1983 141 44 24,000
1428 1982 153 46 kronor,
1612 1982 83 36 från
1723 1982 73 36 och
1826 1981 84 37 med
1938 1984 40 34 år

361 2036 98 36 1920
479 2036 57 35 till
552 2041 54 31 ett
623 2035 85 37 med
727 2037 113 42 1,800
860 2035 141 36 kronor
1022 2034 143 47 förhöjt
1184 2033 152 50 belopp,
1357 2034 90 36 eller
1467 2033 57 37 till
1544 2034 140 47 25,800
1704 2033 159 46 kronor;
1880 2040 97 30 samt

488 2087 88 49 höja
604 2087 63 37 det
695 2087 193 36 ordinarie
916 2087 172 48 anslaget
1115 2084 59 38 till
1202 2085 297 37 kammarrätten

761 2151 52 24 DU
857 2168 348 7 oorrrssesaseesrsnsese
1124 2136 60 55 sein
1186 2136 22 55 sn
1237 2139 166 46 284,300
1433 2137 141 37 kronor

761 2190 87 37 MEÅ
860 2220 347 7 bossosessrssersren
1074 2186 28 54 sor
1108 2186 78 54 serenin
1189 2186 21 54 aa
1262 2190 143 44 42.000
1486 2202 18 23 =»

762 2242 56 36 till
856 2272 348 7 reren
1237 2242 167 46 326,300
1485 2253 18 23 =»
