2297 2608
405 152 115 34 Andra
544 154 212 37 Kammarens
781 157 188 44 Tillfälliga
999 159 143 36 Utskotts
1165 162 83 42 (N:o
1272 165 35 41 1)
1337 164 170 37 Utlåtande
1531 167 64 34 N:o
1618 170 55 31 34.
1761 172 37 30 13

641 240 64 42 lor;
748 241 73 33 med
848 241 172 43 förbehåll,
1050 246 50 30 att
1126 244 40 33 de
1194 244 249 43 ifrågavarande
1472 250 149 33 enskilda
1648 251 196 34 läroverken

641 291 218 34 underkastas
900 294 170 33 enahanda
1097 296 137 41 uppsigt
1261 298 60 32 och
1349 300 144 32 kontroll
1521 310 69 23 som
1620 302 132 34 Statens
1781 304 62 32 ele-

641 343 297 44 mentarläroverk;
967 345 60 33 och

640 394 52 31 2:0
720 397 50 29 att
796 395 179 42 lärjungar,
1004 396 114 33 hvilka
1145 398 110 33 blifvit
1282 401 217 33 undervisade
1526 403 54 32 vid
1602 405 151 32 enskilda
1772 406 71 32 sko-

640 443 60 42 lor,
748 454 68 23 som
857 449 168 30 motsvara
1065 447 133 35 Statens
1238 449 217 44 fullständiga
1497 454 345 44 elementarläroverk,

642 494 53 32 må
723 505 61 31 ega
811 499 59 38 att,
899 497 80 33 hvar
1006 498 60 32 och
1095 509 38 22 en
1161 500 55 33 vid
1244 501 62 33 den
1334 503 94 32 skola
1455 504 58 32 der
1527 504 63 33 han
1605 506 237 42 undervisning

640 544 148 44 åtnjutit,
830 547 148 42 undergå
1011 550 326 35 maturitetsexamen
1371 555 104 40 enligt
1502 555 118 41 Kongl.
1650 557 111 41 Maj:ts
1789 558 53 32 nå-

641 596 76 41 diga
757 597 124 42 Stadga
921 599 169 41 angående
1122 601 275 43 afgångsexamen
1426 606 53 32 vid
1507 606 116 34 Rikets
1650 608 101 41 högre
1780 610 61 32 ele-

642 650 282 33 mentarläroverk
952 651 34 32 af
1010 652 62 32 den
1103 653 36 32 11
1168 654 92 40 April
1291 656 97 42 1862;
1417 657 72 32 med
1518 657 172 43 förbehåll,
1712 664 50 28 att
1780 661 61 31 den

639 698 249 42 ifrågavarande
918 702 114 33 skolan
1061 703 76 41 sjelf
1162 705 156 34 bekostar
1345 707 39 32 de
1414 709 162 32 särskilda
1603 710 148 42 utgifter,
1773 722 66 22 som

638 749 96 34 häraf
759 752 113 32 kunna
899 752 196 35 föranledas.

338 846 190 34 Stockholm
558 849 61 33 den
648 851 39 33 26
714 851 87 33 Mars
832 854 88 32 1867,

834 996 46 32 På
903 998 183 34 Utskottets
1110 1004 131 37 vägnar:

921 1050 37 38 A.
987 1050 37 38 H.
1050 1050 104 50 Fock,

936 1107 203 35 Ordförande,

318 2260 78 33 Bih.
420 2262 49 32 till
493 2263 114 34 Riksd.
634 2264 88 35 Prot.
747 2269 95 32 1867.
884 2271 22 31 8
930 2269 97 34 Saml.
1071 2273 23 31 2
1117 2273 79 39 Afd.
1240 2275 23 33 2
1286 2274 109 35 Band.
1439 2279 41 31 18
1504 2272 100 46 Häft.
1729 2283 17 29 3
