2224 2628
441 136 38 30 22
845 139 389 36 Konstitutionsutskottets
1259 145 167 32 Memorial
1448 147 66 32 N:o
1538 150 28 29 4.

396 235 52 35 ny
486 224 148 36 läsebok
674 227 90 34 eller
795 240 50 36 ny
873 230 160 47 upplaga
1060 230 40 35 af
1124 230 101 37 förut
1251 233 62 35 vid
1339 236 262 36 läroanstalten
1629 240 143 35 använd
1798 242 94 34 läro-
1920 244 89 34 eller

396 273 159 45 läsebok,
584 275 121 36 därest
734 278 78 34 icke
840 279 11 34 i
880 279 211 37 densamma
1118 281 71 36 den
1217 283 208 37 anbefallda
1443 287 443 50 rättskrifningsnormen,
1908 298 100 31 utom

397 323 92 36 hvad
516 326 100 44 citat,
645 327 197 48 språkprof
866 328 83 37 från
977 331 100 35 äldre
1104 332 96 35 tider
1227 335 90 34 eller
1344 335 118 49 dylikt
1490 341 124 44 angår,
1644 339 121 37 blifvit
1792 340 105 48 följd.

529 426 52 35 Af
604 427 44 36 de
676 441 50 22 nu
755 429 203 49 åberopade
987 432 267 50 handlingarna
1280 449 108 35 synes
1417 450 57 23 oss
1495 438 154 49 framgå,
1670 446 53 30 att
1743 441 265 51 föredragande

396 475 401 48 departementschefen
837 481 80 35 icke
959 483 82 35 med
1082 483 71 36 den
1180 487 218 44 varsamhet,
1419 501 78 23 som
1525 495 53 30 ett
1605 495 39 31 så
1670 494 205 47 grannlaga
1902 501 106 30 ämne

395 530 113 32 måste
536 527 138 46 kräfva,
704 528 148 38 förfarit
878 532 61 35 vid
967 533 102 36 detta
1096 535 152 36 ärendes
1269 537 289 49 handläggning.
1599 541 101 36 Hvad
1721 543 93 36 först
1834 545 173 36 beträffar

394 577 168 36 ärendets
602 579 213 48 beredning,
856 582 100 35 finna
987 585 35 33 vi
1051 584 61 35 det
1140 587 382 48 anmärkningsvärdt,
1552 596 53 30 att
1633 593 78 35 icke
1740 592 266 51 föredragande

393 626 400 48 departementschefen
821 635 113 45 ansåg
961 634 131 48 nödigt
1120 641 65 38 att,
1217 642 88 30 utan
1325 638 125 36 därtill
1468 640 128 48 gifven
1616 644 156 35 särskild
1793 646 211 48 anledning,

393 676 106 36 äfven
541 678 101 36 öfver
678 680 44 35 de
763 694 126 23 senare
930 684 249 46 petitionerna
1218 693 94 30 samt
1353 688 102 37 öfver
1487 691 44 35 de
1572 691 40 35 af
1636 692 284 51 öfverstyrelsen
1948 696 58 36 för

392 728 114 35 rikets
546 729 185 36 allmänna
769 732 168 36 läroverk
976 733 226 38 framställda
1241 737 181 48 förslagen
1464 740 88 36 höra
1592 741 160 38 Svenska
1780 741 223 55 akademien,

391 790 78 23 som
497 779 58 35 väl
584 779 93 36 dock
704 784 115 34 måste
847 796 103 23 anses
979 788 119 33 såsom
1126 785 203 39 förnämsta
1356 790 252 38 auktoriteten
1637 794 53 35 uti
1718 794 126 50 dylika
1868 795 135 50 frågor.

391 827 51 36 På
481 829 234 38 akademiens
743 845 92 35 egen
864 834 253 48 underdåniga
1144 837 160 49 begäran
1331 840 70 36 fick
1430 841 72 36 den
1530 843 217 50 visserligen
1774 845 148 38 tillfälle
1950 853 53 30 att

390 886 91 41 göra
507 885 53 30 ett
588 883 203 44 uttalande,
820 885 68 35 och
917 891 52 30 ett
997 888 146 47 mycket
1172 888 156 50 kraftigt
1354 891 142 45 sådant,
1525 906 83 23 men
1636 896 12 34 i
1677 896 95 47 följd
1792 896 38 36 af
1848 897 70 36 den
1938 899 65 35 be-

390 930 138 35 stämdt
561 936 160 32 utmätta
747 934 122 37 tidens
897 936 188 48 knapphet
1112 957 48 5 —
1189 941 20 33 9
1239 944 153 32 mars—1
1423 944 93 46 april
1546 963 49 4 —
1615 946 122 35 kunde
1765 949 239 46 naturligtvis

390 979 32 46 ej
465 982 190 46 påräknas,
697 989 53 30 att
791 984 57 36 för
887 987 171 36 ärendets
1098 988 225 50 behandling
1362 992 12 34 i
1414 993 214 36 akademien
1668 996 115 36 hinna
1810 999 114 35 samla
1952 1005 52 30 ett

389 1035 117 31 större
534 1032 123 35 flertal
685 1033 40 36 af
750 1034 80 36 dess
859 1035 103 37 öfver
989 1038 125 36 landet
1143 1040 149 47 spridda
1320 1041 153 38 aderton
1500 1044 213 46 ledamöter,
1744 1052 88 31 utan
1852 1049 151 36 ärendet

389 1084 115 33 måste
545 1082 40 36 af
622 1084 129 36 endast
794 1087 19 34 9
856 1086 111 36 bland
1000 1088 104 36 dessa
1131 1090 157 47 afgöras.
1343 1091 75 38 Och
1448 1094 94 36 dock
1568 1096 114 36 borde
1711 1096 291 49 föredraganden

389 1131 80 36 haft
510 1134 157 35 särskild
704 1136 200 49 anledning
943 1143 53 31 att
1036 1139 136 49 begära
1212 1142 233 37 akademiens
1485 1147 172 46 yttrande
1686 1148 12 34 i
1725 1155 135 36 ämnet,
1890 1151 110 35 sedan

387 1181 283 50 öfverstyrelsen
711 1187 12 33 i
764 1187 65 34 sitt
866 1188 141 47 afgifna
1048 1191 190 36 utlåtande
1267 1195 250 47 uttryckligen
1545 1195 188 46 förklarat,
1762 1204 52 30 att
1842 1200 71 35 den
1940 1201 61 35 vid

388 1232 128 36 sakens
556 1233 227 38 bedömande
823 1242 74 31 sett
935 1238 130 49 frågan
1099 1242 226 37 uteslutande
1357 1257 44 22 ur
1421 1246 222 48 pedagogisk
1670 1250 192 46 synpunkt.
1916 1250 84 36 Man

387 1282 68 35 kan
493 1283 42 46 ju
564 1285 188 48 nämligen
782 1287 78 35 icke
888 1287 207 46 förutsätta,
1125 1296 54 30 att
1208 1291 292 51 föredraganden
1529 1297 72 35 lika
1629 1298 159 49 ensidigt
1816 1300 183 37 betraktat

387 1332 118 36 denna
546 1333 113 50 fråga,
704 1341 86 31 utan
834 1341 93 33 måst
967 1353 87 23 anse
1096 1341 69 36 den
1206 1343 131 36 beröra
1378 1346 124 44 andra,
1536 1349 114 35 minst
1677 1350 73 35 lika
1776 1351 141 48 viktiga
1944 1353 55 34 in-

385 1388 152 32 tressen.

520 1436 67 35 Att
626 1437 211 37 akademien
875 1440 113 36 redan
1021 1442 103 36 öfver
1151 1444 70 35 den
1249 1448 40 32 år
1319 1448 93 34 1903
1443 1448 145 48 ingifna
1615 1450 203 47 petitionen
1847 1452 152 48 afgifvit

384 1489 51 30 ett
478 1487 201 43 utlåtande,
719 1487 194 38 förändrar
952 1492 79 35 icke
1059 1494 121 43 saken,
1208 1500 40 42 ty
1276 1495 44 35 de
1348 1509 126 23 senare
1500 1500 248 45 petitionerna
1776 1502 132 35 liksom
1937 1503 62 36 det

384 1537 47 44 på
470 1534 104 37 dessa
612 1538 202 46 grundade,
844 1539 40 35 af
920 1541 286 50 öfverstyrelsen
1235 1547 207 47 uppgjorda
1471 1547 175 50 förslaget
1673 1551 58 34 till
1759 1552 200 49 ändringar
1985 1555 12 33 i

384 1584 182 37 stafsättet
607 1592 93 30 samt
741 1588 45 36 de
817 1590 57 35 till
907 1592 82 34 stöd
1016 1592 58 36 för
1101 1593 101 36 detta
1230 1594 138 51 förslag
1393 1597 131 47 gjorda
1551 1601 211 36 uttalanden
1792 1601 40 36 af
1855 1610 143 29 ämnes-

384 1634 285 38 konferenserna
709 1645 95 29 samt
844 1640 39 35 af
920 1642 202 37 tillkallade
1161 1646 229 49 sakkunnige
1430 1661 86 23 voro
1558 1650 91 35 dock
1681 1652 155 46 nyheter
1863 1652 40 36 af
1927 1654 67 35 den

382 1684 262 45 beskaffenhet,
686 1694 53 29 att
780 1690 45 35 de
866 1695 113 32 mäste
1021 1692 193 38 föranleda
1254 1696 57 35 till
1352 1710 130 26 annan,
1526 1700 76 35 helt
1631 1714 48 34 ny
1707 1702 227 49 behandling
1961 1703 39 36 af

382 1740 125 31 ämnet
535 1736 83 36 från
645 1738 234 38 akademiens
907 1742 88 35 sida.

516 1786 105 37 Hvad
662 1792 79 33 åter
780 1791 201 37 innehållet
1022 1794 39 35 af
1098 1795 44 35 de
1180 1809 52 22 nu
1273 1797 184 47 påbjudna
1497 1800 248 49 ändringarna
1771 1804 12 34 i
1812 1803 184 38 stafsättet

381 1840 125 44 angår,
534 1838 71 35 kan
632 1839 62 36 det
722 1841 31 47 ej
784 1842 125 48 undgå
937 1849 54 29 att
1017 1846 112 34 väcka
1157 1845 195 51 förvåning
1379 1850 68 35 och
1476 1852 184 45 ogillande
1680 1858 63 39 att,
1764 1854 118 36 ehuru
1903 1855 92 36 båda

380 1886 45 35 de
467 1889 268 47 myndigheter,
776 1904 78 23 som
895 1894 10 34 i
947 1895 151 36 ärendet
1139 1897 217 49 rådfrågats,
1400 1902 184 45 nämligen
1612 1902 286 50 öfverstyrelsen
1927 1906 65 35 och

381 1936 162 37 Svenska
583 1940 224 43 akademien,
849 1946 46 44 på
935 1944 61 35 det
1036 1946 248 37 bestämdaste
1312 1949 159 49 afstyrkt
1499 1952 251 48 aflägsnandet
1778 1968 43 22 ur
1849 1957 147 46 språket

380 1986 40 35 af
444 1988 146 36 tecknet
617 1990 55 43 hv,
702 1990 296 50 föredraganden
1026 1996 114 35 likväl
1168 1998 153 36 tilltrott
1349 2000 56 48 sig
1423 2006 54 30 att
1496 2003 187 48 tillstyrka
1711 2004 219 48 vidtagande
1957 2006 40 36 af

380 2036 120 37 denna
539 2038 150 46 reform,
726 2054 78 23 som
846 2044 11 34 i
899 2047 38 32 så
976 2048 183 47 väsentlig
1199 2052 84 32 mån
1324 2051 91 35 skall
1456 2052 146 36 komma
1633 2059 53 30 att
1715 2054 173 37 förändra
1914 2060 80 33 vårt

379 2089 128 46 språks
548 2092 174 35 utseende
763 2094 66 35 och
869 2101 89 41 göra
999 2096 101 37 detta
1126 2098 61 36 vid
1215 2100 145 47 läsning
1387 2101 231 38 främmande
1646 2105 66 35 och
1740 2107 168 35 stötande
1937 2107 57 36 för

379 2144 96 41 ögat,
518 2146 89 29 utan
649 2147 54 30 att
744 2157 83 22 man
869 2149 117 32 såsom
1027 2148 78 35 skäl
1142 2150 56 34 till
1239 2149 266 50 förändringen
1537 2154 143 36 kunnat
1706 2158 124 45 påvisa
1857 2161 131 44 någon,

379 2194 102 29 snart
509 2190 105 46 sagdt
641 2192 70 35 den
740 2194 165 46 ringaste
928 2195 145 37 förmån
1092 2199 82 35 med
1196 2200 143 49 hänsyn
1359 2202 58 34 till
1436 2204 142 35 lättnad
1597 2205 13 34 i
1629 2205 361 50 stafningsbesväret.
