2226 2628
464 146 39 30 20
876 144 388 32 Konstitutionsutskottets
1288 146 169 30 Memorial
1479 145 64 32 N:o
1567 146 28 30 4.

556 232 228 36 Akademien
823 233 66 35 bör
917 233 216 44 emellertid,
1163 235 115 46 enligt
1310 237 64 32 vår
1401 235 105 42 åsikt,
1535 234 226 48 ådagalägga
1788 235 62 35 sitt
1879 235 158 35 intresse

422 283 57 36 för
511 282 203 37 reformens
743 283 207 48 främjande
977 297 133 34 genom
1139 290 52 30 att
1220 283 162 37 förklara
1409 286 56 47 sig
1491 286 106 46 villig
1624 290 63 38 att,
1716 298 59 22 om
1804 285 232 48 Regeringen

422 338 38 32 så
500 334 143 44 önskar,
686 335 169 35 utarbeta
894 347 45 23 en
980 348 49 36 ny
1065 335 154 36 ordlista
1252 335 83 35 med
1367 348 45 23 en
1440 334 93 37 efter
1560 336 67 34 här
1654 334 109 37 ofvan
1791 334 152 50 angifna
1969 336 67 35 och

423 385 224 35 motiverade
674 385 241 48 grundsatser
942 385 205 36 förbättrad
1175 385 251 49 rättstafning.

557 435 47 35 Vi
633 448 85 23 anse
745 437 108 34 också
880 436 198 35 önskvärdt
1106 442 52 30 att
1186 438 10 33 i
1225 436 120 35 denna
1372 449 72 36 nya
1471 436 153 36 ordlista
1651 437 96 35 vissa
1770 436 267 49 förbättringar

421 489 48 45 på
496 486 124 43 andra,
650 486 144 36 mindre
822 488 12 33 i
862 493 143 41 ögonen
1034 486 162 36 fallande
1224 486 176 36 områden
1427 487 176 46 vidtagas,
1625 487 280 48 förbättringar,
1928 489 109 34 som
2013 482 29 57 i

422 537 56 34 sin
506 542 85 30 mån
619 538 147 34 komma
794 542 53 30 att
876 536 58 36 för
960 538 172 34 skolorna
1151 538 209 35 underlätta
1380 538 140 35 arbetet
1540 538 83 35 med
1643 537 396 49 rättstafningsunder-

421 588 204 47 visningen.
681 587 60 35 Ett
783 588 188 35 uttalande
1005 588 127 35 härom
1165 601 109 35 synes
1302 601 58 22 oss
1388 588 88 35 böra
1503 589 86 47 ingå
1617 590 11 33 i
1658 588 243 36 Akademiens
1929 588 109 35 skrif-

421 639 112 41 velse;
575 636 148 37 äfvenså
755 643 52 30 ett
834 638 355 48 tillkännagifvande
1217 644 52 29 att
1297 639 227 35 Akademien
1551 640 65 34 vill
1643 646 89 39 göra
1760 639 64 35 sitt
1851 639 102 35 bästa
1981 638 59 36 för

422 693 53 30 att
503 688 113 35 redan
645 688 57 35 till
727 688 305 36 nästkommande
1051 693 65 31 vär
1135 688 110 36 hafva
1272 689 70 35 den
1366 702 73 35 nya
1457 689 181 35 ordlistan
1657 688 122 47 färdig
1797 689 67 35 och
1885 690 151 47 tryckt.»

575 788 97 49 Fyra
712 789 82 36 utaf
831 790 233 35 akademiens
1107 792 19 33 9
1169 790 225 35 närvarande
1435 790 201 36 ledamöter
1671 803 87 22 voro
1786 789 39 36 af
1850 791 188 47 skiljaktig

422 841 151 46 mening
600 840 68 35 och
696 844 145 44 ansågo,
859 845 51 30 att
939 840 214 35 akademien
1183 842 53 34 uti
1265 842 62 34 sitt
1355 841 172 48 yttrande
1555 841 82 35 bort
1664 841 163 35 vidhålla
1854 842 56 34 sin
1938 840 100 36 förut

423 892 11 33 i
462 890 151 46 ärendet
642 890 163 35 uttalade
833 892 161 46 mening.

556 939 172 36 Arendet
767 940 191 46 föredrogs
1000 941 69 34 den
1113 943 18 32 7
1174 943 93 45 april
1298 943 94 33 1906
1422 943 11 33 i
1462 941 205 44 statsrådet,
1696 941 150 35 hvarvid
1875 940 164 36 föredra-

421 991 119 47 gande
568 990 415 48 departementschefen,
1013 991 194 35 statsrådet
1235 992 95 47 Berg
1358 991 167 36 anförde:

557 1041 72 35 »De
671 1040 221 49 föredragna
937 1041 366 46 framställningarna
1343 1041 76 36 afse
1461 1042 297 47 undanröjandet
1798 1041 40 35 af
1877 1041 161 47 följande

422 1091 380 47 oregelbundenheter
819 1071 34 55 ”i
895 1092 61 35 det
989 1104 134 34 genom
1152 1069 128 68 kungl.
1310 1093 200 34 cirkuläret
1537 1092 68 36 den
1638 1094 43 34 16
1710 1092 202 35 november
1942 1093 93 34 1889

423 1120 85 56 för
521 1144 86 32 våra
649 1142 124 34 skolor
800 1142 134 35 hittills
962 1122 223 55 föreskrifna
1213 1119 311 71 stafningssättet:
1553 1142 171 47 t-ljudets
1752 1142 174 47 teckning
1953 1141 84 35 med

423 1191 40 35 dt
491 1197 94 30 samt
613 1192 180 47 v-ljudets
821 1192 173 47 teckning
1023 1192 83 35 med
1135 1191 24 45 f,
1190 1191 37 37 fv
1256 1193 67 35 och
1352 1172 58 56 hv.

559 1242 64 36 Att
661 1242 160 36 nämnda
861 1220 315 70 beteckningssätt
1209 1242 56 37 för
1297 1244 117 46 t-ljud
1441 1244 67 35 och
1538 1244 123 47 v-ljud
1689 1243 129 36 endast
1846 1250 63 28 äro
1940 1248 98 30 orto-

422 1293 159 48 grafiska
608 1293 275 44 abnormiteter,
914 1306 77 23 som
1020 1293 76 36 förr
1124 1295 89 35 eller
1240 1307 128 23 senare
1395 1298 115 32 måste
1538 1294 185 44 afskaffas,
1753 1301 40 28 är
1821 1294 111 35 sedan
1952 1294 86 46 lång

422 1322 56 56 tid
518 1344 153 34 tillbaka
711 1343 41 36 af
781 1344 71 34 den
876 1322 163 57 svenska
1066 1344 371 47 språkforskningens
1465 1346 177 34 målsman
1671 1344 154 36 tillfullo
1852 1319 183 77 intygadt.

423 1393 53 35 Af
512 1395 118 33 lärare
659 1394 66 34 och
753 1394 209 34 lärarinnor
988 1394 62 34 vid
1079 1398 81 31 vårt
1188 1395 104 35 lands
1320 1396 185 34 allmänna
1532 1396 177 42 läroverk,
1739 1394 205 35 folkskolor
1972 1394 65 34 och

423 1444 246 47 privatskolor
696 1444 65 35 har
790 1444 211 48 upprepade
1028 1447 139 44 gånger
1195 1444 125 36 blifvit
1350 1445 81 35 med
1460 1451 134 30 största
1621 1424 286 67 enstämmighet
1927 1443 111 36 fram-

423 1495 122 37 hållet,
575 1499 55 31 att
657 1507 138 23 samma
823 1495 241 48 ortografiska
1091 1496 266 35 abnormiteter
1386 1501 131 43 utgöra
1544 1501 53 31 ett
1625 1495 40 36 af
1690 1496 44 35 de
1762 1496 92 35 allra
1878 1498 160 32 svåraste

423 1545 156 35 hindren
607 1544 58 36 för
693 1546 408 48 skolundervisningen,
1131 1554 88 27 enär
1246 1546 44 35 de
1319 1546 58 36 för
1404 1549 65 33 sitt
1497 1548 105 34 säkra
1628 1546 200 36 inöfvande
1856 1544 128 37 kräfva
2001 1548 38 32 så

423 1601 120 41 träget
571 1596 124 34 arbete
725 1596 68 35 och
821 1604 39 27 så
884 1576 157 68 mycken
1070 1575 64 65 tid,
1164 1602 55 30 att
1246 1598 79 34 icke
1344 1597 96 35 blott
1460 1596 578 47 modersmålsundervisningens

423 1644 119 47 öfriga
582 1646 66 34 och
689 1646 181 44 viktigare
903 1638 99 42 sidor
1031 1651 87 30 utan
1146 1647 66 34 ock
1240 1647 113 34 andra
1381 1654 132 28 ämnen
1542 1647 40 35 af
1607 1647 159 47 verkligt
1793 1625 244 67 själsodlande

423 1701 57 29 art
496 1674 129 56 måste
652 1694 58 36 för
737 1674 242 69 ortografiens
1007 1696 96 35 skull
1131 1697 12 34 i
1172 1697 190 48 betänklig
1389 1697 91 48 grad
1508 1676 238 57 åsidosättas.

556 1745 73 48 Jag
656 1759 107 23 anser
790 1733 135 57 därför,
954 1747 12 34 i
986 1747 115 36 likhet
1122 1747 83 36 med
1225 1747 44 36 de
1289 1727 121 56 hörda
1422 1748 319 49 myndigheterna,
1761 1753 55 31 att
1835 1760 43 22 en
1901 1745 137 37 reform

424 1796 40 36 af
488 1776 283 69 ifrågavarande
799 1798 99 47 ljuds
919 1775 180 71 teckning
1127 1812 48 22 nu
1208 1799 63 35 bör
1299 1800 73 35 ske.

558 1827 72 56 Vid
672 1848 127 46 hvarje
840 1849 186 47 reglering
1052 1828 44 56 af
1117 1849 61 35 det
1206 1849 57 35 för
1291 1851 171 34 skolorna
1490 1850 225 36 föreskrifna
1743 1849 296 47 stafningssättet

424 1911 110 34 synes
561 1898 62 35 det
652 1899 76 45 mig
755 1878 206 55 emellertid
989 1912 86 21 vara
1103 1898 40 35 af
1168 1904 80 30 stor
1275 1900 89 42 vikt,
1394 1906 54 29 att
1475 1900 62 34 det
1565 1900 177 35 särskilda
1757 1899 162 41 område,
1940 1899 98 34 inom

424 1948 141 35 hvilket
592 1948 233 48 regleringen
854 1947 192 49 företages,
1075 1950 73 34 blir
1175 1962 134 35 genom
1337 1950 214 36 densamma
1578 1954 39 32 så
1645 1950 168 43 ordnadt,
1834 1955 54 30 att
1906 1949 133 35 under-

424 1998 213 47 visningens
665 1998 195 47 oafvisliga
888 1979 105 55 kraf
998 2002 44 45 på
1068 1979 171 56 enkelhet
1267 2001 66 34 och
1364 2000 274 58 följdriktighet
1665 2001 78 35 icke
1770 2005 129 41 genast
1926 2003 113 32 måtte

424 2036 190 48 framkalla
655 2048 138 47 förslag
813 2027 64 57 till
905 2063 83 35 nya,
1022 2051 316 46 kompletterande
1367 2052 199 47 ändringar
1593 2052 101 34 inom
1723 2051 149 36 alldeles
1900 2063 140 26 samma

424 2099 160 35 område.
639 2098 98 36 Skall
779 2112 85 23 man
904 2100 125 35 kunna
1070 2101 91 47 hysa
1202 2100 249 48 förhoppning
1478 2115 59 21 om
1565 2105 120 44 någon
1713 2102 170 47 varaktig
1910 2101 129 46 stadga

425 2148 81 35 med
547 2148 171 36 afseende
759 2153 19 31 å
810 2155 32 29 t-
874 2150 66 34 och
969 2150 188 47 v-ljudens
1184 2151 174 47 teckning,
1398 2152 117 35 finner
1539 2152 65 47 jag
1613 2131 79 55 "det
1721 2151 125 36 därför
1858 2131 180 57 nödvän-

425 2199 90 46 digt,
557 2204 54 30 att
651 2198 131 50 frågan
823 2199 126 36 härom
981 2214 50 22 nu
1065 2201 156 36 erhåller
1248 2214 43 23 en
1320 2176 158 79 lösning,
1509 2215 77 23 som
1614 2202 71 36 kan
1714 2215 44 23 ur
1786 2205 97 34 såväl
1914 2202 123 51 språk-
