1882 2842
475 164 381 32 Jordbruksutskottets
881 165 177 31 utlåtande
1083 166 50 31 Nr
1161 167 49 29 52.
1564 161 38 31 13

93 248 230 36 övertagande
343 257 41 21 av
405 249 202 36 lägenheten
626 249 106 30 måtte
748 249 91 31 bliva
858 248 144 38 avgjord
1021 259 43 21 av
1083 250 67 32 den
1167 259 48 21 nu
1235 250 153 31 samlade
1407 250 194 37 riksdagen.

93 290 79 31 Med
193 290 136 37 hänsyn
349 290 50 31 till
421 290 148 37 angivna
591 291 296 36 omständigheter
907 301 79 21 vore
1008 292 94 30 tiden
1123 292 100 30 alltså
1246 292 79 30 inne
1347 291 54 33 för
1421 295 112 28 staten
1554 295 49 28 att

94 333 160 30 avhända
282 333 50 36 sig
361 333 213 36 lägenheten,
605 334 115 30 vilken
748 333 85 36 icke,
862 333 101 31 såvitt
991 334 166 36 styrelsen
1187 334 89 31 hade
1305 334 49 36 sig
1383 334 139 37 bekant,
1552 343 49 22 er-

91 375 179 31 fordrades
288 375 54 31 för
358 375 103 37 något
479 375 128 37 statligt
625 374 172 32 ändamål.
837 376 172 36 Styrelsen
1026 375 126 37 ansåge
1171 375 49 37 sig
1239 376 188 31 emellertid
1445 377 76 31 icke
1538 378 63 35 äga

94 417 109 31 sådan
221 418 224 36 sakkunskap
466 418 11 30 i
494 419 63 29 här
575 419 148 29 berörda
740 417 126 37 frågor,
887 421 49 28 att
955 419 166 36 styrelsen
1139 418 129 36 vågade
1287 419 193 31 framställa
1498 418 106 38 något

91 460 148 31 bestämt
252 460 128 36 förslag
397 470 58 20 om
470 470 77 20 vem
564 470 42 20 av
623 461 120 30 staden
759 460 81 31 eller
856 461 224 34 kommunen,
1101 470 74 20 som
1192 461 106 30 borde
1315 462 94 35 givas
1427 462 174 30 företräde

93 503 58 31 vid
176 503 259 37 försäljningen.
486 503 66 31 För
576 503 69 30 den
667 503 164 31 händelse
857 504 66 29 vad
948 502 10 31 i
983 503 141 30 ärendet
1148 502 224 32 förekommit
1397 503 74 32 icke
1497 503 107 32 heller

92 546 110 30 skulle
232 546 119 30 kunna
382 546 76 36 giva
491 546 268 29 statsmakterna
788 545 198 36 tillräckligt
1016 545 167 37 underlag
1213 545 53 31 för
1299 546 230 31 bedömandet
1559 555 43 22 av

92 588 113 31 denna
223 588 106 37 fråga,
346 588 77 30 ville
439 589 165 35 styrelsen
620 589 87 29 sätta
723 587 9 31 i
748 587 106 37 fråga,
871 587 172 30 huruvida
1058 588 54 30 det
1131 587 75 31 icke
1221 598 46 20 nu
1284 588 115 30 kunde
1415 589 126 30 ordnas
1554 588 47 35 så,

91 634 49 27 att
163 631 267 30 statsmakterna
451 631 202 30 meddelade
674 630 109 31 beslut
804 640 57 20 om
884 630 220 36 lägenhetens
1125 630 206 36 försäljning
1350 631 66 30 och
1440 630 161 31 fastställ-

93 674 42 30 de
156 677 47 27 ett
224 674 83 29 visst
331 672 208 37 minimipris
561 676 91 27 samt
674 675 48 28 att
742 673 245 36 länsstyrelsen
1011 672 129 31 erhölle
1163 672 10 31 i
1195 672 159 37 uppdrag
1376 675 48 28 att
1446 672 157 31 infordra

91 716 209 36 köpeanbud
324 715 20 30 å
368 716 202 36 lägenheten
595 715 79 30 från
697 715 120 30 staden
839 715 66 29 och
931 715 225 35 kommunen,
1182 715 147 30 varefter
1355 715 121 36 Kungl.
1501 714 102 37 Maj:t

90 759 90 30 hade
203 761 48 27 att
275 758 106 36 pröva
406 757 171 30 anbuden.
626 756 240 37 Minimipriset
890 757 97 30 torde
1011 758 119 28 kunna
1154 757 211 30 bestämmas
1390 757 49 30 till
1464 758 56 29 det
1544 767 54 20 ur-

89 799 222 38 sprungligen
335 800 231 36 uppskattade
589 799 196 30 saluvärdet
809 799 141 35 358,000
973 799 139 29 kronor.

136 842 52 31 Då
210 843 55 30 det
291 842 74 30 icke
388 852 47 20 nu
459 842 116 30 kunde
599 841 157 35 förutses,
781 851 58 20 om
863 841 218 30 Stockholms
1106 841 75 30 stad
1202 841 139 30 komme
1365 844 48 27 att
1438 841 161 30 förvärva

91 884 325 36 kronolägenheten,
442 893 80 21 vore
546 884 56 30 det
626 883 105 31 också
755 883 115 36 ovisst,
896 883 172 31 huruvida
1094 882 179 37 möjlighet
1299 883 125 30 funnes
1450 883 54 30 för
1530 883 68 30 för-

90 926 222 36 verkligande
330 936 42 20 av
389 927 56 30 det
464 936 42 20 av
523 927 167 36 styrelsen
708 926 53 30 för
778 926 147 36 Alnarps
945 926 207 35 lantbruks-,
1170 925 135 37 mejeri-
1323 926 66 29 och
1402 925 196 36 trädgårds-

88 964 136 54 institut
242 968 201 36 ifrågasatta
461 969 330 36 egendomsutbytet.

133 1044 48 31 På
201 1045 112 36 grund
331 1053 42 22 av
392 1046 67 29 vad
479 1043 146 32 sålunda
645 1044 131 31 anförts
796 1044 63 30 har
880 1043 298 37 domänstyrelsen
1200 1043 185 37 hemställt,
1406 1045 49 28 att
1475 1042 122 37 Kungl.

91 1094 100 37 Maj:t
215 1094 105 30 måtte
344 1095 72 29 dels
441 1094 126 31 föreslå
592 1095 183 36 riksdagen
798 1094 168 36 medgiva,
992 1097 48 28 att
1064 1094 316 36 kronolägenheten
1404 1089 38 39 ?/;
1467 1093 131 30 mantal

89 1146 159 31 Ekelund
273 1155 41 21 nr
340 1146 13 29 1
380 1145 10 31 i
415 1146 104 30 Solna
543 1146 128 30 socken
695 1155 40 21 av
762 1145 218 31 Stockholms
1004 1146 57 29 län
1086 1145 79 30 med
1189 1144 66 31 den
1278 1143 219 37 omfattning,
1524 1152 74 22 som

89 1197 79 31 med
191 1197 83 30 röda
295 1197 189 36 heldragna
505 1196 101 37 linjer
627 1196 145 37 angivits
794 1196 20 30 å
834 1206 41 20 en
895 1205 42 21 av
959 1199 21 27 t.
1003 1196 23 30 f.
1050 1195 386 31 distriktslantmätaren
1457 1194 142 30 Gunnar

90 1247 145 30 Persson
251 1246 38 31 år
312 1247 83 30 1930
415 1247 186 37 upprättad
622 1247 109 35 karta,
752 1246 105 31 måtte
877 1247 79 30 med
976 1249 46 28 ett
1043 1246 184 30 saluvärde
1246 1255 42 21 av
1309 1246 141 34 358,000
1469 1246 129 29 kronor

89 1298 171 38 försäljas,
284 1298 71 30 dels
377 1298 64 30 ock
462 1298 208 37 bemyndiga
693 1298 243 36 länsstyrelsen
957 1297 10 30 i
989 1297 220 30 Stockholms
1231 1297 59 29 län
1309 1299 48 27 att
1380 1295 78 32 från
1480 1295 118 31 Stock-

89 1349 113 31 holms
230 1349 76 30 stad
330 1350 67 29 och
424 1349 105 31 Solna
556 1349 169 30 kommun
752 1348 157 31 infordra
935 1348 211 36 köpeanbud
1173 1347 20 31 å
1222 1347 204 36 lägenheten
1452 1346 10 30 i
1490 1345 107 38 fråga,

88 1398 93 30 vilka
215 1399 118 30 anbud
368 1399 149 30 därefter
539 1399 111 30 skulle
671 1399 216 30 överlämnas
910 1398 51 30 till
984 1399 122 35 Kungl.
1131 1397 100 36 Maj:t
1255 1398 54 29 för
1331 1396 179 38 prövning,
1533 1396 65 31 och

88 1450 106 30 borde
217 1450 57 30 vid
295 1449 250 37 försäljningen
569 1450 180 36 iakttagas,
773 1453 47 27 att
844 1449 317 36 kronolägenheten
1185 1447 167 31 försåldes
1376 1448 77 30 med
1477 1447 119 30 tillträ-

89 1500 138 36 desrätt,
249 1501 125 30 räknat
396 1500 77 31 från
493 1501 65 30 och
583 1501 79 30 med
683 1501 64 30 den
771 1501 39 29 14
831 1509 93 20 mars
949 1500 80 29 1937
1052 1499 11 30 i
1084 1499 44 30 då
1150 1498 171 36 befintligt
1343 1498 107 35 skick,
1471 1501 50 26 att
1541 1507 56 21 en-

89 1551 76 31 dast
190 1552 135 30 kronan
351 1551 174 36 tillhöriga
551 1551 197 36 byggnader
773 1551 65 29 och
866 1549 248 37 anläggningar
1140 1549 136 37 inginge
1301 1548 10 31 i
1337 1547 260 37 försäljningen,

88 1605 49 27 att
158 1602 155 36 köparen
334 1610 80 22 vore
434 1601 135 37 skyldig
590 1602 195 35 respektera
808 1600 158 37 samtliga
985 1610 42 21 av
1049 1600 298 36 domänstyrelsen
1367 1598 132 37 gjorda,
1520 1599 78 29 kro-

88 1652 252 35 nolägenheten
369 1652 167 30 avseende
563 1650 490 38 nyttjanderättsupplåtelser,
1083 1653 49 28 att
1160 1651 154 36 köparen
1343 1658 123 28 genom
1495 1650 103 36 köpet

89 1703 158 31 inträdde
275 1703 10 30 i
315 1703 41 30 de
387 1703 199 36 rättigheter
615 1703 64 30 och
709 1702 242 37 skyldigheter,
983 1702 135 30 kronan
1148 1701 86 37 ägde
1262 1700 51 31 till
1342 1700 256 31 vederbörande

89 1753 397 37 nyttjanderättshavare
506 1753 20 31 å
545 1753 222 36 egendomen,
789 1756 48 27 att
858 1754 155 35 köparen
1034 1752 109 30 skulle
1163 1761 82 21 vara
1265 1751 135 37 skyldig
1420 1754 48 27 att
1487 1751 110 30 inlösa

88 1803 396 38 nyttjanderättshavare
508 1804 174 36 tillhöriga
704 1804 65 30 hus
791 1804 57 29 vid
871 1803 224 36 egendomen,
1117 1803 66 30 när
1204 1801 393 38 nyttjanderättshavar-

89 1864 44 21 na
157 1855 45 36 på
225 1855 112 36 grund
361 1864 41 21 av
428 1855 171 36 köparens
625 1854 217 37 uppsägning
867 1853 201 30 frånträdde
1092 1853 326 35 besittningsrätten,
1443 1853 51 29 till
1521 1853 75 29 skä-

89 1905 60 36 ligt
169 1904 80 37 pris,
272 1914 74 20 som
368 1904 10 30 i
400 1904 84 30 brist
506 1904 42 37 på
571 1905 334 29 överenskommelse
926 1904 194 29 bestämdes
1145 1913 41 20 av
1208 1902 184 36 skiljemän
1415 1902 113 31 såsom
1547 1902 10 30 i
1579 1903 17 28 2

89 1955 143 37 kapitlet
253 1957 19 29 8
295 1955 18 37 8
336 1956 98 35 lagen
457 1955 67 30 den
549 1956 38 29 14
609 1955 75 36 juni
709 1955 81 29 1907
815 1964 55 20 om
894 1954 251 37 nyttjanderätt
1166 1953 51 30 till
1239 1953 68 30 fast
1328 1953 166 36 egendom
1517 1962 80 20 vore

89 2007 133 35 stadgat
245 2006 52 30 för
318 2006 61 29 där
400 2008 108 28 avsett
529 2005 71 36 fall,
623 2008 48 27 att
693 2005 209 30 innehavare
922 2014 42 20 av
984 2006 81 28 över
1085 2005 212 35 egendomen
1320 2004 76 29 med
1417 2003 179 30 vederbör-

88 2057 59 36 ligt
171 2056 153 30 tillstånd
352 2056 222 36 framdragna
603 2055 182 31 elektriska
811 2055 179 36 ledningar
1016 2054 208 31 förbehölles
1249 2055 67 29 rätt
1341 2057 47 27 att
1413 2054 88 30 hava
1528 2053 68 30 led-

87 2108 169 35 ningarna
280 2106 228 31 kvarstående
530 2107 19 29 å
570 2106 315 36 kronolägenheten
906 2109 89 27 samt
1018 2106 178 29 desamma
1217 2105 111 37 nyttja
1351 2108 80 26 utan
1456 2106 66 29 rätt
1544 2104 52 30 för

88 2158 153 36 köparen
265 2157 51 30 till
342 2166 115 21 annan
482 2157 188 35 ersättning
696 2158 43 30 än
764 2166 40 20 av
831 2156 243 36 ledningarnas
1102 2156 208 29 innehavare
1337 2155 51 30 för
1414 2156 107 29 skada
1546 2155 50 30 till

89 2207 86 38 följd
198 2217 40 21 av
260 2207 212 36 förändring,
494 2207 195 36 reparation
711 2208 80 29 eller
813 2207 114 35 tillsyn
949 2215 40 20 av
1011 2207 226 34 ledningarna
1261 2207 162 28 ävensom
1447 2206 52 29 för
1521 2206 75 29 ska-

90 2258 54 33 da,
161 2267 73 19 som
253 2257 241 30 förorsakades
513 2256 18 30 å
549 2258 149 33 kreatur,
717 2260 87 26 samt
822 2259 46 27 att
887 2258 134 28 kronan
1041 2256 207 30 förbehölles
1268 2257 66 29 rätt
1352 2259 47 27 att
1417 2257 53 28 för
1487 2259 108 27 trans-

88 2312 115 33 porter
227 2308 72 30 fritt
324 2308 152 35 begagna
499 2310 80 27 över
602 2308 315 34 kronolägenheten
940 2307 148 35 löpande
1112 2307 113 34 vägar.

134 2367 162 33 Slutligen
320 2367 62 28 har
404 2365 294 35 domänstyrelsen
722 2365 7 29 i
752 2364 175 30 utlåtande
949 2365 65 29 den
1038 2365 38 28 12
1100 2364 151 29 februari
1277 2364 81 29 1937
1381 2363 217 30 beträffande

89 2409 232 30 omförmälda
350 2408 192 34 ansökning
575 2407 76 29 från
682 2408 162 34 styrelsen
875 2406 53 30 för
956 2407 146 34 Alnarps
1133 2406 206 33 lantbruks-,
1370 2406 131 35 mejeri-
1531 2406 64 28 och

90 2450 315 37 trädgårdsinstitut
428 2450 124 33 anfört,
574 2452 48 27 att
647 2450 54 29 det
723 2449 93 30 torde
838 2449 90 29 bliva
948 2448 212 34 nödvändigt
1181 2451 49 26 att
1251 2450 125 32 avgöra
1400 2446 119 37 frågan
1539 2456 56 22 om
