2184 2644
652 196 323 38 Bevillningsutskotlets
997 197 188 28 Betänkande
1208 197 57 28 N:o
1291 199 26 26 1.
1764 201 18 27 3

179 270 156 48 hoppas,
364 277 55 30 att
447 271 71 36 den
548 274 40 33 så
616 272 109 47 länge
755 274 160 35 emellan
944 273 46 36 de
1019 273 179 36 förenade
1227 274 129 35 rikena
1386 274 202 37 bestående
1610 275 172 36 handels-

177 322 276 47 gemenskapen
482 323 97 35 dock
608 330 96 29 trots
733 324 67 36 allt
829 325 81 35 icke
939 325 94 35 skall
1062 326 116 35 slitas.

278 372 131 36 Ehuru
439 374 33 35 vi
502 373 158 36 sålunda
688 373 126 38 funnit
843 389 45 22 en
917 379 116 44 något
1061 376 129 47 längre
1220 375 253 37 beredelsetid
1494 390 88 23 vara
1602 377 178 47 högligen

177 423 200 44 önskvärd,
419 423 110 37 hafva
572 425 35 34 vi
648 425 127 45 likväl,
811 425 39 36 af
875 426 116 35 andra
1020 426 92 47 skäl,
1141 431 126 31 ansett
1295 439 61 23 oss
1387 428 31 44 ej
1448 441 48 21 nu
1528 428 89 35 böra
1646 428 135 48 ifråga-

177 480 98 29 sätta
304 487 44 22 en
378 473 242 49 förlängning
647 476 153 36 utöfver
828 482 55 30 ett
911 480 41 32 år
979 476 40 37 af
1044 477 71 35 den
1136 490 49 22 nu
1207 476 204 37 bestående
1432 477 348 50 mellanrikslagens

177 525 188 46 giltighet,
394 532 97 29 samt
518 525 37 36 få
583 527 34 34 vi
648 529 46 44 på
722 528 124 46 grund
875 526 40 36 af
940 527 94 36 hvad
1065 540 81 23 som
1175 527 110 36 ofvan
1315 527 144 37 anförts
1487 529 209 44 hemställa,
1725 536 56 30 att

177 575 213 47 Riksdagen
420 579 58 32 må
507 577 32 46 ej
570 577 146 35 mindre
745 578 161 43 anhålla,
935 584 56 29 att
1020 577 134 49 Kongl.
1183 578 104 47 Maj:t
1305 579 89 35 ville
1415 579 90 36 söka
1525 580 254 48 åvägabringa

176 639 44 22 en
259 625 241 49 förlängning
528 627 39 36 af
592 641 49 22 nu
670 628 176 47 gällande
874 629 299 47 mellanrikslags
1201 629 178 47 giltighet
1408 629 120 37 under
1555 631 223 47 ytterligare

177 683 54 29 ett
273 680 59 33 års
360 677 68 44 tid,
457 685 46 28 än
531 678 70 35 ock
630 677 57 36 för
715 680 56 35 sin
801 679 60 36 del
890 679 160 44 besluta,
1079 686 67 37 att,
1175 680 128 36 derest
1331 693 44 22 en
1405 681 104 47 dylik
1537 680 242 49 förlängning

175 727 70 35 kan
276 727 148 36 komma
452 729 56 35 till
538 729 122 44 stånd,
690 730 128 47 kongl.
848 729 273 48 förordningen
1150 729 38 36 af
1215 731 71 35 den
1308 733 46 34 30
1375 732 71 47 maj
1472 734 92 35 1890
1585 733 193 47 angående

174 778 176 47 Sveriges
391 779 69 35 och
500 779 144 47 Norges
685 781 226 48 ömsesidiga
942 781 171 35 handels-
1142 782 69 34 och
1240 781 414 47 sjöfartsförhållanden
1683 784 94 35 skall

175 828 233 36 fortfarande
450 842 67 36 ega
557 831 180 47 giltighet
779 832 71 35 och
892 832 110 35 lända
1037 832 58 35 till
1123 831 254 37 efterrättelse
1406 833 99 36 intill
1533 834 71 35 den
1636 836 44 34 13
1705 834 71 47 juli

177 881 125 35 1898:»

273 930 15 35 I
318 930 87 36 herr
440 930 136 37 Werns
603 932 144 36 motion
778 932 227 45 hemställes,

273 987 74 30 »att
386 981 226 49 Riksdagen,
654 983 121 35 under
815 982 275 49 förutsättning
1130 983 40 36 af
1207 984 179 36 liknande
1425 985 125 36 beslut
1586 985 12 35 i
1635 985 141 49 Norge,

174 1034 115 33 måtte
328 1031 57 36 för
420 1033 56 34 sin
511 1033 60 35 del
601 1033 163 36 besluta:
793 1041 57 28 att
878 1035 98 35 intill
1006 1034 84 36 dess
1119 1035 178 47 antingen
1327 1048 49 35 ny
1405 1036 281 48 mellanrikslag
1714 1050 62 22 an-

172 1088 105 40 tages
306 1082 93 36 eller
427 1083 68 36 ock
525 1083 228 37 förändrade
789 1084 124 36 beslut
941 1085 40 35 af
1005 1085 214 47 Riksdagen
1248 1085 126 45 fattas,
1404 1085 163 48 följande
1594 1100 180 35 grupper,

173 1133 92 35 hvar
307 1132 57 36 för
404 1135 67 46 sig,
509 1133 40 36 af
582 1135 137 35 norska
756 1136 231 35 naturalster
1016 1136 90 35 eller
1140 1136 301 47 tillverkningar,
1470 1150 79 23 som
1579 1138 118 47 enligt
1724 1151 51 23 nu

171 1184 174 45 gällande
386 1185 281 47 mellanrikslag
704 1193 65 28 äro
809 1185 156 45 tullfria,
1008 1187 105 35 skola
1150 1186 233 37 fortfarande
1416 1188 62 35 vid
1507 1187 156 37 införsel
1693 1188 81 36 från

171 1233 127 48 Norge
335 1247 88 23 vara
458 1234 71 36 fria
565 1235 81 36 från
682 1236 237 46 tullafgifter,
949 1237 205 46 nemligen:
1182 1237 271 48 ylleväfnader,
1482 1238 292 37 bomullsväfna-

171 1285 79 43 der,
286 1285 128 43 linne-,
452 1286 128 47 hamp-
608 1286 69 35 och
702 1286 281 47 juteväfnader,
1016 1287 137 44 hattar,
1182 1288 71 35 alla
1282 1288 92 47 slag,
1403 1289 122 36 hudar
1553 1289 69 36 och
1651 1290 122 43 skinn,

172 1335 178 44 beredda,
375 1336 117 46 jemte
521 1336 154 36 arbeten
706 1336 40 36 af
771 1337 104 35 läder
905 1338 70 35 och
1004 1338 121 45 skinn,
1160 1339 77 34 tvål
1266 1339 70 35 och
1362 1342 102 44 såpa,
1492 1340 282 36 snickarearbe-

171 1393 75 35 ten,
275 1386 74 35 alla
376 1386 90 48 slag,
496 1386 87 36 krut
611 1387 69 35 och
710 1388 331 46 antändningsrör,
1071 1401 156 34 papper,
1256 1390 72 34 alla
1356 1390 92 46 slag,
1471 1391 103 46 jern-
1595 1392 69 34 och
1686 1391 88 36 stål-

171 1437 354 36 manufakturvaror
553 1446 95 27 samt
676 1439 96 46 spik,
803 1438 199 44 maskiner,
1032 1439 161 47 redskap
1223 1440 68 35 och
1322 1440 161 48 verktyg
1504 1440 41 36 af
1560 1441 101 36 olika
1680 1442 92 46 slag,

170 1488 67 34 allt
265 1487 58 35 för
353 1487 90 36 hvar
471 1488 69 35 och
571 1501 44 22 en
644 1488 40 36 af
708 1489 111 36 dessa
847 1502 168 35 grupper
1043 1490 121 35 under
1183 1490 133 45 vilkor,
1338 1497 55 30 att
1412 1504 111 23 varor
1543 1492 229 36 tillhörande

169 1551 140 22 samma
337 1551 123 35 grupp
491 1546 65 28 äro
585 1538 147 37 tullfria
766 1540 62 35 vid
858 1539 154 37 införsel
1042 1541 57 34 till
1127 1539 139 48 Norge,
1295 1544 40 33 så
1363 1548 67 37 att,
1459 1542 126 36 derest
1612 1543 159 36 svenska

170 1601 111 22 varor
323 1589 227 36 tillhörande
593 1603 171 35 gruppen
802 1591 152 47 ålägges
990 1591 70 35 tull
1090 1591 10 35 i
1127 1591 139 47 Norge,
1296 1592 71 35 den
1396 1592 58 36 för
1481 1593 138 35 norska
1647 1606 124 32 varor,

169 1639 228 36 tillhörande
434 1640 114 35 sådan
587 1653 137 35 grupp,
762 1642 62 34 vid
859 1641 156 36 införsel
1043 1642 58 35 till
1130 1641 155 49 Sverige
1314 1642 190 48 medgifna
1533 1642 236 38 tullfriheten

169 1696 135 39 genast
331 1690 183 47 upphör»;
549 1697 95 29 samt

269 1745 74 30 »att
379 1753 139 22 samma
547 1741 124 35 beslut
700 1741 121 35 under
849 1754 140 23 samma
1017 1743 272 45 förutsättning
1319 1743 69 35 och
1418 1743 123 35 vilkor
1569 1747 59 32 må
1656 1743 114 37 fattas

168 1789 57 36 för
263 1790 70 35 alla
371 1792 32 45 ej
440 1790 244 36 förenämnda
721 1805 167 35 grupper
924 1792 230 35 tillhörande
1184 1805 123 31 varor,
1337 1793 57 35 för
1424 1794 126 35 hvilka
1578 1793 192 38 tullfrihet

168 1853 135 34 genom
345 1841 325 48 mellanrikslagen
713 1855 49 22 nu
805 1850 40 27 är
885 1841 209 45 försäkrad,
1137 1843 91 35 hvar
1262 1843 57 35 för
1354 1844 68 47 sig,
1456 1844 85 36 med
1575 1845 195 47 undantag

168 1891 213 47 naturligen
423 1891 59 36 för
523 1892 96 44 dem,
658 1891 58 37 för
751 1893 127 35 hvilka
906 1893 213 47 Riksdagen
1149 1906 110 23 anser
1286 1894 143 47 sakliga
1458 1895 80 35 skäl
1566 1895 203 36 förefinnas

168 1947 56 29 att
252 1940 191 48 upphäfva
472 1943 134 35 hittills
634 1943 192 44 medgifna
854 1943 220 36 tullfrihet.»

269 1991 191 47 Härjemte
499 1993 66 35 har
602 1994 85 34 herr
716 1993 135 44 Wern,
880 1993 58 36 för
967 1994 71 35 den
1061 1994 178 36 händelse
1268 2000 54 30 att
1349 1995 275 36 ofvannämnda
1653 2009 115 34 grup-

169 2054 66 32 per
272 2043 176 46 möjligen
487 2044 124 35 kunde
649 2044 100 35 olika
782 2044 187 35 anordnas
998 2045 69 34 och
1096 2045 91 35 flere
1216 2046 188 46 tilläggas,
1432 2045 249 37 öfverlemnat
1710 2048 57 34 till

168 2092 419 46 bevillningsutskottet
615 2098 54 30 att
698 2094 131 34 härom
858 2100 90 41 göra
977 2093 291 48 framställning.

268 2141 130 36 Såsom
427 2142 78 35 skäl
534 2141 59 36 för
620 2143 54 35 sin
706 2145 144 34 motion
879 2143 106 36 anför
1014 2144 87 35 herr
1128 2144 140 36 Weern:

269 2190 161 37 »Genom
460 2193 248 35 meddelande
738 2194 10 34 i
777 2193 106 36 Post-
911 2194 68 35 och
1007 2194 145 36 Inrikes
1172 2195 191 47 tidningar
1383 2195 56 36 för
1459 2195 72 36 den
1553 2198 19 33 9
1594 2196 172 36 sistlidne

168 2241 200 36 december
396 2241 38 36 af
460 2244 202 46 protokoll,
692 2244 117 35 hållet
840 2244 61 35 vid
931 2245 276 35 sammanträde
1237 2246 70 35 dep
1339 2248 19 33 2
1384 2246 159 35 oktober
1566 2248 92 35 1896
1682 2247 82 36 med
