1876 2812
725 157 262 29 Statsutskottets
1010 156 165 28 utlåtande
1198 165 38 18 nr
1265 156 48 28 78.

514 231 82 31 frias
612 231 74 31 från
701 230 196 31 återstoden
912 240 40 21 av
967 229 127 31 honom
1109 228 134 41 jämlikt
1257 227 292 42 krigshovrättens
1567 226 111 41 utslag
1693 227 67 30 den

514 283 40 30 29
576 281 192 42 september
791 281 80 31 1942
892 279 180 43 åliggande
1093 277 416 43 ersättningsskyldighet;

557 333 30 40 5)
615 334 49 30 att
700 331 224 42 fanjunkaren
960 330 59 31 vid
1055 331 310 40 pansartrupperna
1400 328 86 31 Lars
1525 327 81 32 Olof
1631 327 129 32 Paulus

516 384 206 36 Göransson,
741 382 115 31 därest
871 381 66 31 han
953 381 94 31 inom
1062 380 59 38 tid,
1139 391 72 20 som
1228 391 41 19 av
1285 379 125 41 Kungl.
1427 378 102 41 Maj:t
1545 378 215 36 bestämmes,

516 434 54 31 till
587 434 184 31 försvarets
791 431 289 41 civilförvaltning
1096 430 167 31 inbetalar
1280 432 50 29 ett
1345 428 126 42 belopp
1489 439 41 20 av
1547 427 61 32 350
1625 428 135 37 kronor,

514 484 127 32 befrias
664 484 75 31 från
760 482 194 32 återstoden
975 492 41 20 av
1037 481 125 31 honom
1183 479 135 43 jämlikt
1337 479 224 41 krigsrättens
1583 478 58 32 vid
1660 478 101 32 Norr-

517 535 98 31 lands
649 534 321 41 dragonregemente
1004 533 57 30 två
1093 530 168 32 särskilda
1281 530 113 41 utslag
1416 529 65 31 den
1506 529 39 30 12
1568 539 88 21 mars
1680 528 81 32 1943

516 585 177 43 åliggande
717 582 405 43 ersättningsskyldighet
1144 581 53 32 till
1220 581 141 37 kronan;

559 637 30 40 6)
617 639 50 30 att
679 635 81 32 Eric
773 634 161 32 Wilhelm
948 633 138 37 Olsson,
1102 632 113 31 därest
1229 631 68 31 han
1312 630 91 31 inom
1418 629 61 38 tid,
1495 640 73 20 som
1582 640 40 20 av
1634 629 127 42 Kungl:

516 687 101 41 Maj:t
635 687 214 35 bestämmes,
871 684 53 31 till
944 684 184 31 försvarets
1148 681 289 41 civilförvaltning
1456 679 168 32 inbetalar
1642 681 50 29 ett
1709 678 55 32 be-

518 739 82 41 lopp
637 749 40 20 av
716 737 62 31 200
816 736 133 37 kronor,
977 733 129 33 befrias
1134 733 75 31 från
1238 731 195 32 återstoden
1461 741 42 20 av
1530 729 126 32 honom
1683 729 80 41 jäm-

518 789 64 31 likt
601 789 224 41 krigsrättens
847 787 57 31 vid
928 786 89 32 Svea
1038 784 217 42 ingenjörkår
1277 784 74 41 fyra
1373 781 168 33 särskilda
1563 781 113 41 utslag
1698 780 68 32 den

519 840 66 32 den
608 841 17 30 7
649 838 194 43 september
864 840 86 29 samt
973 837 114 41 utslag
1110 836 65 31 den
1199 835 18 31 5
1242 834 142 32 oktober
1407 833 82 32 1942
1514 831 177 42 åliggande
1717 842 47 20 er-

518 889 368 42 sättningsskyldighet
899 887 54 31 till
968 887 142 37 kronan;

561 941 30 41 7)
619 943 50 29 att
687 940 225 41 fanjunkaren
929 938 59 32 vid
1006 938 311 41 pansartrupperna
1333 933 82 32 Erik
1433 932 183 32 Valdemar
1632 931 133 31 Niklas:

519 1003 63 21 son
608 991 127 32 befrias
763 991 76 31 från
863 990 126 31 honom
1016 987 132 43 jämlikt
1173 986 292 42 krigshovrättens
1493 982 113 41 utslag
1632 981 65 31 den
1724 980 41 31 30

518 1043 87 42 april
626 1042 79 31 1943
725 1040 178 42 åliggande
925 1036 405 43 ersättningsskyldighet
1348 1035 54 31 till
1421 1034 142 36 kronan;

561 1093 30 41 8)
619 1095 50 29 att
689 1092 78 40 Stig
789 1091 81 31 Olof
892 1090 128 31 Olsson
1041 1090 54 30 må
1114 1087 127 32 befrias
1262 1087 76 30 från
1360 1080 406 44 ersättningsskyldighet

518 1144 55 31 till
599 1139 454 43 riksförsäkringsanstalten
1079 1138 53 31 för
1156 1137 66 31 vad
1247 1135 169 33 anstalten
1441 1132 126 42 utgivit
1592 1131 82 32 eller
1698 1130 67 31 kan

519 1194 132 31 komma
667 1195 50 29 att
732 1192 115 41 utgiva
863 1191 11 30 i
889 1189 186 41 anledning
1089 1200 39 20 av
1145 1189 49 30 ett
1209 1184 187 43 olycksfall,
1413 1184 195 40 varigenom
1625 1181 141 32 Gunnar

520 1244 153 31 Andreas
693 1242 172 31 Bäckman
885 1239 132 38 avlidit;

563 1294 30 41 9)
622 1295 48 30 att
695 1293 158 31 Flottans
878 1288 303 41 handelsförening
1206 1288 11 30 i
1245 1285 198 33 Stockholm
1468 1295 31 20 u.
1527 1294 31 31 p.
1585 1293 27 21 a.
1638 1282 128 31 befrias

522 1346 75 31 från
621 1343 215 33 återstående
861 1341 101 32 skuld
986 1341 54 31 till
1065 1340 136 36 kronan,
1228 1338 93 31 4600
1345 1336 133 38 kronor,
1505 1334 106 42 enligt
1636 1333 132 32 skulde-

521 1396 83 31 brev
624 1394 65 32 den
710 1393 39 31 15
770 1392 149 32 februari
941 1390 94 38 1938;

566 1445 50 41 10)
644 1447 50 29 att
712 1444 83 31 Otto
814 1442 132 32 Harald
963 1441 164 31 Hansson
1146 1440 61 36 må,
1228 1438 114 31 därest
1359 1437 67 30 han
1444 1436 93 30 inom
1556 1434 60 38 tid,
1636 1444 74 20 som
1728 1436 42 28 av

519 1496 126 42 Kungl.
677 1495 104 41 Maj:t
808 1494 216 35 bestämmes,
1056 1491 54 31 till
1141 1490 186 31 försvarets
1358 1486 289 40 civilförvaltning
1678 1484 92 32 inbe-

522 1549 87 30 talar
622 1545 301 43 kapitalbeloppet,
939 1543 20 32 5
973 1543 60 31 108
1048 1542 124 31 kronor
1187 1541 39 31 61
1244 1542 67 35 öre,
1329 1550 39 20 av
1384 1539 53 31 sin
1454 1537 102 32 skuld
1571 1536 53 32 till
1639 1536 130 31 kronan

524 1598 105 41 enligt
652 1597 88 31 Svea
762 1596 153 30 hovrätts
939 1594 79 30 dom
1042 1593 65 31 den
1131 1592 18 30 8
1172 1590 74 42 juni
1271 1589 89 37 1923,
1383 1588 129 31 befrias
1536 1587 74 30 från
1633 1586 138 30 återstå-

523 1649 85 32 ende
629 1644 406 43 ersättningsskyldighet
1054 1643 54 31 till
1127 1642 129 30 kronan
1277 1642 44 40 på
1340 1639 109 42 grund
1469 1649 41 20 av
1532 1638 133 36 domen;

566 1699 50 39 11)
645 1699 49 30 att
716 1696 201 32 fältläkaren
940 1694 79 31 Carl
1042 1692 81 32 Otto
1146 1691 159 32 Leonard
1326 1689 130 32 Brodin
1479 1690 63 35 må,
1567 1687 114 31 därest
1702 1686 68 31 han

524 1750 92 31 inom
633 1748 58 38 tid,
710 1758 74 21 som
802 1758 40 20 av
857 1745 126 41 Kungl.
1001 1743 103 42 Maj:t
1119 1743 214 35 bestämmes,
1351 1740 53 31 till
1422 1739 185 31 försvarets
1624 1736 145 32 civilför-

524 1799 153 41 valtning
694 1797 169 32 inbetalar
882 1798 48 29 ett
948 1795 128 41 belopp
1097 1805 39 20 av
1156 1792 61 32 300
1235 1791 134 37 kronor,
1390 1789 128 32 befrias
1540 1789 74 30 från
1633 1788 136 30 återstå-

524 1851 85 31 ende
636 1845 394 44 betalningsskyldighet
1058 1844 53 31 till
1139 1843 130 31 kronan
1298 1840 132 43 jämlikt
1458 1839 224 41 krigsrättens
1712 1836 58 31 vid

524 1901 276 41 Livregementet
819 1897 54 32 till
893 1897 78 31 häst
992 1895 113 41 utslag
1127 1893 65 32 den
1214 1893 19 32 8
1255 1892 65 41 maj
1345 1891 91 37 1943;

567 1951 50 41 12)
645 1951 50 30 att
712 1949 170 41 kaptenen
902 1948 12 30 i
933 1944 343 33 intendenturkårens
1297 1952 112 21 reserv
1429 1940 114 31 David
1563 1939 124 40 Tiberg
1706 1939 63 35 må,

526 2003 114 31 därest
655 2001 68 31 han
741 2000 93 30 inom
852 1998 58 38 tid,
929 2007 74 22 som
1020 2006 42 21 av
1077 1994 125 41 Kungl.
1222 1993 103 41 Maj:t
1341 1992 214 35 bestämmes,
1574 1989 54 31 till
1645 1989 125 30 försva-

526 2054 67 29 rets
613 2048 288 41 civilförvaltning
919 2046 169 32 inbetalar
1106 2046 49 30 ett
1172 2043 128 41 belopp
1320 2053 40 20 av
1378 2041 92 31 2500
1489 2040 133 37 kronor,
1642 2038 129 32 befrias

524 2104 76 30 från
625 2099 214 34 återstående
866 2094 405 44 ersättningsskyldighet
1295 2093 53 31 till
1372 2092 129 31 kronan
1527 2092 43 40 på
1596 2089 109 42 grund
1731 2099 40 20 av

524 2152 292 43 krigshovrättens
838 2149 112 41 utslag
972 2148 66 31 den
1059 2147 19 31 9
1099 2145 62 42 juli
1184 2144 90 32 1943.

326 2213 199 34 Stockholm
547 2213 64 30 den
632 2212 39 30 14
690 2209 88 42 april
799 2208 89 32 1944.

770 2276 50 31 På
842 2273 272 33 statsutskottets
1137 2273 136 39 vägnar:

817 2334 31 32 J.
872 2334 38 31 B.
935 2329 290 35 JOHANSSON.

325 2476 219 31 Närvarande:
571 2484 31 19 se
626 2474 101 28 under
751 2471 183 30 utlåtandet
958 2479 38 18 nr
1023 2470 48 27 77.

869 2543 298 10 RIKA
