2137 2653
421 218 117 31 Andra
562 217 213 32 Kammarens
801 216 178 43 Tillfälliga
1010 217 138 32 Utskotts
1174 217 77 42 (N:o
1275 220 33 37 1)
1338 217 171 33 Utlåtande
1534 217 61 31 N:o
1620 218 49 30 18.
1782 218 19 29 3

379 298 138 37 Vidare
561 301 61 34 må
664 312 44 23 ur
749 312 145 23 samma
928 298 138 48 stadga
1095 298 165 48 anföras,
1291 303 65 43 att,
1387 297 122 49 enligt
1538 297 20 49 $
1590 300 44 34 13
1666 311 112 23 mom.
1810 300 33 45 2,

252 352 61 36 vid
343 350 259 51 upprättande
631 351 42 36 af
692 351 174 49 läroplan
895 351 57 36 för
980 350 147 37 mindre
1155 350 193 37 folkskola
1372 350 137 36 endast
1538 350 73 36 den
1640 350 206 36 inskränk-

251 404 94 47 ning
373 404 12 35 i
415 403 238 37 folkskolans
683 404 218 36 läroämnen
927 403 71 36 och
1026 402 217 38 lärokurser
1270 406 62 33 må
1356 403 128 36 kunna
1513 402 228 49 medgifvas,
1764 411 81 28 som

249 456 156 49 pröfvas
435 468 90 23 vara
554 455 42 36 af
619 456 380 48 omständigheterna
1032 455 178 49 påkallad
1240 455 70 36 och
1338 455 86 36 med
1453 455 164 35 barnens
1647 454 199 49 nöjaktiga

249 508 282 48 undervisning
572 507 178 50 förenlig,
795 512 98 32 samt
927 513 66 42 att,
1024 507 121 48 enligt
1174 507 20 49 &
1227 509 44 35 15
1304 521 108 22 mom.
1446 509 19 34 2
1496 507 73 36 den
1598 507 122 48 årliga
1747 507 100 36 läro-

249 560 107 37 tiden
385 560 64 37 vid
475 560 139 48 skolor,
640 560 59 37 för
727 561 151 36 hvilkas
906 560 121 36 lärare
1057 559 244 37 skoldistrikt
1331 560 165 48 åtnjuter
1523 559 257 37 lönetillskott
1809 560 41 36 af

250 613 192 36 allmänna
473 612 136 48 medel,
636 612 96 37 skall
763 612 160 37 omfatta
952 612 118 36 minst
1099 615 77 33 åtta
1205 612 377 36 kalendermånader.

379 664 74 37 Till
481 665 122 36 lärare
628 665 11 36 i
669 665 200 47 småskola,
900 664 226 37 biträdande
1151 664 121 36 lärare
1301 664 12 35 i
1342 663 191 37 folkskola
1562 669 99 30 samt
1690 663 155 37 lärare
1825 659 22 58 i

251 717 147 37 miudre
427 717 202 48 folkskola,
661 721 72 42 må,
764 717 123 49 enligt
915 716 20 50 $
965 720 60 44 23,
1056 721 162 44 antagas
1247 730 195 36 personer,
1468 716 144 48 hvilka,
1638 716 118 49 jemte
1782 716 63 36 det

250 776 57 30 att
336 770 44 36 de
410 783 74 35 ega
512 769 73 37 den
615 769 228 50 lämplighet
872 770 57 35 för
953 769 255 47 lärarekallet,
1235 782 80 23 som
1344 769 11 36 i
1384 768 20 50 $
1436 770 44 35 18
1511 782 112 22 mom.
1657 771 17 33 1
1706 767 33 50 a)
1766 782 79 23 om-

250 822 182 36 förmäles
457 843 47 5 —
535 827 56 31 att
619 835 90 23 vara
737 822 103 36 känd
868 821 57 36 för
954 821 257 48 gudsfruktan
1240 821 70 36 och
1341 820 124 50 sedlig
1493 820 139 36 vandel
1653 825 100 31 samt
1773 834 71 35 ega

250 875 75 36 den
368 874 138 48 stadga
540 874 11 35 i
586 874 228 37 karaktereu
849 874 71 36 och
954 874 72 36 den
1056 873 192 48 foglighet
1276 874 11 35 i
1316 873 145 48 lynnet,
1493 886 81 23 som
1602 873 242 48 ungdomens

249 926 161 50 ledning
438 926 152 36 kräfver
617 948 61 26 —,
709 926 185 48 antingen
923 926 157 36 företett
1108 926 122 48 betyg
1262 925 83 37 från
1373 928 119 46 något
1520 925 121 36 under
1670 925 175 48 offentlig

250 979 167 37 kontroll
455 979 160 36 stående
649 978 246 37 seminarium
926 978 92 36 eller
1047 978 70 37 ock
1146 978 163 36 medelst
1336 976 394 51 undervisningsprof
1754 977 92 36 eller

251 1031 226 37 annorledes
507 1031 59 36 för
594 1031 194 37 skolrådet
816 1030 207 50 ådagalagt
1052 1030 61 48 sig
1141 1030 208 36 innehafva
1378 1030 59 36 för
1466 1030 75 36 den
1567 1030 111 36 sökta
1707 1029 138 37 befatt-

250 1084 144 49 ningen
424 1083 253 48 erforderliga
706 1083 163 49 insigter
898 1083 71 36 och
998 1082 235 50 färdigheter
1262 1088 99 31 samt
1381 1082 76 48 god
1479 1082 172 48 förmåga
1673 1087 55 30 att
1744 1082 101 36 med-

251 1136 83 37 dela
364 1135 291 49 undervisning.

380 1188 69 37 Om
479 1193 118 31 sättet
626 1188 59 36 för
713 1187 218 49 antagande
960 1187 41 36 af
1024 1187 122 36 lärare
1171 1185 65 37 vid
1265 1186 112 36 dessa
1406 1185 128 37 skolor
1555 1185 290 50 stadgas
1725 1181 49 59 i$
1792 1181 56 59 24

250 1254 113 24 mom.
410 1244 32 45 1,
485 1246 55 31 att
576 1240 121 37 lärare
740 1240 63 36 vid
846 1240 118 36 sådan
1006 1239 193 36 småskola
1233 1238 91 37 eller
1357 1238 146 36 mindre
1531 1237 202 48 folkskola,
1764 1251 81 23 som

249 1293 127 36 blifvit
404 1293 209 49 upprättad
642 1293 41 36 af
706 1293 88 36 hela
822 1291 295 47 skoldistriktet,
1148 1296 161 44 antages
1339 1291 41 35 af
1404 1290 203 36 skolrådet.
1647 1290 75 36 Vid
1747 1293 99 33 små-

250 1346 109 35 skola
401 1345 92 36 eller
523 1345 152 36 mindre
704 1344 190 37 folkskola
923 1347 90 44 åter,
1044 1357 81 22 som
1156 1343 126 36 blifvit
1310 1343 202 49 upprättad
1545 1342 42 36 af
1610 1342 234 36 husfäderna

249 1397 13 36 i
290 1412 47 22 en
366 1397 62 36 del
456 1397 42 36 af
521 1397 208 47 distriktet,
760 1399 59 34 må
846 1396 121 36 lärare
997 1396 41 36 af
1061 1395 86 37 dem
1178 1400 173 44 antagas,
1382 1395 119 36 sedan
1538 1395 97 36 hans
1665 1394 180 50 behörig-

250 1450 65 36 het
356 1449 127 36 blifvit
524 1449 42 36 af
604 1449 194 37 skolrådet
837 1448 161 50 pröfvad
1041 1448 71 36 och
1154 1448 192 48 godkänd.
1402 1447 17 35 I
1448 1447 93 37 sista
1570 1451 210 32 momentet
1808 1447 42 36 af

250 1515 144 23 samma
423 1501 20 49 8
472 1501 258 45 föreskrifves,
761 1506 55 31 att
843 1501 65 35 vid
936 1500 142 37 lärares
1108 1500 217 48 antagande
1354 1499 42 36 af
1415 1500 152 36 skolråd
1591 1498 92 38 eller
1702 1499 41 36 af
1754 1499 90 36 hus-

250 1554 107 37 fäder
399 1554 389 36 öfverenskommelse
822 1553 69 36 bör
919 1553 128 36 träffas
1078 1566 59 23 om
1167 1551 212 49 ömsesidig
1406 1556 76 32 rätt
1510 1551 57 36 till
1594 1552 252 49 uppsägning

250 1610 49 45 på
327 1606 81 36 viss
437 1606 67 35 tid.

377 1658 17 36 I
423 1657 108 49 fråga
572 1671 61 22 om
676 1657 220 48 aflöningen
939 1656 41 36 af
1016 1657 122 36 lärare
1182 1656 70 36 och
1293 1655 213 37 lärarinnor
1535 1655 65 37 vid
1629 1655 214 37 småskolor

249 1711 71 37 och
364 1710 147 37 mindre
553 1710 213 37 folkskolor
806 1708 212 37 innehåller
1059 1709 20 49 &
1114 1712 20 33 2
1170 1709 41 36 af
1235 1708 138 48 Kongl.
1404 1707 259 50 kungörelsen
1693 1708 73 36 den
1796 1709 47 36 20

249 1763 159 36 Januari
441 1765 95 34 1882
567 1763 65 35 det
660 1762 233 49 stadgandet
922 1766 66 42 att,
1006 1762 68 35 der
1095 1761 135 36 skolan
1251 1766 40 31 är
1318 1760 206 49 upprättad
1554 1760 42 36 af
1625 1760 88 36 hela
1743 1761 101 35 skol-

250 1815 208 47 distriktet,
489 1827 92 36 eger
610 1815 301 48 kyrkostämma,
947 1817 41 33 så
1022 1813 89 37 vida
1139 1814 84 36 icke
1252 1813 59 36 för
1338 1815 119 47 något
1495 1812 63 36 fall
1605 1812 239 37 annorlunda

251 1873 40 30 är
320 1867 92 36 eller
443 1868 72 35 kan
546 1867 118 36 varda
691 1866 239 47 föreskifvet,
960 1871 57 31 att
1044 1866 130 37 beluta
1194 1879 61 23 om
1277 1864 250 49 erforderliga
1548 1864 294 49 löneförmåner,

250 1933 87 23 men
367 1924 55 31 att
451 1920 57 35 för
540 1919 122 36 lärare
687 1919 71 35 och
787 1918 224 46 lärarinnor,
1048 1918 175 37 anstälda
1247 1917 64 37 vid
1337 1918 213 35 småskolor
1574 1917 93 36 eller
1695 1917 148 36 mindre

251 1971 222 47 folkskolor,
518 1984 80 23 som
642 1976 217 44 upprättats
902 1970 41 36 af
981 1983 47 23 en
1056 1971 62 36 del
1153 1971 41 36 af
1219 1969 209 47 distriktet,
1459 1969 98 37 skall
1583 1982 140 36 genom
1754 1970 90 36 aftal

251 2024 138 36 mellan
418 2023 231 37 husfäderna
677 2024 103 35 inom
810 2023 63 36 det
902 2023 164 48 område,
1097 2023 58 36 för
1178 2022 149 37 hvilket
1362 2022 136 36 skolan
1527 2027 40 31 är
1596 2022 145 48 afsedd,
1772 2022 71 36 och

251 2076 10 35 i
291 2076 149 36 samråd
470 2075 87 37 med
600 2075 215 37 skolrådets
858 2075 227 36 ordförande
1128 2075 232 36 bestämmas
1389 2087 47 23 en
1464 2073 211 49 tillräcklig
1709 2075 11 35 i
1751 2087 92 37 pen-

251 2128 138 47 ningar
430 2127 92 36 eller
549 2127 279 37 lefnadsmedel
857 2127 193 48 utgående
1080 2127 170 48 aflöning
1284 2126 197 37 äfvensom
1510 2126 170 48 husrum,
1709 2127 66 36 der
1805 2129 40 33 så

250 2180 137 49 nödigt
415 2184 50 31 är.

381 2232 149 36 Genom
571 2232 141 48 Kongl.
756 2232 262 48 kungörelsen
1060 2232 73 37 den
1178 2235 45 34 16
1261 2232 92 37 Juni
1397 2234 96 34 1875
1527 2232 230 45 bestämdes,
1788 2237 56 32 ati

251 2283 266 37 skoldisriktet
545 2287 126 33 såsom
699 2283 138 50 bidrag
877 2285 58 36 till
977 2284 199 37 aflönande
1220 2285 40 36 af
1288 2284 123 36 lärare
1440 2284 91 36 eller
1558 2285 194 36 lärarinna
1780 2284 65 37 vid

251 2336 205 47 småskola,
501 2349 81 23 som
628 2336 241 36 motsvarade
911 2337 117 36 sådan
1072 2336 127 37 skolas
1241 2336 175 37 ändamål
1459 2342 55 31 att
1552 2336 175 37 meddela
1768 2336 76 36 för-

251 2388 218 37 beredande
498 2388 280 50 undervisning
806 2388 57 52 för
891 2389 228 48 folkskolan,
1151 2394 99 32 samt
1271 2389 41 36 af
1328 2389 131 48 hvarje
1480 2389 226 37 biträdande
1722 2389 121 36 lärare
