1910 2810
276 155 41 29 20
665 161 379 31 Jordbruksutskottets
1071 162 173 30 utlåtande
1270 162 49 30 Nr
1350 164 47 29 39.

279 245 68 29 sätt
377 244 96 30 driva
503 245 190 30 renskötsel
723 246 82 29 eller
836 246 133 30 biträda
1001 246 86 30 däri.
1119 246 73 30 Vad
1223 247 381 36 departementschefen
1635 247 10 30 i
1676 248 110 35 övrigt

280 295 175 36 föreslagit
480 296 150 30 rörande
654 296 169 29 villkoren
850 297 53 29 för
927 297 191 36 upplåtelse
1144 306 41 21 av
1211 297 200 36 jordbruks-
1438 299 66 28 och
1530 298 255 36 bostadslägen-

279 346 97 29 heter
404 346 68 29 kan
501 347 166 29 utskottet
695 347 157 36 godtaga.
883 347 170 30 Utskottet
1083 348 198 29 förutsätter
1311 348 197 36 emellertid,
1538 351 49 27 att
1616 348 44 31 då
1689 348 98 37 fråga

280 397 231 35 uppkommer
536 406 58 20 om
618 396 106 31 sådan
749 396 190 38 upplåtelse
963 407 42 20 av
1029 400 68 28 rätt
1119 398 50 29 till
1192 399 75 29 bete
1301 398 10 31 å
1336 400 212 29 kronomark
1573 400 53 29 för
1650 399 19 30 å
1693 398 93 37 jord-

279 447 270 36 brukslägenhet
574 447 219 30 vinterfödda
817 448 116 29 hästar
957 449 65 29 och
1047 449 210 35 nötkreatur,
1283 459 74 20 som
1381 449 10 30 i
1416 449 258 37 propositionen
1698 450 88 30 före-

281 496 68 31 slås
374 498 53 29 för
451 498 67 29 den
543 498 163 30 händelse
730 499 177 35 inhägnad
931 500 196 29 betesmark
1153 509 41 20 av
1218 500 184 36 tillräcklig
1426 500 128 30 storlek
1579 500 74 30 icke
1678 501 108 36 lämp-

281 548 90 36 ligen
397 548 134 30 kunnat
558 549 173 30 anordnas
758 548 21 31 å
806 550 211 35 lägenheten,
1047 549 315 37 överjägmästaren
1389 551 10 29 i
1425 552 174 35 egenskap
1627 560 41 21 av
1695 552 90 29 leda-

283 601 73 26 mot
377 607 41 20 av
442 599 365 35 egnahemsnämnden
831 600 113 35 tillser,
968 604 49 26 att
1041 601 75 29 icke
1139 600 198 36 därigenom
1360 601 103 36 något
1487 612 81 19 men
1590 602 54 29 för
1667 603 115 35 skogs-

282 647 198 31 återväxten
507 649 152 36 uppstår.

327 699 71 30 Vad
420 701 380 34 departementschefen
824 701 172 36 föreslagit
1020 702 9 29 i
1052 701 97 36 fråga
1171 712 55 19 om
1249 702 248 31 inventarielån
1523 702 33 31 åt
1576 702 209 31 innehavare

279 760 44 20 av
343 750 385 37 jordbrukslägenheter
752 752 58 29 vill
833 753 163 30 utskottet
1018 753 76 30 icke
1115 754 161 29 motsätta
1298 753 58 36 sig.

325 801 14 30 I
366 801 148 36 enlighet
541 802 81 30 med
647 803 65 29 vad
740 802 10 29 i
778 802 258 37 propositionen
1064 802 142 31 föreslås
1235 813 100 27 synes
1363 803 155 37 lämpligt
1547 807 48 26 att
1624 804 64 29 den
1717 804 68 30 för-

279 852 129 30 ordade
432 851 458 37 upplåtelseverksamheten
914 854 202 29 handhaves
1142 863 40 21 av
1207 855 42 29 de
1275 854 135 36 statliga
1433 855 352 36 egnahemsorganen.

282 902 126 30 Likaså
431 912 100 26 synes
555 903 288 36 ändamålsenligt
865 907 48 26 att
935 904 145 36 tidigare
1102 904 101 36 enligt
1229 905 83 29 1928
1334 904 54 31 års
1412 906 205 34 kungörelse
1641 905 49 29 till
1712 906 72 35 lap-

281 962 65 26 par
369 953 168 35 upplåtna
563 954 194 35 lägenheter
783 954 126 30 liksom
935 954 20 31 å
981 955 280 36 renbetesfjällen
1288 955 169 36 upplåtna
1483 956 266 35 lappnybyggen
1775 956 10 29 i

281 1004 169 29 samband
480 1004 81 29 med
593 1005 287 35 genomförandet
909 1015 42 20 av
982 1006 66 29 den
1078 1005 10 29 i
1118 1006 258 35 propositionen
1407 1006 197 36 föreslagna
1634 1006 150 36 omlägg-

281 1053 125 36 ningen
435 1064 41 19 av
504 1054 228 31 förevarande
761 1056 220 30 verksamhet
1010 1056 117 30 ställas
1157 1057 111 29 under
1295 1066 133 21 samma
1459 1065 125 27 organs
1615 1056 168 31 Överinse-

280 1105 96 29 ende.

323 1154 71 31 Mot
423 1156 65 29 vad
519 1156 381 36 departementschefen
929 1157 177 36 föreslagit
1135 1158 148 30 rörande
1312 1158 189 30 anvisande
1532 1167 42 20 av
1604 1159 110 29 medel
1744 1167 39 21 ur

278 1205 192 36 respektive
496 1206 78 30 läns
602 1207 208 35 lappfonder
838 1207 55 30 för
917 1208 196 29 beredande
1139 1218 41 20 av
1206 1208 218 36 möjligheter
1449 1208 56 30 för
1533 1217 91 27 unga
1652 1209 131 35 lappar,

278 1264 76 21 som
375 1254 74 31 icke
470 1256 122 30 kunna
613 1257 103 30 vinna
738 1256 53 30 sin
813 1257 168 36 bärgning
1002 1258 96 29 inom
1121 1258 223 35 renskötseln,
1367 1261 48 27 att
1436 1258 132 31 erhålla
1590 1258 194 30 lantbruks-

277 1305 67 29 och
368 1305 481 38 lanthushållsundervisning
875 1310 87 27 samt
986 1307 170 37 genomgå
1180 1307 55 31 för
1260 1308 137 30 bofasta
1423 1309 151 29 avsedda
1600 1309 184 35 ungdoms-

278 1355 118 30 skolor
416 1356 64 30 har
502 1357 166 30 utskottet
688 1355 84 31 intet
794 1359 49 27 att
864 1357 121 30 erinra.
1009 1358 14 28 I
1048 1358 197 36 anslutning
1268 1358 51 30 till
1342 1359 65 29 vad
1430 1359 354 34 utredningsmannen

280 1405 121 30 därom
428 1406 117 29 anfört
572 1406 58 29 vill
654 1407 165 29 utskottet
845 1407 188 30 emellertid
1060 1407 186 30 framhålla
1273 1408 292 35 angelägenheten
1594 1417 41 20 av
1661 1410 48 28 att
1735 1407 48 30 bi-

278 1456 129 35 dragen
426 1456 55 30 för
498 1457 121 35 dylika
639 1457 163 30 ändamål
823 1457 73 30 icke
916 1458 164 29 tillmätas
1100 1457 38 31 så
1157 1457 124 37 rikligt,
1303 1461 48 27 att
1371 1458 39 30 de
1430 1459 144 29 komma
1593 1461 49 27 att
1662 1459 122 35 utgöra

278 1516 43 20 en
342 1507 145 30 lockelse
507 1507 58 30 för
584 1508 282 35 lappungdomen
887 1511 48 27 att
955 1508 119 30 lämna
1094 1508 224 30 renskötseln.

325 1557 73 30 Vad
427 1557 10 29 i
466 1558 260 35 propositionen
755 1558 193 36 föreslagits
977 1559 150 29 rörande
1156 1559 100 30 sättet
1285 1559 56 30 för
1368 1559 170 36 gäldande
1568 1569 42 21 av
1641 1560 56 29 det
1723 1559 60 31 all-

276 1608 147 30 männas
446 1608 190 30 kostnader
661 1609 55 29 för
736 1608 267 36 ifrågavarande
1028 1609 412 36 upplåtelseverksamhet
1464 1610 197 30 föranleder
1685 1610 102 36 ingen

279 1658 139 30 erinran
447 1658 81 30 från
559 1660 181 29 utskottets
773 1659 86 30 sida.
890 1659 172 31 Utskottet
1092 1661 67 29 kan
1191 1659 101 31 alltså
1323 1660 180 36 tillstyrka,
1535 1663 49 28 att
1614 1669 41 21 ur
1682 1660 101 36 jämt-

277 1709 148 29 ländska
447 1709 298 36 renbetesfjällens
767 1709 189 36 skogsfond
977 1710 57 30 för
1054 1710 197 30 ändamålet
1272 1713 94 33 tages
1386 1711 9 29 i
1416 1711 154 36 anspråk
1591 1714 46 27 ett
1658 1711 125 36 belopp

279 1768 44 21 av
348 1760 138 35 500,000
511 1760 140 36 kronor,
677 1760 107 31 därav
811 1761 140 34 450,000
975 1761 132 29 kronor
1132 1761 48 29 till
1204 1761 171 36 gäldande
1401 1771 41 20 av
1468 1762 234 30 kostnaderna
1729 1762 56 30 för

278 1810 67 30 den
370 1809 195 37 föreslagna
587 1810 458 36 upplåtelseverksamheten
1068 1812 65 29 och
1156 1812 117 35 50,000
1295 1812 128 30 kronor
1445 1812 51 30 till
1520 1813 264 29 verksamheten

278 1861 80 29 med
380 1860 303 33 inventarielånen.
707 1861 13 30 I
743 1862 199 35 anslutning
965 1861 50 30 till
1038 1862 67 30 vad
1128 1863 379 35 departementschefen
1530 1863 175 35 föreslagit
1730 1872 52 27 sy-

278 1920 60 20 nes
363 1911 116 30 vidare
503 1912 158 35 lämpligt
684 1914 49 27 att
755 1912 68 30 den
848 1913 108 34 mark,
981 1922 76 20 som
1082 1913 146 30 avsättes
1253 1912 55 30 för
1332 1912 264 37 ifrågavarande
1619 1913 164 30 ändamål

278 1962 67 29 och
369 1962 112 30 ställes
507 1963 114 29 under
644 1962 372 36 egnahemsstyrelsens
1041 1963 220 36 förvaltning,
1285 1964 163 30 bokföres
1475 1963 20 31 å
1522 1964 262 30 domänfonden

278 2011 230 31 tillsammans
531 2013 80 29 med
632 2013 88 30 vissa
742 2012 55 30 för
819 2013 158 35 speciella
997 2013 178 36 uppgifter
1195 2014 228 35 disponerade
1442 2015 210 35 egendomar
1672 2024 44 21 m.
1737 2025 45 19 m.

279 2061 127 31 Likaså
424 2072 101 26 synes
545 2062 114 31 såsom
679 2063 9 29 i
706 2063 260 36 propositionen
985 2064 194 35 föreslagits
1197 2065 66 29 den
1283 2064 107 36 årliga
1409 2065 190 36 ersättning
1619 2065 54 30 för
1693 2075 90 20 mar-

279 2113 86 29 kens
391 2112 203 37 upplåtelse,
622 2123 73 20 som
723 2113 71 30 kan
821 2114 159 30 befinnas
1008 2115 87 30 böra
1122 2115 152 35 erläggas
1301 2114 49 31 till
1378 2116 258 35 domänverket,
1663 2116 121 30 kunna

279 2163 82 36 utgå
391 2163 78 30 från
501 2164 58 29 det
590 2165 108 29 under
729 2164 202 31 riksstatens
962 2165 129 30 nionde
1124 2166 193 29 huvudtitel
1349 2166 163 30 anvisade
1546 2167 152 35 anslaget
1729 2167 56 29 för

280 2213 199 36 Ersättning
504 2214 50 29 till
578 2217 126 28 statens
730 2215 184 30 domäners
938 2215 85 30 fond
1049 2215 57 30 för
1127 2215 166 37 upplåten
1317 2217 110 30 mark,

323 2263 70 32 Mot
423 2265 65 30 vad
519 2265 382 35 departementschefen
929 2265 177 37 föreslagit
1135 2267 146 30 rörande
1312 2267 188 32 anvisande
1531 2277 42 21 av
1602 2268 110 30 medel
1742 2277 42 20 ur

280 2314 232 34 skogsfonden
534 2315 56 29 för
609 2318 47 27 att
678 2316 203 29 arrendator
901 2316 86 29 skall
1008 2324 124 28 genom
1151 2317 335 35 egnahemsnämnds
1508 2317 135 36 försorg
1663 2318 120 29 kunna

277 2364 147 31 tilldelas
449 2365 335 36 konstgödselmedel
810 2366 65 30 och
901 2367 109 30 andra
1037 2366 57 31 för
1118 2367 203 36 jordbruket
1348 2367 224 37 erforderliga
1598 2368 184 30 förnöden-

276 2414 99 30 heter
395 2413 49 31 till
468 2418 47 27 ett
539 2416 106 30 värde
668 2425 41 21 av
732 2416 101 35 högst
861 2416 59 30 150
945 2416 131 30 kronor
1099 2416 55 31 för
1177 2416 38 31 år
1239 2417 66 30 har
1328 2418 163 30 utskottet
1516 2418 159 36 slutligen
1699 2418 85 30 intet

276 2466 50 29 att
351 2464 121 32 erinra.
