2196 2612
402 218 18 29 6
940 222 225 31 Statsutskottets
1189 224 147 30 utlåtande
1359 225 46 29 Nr
1427 226 76 28 203.

401 300 65 33 der
502 302 40 31 år
576 301 94 41 1922,
707 301 94 34 dock
831 303 128 33 endast
987 304 58 32 för
1067 304 61 33 fall
1153 309 50 29 att
1228 316 45 22 en
1298 306 187 43 beloppets
1511 308 231 35 utbetalande
1767 311 230 43 föregången,

400 355 46 41 på
471 354 284 34 föranstaltande
780 366 44 22 av
849 356 129 43 Kungl.
1006 358 98 42 Maj:t
1128 359 70 32 och
1217 359 84 33 med
1330 360 142 43 hänsyn
1505 361 51 32 till
1585 361 209 35 dåvarande
1825 364 173 33 situation

400 408 45 41 på
482 407 291 34 kolmarknaden
809 409 185 44 företagen
1024 411 274 44 undersökning
1326 414 87 42 gåve
1439 414 61 32 vid
1526 414 156 42 handen,
1709 419 49 29 att
1782 417 217 43 betingelser

399 460 57 32 för
480 471 46 22 en
546 461 233 34 ekonomiskt
802 463 160 33 lönande
988 464 84 32 drift
1096 464 124 34 kunde
1246 476 103 23 anses
1378 467 172 43 föreligga
1576 468 117 33 under
1717 469 70 32 den
1813 474 183 29 närmaste

399 513 205 34 framtiden.

508 567 67 34 Det
615 571 168 31 närmare
809 570 332 34 rättsförhållandet
1167 573 135 32 mellan
1332 577 114 29 staten
1472 574 70 32 och
1568 574 189 43 företagets
1783 577 213 33 nuvarande

399 624 116 39 ägare,
552 622 239 43 aktiebolaget
830 623 257 44 Spetsbergens
1116 626 156 33 svenska
1297 626 134 42 kolfält,
1459 627 115 33 skulle
1600 628 134 33 ordnas
1759 630 46 41 på
1829 629 59 33 det
1917 634 78 38 sätt,

399 678 49 28 att
483 674 96 33 detta
617 676 106 43 bolag
753 677 157 33 överläte
936 678 81 32 hela
1043 679 161 33 rörelsen
1229 681 46 41 på
1300 684 47 28 ett
1372 684 77 39 nytt
1473 681 116 43 bolag,
1615 682 76 32 vari
1717 686 114 29 staten
1857 684 139 33 erhölle

399 727 116 33 aktier
538 729 51 32 till
615 729 143 43 belopp,
772 731 258 33 motsvarande
1056 732 70 32 den
1151 733 128 43 gjorda
1304 733 175 34 kontanta
1495 735 168 41 insatsen,
1682 735 135 33 medan
1835 738 75 31 åter
1923 737 72 32 den

399 781 186 33 överlåtna
611 783 161 32 rörelsen
797 784 116 33 skulle
939 795 105 22 anses
1069 790 248 39 representera
1342 791 47 28 ett
1413 787 111 33 värde
1550 799 43 22 av
1617 789 20 31 3
1657 789 172 43 miljoner
1845 790 149 41 kronor,

398 834 51 33 till
485 835 112 33 vilket
635 836 132 43 belopp
806 837 116 33 aktier
957 838 116 33 skulle
1109 840 143 32 lämnas
1277 841 120 32 såsom
1422 841 124 32 likvid.
1596 842 48 32 På
1670 842 95 33 detta
1787 846 66 29 sätt
1878 844 116 32 skulle

398 888 230 43 aktieägarna
665 890 10 31 i
716 890 59 32 det
799 891 213 33 nuvarande
1037 893 142 43 bolaget
1203 893 96 33 bliva
1324 894 179 43 delaktiga
1528 895 9 32 i
1563 895 59 33 det
1646 906 70 33 nya
1742 896 142 44 bolaget
1908 897 86 33 med

397 945 47 29 ett
480 942 81 32 från
597 943 20 32 5
657 943 170 43 miljoner
866 944 140 33 kronor
1041 946 51 33 till
1127 947 20 32 3
1177 947 171 42 miljoner
1377 947 139 33 kronor
1540 948 189 34 reducerat
1753 950 144 43 belopp,
1923 951 70 33 och

397 995 113 41 alltså,
542 996 117 33 under
683 997 254 44 förutsättning
962 1009 45 22 av
1032 1010 45 21 en
1102 1000 110 33 insats
1238 1000 79 33 från
1342 1004 133 37 statens
1501 1002 76 32 sida
1604 1002 116 33 under
1745 1004 247 33 innevarande

397 1049 40 32 år
475 1049 85 32 med
599 1060 94 22 ovan
730 1051 153 43 angivna
922 1052 134 43 belopp
1093 1054 175 40 1,250,000
1303 1054 147 42 kronor,
1488 1055 268 43 aktiekapitalet
1781 1057 116 33 under
1921 1057 71 33 den

399 1102 111 33 första
550 1103 98 33 tiden
687 1114 43 23 av
764 1104 58 33 det
861 1115 71 33 nya
968 1106 159 44 bolagets
1163 1107 142 33 tillvaro
1341 1108 151 33 komma
1523 1113 48 28 att
1595 1110 118 42 uppgå
1738 1110 51 32 till
1818 1111 177 41 4,250,000

397 1155 147 33 kronor.

505 1209 72 33 För
602 1213 48 29 att
674 1211 201 43 ytterligare
901 1212 210 34 säkerställa
1135 1213 160 43 bolagets
1320 1215 229 43 möjligheter
1573 1220 48 28 att
1644 1216 162 33 fortsätta
1831 1218 161 32 rörelsen

396 1262 118 33 under
542 1263 70 33 den
639 1267 181 30 närmaste
844 1266 197 32 framtiden
1067 1266 114 33 skulle
1207 1267 176 43 därjämte
1408 1268 200 43 påfordras,
1634 1273 48 29 att
1707 1270 141 33 enskild
1873 1271 118 33 kredit

392 1316 123 33 kunde
559 1317 221 43 disponeras,
820 1319 91 32 intill
948 1319 71 33 den
1060 1320 13 32 1
1110 1321 69 42 juli
1217 1321 85 32 1922
1337 1322 51 31 till
1424 1322 134 43 belopp
1583 1333 44 22 av
1653 1323 174 41 1,500,000
1851 1324 140 33 kronor

392 1374 94 28 samt
510 1370 57 32 för
591 1371 98 32 tiden
714 1371 155 34 därefter
893 1376 21 29 t.
941 1384 31 21 o.
1000 1384 47 21 m.
1074 1373 70 33 den
1169 1374 43 32 30
1232 1374 82 42 juni
1340 1375 85 32 1923
1450 1376 53 32 till
1528 1380 47 28 ett
1599 1376 132 44 belopp
1755 1387 44 22 av
1815 1378 175 40 1,000,000

393 1422 148 34 kronor.
1494 1440 2 2 i

499 1477 68 32 Till
607 1478 183 34 vinnande
833 1489 44 22 av
916 1481 140 41 garanti
1086 1480 56 33 för
1167 1484 50 29 att
1240 1481 172 43 företaget
1436 1481 81 33 icke
1543 1483 190 43 överginge
1759 1484 9 31 i
1795 1484 193 33 utländska

392 1530 152 42 händer,
557 1531 92 32 hava
675 1532 11 31 i
710 1532 21 32 2
754 1532 21 43 8
800 1532 39 42 7),
865 1533 20 31 4
909 1533 22 42 8
956 1533 70 32 och
1051 1534 20 32 9
1095 1534 21 42 3
1140 1534 142 42 intagits
1307 1535 93 32 vissa
1417 1535 277 33 bestämmelser
1714 1547 45 22 av
1780 1537 208 33 huvudsak-

392 1583 61 43 ligt
478 1584 173 40 innehåll,
678 1588 48 29 att
751 1585 68 32 alla
845 1585 117 33 aktier
986 1587 10 31 i
1022 1586 60 32 det
1105 1597 70 32 nya
1201 1587 142 43 bolaget
1367 1587 102 33 skola
1496 1589 146 32 befinna
1667 1590 52 42 sig
1744 1591 9 31 i
1772 1591 130 32 svensk
1921 1594 66 40 ägo

392 1641 94 28 samt
524 1641 49 29 att
596 1637 160 43 bolagets
781 1638 188 44 tillgångar
994 1639 79 33 icke
1098 1641 60 31 må
1185 1644 87 28 utan
1296 1641 159 32 tillstånd
1482 1652 44 22 av
1552 1642 126 43 Kungl.
1707 1643 99 43 Maj:t
1830 1648 157 39 avyttras

390 1690 97 39 eller,
520 1691 3 31 i
549 1690 70 34 den
645 1692 87 31 mån
762 1691 93 33 detta
881 1692 73 33 kan
980 1693 10 31 i
1017 1694 113 42 övrigt
1155 1694 96 32 bliva
1277 1694 147 43 möjligt,
1451 1695 197 33 intecknas.
1699 1696 68 33 Det
1791 1697 196 33 förhållan-

390 1743 59 33 det
478 1748 49 28 att
552 1755 45 22 en
626 1748 80 39 post
731 1745 114 32 aktier
869 1746 10 31 i
909 1746 240 44 aktiebolaget
1174 1747 255 44 Spetsbergens
1455 1749 154 32 svenska
1635 1749 126 33 kolfält
1782 1761 60 21 om
1865 1752 10 31 i
1901 1756 85 28 runt

390 1797 47 33 tal
462 1798 143 40 350,000
630 1798 138 33 kronor
792 1801 80 40 äges
903 1810 44 22 av
972 1800 240 43 aktiebolaget
1241 1801 356 42 Isfjorden-Belsund
1618 1822 42 3 —
1681 1803 81 33 från
1783 1804 110 33 vilket
1911 1806 76 31 sist-

390 1851 162 32 nämnda
570 1851 106 43 bolag
705 1852 273 43 ifrågavarande
1008 1853 228 44 fyndigheter
1260 1855 119 32 såsom
1406 1866 96 22 ovan
1528 1859 154 39 nämnts,
1709 1858 277 44 ursprungligen

390 1904 200 33 förvärvats
604 1905 69 33 och
699 1906 76 32 vari
800 1906 112 32 sedan
937 1907 174 42 gammalt
1140 1918 45 22 en
1211 1908 176 43 aktiepost
1407 1919 45 22 av
1477 1909 143 33 mindre
1636 1911 134 32 storlek
1788 1922 85 22 men
1891 1912 95 33 dock

390 1958 250 43 överstigande
671 1970 44 21 en
745 1959 179 42 femtedel,
955 1961 198 32 innehaves
1184 1972 44 22 av
1258 1962 232 43 utlänningar
1514 1983 41 2 —
1581 1963 66 33 har
1670 1964 201 33 emellertid
1897 1966 90 32 nöd-

389 2011 227 43 vändiggjort
652 2023 45 21 en
733 2013 254 33 bestämmelse
1018 2025 44 21 av
1097 2015 180 32 innebörd
1303 2019 48 29 att
1380 2016 224 33 sistnämnda
1636 2017 106 43 bolag
1767 2019 70 40 må,
1863 2019 123 32 oaktat

389 2065 58 32 det
472 2065 79 33 icke
576 2065 103 33 torde
709 2066 132 32 liksom
869 2068 154 32 svenska
1049 2068 105 43 bolag
1184 2069 9 31 i
1224 2069 198 32 allmänhet
1456 2070 11 31 i
1497 2070 94 33 detta
1622 2071 207 33 hänseende
1859 2072 126 33 kunna

383 2119 202 42 jämställas
622 2119 84 33 med
742 2120 130 32 svensk
909 2132 98 30 man,
1044 2121 94 33 dock
1168 2122 137 33 erhålla
1331 2122 114 33 aktier
1469 2124 10 31 i
1505 2123 59 33 det
1589 2124 194 43 nybildade
1809 2126 142 43 bolaget
1975 2127 9 31 i

387 2172 230 33 förhållande
654 2173 50 32 till
739 2174 57 32 sitt
820 2174 160 32 innehav
1015 2185 43 22 av
1090 2175 114 32 aktier
1237 2176 8 31 i
1272 2176 239 43 aktiebolaget
1547 2178 254 43 Spetsbergens
1830 2179 154 33 svenska

388 2226 126 32 kolfält
550 2226 87 33 eller
672 2227 101 32 alltså
808 2227 83 33 med
928 2232 52 29 tre
1019 2228 213 33 femtedelar
1268 2240 43 22 av
1335 2230 142 41 350,000
1503 2230 146 42 kronor,
1675 2231 32 33 d.
1735 2243 30 21 v.
1792 2243 24 21 s.
1842 2233 143 40 210,000
