2212 2630
465 203 19 29 4
864 201 389 31 Konstitutronsutskottets
1276 200 168 32 Memorial
1466 201 66 30 N:o
1557 201 26 30 I.

610 285 223 40 (Nuvarande
858 284 144 42 lydelse.)

1450 283 218 42 (Föreslagen
1692 283 148 41 lydelse.)

1173 389 23 45 $
1226 391 57 34 20.

500 491 70 35 För
606 491 82 43 den,
718 504 77 23 som
825 490 125 36 blifvit
977 491 133 35 utsedd
1137 492 56 34 till

424 541 161 36 ledamot
616 542 11 34 i
660 541 127 35 Andra
819 541 229 44 Kammaren,
1077 541 117 36 utfär-

425 592 64 35 das
530 591 263 48 ofördröjligen
835 591 180 48 fullmagt,
1057 592 136 35 under-

424 642 164 36 skrifven
632 642 57 36 för
732 642 163 36 valkrets
936 646 20 32 å
996 642 122 36 landet
1158 642 39 35 af

425 692 306 44 domhafvanden,
760 712 50 4 —
838 692 54 36 för
919 693 91 44 stad,
1036 706 78 23 som
1133 706 61 23 en-

425 757 76 22 sam
531 743 130 36 sänder
687 744 268 47 riksdagsman,
984 743 40 36 af
1048 743 146 36 stadens

425 794 203 47 magistrat,
661 813 48 4 —
737 795 67 35 och
832 793 58 36 för
917 795 169 43 valkrets,
1116 807 77 23 som

426 845 122 35 består
576 843 39 37 af
639 845 88 35 flera
754 844 133 44 städer,
916 844 40 36 af
979 845 70 35 den
1078 845 115 47 magi-

426 900 102 38 strat,
562 908 76 23 som
671 896 98 34 valet
801 896 175 47 slutligen
1004 896 188 46 handlagt.

425 945 273 47 Fullmagterne
744 945 89 36 böra
877 945 108 36 hafva
1030 945 163 48 följande

426 995 159 49 lydelse:

503 1046 91 36 »Vid
622 1046 363 47 riksdagsmannaval
1012 1066 50 4 —
1082 1066 47 4 —
1147 1066 49 4 —

427 1095 90 46 (lika
545 1097 81 36 med
655 1097 226 36 motstående
908 1095 155 51 lydelse)
1082 1117 48 4 —
1148 1116 49 5 —

634 1147 68 37 Ort
728 1148 68 35 och
823 1148 65 35 tid.

425 1167 49 4 —

1340 490 69 36 För
1441 490 82 43 den,
1558 503 75 23 som
1663 489 124 36 blifvit
1816 490 130 35 utsedd
1975 490 57 34 till

1263 541 159 35 ledamot
1454 541 12 35 i
1498 541 127 35 Andra
1652 540 232 44 Kammaren,
1914 540 118 35 utfär-

1264 592 62 35 das
1380 590 263 48 ofördröjligen
1696 590 173 49 fullmagt
1915 591 13 35 i
1973 591 60 35 två

1263 642 190 48 exemplar,
1495 642 262 49 underskrifna
1784 641 58 36 för
1874 642 159 34 valkrets

1263 697 20 31 å
1310 693 125 35 landet
1463 691 39 36 af
1527 692 306 44 domhafvanden,
1861 692 56 35 för
1940 691 93 43 stad,

1263 756 77 23 som
1382 756 123 23 ensam
1538 743 131 35 sänder
1700 742 267 48 riksdagsman,
1997 741 40 36 af

1263 794 145 35 stadens
1442 794 203 46 magistrat,
1681 793 65 36 och
1774 792 60 37 för
1862 793 171 43 valkrets,

1263 857 77 23 som
1380 844 123 36 består
1543 843 39 36 af
1618 845 88 34 flera
1738 843 132 44 städer,
1899 842 39 36 af
1963 842 69 36 den

1264 895 202 48 magistrat,
1495 907 77 23 som
1600 896 98 34 valet
1724 895 174 46 slutligen
1918 893 117 35 hand-

1263 947 93 45 lagt;
1397 946 62 35 och
1499 945 93 36 skall
1634 945 57 36 det
1723 958 66 22 ena
1821 944 214 48 exemplaret

1265 996 238 49 öfverlemnas
1549 996 38 35 dat
1628 996 68 35 den
1737 995 102 36 valde
1876 996 60 35 och
1979 994 57 36 det

1265 1047 118 35 andra
1411 1046 178 36 wnsändas
1618 1046 56 36 till
1700 1046 336 47 Justitie-departe-

1266 1103 137 29 mentet.
1475 1096 272 49 Fullmagterne
1796 1096 89 35 böra
1931 1094 106 36 hafva

1266 1146 159 47 följande
1452 1147 157 48 lydelse:

1344 1197 91 35 »Vid
1463 1197 376 47 riksdagsmannaval,
1869 1209 75 23 som
1965 1196 71 36 den

1266 1267 50 4 —
1358 1267 49 4 —
1451 1248 124 35 hållits
1618 1248 13 34 i
1675 1247 43 36 N.
1760 1247 44 35 N.
1846 1247 190 47 domsaga»

1266 1296 76 47 ON.
1384 1298 43 35 N.
1468 1298 210 36 valdistrikt
1718 1297 40 36 af
1785 1297 44 36 N.
1858 1297 44 36 N.
1932 1297 105 35 dom-

1266 1347 118 50 saga»)
1412 1350 90 34 eller
1529 1349 28 35 »
1585 1349 44 35 N.
1653 1349 45 35 N.
1718 1348 96 36 stad»
1835 1345 201 48 (»städer»),

1267 1401 81 34 »har
1379 1400 44 35 N.
1456 1399 45 36 N.
1536 1399 126 36 blifvit
1689 1399 132 36 utsedd
1849 1399 59 35 till
1936 1398 101 36 leda-

1268 1456 75 30 mot
1371 1450 39 36 af
1433 1450 230 48 Riksdagens
1691 1449 127 36 Andra
1842 1449 195 36 Kammare

1266 1501 57 35 för
1364 1514 44 22 en
1447 1501 56 35 tid
1533 1500 40 36 af
1602 1505 55 31 tre
1685 1504 51 40 år,
1767 1499 160 36 räknade
1956 1498 81 36 från

1267 1552 66 35 och
1374 1551 83 36 med
1498 1552 69 35 den
1613 1554 15 32 1
1659 1550 154 36 Januari
1846 1550 190 36 nästkom-

1267 1602 132 35 mande
1439 1605 55 32 år»
1537 1600 103 46 (eller
1682 1614 61 22 om
1785 1602 96 34 valet
1913 1600 125 36 hållits

1266 1654 57 34 till
1355 1652 92 47 följd
1476 1652 40 36 af
1539 1652 224 47 Konungens
1790 1651 248 36 förordnande

1267 1717 57 21 om
1366 1716 72 35 nya
1475 1704 58 34 val
1575 1704 86 34 eller
1693 1716 59 22 om
1784 1702 253 46 riksdagsman

1267 1754 102 46 eljest
1397 1752 118 49 afgått
1541 1754 113 34 innan
1682 1753 69 36 den
1780 1753 67 43 tid,
1866 1752 57 36 för
1941 1752 96 35 hvil-

1267 1805 69 34 ken
1378 1805 71 34 han
1489 1803 124 36 blifvit
1645 1803 96 43 vald,
1770 1802 266 48 tilländalupit:

1268 1853 74 36 för
1385 1854 101 36 tiden
1533 1855 54 34 till
1633 1855 69 34 den
1753 1857 12 31 1
1802 1853 154 36 Januari
1997 1856 41 32 år

1268 1924 47 4 —
1355 1902 92 47 —>»),
1491 1905 167 35 »hvarom
1693 1904 102 36 detta
1827 1904 126 36 länder
1980 1904 57 34 till

1268 1956 101 35 bevis
1398 1956 68 35 och
1494 1956 202 48 fullmagt.>
1750 1954 69 37 Ort
1845 1955 67 35 och
1940 1953 66 36 tid.

1181 2106 23 45 $&
1232 2109 58 34 32.

511 2210 31 33 1.
598 2208 89 44 Den,
729 2220 78 24 som
848 2208 123 35 blifvit
1010 2209 57 35 till
1107 2209 93 35 riks-

432 2258 176 47 dagsman
650 2258 93 44 vald,
778 2260 103 43 skall,
913 2258 115 36 första
1058 2263 140 42 gången

1348 2211 31 32 1.
1432 2209 125 35 Innan
1599 2208 211 46 BFiksdagen
1853 2219 185 23 samman-

1271 2260 132 43 träder,
1440 2260 185 48 företages
1668 2257 98 36 inför
1811 2256 125 36 chefen
1980 2256 59 36 för
