2222 2644
461 137 39 31 20
878 138 357 44 Bevillningsutskottets
1257 141 188 32 betänkande
1468 142 53 31 Nr
1542 143 52 30 40.

1170 234 18 38 8
1213 234 48 29 11.

552 286 246 44 Skattskyldig
831 291 135 30 taxeras
999 289 58 32 till
1091 290 407 42 krigskonjunkturskatt
1521 293 20 30 å
1564 292 61 32 den
1649 295 64 37 ort,
1738 294 62 31 där
1823 293 67 32 han
1914 294 107 32 under

419 329 73 32 året
514 331 150 31 taxerats
687 330 60 32 till
771 331 161 32 inkomst-
956 332 60 31 och
1039 332 358 42 förmögenhetsskatt.

1174 427 18 38 8
1216 427 49 30 12.

551 481 305 33 Bestämmelserna
888 482 12 32 i
934 485 40 30 24
1008 486 19 38 &
1060 483 238 43 förordningen
1332 496 52 20 om
1407 484 159 33 inkomst-
1589 485 60 32 och
1672 486 352 43 förmögenhetsskatt

417 522 95 32 skola
535 528 64 36 äga
620 523 222 43 tillämpning
864 529 83 28 även
970 525 12 32 i
1005 526 102 41 fråga
1129 537 52 21 om
1204 526 417 43 krigskonjunkturskatt.

1175 620 18 39 8
1219 620 48 31 13.

550 674 214 43 Taxeringen
797 675 109 43 enligt
939 676 113 32 denna
1084 677 174 32 förordning
1309 683 80 36 äger
1411 689 74 21 rum
1508 679 38 31 år
1571 680 79 30 1916
1674 679 62 32 och
1760 679 187 33 sedermera
1969 681 50 31 år-

416 715 90 42 ligen
529 716 57 31 till
608 716 59 32 och
691 718 75 31 med
789 718 73 32 året
884 719 86 31 efter
993 718 68 40 det,
1085 720 106 31 under
1214 719 111 32 vilket
1347 731 119 31 genom
1489 720 104 42 nådig
1616 721 204 42 kungörelse
1836 722 184 32 tillkänna-

415 758 117 41 givits,
556 760 56 30 att
634 758 295 43 krigstillståndet
950 760 91 32 skall
1063 772 96 22 anses
1183 761 89 32 hava
1295 762 158 32 upphört.

549 800 213 43 Taxeringen
801 803 205 32 verkställes
1044 814 45 21 av
1126 814 40 21 en
1198 773 166 63 särskild
1384 804 132 39 nämnd,
1552 804 117 32 kallad
1693 805 327 43 krigskonjunktur-

415 841 250 33 skattenämnd.

551 884 110 32 Sådan
695 885 125 32 nämnd
854 888 91 31 utses
978 887 50 32 för
1050 887 95 42 varje
1166 887 58 32 län
1247 888 61 32 och
1330 888 54 32 för
1407 887 211 33 Stockholms
1641 889 78 31 stad
1744 900 43 20 av
1811 889 210 42 Konungens

416 925 361 43 befallningshavande
810 928 61 32 och
904 928 88 32 skall
1025 929 95 32 bestå
1153 941 42 20 av
1229 931 106 31 minst
1357 933 20 29 4
1399 930 103 42 högst
1525 932 18 31 8
1567 930 195 33 ledamöter.
1811 931 209 42 Konungens

416 967 359 43 befallningshavande
798 973 92 29 utser
909 971 131 42 jämväl
1062 972 218 42 suppleanter
1303 972 56 32 till
1382 972 105 39 antal,
1511 973 235 32 motsvarande
1769 974 106 31 minst
1890 974 130 31 hälften

415 1019 44 22 av
481 1010 130 32 antalet
633 1011 173 32 ordinarie
828 1012 191 33 ledamöter.
1065 1014 106 32 Såväl
1193 1014 174 32 ordinarie
1389 1015 184 31 ledamöter
1596 1026 68 21 som
1688 1015 219 43 suppleanter
1928 1017 92 30 utses

414 1051 58 32 till
507 1053 102 32 minst
642 1053 103 32 halva
778 1054 132 31 antalet
941 1054 53 32 för
1020 1055 57 31 län
1100 1056 103 31 bland
1227 1056 231 32 ledamöterna
1479 1056 83 33 eller
1584 1057 264 42 suppleanterna
1871 1058 12 31 i
1906 1056 113 33 länets

414 1094 311 47 prövningsnämnd
758 1096 62 31 och
851 1097 52 31 för
932 1096 212 33 Stockholms
1171 1097 77 32 stad
1271 1097 105 33 bland
1399 1098 228 33 ledamöterna
1649 1098 84 33 eller
1755 1099 265 43 suppleanterna

413 1147 13 20 1
448 1136 135 33 stadens
604 1138 318 47 prövningsnämnd.

549 1178 604 44 Krigskonjunkturskattenämnden
1176 1181 269 32 sammanträder
1467 1181 53 32 för
1542 1182 58 32 län
1624 1182 12 32 i
1658 1183 274 32 residensstaden
1956 1183 61 32 och

414 1220 52 32 för
503 1220 210 33 Stockholms
748 1222 77 31 stad
852 1222 12 31 i
887 1222 196 33 Stockholm
1106 1224 19 30 å
1146 1223 63 38 tid,
1233 1234 71 21 som
1326 1226 145 30 utsättes
1494 1234 44 21 av
1560 1224 212 41 Konungens
1794 1224 224 42 befallnings-

414 1261 155 33 havande
593 1263 60 32 och
676 1263 200 32 bestämmes
898 1265 46 38 så,
969 1267 53 29 att
1044 1265 182 32 nämndens
1249 1266 142 31 arbeten
1414 1267 53 30 må
1488 1276 85 22 vara
1596 1266 180 32 avslutade
1798 1267 13 30 i
1833 1267 98 32 länen
1947 1267 71 32 före

413 1304 63 32 den
512 1306 16 30 1
563 1305 169 32 december
765 1306 62 32 och
861 1306 11 31 i
902 1305 196 33 Stockholm
1125 1307 71 32 före
1218 1308 90 31 årets
1332 1308 81 31 slut.
1458 1307 62 33 Om
1542 1308 55 31 tid
1620 1308 60 32 och
1704 1309 101 31 ställe
1828 1309 52 31 för
1902 1314 115 27 nämn-

414 1346 79 32 dens
527 1348 249 31 sammanträde
809 1348 156 32 utfärdar
998 1349 210 42 Konungens
1242 1349 369 42 befallningshavande
1643 1353 114 29 senast
1789 1350 65 32 den
1887 1352 37 30 15
1949 1351 69 42 juli

413 1388 127 32 allmän
575 1389 202 42 kungörelse
810 1393 88 29 samt
921 1391 216 32 underrättar
1160 1392 11 31 i
1194 1392 65 41 god
1282 1392 51 31 tid
1357 1392 83 39 dem,
1464 1403 69 21 som
1555 1392 104 32 blivit
1681 1391 144 34 utsedda
1846 1392 59 32 till
1927 1393 92 31 leda-

414 1433 107 29 möter
542 1431 13 31 i
577 1432 177 31 nämnden.

546 1473 110 32 Möter
677 1473 54 32 för
747 1474 149 32 ledamot
911 1474 12 32 i
939 1474 167 33 nämnden
1120 1475 120 32 hinder
1256 1477 53 30 att
1323 1475 315 39 tillstädeskomma,
1654 1477 61 31 bör
1729 1477 158 31 anmälan
1903 1476 116 32 därom

413 1514 242 43 ofördröjligen
688 1516 138 41 ingivas
859 1516 57 32 till
948 1517 210 42 Konungens
1192 1517 375 43 befallningshavande,
1601 1529 71 21 som
1696 1518 151 32 därefter
1869 1518 149 33 inkallar

413 1557 249 32 vederbörande
685 1557 193 43 suppleant.
1533 1583 4 3 :

546 1599 84 38 Den,
665 1611 70 20 som
781 1599 80 33 blivit
883 1601 122 32 utsedd
1028 1600 58 33 till
1109 1601 146 32 ledamot
1279 1603 12 30 i
1314 1601 166 33 nämnden
1504 1601 83 33 eller
1609 1601 156 33 inkallad
1788 1603 13 30 i
1823 1602 120 32 stället
1965 1603 53 31 för

411 1640 170 33 ordinarie
613 1641 158 39 ledamot,
807 1653 75 21 men
915 1645 82 29 utan
1029 1644 255 41 vederbörligen
1318 1645 130 31 anmält
1481 1644 116 32 förfall
1619 1644 72 32 icke
1715 1645 145 31 infinner
1882 1645 54 42 sig
1959 1645 58 31 vid

412 1683 183 32 nämndens
618 1684 271 39 sammankomst,
912 1685 90 32 skall
1024 1685 80 32 böta
1126 1686 168 42 tjugufem
1317 1686 132 32 kronor.

1169 1780 19 38 8
1212 1780 48 30 14.

544 1833 127 33 Genom
693 1834 213 40 kungörelse,
930 1846 70 21 som
1023 1836 44 32 bl.
1091 1847 29 21 a.
1144 1836 254 43 offentliggöres
1421 1839 11 29 i
1455 1839 112 30 ortens
1583 1837 188 42 tidningar,
1788 1837 98 38 skall,
1900 1847 118 31 genom

410 1875 207 43 Konungens
640 1876 377 43 befallningshavandes
1040 1878 140 43 försorg,
1204 1845 219 82 meddelande
1445 1879 131 32 lämnas
1600 1878 239 33 allmänheten.

1168 1974 18 38 8
1211 1973 47 31 15.

543 2028 246 43 Skattskyldig
822 2040 70 21 som
922 2040 97 22 anser
1052 2029 53 43 sig
1138 2031 43 42 på
1203 2030 111 42 grund
1338 2042 43 20 av
1405 2032 11 30 i
1439 2033 18 38 8
1479 2033 20 29 4
1521 2030 155 32 lämnade
1699 2030 211 32 föreskrifter
1933 2030 84 32 eller

407 2080 43 21 av
473 2080 112 22 annan
608 2071 182 42 anledning
813 2071 88 32 hava
923 2075 71 29 rätt
1016 2071 118 33 fordra
1157 2073 222 32 skattefrihet
1401 2072 85 33 eller
1508 2072 220 42 nedsättning
1744 2073 11 31 i
1771 2073 144 31 taxerad
1931 2083 83 21 mer-

406 2111 157 39 inkomst,
597 2118 81 37 äger
710 2117 54 28 att
793 2114 113 31 härom
928 2114 59 31 till
1010 2114 209 42 Konungens
1242 2114 368 42 befallningshavande
1632 2115 73 32 före
1729 2114 63 32 den
1817 2117 16 29 1
1858 2116 84 41 sept.
1966 2115 48 30 in-

408 2154 104 31 sända
545 2155 166 38 anmälan,
747 2155 124 42 åtföljd
894 2167 41 21 av
957 2156 41 32 de
1020 2156 103 43 intyg
1145 2156 83 32 eller
1251 2157 106 31 andra
1379 2157 207 41 handlingar
1609 2157 66 31 han
1698 2157 57 31 till
1778 2156 77 32 stöd
1878 2157 52 32 för
1952 2157 63 31 sitt

406 2196 156 42 yrkande
597 2196 62 33 vill
693 2197 158 42 åberopa;
879 2198 180 42 åliggande
1093 2199 56 31 det
1182 2198 196 43 aktiebolag
1408 2199 59 32 och
1499 2198 198 33 solidariskt
1730 2198 189 42 bankbolag
1946 2209 69 21 som
