2226 2652
626 136 352 43 DBevillningsutskottets
1001 137 191 31 betänkande
1215 136 54 31 Nr
1290 136 53 31 40.
1708 135 39 30 41

317 224 71 38 Om
429 225 213 50 skyldighet
674 229 54 31 att
757 226 132 47 avgiva
916 224 177 37 särskilda
1119 224 273 36 deklarationer
1418 224 67 35 och
1514 222 192 50 uppgifter
1731 223 59 35 till

181 276 154 48 ledning
361 276 59 36 vid
451 277 162 46 taxering
641 289 42 22 av
710 276 176 36 tantieme
914 276 147 47 stadgas
1088 277 12 34 i
1129 277 44 34 21
1204 274 34 45 8.

941 415 19 32 5
991 410 33 44 $.

317 505 77 35 Har
429 508 120 45 någon
576 505 60 35 vid
665 506 207 47 beräkning
898 518 44 22 av
971 504 213 36 deklarerad
1211 504 162 36 inkomst
1399 503 168 47 avdragit
1595 502 194 37 driftkost-

182 555 84 44 nad,
309 568 78 23 som
427 556 81 35 icke
548 562 40 29 är
627 560 55 31 att
708 554 155 37 hänföra
889 556 58 34 till
974 556 140 47 verklig
1141 555 113 35 sådan
1283 556 90 34 eller
1399 554 79 36 icke
1506 557 74 32 står
1606 555 13 34 i
1647 554 142 47 rimligt

181 606 232 36 förhållande
453 607 58 34 till
553 607 179 35 rörelsens
773 605 237 46 omfattning,
1052 607 89 34 eller
1180 606 107 47 eljest
1319 604 167 48 avdragit
1513 604 168 44 kostnad,
1711 617 78 23 som

183 656 291 49 uppenbarligen
514 658 133 34 saknar
686 656 177 36 samband
903 657 83 34 med
1019 657 226 35 inkomstens
1273 655 251 44 förvärvande,
1554 655 91 35 skall
1674 655 116 47 krigs-

182 708 330 47 konjunkturskatt
551 709 12 33 i
604 707 299 36 förekommande
942 707 65 35 fall
1034 710 99 44 utgå,
1163 715 90 27 även
1281 719 60 23 om
1368 705 156 36 berörda
1551 705 137 48 avdrag
1714 705 75 35 för-

180 758 128 43 anlett,
336 763 54 30 att
417 758 172 48 taxering
616 757 58 37 för
701 758 180 36 inkomst-
900 758 66 35 och
985 757 379 48 förmögenhetsskatt
1378 757 79 35 icke
1476 758 95 34 skett
1587 757 57 34 till
1660 756 129 36 sådant

181 808 145 48 belopp,
355 821 78 23 som
462 809 14 34 i
504 811 20 34 3
553 808 23 44 $
604 808 229 43 förutsättes,
862 809 68 35 och
958 809 91 34 skall
1077 808 212 47 beräkning,
1317 820 127 23 varom
1463 809 12 32 i
1495 809 22 33 4
1537 805 16 45 8
1575 814 93 40 sägs,
1684 807 105 36 verk-

180 861 126 33 ställas
335 864 87 30 utan
451 859 146 49 hänsyn
625 861 58 34 till
711 858 129 36 sådant
868 859 147 48 avdrag.

316 908 77 37 Har
419 910 13 35 i
459 908 77 46 fall,
565 922 126 24 varom
720 923 51 22 nu
800 916 40 29 är
866 915 92 42 sagt,
987 909 175 48 avdraget
1180 909 135 47 belopp
1333 908 316 48 tillgodokommit
1667 920 121 23 annan

180 962 119 33 såsom
339 960 174 44 inkomst,
555 965 90 30 utan
686 966 52 30 att
766 961 124 34 kunna
916 960 185 35 beskattas
1128 962 48 45 på
1201 958 125 46 grund
1353 972 44 22 av
1424 959 326 35 bestämmelserna
1776 959 13 33 i

183 1012 20 33 2
223 1008 35 45 $,
286 1023 83 23 vare
393 1011 139 47 jämväl
561 1010 119 36 denne
709 1010 126 36 härför
862 1010 254 49 skattskyldig,
1146 1009 121 36 därest
1294 1009 44 36 de
1357 1010 11 35 i
1390 1011 20 34 3
1435 1008 22 45 $
1476 1008 175 49 stadgade
1670 1008 117 36 förut-

180 1062 208 47 sättningar
415 1060 58 36 för
500 1061 314 49 skattskyldighet
842 1062 106 47 eljest
975 1061 188 47 föreligga.

940 1199 19 34 6
989 1195 34 45 $.

315 1289 70 36 Det
423 1289 146 48 belopp,
606 1290 151 35 varmed
784 1289 61 36 vid
872 1292 95 33 årets
994 1290 169 47 taxering
1189 1290 60 35 till
1276 1289 179 35 inkomst-
1482 1289 68 34 och
1578 1287 210 49 förmögen-

180 1341 180 36 hetsskatt
387 1340 229 35 inberäknad
643 1341 163 35 inkomst
834 1353 43 22 av
904 1340 63 35 det
993 1341 89 47 slag,
1111 1352 78 23 som
1217 1341 13 33 i
1259 1341 19 34 2
1308 1337 23 45 $
1358 1339 68 35 och
1456 1340 20 34 5
1505 1337 23 45 &
1556 1338 114 35 andra
1689 1343 98 43 styc-

179 1392 61 35 ket
267 1398 93 41 sägs,
388 1392 203 46 överstiger
618 1391 197 36 medeltalet
842 1404 44 22 av
914 1391 261 43 motsvarande,
1200 1390 86 36 ären
1306 1389 99 37 1913
1423 1390 60 35 och
1504 1389 96 36 1914
1621 1389 167 35 tazerade

177 1442 202 42 inkomster,
421 1442 114 35 kallas
574 1442 12 34 i
629 1441 118 36 denna
773 1441 221 48 förordning
1021 1441 228 36 matematisk
1278 1440 232 36 merinkomst
1536 1440 62 36 och
1627 1440 160 35 nämnda

178 1492 165 37 medeltal
369 1492 216 36 inkomstens
611 1492 177 36 medeltal.

313 1543 77 35 Den
418 1542 59 35 del
505 1556 45 22 av
577 1543 68 35 den
674 1542 254 36 matematiska
957 1542 281 42 merinkomsten,
1267 1554 79 23 som
1373 1542 67 35 har
1466 1541 55 35 sin
1549 1540 122 48 grund
1694 1541 12 34 i
1726 1540 62 36 det

177 1606 134 34 genom
348 1593 307 48 krigstillståndet
687 1592 241 37 framkallade
955 1594 109 47 läget,
1093 1592 199 36 benämnes
1321 1592 307 48 beskattningsbar
1655 1591 132 36 merin-

178 1644 122 36 komst.

938 1727 83 44 78.

313 1819 69 37 Om
411 1832 169 23 summan
608 1833 42 23 av
678 1821 264 47 skattskyldigs
960 1821 346 48 beskattningsbara
1320 1820 283 35 merinkomster
1617 1832 43 22 av
1675 1825 111 29 samt-

179 1871 76 48 liga
291 1870 280 36 inkorstkällor
597 1872 80 35 icke
704 1875 144 44 uppgår
874 1872 58 35 till
962 1873 108 42 2,000
1097 1872 147 43 kronor,
1274 1879 86 40 äger
1387 1872 169 46 taxering
1583 1871 79 34 icke
1689 1882 95 23 rum.

313 1919 122 37 Slutar
463 1921 161 36 nämnda
652 1935 144 22 summa
822 1923 80 35 icke
929 1925 21 33 å
973 1923 127 45 jämna
1119 1922 200 36 hundratal
1338 1922 145 43 kronor,
1500 1920 182 36 avrundas
1697 1920 88 36 den-

178 1982 140 24 samma
346 1972 60 35 vid
435 1973 217 46 taxcringen
679 1973 59 35 till
766 1978 164 30 närmast
957 1974 99 46 lägre
1084 1972 95 36 fulla
1206 1972 195 36 hundratal
1431 1972 146 35 kronor.

935 2101 20 33 8
984 2098 34 44 $.

314 2188 441 48 Krigskonjunkturskatt
783 2191 177 36 beräknas
989 2193 114 47 enligt
1130 2193 122 36 denna

312 2250 128 42 Bihang
457 2252 48 31 till
520 2252 179 42 riksdagens
713 2254 155 41 protokoll
883 2255 93 31 1916.
1017 2256 15 29 7
1054 2255 88 31 saml.
1177 2258 43 30 35
1236 2257 77 42 häft.
1348 2258 68 37 (Nr
1432 2259 69 37 40.)
1725 2261 17 29 6
