2223 2674
655 177 359 42 Bevillningsutskottets
1036 177 162 31 memorial
1222 176 51 31 Nr
1295 177 54 31 45.
1757 177 17 31 9

335 263 233 33 Vidhållande
603 263 54 31 sin
684 262 104 32 ofvan
812 261 154 32 uttalade
989 261 223 43 uppfattning
1234 261 142 32 rörande
1398 260 264 43 tillämpningen
1684 260 13 32 i
1720 261 97 33 detta

200 306 70 34 fall
303 306 39 32 af
372 309 19 38 8
426 307 17 31 1
471 317 95 21 mom.
589 305 36 42 b)
652 305 13 32 i
687 304 467 33 tulltaxeunderrättelserna
1176 304 64 32 vill
1263 303 171 43 styrelsen
1458 303 140 32 likvisst
1621 303 195 40 framhålla,

203 352 56 31 att
294 349 102 33 äfven
421 349 108 32 denna
551 347 222 43 tillämpning
796 347 74 33 med
893 347 134 43 hänsyn
1051 346 58 33 till
1133 346 307 33 öfverklädnadens
1462 346 199 33 varierande
1683 346 133 33 beskaf-

200 393 120 32 fenhet
351 392 63 32 och
436 402 123 22 varans
582 391 60 31 till
664 360 86 73 följd
773 390 103 32 häraf
896 390 135 42 mycket
1055 390 168 31 växlande
1245 390 103 32 värde
1371 389 130 32 medför
1524 399 40 21 en
1586 389 110 43 ojämn
1719 389 62 32 och
1803 388 11 33 i

201 436 128 41 många
352 434 65 32 fall
439 434 141 32 obilligt
602 434 67 41 hög
692 433 70 31 tull
783 433 54 31 för
859 443 109 21 varan
991 433 11 31 i
1024 432 110 42 fråga.

340 477 77 32 Som
440 487 40 20 en
504 476 87 43 följd
615 476 38 31 af
673 475 62 32 den
759 477 110 30 större
893 474 256 43 specialisering
1172 485 46 20 nu
1240 473 158 42 gällande
1414 475 83 30 taxa
1512 473 199 39 innehåller,
1730 473 86 43 jäm-

204 518 76 34 förd
313 519 75 32 med
423 520 79 31 1906
537 520 55 30 års
625 520 91 37 taxa,
752 517 61 32 har
841 516 255 33 bestämmelsen
1119 517 12 31 i
1154 516 213 32 sistnämnda
1390 518 92 37 taxa,
1507 519 55 29 att
1585 515 230 43 »slöjdvaror»,

203 561 212 33 beträffande
448 561 121 32 hvilka
603 559 392 33 hufvudbeståndsdelen
1030 559 28 43 ej
1094 559 112 32 kunde
1241 559 73 31 med
1348 558 157 32 säkerhet
1529 560 148 37 utrönas,
1705 556 111 34 skulle

204 605 107 41 draga
338 615 40 21 en
401 603 69 32 tull
494 604 36 32 af
554 605 36 31 15
613 604 140 41 procent
776 603 44 42 på
842 602 130 39 värdet,
997 603 130 31 ansetts
1151 601 208 42 öfverflödig.
1406 601 92 32 Dock
1522 601 62 31 har
1606 601 53 32 för
1683 602 50 30 ett
1757 612 61 31 par

204 647 106 32 under
344 646 176 43 afdelning
554 645 91 33 VIII
670 645 31 33 G
735 648 178 40 upptagna
945 646 244 30 sammansatta
1218 643 159 39 artiklar,
1402 644 171 42 nämligen
1596 643 221 42 »afdelnings-

203 689 179 39 skärmar»,
410 689 93 32 rubr.
528 690 71 38 566,
623 688 61 33 och
708 687 272 43 »rullgardiner»,
1004 687 91 32 rubr.
1121 688 69 38 569,
1216 686 85 32 efter
1324 686 37 32 af
1382 686 352 42 kommerskollegium
1757 686 61 32 och

204 732 381 43 generaltullstyrelsen
609 731 12 32 i
644 732 207 41 gemensamt
874 730 180 32 utlätande
1077 729 100 43 gjord
1199 729 268 41 framställning,
1493 729 156 42 stadgats
1673 739 39 21 en
1736 728 81 32 tull-

202 777 74 30 sats
299 775 38 31 af
358 776 37 31 15
420 776 138 40 procent
581 776 43 40 på
646 774 130 32 värdet.
813 773 51 32 Då
887 773 169 42 styrelsen
1074 774 51 30 för
1140 772 53 32 sin
1210 772 53 32 del
1280 782 98 22 anser
1394 772 109 32 denna
1519 771 142 32 tullsats
1678 783 138 31 synner-

203 817 93 43 ligen
329 817 144 42 lämplig
506 816 103 32 äfven
642 816 53 32 för
722 815 223 44 skyltfigurer
968 815 83 32 eller
1074 815 220 43 skyltdockor
1316 815 38 31 af
1375 814 99 32 ofvan
1497 814 125 32 nämnd
1645 813 84 33 eller
1751 814 65 32 lik-

204 860 109 32 nande
336 859 242 38 beskaffenhet,
603 869 99 22 anser
724 858 177 44 styrelsen,
926 859 52 31 att
1000 857 105 42 sagda
1127 857 127 32 artikel
1278 857 61 31 bör
1358 858 170 41 upptagas
1544 856 107 32 under
1667 856 151 32 särskild

202 903 131 38 rubrik,
357 902 152 39 hvilken,
533 901 75 33 med
631 902 132 42 hänsyn
787 900 119 33 därtill
930 901 53 31 att
1006 899 219 44 skyltdockor
1241 899 205 33 förekomma
1459 899 131 42 jämväl
1609 900 82 30 utan
1706 900 110 31 öfver-

204 944 161 37 klädnad,
390 944 204 43 exempelvis
618 944 38 31 af
675 944 142 41 rotting,
842 943 96 32 torde
963 943 79 31 böra
1065 943 145 31 insättas
1233 942 105 32 under
1362 941 179 42 afdelning
1562 941 84 33 XVI
1672 942 60 31 och
1757 942 60 32 där

204 987 186 43 lämpligen
413 986 125 32 mellan
560 986 203 32 rubrikerna
786 987 80 30 1317
891 985 61 32 och
977 986 79 31 1318
1080 987 90 30 samt
1192 983 132 34 erhålla
1346 983 150 44 följande
1519 984 144 42 lydelse:

541 1071 222 42 Skyltfigwrer
785 1070 78 32 eller
885 1069 206 43 skyltdockor
1112 1070 41 37 (s.
1177 1069 28 32 k.
1229 1069 276 41 mannekänger):

607 1113 218 40 öfverklädda
840 1113 72 31 med
927 1112 242 39 spånadsvara,
1183 1111 99 33 skinn
1295 1111 76 32 eller
1384 1111 104 41 dylikt
1525 1114 43 28 100
1581 1111 118 32 kronor
1711 1113 54 30 15:
1775 1130 42 5 —

608 1156 109 31 andra
750 1155 88 40 slag:
872 1154 245 32 tullbehandlas
1148 1155 109 31 såsom
1281 1155 130 31 arbeten
1434 1154 38 40 af
1494 1154 53 31 det
1570 1157 103 36 ämne,
1696 1154 126 43 hvaraf

678 1198 39 32 de
741 1197 276 41 hufvudsakligen
1040 1197 99 32 bestå.

1300 1341 188 34 Vidimeras
1512 1352 41 21 ex
1575 1341 107 32 officio

1344 1401 108 32 Arvid
1474 1401 168 40 Nyström.

1504 1646 70 31 Bil.
1597 1646 25 31 I
1640 1646 43 32 B.

410 1823 72 33 Till
504 1823 208 44 byråchefen
734 1835 43 20 m.
800 1835 42 20 m.
866 1823 37 33 P.
926 1823 33 33 J.
983 1822 40 33 E.
1046 1823 107 33 Ruus.

343 1916 125 43 Enligt
501 1916 141 44 uppgift
675 1917 79 31 från
788 1928 41 20 en
862 1916 345 32 maltextraktfabrik
1240 1916 116 32 lämna
1384 1918 60 31 100
1471 1915 57 44 kg.
1552 1915 87 34 malt
1661 1916 157 43 omkring

208 1961 40 30 66
273 1959 57 42 kg.
353 1959 243 40 maltextrakt;
620 1959 98 32 detta
741 1959 112 32 håller
875 1960 40 30 80
931 1961 140 40 procent
1087 1958 155 32 verkligt
1258 1959 138 31 extrakt
1411 1958 58 33 och
1489 1960 39 31 20
1544 1961 138 40 procent
1697 1961 121 30 vatten

207 2001 63 33 och
304 2006 39 27 är
377 2001 58 32 det
468 2002 181 38 starkaste,
674 2012 68 21 som
766 2001 97 32 öfver
889 2000 133 33 hufvud
1049 2001 220 32 framställes.
1314 2001 18 32 I
1359 2000 342 44 kontrollstyrelsens
1724 2001 94 33 redo-

209 2043 133 42 görelse
375 2044 53 31 för
461 2043 487 44 maltdryckstillverkningen
983 2043 106 32 under
1123 2045 164 31 1910—11
1315 2044 185 43 uppgifves
1527 2046 38 30 25
1589 2043 124 32 kronor
1735 2055 84 21 vara

208 2086 216 43 medelpriset
446 2086 53 33 för
521 2086 85 43 köpt
629 2086 95 32 malt.
770 2086 272 43 Materialpriset
1064 2086 53 32 för
1141 2088 16 30 1
1182 2086 56 43 kg.
1263 2086 250 43 80-procentigt
1533 2086 142 33 extrakt
1689 2086 69 33 blir
1775 2087 43 32 då

208 2129 70 37 25/66
302 2130 124 31 kronor
443 2145 33 11 =
493 2131 69 30 37.9
587 2134 66 27 öre.
697 2128 353 44 Försäljningspriset
1073 2134 38 26 är
1134 2128 227 42 naturligtvis
1384 2128 136 33 mycket
1540 2128 104 43 högre
1660 2129 59 32 och
1736 2141 81 31 upp-

209 2171 77 43 gafs
313 2182 86 22 vara
428 2173 69 30 1.50
521 2172 13 31 i
556 2171 104 44 detalj
690 2171 62 33 och
780 2173 69 30 1.35
874 2171 124 32 kronor
1019 2172 13 31 i
1053 2171 94 44 parti
1170 2171 84 32 eller
1277 2177 91 26 ännu
1390 2171 170 42 billigare.
1605 2171 89 32 Hela
1718 2171 99 32 malt-

209 2213 434 43 extraktstillverkningen
676 2214 12 31 i
721 2214 116 32 landet
870 2213 170 33 bedrifves
1074 2213 58 32 vid
1166 2215 18 31 5
1211 2213 152 33 fabriker
1386 2213 59 33 och
1468 2213 160 44 utgjorde
1653 2215 164 31 1910—11

209 2255 90 33 blott
321 2258 113 37 27,949
458 2256 57 42 kg.
539 2256 74 32 med
637 2267 40 21 en
700 2256 235 43 medelstyrka
958 2256 37 32 af
1015 2258 40 30 74
1077 2259 148 40 procent.

344 2316 130 42 Bihang
497 2316 48 32 till
567 2316 195 42 Riksdagens
783 2316 154 42 protokoll
959 2317 94 31 1912.
1100 2318 17 29 7
1139 2316 89 32 saml.
1263 2316 42 32 38
1327 2316 81 43 häft.
1454 2316 66 39 (N7
1542 2317 65 39 45.)
1757 2318 17 30 2
