1882 2820
80 2335 136 23 Utskottets

88 2370 117 30 yttrande.

272 156 41 31 70
759 159 230 29 Statsutskottets
1012 160 148 28 utlåtande
1181 160 49 28 Nr
1251 158 28 32 4.

324 233 17 31 I
365 232 151 43 enlighet
538 233 141 32 härmed
701 235 151 40 upptogs
876 234 171 32 ordinarie
1070 234 385 43 reservationsanslaget
1470 236 54 32 till
1539 236 234 43 flygövningar

271 283 11 31 i
305 283 187 32 riksstaten
514 284 53 31 för
589 283 204 42 budgetåret
817 285 207 32 1926-—1927
1049 285 87 39 med,
1160 285 11 31 i
1194 286 167 32 avrundat
1379 286 55 39 tal,
1454 287 166 38 1,189,000
1635 288 136 33 kronor.

323 333 69 32 För
413 334 232 32 innevarande
667 335 176 42 budgetår,
867 335 110 32 under
1000 336 105 31 vilket
1127 336 277 42 flygövningarna
1426 340 131 30 avsetts
1580 340 50 30 att
1645 338 128 33 erhålla

271 394 128 22 samma
432 385 214 42 omfattning,
682 397 74 20 som
790 386 109 31 under
932 386 59 32 det
1017 387 293 42 nästföregående,
1334 387 60 32 har
1417 388 155 42 anslaget
1595 389 177 42 upptagits

270 434 78 33 med
374 435 198 33 oförändrat
593 436 138 42 belopp.

322 530 388 51 Departementschefen
744 539 62 31 har
839 540 52 31 för
923 540 204 42 budgetåret
1151 541 215 38 1928—1929,
1391 541 78 31 med
1491 542 218 42 iakttagande
1733 554 40 20 av

269 589 71 32 viss
373 589 198 42 förhöjning
603 601 41 20 av
676 590 157 41 priserna
865 592 44 39 på
941 590 125 32 bensin
1090 591 63 31 och
1177 592 68 41 olja
1267 591 12 31 i
1301 591 213 33 förhållande
1537 593 53 31 till
1614 593 80 32 1925
1717 594 55 31 års

269 640 234 42 beräkningar,
539 640 201 43 uppskattat
773 641 282 32 medelsbehovet
1081 641 52 32 till
1157 643 166 38 1,349,285
1344 642 127 32 kronor
1493 643 107 42 enligt
1622 643 150 42 följande

270 691 250 41 specifikation:

274 784 82 33 Titel
418 786 27 31 I.
491 785 374 33 Drivmedelskostnader
880 786 60 41 för
955 788 214 40 flygmotorer.

488 844 70 32 För
568 845 235 42 flygövningar
834 869 62 5 ....
929 869 70 6 eo...
1025 845 126 33 kronor
1173 846 145 39 513,245:
1333 865 38 4 —

519 908 12 15 >
568 896 220 42 flyglärarnas
797 896 206 42 flygträning

565 958 43 20 MM.
632 958 89 20 Men
741 971 27 4 ss
821 972 4 4 oe
844 971 84 5 sisssesr
949 971 49 5 soner
1080 960 12 15 >
1195 948 121 38 10,970:
1331 967 38 3 —

519 1010 11 15 >»
569 998 282 41 mMOtorprovning
866 1022 129 5 ............
998 1011 94 35 >
1193 999 123 37 19,070:
1330 1018 39 3 —
1392 1016 127 33 kronor
1573 1017 144 39 663,285:
1731 1037 40 4 —

273 1082 82 33 Titel
395 1083 48 32 II.
493 1076 122 48 Övriga
636 1083 314 41 övningskostnader.

489 1142 418 42 Tillämpningsövningar
938 1143 64 31 och

531 1193 164 42 övningar
720 1194 79 31 med
821 1194 181 31 fältforma-

531 1244 120 39 tioner,
688 1245 39 31 70
753 1247 25 29 4
805 1255 40 21 av
877 1244 127 32 kronor

533 1295 142 38 150,000:
690 1314 38 3 —
766 1319 50 5 noen
835 1320 94 4 oseeresn
938 1320 61 5 eran
1025 1296 126 32 kronor
1176 1296 142 39 105,000:
1331 1315 40 4 —

488 1345 70 32 För
593 1345 237 42 flygstationer
866 1357 42 20 m.
947 1357 53 27 m.,

532 1397 41 31 70
587 1399 26 29 4
628 1408 40 19 av
681 1396 127 32 kronor
824 1396 122 38 85,000:
962 1415 37 4 —
1081 1410 12 15 »
1192 1398 124 38 59,500:
1331 1417 38 3 —

488 1447 281 32 Driftkostnader
812 1448 52 31 för
904 1447 95 39 bilar,

530 1498 230 42 motorcyklar
788 1498 64 32 och
879 1500 122 29 motor-

530 1548 106 38 båtar,
676 1549 40 31 70
742 1552 25 28 4
804 1560 41 20 av
877 1548 126 32 kronor

531 1599 123 39 20,000:
668 1618 40 4 —
730 1624 268 5 oosossssssserersreren
971 1594 30 48 ant
1080 1613 11 14 »
1193 1601 122 37 14,000:
1330 1619 39 4 —
1392 1618 127 32 kronor
1550 1599 13 62 —
1574 1619 142 38 178,500:
1730 1638 40 4 —

272 1684 83 32 Titel
374 1685 70 31 III.
489 1684 209 42 Flygtillägg.

489 1744 40 31 70
554 1747 26 29 2
606 1755 40 20 av
668 1744 126 32 kronor
816 1744 144 39 580,000:
974 1763 41 4 —
1042 1770 84 4 sinsne
1145 1769 220 5 srrrrerrrrrsrrsnena
1448 1758 12 15 >
1572 1747 144 37 406,000:
1731 1766 39 3 —

274 1811 82 32 Titel
378 1812 64 32 IV.
491 1812 492 41 Tjänstgöringstraktamenten.

490 1871 41 31 70
552 1874 25 29 4
603 1882 40 21 av
666 1872 127 31 kronor
817 1872 142 38 145,000:
974 1891 40 3 —
1031 1897 83 4 soon
1135 1897 231 4 misssrssrerrersssinen
1448 1885 11 15 »
1575 1874 142 38 101,500:
1731 1893 40 3 —

1228 1932 140 32 Summa
1390 1934 128 31 kronor
1542 1934 174 38 1,349,285:
1731 1952 40 4 —

269 1972 83 32 eller
374 1973 12 31 i
408 1972 169 32 avrundat
598 1973 48 31 tal
670 1974 166 38 1,349,000
858 1974 135 32 kronor.

320 2023 90 32 Från
434 2023 215 32 sistnämnda
665 2036 133 20 summa
813 2024 107 32 borde
936 2025 191 32 emellertid
1143 2025 121 42 dragas
1281 2025 58 32 det
1354 2026 137 42 belopp,
1503 2027 116 38 48,000
1635 2027 135 38 kronor,

269 2085 83 27 som,
376 2074 107 41 enligt
505 2074 65 32 vad
592 2075 12 31 i
627 2077 103 29 annat
758 2075 243 42 sammanhang
1020 2075 203 42 föreslagits,
1241 2076 110 32 skulle
1374 2077 173 32 överföras
1563 2077 53 32 till
1631 2078 140 31 flottans

268 2125 265 42 övningsanslag
555 2125 53 32 för
633 2125 222 32 bestridande
878 2137 40 20 av
941 2126 332 42 övningskostnader
1288 2127 52 32 för
1354 2127 314 43 flygdepåfartyget.
1706 2128 66 32 An-

269 2176 108 41 slaget
410 2176 53 31 till
496 2176 235 42 flygövningar
763 2177 52 31 för
846 2177 203 42 budgetåret
1074 2178 207 31 1928—1929
1304 2178 108 32 skulle
1436 2179 145 31 sålunda
1603 2181 168 40 upptagas

268 2227 78 31 med
369 2227 340 39 (1,349,000—48,000
721 2231 52 35 =)
798 2228 165 39 1,301,000
985 2228 135 32 kronor.

321 2329 179 33 Utskottet
534 2330 59 31 vill
627 2330 111 32 erinra
772 2342 54 20 om
861 2333 49 29 att
939 2332 79 31 1927
1043 2333 55 30 års
1122 2332 255 32 statsrevisorer
1399 2333 184 32 framställt
1604 2333 92 32 vissa
1719 2345 52 20 an-

268 2380 217 42 märkningar
517 2381 145 31 rörande
696 2381 254 42 dispositionen
984 2393 41 20 av
1058 2382 171 42 åtskilliga
1256 2383 118 41 anslag
1395 2383 53 32 för
1470 2383 203 42 flygvapnet,
1698 2384 74 32 där-

269 2431 118 32 ibland
421 2433 84 30 även
540 2432 154 42 anslaget
728 2432 53 31 till
814 2432 242 42 flygövningar.
1102 2433 189 39 Utskottet,
1316 2444 73 21 som
1412 2434 183 32 framdeles
1618 2434 154 32 kommer

268 2483 50 31 att
350 2484 91 40 yttra
475 2481 52 43 sig
560 2482 212 33 beträffande
795 2483 101 32 dessa
919 2483 269 42 anmärkningar,
1212 2484 62 32 har
1296 2484 73 32 icke
1391 2484 130 33 kunnat
1544 2486 93 32 finna
1659 2487 50 31 att
1732 2504 40 4 —
