1856 2778
243 156 19 30 8
592 157 285 32 Stlatsutskottets
905 161 177 30 utlåtande
1105 171 43 20 nr
1173 163 61 29 108
1257 163 40 29 år
1321 163 83 30 1957

249 240 121 29 siffror
393 241 70 29 kan
486 250 101 21 anses
609 244 284 38 representativa,
917 245 115 39 uppgå
1055 246 50 29 till
1128 246 132 30 inemot
1282 247 38 29 21
1339 248 72 29 000.
1434 248 65 29 Det
1523 249 147 30 sålunda
1692 251 58 28 do-

249 283 251 31 kumenterade
520 285 163 30 intresset
704 286 78 29 från
803 287 187 39 publikens
1013 288 74 29 sida
1108 290 38 28 är
1167 289 10 29 i
1198 290 64 28 och
1284 289 54 30 för
1360 290 51 38 sig
1432 292 47 27 ett
1502 292 106 28 motiv
1632 292 54 29 för
1707 302 42 19 en

249 334 82 20 snar
354 326 182 39 spridning
559 336 42 19 av
623 328 270 30 verksamheten
917 331 57 28 ute
998 330 9 28 i
1031 330 128 30 landet.
1183 332 125 29 Härtill
1332 332 169 38 kommer,
1526 335 50 28 att
1599 343 42 20 en
1666 334 83 29 fort-

249 369 67 27 satt
338 368 223 30 verksamhet
585 370 79 29 med
688 371 56 28 det
767 371 139 29 relativt
932 372 213 38 begränsade
1169 374 305 40 publikunderlag,
1499 385 74 19 som
1596 377 68 28 den
1688 386 61 19 nu-

248 411 151 29 varande
419 411 173 29 sändaren
613 420 68 30 ger,
702 413 109 30 måste
832 415 79 28 med
931 414 137 39 hänsyn
1088 416 51 28 till
1160 416 41 29 de
1223 418 93 27 stora
1336 419 413 37 programproduktions-

247 452 237 30 kostnaderna
501 454 159 29 erfordra
677 455 195 39 betydande
890 456 109 39 årliga
1017 458 283 30 medelstillskott
1317 459 81 29 från
1415 460 57 29 det
1491 460 178 30 allmänna
1686 470 63 20 un-

247 495 60 28 der
327 504 42 20 en
390 495 81 39 lång
492 496 88 39 följd
602 506 42 19 av
663 497 48 29 år.
735 498 93 29 Även
850 499 386 39 företagsekonomiska
1259 501 75 29 skäl
1358 502 87 29 talar
1468 503 147 29 sålunda
1636 504 111 29 starkt

247 538 55 28 för
323 547 42 20 en
388 538 109 29 snabb
518 539 210 39 utbyggnad.

291 581 12 28 I
323 580 65 29 och
408 582 79 28 med
508 581 40 29 de
569 582 122 38 planer
711 583 63 28 och
797 583 171 39 kalkyler,
989 593 74 20 som
1086 585 82 29 1956
1190 585 56 30 års
1267 586 390 41 televisionsutredning
1678 588 69 39 lagt

246 622 101 34 fram,
369 623 65 28 har
454 623 345 40 utbyggnadsfrågan
820 626 150 29 kommit
990 627 9 28 i
1020 629 48 27 ett
1088 635 297 31 gynnnsammare
1405 629 75 39 läge
1501 631 44 28 än
1564 631 66 28 vad
1651 631 96 29 fallet

244 673 62 20 var
328 665 57 29 vid
409 665 331 40 televisonsfrågans
763 667 214 41 behandling
1000 669 54 29 för
1077 672 48 27 ett
1148 670 39 29 år
1211 671 117 31 sedan,
1353 672 394 39 Investeringsutgifter-

246 715 45 20 na
307 707 10 28 i
335 707 358 39 begynnnelseskedet
710 710 63 28 har
791 710 119 39 bragts
928 712 66 29 ned
1014 711 50 29 till
1083 722 43 20 en
1143 713 89 34 nivå,
1252 722 75 20 som
1345 713 178 30 förefaller
1540 715 206 39 acceptabel,

246 749 65 29 och
328 750 339 40 kostnadstäckning
684 761 101 30 synes
801 753 98 29 inom
916 763 42 21 en
976 754 137 29 relativt
1131 755 78 29 kort
1228 755 49 29 tid
1295 756 121 30 kunna
1435 757 136 39 uppnås
1590 758 64 28 och
1671 758 76 29 där-

246 792 78 29 med
342 793 89 38 goda
448 793 294 40 förutsättningar
759 795 55 29 för
831 805 43 20 en
893 796 142 29 fortsatt
1052 797 211 39 utbyggnad.

290 867 70 29 Mot
388 867 230 40 bakgrunden
647 879 42 20 av
717 871 56 28 det
802 871 151 30 anförda
981 872 171 34 förordas,
1182 875 49 27 att
1261 873 114 30 beslut
1405 883 47 20 nu
1483 874 105 30 fattas
1618 885 57 19 om
1703 885 42 19 en

244 917 111 30 första
378 918 199 40 utbyggnad
602 929 42 19 av
666 920 384 31 rikstelevisionsnätet.
1075 924 66 28 För
1165 924 50 28 att
1238 933 42 20 en
1305 924 277 40 ändamålsenlig
1607 926 138 29 teknisk

244 968 64 28 och
329 969 208 29 ekonomisk
556 970 182 39 planering
759 981 41 20 av
821 973 270 29 verksamheten
1113 974 89 29 skall
1225 974 121 29 kunna
1368 975 71 34 ske,
1462 984 101 21 anses
1586 976 56 29 det
1663 986 82 19 vara

243 1026 42 21 av
304 1018 85 34 vikt,
411 1021 51 27 att
482 1029 42 20 en
545 1020 218 39 någorlunda
784 1022 189 39 långsiktig
993 1023 83 39 plan
1097 1024 55 29 för
1173 1024 247 40 utbyggnaden
1441 1025 71 29 kan
1532 1026 116 39 följas.
1671 1027 74 29 Den

243 1077 42 21 av
307 1070 233 39 utredningen
563 1071 197 39 föreslagna
785 1072 262 40 femårsplanen
1069 1083 103 20 anser
1194 1075 387 39 departementschefen
1603 1077 11 28 i
1636 1077 109 29 likhet

244 1119 78 29 med
341 1120 351 31 remissinstanserna
711 1131 82 20 vara
811 1123 56 29 väl
888 1124 113 38 ägnad
1021 1125 50 28 att
1090 1125 10 28 i
1121 1125 136 40 princip
1276 1125 118 39 läggas
1414 1126 52 29 till
1487 1128 112 37 grund
1620 1127 53 30 för
1693 1130 52 27 ut-

242 1168 214 38 byggnaden.
474 1171 222 31 Beträffande
714 1174 418 36 programproduktionen
1151 1176 146 29 föreslås
1315 1177 89 29 dock
1424 1186 42 20 en
1484 1177 70 29 viss
1572 1178 173 30 avvikelse

243 1219 80 30 från
340 1221 128 38 planen
487 1221 111 29 under
614 1223 102 28 nästa
732 1223 180 39 budgetår.
931 1224 131 29 Planen
1080 1234 102 21 anses
1202 1226 118 29 vidare
1338 1226 85 30 böra
1441 1228 138 29 överses
1597 1228 80 29 från
1694 1229 51 29 tid

243 1270 52 29 till
312 1279 119 21 annan
448 1271 65 29 och
530 1272 41 29 de
590 1272 288 30 modifikationer
896 1275 112 38 göras,
1028 1284 75 20 som
1121 1275 157 40 betingas
1297 1285 42 20 av
1358 1278 245 39 utvecklingen
1622 1279 10 28 i
1651 1279 93 29 olika

242 1321 206 29 avseenden.

284 1371 13 29 I
318 1373 67 28 vad
407 1381 99 20 avser
527 1374 419 36 programproduktionen
968 1375 64 29 och
1054 1375 280 38 licensavgiftens
1359 1379 129 29 storlek
1510 1388 44 20 m.
1576 1389 44 20 m.
1644 1379 100 30 anför

242 1421 387 40 departementschefen
646 1423 167 40 följande.

286 1481 117 29 Under
422 1482 238 29 innevarande
679 1482 169 40 budgetår
870 1484 169 29 omfattar
1059 1485 242 40 Radiotjänsts
1321 1495 86 30 egen
1427 1490 318 38 programproduk-

243 1523 72 29 tion
332 1523 10 28 i
361 1523 202 30 Stockholm
581 1525 9 28 i
609 1526 212 37 genomsnitt
838 1535 40 20 ca
896 1527 16 28 7
932 1527 142 29 timmar
1090 1537 61 30 per
1168 1529 108 28 vecka
1293 1530 112 28 under
1424 1532 52 28 tre
1493 1531 146 30 kvartal.
1660 1533 84 29 Där-

242 1566 121 29 utöver
381 1567 126 29 sändes
526 1567 108 38 några
652 1568 142 28 timmar
812 1568 10 29 i
840 1569 135 29 veckan
994 1569 92 29 vissa
1105 1570 372 40 utfyllnadsprogram,
1497 1573 186 31 bestående
1703 1585 41 19 av

241 1608 146 39 förhyrd
408 1609 84 29 eller
511 1609 124 40 inköpt
656 1610 88 29 film.
766 1610 117 39 Enligt
904 1612 251 39 utredningens
1179 1613 82 39 plan
1284 1614 113 29 skulle
1419 1617 262 37 programtiden
1701 1636 43 2 —

241 1650 147 30 bortsett
416 1651 81 29 från
525 1652 444 40 utfyllnadsprogrammen
996 1673 44 3 —
1067 1655 112 29 under
1208 1657 101 28 nästa
1337 1656 170 40 budgetår
1537 1659 125 29 utökas
1691 1660 50 29 till

240 1701 40 20 ca
302 1693 38 29 10
360 1694 143 28 timmar
523 1694 10 28 i
553 1695 143 29 veckan.
717 1696 116 29 Under
853 1698 129 28 ettvart
1002 1706 41 20 av
1062 1698 40 29 de
1123 1698 109 39 därpå
1252 1698 157 39 följande
1430 1699 78 40 fyra
1529 1700 212 40 budgetåren

242 1734 110 30 skulle
373 1736 198 37 ytterligare
594 1737 18 29 2
634 1737 138 30 timmar
794 1746 163 29 program
979 1748 60 27 per
1060 1740 107 29 vecka
1189 1741 140 30 komma
1352 1742 62 34 till,
1439 1742 37 30 så
1498 1745 48 27 att
1569 1752 174 29 program-

240 1777 95 29 tiden
352 1778 43 30 fr.
413 1787 30 20 o.
461 1788 45 22 m.
524 1778 204 40 budgetåret
748 1781 150 35 1961/62
918 1782 112 29 skulle
1048 1783 124 38 utgöra
1191 1783 39 29 18
1249 1783 142 30 timmar
1407 1785 10 28 i
1436 1786 142 29 veckan.

283 1820 64 39 Jag
368 1821 97 29 delar
486 1822 250 39 utredningens
759 1823 228 40 uppfattning
1009 1826 49 28 att
1080 1826 263 38 programtiden
1366 1828 112 29 under
1500 1828 242 40 femårsperio-

239 1862 66 30 den
325 1864 190 29 successivt
533 1864 61 30 bör
613 1865 85 29 ökas
718 1866 50 29 till
788 1866 222 30 sistnämnda
1031 1868 223 39 omfattning.
1274 1869 70 29 När
1363 1870 57 29 det
1440 1871 106 38 gäller
1565 1872 177 28 verksam-

239 1905 103 29 heten
361 1906 113 29 under
493 1908 100 28 nästa
613 1907 178 39 budgetår,
812 1908 44 30 då
878 1908 390 41 utbredningsområdet
1289 1911 55 30 för
1364 1920 245 31 programmen
1632 1914 110 29 under

241 1948 109 30 större
380 1949 100 29 delen
510 1958 42 21 av
582 1949 74 30 året
686 1950 137 39 alljämt
853 1951 161 30 kommer
1044 1954 49 28 att
1125 1962 84 20 vara
1240 1954 274 30 förhållandevis
1545 1955 194 39 begränsat,

239 1999 102 20 anser
363 1991 60 38 jag
448 1993 50 27 att
522 2000 43 20 en
590 1992 114 39 någon
728 1993 140 29 kortare
894 1995 246 39 sändningstid
1165 1997 45 28 än
1235 1997 67 28 den
1327 2006 43 19 av
1395 1998 232 38 utredningen
1652 1998 89 30 före-

239 2032 121 39 slagna
384 2033 63 30 bör
473 2034 121 29 kunna
621 2037 208 37 accepteras,
856 2036 55 29 för
937 2038 50 28 att
1013 2037 236 30 kostnaderna
1276 2038 54 30 för
1356 2040 269 30 verksamheten
1652 2041 88 29 skall

238 2075 121 30 kunna
386 2076 201 39 ytterligare
615 2077 221 39 nedbringas.
866 2079 352 39 Ansträngningarna
1246 2080 62 30 bör
1336 2081 10 29 i
1376 2082 186 30 huvudsak
1591 2084 148 29 inriktas

237 2135 44 4 —
298 2117 157 30 förutom
474 2119 43 39 på
539 2129 42 19 en
602 2120 171 39 utökning
792 2130 42 21 av
854 2122 261 38 programtiden
1138 2123 80 29 från
1238 2125 50 27 tre
1309 2124 51 28 till
1382 2124 78 39 fyra
1481 2125 135 29 kvartal
1635 2144 44 3 —
1697 2126 44 39 på

238 2169 42 20 en
303 2160 263 40 konsolidering
590 2171 42 21 av
655 2163 269 30 verksamheten
949 2165 64 28 och
1037 2174 43 20 en
1104 2165 297 40 kvalitetsmässig
1425 2167 148 39 höjning
1598 2177 41 19 av
1663 2178 77 29 pro-

237 2210 191 31 grammen,
454 2204 38 29 så
514 2206 50 27 att
586 2214 42 19 en
652 2206 64 37 god
739 2206 170 38 grundval
933 2207 70 29 kan
1026 2207 117 39 läggas
1168 2208 54 29 för
1244 2208 66 29 den
1334 2209 165 29 fortsatta
1523 2210 216 39 utökningen

237 2254 42 21 av
301 2247 272 37 programtiden,.
598 2247 59 29 Att
680 2249 85 28 även
789 2257 42 20 en
855 2250 381 38 programproduktion
1260 2260 42 20 av
1325 2252 67 29 den
1417 2252 223 39 omfattning,
1665 2262 74 20 som

236 2288 67 29 den
323 2289 203 30 nuvarande
545 2289 74 34 har,
639 2290 70 29 kan
728 2291 9 28 i
758 2292 47 27 ett
826 2291 308 39 inledningsskede
1155 2293 181 30 stimulera
1357 2294 51 29 till
1431 2295 308 39 apparatanskaff-

237 2330 93 39 ning,
359 2338 59 31 ger
447 2332 106 38 enligt
581 2332 73 29 min
683 2333 140 39 mening
852 2334 68 28 den
949 2334 279 31 hittillsvarande
1257 2336 357 40 licensutvecklingen
1643 2338 95 29 inom

237 2373 376 31 stockholmsområdet
632 2377 48 28 ett
697 2375 86 30 visst
801 2375 122 39 belägg
941 2376 65 30 för.

280 2415 281 39 Licensavgiften
580 2417 54 29 för
654 2419 100 28 nästa
774 2418 170 39 budgetår
964 2419 96 30 torde
1078 2419 85 30 böra
1182 2420 193 30 fastställas
1395 2422 51 28 till
1469 2421 59 30 100
1550 2422 62 32 kr.,
1631 2422 107 29 vilket

236 2459 195 28 motsvarar
454 2459 236 31 innevarande
713 2460 55 29 års
792 2460 109 39 avgift
924 2470 57 20 om
1005 2462 39 29 25
1068 2462 51 30 kr.
1145 2471 61 30 per
1229 2463 146 29 kvartal.
1399 2464 124 29 Denna
1546 2463 109 39 avgift
1677 2463 61 31 bör
