1910 2770
455 156 285 31 Statsutskottets
764 155 179 30 utlåtande
965 164 43 20 nr
1027 155 39 30 61
1089 155 40 29 år
1152 155 83 29 1962
1580 153 18 31 5

97 244 93 31 visas
213 245 51 29 att
288 245 48 28 ett
361 241 256 41 överflyttande
641 241 72 30 helt
738 240 44 40 på
807 242 114 29 staten
947 249 43 21 av
1014 239 239 30 kostnaderna
1276 238 57 30 för
1356 238 240 30 lärarlönerna

96 296 97 29 inom
220 294 57 30 det
303 293 250 40 obligatoriska
581 291 244 31 skolväsendet
852 291 66 30 och
945 292 49 29 ett
1022 289 201 41 avlyftande
1250 298 44 21 av
1320 289 276 30 kommunernas

96 345 199 40 skyldighet
316 346 50 29 att
389 344 139 40 deltaga
546 343 11 30 i
579 343 239 30 kostnaderna
838 342 55 30 för
914 340 425 40 invalidpensioneringen
1361 339 236 30 tillsammans

96 397 260 39 representerar
379 393 333 42 utgiftsminskning
736 392 55 31 för
815 393 269 32 kommunerna,
1111 400 75 21 som
1210 391 55 29 väl
1291 390 178 40 uppväger
1494 390 67 30 den
1586 389 11 30 i

95 445 263 41 propositionen
382 445 198 40 föreslagna
603 443 341 41 bidragsgivningen.
969 442 121 31 Såsom
1113 441 12 30 i
1148 441 220 30 motionerna
1392 439 204 31 framhålles

98 497 186 39 föreligger
308 496 71 30 inte
403 496 108 40 något
535 495 112 30 behov
672 504 43 21 av
740 496 50 28 att
813 493 240 30 innevarande
1079 492 39 30 år
1143 494 81 38 taga
1249 491 120 40 slutlig
1395 490 167 40 ställning
1585 490 12 29 i

96 548 116 29 denna
234 547 109 40 fråga,
365 549 89 27 utan
475 546 57 31 det
555 547 39 29 är
615 545 203 39 tillräckligt
841 546 52 28 att
914 543 189 40 riksdagen
1126 542 109 30 fattar
1256 542 125 31 sådant
1403 541 115 30 beslut
1539 541 58 29 vid

95 597 243 31 vårsessionen
362 597 94 30 1963.

142 648 177 31 Utskottet
344 647 155 31 biträder
525 648 86 29 även
637 646 58 30 det
721 646 11 29 i
757 645 158 30 nämnda
940 644 174 30 motioner
1139 643 223 30 framställda
1387 642 174 40 yrkandet
1586 642 11 29 i

96 699 100 40 fråga
214 708 56 20 om
291 698 193 40 skyndsam
503 697 189 39 utredning
710 696 65 30 och
794 696 133 39 förslag
945 704 58 21 om
1023 693 229 31 överförande
1271 702 43 21 av
1333 692 192 31 kostnader
1544 691 54 30 för

96 749 241 40 landstingens
359 747 179 41 uppgifter
558 747 65 31 och
644 745 247 32 motsvarande
913 745 179 40 uppgifter
1113 744 56 30 för
1189 743 410 40 icke-landstingsstäder

97 800 20 30 å
134 802 125 28 staten.

141 850 218 30 Motionerna
379 850 29 30 1:
425 849 61 31 327
509 849 64 30 och
594 848 46 30 II:
656 848 63 30 402
740 847 194 30 innefattar
954 846 131 40 förslag
1106 854 57 21 om
1184 844 232 41 upphävande
1438 853 43 21 av
1500 844 98 29 kom-

96 910 104 22 muns
225 900 199 40 skyldighet
446 901 51 29 att
520 908 102 21 svara
644 898 56 31 för
722 898 55 30 del
800 907 43 20 av
865 897 167 30 lärarlön.
1054 897 49 29 De
1127 896 65 29 har
1215 895 103 30 alltså
1339 895 12 30 i
1375 895 64 30 sak
1462 903 135 22 samma

96 951 172 30 innebörd
293 960 77 20 som
394 950 222 30 motionerna
640 950 29 29 I:
686 948 63 31 564
775 948 66 30 och
867 948 46 29 II:
929 947 74 30 690.
1031 946 177 31 Utskottet
1233 946 71 29 kan
1330 944 122 31 därför
1477 952 39 31 ge
1543 944 54 30 sin

96 1002 204 39 anslutning
321 1002 87 29 även
429 1000 52 30 till
504 1001 100 29 dessa
625 998 348 40 motionsyrkanden.

142 1051 226 40 Åberopande
392 1051 57 30 det
473 1049 148 31 anförda
644 1048 203 31 hemställer
870 1048 182 34 utskottet,

453 1102 50 29 att
524 1100 188 39 riksdagen
732 1099 58 30 må

454 1152 28 30 1.
501 1152 79 29 med
600 1151 119 39 avslag
737 1152 21 30 å
775 1150 127 39 Kungl.
923 1149 124 40 Maj:ts
1067 1149 132 39 förslag
1219 1150 89 29 samt
1328 1148 80 30 med
1427 1147 99 30 bifall
1546 1146 52 31 till

408 1202 220 30 motionerna
654 1200 107 31 1:564
786 1201 66 30 och
879 1200 46 30 II:
941 1200 64 30 690
1030 1201 11 30 i
1069 1199 166 31 skrivelse
1262 1198 52 30 till
1341 1198 126 40 Kungl.
1495 1197 105 40 Maj:t

406 1253 197 34 hemställa,
628 1254 51 28 att
702 1252 126 39 Kungl.
854 1251 107 40 Maj:t
986 1250 118 35 måtte,
1129 1250 80 30 med
1233 1249 196 30 beaktande
1454 1258 43 21 av
1521 1248 41 30 de
1586 1248 12 29 i

406 1303 221 31 motionerna
643 1302 150 30 anförda
811 1301 278 41 synpunkterna,
1106 1300 91 30 efter
1214 1300 180 40 företagen
1411 1298 188 40 utredning

408 1354 55 30 för
486 1354 83 30 1963
591 1353 56 30 års
668 1353 145 39 riksdag
834 1352 196 39 framlägga
1051 1351 132 39 förslag
1204 1360 56 20 om
1283 1360 43 21 en
1348 1349 251 40 överflyttning

404 1405 46 32 fr,
477 1413 30 21 o.
534 1414 45 20 m.
606 1403 173 40 ingången
807 1412 42 20 av
878 1401 84 31 1964
989 1411 42 21 av
1058 1401 190 30 kostnader
1275 1400 54 31 för
1356 1400 242 39 landstingens

407 1454 195 40 respektive
633 1452 478 40 icke-landstingsstädernas
1142 1451 180 40 uppgifter
1352 1450 247 30 motsvarande

406 1505 109 29 minst
535 1504 41 30 de
596 1503 125 40 belopp
741 1512 76 21 som
836 1502 108 40 enligt
964 1502 219 40 proposition
1202 1510 42 21 nr
1264 1501 41 30 69
1326 1501 113 30 skulle
1460 1500 139 30 tillfalla

407 1555 103 30 dessa
527 1554 224 35 kommuner;

452 1606 29 29 2.
501 1605 78 30 med
598 1604 99 30 bifall
716 1604 53 30 till
787 1603 222 31 motionerna
1027 1603 29 30 1:
1073 1602 61 30 327
1155 1602 65 30 och
1239 1601 45 31 II:
1300 1601 63 30 402
1382 1601 148 34 besluta,
1549 1602 50 28 att

407 1657 189 29 kommuns
615 1654 198 41 skyldighet
832 1656 50 28 att
901 1663 102 21 svara
1021 1653 55 30 för
1093 1652 275 30 kommunandel
1387 1661 42 21 av
1446 1652 153 29 lärarlön

407 1707 11 29 i
437 1707 58 30 det
514 1705 248 40 obligatoriska
782 1704 246 30 skolväsendet
1048 1703 89 31 skall
1156 1703 179 39 borttagas
1354 1702 43 30 fr.
1416 1711 30 21 o.
1466 1711 46 20 m.
1532 1702 67 30 den

410 1758 14 29 1
447 1757 142 40 januari
611 1755 84 30 1963
716 1755 64 30 och
802 1757 50 28 att
873 1753 256 40 driftbidragen
1150 1753 53 30 till
1224 1753 258 30 kommunerna
1500 1752 13 29 i
1532 1752 68 30 vad

408 1808 41 29 de
471 1816 98 20 avser
589 1806 121 39 bidrag
730 1805 52 30 till
804 1804 131 30 driften
956 1813 43 20 av
1019 1803 196 30 folkskolor
1233 1812 45 20 m.
1300 1812 45 20 m.
1368 1803 89 30 skall
1477 1803 123 29 beräk-

408 1867 63 20 nas
491 1856 44 40 på
557 1856 60 29 100
638 1857 144 38 procent
802 1864 42 20 av
863 1854 271 29 lärarlönerna.»>
