1901 2825
435 189 116 32 Andra
570 188 237 40 lagutskottets
828 188 174 31 utlåtande
1022 198 41 20 nr
1084 188 37 30 17
1142 187 39 31 år
1201 188 83 30 1969
1584 189 18 30 3

116 280 95 30 inom
238 280 231 39 basbeloppet,
499 280 80 31 eller
605 282 49 28 att
681 280 42 30 de
749 278 309 41 pensionsavgifter
1085 278 255 40 arbetsgivaren
1367 278 151 39 erlägger
1546 277 55 31 för

117 325 66 30 den
209 325 202 30 försäkrade
436 325 70 30 inte
532 324 53 31 får
611 324 114 40 någon
751 324 246 39 motsvarighet
1021 324 11 30 i
1057 324 278 39 pensionspoäng
1360 323 54 31 för
1440 324 66 29 den
1532 323 67 30 för-

118 370 154 30 säkrade.

580 468 163 40 Tidigare
767 467 378 40 riksdagsbehandling

165 541 128 40 Frågor
312 551 74 21 som
405 543 57 29 rör
482 541 232 31 förhållandet
732 541 127 30 mellan
878 540 145 40 avgifter
1043 541 63 30 och
1127 539 177 31 förmåner
1321 539 96 31 inom
1436 539 84 30 ATP
1540 539 65 30 har

119 596 88 30 varit
230 595 146 31 föremål
399 596 54 30 för
476 595 309 39 uppmärksamhet
809 595 10 29 i
842 595 185 39 riksdagen
1049 595 168 29 alltsedan
1240 593 211 31 tillkomsten
1474 603 42 22 av
1539 593 64 30 till-

121 649 395 39 läggspensioneringen.
533 648 126 31 Likaså
674 649 64 30 har
752 648 170 30 motioner
936 657 57 21 om
1008 647 185 31 trettioårs-
1209 647 65 30 och
1289 646 315 40 femtonårsregler-

121 712 45 21 na
184 703 206 30 behandlats
410 702 37 31 så
466 705 70 36 gott
555 712 74 20 som
648 703 94 38 varje
760 701 47 31 år.
828 702 225 38 Redogörelse
1072 701 54 30 för
1144 702 66 29 den
1228 700 144 40 tidigare
1389 700 216 39 riksdagsbe-

119 757 212 40 handlingen
345 756 93 31 finns
454 756 138 39 intagen
606 756 10 30 i
631 757 79 30 2LU
728 758 96 28 1968:
840 757 28 29 4.

776 864 178 29 Utskottet

168 927 13 30 I
201 927 228 31 förevarande
448 927 169 30 motioner
635 927 190 30 behandlas
843 926 156 40 problem
1018 936 73 21 som
1110 927 56 29 rör
1184 925 205 31 sambandet
1405 925 128 30 mellan
1551 935 56 21 av-

125 981 101 39 gifter
241 982 65 29 och
321 981 177 30 förmåner
512 982 95 29 inom
621 980 433 40 tilläggspensioneringen.
1071 980 13 29 I
1098 979 217 30 motionerna
1329 979 26 30 I:
1371 980 39 29 41
1427 979 65 30 och
1506 978 44 30 II:
1566 979 41 30 52

124 1039 89 27 samt
238 1035 26 30 I:
281 1036 62 29 790
367 1035 64 30 och
455 1035 44 29 II:
515 1035 62 30 864
601 1034 175 31 kritiseras
798 1034 45 30 bl.
858 1043 29 21 a.
911 1033 233 31 förhållandet
1166 1036 48 27 att
1236 1042 42 21 en
1300 1033 54 30 del
1376 1032 232 39 arbetstagare

124 1089 79 30 med
225 1089 137 30 deltids-
385 1089 65 30 och
473 1088 358 38 korttidsanställning
853 1088 69 30 inte
944 1087 54 30 får
1020 1087 113 30 såsom
1155 1086 368 40 pensionsgrundande
1543 1086 65 30 till-

125 1143 201 39 godoräkna
347 1142 50 40 sig
419 1143 66 30 den
506 1142 153 30 inkomst
680 1152 74 20 som
775 1142 256 38 arbetsgivaren
1051 1141 107 39 erlagt
1178 1140 108 39 avgift
1306 1140 64 31 för.
1393 1140 216 30 Motionerna

127 1197 110 39 syftar
253 1197 50 30 till
320 1196 206 40 lagändring
543 1206 74 21 som
633 1196 212 39 undanröjer
862 1196 99 29 dessa
978 1195 228 39 olägenheter.

170 1249 136 40 Frågan
326 1259 57 20 om
405 1250 204 29 sambandet
629 1250 126 29 mellan
777 1248 145 39 avgifter
941 1249 65 29 och
1027 1247 185 37 förmåner,
1234 1247 101 31 såvitt
1354 1257 98 21 avser
1471 1247 138 30 deltids-

125 1304 65 30 och
219 1303 321 31 korttidsanställda
569 1303 241 39 arbetstagare,
839 1302 64 31 har
931 1302 100 39 tagits
1058 1311 71 30 upp
1156 1301 11 31 i
1194 1300 170 31 motioner
1390 1301 58 30 vid
1475 1300 37 31 så
1539 1303 72 37 gott

126 1367 74 21 som
227 1357 158 39 samtliga
411 1357 181 38 riksdagar
616 1357 110 30 under
754 1356 191 31 1960-talet.
971 1356 215 30 Motionerna
1210 1355 64 30 har
1298 1354 172 40 avslagits.
1494 1354 118 31 Andra

127 1411 230 39 lagutskottet,
380 1421 73 20 som
472 1411 189 30 behandlat
679 1410 226 35 motionerna,
925 1410 64 30 har
1007 1409 128 30 erinrat
1153 1419 57 20 om
1229 1412 49 27 att
1296 1408 314 39 tilläggspensione-

126 1465 120 39 ringen
271 1465 128 39 bygger
422 1464 45 40 på
492 1467 46 27 ett
562 1463 352 40 fördelningssystem,
940 1466 49 28 att
1012 1462 406 40 arbetsgivaravgifterna
1442 1461 170 31 debiteras

128 1520 65 29 och
214 1519 168 30 inbetalas
402 1518 190 35 kollektivt,
614 1521 48 27 att
681 1517 218 39 registrering
919 1527 42 20 av
979 1517 176 30 inbetalda
1175 1516 146 39 avgifter
1339 1516 69 31 inte
1428 1516 78 30 sker
1524 1515 87 31 indi-

129 1573 142 30 viduellt
292 1573 55 30 för
367 1572 94 39 varje
483 1572 184 30 försäkrad
687 1575 89 26 samt
796 1574 49 27 att
865 1571 55 30 det
939 1570 45 40 på
1005 1571 111 39 grund
1135 1570 109 30 härav
1262 1570 71 30 inte
1353 1571 38 29 är
1410 1569 134 40 möjligt
1564 1572 49 27 att

128 1626 243 31 åstadkomma
395 1626 136 31 absolut
553 1625 340 31 överensstämmelse
915 1625 128 30 mellan
1065 1624 153 30 inbetald
1240 1623 109 40 avgift
1370 1624 64 30 och
1457 1623 155 39 tillgodo-

129 1681 79 30 förd
226 1681 289 39 pensionspoäng.
536 1680 170 30 Utskottet
724 1679 65 30 har
807 1679 117 30 vidare
942 1678 193 31 framhållit
1153 1681 49 27 att
1220 1677 124 40 frågan
1361 1678 64 30 har
1444 1677 170 31 samband

130 1736 78 29 med
229 1735 407 38 finansieringssystemet
657 1734 10 29 i
689 1736 84 28 stort
794 1734 54 29 för
870 1732 399 39 socialförsäkringarna.

175 1788 52 30 Då
248 1787 124 40 frågan
392 1788 235 30 behandlades
648 1787 10 30 i
680 1787 63 39 fjol
764 1787 174 38 avstyrkte
957 1786 166 30 utskottet
1142 1785 217 30 motionerna
1379 1785 79 30 med
1477 1784 137 30 hänvis-

130 1842 84 39 ning
241 1842 51 30 till
320 1845 48 27 att
395 1842 42 30 de
465 1841 196 39 föreslagna
688 1840 235 39 ändringarna
950 1840 110 30 skulle
1087 1840 165 38 äventyra
1278 1839 42 30 de
1346 1841 91 28 stora
1464 1838 152 31 fördelar

131 1905 75 21 som
229 1897 38 29 är
291 1895 164 31 förenade
479 1896 79 29 med
582 1894 438 40 tilläggspensioneringens
1043 1893 172 39 enhetliga
1236 1892 244 39 uppbyggnad.
1504 1892 113 30 Sedan

132 1949 207 40 föregående
359 1948 38 31 år
417 1949 64 30 har
501 1949 56 30 det
576 1949 70 29 inte
665 1948 160 30 inträffat
844 1947 105 39 något
968 1957 74 20 som
1063 1947 195 30 föranleder
1278 1946 124 30 ändrat
1421 1945 194 39 ställnings-

132 2004 159 39 tagande.
311 2004 170 30 Utskottet
500 2003 178 38 avstyrker
696 2001 99 31 alltså
813 2001 364 39 motionsyrkandena.

178 2120 13 29 I
217 2119 176 30 motionen
418 2119 43 29 II:
477 2119 63 29 904
564 2118 191 30 behandlas
780 2128 41 20 en
845 2116 98 40 fråga
967 2127 74 20 som
1064 2118 56 29 rör
1142 2115 316 40 pensionsavgiften
1482 2116 54 30 för
1559 2125 58 20 an-

134 2172 123 31 ställda
278 2182 74 20 som
372 2172 57 30 vid
450 2172 99 30 sidan
568 2181 42 21 av
630 2171 425 39 anställningsinkomsten
1073 2171 65 29 har
1156 2170 152 30 inkomst
1326 2168 82 32 från
1424 2172 107 28 annat
1549 2168 68 31 för-

134 2227 228 29 värvsarbete.
392 2226 216 30 Försäkrade
634 2226 80 29 med
741 2224 108 31 sådan
875 2224 154 31 blandad
1054 2224 153 30 inkomst
1233 2223 54 31 får
1311 2224 12 30 i
1348 2223 134 39 princip
1509 2223 110 30 räkna

134 2279 91 31 båda
243 2280 297 30 inkomstdelarna
558 2289 74 21 som
649 2279 378 39 pensionsgrundande.
1045 2278 65 30 Vid
1127 2277 240 31 fastställande
1384 2287 42 21 av
1442 2276 176 40 pensions-

135 2334 202 39 grundande
363 2334 153 30 inkomst
543 2333 54 30 för
622 2335 47 28 ett
694 2332 38 30 år
759 2332 87 31 skall
872 2331 79 31 från
976 2332 67 30 den
1068 2331 263 39 sammanlagda
1356 2331 196 30 inkomsten
1578 2339 42 22 av

135 2387 211 39 anställning
365 2388 64 29 och
450 2390 106 27 annat
576 2387 275 30 förvärvsarbete
870 2386 79 30 dras
968 2395 42 21 av
1029 2389 46 27 ett
1092 2385 200 39 basbelopp.
1312 2385 100 30 Detta
1430 2384 189 39 basbelopp

136 2441 89 31 skall
247 2441 10 30 i
281 2441 108 31 första
411 2441 95 30 hand
529 2440 172 31 avräknas
723 2439 44 40 på
789 2439 196 31 inkomsten
1007 2449 42 20 av
1071 2438 218 39 anställning.
1313 2438 121 31 Denna
1455 2438 90 39 regel
1566 2437 54 31 får

135 2495 174 39 betydelse
338 2494 54 31 för
421 2495 66 30 den
515 2493 195 40 egenavgift
738 2494 66 30 den
832 2493 203 30 försäkrade
1064 2492 87 31 skall
1178 2492 114 30 betala
1319 2491 55 31 för
1400 2492 152 30 inkomst
1578 2500 43 21 av

136 2553 107 27 annat
267 2549 284 30 förvärvsarbete.
576 2547 251 40 Egenavgiften
849 2547 165 30 fastställs
1037 2545 175 40 nämligen
1233 2545 45 40 på
1300 2546 169 39 grundval
1492 2555 42 21 av
1555 2545 67 30 den
