2147 2597
730 145 270 29 Stats-Utskottets
1030 143 167 31 Utlåtande
1218 145 58 30 N:o
1298 147 40 28 20
1361 146 26 28 b.
1767 148 15 26 Y

230 231 230 44 Stockholm,
506 230 196 37 Vestervik
744 231 68 37 och
855 231 211 45 Sundsvall,
1107 231 190 48 angående
1340 231 122 36 hvilka
1490 231 172 37 läroverk
1692 235 45 45 på
1764 231 64 37 det

230 284 84 35 hela
358 283 236 46 meningarne
624 282 62 36 vid
714 283 170 36 sistlidna
910 283 152 48 riksdag
1089 284 77 34 icke
1194 296 91 23 voro
1314 283 137 36 delade.
1506 283 70 36 Det
1603 297 64 23 var
1694 282 133 37 endast

230 335 11 35 i
271 334 173 36 afseende
473 337 44 45 på
546 334 138 36 antalet
713 334 243 37 öfverklasser
983 335 60 35 vid
1072 334 106 36 dessa
1204 335 180 44 läroverk,
1417 348 79 23 som
1523 335 202 36 Kamrarne
1754 333 72 37 fat-

230 385 86 35 tade
357 386 96 34 olika
493 386 135 34 beslut.
694 385 71 35 För
794 385 231 48 jemförelses
1054 386 98 35 skull
1180 393 64 27 äro
1273 387 99 34 såväl
1401 386 71 36 den
1501 386 39 36 af
1564 386 132 47 Kongl.
1725 385 101 48 Maj:t

230 435 213 48 föreslagna
483 449 78 22 som
604 436 71 35 den
709 436 214 36 nuvarande
956 438 241 34 lärarestaten
1224 436 59 36 för
1311 436 44 36 de
1385 437 115 47 högre
1527 437 298 36 elementarläro-

231 488 140 35 verken
400 491 20 32 å
448 486 159 36 nämnda
635 487 115 36 tabell
780 494 200 42 upptagna.

363 538 109 35 Hvad
501 541 114 44 angår
642 537 132 49 Kongl.
803 538 118 47 Maj:ts
950 538 138 48 förslag
1117 551 59 22 om
1206 537 223 49 utvidgning
1457 539 38 36 af
1519 538 225 47 tvåklassiga
1759 538 69 36 ele-

233 589 363 36 mentarläroverken
625 590 9 33 i
663 588 199 45 Vernamo,
892 588 236 47 Sölvesborg,
1157 589 190 48 Ronneby,
1378 589 226 48 Trelleborg,
1619 588 209 37 Strömstad

234 641 65 35 och
341 640 210 35 Marstrand
593 640 54 34 till
693 640 215 46 treklassiga
943 640 382 44 elementarläroverk,
1355 640 346 37 öfverensstämmer
1729 639 102 36 det
1808 635 25 56 i

232 692 72 35 allo
346 690 82 36 med
470 690 70 36 den
571 690 38 36 af
633 691 168 35 sistlidna
830 691 164 47 Riksdag
1022 691 124 36 derom
1177 691 162 36 uttalade
1368 692 105 47 åsigt.
1525 691 53 36 De
1606 690 225 47 tvåklassiga

234 742 424 35 elementarläroverken
688 742 104 35 torde
820 743 11 33 i
860 741 128 48 sjelfva
1016 743 128 34 verket
1172 755 154 21 numera
1353 743 79 35 icke
1462 744 122 34 kunna
1612 755 106 22 anses
1735 747 96 30 mot-

233 806 108 23 svara
381 793 65 35 sitt
487 792 180 44 ändamål,
710 792 47 36 då
797 792 70 37 den
910 792 57 37 för
995 792 235 37 inhemtande
1258 791 39 37 af
1323 807 43 22 en
1397 794 134 36 allmän
1560 792 272 48 medborgerlig

235 845 168 46 bildning
433 844 177 35 särskildt
638 844 154 35 afsedda
820 844 202 48 afslutning
1050 844 39 35 af
1112 844 187 36 studierna
1316 844 63 36 der
1394 846 185 47 svårligen
1595 845 98 36 lärer
1709 844 123 36 kunna

235 895 191 36 anordnas.
454 894 74 35 Vid
545 895 131 35 sådant
691 895 226 36 förhållande
947 909 110 34 synes
1088 895 70 36 den
1186 903 97 27 ännu
1313 897 227 47 tvåklassiga
1567 888 265 44 skolan
1707 884 20 64 i
1743 888 89 44 Örn-

233 946 187 37 sköldsvik
463 946 91 36 böra
588 947 173 47 antingen
790 946 173 47 indragas
992 947 88 35 eller
1109 948 67 34 ock
1204 946 196 37 förändras
1429 948 56 35 till
1514 947 217 47 treklassigt
1758 946 74 36 ele-

235 998 331 44 mentarläroverk,
597 998 149 35 hvartill
775 998 118 36 skulle
923 997 184 36 erfordras
1138 1004 52 29 ett
1220 998 133 48 belopp
1383 998 38 36 af
1447 1000 107 43 2,400
1583 999 145 35 kronor.
1776 997 56 36 Då

236 1049 185 36 afståndet
462 1048 80 35 från
571 1050 101 34 såväl
701 1048 117 36 Umeå
847 1062 79 22 som
955 1048 233 43 Hernösand,
1217 1049 45 36 de
1292 1056 165 30 närmast
1485 1050 158 47 belägna
1669 1049 164 36 lärover-

236 1101 82 44 ken,
361 1106 107 40 utgör
500 1100 77 35 icke
608 1099 142 37 mindre
779 1108 42 27 än
853 1099 71 37 tolf
948 1101 75 43 mil,
1052 1113 108 36 synes
1191 1106 106 30 orten
1325 1101 58 35 väl
1412 1100 158 37 behöfva
1599 1106 53 30 ett
1681 1100 155 36 treklas-

236 1152 71 48 sigt
346 1152 382 35 elementarläroverk.
788 1151 54 36 Då
884 1152 125 35 härtill
1037 1151 167 35 kommer
1233 1157 54 30 att
1315 1151 152 37 förlidet
1495 1155 40 33 år
1562 1152 272 48 lärjungeanta-

236 1204 62 42 let,
340 1215 80 23 som
461 1202 117 35 under
606 1202 308 36 höstterminerna
945 1204 242 34 1869—1871
1218 1201 55 46 (se
1301 1203 378 36 läroverkskomiténs
1707 1203 128 35 betän-

235 1253 120 36 kande
386 1253 59 35 bil.
474 1252 38 36 M
542 1250 36 49 1)
606 1254 11 33 i
646 1253 174 35 medeltal
848 1254 144 47 utgjort
1021 1255 54 40 20,
1105 1254 115 46 enligt
1250 1253 193 37 meddelad
1473 1253 151 48 uppgift
1652 1266 49 23 nu
1731 1254 105 46 stigit

237 1305 57 34 till
336 1305 57 43 25,
435 1303 191 48 öfversteg
660 1303 64 36 det
750 1304 12 34 i
790 1304 180 48 Ronneby
999 1304 66 35 och
1094 1302 85 49 föga
1206 1303 207 49 understeg
1441 1305 139 35 antalet
1606 1304 192 47 lärjungar
1825 1303 10 36 i

237 1354 228 36 Marstrands
495 1355 67 35 och
591 1353 239 49 Sölvesborgs
859 1355 185 43 läroverk,
1073 1355 121 35 hvilka
1222 1368 48 22 nu
1299 1356 117 35 skulle
1438 1354 173 49 uppföras
1630 1358 121 32 såsom
1765 1360 72 30 tre-

237 1406 170 46 klassiga,
450 1406 65 34 har
556 1404 200 45 Utskottet,
798 1406 116 35 ehuru
955 1406 236 47 meningarne
1232 1406 155 36 rörande
1417 1398 290 44 Örnsköldsviks
1735 1405 103 37 skola

241 1456 62 36 vid
345 1456 166 35 sistlidna
552 1456 149 47 riksdag
742 1469 89 22 voro
866 1456 140 40 delade,
1036 1462 121 29 ansett
1185 1456 57 46 sig
1271 1456 87 36 böra
1385 1457 187 49 tillstyrka
1600 1455 105 37 äfven
1735 1456 103 37 detta

240 1507 230 36 sistnämnda
497 1508 190 35 läroverks
714 1507 222 47 utvidgning
962 1508 56 34 till
1047 1507 222 47 treklassigt.

374 1556 239 37 Beträffande
641 1557 130 47 Kongl.
801 1558 121 47 Maj:ts
951 1558 131 48 nådiga
1109 1557 314 47 framställningar
1452 1572 59 22 om
1542 1558 127 46 anslag
1696 1557 56 36 för
1767 1557 70 37 den

240 1609 224 47 tvåklassiga
492 1609 247 48 pedagogiens
766 1610 12 34 i
807 1609 215 44 Engelholm
1051 1608 218 49 förändring
1295 1610 56 35 till
1385 1610 209 45 treklassigt
1623 1610 216 36 elementar-

240 1660 184 44 läroverk,
452 1659 56 36 för
536 1660 248 48 upprättande
813 1661 11 34 i
852 1659 213 37 Stockholm
1095 1660 39 36 af
1159 1667 52 29 ett
1238 1664 45 44 på
1311 1661 191 36 reallinien
1516 1659 235 49 fullständigt
1766 1660 72 36 ele-

241 1712 316 35 mentarläroverk
599 1711 83 35 med
723 1712 55 34 till
820 1724 41 23 en
904 1712 131 47 början
1076 1711 129 36 endast
1248 1711 45 36 de
1323 1717 56 31 tre
1408 1713 119 48 lägsta
1555 1712 200 43 klasserna,
1782 1711 58 37 för

239 1762 106 37 Piteå
387 1762 192 36 läroverks
621 1761 236 49 uppförande
899 1766 19 32 å
947 1769 73 29 stat
1047 1766 120 32 såsom
1197 1762 231 49 femklassigt
1456 1763 384 44 elementarläroverk,

240 1813 68 36 har
336 1813 191 36 Utskottet
553 1813 79 36 icke
661 1812 76 36 haft
764 1816 113 45 något
901 1819 54 30 att
982 1814 130 35 erinra.

376 1864 130 47 Kongl.
548 1864 120 47 Maj:ts
709 1863 138 49 förslag
888 1878 57 22 om
989 1866 128 46 anslag
1157 1865 55 35 till
1252 1865 281 47 lönetillökning
1561 1868 37 33 åt
1625 1865 217 36 rektorerne

243 1915 62 35 vid
347 1915 215 36 Vesterviks
604 1915 67 35 och
712 1914 114 36 Luleå
869 1915 381 43 elementarläroverk,
1283 1916 56 34 till
1367 1916 103 35 löner
1497 1915 37 35 åt
1562 1928 43 23 en
1633 1916 119 35 lektor
1779 1915 63 36 vid

244 1965 126 44 Luleå,
412 1969 63 32 två
516 1965 61 35 vid
623 1965 238 48 Jönköpings,
904 1978 43 23 en
988 1965 61 35 vid
1091 1966 146 43 Malmö,
1278 1979 44 22 en
1351 1966 64 35 vid
1447 1965 232 46 Carlskrona,
1708 1979 45 23 en
1781 1965 61 36 vid

245 2015 255 49 Norrköpings
542 2016 67 35 och
653 2029 43 22 en
738 2016 63 35 vid
843 2015 115 50 Visby
986 2017 376 36 elementarläroverk
1392 2022 94 30 samt
1514 2017 56 35 till
1598 2016 162 36 arvoden
1789 2016 55 37 för

246 2067 240 35 skrifbiträde
516 2070 37 32 åt
581 2068 168 35 rektorer
777 2067 105 36 hafva
913 2068 78 35 icke
1019 2068 112 35 heller
1163 2066 180 37 föranledt
1371 2068 56 35 till
1456 2071 117 43 någon
1595 2068 161 44 erinran,
1776 2068 68 35 och

245 2117 58 37 får
331 2118 191 36 Utskottet
538 2118 130 36 härvid
685 2118 131 37 endast
833 2118 160 48 åberopa
1009 2118 97 36 hvad
1124 2119 9 36 i
1149 2118 405 49 statsrådsprotokollet
1570 2116 88 48 (sid.
1677 2115 164 48 16—18)

247 2169 124 36 blifvit
398 2168 148 37 anfördt
574 2170 55 35 till
656 2169 84 37 stöd
767 2168 57 37 för
853 2168 107 38 dessa
986 2169 149 48 förslag.

332 2227 71 30 Bih.
428 2228 48 28 till
499 2228 107 29 Riksd.
634 2227 82 28 Prot.
740 2228 87 28 1874.
871 2228 17 26 4
915 2226 94 30 Saml.
1053 2230 16 25 1
1094 2227 72 36 Afd.
1210 2228 36 26 11
1273 2227 85 36 Häöft.
1787 2229 17 26 2
