1906 2830
306 168 21 29 4
502 162 107 28 Andra
630 162 198 29 kammarens
850 163 135 28 andra
1006 164 154 36 tillfälliga
1182 165 130 28 utskotts
1335 166 156 28 utlåtande
1512 174 40 20 nr
1572 166 25 28 2.

307 257 319 41 sparingsåtgärder
654 258 45 40 på
727 259 355 32 folkskoleväsendets
1112 259 149 32 område.
1305 261 106 31 Dessa
1441 261 220 40 sakkunniga
1691 263 100 35 hava,

307 312 104 39 enligt
431 312 66 30 vad
518 312 85 31 känt
625 313 47 35 är,
694 312 49 31 till
767 313 210 40 behandling
999 314 87 30 även
1108 314 157 39 upptagit
1286 313 123 41 frågan
1430 324 57 21 om
1511 315 206 41 statsbidrag
1740 315 51 31 till

308 365 199 39 byggnader
532 365 56 31 för
613 365 335 32 folkskoleväsendet
975 367 65 30 och
1067 367 140 31 komma
1234 366 107 41 enligt
1367 368 135 40 uppgift
1529 371 49 29 alt
1604 367 95 33 inom
1726 369 67 30 den

308 419 173 30 närmaste
500 418 186 32 framtiden
707 419 193 40 framlägga
918 420 130 40 förslag
1070 420 50 30 till
1140 421 259 39 nedbringande
1420 431 42 22 av
1483 421 234 32 kostnaderna
1737 422 56 30 för

307 472 50 30 till
378 472 335 32 folkskoleväsendei
737 474 156 30 hörande
915 473 323 41 byggnadsföretag.
1275 475 50 30 De
1347 475 238 40 sakkunnigas
1610 475 183 39 utredning

308 535 97 21 avser
432 527 154 30 närmast
612 527 196 38 grunderna
835 526 55 31 för
914 528 219 38 statsbidrag.
1173 528 179 30 Ehuruväl
1381 529 112 30 denna
1524 529 182 40 utredning
1735 538 56 21 en-

307 579 77 30 dast
407 579 149 31 indirekt
580 580 100 30 berör
703 581 66 29 den
793 579 108 40 fråga,
926 579 176 32 motionen
1126 581 82 39 tagit
1230 581 91 31 sikte
1346 581 53 40 på,
1422 583 130 30 saknar
1577 583 66 30 den
1667 583 11 30 i
1703 582 88 30 före-

307 633 151 30 varande
479 634 252 39 sammanhang
751 634 188 39 ingalunda
959 634 51 30 sin
1031 635 182 38 betydelse.

353 685 178 38 Utskottet,
554 695 74 21 som
648 687 54 30 väl
723 686 116 31 finner
860 687 191 32 motionens
1074 687 88 40 syfte
1182 688 289 39 behjärtansvärt,
1493 698 80 22 men
1595 698 76 22 som
1693 687 99 40 utgår

307 738 80 32 från
411 742 48 28 att
484 740 83 30 verk
592 741 65 30 och
681 740 240 40 myndigheter
945 744 79 36 taga
1050 742 283 38 uppkommande
1357 741 158 31 tillfällen
1539 743 13 30 i
1578 743 60 30 akt
1664 742 55 31 för
1744 744 49 28 att

306 792 98 37 tillse,
430 796 48 28 att
503 793 210 40 berättigade
738 794 87 30 krav
851 793 44 40 på
920 795 216 38 sparsamhet
1160 795 57 30 vid
1244 795 246 40 planläggning
1515 797 66 30 och
1607 795 185 31 utförande

307 855 44 21 av
377 845 128 33 sådana
533 847 324 39 byggnadsföretag,
887 857 72 21 som
987 857 97 22 avses
1111 849 11 30 i
1151 848 186 37 motionen,
1366 849 106 30 varda
1499 849 170 31 beaktade
1698 849 95 30 inom

307 909 119 21 ramen
447 899 55 31 för
523 900 333 40 ändamålsenlighet
876 902 66 30 och
963 910 42 21 en
1027 901 45 40 på
1095 901 116 39 längre
1232 902 70 30 sikt
1324 899 150 34 inriktad
1496 902 171 36 ekonomi,
1692 911 101 21 anser

308 953 51 39 sig
385 953 197 31 förhindrat
607 956 49 29 att
683 954 55 30 för
764 955 217 31 närvarande
1009 954 127 32 föreslå
1162 954 161 41 åtgärder
1349 955 11 30 i
1387 955 193 31 motionens
1611 955 87 40 syfte
1726 956 66 30 och

307 1007 206 36 hemställer,

668 1118 49 27 att
735 1116 65 29 här
819 1115 227 31 förevarande
1066 1115 141 36 motion,
1228 1125 43 21 nr
1293 1115 71 37 198,
1385 1115 74 31 icke
1481 1115 106 32 måtte
1607 1115 51 31 till
1678 1113 114 41 någon

624 1169 108 30 andra
754 1169 221 30 kammarens
997 1168 123 41 åtgärd
1141 1168 192 31 föranleda.

352 1273 199 31 Stockholm
573 1274 67 30 den
664 1274 38 30 19
724 1274 89 39 april
838 1274 91 31 1940.

852 1380 48 31 På
919 1382 182 30 utskottets
1120 1382 142 39 vägnar:

853 1487 169 30 GUSTAF
1043 1487 197 31 NILSSON.

306 1703 216 28 Närvarande:
545 1703 120 29 Herrar
684 1704 124 28 Nilsson
829 1705 10 27 i
859 1704 241 34 Kristinehamn,
1122 1705 222 36 Tornegård>),
1365 1705 234 36 Silfwerbrand,
1620 1706 175 32 Lindholm,

544 1748 102 32 Birke,
663 1749 50 27 fru
730 1749 138 35 Alvén+),
886 1749 111 28 herrar
1016 1750 109 28 Nilson
1143 1750 9 27 i
1170 1749 186 34 Eskilstuna,
1374 1750 187 35 Magnusson
1579 1751 10 27 i
1608 1751 187 35 Tumhult+),

544 1794 144 27 Hansson
706 1794 10 27 i
735 1794 208 36 Stocksäter+)
963 1794 57 27 och
1040 1795 177 27 Andersson
1235 1795 11 27 i
1266 1795 265 36 Surahammar»).

349 2016 21 26 +)
388 2016 31 26 Ej
436 2017 170 21 närvarande
622 2017 44 21 vid
681 2016 167 23 utlåtandets
863 2017 141 26 justering.
