<?xml version="1.0" encoding="UTF-8"?>
<alto xmlns="http://www.loc.gov/standards/alto/ns-v3#" xmlns:xlink="http://www.w3.org/1999/xlink" xmlns:xsi="http://www.w3.org/2001/XMLSchema-instance" xsi:schemaLocation="http://www.loc.gov/standards/alto/ns-v3# http://www.loc.gov/alto/v3/alto-3-0.xsd">
	<Description>
		<MeasurementUnit>pixel</MeasurementUnit>
		<sourceImageInformation>
			<fileName>/tmp/tess_5o1e51ms_input.PNG</fileName>
		</sourceImageInformation>
		<OCRProcessing ID="OCR_0">
			<ocrProcessingStep>
				<processingSoftware>
					<softwareName>tesseract 5.3.0</softwareName>
				</processingSoftware>
			</ocrProcessingStep>
		</OCRProcessing>
	</Description>
	<Layout>
		<Page WIDTH="1892" HEIGHT="2822" PHYSICAL_IMG_NR="0" ID="page_0">
			<PrintSpace HPOS="0" VPOS="0" WIDTH="1892" HEIGHT="2822">
				<ComposedBlock ID="cblock_0" HPOS="598" VPOS="175" WIDTH="1030" HEIGHT="32">
					<TextBlock ID="block_0" HPOS="598" VPOS="175" WIDTH="1030" HEIGHT="32">
						<TextLine ID="line_0" HPOS="598" VPOS="175" WIDTH="1030" HEIGHT="32">
							<String ID="string_0" HPOS="598" VPOS="178" WIDTH="263" HEIGHT="29" WC="0.90" CONTENT="Statsutskottets"/><SP WIDTH="23" VPOS="178" HPOS="861"/>
							<String ID="string_1" HPOS="884" VPOS="178" WIDTH="167" HEIGHT="28" WC="0.96" CONTENT="utlåtande"/><SP WIDTH="23" VPOS="178" HPOS="1051"/>
							<String ID="string_2" HPOS="1074" VPOS="187" WIDTH="38" HEIGHT="18" WC="0.95" CONTENT="nr"/><SP WIDTH="23" VPOS="187" HPOS="1112"/>
							<String ID="string_3" HPOS="1135" VPOS="178" WIDTH="28" HEIGHT="27" WC="0.96" CONTENT="4."/><SP WIDTH="427" VPOS="178" HPOS="1163"/>
							<String ID="string_4" HPOS="1590" VPOS="175" WIDTH="38" HEIGHT="31" WC="0.95" CONTENT="15"/>
						</TextLine>
					</TextBlock>
				</ComposedBlock>
				<ComposedBlock ID="cblock_1" HPOS="123" VPOS="250" WIDTH="1511" HEIGHT="1157">
					<TextBlock ID="block_1" HPOS="123" VPOS="250" WIDTH="1506" HEIGHT="296">
						<TextLine ID="line_1" HPOS="124" VPOS="250" WIDTH="1504" HEIGHT="39">
							<String ID="string_5" HPOS="124" VPOS="250" WIDTH="283" HEIGHT="32" WC="0.91" CONTENT="förskottsstaten"/><SP WIDTH="33" VPOS="250" HPOS="407"/>
							<String ID="string_6" HPOS="440" VPOS="251" WIDTH="53" HEIGHT="32" WC="0.93" CONTENT="för"/><SP WIDTH="33" VPOS="251" HPOS="493"/>
							<String ID="string_7" HPOS="526" VPOS="251" WIDTH="318" HEIGHT="32" WC="0.90" CONTENT="försvarsväsendet"/><SP WIDTH="22" VPOS="251" HPOS="844"/>
							<String ID="string_8" HPOS="866" VPOS="270" WIDTH="40" HEIGHT="3" WC="0.92" CONTENT="—"/><SP WIDTH="23" VPOS="270" HPOS="906"/>
							<String ID="string_9" HPOS="929" VPOS="251" WIDTH="53" HEIGHT="31" WC="0.92" CONTENT="till"/><SP WIDTH="25" VPOS="251" HPOS="982"/>
							<String ID="string_10" HPOS="1007" VPOS="251" WIDTH="188" HEIGHT="38" WC="0.90" CONTENT="15,000,000"/><SP WIDTH="22" VPOS="251" HPOS="1195"/>
							<String ID="string_11" HPOS="1217" VPOS="251" WIDTH="135" HEIGHT="37" WC="0.96" CONTENT="kronor,"/><SP WIDTH="35" VPOS="251" HPOS="1352"/>
							<String ID="string_12" HPOS="1387" VPOS="251" WIDTH="241" HEIGHT="32" WC="0.96" CONTENT="motsvarande"/>
						</TextLine>
						<TextLine ID="line_2" HPOS="124" VPOS="301" WIDTH="1502" HEIGHT="42">
							<String ID="string_13" HPOS="124" VPOS="312" WIDTH="40" HEIGHT="20" WC="0.93" CONTENT="en"/><SP WIDTH="35" VPOS="312" HPOS="164"/>
							<String ID="string_14" HPOS="199" VPOS="301" WIDTH="381" HEIGHT="41" WC="0.91" CONTENT="genomsnittskostnad"/><SP WIDTH="28" VPOS="301" HPOS="580"/>
							<String ID="string_15" HPOS="608" VPOS="302" WIDTH="109" HEIGHT="31" WC="0.93" CONTENT="under"/><SP WIDTH="32" VPOS="302" HPOS="717"/>
							<String ID="string_16" HPOS="749" VPOS="302" WIDTH="293" HEIGHT="41" WC="0.91" CONTENT="femårsperioden"/><SP WIDTH="37" VPOS="302" HPOS="1042"/>
							<String ID="string_17" HPOS="1079" VPOS="301" WIDTH="135" HEIGHT="32" WC="0.89" CONTENT="1942/47"/><SP WIDTH="24" VPOS="301" HPOS="1214"/>
							<String ID="string_18" HPOS="1238" VPOS="313" WIDTH="40" HEIGHT="20" WC="0.92" CONTENT="av"/><SP WIDTH="23" VPOS="313" HPOS="1278"/>
							<String ID="string_19" HPOS="1301" VPOS="302" WIDTH="168" HEIGHT="38" WC="0.91" CONTENT="3,000,000"/><SP WIDTH="22" VPOS="302" HPOS="1469"/>
							<String ID="string_20" HPOS="1491" VPOS="302" WIDTH="135" HEIGHT="31" WC="0.96" CONTENT="kronor."/>
						</TextLine>
						<TextLine ID="line_3" HPOS="124" VPOS="351" WIDTH="1505" HEIGHT="43">
							<String ID="string_21" HPOS="124" VPOS="351" WIDTH="196" HEIGHT="42" WC="0.96" CONTENT="Riksdagen"/><SP WIDTH="24" VPOS="351" HPOS="320"/>
							<String ID="string_22" HPOS="344" VPOS="352" WIDTH="61" HEIGHT="31" WC="0.93" CONTENT="har"/><SP WIDTH="21" VPOS="352" HPOS="405"/>
							<String ID="string_23" HPOS="426" VPOS="352" WIDTH="223" HEIGHT="42" WC="0.91" CONTENT="bemyndigat"/><SP WIDTH="23" VPOS="352" HPOS="649"/>
							<String ID="string_24" HPOS="672" VPOS="352" WIDTH="125" HEIGHT="41" WC="0.94" CONTENT="Kungl."/><SP WIDTH="24" VPOS="352" HPOS="797"/>
							<String ID="string_25" HPOS="821" VPOS="352" WIDTH="98" HEIGHT="41" WC="0.96" CONTENT="Maj:t"/><SP WIDTH="23" VPOS="352" HPOS="919"/>
							<String ID="string_26" HPOS="942" VPOS="354" WIDTH="50" HEIGHT="29" WC="0.96" CONTENT="att"/><SP WIDTH="23" VPOS="354" HPOS="992"/>
							<String ID="string_27" HPOS="1015" VPOS="352" WIDTH="158" HEIGHT="31" WC="0.96" CONTENT="meddela"/><SP WIDTH="22" VPOS="352" HPOS="1173"/>
							<String ID="string_28" HPOS="1195" VPOS="352" WIDTH="116" HEIGHT="32" WC="0.96" CONTENT="beslut"/><SP WIDTH="22" VPOS="352" HPOS="1311"/>
							<String ID="string_29" HPOS="1333" VPOS="363" WIDTH="55" HEIGHT="20" WC="0.96" CONTENT="om"/><SP WIDTH="24" VPOS="363" HPOS="1388"/>
							<String ID="string_30" HPOS="1412" VPOS="352" WIDTH="217" HEIGHT="42" WC="0.95" CONTENT="anskaffning"/>
						</TextLine>
						<TextLine ID="line_4" HPOS="124" VPOS="402" WIDTH="1503" HEIGHT="42">
							<String ID="string_31" HPOS="124" VPOS="413" WIDTH="40" HEIGHT="20" WC="0.96" CONTENT="av"/><SP WIDTH="22" VPOS="413" HPOS="164"/>
							<String ID="string_32" HPOS="186" VPOS="414" WIDTH="47" HEIGHT="19" WC="0.96" CONTENT="nu"/><SP WIDTH="33" VPOS="414" HPOS="233"/>
							<String ID="string_33" HPOS="266" VPOS="402" WIDTH="255" HEIGHT="42" WC="0.95" CONTENT="ifrågavarande"/><SP WIDTH="31" VPOS="402" HPOS="521"/>
							<String ID="string_34" HPOS="552" VPOS="402" WIDTH="154" HEIGHT="32" WC="0.96" CONTENT="materiel"/><SP WIDTH="24" VPOS="402" HPOS="706"/>
							<String ID="string_35" HPOS="730" VPOS="405" WIDTH="89" HEIGHT="29" WC="0.96" CONTENT="samt"/><SP WIDTH="22" VPOS="405" HPOS="819"/>
							<String ID="string_36" HPOS="841" VPOS="405" WIDTH="50" HEIGHT="29" WC="0.93" CONTENT="att"/><SP WIDTH="23" VPOS="405" HPOS="891"/>
							<String ID="string_37" HPOS="914" VPOS="403" WIDTH="157" HEIGHT="41" WC="0.92" CONTENT="medgiva"/><SP WIDTH="23" VPOS="403" HPOS="1071"/>
							<String ID="string_38" HPOS="1094" VPOS="402" WIDTH="277" HEIGHT="39" WC="0.96" CONTENT="överskridande,"/><SP WIDTH="22" VPOS="402" HPOS="1371"/>
							<String ID="string_39" HPOS="1393" VPOS="402" WIDTH="94" HEIGHT="32" WC="0.96" CONTENT="inom"/><SP WIDTH="24" VPOS="402" HPOS="1487"/>
							<String ID="string_40" HPOS="1511" VPOS="414" WIDTH="116" HEIGHT="21" WC="0.96" CONTENT="ramen"/>
						</TextLine>
						<TextLine ID="line_5" HPOS="123" VPOS="452" WIDTH="1506" HEIGHT="43">
							<String ID="string_41" HPOS="123" VPOS="453" WIDTH="52" HEIGHT="31" WC="0.96" CONTENT="för"/><SP WIDTH="20" VPOS="453" HPOS="175"/>
							<String ID="string_42" HPOS="195" VPOS="455" WIDTH="50" HEIGHT="29" WC="0.96" CONTENT="ett"/><SP WIDTH="21" VPOS="455" HPOS="245"/>
							<String ID="string_43" HPOS="266" VPOS="453" WIDTH="129" HEIGHT="41" WC="0.96" CONTENT="belopp"/><SP WIDTH="20" VPOS="453" HPOS="395"/>
							<String ID="string_44" HPOS="415" VPOS="464" WIDTH="40" HEIGHT="21" WC="0.92" CONTENT="av"/><SP WIDTH="17" VPOS="464" HPOS="455"/>
							<String ID="string_45" HPOS="472" VPOS="454" WIDTH="189" HEIGHT="37" WC="0.91" CONTENT="15,000,000"/><SP WIDTH="14" VPOS="454" HPOS="661"/>
							<String ID="string_46" HPOS="675" VPOS="454" WIDTH="136" HEIGHT="37" WC="0.96" CONTENT="kronor,"/><SP WIDTH="17" VPOS="454" HPOS="811"/>
							<String ID="string_47" HPOS="828" VPOS="465" WIDTH="39" HEIGHT="20" WC="0.96" CONTENT="av"/><SP WIDTH="17" VPOS="465" HPOS="867"/>
							<String ID="string_48" HPOS="884" VPOS="453" WIDTH="58" HEIGHT="32" WC="0.96" CONTENT="det"/><SP WIDTH="14" VPOS="453" HPOS="942"/>
							<String ID="string_49" HPOS="956" VPOS="454" WIDTH="53" HEIGHT="31" WC="0.96" CONTENT="för"/><SP WIDTH="15" VPOS="454" HPOS="1009"/>
							<String ID="string_50" HPOS="1024" VPOS="453" WIDTH="204" HEIGHT="42" WC="0.93" CONTENT="budgetåret"/><SP WIDTH="24" VPOS="453" HPOS="1228"/>
							<String ID="string_51" HPOS="1252" VPOS="452" WIDTH="137" HEIGHT="34" WC="0.92" CONTENT="1942/43"/><SP WIDTH="23" VPOS="452" HPOS="1389"/>
							<String ID="string_52" HPOS="1412" VPOS="454" WIDTH="51" HEIGHT="31" WC="0.93" CONTENT="för"/><SP WIDTH="23" VPOS="454" HPOS="1463"/>
							<String ID="string_53" HPOS="1486" VPOS="454" WIDTH="143" HEIGHT="31" WC="0.89" CONTENT="anskaff-"/>
						</TextLine>
						<TextLine ID="line_6" HPOS="125" VPOS="503" WIDTH="500" HEIGHT="43">
							<String ID="string_54" HPOS="125" VPOS="503" WIDTH="125" HEIGHT="41" WC="0.96" CONTENT="ningen"/><SP WIDTH="25" VPOS="503" HPOS="250"/>
							<String ID="string_55" HPOS="275" VPOS="504" WIDTH="162" HEIGHT="32" WC="0.96" CONTENT="anvisade"/><SP WIDTH="23" VPOS="504" HPOS="437"/>
							<String ID="string_56" HPOS="460" VPOS="504" WIDTH="165" HEIGHT="42" WC="0.96" CONTENT="anslaget."/>
						</TextLine>
					</TextBlock>
					<TextBlock ID="block_2" HPOS="124" VPOS="554" WIDTH="1507" HEIGHT="295">
						<TextLine ID="line_7" HPOS="176" VPOS="554" WIDTH="1453" HEIGHT="43">
							<String ID="string_57" HPOS="176" VPOS="554" WIDTH="98" HEIGHT="32" WC="0.95" CONTENT="Efter"/><SP WIDTH="36" VPOS="554" HPOS="274"/>
							<String ID="string_58" HPOS="310" VPOS="555" WIDTH="252" HEIGHT="41" WC="0.95" CONTENT="framställning"/><SP WIDTH="38" VPOS="555" HPOS="562"/>
							<String ID="string_59" HPOS="600" VPOS="566" WIDTH="40" HEIGHT="20" WC="0.93" CONTENT="av"/><SP WIDTH="33" VPOS="566" HPOS="640"/>
							<String ID="string_60" HPOS="673" VPOS="555" WIDTH="364" HEIGHT="42" WC="0.92" CONTENT="arméförvaltningens"/><SP WIDTH="33" VPOS="555" HPOS="1037"/>
							<String ID="string_61" HPOS="1070" VPOS="555" WIDTH="464" HEIGHT="42" WC="0.91" CONTENT="intendenturdepartement"/><SP WIDTH="33" VPOS="555" HPOS="1534"/>
							<String ID="string_62" HPOS="1567" VPOS="555" WIDTH="62" HEIGHT="32" WC="0.88" CONTENT="har"/>
						</TextLine>
						<TextLine ID="line_8" HPOS="124" VPOS="605" WIDTH="1507" HEIGHT="42">
							<String ID="string_63" HPOS="124" VPOS="605" WIDTH="126" HEIGHT="41" WC="0.93" CONTENT="Kungl."/><SP WIDTH="25" VPOS="605" HPOS="250"/>
							<String ID="string_64" HPOS="275" VPOS="605" WIDTH="99" HEIGHT="41" WC="0.96" CONTENT="Maj:t"/><SP WIDTH="32" VPOS="605" HPOS="374"/>
							<String ID="string_65" HPOS="406" VPOS="606" WIDTH="78" HEIGHT="31" WC="0.96" CONTENT="med"/><SP WIDTH="34" VPOS="606" HPOS="484"/>
							<String ID="string_66" HPOS="518" VPOS="606" WIDTH="80" HEIGHT="31" WC="0.96" CONTENT="stöd"/><SP WIDTH="34" VPOS="606" HPOS="598"/>
							<String ID="string_67" HPOS="632" VPOS="617" WIDTH="40" HEIGHT="20" WC="0.96" CONTENT="av"/><SP WIDTH="32" VPOS="617" HPOS="672"/>
							<String ID="string_68" HPOS="704" VPOS="605" WIDTH="149" HEIGHT="32" WC="0.82" CONTENT="nämnda"/><SP WIDTH="32" VPOS="605" HPOS="853"/>
							<String ID="string_69" HPOS="885" VPOS="606" WIDTH="277" HEIGHT="41" WC="0.95" CONTENT="bemyndigande"/><SP WIDTH="33" VPOS="606" HPOS="1162"/>
							<String ID="string_70" HPOS="1195" VPOS="617" WIDTH="122" HEIGHT="30" WC="0.96" CONTENT="genom"/><SP WIDTH="35" VPOS="617" HPOS="1317"/>
							<String ID="string_71" HPOS="1352" VPOS="606" WIDTH="115" HEIGHT="31" WC="0.96" CONTENT="beslut"/><SP WIDTH="31" VPOS="606" HPOS="1467"/>
							<String ID="string_72" HPOS="1498" VPOS="606" WIDTH="66" HEIGHT="32" WC="0.96" CONTENT="den"/><SP WIDTH="24" VPOS="606" HPOS="1564"/>
							<String ID="string_73" HPOS="1588" VPOS="607" WIDTH="43" HEIGHT="31" WC="0.96" CONTENT="30"/>
						</TextLine>
						<TextLine ID="line_9" HPOS="126" VPOS="656" WIDTH="1503" HEIGHT="42">
							<String ID="string_74" HPOS="126" VPOS="656" WIDTH="143" HEIGHT="31" WC="0.96" CONTENT="oktober"/><SP WIDTH="25" VPOS="656" HPOS="269"/>
							<String ID="string_75" HPOS="294" VPOS="657" WIDTH="80" HEIGHT="30" WC="0.96" CONTENT="1942"/><SP WIDTH="24" VPOS="657" HPOS="374"/>
							<String ID="string_76" HPOS="398" VPOS="656" WIDTH="174" HEIGHT="42" WC="0.86" CONTENT="medgivit,"/><SP WIDTH="25" VPOS="656" HPOS="572"/>
							<String ID="string_77" HPOS="597" VPOS="656" WIDTH="75" HEIGHT="32" WC="0.96" CONTENT="dels"/><SP WIDTH="23" VPOS="656" HPOS="672"/>
							<String ID="string_78" HPOS="695" VPOS="659" WIDTH="49" HEIGHT="29" WC="0.93" CONTENT="att"/><SP WIDTH="23" VPOS="659" HPOS="744"/>
							<String ID="string_79" HPOS="767" VPOS="656" WIDTH="501" HEIGHT="42" WC="0.90" CONTENT="intendenturdepartementet"/><SP WIDTH="21" VPOS="656" HPOS="1268"/>
							<String ID="string_80" HPOS="1289" VPOS="657" WIDTH="90" HEIGHT="41" WC="0.96" CONTENT="finge"/><SP WIDTH="15" VPOS="657" HPOS="1379"/>
							<String ID="string_81" HPOS="1394" VPOS="657" WIDTH="148" HEIGHT="31" WC="0.92" CONTENT="beställa"/><SP WIDTH="15" VPOS="657" HPOS="1542"/>
							<String ID="string_82" HPOS="1557" VPOS="657" WIDTH="72" HEIGHT="31" WC="0.96" CONTENT="viss"/>
						</TextLine>
						<TextLine ID="line_10" HPOS="124" VPOS="706" WIDTH="1507" HEIGHT="42">
							<String ID="string_83" HPOS="124" VPOS="717" WIDTH="41" HEIGHT="20" WC="0.96" CONTENT="av"/><SP WIDTH="23" VPOS="717" HPOS="165"/>
							<String ID="string_84" HPOS="188" VPOS="706" WIDTH="273" HEIGHT="42" WC="0.95" CONTENT="departementet"/><SP WIDTH="22" VPOS="706" HPOS="461"/>
							<String ID="string_85" HPOS="483" VPOS="707" WIDTH="145" HEIGHT="41" WC="0.93" CONTENT="angiven"/><SP WIDTH="23" VPOS="707" HPOS="628"/>
							<String ID="string_86" HPOS="651" VPOS="707" WIDTH="381" HEIGHT="31" WC="0.91" CONTENT="intendenturmateriel"/><SP WIDTH="23" VPOS="707" HPOS="1032"/>
							<String ID="string_87" HPOS="1055" VPOS="707" WIDTH="53" HEIGHT="31" WC="0.96" CONTENT="till"/><SP WIDTH="17" VPOS="707" HPOS="1108"/>
							<String ID="string_88" HPOS="1125" VPOS="718" WIDTH="42" HEIGHT="20" WC="0.96" CONTENT="en"/><SP WIDTH="15" VPOS="718" HPOS="1167"/>
							<String ID="string_89" HPOS="1182" VPOS="707" WIDTH="149" HEIGHT="31" WC="0.96" CONTENT="kostnad"/><SP WIDTH="16" VPOS="707" HPOS="1331"/>
							<String ID="string_90" HPOS="1347" VPOS="718" WIDTH="40" HEIGHT="20" WC="0.96" CONTENT="av"/><SP WIDTH="16" VPOS="718" HPOS="1387"/>
							<String ID="string_91" HPOS="1403" VPOS="707" WIDTH="228" HEIGHT="41" WC="0.95" CONTENT="sammanlagt"/>
						</TextLine>
						<TextLine ID="line_11" HPOS="124" VPOS="757" WIDTH="1507" HEIGHT="42">
							<String ID="string_92" HPOS="124" VPOS="757" WIDTH="169" HEIGHT="38" WC="0.91" CONTENT="4,350,000"/><SP WIDTH="28" VPOS="757" HPOS="293"/>
							<String ID="string_93" HPOS="321" VPOS="757" WIDTH="136" HEIGHT="39" WC="0.96" CONTENT="kronor,"/><SP WIDTH="28" VPOS="757" HPOS="457"/>
							<String ID="string_94" HPOS="485" VPOS="757" WIDTH="74" HEIGHT="32" WC="0.96" CONTENT="dels"/><SP WIDTH="24" VPOS="757" HPOS="559"/>
							<String ID="string_95" HPOS="583" VPOS="757" WIDTH="63" HEIGHT="32" WC="0.96" CONTENT="ock"/><SP WIDTH="23" VPOS="757" HPOS="646"/>
							<String ID="string_96" HPOS="669" VPOS="760" WIDTH="49" HEIGHT="29" WC="0.96" CONTENT="att"/><SP WIDTH="23" VPOS="760" HPOS="718"/>
							<String ID="string_97" HPOS="741" VPOS="758" WIDTH="58" HEIGHT="31" WC="0.96" CONTENT="det"/><SP WIDTH="26" VPOS="758" HPOS="799"/>
							<String ID="string_98" HPOS="825" VPOS="758" WIDTH="53" HEIGHT="31" WC="0.96" CONTENT="för"/><SP WIDTH="22" VPOS="758" HPOS="878"/>
							<String ID="string_99" HPOS="900" VPOS="757" WIDTH="205" HEIGHT="42" WC="0.93" CONTENT="budgetåret"/><SP WIDTH="24" VPOS="757" HPOS="1105"/>
							<String ID="string_100" HPOS="1129" VPOS="757" WIDTH="137" HEIGHT="32" WC="0.92" CONTENT="1942/43"/><SP WIDTH="23" VPOS="757" HPOS="1266"/>
							<String ID="string_101" HPOS="1289" VPOS="757" WIDTH="162" HEIGHT="32" WC="0.96" CONTENT="anvisade"/><SP WIDTH="24" VPOS="757" HPOS="1451"/>
							<String ID="string_102" HPOS="1475" VPOS="758" WIDTH="156" HEIGHT="41" WC="0.96" CONTENT="anslaget"/>
						</TextLine>
						<TextLine ID="line_12" HPOS="125" VPOS="808" WIDTH="904" HEIGHT="41">
							<String ID="string_103" HPOS="125" VPOS="808" WIDTH="90" HEIGHT="41" WC="0.96" CONTENT="finge"/><SP WIDTH="23" VPOS="808" HPOS="215"/>
							<String ID="string_104" HPOS="238" VPOS="808" WIDTH="216" HEIGHT="31" WC="0.96" CONTENT="överskridas"/><SP WIDTH="23" VPOS="808" HPOS="454"/>
							<String ID="string_105" HPOS="477" VPOS="808" WIDTH="79" HEIGHT="31" WC="0.96" CONTENT="med"/><SP WIDTH="23" VPOS="808" HPOS="556"/>
							<String ID="string_106" HPOS="579" VPOS="808" WIDTH="104" HEIGHT="41" WC="0.93" CONTENT="högst"/><SP WIDTH="24" VPOS="808" HPOS="683"/>
							<String ID="string_107" HPOS="707" VPOS="808" WIDTH="166" HEIGHT="39" WC="0.91" CONTENT="1,350,000"/><SP WIDTH="20" VPOS="808" HPOS="873"/>
							<String ID="string_108" HPOS="893" VPOS="808" WIDTH="136" HEIGHT="32" WC="0.96" CONTENT="kronor."/>
						</TextLine>
					</TextBlock>
					<TextBlock ID="block_3" HPOS="126" VPOS="859" WIDTH="1506" HEIGHT="234">
						<TextLine ID="line_13" HPOS="178" VPOS="859" WIDTH="1453" HEIGHT="42">
							<String ID="string_109" HPOS="178" VPOS="859" WIDTH="389" HEIGHT="41" WC="0.91" CONTENT="Departementschefen"/><SP WIDTH="23" VPOS="859" HPOS="567"/>
							<String ID="string_110" HPOS="590" VPOS="859" WIDTH="210" HEIGHT="38" WC="0.96" CONTENT="förutsätter,"/><SP WIDTH="21" VPOS="859" HPOS="800"/>
							<String ID="string_111" HPOS="821" VPOS="861" WIDTH="50" HEIGHT="30" WC="0.96" CONTENT="att"/><SP WIDTH="22" VPOS="861" HPOS="871"/>
							<String ID="string_112" HPOS="893" VPOS="859" WIDTH="42" HEIGHT="31" WC="0.96" CONTENT="de"/><SP WIDTH="24" VPOS="859" HPOS="935"/>
							<String ID="string_113" HPOS="959" VPOS="871" WIDTH="40" HEIGHT="19" WC="0.95" CONTENT="av"/><SP WIDTH="26" VPOS="871" HPOS="999"/>
							<String ID="string_114" HPOS="1025" VPOS="859" WIDTH="80" HEIGHT="31" WC="0.96" CONTENT="1942"/><SP WIDTH="23" VPOS="859" HPOS="1105"/>
							<String ID="string_115" HPOS="1128" VPOS="860" WIDTH="55" HEIGHT="30" WC="0.96" CONTENT="års"/><SP WIDTH="23" VPOS="860" HPOS="1183"/>
							<String ID="string_116" HPOS="1206" VPOS="859" WIDTH="140" HEIGHT="42" WC="0.96" CONTENT="riksdag"/><SP WIDTH="23" VPOS="859" HPOS="1346"/>
							<String ID="string_117" HPOS="1369" VPOS="859" WIDTH="101" HEIGHT="41" WC="0.93" CONTENT="givna"/><SP WIDTH="22" VPOS="859" HPOS="1470"/>
							<String ID="string_118" HPOS="1492" VPOS="859" WIDTH="139" HEIGHT="42" WC="0.91" CONTENT="bemyn-"/>
						</TextLine>
						<TextLine ID="line_14" HPOS="126" VPOS="909" WIDTH="1506" HEIGHT="42">
							<String ID="string_119" HPOS="126" VPOS="909" WIDTH="194" HEIGHT="42" WC="0.91" CONTENT="digandena"/><SP WIDTH="33" VPOS="909" HPOS="320"/>
							<String ID="string_120" HPOS="353" VPOS="911" WIDTH="50" HEIGHT="29" WC="0.96" CONTENT="att"/><SP WIDTH="29" VPOS="911" HPOS="403"/>
							<String ID="string_121" HPOS="432" VPOS="909" WIDTH="199" HEIGHT="32" WC="0.95" CONTENT="överskrida"/><SP WIDTH="32" VPOS="909" HPOS="631"/>
							<String ID="string_122" HPOS="663" VPOS="910" WIDTH="192" HEIGHT="41" WC="0.95" CONTENT="respektive"/><SP WIDTH="23" VPOS="910" HPOS="855"/>
							<String ID="string_123" HPOS="878" VPOS="910" WIDTH="53" HEIGHT="31" WC="0.96" CONTENT="för"/><SP WIDTH="21" VPOS="910" HPOS="931"/>
							<String ID="string_124" HPOS="952" VPOS="910" WIDTH="205" HEIGHT="41" WC="0.93" CONTENT="budgetåret"/><SP WIDTH="24" VPOS="910" HPOS="1157"/>
							<String ID="string_125" HPOS="1181" VPOS="910" WIDTH="137" HEIGHT="32" WC="0.92" CONTENT="1942/43"/><SP WIDTH="23" VPOS="910" HPOS="1318"/>
							<String ID="string_126" HPOS="1341" VPOS="910" WIDTH="163" HEIGHT="31" WC="0.93" CONTENT="anvisade"/><SP WIDTH="23" VPOS="910" HPOS="1504"/>
							<String ID="string_127" HPOS="1527" VPOS="921" WIDTH="105" HEIGHT="21" WC="0.92" CONTENT="reser-"/>
						</TextLine>
						<TextLine ID="line_15" HPOS="126" VPOS="960" WIDTH="1505" HEIGHT="42">
							<String ID="string_128" HPOS="126" VPOS="960" WIDTH="258" HEIGHT="42" WC="0.91" CONTENT="vationsanslag"/><SP WIDTH="21" VPOS="960" HPOS="384"/>
							<String ID="string_129" HPOS="405" VPOS="960" WIDTH="33" HEIGHT="31" WC="0.96" CONTENT="få"/><SP WIDTH="22" VPOS="960" HPOS="438"/>
							<String ID="string_130" HPOS="460" VPOS="971" WIDTH="103" HEIGHT="21" WC="0.96" CONTENT="anses"/><SP WIDTH="22" VPOS="971" HPOS="563"/>
							<String ID="string_131" HPOS="585" VPOS="960" WIDTH="45" HEIGHT="31" WC="0.96" CONTENT="ha"/><SP WIDTH="22" VPOS="960" HPOS="630"/>
							<String ID="string_132" HPOS="652" VPOS="960" WIDTH="168" HEIGHT="32" WC="0.96" CONTENT="avseende"/><SP WIDTH="14" VPOS="960" HPOS="820"/>
							<String ID="string_133" HPOS="834" VPOS="961" WIDTH="125" HEIGHT="41" WC="0.93" CONTENT="jämväl"/><SP WIDTH="23" VPOS="961" HPOS="959"/>
							<String ID="string_134" HPOS="982" VPOS="963" WIDTH="19" HEIGHT="29" WC="0.93" CONTENT="å"/><SP WIDTH="23" VPOS="963" HPOS="1001"/>
							<String ID="string_135" HPOS="1024" VPOS="960" WIDTH="240" HEIGHT="32" WC="0.95" CONTENT="motsvarande"/><SP WIDTH="16" VPOS="960" HPOS="1264"/>
							<String ID="string_136" HPOS="1280" VPOS="961" WIDTH="53" HEIGHT="31" WC="0.96" CONTENT="för"/><SP WIDTH="14" VPOS="961" HPOS="1333"/>
							<String ID="string_137" HPOS="1347" VPOS="960" WIDTH="284" HEIGHT="32" WC="0.96" CONTENT="nästkommande"/>
						</TextLine>
						<TextLine ID="line_16" HPOS="126" VPOS="1010" WIDTH="1506" HEIGHT="42">
							<String ID="string_138" HPOS="126" VPOS="1010" WIDTH="168" HEIGHT="42" WC="0.96" CONTENT="budgetår"/><SP WIDTH="22" VPOS="1010" HPOS="294"/>
							<String ID="string_139" HPOS="316" VPOS="1010" WIDTH="161" HEIGHT="32" WC="0.90" CONTENT="anvisade"/><SP WIDTH="17" VPOS="1010" HPOS="477"/>
							<String ID="string_140" HPOS="494" VPOS="1011" WIDTH="373" HEIGHT="41" WC="0.90" CONTENT="fortsättningsanslag,"/><SP WIDTH="24" VPOS="1011" HPOS="867"/>
							<String ID="string_141" HPOS="891" VPOS="1011" WIDTH="116" HEIGHT="32" WC="0.96" CONTENT="oaktat"/><SP WIDTH="22" VPOS="1011" HPOS="1007"/>
							<String ID="string_142" HPOS="1029" VPOS="1011" WIDTH="294" HEIGHT="41" WC="0.93" CONTENT="benämningarna"/><SP WIDTH="23" VPOS="1011" HPOS="1323"/>
							<String ID="string_143" HPOS="1346" VPOS="1012" WIDTH="19" HEIGHT="30" WC="0.90" CONTENT="å"/><SP WIDTH="22" VPOS="1012" HPOS="1365"/>
							<String ID="string_144" HPOS="1387" VPOS="1011" WIDTH="102" HEIGHT="31" WC="0.96" CONTENT="dessa"/><SP WIDTH="23" VPOS="1011" HPOS="1489"/>
							<String ID="string_145" HPOS="1512" VPOS="1011" WIDTH="120" HEIGHT="41" WC="0.96" CONTENT="anslag"/>
						</TextLine>
						<TextLine ID="line_17" HPOS="127" VPOS="1061" WIDTH="133" HEIGHT="32">
							<String ID="string_146" HPOS="127" VPOS="1061" WIDTH="133" HEIGHT="32" WC="0.96" CONTENT="ändras."/>
						</TextLine>
					</TextBlock>
					<TextBlock ID="block_4" HPOS="126" VPOS="1111" WIDTH="1508" HEIGHT="296">
						<TextLine ID="line_18" HPOS="178" VPOS="1111" WIDTH="1454" HEIGHT="43">
							<String ID="string_147" HPOS="178" VPOS="1112" WIDTH="18" HEIGHT="31" WC="0.96" CONTENT="I"/><SP WIDTH="33" VPOS="1112" HPOS="196"/>
							<String ID="string_148" HPOS="229" VPOS="1111" WIDTH="154" HEIGHT="42" WC="0.96" CONTENT="enlighet"/><SP WIDTH="32" VPOS="1111" HPOS="383"/>
							<String ID="string_149" HPOS="415" VPOS="1112" WIDTH="78" HEIGHT="31" WC="0.95" CONTENT="med"/><SP WIDTH="34" VPOS="1112" HPOS="493"/>
							<String ID="string_150" HPOS="527" VPOS="1123" WIDTH="86" HEIGHT="20" WC="0.95" CONTENT="ovan"/><SP WIDTH="31" VPOS="1123" HPOS="613"/>
							<String ID="string_151" HPOS="644" VPOS="1112" WIDTH="145" HEIGHT="41" WC="0.96" CONTENT="angivna"/><SP WIDTH="33" VPOS="1112" HPOS="789"/>
							<String ID="string_152" HPOS="822" VPOS="1112" WIDTH="174" HEIGHT="41" WC="0.96" CONTENT="principer"/><SP WIDTH="32" VPOS="1112" HPOS="996"/>
							<String ID="string_153" HPOS="1028" VPOS="1113" WIDTH="54" HEIGHT="30" WC="0.95" CONTENT="för"/><SP WIDTH="32" VPOS="1113" HPOS="1082"/>
							<String ID="string_154" HPOS="1114" VPOS="1112" WIDTH="267" HEIGHT="41" WC="0.95" CONTENT="finansieringen"/><SP WIDTH="24" VPOS="1112" HPOS="1381"/>
							<String ID="string_155" HPOS="1405" VPOS="1123" WIDTH="41" HEIGHT="20" WC="0.93" CONTENT="av"/><SP WIDTH="22" VPOS="1123" HPOS="1446"/>
							<String ID="string_156" HPOS="1468" VPOS="1114" WIDTH="164" HEIGHT="40" WC="0.91" CONTENT="engångs-"/>
						</TextLine>
						<TextLine ID="line_19" HPOS="126" VPOS="1162" WIDTH="1508" HEIGHT="42">
							<String ID="string_157" HPOS="126" VPOS="1162" WIDTH="188" HEIGHT="32" WC="0.96" CONTENT="kostnader"/><SP WIDTH="32" VPOS="1162" HPOS="314"/>
							<String ID="string_158" HPOS="346" VPOS="1173" WIDTH="40" HEIGHT="20" WC="0.96" CONTENT="av"/><SP WIDTH="33" VPOS="1173" HPOS="386"/>
							<String ID="string_159" HPOS="419" VPOS="1162" WIDTH="61" HEIGHT="31" WC="0.96" CONTENT="här"/><SP WIDTH="29" VPOS="1162" HPOS="480"/>
							<String ID="string_160" HPOS="509" VPOS="1162" WIDTH="256" HEIGHT="42" WC="0.95" CONTENT="ifrågavarande"/><SP WIDTH="26" VPOS="1162" HPOS="765"/>
							<String ID="string_161" HPOS="791" VPOS="1165" WIDTH="53" HEIGHT="29" WC="0.96" CONTENT="art"/><SP WIDTH="22" VPOS="1165" HPOS="844"/>
							<String ID="string_162" HPOS="866" VPOS="1162" WIDTH="61" HEIGHT="31" WC="0.96" CONTENT="har"/><SP WIDTH="21" VPOS="1162" HPOS="927"/>
							<String ID="string_163" HPOS="948" VPOS="1163" WIDTH="12" HEIGHT="30" WC="0.93" CONTENT="i"/><SP WIDTH="22" VPOS="1163" HPOS="960"/>
							<String ID="string_164" HPOS="982" VPOS="1163" WIDTH="188" HEIGHT="31" WC="0.92" CONTENT="riksstaten"/><SP WIDTH="23" VPOS="1163" HPOS="1170"/>
							<String ID="string_165" HPOS="1193" VPOS="1163" WIDTH="52" HEIGHT="31" WC="0.96" CONTENT="för"/><SP WIDTH="22" VPOS="1163" HPOS="1245"/>
							<String ID="string_166" HPOS="1267" VPOS="1163" WIDTH="204" HEIGHT="41" WC="0.93" CONTENT="budgetåret"/><SP WIDTH="25" VPOS="1163" HPOS="1471"/>
							<String ID="string_167" HPOS="1496" VPOS="1162" WIDTH="138" HEIGHT="33" WC="0.92" CONTENT="1943/44"/>
						</TextLine>
						<TextLine ID="line_20" HPOS="127" VPOS="1213" WIDTH="1505" HEIGHT="42">
							<String ID="string_168" HPOS="127" VPOS="1213" WIDTH="53" HEIGHT="31" WC="0.96" CONTENT="för"/><SP WIDTH="29" VPOS="1213" HPOS="180"/>
							<String ID="string_169" HPOS="209" VPOS="1213" WIDTH="217" HEIGHT="41" WC="0.96" CONTENT="anskaffning"/><SP WIDTH="33" VPOS="1213" HPOS="426"/>
							<String ID="string_170" HPOS="459" VPOS="1224" WIDTH="40" HEIGHT="20" WC="0.92" CONTENT="av"/><SP WIDTH="32" VPOS="1224" HPOS="499"/>
							<String ID="string_171" HPOS="531" VPOS="1213" WIDTH="379" HEIGHT="32" WC="0.89" CONTENT="intendenturmateriel"/><SP WIDTH="37" VPOS="1213" HPOS="910"/>
							<String ID="string_172" HPOS="947" VPOS="1214" WIDTH="53" HEIGHT="31" WC="0.96" CONTENT="för"/><SP WIDTH="33" VPOS="1214" HPOS="1000"/>
							<String ID="string_173" HPOS="1033" VPOS="1216" WIDTH="115" HEIGHT="29" WC="0.96" CONTENT="armén"/><SP WIDTH="35" VPOS="1216" HPOS="1148"/>
							<String ID="string_174" HPOS="1183" VPOS="1215" WIDTH="133" HEIGHT="30" WC="0.96" CONTENT="ansetts"/><SP WIDTH="33" VPOS="1215" HPOS="1316"/>
							<String ID="string_175" HPOS="1349" VPOS="1213" WIDTH="83" HEIGHT="32" WC="0.96" CONTENT="böra"/><SP WIDTH="34" VPOS="1213" HPOS="1432"/>
							<String ID="string_176" HPOS="1466" VPOS="1214" WIDTH="166" HEIGHT="41" WC="0.96" CONTENT="uppföras"/>
						</TextLine>
						<TextLine ID="line_21" HPOS="128" VPOS="1264" WIDTH="1503" HEIGHT="42">
							<String ID="string_177" HPOS="128" VPOS="1266" WIDTH="49" HEIGHT="29" WC="0.93" CONTENT="ett"/><SP WIDTH="32" VPOS="1266" HPOS="177"/>
							<String ID="string_178" HPOS="209" VPOS="1264" WIDTH="353" HEIGHT="42" WC="0.91" CONTENT="reservationsanslag"/><SP WIDTH="33" VPOS="1264" HPOS="562"/>
							<String ID="string_179" HPOS="595" VPOS="1275" WIDTH="41" HEIGHT="20" WC="0.87" CONTENT="av"/><SP WIDTH="32" VPOS="1275" HPOS="636"/>
							<String ID="string_180" HPOS="668" VPOS="1264" WIDTH="168" HEIGHT="39" WC="0.81" CONTENT="3,000,000"/><SP WIDTH="32" VPOS="1264" HPOS="836"/>
							<String ID="string_181" HPOS="868" VPOS="1264" WIDTH="136" HEIGHT="32" WC="0.96" CONTENT="kronor."/><SP WIDTH="47" VPOS="1264" HPOS="1004"/>
							<String ID="string_182" HPOS="1051" VPOS="1264" WIDTH="49" HEIGHT="32" WC="0.95" CONTENT="På"/><SP WIDTH="26" VPOS="1264" HPOS="1100"/>
							<String ID="string_183" HPOS="1126" VPOS="1264" WIDTH="127" HEIGHT="42" WC="0.95" CONTENT="Kungl."/><SP WIDTH="28" VPOS="1264" HPOS="1253"/>
							<String ID="string_184" HPOS="1281" VPOS="1264" WIDTH="99" HEIGHT="41" WC="0.96" CONTENT="Maj:t"/><SP WIDTH="23" VPOS="1264" HPOS="1380"/>
							<String ID="string_185" HPOS="1403" VPOS="1264" WIDTH="108" HEIGHT="38" WC="0.93" CONTENT="torde,"/><SP WIDTH="23" VPOS="1264" HPOS="1511"/>
							<String ID="string_186" HPOS="1534" VPOS="1265" WIDTH="97" HEIGHT="31" WC="0.92" CONTENT="fram-"/>
						</TextLine>
						<TextLine ID="line_22" HPOS="128" VPOS="1314" WIDTH="1505" HEIGHT="42">
							<String ID="string_187" HPOS="128" VPOS="1314" WIDTH="109" HEIGHT="32" WC="0.92" CONTENT="håller"/><SP WIDTH="32" VPOS="1314" HPOS="237"/>
							<String ID="string_188" HPOS="269" VPOS="1314" WIDTH="389" HEIGHT="42" WC="0.91" CONTENT="departementschefen,"/><SP WIDTH="35" VPOS="1314" HPOS="658"/>
							<String ID="string_189" HPOS="693" VPOS="1315" WIDTH="32" HEIGHT="31" WC="0.93" CONTENT="få"/><SP WIDTH="33" VPOS="1315" HPOS="725"/>
							<String ID="string_190" HPOS="758" VPOS="1315" WIDTH="180" HEIGHT="31" WC="0.92" CONTENT="ankomma"/><SP WIDTH="22" VPOS="1315" HPOS="938"/>
							<String ID="string_191" HPOS="960" VPOS="1317" WIDTH="51" HEIGHT="29" WC="0.96" CONTENT="att"/><SP WIDTH="22" VPOS="1317" HPOS="1011"/>
							<String ID="string_192" HPOS="1033" VPOS="1317" WIDTH="106" HEIGHT="39" WC="0.96" CONTENT="pröva"/><SP WIDTH="22" VPOS="1317" HPOS="1139"/>
							<String ID="string_193" HPOS="1161" VPOS="1315" WIDTH="12" HEIGHT="30" WC="0.89" CONTENT="i"/><SP WIDTH="23" VPOS="1315" HPOS="1173"/>
							<String ID="string_194" HPOS="1196" VPOS="1315" WIDTH="112" HEIGHT="31" WC="0.96" CONTENT="vilken"/><SP WIDTH="36" VPOS="1315" HPOS="1308"/>
							<String ID="string_195" HPOS="1344" VPOS="1314" WIDTH="206" HEIGHT="41" WC="0.93" CONTENT="omfattning"/><SP WIDTH="29" VPOS="1314" HPOS="1550"/>
							<String ID="string_196" HPOS="1579" VPOS="1326" WIDTH="54" HEIGHT="20" WC="0.92" CONTENT="an-"/>
						</TextLine>
						<TextLine ID="line_23" HPOS="129" VPOS="1364" WIDTH="1162" HEIGHT="43">
							<String ID="string_197" HPOS="129" VPOS="1364" WIDTH="170" HEIGHT="42" WC="0.90" CONTENT="skaffning"/><SP WIDTH="22" VPOS="1364" HPOS="299"/>
							<String ID="string_198" HPOS="321" VPOS="1376" WIDTH="40" HEIGHT="20" WC="0.96" CONTENT="av"/><SP WIDTH="24" VPOS="1376" HPOS="361"/>
							<String ID="string_199" HPOS="385" VPOS="1365" WIDTH="105" HEIGHT="31" WC="0.96" CONTENT="sådan"/><SP WIDTH="24" VPOS="1365" HPOS="490"/>
							<String ID="string_200" HPOS="514" VPOS="1365" WIDTH="154" HEIGHT="32" WC="0.96" CONTENT="materiel"/><SP WIDTH="23" VPOS="1365" HPOS="668"/>
							<String ID="string_201" HPOS="691" VPOS="1365" WIDTH="109" HEIGHT="32" WC="0.96" CONTENT="under"/><SP WIDTH="23" VPOS="1365" HPOS="800"/>
							<String ID="string_202" HPOS="823" VPOS="1367" WIDTH="99" HEIGHT="30" WC="0.96" CONTENT="nästa"/><SP WIDTH="22" VPOS="1367" HPOS="922"/>
							<String ID="string_203" HPOS="944" VPOS="1365" WIDTH="170" HEIGHT="42" WC="0.96" CONTENT="budgetår"/><SP WIDTH="21" VPOS="1365" HPOS="1114"/>
							<String ID="string_204" HPOS="1135" VPOS="1365" WIDTH="64" HEIGHT="32" WC="0.96" CONTENT="bör"/><SP WIDTH="23" VPOS="1365" HPOS="1199"/>
							<String ID="string_205" HPOS="1222" VPOS="1365" WIDTH="69" HEIGHT="32" WC="0.96" CONTENT="ske."/>
						</TextLine>
					</TextBlock>
				</ComposedBlock>
				<ComposedBlock ID="cblock_2" HPOS="130" VPOS="1459" WIDTH="1506" HEIGHT="542">
					<TextBlock ID="block_5" HPOS="130" VPOS="1459" WIDTH="1506" HEIGHT="495">
						<TextLine ID="line_24" HPOS="181" VPOS="1459" WIDTH="1453" HEIGHT="42">
							<String ID="string_206" HPOS="181" VPOS="1459" WIDTH="391" HEIGHT="41" WC="0.90" CONTENT="Departementschefen"/><SP WIDTH="24" VPOS="1459" HPOS="572"/>
							<String ID="string_207" HPOS="596" VPOS="1459" WIDTH="61" HEIGHT="31" WC="0.96" CONTENT="har"/><SP WIDTH="23" VPOS="1459" HPOS="657"/>
							<String ID="string_208" HPOS="680" VPOS="1459" WIDTH="171" HEIGHT="38" WC="0.96" CONTENT="förutsatt,"/><SP WIDTH="25" VPOS="1459" HPOS="851"/>
							<String ID="string_209" HPOS="876" VPOS="1461" WIDTH="50" HEIGHT="29" WC="0.96" CONTENT="att"/><SP WIDTH="16" VPOS="1461" HPOS="926"/>
							<String ID="string_210" HPOS="942" VPOS="1459" WIDTH="42" HEIGHT="31" WC="0.96" CONTENT="de"/><SP WIDTH="17" VPOS="1459" HPOS="984"/>
							<String ID="string_211" HPOS="1001" VPOS="1470" WIDTH="40" HEIGHT="20" WC="0.97" CONTENT="av"/><SP WIDTH="18" VPOS="1470" HPOS="1041"/>
							<String ID="string_212" HPOS="1059" VPOS="1460" WIDTH="81" HEIGHT="31" WC="0.96" CONTENT="1942"/><SP WIDTH="16" VPOS="1460" HPOS="1140"/>
							<String ID="string_213" HPOS="1156" VPOS="1461" WIDTH="55" HEIGHT="29" WC="0.96" CONTENT="års"/><SP WIDTH="16" VPOS="1461" HPOS="1211"/>
							<String ID="string_214" HPOS="1227" VPOS="1459" WIDTH="139" HEIGHT="41" WC="0.95" CONTENT="riksdag"/><SP WIDTH="14" VPOS="1459" HPOS="1366"/>
							<String ID="string_215" HPOS="1380" VPOS="1459" WIDTH="102" HEIGHT="41" WC="0.92" CONTENT="givna"/><SP WIDTH="14" VPOS="1459" HPOS="1482"/>
							<String ID="string_216" HPOS="1496" VPOS="1459" WIDTH="138" HEIGHT="42" WC="0.92" CONTENT="bemyn-"/>
						</TextLine>
						<TextLine ID="line_25" HPOS="130" VPOS="1509" WIDTH="1504" HEIGHT="41">
							<String ID="string_217" HPOS="130" VPOS="1509" WIDTH="193" HEIGHT="40" WC="0.91" CONTENT="digandena"/><SP WIDTH="22" VPOS="1509" HPOS="323"/>
							<String ID="string_218" HPOS="345" VPOS="1511" WIDTH="50" HEIGHT="29" WC="0.96" CONTENT="att"/><SP WIDTH="23" VPOS="1511" HPOS="395"/>
							<String ID="string_219" HPOS="418" VPOS="1509" WIDTH="198" HEIGHT="31" WC="0.96" CONTENT="överskrida"/><SP WIDTH="22" VPOS="1509" HPOS="616"/>
							<String ID="string_220" HPOS="638" VPOS="1509" WIDTH="194" HEIGHT="41" WC="0.96" CONTENT="respektive"/><SP WIDTH="23" VPOS="1509" HPOS="832"/>
							<String ID="string_221" HPOS="855" VPOS="1510" WIDTH="53" HEIGHT="30" WC="0.96" CONTENT="för"/><SP WIDTH="21" VPOS="1510" HPOS="908"/>
							<String ID="string_222" HPOS="929" VPOS="1509" WIDTH="206" HEIGHT="41" WC="0.93" CONTENT="budgetåret"/><SP WIDTH="21" VPOS="1509" HPOS="1135"/>
							<String ID="string_223" HPOS="1156" VPOS="1509" WIDTH="137" HEIGHT="32" WC="0.92" CONTENT="1942/43"/><SP WIDTH="16" VPOS="1509" HPOS="1293"/>
							<String ID="string_224" HPOS="1309" VPOS="1509" WIDTH="163" HEIGHT="32" WC="0.93" CONTENT="anvisade"/><SP WIDTH="16" VPOS="1509" HPOS="1472"/>
							<String ID="string_225" HPOS="1488" VPOS="1520" WIDTH="146" HEIGHT="21" WC="0.90" CONTENT="reserva-"/>
						</TextLine>
						<TextLine ID="line_26" HPOS="130" VPOS="1559" WIDTH="1504" HEIGHT="43">
							<String ID="string_226" HPOS="130" VPOS="1559" WIDTH="214" HEIGHT="42" WC="0.92" CONTENT="tionsanslag"/><SP WIDTH="22" VPOS="1559" HPOS="344"/>
							<String ID="string_227" HPOS="366" VPOS="1560" WIDTH="32" HEIGHT="30" WC="0.96" CONTENT="få"/><SP WIDTH="23" VPOS="1560" HPOS="398"/>
							<String ID="string_228" HPOS="421" VPOS="1570" WIDTH="101" HEIGHT="21" WC="0.96" CONTENT="anses"/><SP WIDTH="24" VPOS="1570" HPOS="522"/>
							<String ID="string_229" HPOS="546" VPOS="1559" WIDTH="87" HEIGHT="32" WC="0.96" CONTENT="hava"/><SP WIDTH="22" VPOS="1559" HPOS="633"/>
							<String ID="string_230" HPOS="655" VPOS="1560" WIDTH="168" HEIGHT="31" WC="0.96" CONTENT="avseende"/><SP WIDTH="21" VPOS="1560" HPOS="823"/>
							<String ID="string_231" HPOS="844" VPOS="1559" WIDTH="125" HEIGHT="42" WC="0.93" CONTENT="jämväl"/><SP WIDTH="24" VPOS="1559" HPOS="969"/>
							<String ID="string_232" HPOS="993" VPOS="1562" WIDTH="19" HEIGHT="29" WC="0.91" CONTENT="å"/><SP WIDTH="22" VPOS="1562" HPOS="1012"/>
							<String ID="string_233" HPOS="1034" VPOS="1560" WIDTH="240" HEIGHT="31" WC="0.96" CONTENT="motsvarande"/><SP WIDTH="23" VPOS="1560" HPOS="1274"/>
							<String ID="string_234" HPOS="1297" VPOS="1560" WIDTH="53" HEIGHT="31" WC="0.96" CONTENT="för"/><SP WIDTH="21" VPOS="1560" HPOS="1350"/>
							<String ID="string_235" HPOS="1371" VPOS="1562" WIDTH="100" HEIGHT="30" WC="0.93" CONTENT="nästa"/><SP WIDTH="22" VPOS="1562" HPOS="1471"/>
							<String ID="string_236" HPOS="1493" VPOS="1560" WIDTH="141" HEIGHT="42" WC="0.92" CONTENT="budget-"/>
						</TextLine>
						<TextLine ID="line_27" HPOS="130" VPOS="1610" WIDTH="1503" HEIGHT="42">
							<String ID="string_237" HPOS="130" VPOS="1611" WIDTH="37" HEIGHT="30" WC="0.96" CONTENT="år"/><SP WIDTH="21" VPOS="1611" HPOS="167"/>
							<String ID="string_238" HPOS="188" VPOS="1610" WIDTH="163" HEIGHT="31" WC="0.93" CONTENT="anvisade"/><SP WIDTH="16" VPOS="1610" HPOS="351"/>
							<String ID="string_239" HPOS="367" VPOS="1610" WIDTH="372" HEIGHT="41" WC="0.91" CONTENT="fortsättningsanslag,"/><SP WIDTH="18" VPOS="1610" HPOS="739"/>
							<String ID="string_240" HPOS="757" VPOS="1610" WIDTH="116" HEIGHT="31" WC="0.96" CONTENT="oaktat"/><SP WIDTH="15" VPOS="1610" HPOS="873"/>
							<String ID="string_241" HPOS="888" VPOS="1610" WIDTH="293" HEIGHT="41" WC="0.93" CONTENT="benämningarna"/><SP WIDTH="16" VPOS="1610" HPOS="1181"/>
							<String ID="string_242" HPOS="1197" VPOS="1612" WIDTH="19" HEIGHT="29" WC="0.91" CONTENT="å"/><SP WIDTH="15" VPOS="1612" HPOS="1216"/>
							<String ID="string_243" HPOS="1231" VPOS="1611" WIDTH="103" HEIGHT="31" WC="0.96" CONTENT="dessa"/><SP WIDTH="15" VPOS="1611" HPOS="1334"/>
							<String ID="string_244" HPOS="1349" VPOS="1611" WIDTH="117" HEIGHT="41" WC="0.95" CONTENT="anslag"/><SP WIDTH="16" VPOS="1611" HPOS="1466"/>
							<String ID="string_245" HPOS="1482" VPOS="1611" WIDTH="151" HEIGHT="32" WC="0.96" CONTENT="ändrats."/>
						</TextLine>
						<TextLine ID="line_28" HPOS="131" VPOS="1660" WIDTH="1503" HEIGHT="42">
							<String ID="string_246" HPOS="131" VPOS="1660" WIDTH="168" HEIGHT="32" WC="0.91" CONTENT="Häremot"/><SP WIDTH="23" VPOS="1660" HPOS="299"/>
							<String ID="string_247" HPOS="322" VPOS="1671" WIDTH="103" HEIGHT="31" WC="0.96" CONTENT="synes"/><SP WIDTH="24" VPOS="1671" HPOS="425"/>
							<String ID="string_248" HPOS="449" VPOS="1661" WIDTH="169" HEIGHT="31" WC="0.96" CONTENT="utskottet"/><SP WIDTH="22" VPOS="1661" HPOS="618"/>
							<String ID="string_249" HPOS="640" VPOS="1660" WIDTH="87" HEIGHT="32" WC="0.96" CONTENT="intet"/><SP WIDTH="23" VPOS="1660" HPOS="727"/>
							<String ID="string_250" HPOS="750" VPOS="1671" WIDTH="79" HEIGHT="21" WC="0.96" CONTENT="vara"/><SP WIDTH="22" VPOS="1671" HPOS="829"/>
							<String ID="string_251" HPOS="851" VPOS="1663" WIDTH="50" HEIGHT="29" WC="0.96" CONTENT="att"/><SP WIDTH="23" VPOS="1663" HPOS="901"/>
							<String ID="string_252" HPOS="924" VPOS="1660" WIDTH="121" HEIGHT="32" WC="0.96" CONTENT="erinra."/><SP WIDTH="45" VPOS="1660" HPOS="1045"/>
							<String ID="string_253" HPOS="1090" VPOS="1661" WIDTH="70" HEIGHT="31" WC="0.95" CONTENT="Det"/><SP WIDTH="24" VPOS="1661" HPOS="1160"/>
							<String ID="string_254" HPOS="1184" VPOS="1661" WIDTH="52" HEIGHT="31" WC="0.92" CONTENT="för"/><SP WIDTH="19" VPOS="1661" HPOS="1236"/>
							<String ID="string_255" HPOS="1255" VPOS="1661" WIDTH="379" HEIGHT="32" WC="0.91" CONTENT="intendenturmateriel"/>
						</TextLine>
						<TextLine ID="line_29" HPOS="130" VPOS="1711" WIDTH="1506" HEIGHT="42">
							<String ID="string_256" HPOS="130" VPOS="1711" WIDTH="52" HEIGHT="31" WC="0.96" CONTENT="för"/><SP WIDTH="22" VPOS="1711" HPOS="182"/>
							<String ID="string_257" HPOS="204" VPOS="1713" WIDTH="116" HEIGHT="29" WC="0.96" CONTENT="armén"/><SP WIDTH="34" VPOS="1713" HPOS="320"/>
							<String ID="string_258" HPOS="354" VPOS="1712" WIDTH="52" HEIGHT="30" WC="0.96" CONTENT="för"/><SP WIDTH="27" VPOS="1712" HPOS="406"/>
							<String ID="string_259" HPOS="433" VPOS="1713" WIDTH="98" HEIGHT="30" WC="0.96" CONTENT="nästa"/><SP WIDTH="23" VPOS="1713" HPOS="531"/>
							<String ID="string_260" HPOS="554" VPOS="1711" WIDTH="167" HEIGHT="41" WC="0.93" CONTENT="budgetår"/><SP WIDTH="22" VPOS="1711" HPOS="721"/>
							<String ID="string_261" HPOS="743" VPOS="1711" WIDTH="126" HEIGHT="32" WC="0.92" CONTENT="äskade"/><SP WIDTH="23" VPOS="1711" HPOS="869"/>
							<String ID="string_262" HPOS="892" VPOS="1712" WIDTH="156" HEIGHT="41" WC="0.96" CONTENT="anslaget"/><SP WIDTH="23" VPOS="1712" HPOS="1048"/>
							<String ID="string_263" HPOS="1071" VPOS="1723" WIDTH="39" HEIGHT="20" WC="0.91" CONTENT="av"/><SP WIDTH="23" VPOS="1723" HPOS="1110"/>
							<String ID="string_264" HPOS="1133" VPOS="1712" WIDTH="168" HEIGHT="38" WC="0.91" CONTENT="3,000,000"/><SP WIDTH="23" VPOS="1712" HPOS="1301"/>
							<String ID="string_265" HPOS="1324" VPOS="1712" WIDTH="134" HEIGHT="38" WC="0.96" CONTENT="kronor,"/><SP WIDTH="25" VPOS="1712" HPOS="1458"/>
							<String ID="string_266" HPOS="1483" VPOS="1723" WIDTH="74" HEIGHT="21" WC="0.93" CONTENT="som"/><SP WIDTH="24" VPOS="1723" HPOS="1557"/>
							<String ID="string_267" HPOS="1581" VPOS="1712" WIDTH="55" HEIGHT="31" WC="0.92" CONTENT="be-"/>
						</TextLine>
						<TextLine ID="line_30" HPOS="131" VPOS="1762" WIDTH="1504" HEIGHT="42">
							<String ID="string_268" HPOS="131" VPOS="1762" WIDTH="138" HEIGHT="31" WC="0.96" CONTENT="räknats"/><SP WIDTH="24" VPOS="1762" HPOS="269"/>
							<String ID="string_269" HPOS="293" VPOS="1762" WIDTH="107" HEIGHT="41" WC="0.96" CONTENT="enligt"/><SP WIDTH="23" VPOS="1762" HPOS="400"/>
							<String ID="string_270" HPOS="423" VPOS="1762" WIDTH="42" HEIGHT="31" WC="0.96" CONTENT="de"/><SP WIDTH="23" VPOS="1762" HPOS="465"/>
							<String ID="string_271" HPOS="488" VPOS="1773" WIDTH="40" HEIGHT="20" WC="0.96" CONTENT="av"/><SP WIDTH="27" VPOS="1773" HPOS="528"/>
							<String ID="string_272" HPOS="555" VPOS="1763" WIDTH="80" HEIGHT="30" WC="0.96" CONTENT="1942"/><SP WIDTH="23" VPOS="1763" HPOS="635"/>
							<String ID="string_273" HPOS="658" VPOS="1764" WIDTH="55" HEIGHT="29" WC="0.96" CONTENT="års"/><SP WIDTH="23" VPOS="1764" HPOS="713"/>
							<String ID="string_274" HPOS="736" VPOS="1762" WIDTH="139" HEIGHT="42" WC="0.96" CONTENT="riksdag"/><SP WIDTH="21" VPOS="1762" HPOS="875"/>
							<String ID="string_275" HPOS="896" VPOS="1762" WIDTH="147" HEIGHT="41" WC="0.95" CONTENT="angivna"/><SP WIDTH="22" VPOS="1762" HPOS="1043"/>
							<String ID="string_276" HPOS="1065" VPOS="1762" WIDTH="219" HEIGHT="42" WC="0.96" CONTENT="principerna"/><SP WIDTH="15" VPOS="1762" HPOS="1284"/>
							<String ID="string_277" HPOS="1299" VPOS="1762" WIDTH="53" HEIGHT="31" WC="0.96" CONTENT="för"/><SP WIDTH="15" VPOS="1762" HPOS="1352"/>
							<String ID="string_278" HPOS="1367" VPOS="1763" WIDTH="268" HEIGHT="41" WC="0.96" CONTENT="finansieringen"/>
						</TextLine>
						<TextLine ID="line_31" HPOS="131" VPOS="1812" WIDTH="1503" HEIGHT="42">
							<String ID="string_279" HPOS="131" VPOS="1823" WIDTH="41" HEIGHT="20" WC="0.93" CONTENT="av"/><SP WIDTH="23" VPOS="1823" HPOS="172"/>
							<String ID="string_280" HPOS="195" VPOS="1812" WIDTH="341" HEIGHT="41" WC="0.92" CONTENT="engångskostnader"/><SP WIDTH="23" VPOS="1812" HPOS="536"/>
							<String ID="string_281" HPOS="559" VPOS="1824" WIDTH="40" HEIGHT="19" WC="0.96" CONTENT="av"/><SP WIDTH="22" VPOS="1824" HPOS="599"/>
							<String ID="string_282" HPOS="621" VPOS="1812" WIDTH="62" HEIGHT="31" WC="0.96" CONTENT="här"/><SP WIDTH="22" VPOS="1812" HPOS="683"/>
							<String ID="string_283" HPOS="705" VPOS="1812" WIDTH="256" HEIGHT="41" WC="0.96" CONTENT="ifrågavarande"/><SP WIDTH="24" VPOS="1812" HPOS="961"/>
							<String ID="string_284" HPOS="985" VPOS="1813" WIDTH="82" HEIGHT="41" WC="0.94" CONTENT="slag,"/><SP WIDTH="25" VPOS="1813" HPOS="1067"/>
							<String ID="string_285" HPOS="1092" VPOS="1812" WIDTH="190" HEIGHT="42" WC="0.96" CONTENT="tillstyrkes"/><SP WIDTH="24" VPOS="1812" HPOS="1282"/>
							<String ID="string_286" HPOS="1306" VPOS="1824" WIDTH="40" HEIGHT="20" WC="0.96" CONTENT="av"/><SP WIDTH="15" VPOS="1824" HPOS="1346"/>
							<String ID="string_287" HPOS="1361" VPOS="1813" WIDTH="180" HEIGHT="32" WC="0.96" CONTENT="utskottet."/><SP WIDTH="24" VPOS="1813" HPOS="1541"/>
							<String ID="string_288" HPOS="1565" VPOS="1813" WIDTH="69" HEIGHT="31" WC="0.95" CONTENT="Det"/>
						</TextLine>
						<TextLine ID="line_32" HPOS="133" VPOS="1863" WIDTH="1502" HEIGHT="42">
							<String ID="string_289" HPOS="133" VPOS="1863" WIDTH="61" HEIGHT="31" WC="0.96" CONTENT="bör"/><SP WIDTH="21" VPOS="1863" HPOS="194"/>
							<String ID="string_290" HPOS="215" VPOS="1863" WIDTH="34" HEIGHT="31" WC="0.93" CONTENT="få"/><SP WIDTH="23" VPOS="1863" HPOS="249"/>
							<String ID="string_291" HPOS="272" VPOS="1863" WIDTH="181" HEIGHT="31" WC="0.92" CONTENT="ankomma"/><SP WIDTH="22" VPOS="1863" HPOS="453"/>
							<String ID="string_292" HPOS="475" VPOS="1865" WIDTH="44" HEIGHT="40" WC="0.96" CONTENT="på"/><SP WIDTH="22" VPOS="1865" HPOS="519"/>
							<String ID="string_293" HPOS="541" VPOS="1863" WIDTH="126" HEIGHT="41" WC="0.94" CONTENT="Kungl."/><SP WIDTH="18" VPOS="1863" HPOS="667"/>
							<String ID="string_294" HPOS="685" VPOS="1863" WIDTH="99" HEIGHT="41" WC="0.96" CONTENT="Maj:t"/><SP WIDTH="22" VPOS="1863" HPOS="784"/>
							<String ID="string_295" HPOS="806" VPOS="1865" WIDTH="50" HEIGHT="29" WC="0.96" CONTENT="att"/><SP WIDTH="22" VPOS="1865" HPOS="856"/>
							<String ID="string_296" HPOS="878" VPOS="1865" WIDTH="114" HEIGHT="39" WC="0.96" CONTENT="pröva,"/><SP WIDTH="25" VPOS="1865" HPOS="992"/>
							<String ID="string_297" HPOS="1017" VPOS="1863" WIDTH="11" HEIGHT="31" WC="0.96" CONTENT="i"/><SP WIDTH="23" VPOS="1863" HPOS="1028"/>
							<String ID="string_298" HPOS="1051" VPOS="1863" WIDTH="113" HEIGHT="31" WC="0.96" CONTENT="vilken"/><SP WIDTH="24" VPOS="1863" HPOS="1164"/>
							<String ID="string_299" HPOS="1188" VPOS="1863" WIDTH="207" HEIGHT="41" WC="0.96" CONTENT="omfattning"/><SP WIDTH="22" VPOS="1863" HPOS="1395"/>
							<String ID="string_300" HPOS="1417" VPOS="1864" WIDTH="218" HEIGHT="41" WC="0.95" CONTENT="anskaffning"/>
						</TextLine>
						<TextLine ID="line_33" HPOS="132" VPOS="1913" WIDTH="1157" HEIGHT="41">
							<String ID="string_301" HPOS="132" VPOS="1924" WIDTH="40" HEIGHT="20" WC="0.96" CONTENT="av"/><SP WIDTH="23" VPOS="1924" HPOS="172"/>
							<String ID="string_302" HPOS="195" VPOS="1913" WIDTH="106" HEIGHT="31" WC="0.96" CONTENT="sådan"/><SP WIDTH="25" VPOS="1913" HPOS="301"/>
							<String ID="string_303" HPOS="326" VPOS="1913" WIDTH="153" HEIGHT="31" WC="0.95" CONTENT="materiel"/><SP WIDTH="23" VPOS="1913" HPOS="479"/>
							<String ID="string_304" HPOS="502" VPOS="1913" WIDTH="110" HEIGHT="31" WC="0.96" CONTENT="under"/><SP WIDTH="23" VPOS="1913" HPOS="612"/>
							<String ID="string_305" HPOS="635" VPOS="1913" WIDTH="283" HEIGHT="32" WC="0.96" CONTENT="nästkommande"/><SP WIDTH="23" VPOS="1913" HPOS="918"/>
							<String ID="string_306" HPOS="941" VPOS="1913" WIDTH="170" HEIGHT="41" WC="0.96" CONTENT="budgetår"/><SP WIDTH="22" VPOS="1913" HPOS="1111"/>
							<String ID="string_307" HPOS="1133" VPOS="1913" WIDTH="63" HEIGHT="31" WC="0.96" CONTENT="bör"/><SP WIDTH="24" VPOS="1913" HPOS="1196"/>
							<String ID="string_308" HPOS="1220" VPOS="1914" WIDTH="69" HEIGHT="31" WC="0.95" CONTENT="ske."/>
						</TextLine>
					</TextBlock>
					<TextBlock ID="block_6" HPOS="184" VPOS="1963" WIDTH="410" HEIGHT="38">
						<TextLine ID="line_34" HPOS="184" VPOS="1963" WIDTH="410" HEIGHT="38">
							<String ID="string_309" HPOS="184" VPOS="1963" WIDTH="181" HEIGHT="32" WC="0.95" CONTENT="Utskottet"/><SP WIDTH="22" VPOS="1963" HPOS="365"/>
							<String ID="string_310" HPOS="387" VPOS="1963" WIDTH="207" HEIGHT="38" WC="0.91" CONTENT="hemställer,"/>
						</TextLine>
					</TextBlock>
				</ComposedBlock>
				<ComposedBlock ID="cblock_3" HPOS="401" VPOS="2039" WIDTH="1236" HEIGHT="139">
					<TextBlock ID="block_7" HPOS="401" VPOS="2039" WIDTH="1236" HEIGHT="139">
						<TextLine ID="line_35" HPOS="453" VPOS="2039" WIDTH="1184" HEIGHT="41">
							<String ID="string_311" HPOS="453" VPOS="2041" WIDTH="49" HEIGHT="30" WC="0.96" CONTENT="att"/><SP WIDTH="33" VPOS="2041" HPOS="502"/>
							<String ID="string_312" HPOS="535" VPOS="2039" WIDTH="182" HEIGHT="41" WC="0.96" CONTENT="riksdagen"/><SP WIDTH="34" VPOS="2039" HPOS="717"/>
							<String ID="string_313" HPOS="751" VPOS="2041" WIDTH="54" HEIGHT="30" WC="0.96" CONTENT="må"/><SP WIDTH="34" VPOS="2041" HPOS="805"/>
							<String ID="string_314" HPOS="839" VPOS="2039" WIDTH="52" HEIGHT="32" WC="0.94" CONTENT="till"/><SP WIDTH="34" VPOS="2039" HPOS="891"/>
							<String ID="string_315" HPOS="925" VPOS="2039" WIDTH="140" HEIGHT="33" WC="0.93" CONTENT="Armén:"/><SP WIDTH="33" VPOS="2039" HPOS="1065"/>
							<String ID="string_316" HPOS="1098" VPOS="2039" WIDTH="222" HEIGHT="41" WC="0.94" CONTENT="Anskaffning"/><SP WIDTH="29" VPOS="2039" HPOS="1320"/>
							<String ID="string_317" HPOS="1349" VPOS="2050" WIDTH="39" HEIGHT="21" WC="0.93" CONTENT="av"/><SP WIDTH="29" VPOS="2050" HPOS="1388"/>
							<String ID="string_318" HPOS="1417" VPOS="2040" WIDTH="220" HEIGHT="32" WC="0.91" CONTENT="intendentur-"/>
						</TextLine>
						<TextLine ID="line_36" HPOS="401" VPOS="2090" WIDTH="1236" HEIGHT="42">
							<String ID="string_319" HPOS="401" VPOS="2090" WIDTH="145" HEIGHT="32" WC="0.94" CONTENT="materiel"/><SP WIDTH="29" VPOS="2090" HPOS="546"/>
							<String ID="string_320" HPOS="575" VPOS="2091" WIDTH="53" HEIGHT="30" WC="0.96" CONTENT="för"/><SP WIDTH="28" VPOS="2091" HPOS="628"/>
							<String ID="string_321" HPOS="656" VPOS="2090" WIDTH="203" HEIGHT="41" WC="0.92" CONTENT="budgetåret"/><SP WIDTH="36" VPOS="2090" HPOS="859"/>
							<String ID="string_322" HPOS="895" VPOS="2090" WIDTH="137" HEIGHT="31" WC="0.91" CONTENT="1943/44"/><SP WIDTH="33" VPOS="2090" HPOS="1032"/>
							<String ID="string_323" HPOS="1065" VPOS="2090" WIDTH="118" HEIGHT="31" WC="0.96" CONTENT="anvisa"/><SP WIDTH="30" VPOS="2090" HPOS="1183"/>
							<String ID="string_324" HPOS="1213" VPOS="2092" WIDTH="49" HEIGHT="29" WC="0.92" CONTENT="ett"/><SP WIDTH="22" VPOS="2092" HPOS="1262"/>
							<String ID="string_325" HPOS="1284" VPOS="2090" WIDTH="353" HEIGHT="42" WC="0.91" CONTENT="reservationsanslag"/>
						</TextLine>
						<TextLine ID="line_37" HPOS="402" VPOS="2140" WIDTH="387" HEIGHT="38">
							<String ID="string_326" HPOS="402" VPOS="2151" WIDTH="40" HEIGHT="20" WC="0.93" CONTENT="av"/><SP WIDTH="22" VPOS="2151" HPOS="442"/>
							<String ID="string_327" HPOS="464" VPOS="2141" WIDTH="169" HEIGHT="37" WC="0.91" CONTENT="3,000,000"/><SP WIDTH="22" VPOS="2141" HPOS="633"/>
							<String ID="string_328" HPOS="655" VPOS="2140" WIDTH="134" HEIGHT="32" WC="0.96" CONTENT="kronor."/>
						</TextLine>
					</TextBlock>
				</ComposedBlock>
				<ComposedBlock ID="cblock_4" HPOS="630" VPOS="2254" WIDTH="505" HEIGHT="41">
					<TextBlock ID="block_8" HPOS="630" VPOS="2254" WIDTH="505" HEIGHT="41">
						<TextLine ID="line_38" HPOS="630" VPOS="2254" WIDTH="505" HEIGHT="41">
							<String ID="string_329" HPOS="630" VPOS="2254" WIDTH="230" HEIGHT="41" WC="0.96" CONTENT="Undervisning"/><SP WIDTH="25" VPOS="2254" HPOS="860"/>
							<String ID="string_330" HPOS="885" VPOS="2254" WIDTH="59" HEIGHT="33" WC="0.96" CONTENT="och"/><SP WIDTH="26" VPOS="2254" HPOS="944"/>
							<String ID="string_331" HPOS="970" VPOS="2254" WIDTH="165" HEIGHT="41" WC="0.96" CONTENT="övningar."/>
						</TextLine>
					</TextBlock>
				</ComposedBlock>
				<ComposedBlock ID="cblock_5" HPOS="134" VPOS="2320" WIDTH="1506" HEIGHT="190">
					<TextBlock ID="block_9" HPOS="134" VPOS="2320" WIDTH="1506" HEIGHT="190">
						<TextLine ID="line_39" HPOS="186" VPOS="2320" WIDTH="1451" HEIGHT="42">
							<String ID="string_332" HPOS="186" VPOS="2320" WIDTH="85" HEIGHT="41" WC="0.59" CONTENT="30:0)"/><SP WIDTH="33" VPOS="2320" HPOS="271"/>
							<String ID="string_333" HPOS="304" VPOS="2321" WIDTH="123" HEIGHT="31" WC="0.93" CONTENT="Armén:"/><SP WIDTH="36" VPOS="2321" HPOS="427"/>
							<String ID="string_334" HPOS="463" VPOS="2322" WIDTH="376" HEIGHT="37" WC="0.90" CONTENT="Undervisningsmateriel"/><SP WIDTH="37" VPOS="2322" HPOS="839"/>
							<String ID="string_335" HPOS="876" VPOS="2330" WIDTH="35" HEIGHT="22" WC="0.89" CONTENT="m."/><SP WIDTH="34" VPOS="2330" HPOS="911"/>
							<String ID="string_336" HPOS="945" VPOS="2330" WIDTH="35" HEIGHT="22" WC="0.89" CONTENT="m."/><SP WIDTH="46" VPOS="2330" HPOS="980"/>
							<String ID="string_337" HPOS="1026" VPOS="2321" WIDTH="18" HEIGHT="31" WC="0.95" CONTENT="I"/><SP WIDTH="35" VPOS="2321" HPOS="1044"/>
							<String ID="string_338" HPOS="1079" VPOS="2321" WIDTH="152" HEIGHT="41" WC="0.96" CONTENT="enlighet"/><SP WIDTH="34" VPOS="2321" HPOS="1231"/>
							<String ID="string_339" HPOS="1265" VPOS="2321" WIDTH="77" HEIGHT="31" WC="0.96" CONTENT="med"/><SP WIDTH="27" VPOS="2321" HPOS="1342"/>
							<String ID="string_340" HPOS="1369" VPOS="2321" WIDTH="126" HEIGHT="41" WC="0.93" CONTENT="Kungl."/><SP WIDTH="26" VPOS="2321" HPOS="1495"/>
							<String ID="string_341" HPOS="1521" VPOS="2321" WIDTH="116" HEIGHT="41" WC="0.96" CONTENT="Maj:ts"/>
						</TextLine>
						<TextLine ID="line_40" HPOS="134" VPOS="2370" WIDTH="1504" HEIGHT="42">
							<String ID="string_342" HPOS="134" VPOS="2371" WIDTH="127" HEIGHT="40" WC="0.96" CONTENT="förslag"/><SP WIDTH="33" VPOS="2371" HPOS="261"/>
							<String ID="string_343" HPOS="294" VPOS="2370" WIDTH="122" HEIGHT="41" WC="0.96" CONTENT="(punkt"/><SP WIDTH="21" VPOS="2370" HPOS="416"/>
							<String ID="string_344" HPOS="437" VPOS="2372" WIDTH="50" HEIGHT="37" WC="0.96" CONTENT="34,"/><SP WIDTH="25" VPOS="2372" HPOS="487"/>
							<String ID="string_345" HPOS="512" VPOS="2371" WIDTH="62" HEIGHT="31" WC="0.96" CONTENT="sid."/><SP WIDTH="24" VPOS="2371" HPOS="574"/>
							<String ID="string_346" HPOS="598" VPOS="2372" WIDTH="40" HEIGHT="29" WC="0.96" CONTENT="47"/><SP WIDTH="25" VPOS="2372" HPOS="638"/>
							<String ID="string_347" HPOS="663" VPOS="2371" WIDTH="63" HEIGHT="30" WC="0.96" CONTENT="och"/><SP WIDTH="22" VPOS="2371" HPOS="726"/>
							<String ID="string_348" HPOS="748" VPOS="2370" WIDTH="52" HEIGHT="41" WC="0.96" CONTENT="48)"/><SP WIDTH="33" VPOS="2370" HPOS="800"/>
							<String ID="string_349" HPOS="833" VPOS="2371" WIDTH="64" HEIGHT="31" WC="0.96" CONTENT="och"/><SP WIDTH="35" VPOS="2371" HPOS="897"/>
							<String ID="string_350" HPOS="932" VPOS="2371" WIDTH="78" HEIGHT="31" WC="0.95" CONTENT="med"/><SP WIDTH="32" VPOS="2371" HPOS="1010"/>
							<String ID="string_351" HPOS="1042" VPOS="2371" WIDTH="145" HEIGHT="38" WC="0.95" CONTENT="erinran,"/><SP WIDTH="25" VPOS="2371" HPOS="1187"/>
							<String ID="string_352" HPOS="1212" VPOS="2373" WIDTH="50" HEIGHT="29" WC="0.96" CONTENT="att"/><SP WIDTH="23" VPOS="2373" HPOS="1262"/>
							<String ID="string_353" HPOS="1285" VPOS="2371" WIDTH="154" HEIGHT="40" WC="0.95" CONTENT="anslaget"/><SP WIDTH="23" VPOS="2371" HPOS="1439"/>
							<String ID="string_354" HPOS="1462" VPOS="2371" WIDTH="176" HEIGHT="41" WC="0.96" CONTENT="upptagits"/>
						</TextLine>
						<TextLine ID="line_41" HPOS="134" VPOS="2420" WIDTH="1506" HEIGHT="42">
							<String ID="string_355" HPOS="134" VPOS="2421" WIDTH="78" HEIGHT="31" WC="0.95" CONTENT="med"/><SP WIDTH="23" VPOS="2421" HPOS="212"/>
							<String ID="string_356" HPOS="235" VPOS="2432" WIDTH="130" HEIGHT="20" WC="0.95" CONTENT="samma"/><SP WIDTH="22" VPOS="2432" HPOS="365"/>
							<String ID="string_357" HPOS="387" VPOS="2421" WIDTH="128" HEIGHT="41" WC="0.95" CONTENT="belopp"/><SP WIDTH="25" VPOS="2421" HPOS="515"/>
							<String ID="string_358" HPOS="540" VPOS="2432" WIDTH="74" HEIGHT="20" WC="0.96" CONTENT="som"/><SP WIDTH="24" VPOS="2432" HPOS="614"/>
							<String ID="string_359" HPOS="638" VPOS="2421" WIDTH="110" HEIGHT="31" WC="0.93" CONTENT="under"/><SP WIDTH="22" VPOS="2421" HPOS="748"/>
							<String ID="string_360" HPOS="770" VPOS="2420" WIDTH="414" HEIGHT="42" WC="0.90" CONTENT="uppsättningsperioden"/><SP WIDTH="27" VPOS="2420" HPOS="1184"/>
							<String ID="string_361" HPOS="1211" VPOS="2422" WIDTH="134" HEIGHT="31" WC="0.90" CONTENT="1942/47"/><SP WIDTH="17" VPOS="2422" HPOS="1345"/>
							<String ID="string_362" HPOS="1362" VPOS="2421" WIDTH="278" HEIGHT="41" WC="0.96" CONTENT="genomsnittligt"/>
						</TextLine>
						<TextLine ID="line_42" HPOS="135" VPOS="2471" WIDTH="749" HEIGHT="39">
							<String ID="string_363" HPOS="135" VPOS="2471" WIDTH="183" HEIGHT="32" WC="0.96" CONTENT="beräknats"/><SP WIDTH="24" VPOS="2471" HPOS="318"/>
							<String ID="string_364" HPOS="342" VPOS="2472" WIDTH="52" HEIGHT="30" WC="0.96" CONTENT="för"/><SP WIDTH="22" VPOS="2472" HPOS="394"/>
							<String ID="string_365" HPOS="416" VPOS="2473" WIDTH="44" HEIGHT="36" WC="0.96" CONTENT="år,"/><SP WIDTH="25" VPOS="2473" HPOS="460"/>
							<String ID="string_366" HPOS="485" VPOS="2471" WIDTH="199" HEIGHT="31" WC="0.96" CONTENT="hemställer"/><SP WIDTH="22" VPOS="2471" HPOS="684"/>
							<String ID="string_367" HPOS="706" VPOS="2471" WIDTH="178" HEIGHT="39" WC="0.96" CONTENT="utskottet,"/>
						</TextLine>
					</TextBlock>
				</ComposedBlock>
				<ComposedBlock ID="cblock_6" HPOS="1690" VPOS="1467" WIDTH="132" HEIGHT="23">
					<TextBlock ID="block_10" HPOS="1690" VPOS="1467" WIDTH="132" HEIGHT="23">
						<TextLine ID="line_43" HPOS="1690" VPOS="1467" WIDTH="132" HEIGHT="23">
							<String ID="string_368" HPOS="1690" VPOS="1467" WIDTH="132" HEIGHT="23" WC="0.96" CONTENT="Utskottet."/>
						</TextLine>
					</TextBlock>
				</ComposedBlock>
			</PrintSpace>
		</Page>
	</Layout>
</alto>
