1902 2820
586 176 262 30 Statsutskottets
871 175 167 29 utlåtande
1060 184 40 19 nr
1121 175 29 28 4.
1575 171 39 31 67

110 250 343 42 kostnadsökningen
476 250 55 31 till
557 250 87 41 följd
666 261 39 20 av
728 248 228 44 prisstegring
977 268 41 3 —
1041 248 78 32 med
1142 248 78 31 dem
1237 259 74 21 som
1327 248 92 41 legat
1434 247 54 31 till
1505 246 111 42 grund

112 301 53 32 för
187 301 263 41 propositionen
476 301 92 31 1942:
583 301 71 31 210.

165 352 69 31 För
249 351 217 42 anskaffning
481 362 40 21 av
537 350 311 43 vapenutrustning
863 350 52 31 för
927 349 205 42 marktjänst
1147 349 86 32 hava
1248 349 183 32 beräknats
1448 348 169 39 6,806,000

112 401 135 39 kronor,
271 402 103 31 därav
406 401 12 32 i
451 403 81 30 runt
566 401 48 32 tal
648 401 134 38 198,000
813 401 127 31 kronor
973 402 59 30 äro
1066 402 50 29 att
1136 400 145 31 hänföra
1303 399 54 31 till
1378 398 236 43 prisstegring.

112 453 69 32 För
212 452 257 42 ifrågavarande
502 452 158 32 ändamål
693 452 61 31 har
785 451 184 32 beräknats
992 452 50 31 ett
1063 450 129 42 belopp
1215 461 40 21 av
1280 450 187 39 16,100,000
1488 449 128 32 kronor

111 503 177 42 (prisläget
310 503 66 32 den
402 504 15 30 1
441 503 63 41 juli
529 502 92 42 1941)
643 503 53 31 för
717 502 78 32 hela
816 501 414 43 uppsättningsperioden
1256 501 144 38 1942/47.

165 555 69 31 För
256 554 199 42 avlöningar
477 554 54 31 till
553 553 259 32 iecke-ordinarie
834 553 161 42 personal
1017 553 86 31 hava
1126 552 183 32 beräknats
1329 552 136 39 345,000
1479 551 137 38 kronor,

113 605 103 32 därav
238 607 20 30 å
279 605 228 42 prisstegring
528 605 127 41 belöpa
678 605 113 38 18,000
812 604 135 31 kronor.

165 656 285 32 Medelsbehovet
482 655 111 32 under
625 656 154 41 anslaget
812 655 110 31 skulle
955 655 102 31 alltså
1089 655 116 41 uppgå
1237 653 54 32 till
1323 654 12 31 i
1368 653 167 32 avrundat
1568 653 48 31 tal

115 707 188 38 14,125,000
325 707 134 31 kronor.

166 792 181 32 Utskottet
379 791 62 32 har
473 793 115 30 ansett
621 791 53 41 sig
705 791 84 32 böra
818 790 172 42 tillstyrka
1012 789 127 42 Kungl.
1163 789 118 42 Maj:ts
1302 789 128 41 förslag
1452 789 54 31 för
1528 789 90 31 näst-

113 842 205 32 kommande
340 842 178 41 budgetår.

166 893 182 32 Utskottet
370 892 209 39 hemställer,

435 962 50 30 att
513 959 182 42 riksdagen
719 961 54 30 må
795 959 53 32 till
870 959 218 41 Flygvapnet:
1118 958 110 41 Vapen
1251 957 55 33 och
1328 958 214 32 ammunition
1563 958 54 32 för

382 1011 206 41 budgetåret
616 1010 137 32 1943/44
779 1009 118 32 anvisa
919 1012 50 29 ett
990 1009 353 41 reservationsanslag
1364 1020 40 20 av
1429 1009 188 38 14,125,000

382 1061 142 40 kronor.

169 1155 104 42 121:0)
297 1157 194 38 Flygvapnet:
509 1153 333 41 Engångsanskaffning
860 1163 35 23 av
912 1154 431 39 mobiliseringsammunition.
1374 1153 128 42 Kungl.
1519 1154 99 41 Maj:t

114 1207 62 32 har
204 1206 177 42 föreslagit
402 1206 185 41 riksdagen
610 1205 121 41 (punkt
754 1206 68 37 128,
847 1204 63 32 sid.
937 1204 70 42 170)
1029 1206 51 30 att
1103 1204 53 32 till
1177 1204 227 42 Flygvapnet:
1439 1204 175 42 Engångs-

113 1249 217 50 anskaffning
363 1268 40 20 av
436 1255 485 43 mobiliseringsammunition
956 1255 52 32 för
1036 1254 206 43 budgetåret
1266 1255 136 33 1943/44
1424 1255 119 32 anvisa
1565 1257 50 30 ett

114 1308 352 41 reservationsanslag
488 1318 41 21 av
553 1307 188 39 15,000,000
762 1307 135 31 kronor.

167 1386 49 31 På
248 1385 129 42 förslag
410 1395 39 21 av
479 1384 128 42 Kungl.
630 1384 99 41 Maj:t
750 1383 251 43 bemyndigade
1025 1384 81 31 1942
1129 1385 55 30 års
1206 1383 140 41 riksdag
1367 1383 126 41 Kungl.
1517 1382 99 42 Maj:t

113 1439 50 29 att
196 1435 158 32 meddela
384 1435 117 32 beslut
534 1446 55 20 om
623 1434 215 41 anskaffning
870 1445 40 20 av
943 1433 486 42 mobiliseringsammunition
1460 1433 54 32 för
1535 1433 79 41 flyg-

113 1489 126 40 vapnet
263 1486 108 32 under
392 1485 292 41 femårsperioden
709 1485 136 31 1942/47
868 1484 92 32 intill
983 1486 50 30 ett
1054 1484 129 41 belopp
1206 1495 40 20 av
1270 1483 188 39 76,550,000
1479 1484 136 31 kronor.

114 1537 179 42 Härjämte
327 1535 143 42 medgav
502 1535 193 42 riksdagen,
718 1537 51 30 att
801 1537 50 29 ett
882 1535 54 31 för
967 1534 205 42 budgetåret
1206 1533 139 32 1942/43
1378 1534 52 31 till
1453 1536 164 39 engångs-

114 1587 217 42 anskaffning
343 1598 39 20 av
392 1585 483 42 mobiliseringsammunition
888 1585 134 32 anvisat
1033 1584 351 42 reservationsanslag
1395 1586 20 30 å
1428 1584 188 39 15,000,000

113 1639 127 32 kronor
261 1639 91 40 finge
375 1637 107 41 enligt
504 1637 128 41 Kungl.
655 1636 116 42 Maj:ts
794 1635 259 33 bestämmande
1077 1635 217 32 överskridas
1316 1635 93 32 inom
1431 1646 117 21 ramen
1564 1635 54 31 för

113 1688 239 33 förstnämnda
373 1688 138 41 belopp.

166 1740 70 32 För
256 1740 139 31 fortsatt
417 1738 217 41 anskaffning
656 1749 39 21 av
715 1736 485 43 mobiliseringsammunition
1217 1736 62 32 har
1293 1736 321 42 flygförvaltningen

113 1791 54 31 för
199 1792 100 30 nästa
330 1788 169 42 budgetår
531 1789 120 41 begärt
678 1791 49 29 ett
749 1788 119 41 anslag
890 1799 41 20 av
955 1787 187 39 16,500,000
1163 1787 137 38 kronor,
1324 1786 102 32 därav
1450 1787 167 39 1,500,000

114 1841 127 32 kronor
262 1840 168 32 beräknas
455 1841 172 29 motsvara
649 1839 235 41 prisstegring,
908 1838 170 32 avseende
1101 1837 95 32 tiden
1219 1837 67 32 den
1311 1839 16 29 1
1342 1837 63 42 juli
1424 1837 191 32 1941—den

117 1893 15 30 1
155 1891 64 42 juli
244 1891 90 31 1942.

167 1975 181 33 Utskottet
371 1975 189 41 tillstyrker
583 1974 58 32 det
663 1974 109 32 under
793 1972 223 33 förevarande
1039 1973 111 41 punkt
1172 1971 127 33 äskade
1322 1972 163 41 anslaget,
1508 1972 106 32 vilket

114 2026 185 32 beräknats
322 2026 107 41 enligt
451 2025 43 32 de
517 2036 41 20 av
583 2025 80 32 1942
685 2027 55 29 års
763 2024 139 41 riksdag
924 2023 147 42 angivna
1092 2022 219 42 principerna
1326 2023 52 31 för
1392 2022 225 42 finansiering

115 2089 41 20 av
179 2076 340 42 engångskostnader
541 2087 41 20 av
604 2076 62 31 här
687 2074 254 42 ifrågavarande
965 2074 82 41 slag.

169 2127 182 33 Utskottet
373 2126 210 38 hemställer,

437 2195 50 29 att
509 2193 182 41 riksdagen
715 2194 54 29 må
791 2192 53 31 till
867 2192 218 40 Flygvapnet:
1108 2191 367 41 Engångsanskaffning
1497 2202 40 21 av
1559 2202 58 21 mo-

387 2243 398 40 biliseringsammunition
818 2243 53 30 för
903 2242 204 41 budgetåret
1142 2242 137 37 1943/44
1301 2241 118 31 anvisa
1441 2243 50 29 ett
1513 2252 104 20 reser-

384 2293 257 40 vationsanslag
663 2304 40 19 av
728 2292 187 39 15,000,000
936 2292 136 30 kronor.

171 2378 103 41 122:0)
299 2379 194 38 Flygvapnet:
525 2379 207 30 Motorfordon
761 2378 57 30 och
844 2374 199 34 motorbåtar.
1089 2375 126 42 Kungl.
1240 2375 98 41 Maj:t
1360 2375 61 31 har
1442 2374 177 42 föreslagit

117 2429 182 40 riksdagen
322 2428 121 41 (punkt
471 2429 66 37 129,
562 2428 63 31 sid.
651 2427 69 42 171)
743 2428 50 30 att
815 2426 54 31 till
891 2426 227 41 Flygvapnet:
1143 2425 240 32 Motorfordon
1407 2425 64 31 och
1494 2427 128 29 motor-

118 2480 97 32 båtar
237 2480 52 31 för
304 2479 203 40 budgetåret
525 2479 137 38 1943/44
677 2477 118 32 anvisa
811 2479 49 29 ett
875 2476 353 41 reservationsanslag
1244 2487 41 20 av
1302 2476 165 38 1,700,000
1482 2476 136 32 kronor.

1672 794 133 23 Ulskottel.

1675 1976 131 24 Utskottet.
