1874 2766
239 125 20 30 8
537 127 125 30 Första
684 127 243 39 lagutskottets
949 128 179 31 utlåtande
1149 139 43 20 nr
1211 130 42 29 29
1274 130 38 30 år
1335 130 84 30 1964

400 204 225 34 (Nuvarande
645 205 145 40 lydelse)

1165 209 226 40 (Föreslagen
1417 209 146 40 lydelse)

927 268 59 32 101
1010 268 28 39 8.

286 319 107 30 Tiden
409 319 56 40 för
480 320 193 31 auktionen
691 321 102 31 varde
809 331 43 21 av
867 322 87 31 auk-

242 362 302 41 tionsförrättaren
581 365 168 38 bestämd,
784 366 65 30 och
886 366 67 31 låte

242 407 69 30 han
339 408 207 40 kungörelse
575 410 134 36 därom,
738 410 38 30 så
803 411 66 29 ock
896 419 57 22 om

241 452 231 39 egendomens
500 453 248 32 beskaffenhet
775 455 63 29 och
867 455 87 31 auk-

242 496 208 31 tionsstället
478 498 135 31 införas
643 500 11 29 i
682 499 177 31 allmänna
889 500 65 30 tid-

241 541 171 40 ningarna
450 542 108 30 minst
598 543 78 40 fyra
715 544 124 29 veckor
878 544 75 30 före

240 586 278 40 auktionsdagen
558 587 168 31 ävensom
766 587 136 41 intagas
941 588 13 31 i

239 630 368 40 länskungörelserna;
630 632 79 40 foge
729 632 65 30 ock
811 633 141 37 anstalt,

239 676 51 28 att
320 674 232 40 kungörelsen
586 676 124 30 varder
740 677 35 39 ej
804 677 148 37 mindre,

237 718 65 30 sist
321 718 78 40 fyra
423 720 123 30 veckor
565 720 77 40 före
663 721 289 40 auktionsdagen,

239 763 21 30 å
289 763 117 30 landet
434 764 139 40 uppläst
602 765 12 29 i
643 765 200 40 tingslagets
872 766 80 40 kyr-

238 807 64 30 kor
322 808 65 30 och
409 808 11 30 i
439 809 79 30 stad
536 809 168 40 anslagen
724 809 20 31 å
764 810 58 30 det
840 810 111 38 ställe,

238 852 63 30 där
326 852 190 31 auktionen
544 853 124 38 hålles,
694 854 44 30 än
764 855 97 37 även,
889 855 63 30 där

237 896 39 30 så
296 897 61 30 ske
377 897 81 37 kan,
477 898 11 30 i
508 898 139 40 tidning
667 898 95 31 inom
781 900 99 29 orten
899 899 53 31 in-

238 940 78 31 förd
334 941 108 31 minst
460 942 133 39 fjorton
612 943 108 40 dagar
737 943 73 31 före
828 944 123 30 nämn-

238 986 44 29 da
307 985 76 40 dag.
409 986 45 30 är
479 986 53 30 för
558 987 72 30 viss
654 987 80 31 stad
758 987 191 36 förordnat,

238 1032 51 28 att
323 1030 145 30 auktion
502 1031 20 30 å
554 1031 71 31 fast
659 1032 167 40 egendom
860 1032 90 31 skall

236 1074 130 40 jämväl
387 1075 45 39 på
452 1077 108 29 annat
580 1076 70 30 sätt
670 1076 186 40 kungöras,
877 1077 73 30 län-

237 1119 41 30 de
300 1119 64 30 ock
386 1119 56 30 det
463 1120 51 30 till
537 1120 241 31 efterrättelse.

1053 323 216 40 Kungörelse
1296 333 55 21 om
1381 325 50 30 tid
1458 325 64 30 och
1548 326 92 39 plats
1666 326 57 41 för

1009 367 192 31 auktionen
1234 368 39 30 så
1305 369 65 30 ock
1402 378 57 21 om
1491 370 232 40 egendomens

1008 411 246 32 beskaffenhet
1277 413 89 31 skall
1388 414 134 30 införas
1544 415 11 30 i
1577 415 146 30 allmän-

1010 465 45 22 na
1087 457 225 40 tidningarna
1346 458 108 30 minst
1488 458 78 41 fyra
1596 460 127 30 veckor

1008 500 74 31 före
1103 501 278 41 auktionsdagen
1402 503 165 30 ävensom
1585 503 137 41 intagas

1007 545 12 30 i
1088 545 364 41 -länskungörelserna.
1522 547 201 32 Auktionen

1010 590 89 30 skall
1141 590 132 40 jämväl
1315 591 178 40 kungöras
1534 593 11 30 i
1586 592 137 41 tidning

1007 634 96 30 inom
1128 637 100 28 orten
1250 635 109 31 minst
1383 636 133 40 fjorton
1541 637 107 39 dagar
1672 636 51 31 fö-

1007 687 37 22 re
1069 679 279 40 auktionsdagen
1373 680 64 30 och
1463 680 12 31 i
1498 681 111 40 övrigt
1634 681 89 40 utly-

1007 732 57 21 sas
1085 723 45 40 på
1155 723 157 40 lämpligt
1332 725 80 29 sätt.
1433 725 45 30 är
1500 725 55 30 för
1576 726 70 30 viss
1668 727 55 29 ort

1008 767 193 36 förordnat,
1227 770 50 29 att
1302 769 147 30 auktion
1474 770 89 30 skall
1589 770 133 40 kungö-

1007 821 57 21 ras
1087 812 45 39 på
1154 812 144 31 särskilt
1321 814 79 34 sätt,
1424 814 89 30 skall
1536 814 58 31 det
1616 814 106 31 också

1008 857 105 30 lända
1137 857 52 30 till
1215 857 240 32 efterrättelse.

283 1163 94 31 Skall
395 1163 212 42 försäljning
642 1182 25 5 —
696 1184 30 4 —
753 1183 30 5 —
811 1183 26 5 —
865 1184 37 4 —
919 1166 380 31 auktionsförrättaren
1317 1168 196 31 avlämnad.

926 1245 62 31 104
1013 1244 28 39 8.

279 1297 47 30 Är
347 1297 36 40 ej
403 1297 145 31 auktion
571 1298 39 30 så
632 1298 187 40 kungjord,
840 1308 75 21 som
940 1298 12 30 i

240 1342 59 29 101
326 1341 21 37 $
371 1342 89 39 sägs,
486 1342 103 30 varde
615 1342 67 30 den
708 1343 152 37 inställd,
886 1343 64 30 och

237 1386 88 30 sätte
354 1385 381 42 auktionsförrättaren
766 1389 37 28 ut
831 1396 119 21 annan

238 1430 50 30 tid
311 1430 127 30 därtill.
462 1431 46 39 Ej
530 1431 59 30 må
614 1431 91 30 dock
728 1431 146 31 auktion
900 1431 51 30 in-

236 1474 121 31 ställas
381 1475 94 40 förty
499 1477 51 29 att
576 1475 232 40 kungörelsen
835 1476 35 39 ej
895 1485 55 21 va-

238 1519 44 29 rit
310 1519 11 30 i
347 1529 41 20 en
416 1520 82 29 eller
523 1529 120 21 annan
670 1520 111 39 kyrka
809 1521 142 39 uppläst

236 1564 82 29 eller
335 1564 11 29 i
363 1564 135 40 tidning
514 1564 94 30 inom
627 1566 97 28 orten
742 1564 127 40 införd,
887 1565 63 30 där

235 1608 65 30 den
325 1608 101 40 eljest
447 1608 271 40 allmänneligen
739 1609 104 40 ågått.

1049 1300 73 29 Har
1143 1299 208 40 kungörelse
1371 1310 55 21 om
1447 1301 147 31 auktion
1616 1303 36 39 ej
1671 1302 52 30 in-

1006 1343 89 40 förts
1124 1344 12 30 i
1161 1344 178 31 allmänna
1368 1345 234 41 tidningarna,
1630 1347 92 30 läns-

1007 1388 274 39 kungörelserna
1300 1389 82 30 eller
1401 1389 136 41 tidning
1555 1391 93 30 inom
1668 1400 54 21 or-

1008 1434 66 35 ten,
1092 1433 88 39 efter
1198 1433 66 30 vad
1280 1433 11 30 i
1310 1434 58 29 101
1387 1434 22 37 $
1425 1435 89 39 sägs,
1532 1435 82 30 eller
1630 1435 91 40 före-

1007 1476 106 40 ligger
1136 1477 102 39 eljest
1262 1478 169 40 väsentlig
1455 1479 86 30 brist
1562 1480 81 30 med
1664 1489 57 21 av-

1006 1522 125 29 seende
1154 1521 20 30 å
1197 1522 253 40 kungörandet,
1472 1524 92 31 skall
1585 1524 137 31 auktio-

1006 1575 68 20 nen
1098 1566 159 32 inställas
1280 1567 63 30 och
1366 1576 46 31 ny
1436 1568 50 30 tid
1508 1569 148 30 utsättas
1679 1578 42 21 av

1005 1610 391 40 auktionsförrättaren.

926 1688 60 31 105
1012 1689 28 38 8.

280 1741 51 30 Då
356 1742 108 39 utlyst
488 1742 147 30 auktion
659 1742 11 30 i
693 1742 89 40 följd
806 1751 42 21 av
873 1743 78 39 laga

237 1786 124 30 hinder
390 1786 167 35 inställes,
587 1787 116 34 varde,
732 1787 61 30 där
822 1786 38 31 så
889 1787 61 30 ske

236 1831 80 33 kan,
339 1831 57 30 det
416 1831 13 29 i
449 1831 354 40 länskungörelserna
824 1831 39 30 så
885 1831 66 30 ock

236 1874 21 30 å
283 1875 118 29 landet
426 1874 12 30 i
464 1875 202 40 tingslagets
693 1875 130 40 kyrkor
848 1875 65 30 och
939 1875 12 30 i

235 1919 79 30 stad
347 1928 123 30 genom
505 1920 134 39 anslag,
673 1929 74 21 som
781 1920 97 39 förut
910 1920 40 30 är

236 1965 86 37 sagt,
353 1964 76 39 före
460 1964 64 29 den
558 1965 131 29 utsatta
720 1965 108 39 dagen
861 1964 89 30 kun-

235 2008 103 39 gjort.

1050 1743 52 30 Då
1126 1744 109 39 utlyst
1259 1744 146 30 auktion
1429 1746 11 29 i
1464 1745 90 40 följd
1578 1755 42 21 av
1643 1746 78 40 laga

1007 1787 126 30 hinder
1169 1788 167 35 inställes,
1375 1789 88 30 skall
1501 1790 67 34 det,
1596 1799 56 21 om
1681 1791 38 30 så

1007 1832 70 30 kan
1107 1832 72 35 ske,
1209 1833 177 39 kungöras
1415 1834 12 29 i
1457 1835 263 40 länskungörel-

1006 1885 102 22 serna
1134 1876 64 30 och
1226 1877 134 40 tidning
1385 1878 93 30 inom
1505 1880 98 29 orten
1628 1881 93 29 samt

1006 1920 43 40 på
1072 1923 109 28 annat
1204 1921 157 40 lämpligt
1382 1923 80 29 sätt.

925 2088 60 31 127
1008 2088 28 38 8.

280 2141 165 30 Kommer
471 2141 212 41 försäljning
708 2142 30 40 ej
767 2142 51 30 till
846 2142 103 30 stånd

236 2185 93 40 förty
348 2188 51 28 att
418 2186 57 29 vid
494 2186 193 30 auktionen
708 2186 69 30 bud
797 2186 76 30 icke
894 2187 56 39 gö-

237 2239 54 20 res
319 2231 82 29 eller
429 2232 153 38 antages,
611 2230 45 30 då
684 2231 99 34 skall,
812 2240 56 21 om
897 2232 52 29 ut-

234 2275 362 39 mätningssökanden
623 2274 75 31 före
725 2275 225 40 förrättning-

234 2327 63 21 ens
322 2319 70 29 slut
415 2319 56 30 det
495 2319 115 34 äskar,
637 2328 47 31 ny
708 2319 145 30 auktion
876 2320 74 29 hål-

236 2363 51 30 las
322 2362 5 30 å
349 2372 135 21 samma
506 2363 100 31 ställe
627 2363 79 39 fyra
730 2364 122 29 veckor
873 2364 78 30 där-

236 2407 98 39 efter,
394 2416 116 21 varom
538 2403 13 49 =
570 2407 379 41 auktionsförrättaren

234 2451 93 30 skall
351 2454 123 36 genast
499 2452 160 30 meddela
687 2452 262 38 underrättelse,

1050 2143 166 30 Kommer
1242 2143 211 41 försäljning
1478 2145 31 40 ej
1539 2145 52 30 till
1617 2145 103 31 stånd

1008 2187 119 30 därför
1156 2189 51 28 att
1236 2187 56 30 vid
1322 2188 191 31 auktionen
1544 2189 70 30 bud
1643 2190 77 30 icke

1006 2232 98 39 göres
1125 2232 83 29 eller
1229 2234 152 38 antages,
1403 2233 44 30 då
1468 2234 99 34 skall,
1589 2243 57 21 om
1667 2236 53 28 ut-

1005 2276 361 40 mätningssökanden
1410 2277 214 31 framställer
1665 2288 56 31 yr-

1007 2320 115 30 kande
1164 2321 121 29 därom
1328 2321 74 30 före
1444 2322 276 41 förrättningens

1008 2365 79 34 slut,
1117 2374 47 30 ny
1192 2365 145 30 auktion
1365 2366 112 30 hållas
1504 2366 45 40 på
1579 2367 50 30 tid
1655 2367 64 30 och

1005 2409 91 39 plats
1134 2418 75 21 som
1248 2409 380 41 auktionsförrättaren
1666 2411 55 30 be-

1007 2453 178 30 stämmer.
1214 2454 387 40 Auktionsförrättaren
1630 2455 92 32 skall
