2185 2699
406 193 39 32 12
836 192 95 33 Stats-
942 192 162 34 Utskottets
1136 192 166 34 Utlåtande
1329 192 63 33 N:o
1419 195 52 30 10.

356 281 322 87 [öneförmånerna
718 283 79 36 icke
839 283 167 48 skäligen
1038 282 91 38 böra
1157 281 248 49 ifrågasättas,
1434 281 67 37 och
1528 279 193 39 Utskottet
1749 280 211 36 hemställer

384 341 133 37 erföre,

809 390 56 32 att
904 383 207 51 Riksdagen
1146 386 60 34 må
1237 387 47 46 på
1312 390 107 31 extra
1445 389 75 31 stat
1546 382 57 38 för
1631 386 41 34 år
1702 384 95 36 1880
1824 383 137 47 bevilja

754 437 59 36 för
840 435 396 49 Arméförvaltningen

806 486 39 47 a)
875 489 57 35 Gl
957 487 279 50 dyrtidstillägg
1253 518 352 6 ssessmssnstskossx
1647 486 62 37 Kr.
1743 486 141 42 19,240:
1911 505 51 5 —

807 538 34 45 b)
895 555 15 19 »
955 540 479 47 tjenstgöringspenningar
1455 570 160 5 ......
1669 553 15 19 »
1764 539 120 44 —3,250:
1913 557 47 4 —

809 589 32 44 c)
895 606 14 20 »
955 591 220 48 öfvertalige
1203 592 224 48 tjenstemän
1456 604 46 22 m.
1531 590 36 36 fl.
1590 622 27 5 ...
1671 604 15 19 »
1766 590 117 43 7,400:
1914 609 47 4 —

358 742 181 40 Indelta
566 740 180 41 arméns
774 741 84 39 och
885 739 267 41 Vermlands
1167 738 395 53 fältjägarecorps
1587 736 374 53 vapenöfningar.

184 868 142 31 Ängåsnds
494 850 91 34 13:o.
639 846 239 38 Beträffande
920 847 132 47 Kongl.
1092 846 123 48 Maj:ts
1256 846 135 46 nådiga
1418 845 140 47 förslag
1585 858 58 23 om
1672 845 205 36 anvisande
1907 844 55 36 för

159 903 188 58 förhöjning
358 902 39 32 år
427 900 95 35 1880
550 898 38 36 af
614 904 54 31 ett
696 906 98 29 extra
822 898 127 49 anslag
977 898 35 36 af
1033 899 160 42 388,000
1213 898 136 35 kronor
1369 900 121 33 såsom
1510 895 212 49 förhöjning
1742 896 11 35 i
1773 895 187 36 ordinarie

194 969 70 26 méns
284 971 38 30 ör-
359 951 167 49 anslaget
555 950 53 36 till
638 949 143 37 Indelta
810 951 148 35 arméns
988 950 66 36 och
1082 949 224 36 Vermlands
1326 948 315 48 fältjägarecorps”
1662 946 298 50 vapenöfningar

168 1005 180 32 ningsanslag.
359 1001 187 36 äfvensom
564 1002 188 46 angående
767 1001 179 37 särskilda
958 1003 98 33 inom
1068 1000 212 48 Rikdagens
1293 1000 125 36 Andra
1430 999 193 36 Kammare
1635 1000 132 35 väckta
1780 999 184 35 motioner

361 1066 60 23 om
462 1053 241 48 nedsättning
737 1054 9 35 i
775 1052 161 37 berörda
963 1052 187 37 ordinarie
1177 1053 139 47 anslag,
1345 1053 167 35 kommer
1540 1050 195 37 Utskottet
1763 1049 199 37 framdeles

361 1110 54 31 att
444 1104 139 50 afgifva
610 1104 193 49 yttrande;
834 1104 139 36 hvilket
1001 1105 67 35 här
1096 1103 132 37 endast
1256 1104 123 35 skolat

812 1198 173 36 anmälas.

911 1342 503 54 Disciplinkompaniet.

188 1469 141 31 Angående
498 1454 91 34 14:o.
642 1452 16 36 I
698 1453 106 48 fråga
846 1453 127 35 härom
1015 1452 67 35 har
1122 1451 133 46 Kongl.
1296 1450 104 47 Maj:t
1440 1449 189 48 föreslagit
1669 1448 213 49 Riksdagen
1912 1454 55 30 att

148 1505 141 40 aflöning
308 1503 28 24 åt
362 1505 74 35 låta
477 1504 64 35 det
573 1504 57 35 till
663 1504 164 49 aflöning
855 1507 37 32 åt
921 1503 115 36 nödig
1063 1501 361 50 befälsförstärkning
1451 1501 64 36 vid
1543 1501 220 48 kompaniet
1790 1499 177 36 anvisade

169 1538 79 23 ökadt
267 1537 76 24 antal
551 1555 5 6 s
1012 1533 85 19 Sr
1435 1556 9 9 >
1864 1558 5 6 .

188 1572 70 30 befäl
276 1572 47 23 vid
363 1556 128 46 anslag
531 1556 58 34 till
631 1555 244 36 oförändradt
915 1555 147 47 belopp,
1092 1556 107 41 9,709
1231 1554 147 42 kronor,
1412 1566 123 22 såsom
1563 1558 107 30 extra
1699 1552 127 46 anslag
1855 1550 111 36 äfven

188 1606 139 56 disciplin
363 1606 119 35 under
522 1609 39 32 år
605 1607 94 35 1880
740 1609 108 45 utgå;
877 1619 85 22 men
992 1606 58 39 då,
1079 1606 115 46 enligt
1222 1603 98 36 hvad
1348 1603 407 48 statsrådsprotokollet
1782 1601 85 46 (Bil.
1895 1601 70 36 N:o

188 1641 146 30 ompaniet.
690 1657 6 7 .
838 1657 6 6 :
1164 1650 6 2 >
1641 1655 7 6 .
1708 1654 6 6 98
1816 1657 10 8 o

366 1659 20 34 3
416 1671 19 22 a
463 1669 77 35 pag.
572 1655 62 46 16)
662 1656 121 50 gifver
811 1657 63 35 vid
904 1656 159 43 handen,
1092 1656 353 47 manskapsstyrkan
1474 1655 119 36 under
1621 1654 164 36 sistlidet
1812 1666 41 23 år
1880 1652 87 36 ned-

364 1712 92 45 gått,
497 1708 108 36 torde
647 1708 201 36 anvisande
891 1707 37 36 af
966 1708 184 35 särskilda
1184 1706 120 36 medel
1332 1706 59 36 för
1418 1705 163 36 berörda
1608 1705 174 36 ändamål
1811 1717 157 23 numera

364 1759 77 36 icke
482 1759 127 36 kunna
650 1772 105 23 anses
796 1758 39 36 af
876 1758 271 49 oundgängligt
1190 1756 116 37 behof
1345 1757 202 48 påkalladt,
1587 1756 146 36 hvadan
1774 1754 195 37 Utskottet

365 1810 226 45 hemställer,

814 1865 56 31 att
914 1859 63 35 det
1017 1858 57 37 för
1115 1859 395 49 disciplinkompaniet
1541 1858 136 36 äskade
1706 1863 107 31 extra
1841 1858 129 46 anslag

766 1914 105 42 9,709
902 1912 136 34 kronor
1066 1911 80 35 icke
1176 1914 58 31 må
1262 1910 39 36 af
1325 1910 211 47 Riksdagen
1564 1910 167 47 beviljas.

989 2042 364 42 Artilleribehof.

942 2130 447 33 Fältartilleri-materiel.

194 2243 142 31 Angående
504 2230 92 34 15:o.
651 2227 72 36 Till
765 2227 238 48 anskaffning
1043 2226 39 36 af
1110 2238 49 36 ny
1187 2225 396 37 fältartillerimateriel
1611 2225 65 35 har
1707 2224 133 49 Kongl.
1869 2223 102 45 Maj:t

176 2286 33 57 af
222 2274 127 73 fäldartil
367 2279 191 49 föreslagit
586 2279 209 46 Riksdagen
823 2284 53 30 att
905 2280 73 34 dels
1006 2278 127 36 anvisa
1159 2276 58 37 för
1245 2280 39 32 år
1312 2279 95 35 1880
1426 2282 53 31 ett
1499 2282 105 31 extra
1624 2277 129 46 anslag
1773 2279 20 32 å
1813 2276 157 43 243,934

176 2345 181 28 lerimateriel.
