<?xml version="1.0" encoding="UTF-8"?>
<alto xmlns="http://www.loc.gov/standards/alto/ns-v3#" xmlns:xlink="http://www.w3.org/1999/xlink" xmlns:xsi="http://www.w3.org/2001/XMLSchema-instance" xsi:schemaLocation="http://www.loc.gov/standards/alto/ns-v3# http://www.loc.gov/alto/v3/alto-3-0.xsd">
	<Description>
		<MeasurementUnit>pixel</MeasurementUnit>
		<sourceImageInformation>
			<fileName>/tmp/tess_705n2yih_input.PNG</fileName>
		</sourceImageInformation>
		<OCRProcessing ID="OCR_0">
			<ocrProcessingStep>
				<processingSoftware>
					<softwareName>tesseract 5.3.0</softwareName>
				</processingSoftware>
			</ocrProcessingStep>
		</OCRProcessing>
	</Description>
	<Layout>
		<Page WIDTH="1896" HEIGHT="2786" PHYSICAL_IMG_NR="0" ID="page_0">
			<PrintSpace HPOS="0" VPOS="0" WIDTH="1896" HEIGHT="2786">
				<ComposedBlock ID="cblock_0" HPOS="537" VPOS="145" WIDTH="1083" HEIGHT="33">
					<TextBlock ID="block_0" HPOS="537" VPOS="145" WIDTH="1083" HEIGHT="33">
						<TextLine ID="line_0" HPOS="537" VPOS="145" WIDTH="1083" HEIGHT="33">
							<String ID="string_0" HPOS="537" VPOS="145" WIDTH="294" HEIGHT="33" WC="0.90" CONTENT="Statsutskottets"/><SP WIDTH="20" VPOS="145" HPOS="831"/>
							<String ID="string_1" HPOS="851" VPOS="145" WIDTH="182" HEIGHT="33" WC="0.96" CONTENT="utlåtande"/><SP WIDTH="19" VPOS="145" HPOS="1033"/>
							<String ID="string_2" HPOS="1052" VPOS="155" WIDTH="45" HEIGHT="22" WC="0.96" CONTENT="nr"/><SP WIDTH="20" VPOS="155" HPOS="1097"/>
							<String ID="string_3" HPOS="1117" VPOS="147" WIDTH="74" HEIGHT="31" WC="0.96" CONTENT="166."/><SP WIDTH="409" VPOS="147" HPOS="1191"/>
							<String ID="string_4" HPOS="1600" VPOS="147" WIDTH="20" HEIGHT="30" WC="0.96" CONTENT="9"/>
						</TextLine>
					</TextBlock>
				</ComposedBlock>
				<ComposedBlock ID="cblock_1" HPOS="110" VPOS="233" WIDTH="1512" HEIGHT="1322">
					<TextBlock ID="block_1" HPOS="110" VPOS="233" WIDTH="1512" HEIGHT="681">
						<TextLine ID="line_1" HPOS="113" VPOS="233" WIDTH="1509" HEIGHT="40">
							<String ID="string_5" HPOS="113" VPOS="234" WIDTH="58" HEIGHT="30" WC="0.96" CONTENT="det"/><SP WIDTH="22" VPOS="234" HPOS="171"/>
							<String ID="string_6" HPOS="193" VPOS="233" WIDTH="122" HEIGHT="31" WC="0.91" CONTENT="kunna"/><SP WIDTH="21" VPOS="233" HPOS="315"/>
							<String ID="string_7" HPOS="336" VPOS="235" WIDTH="168" HEIGHT="37" WC="0.91" CONTENT="godtagas"/><SP WIDTH="24" VPOS="235" HPOS="504"/>
							<String ID="string_8" HPOS="528" VPOS="244" WIDTH="76" HEIGHT="21" WC="0.96" CONTENT="som"/><SP WIDTH="22" VPOS="244" HPOS="604"/>
							<String ID="string_9" HPOS="626" VPOS="237" WIDTH="51" HEIGHT="29" WC="0.96" CONTENT="ett"/><SP WIDTH="20" VPOS="237" HPOS="677"/>
							<String ID="string_10" HPOS="697" VPOS="236" WIDTH="248" HEIGHT="37" WC="0.95" CONTENT="provisorium,"/><SP WIDTH="24" VPOS="236" HPOS="945"/>
							<String ID="string_11" HPOS="969" VPOS="238" WIDTH="51" HEIGHT="28" WC="0.96" CONTENT="att"/><SP WIDTH="23" VPOS="238" HPOS="1020"/>
							<String ID="string_12" HPOS="1043" VPOS="245" WIDTH="44" HEIGHT="21" WC="0.96" CONTENT="av"/><SP WIDTH="21" VPOS="245" HPOS="1087"/>
							<String ID="string_13" HPOS="1108" VPOS="237" WIDTH="103" HEIGHT="29" WC="0.92" CONTENT="dessa"/><SP WIDTH="22" VPOS="237" HPOS="1211"/>
							<String ID="string_14" HPOS="1233" VPOS="236" WIDTH="315" HEIGHT="31" WC="0.85" CONTENT="överskottsmedel"/><SP WIDTH="23" VPOS="236" HPOS="1548"/>
							<String ID="string_15" HPOS="1571" VPOS="238" WIDTH="51" HEIGHT="29" WC="0.96" CONTENT="ett"/>
						</TextLine>
						<TextLine ID="line_2" HPOS="111" VPOS="287" WIDTH="1510" HEIGHT="40">
							<String ID="string_16" HPOS="111" VPOS="287" WIDTH="127" HEIGHT="38" WC="0.96" CONTENT="belopp"/><SP WIDTH="16" VPOS="287" HPOS="238"/>
							<String ID="string_17" HPOS="254" VPOS="297" WIDTH="43" HEIGHT="21" WC="0.96" CONTENT="av"/><SP WIDTH="13" VPOS="297" HPOS="297"/>
							<String ID="string_18" HPOS="310" VPOS="297" WIDTH="41" HEIGHT="21" WC="0.96" CONTENT="ca"/><SP WIDTH="17" VPOS="297" HPOS="351"/>
							<String ID="string_19" HPOS="368" VPOS="288" WIDTH="47" HEIGHT="34" WC="0.96" CONTENT="1,5"/><SP WIDTH="18" VPOS="288" HPOS="415"/>
							<String ID="string_20" HPOS="433" VPOS="288" WIDTH="127" HEIGHT="37" WC="0.95" CONTENT="miljon"/><SP WIDTH="15" VPOS="288" HPOS="560"/>
							<String ID="string_21" HPOS="575" VPOS="289" WIDTH="133" HEIGHT="30" WC="0.96" CONTENT="kronor"/><SP WIDTH="15" VPOS="289" HPOS="708"/>
							<String ID="string_22" HPOS="723" VPOS="289" WIDTH="207" HEIGHT="37" WC="0.96" CONTENT="disponeras"/><SP WIDTH="17" VPOS="289" HPOS="930"/>
							<String ID="string_23" HPOS="947" VPOS="289" WIDTH="56" HEIGHT="30" WC="0.93" CONTENT="för"/><SP WIDTH="14" VPOS="289" HPOS="1003"/>
							<String ID="string_24" HPOS="1017" VPOS="289" WIDTH="423" HEIGHT="38" WC="0.92" CONTENT="blekingejärnvägarnas"/><SP WIDTH="16" VPOS="289" HPOS="1440"/>
							<String ID="string_25" HPOS="1456" VPOS="290" WIDTH="165" HEIGHT="37" WC="0.92" CONTENT="ombygg-"/>
						</TextLine>
						<TextLine ID="line_3" HPOS="111" VPOS="341" WIDTH="1510" HEIGHT="40">
							<String ID="string_26" HPOS="111" VPOS="341" WIDTH="83" HEIGHT="30" WC="0.95" CONTENT="nad."/><SP WIDTH="25" VPOS="341" HPOS="194"/>
							<String ID="string_27" HPOS="219" VPOS="341" WIDTH="200" HEIGHT="37" WC="0.96" CONTENT="Självfallet"/><SP WIDTH="21" VPOS="341" HPOS="419"/>
							<String ID="string_28" HPOS="440" VPOS="341" WIDTH="64" HEIGHT="31" WC="0.96" CONTENT="bör"/><SP WIDTH="24" VPOS="341" HPOS="504"/>
							<String ID="string_29" HPOS="528" VPOS="343" WIDTH="58" HEIGHT="29" WC="0.93" CONTENT="det"/><SP WIDTH="24" VPOS="343" HPOS="586"/>
							<String ID="string_30" HPOS="610" VPOS="342" WIDTH="279" HEIGHT="38" WC="0.91" CONTENT="ianspråktagna"/><SP WIDTH="23" VPOS="342" HPOS="889"/>
							<String ID="string_31" HPOS="912" VPOS="342" WIDTH="164" HEIGHT="38" WC="0.96" CONTENT="beloppet"/><SP WIDTH="24" VPOS="342" HPOS="1076"/>
							<String ID="string_32" HPOS="1100" VPOS="342" WIDTH="176" HEIGHT="31" WC="0.96" CONTENT="återföras"/><SP WIDTH="24" VPOS="342" HPOS="1276"/>
							<String ID="string_33" HPOS="1300" VPOS="343" WIDTH="12" HEIGHT="30" WC="0.96" CONTENT="i"/><SP WIDTH="25" VPOS="343" HPOS="1312"/>
							<String ID="string_34" HPOS="1337" VPOS="343" WIDTH="181" HEIGHT="38" WC="0.93" CONTENT="sedvanlig"/><SP WIDTH="24" VPOS="343" HPOS="1518"/>
							<String ID="string_35" HPOS="1542" VPOS="344" WIDTH="79" HEIGHT="29" WC="0.92" CONTENT="ord-"/>
						</TextLine>
						<TextLine ID="line_4" HPOS="111" VPOS="394" WIDTH="1509" HEIGHT="40">
							<String ID="string_36" HPOS="111" VPOS="394" WIDTH="86" HEIGHT="38" WC="0.96" CONTENT="ning"/><SP WIDTH="16" VPOS="394" HPOS="197"/>
							<String ID="string_37" HPOS="213" VPOS="395" WIDTH="108" HEIGHT="29" WC="0.96" CONTENT="sedan"/><SP WIDTH="16" VPOS="395" HPOS="321"/>
							<String ID="string_38" HPOS="337" VPOS="394" WIDTH="56" HEIGHT="31" WC="0.96" CONTENT="för"/><SP WIDTH="15" VPOS="394" HPOS="393"/>
							<String ID="string_39" HPOS="408" VPOS="395" WIDTH="202" HEIGHT="31" WC="0.93" CONTENT="ändamålet"/><SP WIDTH="16" VPOS="395" HPOS="610"/>
							<String ID="string_40" HPOS="626" VPOS="396" WIDTH="157" HEIGHT="30" WC="0.92" CONTENT="anvisats"/><SP WIDTH="16" VPOS="396" HPOS="783"/>
							<String ID="string_41" HPOS="799" VPOS="398" WIDTH="50" HEIGHT="28" WC="0.96" CONTENT="ett"/><SP WIDTH="15" VPOS="398" HPOS="849"/>
							<String ID="string_42" HPOS="864" VPOS="396" WIDTH="146" HEIGHT="30" WC="0.92" CONTENT="särskilt"/><SP WIDTH="15" VPOS="396" HPOS="1010"/>
							<String ID="string_43" HPOS="1025" VPOS="396" WIDTH="371" HEIGHT="38" WC="0.92" CONTENT="investeringsanslag,"/><SP WIDTH="16" VPOS="396" HPOS="1396"/>
							<String ID="string_44" HPOS="1412" VPOS="406" WIDTH="122" HEIGHT="21" WC="0.93" CONTENT="varom"/><SP WIDTH="17" VPOS="406" HPOS="1534"/>
							<String ID="string_45" HPOS="1551" VPOS="397" WIDTH="69" HEIGHT="30" WC="0.92" CONTENT="för-"/>
						</TextLine>
						<TextLine ID="line_5" HPOS="112" VPOS="448" WIDTH="1509" HEIGHT="39">
							<String ID="string_46" HPOS="112" VPOS="448" WIDTH="75" HEIGHT="37" WC="0.96" CONTENT="slag"/><SP WIDTH="14" VPOS="448" HPOS="187"/>
							<String ID="string_47" HPOS="201" VPOS="448" WIDTH="100" HEIGHT="30" WC="0.96" CONTENT="torde"/><SP WIDTH="13" VPOS="448" HPOS="301"/>
							<String ID="string_48" HPOS="314" VPOS="448" WIDTH="87" HEIGHT="30" WC="0.91" CONTENT="böra"/><SP WIDTH="15" VPOS="448" HPOS="401"/>
							<String ID="string_49" HPOS="416" VPOS="449" WIDTH="197" HEIGHT="37" WC="0.91" CONTENT="föreläggas"/><SP WIDTH="16" VPOS="449" HPOS="613"/>
							<String ID="string_50" HPOS="629" VPOS="449" WIDTH="189" HEIGHT="38" WC="0.96" CONTENT="riksdagen"/><SP WIDTH="15" VPOS="449" HPOS="818"/>
							<String ID="string_51" HPOS="833" VPOS="450" WIDTH="11" HEIGHT="29" WC="0.96" CONTENT="i"/><SP WIDTH="14" VPOS="450" HPOS="844"/>
							<String ID="string_52" HPOS="858" VPOS="450" WIDTH="103" HEIGHT="30" WC="0.96" CONTENT="nästa"/><SP WIDTH="15" VPOS="450" HPOS="961"/>
							<String ID="string_53" HPOS="976" VPOS="449" WIDTH="57" HEIGHT="31" WC="0.93" CONTENT="års"/><SP WIDTH="16" VPOS="449" HPOS="1033"/>
							<String ID="string_54" HPOS="1049" VPOS="450" WIDTH="430" HEIGHT="37" WC="0.90" CONTENT="statsverksproposition."/><SP WIDTH="14" VPOS="450" HPOS="1479"/>
							<String ID="string_55" HPOS="1493" VPOS="450" WIDTH="128" HEIGHT="30" WC="0.92" CONTENT="Därest"/>
						</TextLine>
						<TextLine ID="line_6" HPOS="112" VPOS="501" WIDTH="1509" HEIGHT="40">
							<String ID="string_56" HPOS="112" VPOS="501" WIDTH="58" HEIGHT="30" WC="0.96" CONTENT="det"/><SP WIDTH="18" VPOS="501" HPOS="170"/>
							<String ID="string_57" HPOS="188" VPOS="501" WIDTH="45" HEIGHT="37" WC="0.96" CONTENT="på"/><SP WIDTH="19" VPOS="501" HPOS="233"/>
							<String ID="string_58" HPOS="252" VPOS="502" WIDTH="114" HEIGHT="37" WC="0.96" CONTENT="grund"/><SP WIDTH="21" VPOS="502" HPOS="366"/>
							<String ID="string_59" HPOS="387" VPOS="511" WIDTH="43" HEIGHT="21" WC="0.93" CONTENT="av"/><SP WIDTH="19" VPOS="511" HPOS="430"/>
							<String ID="string_60" HPOS="449" VPOS="502" WIDTH="484" HEIGHT="38" WC="0.91" CONTENT="investeringsutvecklingen"/><SP WIDTH="21" VPOS="502" HPOS="933"/>
							<String ID="string_61" HPOS="954" VPOS="503" WIDTH="115" HEIGHT="30" WC="0.96" CONTENT="skulle"/><SP WIDTH="20" VPOS="503" HPOS="1069"/>
							<String ID="string_62" HPOS="1089" VPOS="503" WIDTH="76" HEIGHT="31" WC="0.96" CONTENT="visa"/><SP WIDTH="20" VPOS="503" HPOS="1165"/>
							<String ID="string_63" HPOS="1185" VPOS="504" WIDTH="51" HEIGHT="37" WC="0.96" CONTENT="sig"/><SP WIDTH="20" VPOS="504" HPOS="1236"/>
							<String ID="string_64" HPOS="1256" VPOS="504" WIDTH="217" HEIGHT="37" WC="0.96" CONTENT="nödvändigt"/><SP WIDTH="20" VPOS="504" HPOS="1473"/>
							<String ID="string_65" HPOS="1493" VPOS="505" WIDTH="52" HEIGHT="29" WC="0.93" CONTENT="att"/><SP WIDTH="19" VPOS="505" HPOS="1545"/>
							<String ID="string_66" HPOS="1564" VPOS="503" WIDTH="57" HEIGHT="30" WC="0.93" CONTENT="be-"/>
						</TextLine>
						<TextLine ID="line_7" HPOS="112" VPOS="555" WIDTH="1509" HEIGHT="40">
							<String ID="string_67" HPOS="112" VPOS="555" WIDTH="84" HEIGHT="30" WC="0.96" CONTENT="reda"/><SP WIDTH="21" VPOS="555" HPOS="196"/>
							<String ID="string_68" HPOS="217" VPOS="555" WIDTH="170" HEIGHT="38" WC="0.96" CONTENT="täckning"/><SP WIDTH="22" VPOS="555" HPOS="387"/>
							<String ID="string_69" HPOS="409" VPOS="556" WIDTH="55" HEIGHT="29" WC="0.96" CONTENT="för"/><SP WIDTH="22" VPOS="556" HPOS="464"/>
							<String ID="string_70" HPOS="486" VPOS="556" WIDTH="66" HEIGHT="30" WC="0.96" CONTENT="här"/><SP WIDTH="22" VPOS="556" HPOS="552"/>
							<String ID="string_71" HPOS="574" VPOS="556" WIDTH="272" HEIGHT="38" WC="0.96" CONTENT="ifrågavarande"/><SP WIDTH="23" VPOS="556" HPOS="846"/>
							<String ID="string_72" HPOS="869" VPOS="556" WIDTH="193" HEIGHT="31" WC="0.96" CONTENT="kostnader"/><SP WIDTH="23" VPOS="556" HPOS="1062"/>
							<String ID="string_73" HPOS="1085" VPOS="557" WIDTH="110" HEIGHT="30" WC="0.96" CONTENT="redan"/><SP WIDTH="23" VPOS="557" HPOS="1195"/>
							<String ID="string_74" HPOS="1218" VPOS="557" WIDTH="76" HEIGHT="30" WC="0.93" CONTENT="före"/><SP WIDTH="22" VPOS="557" HPOS="1294"/>
							<String ID="string_75" HPOS="1316" VPOS="557" WIDTH="226" HEIGHT="38" WC="0.92" CONTENT="budgetårets"/><SP WIDTH="25" VPOS="557" HPOS="1542"/>
							<String ID="string_76" HPOS="1567" VPOS="559" WIDTH="54" HEIGHT="28" WC="0.92" CONTENT="ut-"/>
						</TextLine>
						<TextLine ID="line_8" HPOS="110" VPOS="608" WIDTH="1511" HEIGHT="40">
							<String ID="string_77" HPOS="110" VPOS="608" WIDTH="102" HEIGHT="38" WC="0.96" CONTENT="gång,"/><SP WIDTH="21" VPOS="608" HPOS="212"/>
							<String ID="string_78" HPOS="233" VPOS="618" WIDTH="106" HEIGHT="28" WC="0.96" CONTENT="synas"/><SP WIDTH="22" VPOS="618" HPOS="339"/>
							<String ID="string_79" HPOS="361" VPOS="609" WIDTH="231" HEIGHT="38" WC="0.96" CONTENT="erforderliga"/><SP WIDTH="21" VPOS="609" HPOS="592"/>
							<String ID="string_80" HPOS="613" VPOS="610" WIDTH="113" HEIGHT="30" WC="0.96" CONTENT="medel"/><SP WIDTH="21" VPOS="610" HPOS="726"/>
							<String ID="string_81" HPOS="747" VPOS="610" WIDTH="123" HEIGHT="30" WC="0.93" CONTENT="kunna"/><SP WIDTH="22" VPOS="610" HPOS="870"/>
							<String ID="string_82" HPOS="892" VPOS="610" WIDTH="104" HEIGHT="31" WC="0.92" CONTENT="äskas"/><SP WIDTH="23" VPOS="610" HPOS="996"/>
							<String ID="string_83" HPOS="1019" VPOS="610" WIDTH="20" HEIGHT="30" WC="0.90" CONTENT="å"/><SP WIDTH="21" VPOS="610" HPOS="1039"/>
							<String ID="string_84" HPOS="1060" VPOS="611" WIDTH="224" HEIGHT="37" WC="0.90" CONTENT="tilläggsstat."/><SP WIDTH="22" VPOS="611" HPOS="1284"/>
							<String ID="string_85" HPOS="1306" VPOS="610" WIDTH="180" HEIGHT="31" WC="0.93" CONTENT="Utskottet"/><SP WIDTH="22" VPOS="610" HPOS="1486"/>
							<String ID="string_86" HPOS="1508" VPOS="610" WIDTH="113" HEIGHT="30" WC="0.92" CONTENT="förut-"/>
						</TextLine>
						<TextLine ID="line_9" HPOS="111" VPOS="662" WIDTH="1510" HEIGHT="35">
							<String ID="string_87" HPOS="111" VPOS="663" WIDTH="110" HEIGHT="29" WC="0.96" CONTENT="sätter"/><SP WIDTH="19" VPOS="663" HPOS="221"/>
							<String ID="string_88" HPOS="240" VPOS="662" WIDTH="161" HEIGHT="35" WC="0.96" CONTENT="sålunda,"/><SP WIDTH="20" VPOS="662" HPOS="401"/>
							<String ID="string_89" HPOS="421" VPOS="664" WIDTH="51" HEIGHT="29" WC="0.96" CONTENT="att"/><SP WIDTH="18" VPOS="664" HPOS="472"/>
							<String ID="string_90" HPOS="490" VPOS="672" WIDTH="49" HEIGHT="21" WC="0.96" CONTENT="nu"/><SP WIDTH="19" VPOS="672" HPOS="539"/>
							<String ID="string_91" HPOS="558" VPOS="664" WIDTH="154" HEIGHT="30" WC="0.96" CONTENT="avsedda"/><SP WIDTH="19" VPOS="664" HPOS="712"/>
							<String ID="string_92" HPOS="731" VPOS="664" WIDTH="143" HEIGHT="30" WC="0.96" CONTENT="arbeten"/><SP WIDTH="21" VPOS="664" HPOS="874"/>
							<String ID="string_93" HPOS="895" VPOS="664" WIDTH="100" HEIGHT="30" WC="0.96" CONTENT="skola"/><SP WIDTH="20" VPOS="664" HPOS="995"/>
							<String ID="string_94" HPOS="1015" VPOS="664" WIDTH="145" HEIGHT="30" WC="0.96" CONTENT="komma"/><SP WIDTH="19" VPOS="664" HPOS="1160"/>
							<String ID="string_95" HPOS="1179" VPOS="664" WIDTH="53" HEIGHT="30" WC="0.95" CONTENT="till"/><SP WIDTH="20" VPOS="664" HPOS="1232"/>
							<String ID="string_96" HPOS="1252" VPOS="664" WIDTH="190" HEIGHT="30" WC="0.96" CONTENT="utförande"/><SP WIDTH="20" VPOS="664" HPOS="1442"/>
							<String ID="string_97" HPOS="1462" VPOS="666" WIDTH="86" HEIGHT="28" WC="0.96" CONTENT="utan"/><SP WIDTH="21" VPOS="666" HPOS="1548"/>
							<String ID="string_98" HPOS="1569" VPOS="666" WIDTH="52" HEIGHT="28" WC="0.96" CONTENT="att"/>
						</TextLine>
						<TextLine ID="line_10" HPOS="111" VPOS="715" WIDTH="1509" HEIGHT="40">
							<String ID="string_99" HPOS="111" VPOS="715" WIDTH="56" HEIGHT="30" WC="0.96" CONTENT="för"/><SP WIDTH="15" VPOS="715" HPOS="167"/>
							<String ID="string_100" HPOS="182" VPOS="716" WIDTH="67" HEIGHT="30" WC="0.96" CONTENT="den"/><SP WIDTH="16" VPOS="716" HPOS="249"/>
							<String ID="string_101" HPOS="265" VPOS="716" WIDTH="93" HEIGHT="30" WC="0.96" CONTENT="skull"/><SP WIDTH="16" VPOS="716" HPOS="358"/>
							<String ID="string_102" HPOS="374" VPOS="716" WIDTH="116" HEIGHT="38" WC="0.96" CONTENT="någon"/><SP WIDTH="16" VPOS="716" HPOS="490"/>
							<String ID="string_103" HPOS="506" VPOS="717" WIDTH="262" HEIGHT="37" WC="0.96" CONTENT="inskränkning"/><SP WIDTH="15" VPOS="717" HPOS="768"/>
							<String ID="string_104" HPOS="783" VPOS="727" WIDTH="44" HEIGHT="20" WC="0.96" CONTENT="av"/><SP WIDTH="15" VPOS="727" HPOS="827"/>
							<String ID="string_105" HPOS="842" VPOS="719" WIDTH="134" HEIGHT="28" WC="0.93" CONTENT="statens"/><SP WIDTH="15" VPOS="719" HPOS="976"/>
							<String ID="string_106" HPOS="991" VPOS="717" WIDTH="210" HEIGHT="38" WC="0.91" CONTENT="järnvägars"/><SP WIDTH="17" VPOS="717" HPOS="1201"/>
							<String ID="string_107" HPOS="1218" VPOS="718" WIDTH="402" HEIGHT="37" WC="0.91" CONTENT="investeringsprogram"/>
						</TextLine>
						<TextLine ID="line_11" HPOS="110" VPOS="769" WIDTH="1510" HEIGHT="40">
							<String ID="string_108" HPOS="110" VPOS="770" WIDTH="11" HEIGHT="29" WC="0.96" CONTENT="i"/><SP WIDTH="19" VPOS="770" HPOS="121"/>
							<String ID="string_109" HPOS="140" VPOS="769" WIDTH="114" HEIGHT="38" WC="0.96" CONTENT="övrigt"/><SP WIDTH="17" VPOS="769" HPOS="254"/>
							<String ID="string_110" HPOS="271" VPOS="769" WIDTH="152" HEIGHT="31" WC="0.96" CONTENT="behöver"/><SP WIDTH="18" VPOS="769" HPOS="423"/>
							<String ID="string_111" HPOS="441" VPOS="770" WIDTH="72" HEIGHT="30" WC="0.95" CONTENT="ske."/><SP WIDTH="19" VPOS="770" HPOS="513"/>
							<String ID="string_112" HPOS="532" VPOS="771" WIDTH="67" HEIGHT="29" WC="0.96" CONTENT="Det"/><SP WIDTH="18" VPOS="771" HPOS="599"/>
							<String ID="string_113" HPOS="617" VPOS="771" WIDTH="100" HEIGHT="30" WC="0.96" CONTENT="torde"/><SP WIDTH="17" VPOS="771" HPOS="717"/>
							<String ID="string_114" HPOS="734" VPOS="771" WIDTH="121" HEIGHT="30" WC="0.96" CONTENT="vidare"/><SP WIDTH="19" VPOS="771" HPOS="855"/>
							<String ID="string_115" HPOS="874" VPOS="770" WIDTH="36" HEIGHT="31" WC="0.96" CONTENT="få"/><SP WIDTH="20" VPOS="770" HPOS="910"/>
							<String ID="string_116" HPOS="930" VPOS="780" WIDTH="102" HEIGHT="21" WC="0.93" CONTENT="anses"/><SP WIDTH="20" VPOS="780" HPOS="1032"/>
							<String ID="string_117" HPOS="1052" VPOS="771" WIDTH="192" HEIGHT="30" WC="0.90" CONTENT="ankomma"/><SP WIDTH="18" VPOS="771" HPOS="1244"/>
							<String ID="string_118" HPOS="1262" VPOS="771" WIDTH="45" HEIGHT="37" WC="0.92" CONTENT="på"/><SP WIDTH="18" VPOS="771" HPOS="1307"/>
							<String ID="string_119" HPOS="1325" VPOS="770" WIDTH="295" HEIGHT="39" WC="0.89" CONTENT="järnvägsstyrel-"/>
						</TextLine>
						<TextLine ID="line_12" HPOS="111" VPOS="823" WIDTH="1509" HEIGHT="39">
							<String ID="string_120" HPOS="111" VPOS="832" WIDTH="62" HEIGHT="21" WC="0.96" CONTENT="sen"/><SP WIDTH="17" VPOS="832" HPOS="173"/>
							<String ID="string_121" HPOS="190" VPOS="825" WIDTH="51" HEIGHT="28" WC="0.95" CONTENT="att"/><SP WIDTH="15" VPOS="825" HPOS="241"/>
							<String ID="string_122" HPOS="256" VPOS="823" WIDTH="53" HEIGHT="30" WC="0.95" CONTENT="till"/><SP WIDTH="18" VPOS="823" HPOS="309"/>
							<String ID="string_123" HPOS="327" VPOS="823" WIDTH="127" HEIGHT="38" WC="0.95" CONTENT="Kungl."/><SP WIDTH="17" VPOS="823" HPOS="454"/>
							<String ID="string_124" HPOS="471" VPOS="823" WIDTH="112" HEIGHT="38" WC="0.73" CONTENT="Maj:t"/><SP WIDTH="16" VPOS="823" HPOS="583"/>
							<String ID="string_125" HPOS="599" VPOS="824" WIDTH="142" HEIGHT="30" WC="0.96" CONTENT="anmäla"/><SP WIDTH="16" VPOS="824" HPOS="741"/>
							<String ID="string_126" HPOS="757" VPOS="825" WIDTH="57" HEIGHT="29" WC="0.93" CONTENT="det"/><SP WIDTH="17" VPOS="825" HPOS="814"/>
							<String ID="string_127" HPOS="831" VPOS="824" WIDTH="364" HEIGHT="38" WC="0.92" CONTENT="avskrivningsbehov"/><SP WIDTH="15" VPOS="824" HPOS="1195"/>
							<String ID="string_128" HPOS="1210" VPOS="833" WIDTH="76" HEIGHT="22" WC="0.96" CONTENT="som"/><SP WIDTH="17" VPOS="833" HPOS="1286"/>
							<String ID="string_129" HPOS="1303" VPOS="825" WIDTH="10" HEIGHT="29" WC="0.96" CONTENT="i"/><SP WIDTH="17" VPOS="825" HPOS="1313"/>
							<String ID="string_130" HPOS="1330" VPOS="825" WIDTH="96" HEIGHT="29" WC="0.93" CONTENT="detta"/><SP WIDTH="17" VPOS="825" HPOS="1426"/>
							<String ID="string_131" HPOS="1443" VPOS="834" WIDTH="177" HEIGHT="21" WC="0.92" CONTENT="samman-"/>
						</TextLine>
						<TextLine ID="line_13" HPOS="111" VPOS="876" WIDTH="437" HEIGHT="38">
							<String ID="string_132" HPOS="111" VPOS="876" WIDTH="95" HEIGHT="38" WC="0.96" CONTENT="hang"/><SP WIDTH="19" VPOS="876" HPOS="206"/>
							<String ID="string_133" HPOS="225" VPOS="876" WIDTH="57" HEIGHT="31" WC="0.96" CONTENT="må"/><SP WIDTH="20" VPOS="876" HPOS="282"/>
							<String ID="string_134" HPOS="302" VPOS="877" WIDTH="246" HEIGHT="30" WC="0.96" CONTENT="aktualiseras."/>
						</TextLine>
					</TextBlock>
					<TextBlock ID="block_2" HPOS="110" VPOS="929" WIDTH="1510" HEIGHT="93">
						<TextLine ID="line_14" HPOS="155" VPOS="929" WIDTH="1465" HEIGHT="40">
							<String ID="string_135" HPOS="155" VPOS="929" WIDTH="181" HEIGHT="31" WC="0.96" CONTENT="Utskottet"/><SP WIDTH="24" VPOS="929" HPOS="336"/>
							<String ID="string_136" HPOS="360" VPOS="931" WIDTH="132" HEIGHT="29" WC="0.96" CONTENT="önskar"/><SP WIDTH="25" VPOS="931" HPOS="492"/>
							<String ID="string_137" HPOS="517" VPOS="931" WIDTH="167" HEIGHT="37" WC="0.96" CONTENT="slutligen"/><SP WIDTH="25" VPOS="931" HPOS="684"/>
							<String ID="string_138" HPOS="709" VPOS="931" WIDTH="238" HEIGHT="37" WC="0.93" CONTENT="understryka"/><SP WIDTH="26" VPOS="931" HPOS="947"/>
							<String ID="string_139" HPOS="973" VPOS="931" WIDTH="299" HEIGHT="38" WC="0.92" CONTENT="angelägenheten"/><SP WIDTH="27" VPOS="931" HPOS="1272"/>
							<String ID="string_140" HPOS="1299" VPOS="941" WIDTH="43" HEIGHT="21" WC="0.96" CONTENT="av"/><SP WIDTH="25" VPOS="941" HPOS="1342"/>
							<String ID="string_141" HPOS="1367" VPOS="933" WIDTH="52" HEIGHT="28" WC="0.93" CONTENT="att"/><SP WIDTH="25" VPOS="933" HPOS="1419"/>
							<String ID="string_142" HPOS="1444" VPOS="931" WIDTH="176" HEIGHT="30" WC="0.93" CONTENT="markfrå-"/>
						</TextLine>
						<TextLine ID="line_15" HPOS="110" VPOS="984" WIDTH="1092" HEIGHT="38">
							<String ID="string_143" HPOS="110" VPOS="991" WIDTH="111" HEIGHT="29" WC="0.91" CONTENT="gorna"/><SP WIDTH="19" VPOS="991" HPOS="221"/>
							<String ID="string_144" HPOS="240" VPOS="985" WIDTH="142" HEIGHT="29" WC="0.93" CONTENT="snarast"/><SP WIDTH="18" VPOS="985" HPOS="382"/>
							<String ID="string_145" HPOS="400" VPOS="984" WIDTH="143" HEIGHT="37" WC="0.91" CONTENT="bringas"/><SP WIDTH="21" VPOS="984" HPOS="543"/>
							<String ID="string_146" HPOS="564" VPOS="985" WIDTH="53" HEIGHT="29" WC="0.96" CONTENT="till"/><SP WIDTH="21" VPOS="985" HPOS="617"/>
							<String ID="string_147" HPOS="638" VPOS="994" WIDTH="43" HEIGHT="20" WC="0.93" CONTENT="en"/><SP WIDTH="20" VPOS="994" HPOS="681"/>
							<String ID="string_148" HPOS="701" VPOS="984" WIDTH="330" HEIGHT="31" WC="0.91" CONTENT="tillfredsställande"/><SP WIDTH="21" VPOS="984" HPOS="1031"/>
							<String ID="string_149" HPOS="1052" VPOS="985" WIDTH="150" HEIGHT="37" WC="0.95" CONTENT="lösning."/>
						</TextLine>
					</TextBlock>
					<TextBlock ID="block_3" HPOS="154" VPOS="1036" WIDTH="1158" HEIGHT="39">
						<TextLine ID="line_16" HPOS="154" VPOS="1036" WIDTH="1158" HEIGHT="39">
							<String ID="string_150" HPOS="154" VPOS="1036" WIDTH="119" HEIGHT="31" WC="0.96" CONTENT="Under"/><SP WIDTH="18" VPOS="1036" HPOS="273"/>
							<String ID="string_151" HPOS="291" VPOS="1036" WIDTH="222" HEIGHT="39" WC="0.96" CONTENT="åberopande"/><SP WIDTH="19" VPOS="1036" HPOS="513"/>
							<String ID="string_152" HPOS="532" VPOS="1047" WIDTH="43" HEIGHT="20" WC="0.96" CONTENT="av"/><SP WIDTH="17" VPOS="1047" HPOS="575"/>
							<String ID="string_153" HPOS="592" VPOS="1038" WIDTH="59" HEIGHT="30" WC="0.96" CONTENT="det"/><SP WIDTH="17" VPOS="1038" HPOS="651"/>
							<String ID="string_154" HPOS="668" VPOS="1047" WIDTH="48" HEIGHT="20" WC="0.96" CONTENT="nu"/><SP WIDTH="19" VPOS="1047" HPOS="716"/>
							<String ID="string_155" HPOS="735" VPOS="1037" WIDTH="151" HEIGHT="31" WC="0.96" CONTENT="anförda"/><SP WIDTH="17" VPOS="1037" HPOS="886"/>
							<String ID="string_156" HPOS="903" VPOS="1038" WIDTH="206" HEIGHT="30" WC="0.96" CONTENT="hemställer"/><SP WIDTH="19" VPOS="1038" HPOS="1109"/>
							<String ID="string_157" HPOS="1128" VPOS="1038" WIDTH="184" HEIGHT="35" WC="0.96" CONTENT="utskottet,"/>
						</TextLine>
					</TextBlock>
					<TextBlock ID="block_4" HPOS="434" VPOS="1091" WIDTH="1185" HEIGHT="88">
						<TextLine ID="line_17" HPOS="479" VPOS="1091" WIDTH="1140" HEIGHT="38">
							<String ID="string_158" HPOS="479" VPOS="1092" WIDTH="52" HEIGHT="28" WC="0.96" CONTENT="att"/><SP WIDTH="25" VPOS="1092" HPOS="531"/>
							<String ID="string_159" HPOS="556" VPOS="1091" WIDTH="189" HEIGHT="37" WC="0.96" CONTENT="riksdagen"/><SP WIDTH="25" VPOS="1091" HPOS="745"/>
							<String ID="string_160" HPOS="770" VPOS="1091" WIDTH="69" HEIGHT="34" WC="0.96" CONTENT="må,"/><SP WIDTH="26" VPOS="1091" HPOS="839"/>
							<String ID="string_161" HPOS="865" VPOS="1092" WIDTH="11" HEIGHT="29" WC="0.96" CONTENT="i"/><SP WIDTH="26" VPOS="1092" HPOS="876"/>
							<String ID="string_162" HPOS="902" VPOS="1092" WIDTH="191" HEIGHT="37" WC="0.96" CONTENT="anledning"/><SP WIDTH="26" VPOS="1092" HPOS="1093"/>
							<String ID="string_163" HPOS="1119" VPOS="1100" WIDTH="43" HEIGHT="21" WC="0.96" CONTENT="av"/><SP WIDTH="25" VPOS="1100" HPOS="1162"/>
							<String ID="string_164" HPOS="1187" VPOS="1091" WIDTH="223" HEIGHT="30" WC="0.96" CONTENT="motionerna"/><SP WIDTH="26" VPOS="1091" HPOS="1410"/>
							<String ID="string_165" HPOS="1436" VPOS="1091" WIDTH="31" HEIGHT="30" WC="0.45" CONTENT="I:"/><SP WIDTH="19" VPOS="1091" HPOS="1467"/>
							<String ID="string_166" HPOS="1486" VPOS="1091" WIDTH="40" HEIGHT="30" WC="0.45" CONTENT="60"/><SP WIDTH="27" VPOS="1091" HPOS="1526"/>
							<String ID="string_167" HPOS="1553" VPOS="1092" WIDTH="66" HEIGHT="29" WC="0.97" CONTENT="och"/>
						</TextLine>
						<TextLine ID="line_18" HPOS="434" VPOS="1143" WIDTH="119" HEIGHT="36">
							<String ID="string_168" HPOS="434" VPOS="1144" WIDTH="47" HEIGHT="29" WC="0.80" CONTENT="II:"/><SP WIDTH="19" VPOS="1144" HPOS="481"/>
							<String ID="string_169" HPOS="500" VPOS="1143" WIDTH="53" HEIGHT="36" WC="0.94" CONTENT="87,"/>
						</TextLine>
					</TextBlock>
					<TextBlock ID="block_5" HPOS="432" VPOS="1198" WIDTH="1188" HEIGHT="198">
						<TextLine ID="line_19" HPOS="478" VPOS="1198" WIDTH="1142" HEIGHT="38">
							<String ID="string_170" HPOS="478" VPOS="1198" WIDTH="35" HEIGHT="34" WC="0.95" CONTENT="a)"/><SP WIDTH="28" VPOS="1198" HPOS="513"/>
							<String ID="string_171" HPOS="541" VPOS="1198" WIDTH="150" HEIGHT="34" WC="0.96" CONTENT="besluta,"/><SP WIDTH="23" VPOS="1198" HPOS="691"/>
							<String ID="string_172" HPOS="714" VPOS="1200" WIDTH="51" HEIGHT="28" WC="0.96" CONTENT="att"/><SP WIDTH="21" VPOS="1200" HPOS="765"/>
							<String ID="string_173" HPOS="786" VPOS="1198" WIDTH="269" HEIGHT="37" WC="0.95" CONTENT="ombyggnaden"/><SP WIDTH="22" VPOS="1198" HPOS="1055"/>
							<String ID="string_174" HPOS="1077" VPOS="1198" WIDTH="53" HEIGHT="30" WC="0.96" CONTENT="till"/><SP WIDTH="22" VPOS="1198" HPOS="1130"/>
							<String ID="string_175" HPOS="1152" VPOS="1198" WIDTH="225" HEIGHT="38" WC="0.96" CONTENT="normalspår"/><SP WIDTH="23" VPOS="1198" HPOS="1377"/>
							<String ID="string_176" HPOS="1400" VPOS="1207" WIDTH="43" HEIGHT="21" WC="0.96" CONTENT="av"/><SP WIDTH="22" VPOS="1207" HPOS="1443"/>
							<String ID="string_177" HPOS="1465" VPOS="1198" WIDTH="155" HEIGHT="37" WC="0.95" CONTENT="linjerna"/>
						</TextLine>
						<TextLine ID="line_20" HPOS="433" VPOS="1250" WIDTH="1186" HEIGHT="36">
							<String ID="string_178" HPOS="433" VPOS="1250" WIDTH="518" HEIGHT="36" WC="0.58" CONTENT="Karlskrona—Kristianstad,"/><SP WIDTH="22" VPOS="1250" HPOS="951"/>
							<String ID="string_179" HPOS="973" VPOS="1251" WIDTH="434" HEIGHT="31" WC="0.39" CONTENT="Karlshamn—Vislanda"/><SP WIDTH="21" VPOS="1251" HPOS="1407"/>
							<String ID="string_180" HPOS="1428" VPOS="1252" WIDTH="66" HEIGHT="30" WC="0.93" CONTENT="och"/><SP WIDTH="20" VPOS="1252" HPOS="1494"/>
							<String ID="string_181" HPOS="1514" VPOS="1252" WIDTH="105" HEIGHT="30" WC="0.91" CONTENT="Bred-"/>
						</TextLine>
						<TextLine ID="line_21" HPOS="432" VPOS="1304" WIDTH="1186" HEIGHT="39">
							<String ID="string_182" HPOS="432" VPOS="1304" WIDTH="250" HEIGHT="37" WC="0.84" CONTENT="åkra—Växjö"/><SP WIDTH="18" VPOS="1304" HPOS="682"/>
							<String ID="string_183" HPOS="700" VPOS="1305" WIDTH="90" HEIGHT="30" WC="0.95" CONTENT="skall"/><SP WIDTH="17" VPOS="1305" HPOS="790"/>
							<String ID="string_184" HPOS="807" VPOS="1306" WIDTH="174" HEIGHT="37" WC="0.95" CONTENT="upptagas"/><SP WIDTH="17" VPOS="1306" HPOS="981"/>
							<String ID="string_185" HPOS="998" VPOS="1305" WIDTH="45" HEIGHT="37" WC="0.96" CONTENT="på"/><SP WIDTH="18" VPOS="1305" HPOS="1043"/>
							<String ID="string_186" HPOS="1061" VPOS="1306" WIDTH="135" HEIGHT="29" WC="0.93" CONTENT="statens"/><SP WIDTH="17" VPOS="1306" HPOS="1196"/>
							<String ID="string_187" HPOS="1213" VPOS="1304" WIDTH="210" HEIGHT="38" WC="0.91" CONTENT="järnvägars"/><SP WIDTH="17" VPOS="1304" HPOS="1423"/>
							<String ID="string_188" HPOS="1440" VPOS="1305" WIDTH="178" HEIGHT="30" WC="0.96" CONTENT="ordinarie"/>
						</TextLine>
						<TextLine ID="line_22" HPOS="432" VPOS="1357" WIDTH="418" HEIGHT="39">
							<String ID="string_189" HPOS="432" VPOS="1357" WIDTH="418" HEIGHT="39" WC="0.90" CONTENT="investeringsprogram;"/>
						</TextLine>
					</TextBlock>
					<TextBlock ID="block_6" HPOS="432" VPOS="1410" WIDTH="1186" HEIGHT="145">
						<TextLine ID="line_23" HPOS="476" VPOS="1410" WIDTH="1142" HEIGHT="38">
							<String ID="string_190" HPOS="476" VPOS="1410" WIDTH="38" HEIGHT="35" WC="0.88" CONTENT="b)"/><SP WIDTH="30" VPOS="1410" HPOS="514"/>
							<String ID="string_191" HPOS="544" VPOS="1411" WIDTH="212" HEIGHT="37" WC="0.96" CONTENT="bemyndiga"/><SP WIDTH="26" VPOS="1411" HPOS="756"/>
							<String ID="string_192" HPOS="782" VPOS="1411" WIDTH="127" HEIGHT="37" WC="0.94" CONTENT="Kungl."/><SP WIDTH="26" VPOS="1411" HPOS="909"/>
							<String ID="string_193" HPOS="935" VPOS="1410" WIDTH="113" HEIGHT="38" WC="0.96" CONTENT="Maj:t"/><SP WIDTH="27" VPOS="1410" HPOS="1048"/>
							<String ID="string_194" HPOS="1075" VPOS="1413" WIDTH="52" HEIGHT="28" WC="0.96" CONTENT="att"/><SP WIDTH="26" VPOS="1413" HPOS="1127"/>
							<String ID="string_195" HPOS="1153" VPOS="1411" WIDTH="56" HEIGHT="30" WC="0.96" CONTENT="för"/><SP WIDTH="25" VPOS="1411" HPOS="1209"/>
							<String ID="string_196" HPOS="1234" VPOS="1412" WIDTH="96" HEIGHT="29" WC="0.96" CONTENT="detta"/><SP WIDTH="28" VPOS="1412" HPOS="1330"/>
							<String ID="string_197" HPOS="1358" VPOS="1411" WIDTH="164" HEIGHT="30" WC="0.93" CONTENT="ändamål"/><SP WIDTH="27" VPOS="1411" HPOS="1522"/>
							<String ID="string_198" HPOS="1549" VPOS="1412" WIDTH="69" HEIGHT="29" WC="0.92" CONTENT="till-"/>
						</TextLine>
						<TextLine ID="line_24" HPOS="432" VPOS="1464" WIDTH="1186" HEIGHT="37">
							<String ID="string_199" HPOS="432" VPOS="1464" WIDTH="115" HEIGHT="37" WC="0.92" CONTENT="fälligt"/><SP WIDTH="18" VPOS="1464" HPOS="547"/>
							<String ID="string_200" HPOS="565" VPOS="1464" WIDTH="114" HEIGHT="29" WC="0.96" CONTENT="under"/><SP WIDTH="17" VPOS="1464" HPOS="679"/>
							<String ID="string_201" HPOS="696" VPOS="1464" WIDTH="207" HEIGHT="37" WC="0.93" CONTENT="budgetåret"/><SP WIDTH="20" VPOS="1464" HPOS="903"/>
							<String ID="string_202" HPOS="923" VPOS="1464" WIDTH="152" HEIGHT="35" WC="0.91" CONTENT="1952/53"/><SP WIDTH="19" VPOS="1464" HPOS="1075"/>
							<String ID="string_203" HPOS="1094" VPOS="1466" WIDTH="82" HEIGHT="35" WC="0.96" CONTENT="taga"/><SP WIDTH="18" VPOS="1466" HPOS="1176"/>
							<String ID="string_204" HPOS="1194" VPOS="1465" WIDTH="11" HEIGHT="29" WC="0.96" CONTENT="i"/><SP WIDTH="19" VPOS="1465" HPOS="1205"/>
							<String ID="string_205" HPOS="1224" VPOS="1464" WIDTH="156" HEIGHT="37" WC="0.96" CONTENT="anspråk"/><SP WIDTH="18" VPOS="1464" HPOS="1380"/>
							<String ID="string_206" HPOS="1398" VPOS="1465" WIDTH="124" HEIGHT="33" WC="0.96" CONTENT="medel,"/><SP WIDTH="20" VPOS="1465" HPOS="1522"/>
							<String ID="string_207" HPOS="1542" VPOS="1474" WIDTH="76" HEIGHT="20" WC="0.96" CONTENT="som"/>
						</TextLine>
						<TextLine ID="line_25" HPOS="434" VPOS="1517" WIDTH="1183" HEIGHT="38">
							<String ID="string_208" HPOS="434" VPOS="1517" WIDTH="157" HEIGHT="30" WC="0.92" CONTENT="anvisats"/><SP WIDTH="22" VPOS="1517" HPOS="591"/>
							<String ID="string_209" HPOS="613" VPOS="1517" WIDTH="56" HEIGHT="30" WC="0.96" CONTENT="för"/><SP WIDTH="21" VPOS="1517" HPOS="669"/>
							<String ID="string_210" HPOS="690" VPOS="1518" WIDTH="111" HEIGHT="29" WC="0.96" CONTENT="andra"/><SP WIDTH="20" VPOS="1518" HPOS="801"/>
							<String ID="string_211" HPOS="821" VPOS="1517" WIDTH="257" HEIGHT="38" WC="0.96" CONTENT="investeringar"/><SP WIDTH="21" VPOS="1517" HPOS="1078"/>
							<String ID="string_212" HPOS="1099" VPOS="1518" WIDTH="12" HEIGHT="29" WC="0.96" CONTENT="i"/><SP WIDTH="21" VPOS="1518" HPOS="1111"/>
							<String ID="string_213" HPOS="1132" VPOS="1519" WIDTH="134" HEIGHT="29" WC="0.93" CONTENT="statens"/><SP WIDTH="22" VPOS="1519" HPOS="1266"/>
							<String ID="string_214" HPOS="1288" VPOS="1517" WIDTH="209" HEIGHT="38" WC="0.91" CONTENT="järnvägars"/><SP WIDTH="23" VPOS="1517" HPOS="1497"/>
							<String ID="string_215" HPOS="1520" VPOS="1517" WIDTH="97" HEIGHT="31" WC="0.96" CONTENT="fond."/>
						</TextLine>
					</TextBlock>
				</ComposedBlock>
				<ComposedBlock ID="cblock_2" HPOS="154" VPOS="1622" WIDTH="557" HEIGHT="38">
					<TextBlock ID="block_7" HPOS="154" VPOS="1622" WIDTH="557" HEIGHT="38">
						<TextLine ID="line_26" HPOS="154" VPOS="1622" WIDTH="557" HEIGHT="38">
							<String ID="string_216" HPOS="154" VPOS="1622" WIDTH="206" HEIGHT="31" WC="0.96" CONTENT="Stockholm"/><SP WIDTH="18" VPOS="1622" HPOS="360"/>
							<String ID="string_217" HPOS="378" VPOS="1623" WIDTH="67" HEIGHT="29" WC="0.96" CONTENT="den"/><SP WIDTH="19" VPOS="1623" HPOS="445"/>
							<String ID="string_218" HPOS="464" VPOS="1622" WIDTH="40" HEIGHT="31" WC="0.96" CONTENT="16"/><SP WIDTH="17" VPOS="1622" HPOS="504"/>
							<String ID="string_219" HPOS="521" VPOS="1622" WIDTH="72" HEIGHT="38" WC="0.96" CONTENT="maj"/><SP WIDTH="22" VPOS="1622" HPOS="593"/>
							<String ID="string_220" HPOS="615" VPOS="1623" WIDTH="96" HEIGHT="30" WC="0.89" CONTENT="1952."/>
						</TextLine>
					</TextBlock>
				</ComposedBlock>
				<ComposedBlock ID="cblock_3" HPOS="601" VPOS="1730" WIDTH="517" HEIGHT="38">
					<TextBlock ID="block_8" HPOS="601" VPOS="1730" WIDTH="517" HEIGHT="38">
						<TextLine ID="line_27" HPOS="601" VPOS="1730" WIDTH="517" HEIGHT="38">
							<String ID="string_221" HPOS="601" VPOS="1730" WIDTH="48" HEIGHT="30" WC="0.93" CONTENT="På"/><SP WIDTH="18" VPOS="1730" HPOS="649"/>
							<String ID="string_222" HPOS="667" VPOS="1731" WIDTH="283" HEIGHT="30" WC="0.91" CONTENT="statsutskottets"/><SP WIDTH="18" VPOS="1731" HPOS="950"/>
							<String ID="string_223" HPOS="968" VPOS="1731" WIDTH="150" HEIGHT="37" WC="0.95" CONTENT="vägnar:"/>
						</TextLine>
					</TextBlock>
				</ComposedBlock>
				<ComposedBlock ID="cblock_4" HPOS="639" VPOS="1810" WIDTH="444" HEIGHT="30">
					<TextBlock ID="block_9" HPOS="639" VPOS="1810" WIDTH="444" HEIGHT="30">
						<TextLine ID="line_28" HPOS="639" VPOS="1810" WIDTH="444" HEIGHT="30">
							<String ID="string_224" HPOS="639" VPOS="1810" WIDTH="174" HEIGHT="29" WC="0.96" CONTENT="MARTIN"/><SP WIDTH="20" VPOS="1810" HPOS="813"/>
							<String ID="string_225" HPOS="833" VPOS="1810" WIDTH="250" HEIGHT="30" WC="0.96" CONTENT="SKOGLUND."/>
						</TextLine>
					</TextBlock>
				</ComposedBlock>
			</PrintSpace>
		</Page>
	</Layout>
</alto>
