1884 2792
252 151 39 29 28
649 160 122 32 Första
794 162 238 36 lagutskottets
1055 166 175 32 utlåtande
1252 179 40 21 nr
1310 168 50 31 34.

435 235 144 41 (Kungl.
602 238 126 40 Maj:ts
749 240 160 41 förslag.)
1222 246 213 35 (Utskottets
1457 250 160 41 förslag.)

971 327 19 29 6
1015 328 27 36 8.

297 368 125 31 Rätten
450 370 89 30 skall
560 373 118 39 pröva,
701 374 174 32 huruvida
899 377 212 40 adoptionen
1134 379 188 41 lämpligen
1346 383 60 30 må
1428 384 64 39 äga
1518 393 88 22 rum.
1631 386 41 39 Ej
1698 387 59 30 må

252 410 157 31 tillstånd
436 413 106 38 givas,
568 415 79 30 med
675 416 137 32 mindre
839 419 212 39 adoptionen
1077 421 117 31 finnes
1220 423 103 31 lända
1352 425 53 29 till
1433 433 89 32 gagn
1550 427 55 30 för
1631 428 125 31 barnet

252 455 89 27 samt
359 454 182 31 sökanden
559 457 200 39 uppfostrat
779 459 122 32 barnet
921 461 84 30 eller
1024 462 57 30 vill
1100 464 186 40 uppfostra
1304 466 56 30 det
1381 467 84 30 eller
1483 468 100 40 eljest
1604 471 149 30 särskild

250 494 188 41 anledning
460 497 39 30 är
520 498 52 29 till
593 499 222 40 adoptionen.

294 537 251 41 Ansökningen
563 541 58 30 må
640 542 31 38 ej
695 542 150 36 bifallas,
865 554 57 20 om
942 546 21 30 å
983 546 199 39 någondera
1202 549 99 31 sidan
1323 551 162 41 vederlag
1504 554 37 29 är
1561 554 89 38 givet
1671 555 84 30 eller

249 579 120 35 utfäst,
388 580 31 39 ej
442 581 109 31 heller
567 592 57 20 om
640 583 123 41 bidrag
780 586 51 29 till
850 586 143 32 barnets
1011 589 183 31 underhåll
1215 592 39 29 är
1275 593 140 35 avtalat,
1433 595 80 29 med
1530 596 136 30 mindre
1684 598 71 29 frå-

250 629 43 31 ga
309 623 37 29 är
364 632 56 21 om
439 624 122 41 bidrag
578 627 78 29 med
674 627 86 30 visst
779 628 123 41 belopp
921 639 43 21 en
984 631 88 40 gång
1091 632 55 30 för
1167 633 69 30 alla
1254 635 64 29 och
1336 635 161 41 beloppet
1515 637 164 32 inbetalts
1698 639 53 30 till

249 664 394 33 barnavårdsnämnden
675 669 10 29 i
717 670 67 30 den
812 670 222 42 församling,
1065 674 63 29 där
1159 675 213 40 adoptanten
1402 679 42 28 är
1476 679 275 39 kyrkobokförd,

247 705 82 30 eller
345 706 52 29 till
415 708 177 30 nämnden
611 710 177 31 utfärdats
807 712 213 32 förbindelse
1036 715 19 30 å
1072 715 171 41 beloppet,
1262 718 116 30 vilken
1395 719 100 31 blivit
1512 730 42 21 av
1572 722 180 31 sökanden

246 747 65 29 och
328 749 179 30 nämnden
528 752 171 38 godkänd.
719 753 68 30 För
804 754 135 41 belopp,
961 765 74 21 som
1054 757 164 32 inbetalts
1238 760 51 29 till
1308 761 189 36 nämnden,
1520 763 87 30 skall
1627 772 125 31 genom

245 789 78 30 dess
347 790 139 41 försorg
509 792 63 31 hos
593 794 474 42 riksförsäkringsanstalten
1087 800 83 30 eller
1193 803 141 29 svenskt
1356 804 325 42 försäkringsbolag
1700 807 53 30 in-

245 831 109 40 köpas
373 842 43 20 en
437 834 89 30 efter
546 836 450 42 underhållsskyldigheten
1015 841 140 41 lämpad
1175 843 151 32 livränta
1347 845 35 30 åt
1402 846 133 35 barnet,
1555 848 63 30 där
1637 849 31 39 ej
1693 858 60 21 en-

245 873 62 40 ligt
331 875 128 30 avtalet
485 877 124 30 hinder
634 880 113 29 möter
772 880 82 30 eller
879 883 179 29 nämnden
1083 884 117 31 finner
1228 888 50 28 att
1303 887 160 41 beloppet
1488 890 58 29 må
1571 891 45 39 på
1641 894 110 27 annat

244 915 157 41 lämpligt
424 919 69 29 sätt
513 921 178 30 användas
716 921 55 30 för
793 922 142 32 barnets
958 925 194 32 underhåll.

288 958 99 30 Avtal
407 969 58 20 om
482 962 160 40 vederlag
659 963 84 30 eller
761 965 195 36 underhåll,
976 976 73 20 som
1067 968 76 31 bort
1163 970 182 32 föranleda
1363 973 119 40 avslag
1500 974 20 30 å
1538 976 213 39 ansökning-

243 1008 42 21 en
305 1001 116 31 därest
441 1003 128 31 avtalet
587 1005 89 30 varit
697 1006 56 30 för
771 1008 113 29 rätten
905 1009 161 39 kunnigt,
1088 1020 91 26 vare,
1201 1013 86 29 även
1306 1023 57 20 om
1383 1016 243 40 ansökningen
1647 1018 103 30 bifal-

242 1042 60 34 les,
326 1045 85 28 utan
436 1045 143 30 verkan.

960 1109 70 37 78.

286 1151 146 32 Barnets
461 1155 158 39 rättsliga
646 1157 167 40 ställning
837 1159 53 29 till
917 1160 223 32 föräldrarna
1167 1164 104 30 röner
1295 1164 31 41 ej
1359 1175 120 22 annan
1508 1168 170 31 inverkan
1705 1179 43 21 av

241 1193 211 40 adoptionen
470 1197 46 28 än
535 1206 73 21 som
627 1198 106 40 följer
751 1210 42 20 av
811 1202 65 29 vad
894 1202 11 29 i
926 1202 19 29 6
966 1203 64 29 och
1051 1203 16 30 7
1086 1204 79 41 kap.
1186 1207 78 38 sägs
1285 1216 56 21 om
1360 1208 159 32 vårdnad
1538 1211 63 29 och
1620 1213 127 29 under-

239 1235 72 30 håll
335 1236 82 30 eller
439 1238 102 39 eljest
566 1239 11 30 i
604 1240 55 39 lag
681 1242 142 30 särskilt
848 1244 151 39 stadgas.

957 1336 71 38 88.

283 1378 128 31 Finnes
439 1381 266 40 adoptivbarnet
733 1384 70 31 lida
832 1395 42 21 av
912 1387 242 37 sinnesslöhet,
1187 1394 108 27 annat
1338 1393 94 30 svårt
1472 1394 149 41 själsligt
1661 1397 84 30 eller

236 1420 196 41 kroppsligt
450 1423 69 39 lyte
540 1424 81 30 eller
639 1426 181 31 svårartad
840 1428 178 39 sjukdom,
1038 1439 73 21 som
1128 1432 72 30 kan
1220 1436 143 37 antagas
1381 1436 147 31 härröra
1548 1438 79 30 från
1647 1439 96 30 tiden

237 1462 74 30 före
335 1464 222 39 adoptionen,
580 1469 86 28 utan
689 1470 51 28 att
766 1470 215 40 adoptanten
1005 1472 44 30 då
1072 1474 84 38 ägde
1180 1476 145 40 vetskap
1350 1478 134 35 därom,
1507 1481 104 30 varde
1638 1482 106 39 adop-

236 1504 289 34 tivförhållandet
554 1508 93 36 hävt,
675 1510 148 31 såframt
852 1513 159 30 ansökan
1041 1515 97 38 göres
1166 1526 42 21 av
1238 1519 213 39 adoptanten
1481 1521 94 30 inom
1603 1523 71 29 fem
1704 1524 39 30 år

236 1546 80 30 från
340 1548 222 40 adoptionen.

953 1614 19 30 9
994 1614 28 37 8.

278 1656 388 41 Adoptivförhållandet
685 1663 105 29 varde
812 1664 88 29 efter
919 1666 159 29 ansökan
1099 1676 43 21 av
1160 1668 266 40 adoptivbarnet
1446 1671 93 36 hävt,
1559 1682 57 21 om
1635 1675 107 40 adop-

233 1699 121 29 tanten
381 1702 99 37 grovt
507 1701 129 40 förgått
663 1704 52 39 sig
739 1707 73 28 mot
838 1706 124 30 barnet
992 1708 81 30 eller
1098 1709 11 30 i
1134 1711 151 40 märklig
1310 1713 83 30 mån
1419 1714 215 32 försummar
1663 1717 78 31 sina

232 1740 129 39 plikter
382 1745 74 27 mot
480 1744 58 29 det
561 1745 82 29 eller
668 1746 56 30 för
747 1749 48 28 ett
820 1748 147 31 lastbart
990 1750 82 30 eller
1095 1751 176 42 brottsligt
1294 1754 46 31 liv
1365 1758 91 28 samt
1479 1757 94 40 förty
1597 1759 143 31 barnets

232 1782 99 31 bästa
352 1784 162 40 påkallar
537 1788 49 28 att
610 1787 237 34 förhållandet
870 1792 150 39 upphör,
1045 1794 36 29 så
1105 1795 66 29 ock
1197 1804 57 21 om
1281 1797 79 30 dess
1384 1799 228 39 upphörande
1637 1801 102 40 eljest

232 1825 39 29 är
292 1834 42 21 av
355 1827 173 40 väsentlig
548 1829 175 39 betydelse
748 1831 55 30 för
823 1832 134 31 barnet.

275 1867 71 31 Har
368 1869 265 40 adoptivbarnet
657 1875 99 36 grovt
778 1874 129 40 förgått
930 1876 53 39 sig
1003 1879 72 29 mot
1099 1879 213 40 adoptanten
1334 1882 82 30 eller
1437 1883 90 31 hans
1548 1886 190 34 närmaste,

230 1909 83 30 eller
334 1910 54 30 för
408 1912 265 40 adoptivbarnet
696 1917 49 29 ett
766 1916 145 31 lastbart
932 1918 84 30 eller
1037 1920 175 41 brottsligt
1236 1923 56 35 liv,
1314 1924 61 39 äge
1395 1925 214 41 adoptanten
1630 1928 107 31 vinna

231 1952 397 40 adoptivförhållandets
650 1956 170 32 hävande.

937 2019 40 30 10
999 2020 27 37 8.

273 2061 388 42 Adoptivförhållandet
686 2069 105 29 varde
816 2070 74 34 ock,
921 2071 107 30 sedan
1052 2072 122 31 barnet
1200 2074 79 39 fyllt
1303 2075 154 40 tjuguett
1485 2078 48 34 år,
1559 2079 88 30 efter
1674 2090 61 20 an-

232 2105 109 29 sökan
356 2106 94 35 hävt,
471 2107 147 31 såframt
633 2109 215 40 adoptanten
864 2112 67 29 och
950 2113 265 40 adoptivbarnet
1233 2117 61 29 äro
1311 2126 81 22 ense
1411 2118 134 32 därom.
1564 2120 74 30 Den
1660 2130 74 21 som

227 2146 39 29 är
290 2147 180 31 förklarad
493 2151 166 41 omyndig
685 2152 89 30 skall
798 2153 90 31 hava
912 2154 271 41 förmyndarens
1209 2160 176 38 samtycke
1410 2161 54 30 till
1489 2162 244 32 överenskom-

229 2189 141 30 melsen.

935 2248 38 29 11
996 2248 27 37 8.

270 2289 95 31 Hava
389 2292 127 30 makar
541 2294 240 39 adoptivbarn,
803 2297 58 30 må
883 2298 381 40 adoptivförhållandet
1286 2303 30 40 ej
1343 2304 109 31 hävas
1475 2309 107 28 annat
1608 2308 45 29 än
1676 2308 57 31 be-

224 2332 178 30 träffande
425 2334 109 40 bägge
558 2337 181 30 makarna.

269 2374 165 31 Hävande
458 2377 59 30 må
540 2378 59 30 ske
623 2379 108 40 enligt
754 2380 19 30 8
799 2380 27 37 $,
851 2382 121 30 oaktat
999 2393 64 21 ena
1088 2385 128 31 maken
1239 2387 84 39 ägde
1351 2388 109 31 sådan
1483 2391 145 41 vetskap
1654 2401 75 22 som

223 2415 64 31 där
303 2417 87 39 sägs,
408 2421 93 28 samt
517 2420 105 39 enligt
638 2421 19 30 9
676 2421 28 37 8,
722 2423 92 30 ändå
831 2425 50 28 att
898 2425 68 29 den
983 2427 258 40 omständighet
1259 2438 74 21 som
1352 2430 169 41 åberopas
1538 2433 52 30 till
1615 2436 115 37 grund

225 2458 56 30 för
299 2460 174 31 hävandet
494 2463 105 38 gäller
619 2463 87 31 blott
725 2472 65 24 ena
808 2466 144 35 maken;
974 2467 65 30 och
1057 2468 66 35 må,
1143 2469 64 30 där
1226 2472 156 30 ansökan
1402 2473 107 40 enligt
1529 2474 19 30 8
1566 2475 84 30 eller
1670 2476 20 30 9
1712 2477 16 36 8
