1879 2824
414 112 123 37 Tredje
557 110 245 40 lagulskottets
821 105 179 32 utlåtande
1019 114 43 20 nr
1080 104 40 30 48
1140 103 40 30 år
1200 102 82 30 1968
1550 99 41 30 30

736 227 224 34 Motionerna

152 339 13 29 I
180 337 219 31 motionerna
413 337 31 28 I:
460 335 63 30 950
539 344 42 20 av
595 334 121 29 herrar
732 331 127 30 Ernulf
874 330 65 30 och
956 329 171 31 Skårman
1144 327 91 30 samt
1250 325 47 29 II:
1314 324 83 30 1208
1416 332 41 20 av
1473 322 120 29 herrar

107 394 136 39 Nyberg
264 392 65 29 och
349 390 93 30 Tobé
465 389 102 30 anför
588 387 260 30 motionärerna
869 384 53 30 till
945 383 78 30 stöd
1045 382 55 30 för
1123 381 77 30 sina
1220 378 183 41 yrkanden
1427 375 167 38 följande.

152 456 14 29 I
186 454 219 42 proposition
424 462 43 20 nr
488 452 40 30 89
550 450 147 31 föreslås
718 449 45 30 bl.
785 458 30 21 a.
837 449 52 29 att
908 445 244 39 inteckningar
1174 443 56 30 för
1249 440 268 41 nyttjanderätt,
1541 447 55 21 av-

109 501 189 29 komsträtt
317 499 83 30 eller
419 497 146 30 servitut
585 504 74 21 som
678 495 38 29 är
735 493 108 30 minst
862 492 41 30 50
923 492 38 29 år
981 490 115 40 gamla
1115 488 89 31 skall
1224 487 144 30 förfalla
1386 494 57 20 om
1464 484 41 29 de
1525 484 72 29 inte

109 546 155 38 förnyas.
287 544 65 29 Det
374 542 178 30 förefaller
573 540 131 39 rimligt
728 540 48 28 att
799 547 44 21 en
865 536 110 31 sådan
996 533 213 39 utsortering
1231 532 131 30 företas
1385 529 95 31 inför
1503 529 95 29 över-

110 590 135 39 gången
273 589 50 29 till
350 588 89 29 ADB
465 587 59 29 vid
549 582 466 42 fastighetsregistreringen.
1043 580 65 29 Det
1135 577 184 40 föreligger
1347 575 90 30 dock
1464 575 11 29 i
1504 574 95 29 detta

111 634 255 37 sammanhang
392 631 189 30 avsevärda
604 630 112 29 risker
742 628 55 30 för
822 626 257 30 rättsförluster
1105 624 55 29 för
1186 621 170 31 enskilda.
1382 620 42 29 Vi
1451 618 147 31 föreslår

111 679 120 30 därför
254 680 51 27 att
327 686 83 20 man
432 676 131 29 företar
586 683 43 22 en
652 672 217 31 omfattande
892 669 217 42 publicering
1133 677 42 20 av
1199 667 41 30 de
1264 675 69 30 nya
1356 665 168 39 reglerna.
1550 662 49 30 På

110 724 93 29 vissa
223 723 153 40 punkter
396 721 100 40 tycks
516 721 174 38 lagtexten
709 719 72 29 inte
801 726 83 20 vara
904 714 203 39 tillräckligt
1128 711 238 41 genomtänkt.
1387 710 43 29 Vi
1452 707 147 31 föreslår

112 769 121 30 därför
247 768 95 30 vissa
357 765 293 41 förtydliganden.

156 814 14 28 I
189 812 263 41 propositionen
472 809 147 31 föreslås
640 810 50 28 att
710 807 196 30 tidsfristen
927 806 97 29 inom
1042 803 118 30 vilken
1180 799 267 42 ifrågavarande
1468 798 132 30 inteck-

113 858 125 38 ningar
257 857 89 29 skall
364 856 144 39 förnyas
527 854 88 30 skall
635 853 41 40 gå
695 855 38 27 ut
750 853 12 28 i
781 851 179 30 december
982 849 82 30 1970
1084 848 65 29 och
1169 846 102 30 alltså
1290 845 149 30 omfatta
1457 843 59 30 två
1535 843 65 29 och

113 905 49 27 ett
175 902 97 30 halvt
287 901 48 30 år.
352 901 122 29 Denna
490 899 80 30 frist
585 899 70 29 kan
671 897 162 30 förefalla
848 893 234 41 betryggande
1099 901 80 21 men
1196 890 213 40 svårigheter
1426 889 71 29 kan
1514 897 86 30 upp-

114 947 54 31 stå
184 947 55 30 för
255 947 94 29 vissa
365 944 362 39 inteckningshavare.
747 941 148 31 Särskilt
913 940 105 40 gäller
1038 939 94 29 detta
1149 936 244 38 inteckningar
1412 934 55 30 för
1486 934 115 28 rätten

114 995 51 27 att
181 992 62 30 dra
258 991 183 39 ledningar
457 989 65 30 och
537 990 116 37 vägar.
670 983 501 43 äganderättsförhållandena
1187 981 99 30 torde
1303 980 74 29 ofta
1394 979 46 29 ha
1458 977 143 31 ändrats

115 1037 39 30 så
173 1036 140 40 mycket
331 1035 112 30 under
463 1034 42 30 de
525 1042 73 21 mer
619 1033 46 29 än
684 1032 40 30 50
746 1031 38 30 år
805 1039 75 21 som
901 1029 73 40 gått
993 1028 107 30 sedan
1120 1025 248 39 inteckningen
1390 1023 139 40 gjordes
1552 1024 51 27 att

115 1083 57 29 det
192 1083 72 28 kan
282 1090 84 20 vara
386 1082 49 27 ett
455 1079 139 39 mycket
614 1075 249 32 tidskrävande
885 1075 116 29 arbete
1023 1074 49 28 att
1094 1072 127 29 utröna
1242 1071 80 29 över
1343 1070 118 28 vilken
1483 1068 119 38 fastig-

115 1127 60 30 het
191 1126 180 39 stolparna
387 1124 150 30 faktiskt
554 1123 82 30 står.
653 1122 42 30 Vi
712 1120 205 31 förutsätter
935 1121 50 28 att
1002 1117 126 40 Kungl.
1144 1116 107 37 Maj:t
1268 1115 158 29 kommer
1445 1114 51 28 att
1514 1112 89 30 före-

118 1172 52 30 slå
186 1170 225 40 förlängning
428 1178 43 20 av
488 1168 126 30 fristen
631 1176 56 20 om
707 1167 56 29 det
780 1165 93 30 visar
893 1164 50 39 sig
962 1162 230 39 erforderligt.

162 1217 13 29 I
195 1217 14 29 1
232 1216 15 37 8
266 1216 11 30 i
295 1215 66 30 den
379 1214 198 39 föreslagna
595 1213 100 38 lagen
712 1218 104 32 anges
835 1211 50 28 att
903 1218 57 20 om
978 1207 248 38 inteckningen
1244 1204 164 31 besvärar
1427 1203 89 29 flera
1535 1203 69 28 fas-

120 1262 146 39 tigheter
286 1261 66 28 och
373 1260 143 38 förnyas
538 1257 123 31 endast
681 1255 222 31 beträffande
925 1253 115 39 någon
1062 1252 82 30 eller
1166 1250 109 40 några
1297 1259 42 20 av
1361 1249 101 29 dessa
1485 1247 120 38 fastig-

117 1308 107 33 heter,
248 1305 159 31 förfaller
428 1302 248 40 inteckningen
699 1299 222 32 beträffande
945 1298 42 30 de
1011 1297 117 40 övriga
1152 1295 262 40 fastigheterna.
1439 1293 48 30 Ur
1511 1292 95 40 prin-

118 1351 139 40 cipiella
276 1349 218 41 synpunkter
514 1348 107 39 ligger
641 1347 57 29 det
715 1346 157 29 närmast
892 1344 52 29 till
965 1342 113 30 hands
1099 1343 51 28 att
1170 1341 87 29 även
1276 1340 12 29 i
1308 1339 95 30 detta
1424 1338 62 29 fall
1507 1337 99 30 verk-

119 1398 172 38 ningarna
314 1393 222 32 beträffande
560 1390 338 39 inteckningsrätten
922 1388 166 30 inträder.
1114 1387 190 38 Lagtexten
1330 1392 57 31 ger
1414 1383 88 29 dock
1528 1382 79 29 när-

119 1444 92 28 mast
228 1441 59 30 vid
305 1440 141 29 handen
465 1440 50 28 att
533 1437 248 38 inteckningen
802 1434 112 30 skulle
934 1432 142 31 förfalla
1095 1430 222 31 beträffande
1338 1429 41 30 de
1400 1428 118 39 övriga
1538 1427 69 29 fas-

122 1488 194 39 tigheterna
336 1485 58 30 vid
415 1485 67 29 den
503 1483 166 39 tidpunkt
691 1481 66 30 den
779 1480 144 39 förnyas
945 1479 54 29 för
1022 1478 114 38 någon
1157 1476 82 30 eller
1261 1475 108 39 några
1392 1473 215 39 fastigheter.

120 1533 190 38 Lagtexten
329 1531 62 29 bör
410 1530 64 28 här
494 1527 217 40 förtydligas.

166 1578 59 28 Ett
247 1575 143 31 särskilt
412 1574 157 40 problem
593 1572 232 40 uppkommer
849 1570 10 29 i
884 1569 41 30 de
949 1568 62 30 fall
1037 1568 61 29 där
1123 1576 43 20 en
1190 1565 166 39 fastighet
1380 1564 75 29 vari
1477 1562 132 30 inteck-

122 1622 84 39 ning
223 1621 159 38 förnyats
399 1619 67 29 blir
483 1617 147 31 föremål
648 1617 55 29 för
722 1615 150 39 delning.
890 1613 139 40 Tydligt
1048 1613 37 28 är
1104 1613 50 28 att
1172 1609 247 39 inteckningen
1438 1608 63 29 bör
1520 1607 90 39 gälla

123 1668 88 29 även
227 1667 11 28 i
257 1664 149 31 sålunda
423 1662 167 41 nybildad
608 1661 176 39 fastighet.
804 1660 102 29 Detta
925 1657 155 40 framgår
1098 1656 89 30 dock
1206 1655 30 37 ej
1259 1655 93 29 klart
1372 1663 42 20 av
1434 1653 68 29 den
1521 1652 89 30 före-

123 1712 122 38 slagna
265 1711 185 38 lagtexten.
474 1708 58 29 Ett
555 1705 257 41 förtydligande
836 1705 37 28 är
897 1703 177 30 önskvärt.
1098 1702 65 28 Det
1186 1699 98 30 torde
1307 1708 85 20 vara
1415 1697 196 40 uppenbart

124 1758 49 28 att
199 1754 229 31 förevarande
453 1752 189 39 lagförslag
667 1750 146 29 innebär
839 1751 94 27 stora
958 1747 112 29 risker
1097 1746 55 29 för
1178 1744 257 30 rättsförluster
1462 1741 149 30 framför

125 1801 62 29 allt
206 1800 55 29 för
281 1798 160 30 enskilda
461 1805 176 32 personer.
657 1796 65 28 Det
741 1795 38 28 är
800 1793 120 30 därför
941 1790 214 39 nödvändigt
1176 1791 50 28 att
1248 1797 38 31 ge
1308 1787 217 30 omfattande
1548 1785 65 30 och

124 1844 183 39 lättfattlig
326 1842 182 41 publicitet
528 1841 35 30 åt
583 1839 261 41 lagändringen.
865 1837 199 38 Riksdagen
1083 1836 64 29 bör
1167 1834 112 30 uttala
1300 1842 75 20 som
1397 1833 55 29 sin
1472 1831 141 38 mening

126 1892 51 28 att
194 1889 38 30 så
248 1888 89 31 skall
354 1888 71 29 ske.

170 1961 14 29 I
205 1959 220 30 motionerna
446 1958 31 29 I:
493 1957 60 30 951
579 1966 42 20 av
640 1956 122 29 herrar
786 1954 233 39 Sveningsson
1041 1951 65 30 och
1128 1951 138 39 Kaijser
1290 1951 90 28 samt
1401 1949 48 28 II:
1466 1946 82 31 1207
1572 1956 42 20 av

127 2016 57 29 fru
208 2015 226 30 Kristensson
455 2022 46 20 m.
516 2012 37 29 fl.
574 2010 205 30 framhålles
802 2009 51 29 till
878 2007 77 31 stöd
978 2007 54 30 för
1056 2003 359 42 motionsyrkandena
1437 2002 89 29 bl.a.
1552 2000 63 30 föl-

126 2069 118 38 jande.

173 2131 118 39 Enligt
315 2129 158 41 gällande
498 2126 351 40 inskrivningsregler
876 2124 71 30 står
973 2133 43 20 en
1040 2122 204 39 inteckning
1269 2120 55 30 för
1350 2114 266 49 nyttjanderätt,

131 2176 233 30 avkomsträtt
390 2174 82 30 eller
499 2173 146 30 servitut
670 2172 12 29 i
708 2171 91 39 regel
826 2170 86 29 kvar
939 2169 11 29 i
977 2168 211 39 fastigheten
1215 2166 53 29 till
1296 2165 78 29 dess
1402 2164 67 29 den
1498 2163 118 29 dödas.

131 2220 162 40 Dödning
318 2220 70 29 kan
415 2219 60 30 ske
500 2218 85 30 bara
609 2216 45 40 på
678 2216 152 39 begäran
856 2224 42 20 av
922 2212 341 40 rättighetshavaren
1289 2210 83 30 eller
1398 2209 11 29 i
1434 2209 95 29 vissa
1555 2207 62 30 fall

131 2265 326 39 fastighetsägaren.
482 2262 254 29 Förekomsten
762 2269 42 20 av
829 2258 194 30 inaktuella
1049 2256 244 38 inteckningar
1321 2264 41 20 av
1390 2252 229 31 förevarande

132 2311 73 38 slag
225 2310 102 39 utgör
348 2317 42 21 en
410 2306 196 41 betydande
627 2304 197 39 belastning
842 2303 45 40 på
908 2300 374 40 inskrivningsarbetet
1305 2299 64 29 och
1391 2297 136 31 medför
1550 2297 69 29 olä-

132 2355 165 39 genheter
313 2354 87 28 även
414 2353 55 29 för
485 2349 448 41 fastighetsomsättningen
949 2347 66 29 och
1031 2344 312 40 kreditgivningen.
1363 2344 73 28 Den
1455 2342 165 39 föreslag-

133 2409 44 20 na
202 2398 253 38 utrensningen
478 2397 72 28 kan
575 2395 120 30 därför
719 2403 42 20 ur
785 2392 184 41 praktiska
995 2390 218 40 synpunkter
1239 2398 101 20 anses
1367 2387 186 30 önskvärd.

177 2442 184 40 Åtskilliga
375 2440 278 40 betänkligheter
669 2438 81 30 från
765 2436 219 41 principiella
1000 2433 303 41 utgångspunkter
1321 2433 82 29 eller
1421 2431 80 30 från
1518 2432 104 28 rätts-

135 2486 404 40 säkerhetssynpunkter
558 2485 71 28 kan
647 2483 89 29 dock
756 2482 141 29 anföras
918 2482 73 27 mot
1010 2479 176 39 förslaget.
