1883 2830
245 159 42 32 40
554 156 124 38 Tredje
697 154 246 42 lagutskottets
962 151 180 33 utlåtande
1160 160 44 21 nr
1221 151 42 30 48
1282 150 40 31 år
1341 149 84 31 1968

245 239 52 31 vis
325 239 143 31 förfalla
494 236 223 33 beträffande
745 234 214 41 fastigheter,
988 233 95 31 vilka
1112 241 121 22 senare
1261 230 169 31 utbrutits
1459 229 81 30 från
1568 227 164 40 fastighet

248 303 74 22 som
342 294 107 40 enligt
467 292 68 31 vad
554 301 49 21 nu
624 293 93 39 sagts
738 290 150 31 drabbas
908 298 43 21 av
970 286 338 42 förfallopåföljden.

294 348 76 31 Vad
388 348 164 40 slutligen
570 347 106 40 gäller
693 345 57 30 det
767 345 12 30 i
796 345 108 39 bägge
921 343 263 40 motionsparen
1202 339 223 32 framställda
1442 337 217 32 önskemålet
1677 345 56 21 om

251 403 161 40 åtgärder
434 403 54 30 för
509 403 51 29 att
581 400 118 41 sprida
718 399 201 31 kännedom
939 407 57 21 om
1017 397 67 30 den
1104 406 70 30 nya
1193 394 266 41 lagstiftningen
1479 393 64 30 har
1564 387 170 48 utskottet

252 467 90 21 ovan
365 456 195 31 framhållit
583 457 50 28 att
657 464 43 21 en
723 454 97 40 dylik
843 452 230 31 information
1096 451 72 30 kan
1191 450 141 30 minska
1354 448 120 30 risken
1498 447 54 30 för
1575 445 161 31 rättsför-

252 512 120 30 luster.
391 511 178 31 Utskottet
587 510 61 30 vill
667 508 147 40 kraftigt
833 506 236 40 understryka
1088 505 96 30 detta
1202 503 192 31 uttalande.
1414 503 66 29 Det
1500 502 37 29 är
1557 500 107 40 enligt
1684 500 53 29 ut-

255 567 148 30 skottets
419 565 142 40 mening
578 563 222 41 synnerligen
816 562 179 39 angeläget
1013 562 50 29 att
1080 560 68 30 den
1165 559 77 30 fara
1260 567 74 21 som
1352 556 184 39 onekligen
1554 555 183 39 föreligger

255 622 56 29 för
338 622 49 29 att
412 618 418 39 förnyelseskyldigheten
856 617 71 30 inte
954 614 323 39 uppmärksammas
1305 612 67 30 blir
1400 612 11 30 i
1439 611 46 30 all
1512 609 147 31 tänkbar
1686 610 52 28 ut-

257 675 203 39 sträckning
481 672 212 38 undanröjd.
715 672 94 30 Även
830 680 58 21 om
908 670 57 30 det
986 670 72 29 inte
1078 668 99 31 torde
1198 676 84 21 vara
1302 665 193 31 realistiskt
1516 666 50 28 att
1589 664 85 29 söka
1694 662 45 29 nå

255 729 98 41 varje
375 728 315 40 rättighetshavare
716 736 74 21 som
813 725 120 30 berörs
956 734 43 20 av
1020 722 267 41 lagstiftningen
1310 720 79 31 med
1413 729 43 21 en
1479 718 176 41 personlig
1678 726 62 21 un-

257 784 214 33 derrättelse,
491 782 99 31 torde
612 782 89 29 dock
722 781 67 30 den
810 779 168 31 moderna
998 775 420 33 informationstekniken
1440 782 38 31 ge
1501 772 132 31 sådana
1653 771 88 39 möj-

257 839 146 39 ligheter
425 839 50 28 att
496 837 131 30 antalet
649 835 62 30 fall
732 835 63 30 där
815 833 194 39 väsentliga
1029 831 132 32 värden
1182 831 60 39 går
1264 828 176 32 förlorade
1460 828 62 30 bör
1543 828 123 29 kunna
1687 825 55 30 be-

259 893 145 38 gränsas
429 891 53 29 till
508 892 48 27 ett
581 890 197 29 minimum.
805 888 14 29 I
845 887 111 30 första
980 886 96 29 hand
1103 894 102 30 synes
1230 884 189 38 tidningar,
1444 881 208 38 broschyrer
1677 879 66 29 och

260 945 188 31 etermedia
466 945 85 30 böra
569 943 138 31 anlitas.
726 943 50 29 De
794 942 162 29 närmare
975 940 180 30 formerna
1172 937 99 31 torde
1290 937 37 30 få
1346 936 190 30 ankomma
1554 933 44 41 på
1618 932 124 40 Kungl.

260 1000 106 39 Maj:t
385 1001 50 28 att
452 999 205 30 bestämma.
677 997 75 30 Vad
771 996 171 30 utskottet
961 994 117 30 anfört
1097 994 12 29 i
1127 993 115 30 denna
1261 992 55 29 del
1334 991 62 30 bör
1416 998 58 31 ges
1493 989 125 38 Kungl.
1639 987 105 39 Maj:t

259 1054 53 30 till
326 1054 129 30 känna.

305 1108 118 31 Under
436 1106 211 39 hänvisning
660 1105 53 30 till
728 1105 58 30 det
800 1103 149 31 anförda
963 1102 54 31 får
1031 1102 172 30 utskottet
1216 1099 188 31 hemställa

626 1160 39 29 A.
692 1161 50 28 att
767 1158 189 40 riksdagen
981 1156 81 31 med
1087 1156 118 38 avslag
1231 1154 45 40 på
1301 1153 221 30 motionerna
1548 1151 29 30 I:
1593 1150 62 31 950
1683 1149 64 30 och

584 1215 45 30 11:
648 1213 83 31 1208
752 1214 90 29 samt
862 1212 29 30 I:
907 1211 61 31 951
990 1210 66 31 och
1075 1210 46 30 II:
1139 1208 94 35 1207,
1255 1208 103 30 såvitt
1378 1206 76 31 däri
1472 1206 122 40 yrkats
1615 1203 132 31 ändrad

583 1269 139 39 lagtext,
744 1269 142 37 antager
906 1266 58 30 det
982 1265 12 30 i
1011 1263 264 42 propositionen
1295 1260 197 40 framlagda
1511 1259 165 39 förslaget
1695 1257 53 30 till

585 1323 55 39 lag
655 1331 57 21 om
728 1321 175 39 förnyelse
918 1329 42 21 av
973 1319 93 30 vissa
1080 1317 245 39 inteckningar
1341 1315 54 30 för
1411 1313 266 41 nyttjanderätt,
1694 1321 55 20 av-

585 1376 189 29 komsträtt
788 1375 66 29 och
869 1373 160 35 servitut;

627 1430 37 29 B.
689 1431 50 28 att
762 1428 189 39 riksdagen
975 1427 143 39 antager
1143 1425 41 30 de
1207 1424 12 30 i
1243 1422 263 42 propositionen
1530 1420 112 30 under
1668 1418 86 34 2)—-

589 1484 57 34 11)
666 1482 150 40 angivna
829 1481 250 40 lagförslagen;
1097 1480 90 29 samt

632 1537 34 30 C.
691 1538 50 28 att
764 1535 189 39 riksdagen
977 1534 12 30 i
1012 1532 188 40 anledning
1224 1541 43 20 av
1290 1540 89 20 ovan
1403 1528 155 31 nämnda
1581 1527 171 31 motioner

590 1592 93 39 giver
703 1590 127 40 Kungl.
850 1589 106 39 Maj:t
976 1588 53 30 till
1049 1587 120 30 känna
1187 1585 68 31 vad
1275 1585 171 30 utskottet
1467 1582 117 31 anfört
1604 1580 149 31 rörande

589 1644 230 31 information
833 1652 58 21 om
905 1642 67 30 den
986 1651 70 30 nya
1068 1639 277 41 lagstiftningen.

317 1719 200 31 Stockholm
533 1718 66 29 den
614 1717 18 30 9
648 1716 69 40 maj
738 1715 82 31 1968

718 1824 48 29 På
779 1823 113 39 tredje
906 1822 248 39 lagutskottets
1168 1820 147 39 vägnar:

772 1912 107 31 ERIK
904 1909 360 33 ALEXANDERSON

323 2104 65 29 Vid
401 2103 94 30 detta
510 2101 146 31 ärendes
672 2100 212 39 behandling
896 2099 66 30 har
974 2097 174 32 närvarit:

322 2167 80 29 från
440 2166 166 29 första
643 2165 222 28 kammaren:
893 2162 123 30 herrar
1042 2159 262 32 Alexanderson
1337 2157 86 40 (fp),
1452 2156 115 31 Göran
1594 2155 167 29 Karlsson

284 2212 88 35 (s)+,
392 2211 125 30 Svante
534 2209 242 31 Kristiansson
799 2207 89 35 (s)+,
905 2206 87 31 Erik
1008 2206 154 30 Jansson
1185 2203 87 35 (s)+=,
1292 2202 157 30 Åkesson
1473 2201 72 40 (fp)
1568 2200 66 30 och
1652 2200 111 29 Hans-

279 2267 63 20 son
362 2256 70 35 (s);

324 2320 80 30 från
436 2319 153 30 andra
621 2317 216 29 kammaren:
860 2315 122 30 herrar
1002 2311 108 32 Levin
1134 2312 87 35 (s)+,
1241 2311 138 37 Nyberg
1405 2309 85 38 (fp),
1513 2309 57 29 fru
1591 2306 173 32 Torbrink

286 2365 88 35 (s)&,
398 2364 122 30 herrar
545 2362 166 30 Ekström
735 2361 12 30 i
771 2358 173 42 Iggesund
974 2357 65 36 (s),
1064 2357 106 30 From
1201 2355 110 41 (fp)+,
1336 2354 254 39 Hammarberg
1620 2353 49 34 (s)
1699 2352 66 29 och

279 2409 164 32 Josefson
457 2409 12 29 i
482 2408 99 30 Arrie
601 2407 90 40 (cp).

316 2477 13 14 x
350 2476 33 30 Ej
405 2475 173 24 närvarande
592 2474 48 24 vid
653 2472 175 24 utlåtandets
840 2470 145 31 justering.
