1862 2788
448 151 286 31 Statsutskoltets
755 149 178 31 utlåtande
953 158 42 20 nr
1015 148 37 30 41
1075 148 39 30 år
1138 148 82 28 1956
1568 142 18 30 5

125 238 98 29 Efter
248 236 130 40 förslag
405 246 42 20 av
472 236 125 39 Kungl.
623 234 106 40 Maj:t
753 234 10 29 i
791 233 262 41 propositionen
1081 230 179 31 1953:200
1286 228 178 41 angående
1489 228 96 39 flytt-

80 289 84 39 ning
183 297 42 21 av
244 287 221 31 Stockholms
484 286 178 39 örlogsbas
681 285 111 30 beslöt
810 284 189 39 riksdagen
1018 284 51 28 att
1088 281 224 40 örlogsbasen
1333 279 111 31 skulle
1463 278 122 40 flyttas

81 339 53 30 till
159 338 221 31 Stockholms
408 338 102 29 södra
537 336 179 40 skärgård,
743 335 118 31 varvid
888 333 302 40 örlogsstationen,
1219 331 80 29 med
1324 330 179 38 undantag
1531 328 54 30 för

81 391 41 28 de
146 390 95 29 delar
265 398 75 20 som
364 388 86 40 ägde
474 388 114 30 direkt
610 386 221 40 anknytning
854 385 53 29 till
929 385 246 38 örlogsvarvet,
1199 381 113 31 skulle
1335 379 174 41 förläggas
1533 379 53 29 till

81 441 120 39 Berga.
224 439 242 31 Förevarande
488 439 121 38 anslag
631 446 98 21 avses
752 437 54 29 för
830 437 41 29 de
892 434 325 41 byggnadsarbeten
1239 434 44 38 på
1306 432 109 39 Berga
1440 439 74 22 som
1536 439 50 20 er-

82 491 139 31 fordras
240 491 11 28 i
272 490 170 30 samband
462 490 78 29 med
561 488 154 30 nämnda
736 486 219 40 utflyttning.

127 542 65 29 Vid
214 541 164 30 anmälan
401 550 42 20 av
466 539 231 31 förenämnda
718 537 218 41 proposition
958 536 146 30 anförde
1126 532 386 43 departementschefen
1537 533 51 28 att

82 593 57 29 det
158 592 76 30 icke
254 601 61 21 var
335 591 139 39 möjligt
495 592 50 28 alt
564 590 81 39 taga
664 589 166 38 ställning
850 588 53 29 till
924 588 55 29 det
1000 596 42 21 av
1063 584 416 41 örlogsbasutredningen
1498 583 91 30 före-

83 644 121 39 slagna
223 642 460 40 utbyggnadsprogrammet
702 640 54 29 för
775 638 294 39 örlogsstationen
1087 636 58 31 vid
1165 637 120 38 Berga.
1306 635 283 40 Departements-

83 694 125 30 chefen
235 693 201 30 förklarade
462 691 118 30 vidare
607 693 51 27 att
687 699 41 21 en
755 691 148 37 översyn
929 688 106 30 borde
1061 687 176 39 företagas
1266 685 149 30 rörande
1441 684 147 30 behovet

83 754 42 21 av
145 743 344 41 byggnadsåtgärder
511 741 192 36 därstädes,
725 739 121 31 varvid
870 739 269 39 möjligheterna
1162 747 41 21 av
1225 746 43 20 en
1289 735 235 40 begränsning
1546 744 43 20 av

82 794 421 41 byggnadsprogrammet
526 792 106 30 borde
655 791 229 30 undersökas.
910 790 201 30 Sedermera
1134 788 64 30 har
1223 787 125 39 Kungl.
1373 786 106 39 Maj:t
1502 794 87 31 upp-

84 846 115 39 dragit
222 845 35 30 åt
280 842 519 39 fortifikationsförvaltningen
823 842 50 28 att
902 840 5 29 i
933 840 140 30 samråd
1097 839 79 29 med
1200 838 125 30 chefen
1348 837 55 30 för
1429 832 160 48 marinen

84 897 120 29 överse
222 896 147 29 behovet
390 904 41 20 av
450 893 343 40 byggnadsåtgärder
813 892 57 29 vid
891 892 109 38 Berga
1020 890 64 30 och
1105 889 52 30 till
1179 888 126 39 Kungl.
1327 887 106 40 Maj:t
1452 887 136 29 inkom-

85 956 58 20 ma
165 948 79 29 med
267 946 108 30 härav
399 944 167 31 föranlett
590 944 142 39 förslag.

129 998 13 29 I
162 996 204 39 anslutning
386 996 52 29 till
456 995 115 30 beslut
590 1004 42 21 av
651 994 126 39 Kungl.
797 993 106 38 Maj:t
923 993 67 29 den
1012 992 36 29 11
1071 990 195 41 september
1289 990 82 29 1953
1391 991 51 28 att
1460 990 128 29 kasern

85 1049 30 29 II
139 1048 45 40 på
209 1046 278 41 Skeppsholmen
512 1045 73 30 fick
608 1044 163 40 upplåtas
797 1043 52 30 till
872 1042 353 40 byggnadsstyrelsen
1253 1041 54 29 för
1334 1039 255 40 konsthögsko-

86 1099 76 29 lans
191 1098 151 39 räkning
372 1097 64 29 har
466 1097 57 29 det
553 1095 99 30 blivit
683 1094 214 38 nödvändigt
927 1094 60 33 att,
1019 1101 76 21 som
1125 1091 194 39 ersättning
1349 1090 55 30 för
1435 1090 154 30 nämnda

84 1150 139 32 kasern,
243 1148 58 30 vid
322 1148 109 39 Berga
453 1147 151 40 uppföra
624 1146 109 39 några
754 1154 41 21 av
815 1145 41 29 de
876 1144 210 39 byggnader,
1109 1152 76 20 som
1205 1141 384 40 örlogsbasutredning-

84 1209 42 20 en
152 1199 171 30 beräknat
346 1198 227 39 erforderliga
596 1198 11 29 i
633 1196 170 30 samband
827 1195 79 29 med
929 1194 255 39 utflyttningen
1208 1202 42 21 av
1273 1192 233 39 örlogsbasen.
1532 1191 58 31 Så-

85 1251 108 29 lunda
208 1250 64 29 har
290 1249 83 30 1954
390 1249 66 29 och
474 1248 81 30 1955
575 1248 56 29 års
647 1247 183 39 riksdagar
847 1246 111 29 under
974 1244 156 40 anslaget
1148 1244 102 29 Vissa
1265 1242 324 40 byggnadsarbeten

86 1301 56 30 för
167 1300 160 30 marinen
354 1300 138 29 anvisat
517 1298 235 39 sammanlagt
777 1297 18 29 4
811 1296 62 31 200
889 1296 62 30 000
978 1296 130 29 kronor
1135 1295 55 29 för
1217 1294 221 40 uppförande
1465 1302 42 21 av
1532 1292 58 31 två

84 1352 178 33 kaserner,
283 1350 163 40 sjukhus,
468 1348 248 40 skolbyggnad,
736 1347 253 30 värmecentral
1010 1355 45 23 m,
1075 1355 45 20 m.
1139 1346 58 30 vid
1216 1346 119 38 Berga.

130 1404 13 29 I
169 1402 75 30 sina
270 1400 313 31 medelsäskanden
609 1399 55 30 för
690 1400 101 28 nästa
814 1397 169 39 budgetår
1008 1397 157 29 anmäler
1189 1394 401 31 fortifikationsförvalt-

87 1453 129 39 ningen
243 1454 51 28 att
319 1451 125 30 chefen
471 1450 55 30 för
554 1449 161 30 marinen
742 1448 165 39 framlagt
935 1449 48 28 ett
1009 1447 45 39 på
1080 1446 229 39 utredningar
1336 1446 96 29 inom
1460 1445 130 29 marin-

86 1503 185 39 ledningen
295 1502 146 38 grundat
466 1501 129 36 förslag
619 1499 218 30 beträffande
858 1499 66 29 den
947 1498 160 29 fortsatta
1128 1496 242 38 utbyggnaden
1393 1495 59 30 vid
1472 1495 118 37 Berga.

86 1554 246 29 Kostnaderna
372 1552 107 39 enligt
519 1551 166 39 förslaget
713 1549 134 40 uppgår
876 1548 53 30 till
959 1548 234 39 sammanlagt
1224 1546 116 30 13700
1356 1546 62 30 000
1448 1546 141 33 kronor,

87 1604 178 30 fördelade
290 1604 44 39 på
360 1603 56 39 sju
442 1602 48 30 år.
516 1602 66 29 För
605 1601 206 39 budgetåret
837 1599 148 35 1956/57
1012 1598 147 31 föreslås
1185 1600 50 27 att
1262 1596 95 31 2200
1372 1596 63 30 000
1460 1596 130 30 kronor

86 1654 140 30 anvisas
261 1654 54 30 för
350 1653 157 39 följande
540 1651 327 40 byggnadsföretag,
901 1649 178 40 nämligen
1114 1647 363 41 gymnastikbyggnad
1511 1648 79 28 med

88 1705 142 29 simhall
265 1705 120 38 (etapp
420 1703 49 34 1),
503 1701 284 41 proviantförråd
818 1702 90 28 samt
940 1700 242 29 maskinskola
1220 1699 119 39 (etapp
1373 1698 49 33 1).
1454 1698 65 29 Det
1549 1707 42 20 av

87 1755 124 30 chefen
245 1755 53 29 för
331 1754 159 29 marinen
522 1753 197 39 framlagda
751 1752 166 38 förslaget
949 1751 64 29 har
1044 1752 95 28 ännu
1171 1749 77 30 icke
1279 1749 129 30 hunnit
1439 1749 10 28 i
1482 1748 105 39 detalj

87 1806 171 39 granskas
287 1814 40 20 av
357 1803 528 38 fortifikationsförvaltningen.
915 1801 263 30 Ämbetsverket
1206 1799 202 30 hemställer
1437 1799 154 29 emeller-

87 1857 51 29 tid
159 1857 10 28 i
191 1856 153 39 enlighet
365 1855 78 29 med
465 1853 260 30 marinchefens
748 1853 130 38 förslag
901 1854 49 27 att
973 1851 94 30 2200
1082 1851 62 30 000
1168 1851 130 29 kronor
1321 1850 107 29 måtte
1452 1849 139 30 anvisas

89 1907 54 30 för
165 1907 101 29 nästa
285 1905 180 39 budgetår.

133 1955 395 41 Departementschefen
551 1954 147 30 föreslår
721 1955 50 28 att
794 1953 53 30 för
871 1954 100 28 nästa
994 1952 169 39 budgetår
1188 1951 139 30 anvisas
1350 1950 63 30 450
1428 1950 62 30 000
1514 1950 79 29 kro-

89 2017 63 20 nor
177 2007 54 29 för
256 2007 40 29 de
320 2008 89 27 mest
433 2006 191 39 angelägna
648 2005 174 29 arbetena.

135 2107 175 30 Utskottet
335 2107 134 29 erinrar
493 2115 55 20 om
574 2107 50 28 att
650 2105 220 30 Stockholms
894 2103 248 39 örlogsstation
1169 2102 107 39 enligt
1301 2101 114 30 beslut
1440 2110 40 21 av
1510 2101 83 29 1953

88 2160 56 27 års
170 2158 142 38 riksdag
339 2157 99 33 skall,
466 2156 75 29 med
570 2156 180 38 undantag
775 2155 54 29 för
855 2154 40 29 de
921 2154 94 29 delar
1041 2162 75 20 som
1142 2154 63 37 äga
1231 2152 114 29 direkt
1372 2151 220 39 anknytning

89 2208 52 30 till
166 2208 221 30 Stockholms
410 2207 210 38 örlogsvarv,
645 2206 175 38 förläggas
844 2204 51 29 till
920 2205 119 38 Berga.
1064 2204 49 30 De
1139 2212 41 20 av
1206 2201 387 41 departementschefen

90 2259 111 29 under
225 2257 229 30 förevarande
480 2257 120 37 anslag
627 2256 130 29 äskade
782 2255 136 29 medlen
943 2263 98 21 avses
1066 2254 54 29 för
1145 2253 142 29 fortsatt
1312 2252 200 38 utbyggnad
1536 2251 58 29 vid

90 2310 118 38 Berga.
231 2307 186 33 Utskottet,
441 2315 73 20 som
539 2306 110 29 under
670 2305 114 39 punkt
805 2305 38 29 31
869 2304 10 28 i
901 2306 57 28 det
979 2304 158 38 följande
1158 2304 112 37 yttrar
1293 2302 50 38 sig
1366 2303 80 28 över
1469 2301 124 29 väckta

90 2360 172 28 motioner
292 2356 149 30 rörande
476 2356 245 39 utbyggnaden
757 2364 40 20 av
832 2355 66 28 den
932 2353 188 40 planerade
1156 2352 360 39 varvsanläggningen
1550 2351 44 39 på

90 2410 125 29 Muskö
238 2418 44 19 m.
304 2417 55 26 m.,
382 2416 102 20 anser
507 2407 49 38 sig
577 2406 83 29 böra
686 2404 174 40 tillstyrka
884 2405 66 29 den
972 2404 110 29 under
1106 2403 229 29 förevarande
1359 2402 114 39 punkt
1495 2402 100 29 äska-

92 2460 41 28 de
160 2457 365 38 medelsanvisningen
552 2457 63 29 och
642 2455 202 30 hemställer
873 2454 112 34 alltså,
