1860 2778
285 175 17 29 2
648 173 285 31 Statsutskottets
955 173 176 30 utlåtande
1151 182 43 20 nr
1213 173 38 29 41
1274 173 39 30 år
1335 173 83 29 1956

331 258 96 29 Efter
458 258 131 39 förslag
620 267 41 20 av
691 257 126 39 Kungl.
850 257 106 39 Maj:t
985 257 12 28 i
1030 257 80 31 1955
1143 257 56 30 års
1233 256 412 40 statsverksproposition
1675 257 112 29 beslöt

286 308 187 39 riksdagen
495 310 50 27 att
567 317 68 30 nya
659 308 132 29 lokaler
814 307 112 30 skulle
949 307 37 30 få
1008 308 174 29 anordnas
1206 307 55 30 för
1284 307 382 39 forskningsanstalten
1690 307 96 29 inom

287 359 174 29 kvarteret
483 358 216 30 Garnisonen
721 359 11 28 i
756 358 201 30 Stockholm
979 358 55 29 för
1057 367 41 20 en
1121 358 240 29 totalkostnad
1385 368 42 20 av
1449 358 18 30 3
1483 358 62 29 500
1561 358 61 29 000
1645 358 141 29 kronor.

288 409 105 29 Dessa
414 410 200 37 utrymmen
637 408 145 39 avsågos
804 408 126 29 främst
954 408 115 29 såsom
1091 408 194 40 ersättning
1310 408 53 29 för
1384 408 401 38 forskningsanstaltens

288 459 200 30 nuvarande
519 458 188 41 olämpliga
737 459 131 31 lokaler
900 459 97 29 inom
1027 459 84 30 Svea
1141 459 363 39 artilleriregementes
1537 458 250 30 förutvarande

287 510 260 29 etablissement
564 510 65 29 och
645 510 58 30 vid
723 510 193 30 Frösunda.

330 560 529 39 Fortifikationsförvaltningen
884 560 64 29 har
973 560 132 29 anmält
1129 562 50 27 att
1203 561 58 29 det
1283 560 58 30 vid
1365 560 67 30 den
1456 560 190 29 förutsatta
1670 560 118 39 plane-

287 611 121 39 ringen
430 620 42 20 av
493 611 42 29 de
557 620 68 30 nya
645 611 181 30 lokalerna
848 611 89 30 visat
959 610 51 40 sig
1032 619 72 20 mer
1126 610 177 30 rationellt
1325 611 64 29 och
1411 610 44 40 på
1478 611 119 39 längre
1622 611 69 28 sikt
1714 619 73 20 mer

286 661 219 30 ekonomiskt
525 663 49 28 att
592 661 255 30 dimensionera
866 661 93 29 vissa
978 663 194 34 utrymmen
1191 671 45 19 m.
1254 671 44 19 m.
1317 661 77 29 med
1412 661 138 36 hänsyn
1568 661 52 29 till
1641 670 42 20 en
1703 660 85 30 fort-

287 713 67 28 satt
373 712 199 39 ytterligare
593 712 210 39 utbyggnad.
824 712 243 29 Kostnaderna
1088 711 54 30 för
1164 713 68 29 den
1253 711 186 40 planerade
1462 712 112 29 första
1593 711 195 40 byggnads-

287 764 147 38 etappen
454 762 174 30 beräknas
649 762 123 30 därvid
794 762 141 29 komma
957 764 51 27 att
1029 762 114 39 uppgå
1165 762 53 29 till
1242 762 16 29 7
1275 762 62 30 500
1352 762 62 29 000
1437 762 142 30 kronor.

332 813 75 29 Med
427 812 139 40 hänsyn
586 813 52 29 till
658 812 258 40 omfattningen
937 822 42 20 av
1001 813 40 29 de
1062 812 206 31 lokalbehov
1288 821 75 21 som
1383 812 53 30 för
1458 813 219 29 närvarande
1698 812 90 30 före-

287 862 105 40 ligger
412 863 55 30 för
489 863 381 39 forskningsanstalten
890 863 116 29 finner
1026 863 384 39 departementschefen
1429 863 11 28 i
1461 863 110 29 likhet
1591 863 78 29 med
1690 863 98 29 forti-

285 913 431 39 fikationsförvaltningen
738 914 57 29 det
815 913 168 30 önskvärt
1004 915 51 28 att
1074 913 41 29 de
1136 922 47 20 nu
1204 912 188 41 planerade
1412 913 180 29 lokalerna
1613 913 175 30 utformas

287 964 46 33 så,
359 965 50 28 att
434 964 41 29 de
503 972 120 21 senare
648 964 70 29 kan
744 964 158 29 anslutas
927 963 53 30 till
1006 973 41 20 en
1071 963 201 39 ytterligare
1298 963 294 41 byggnadsetapp.
1621 963 165 39 Departe-

286 1014 241 30 mentschefen
548 1014 191 39 tillstyrker
759 1014 120 32 därför
899 1014 534 40 fortifikationsförvaltningens
1454 1014 131 39 förslag
1607 1014 65 30 och
1693 1014 96 29 hem-

288 1064 116 30 ställer
422 1066 52 28 att
494 1073 68 31 nya
582 1065 131 29 lokaler
733 1064 54 30 får
806 1065 175 29 anordnas
1003 1064 95 30 inom
1116 1065 177 29 kvarteret
1312 1064 217 30 Garnisonen
1550 1064 53 30 för
1624 1074 43 20 en
1687 1065 101 29 total-

287 1114 149 32 kostnad
457 1124 43 21 av
520 1115 16 29 7
552 1115 62 30 500
629 1115 62 30 000
711 1116 141 29 kronor.

330 1165 51 29 Då
401 1165 55 30 för
476 1165 236 30 innevarande
732 1166 169 39 budgetår
924 1166 94 29 1500
1033 1165 61 30 000
1116 1166 130 29 kronor
1269 1165 153 32 anvisats
1444 1165 55 30 för
1520 1165 269 40 ifrågavarande

287 1216 163 29 ändamål
467 1216 177 29 erfordras
659 1216 201 39 ytterligare
879 1218 47 30 ett
942 1216 124 39 belopp
1084 1225 41 21 av
1143 1216 18 30 6
1177 1216 63 30 000
1253 1216 62 30 000
1334 1216 140 34 kronor,
1491 1225 107 20 varav
1614 1216 18 30 3
1647 1216 63 30 000
1725 1216 64 30 000

286 1266 129 30 kronor
435 1266 55 31 för
508 1266 205 40 budgetåret
735 1267 160 35 1956/57.
914 1266 394 41 Departementschefen
1328 1266 147 31 föreslår
1495 1268 50 28 att
1568 1267 221 30 sistnämnda

287 1317 123 39 belopp
432 1317 140 30 anvisas
595 1317 53 30 för
670 1318 103 29 nästa
793 1317 180 39 budgetår.

332 1417 185 30 Utskottet.
541 1418 81 29 1955
644 1417 56 30 års
720 1418 143 39 riksdag
880 1418 122 34 beslöt,
1024 1419 50 28 att
1093 1427 68 30 nya
1180 1418 133 29 lokaler
1335 1418 93 39 finge
1448 1418 176 30 anordnas
1645 1418 54 30 för
1719 1418 70 30 för-

288 1469 131 28 svarets
448 1468 337 39 forskningsanstalt
813 1468 96 29 inom
939 1468 175 30 kvarteret
1143 1468 217 30 Garnisonen
1389 1468 10 29 i
1429 1469 203 29 Stockholm
1660 1469 55 29 för
1746 1478 42 20 en

287 1518 239 30 totalkostnad
556 1528 42 20 av
629 1518 95 30 3500
739 1519 63 29 000
834 1520 131 28 kronor
996 1520 90 28 samt
1117 1519 167 29 anvisade
1315 1519 53 31 för
1399 1519 206 39 budgetåret
1638 1519 151 35 1955/56

289 1568 93 30 1500
397 1569 62 30 000
483 1569 130 29 kronor
635 1570 11 28 i
669 1569 255 39 anslagsmedel
950 1569 53 30 för
1027 1571 50 28 att
1099 1569 148 40 påbörja
1272 1570 236 39 uppförandet
1531 1579 43 20 av
1597 1569 191 30 lokalerna.

288 1619 115 39 Enligt
443 1629 47 19 nu
533 1620 236 39 föreliggande
797 1620 131 39 förslag
956 1620 64 29 har
1047 1620 386 39 departementschefen
1461 1621 79 29 med
1568 1620 139 40 hänsyn
1736 1621 53 29 till

287 1670 281 29 önskvärdheten
593 1679 42 21 av
657 1672 50 28 att
730 1670 180 30 lokalerna
933 1670 172 30 utformas
1130 1671 47 33 så,
1202 1671 51 30 att
1276 1672 42 29 de
1342 1671 121 30 kunna
1487 1671 158 30 anslutas
1668 1671 53 30 till
1746 1680 42 20 en

286 1720 199 39 ytterligare
505 1720 286 41 byggnadsetapp
815 1722 126 29 räknat
962 1721 78 30 med
1062 1730 43 20 en
1128 1722 239 29 totalkostnad
1388 1731 43 21 av
1452 1722 16 29 7
1484 1721 63 31 500
1562 1722 64 30 000
1646 1721 142 30 kronor.

287 1771 175 29 Utskottet
484 1780 102 20 anser
608 1771 50 39 sig
678 1771 86 30 böra
785 1771 175 40 tillstyrka
982 1772 403 39 departementschefens
1408 1772 132 40 förslag
1563 1773 10 29 i
1596 1773 116 29 denna
1734 1773 54 29 del

287 1821 63 29 och
367 1821 64 29 har
448 1821 31 40 ej
500 1821 108 30 heller
626 1822 105 39 något
748 1824 51 28 att
816 1822 115 30 erinra
949 1824 73 27 mot
1039 1824 49 27 att
1106 1822 54 30 för
1178 1822 268 40 ifrågavarande
1462 1823 326 39 byggnadsarbeten

288 1871 54 30 för
363 1873 101 28 nästa
485 1872 169 39 budgetår
679 1872 140 30 anvisas
842 1872 19 30 3
876 1872 62 30 000
953 1873 63 30 000
1038 1872 139 30 kronor.

332 1922 175 30 Utskottet
531 1922 211 34 hemställer,

639 1974 49 28 att
705 1973 188 39 riksdagen
913 1973 56 30 må
987 1974 52 29 till
1056 1973 237 30 Anordnande
1313 1983 42 20 av
1375 1974 132 30 lokaler
1523 1974 57 40 för
1595 1975 193 39 försvarets

593 2023 339 40 forskningsanstalt
953 2024 55 30 för
1028 2024 205 39 budgetåret
1258 2024 146 36 1956/57
1427 2025 121 29 anvisa
1571 2027 48 27 ett
1640 2025 150 30 investe-

595 2074 221 39 ringsanslag
836 2083 41 21 av
899 2074 18 29 3
932 2074 63 30 000
1009 2074 62 30 000
1092 2075 141 29 kronor.

331 2216 74 33 3:0)
441 2217 352 35 Byggnadsåtgärder,
824 2218 224 35 erforderliga
1077 2219 55 28 för
1164 2219 275 35 effektivisering
1467 2228 43 20 av
1540 2220 248 35 värnpliktsut-

287 2267 210 35 bildningen.
522 2268 14 29 I
559 2267 151 39 enlighet
733 2269 78 29 med
835 2268 125 39 Kungl.
985 2268 122 38 Maj:ts
1131 2268 131 40 förslag
1292 2268 129 40 (punkt
1443 2269 30 34 4,
1498 2279 26 20 s.
1550 2269 71 36 14),
1645 2269 144 30 innebä-

287 2317 106 30 rande
424 2317 215 30 oförändrad
672 2318 330 39 medelsanvisning,
1034 2318 202 30 hemställer
1268 2319 179 34 utskottet,

639 2370 50 28 att
715 2368 189 40 riksdagen
931 2369 58 29 må
1015 2369 52 29 till
1092 2370 358 39 Byggnadsåtgärder,
1479 2370 226 40 erforderliga
1732 2371 58 39 för

596 2419 277 40 effektivisering
912 2427 43 22 av
996 2419 450 41 värnpliktsutbildningen,
1488 2421 55 30 för
1584 2421 206 39 budgetåret

597 2469 147 35 1956/57
768 2469 121 30 anvisa
911 2471 48 28 ett
981 2470 353 40 investeringsanslag
1357 2480 41 20 av
1420 2471 63 30 800
1498 2472 62 29 000
1582 2472 140 29 kronor.
