1933 2830
573 182 119 31 Andra
710 183 245 40 lagutskottets
975 185 178 32 utlåtande
1171 196 43 20 nr
1231 186 41 31 37
1291 187 40 30 år
1350 187 84 31 1970

904 483 38 43 4)
956 483 136 43 Förslag

959 559 53 30 till

862 642 274 51 Kungörelse

604 729 56 21 om
675 718 141 43 ändring
830 720 12 31 i
857 719 303 44 giftförordningen
1177 722 203 45 (1962:702)

298 817 210 40 Härigenom
531 819 186 31 förordnas
738 821 11 29 i
771 820 100 40 fråga
893 830 56 21 om
972 822 317 41 giftförordningen
1317 823 117 35 (1962:
1452 824 95 35 702),

298 870 74 30 dels
392 873 50 28 att
462 872 11 29 i
507 872 6 30 2
535 872 16 36 $
575 873 14 28 1
612 881 105 21 mom.
738 874 65 29 och
823 875 39 29 21
887 874 16 37 8
926 875 98 30 ordet
1046 876 399 39 >medicinalstyrelsen>
1469 878 90 29 skall
1579 878 101 39 bytas
1700 881 39 27 ut

253 925 72 29 mot
348 925 331 40 »socialstyrelsen>,

297 978 73 30 dels
390 981 50 28 att
461 979 39 30 14
520 980 64 30 och
606 980 38 31 15
666 980 37 38 $$
725 981 89 30 skall
833 982 46 30 ha
897 983 115 30 nedan
1030 983 150 40 angivna
1197 984 141 39 lydelse.

410 1087 226 34 (Nuvarande
662 1088 148 40 lydelse)

1182 1091 226 41 (Föreslagen
1434 1093 148 40 lydelse)

293 1213 136 30 Handel
448 1214 79 30 med
551 1232 485 6 —————————-
1047 1217 177 32 tillverkat
1242 1228 124 26 varan;

293 1267 39 34 b)
361 1267 405 40 apoteksföreståndare;
791 1272 90 29 samt

291 1374 35 34 c)
355 1375 67 30 den
458 1370 59 49 som
553 1394 74 3 ——
640 1384 377 22 ——————-—

289 1527 71 30 Gft
386 1527 610 30 måO—n————
723 1522 102 48 ——
882 1522 117 48 nn

291 1580 25 30 A
322 1581 367 39 poteksföreståndare
704 1583 59 31 må
777 1584 186 31 därutöver

249 1635 153 30 överlåta
417 1636 65 39 gift
495 1636 53 30 till
563 1646 106 21 envar
683 1646 75 21 som
772 1637 79 41 fyllt
866 1638 98 30 ader-

248 1691 59 27 ton
327 1689 38 30 år
384 1690 64 29 och
468 1699 74 21 som
561 1691 93 29 visar
674 1691 52 40 sig
744 1691 90 30 hava
851 1692 112 30 behov

246 1752 42 20 av
315 1743 100 39 giftet
441 1743 55 30 för
522 1743 244 41 konstnärligt,
794 1746 166 35 tekniskt,

245 1797 255 40 vetenskapligt
525 1798 82 30 eller
633 1800 108 29 annat
765 1798 197 41 jämförligt

246 1850 175 31 ändamål.

1065 1271 39 35 b)
1133 1271 67 31 den
1221 1281 75 21 som
1316 1273 66 30 har
1401 1273 71 31 rätt
1491 1275 52 29 att
1562 1273 99 31 driva
1681 1274 57 30 de-

1023 1325 195 37 taljhandel
1234 1327 81 30 med
1334 1327 209 37 läkemedel;
1563 1331 91 28 samt

1027 1397 45 3 —
1082 1397 44 4 —
1137 1397 45 4 —
1194 1379 110 32 sådan
1323 1390 94 21 vara.

1005 1548 46 4 —
1060 1532 68 29 —i
1153 1532 286 41 yrkesutövning.

1062 1584 93 31 Från
1175 1587 127 39 apotek
1321 1586 59 31 må
1399 1587 186 31 därutöver
1605 1587 130 31 överlå-

1021 1640 51 29 tas
1097 1639 65 41 gift
1184 1640 53 30 till
1260 1650 106 21 envar
1389 1649 75 22 som
1486 1641 81 41 fyllt
1589 1642 145 31 aderton

1019 1693 39 30 år
1078 1694 65 30 och
1165 1703 75 21 som
1261 1694 93 30 visar
1377 1695 51 40 sig
1448 1695 91 31 hava
1559 1696 112 30 behov
1692 1706 43 20 av

1018 1747 100 39 giftet
1141 1748 55 29 för
1219 1748 245 40 konstnärligt,
1488 1750 167 34 tekniskt,
1679 1760 55 20 ve-

1017 1801 213 40 tenskapligt
1269 1802 83 30 eller
1391 1805 108 28 annat
1537 1803 196 41 jämförligt

1018 1854 173 32 ändamål.

287 2011 123 31 Denna
428 2013 207 40 kungörelse
654 2015 117 30 träder
789 2015 11 30 i
819 2015 96 31 kraft
934 2016 67 31 den
1022 2016 15 31 1
1057 2016 142 38 januari
1221 2017 94 31 1971.
