2232 2626
437 208 20 31 6
929 203 252 32 Statsutskottets
1203 201 167 32 utlåtande
1393 201 52 32 Nr
1467 202 70 30 121.

439 291 287 40 fältartilleriets
768 290 73 47 del,
883 289 68 36 har
991 288 184 37 utskottet
1214 286 84 37 icke
1328 291 125 32 ansett
1481 285 62 49 sig
1584 284 127 37 kunna
1738 283 193 50 tillstyrka
1959 281 73 37 den

439 346 69 36 här
535 344 219 47 föreslagna
782 341 204 48 ökningen.

543 394 239 38 Beträffande
812 393 168 37 därefter
1007 392 200 47 ifrågasatt
1234 389 160 50 höjning
1422 403 46 23 av
1483 387 232 39 undertiteln
1733 387 37 49 b)
1790 387 87 37 med
1897 386 137 47 20,000

441 450 142 35 kronor
622 447 68 36 har
731 446 190 36 utskottet
948 443 123 37 funnit
1098 443 61 49 sig
1187 443 90 36 böra
1305 441 192 48 tillstyrka
1524 441 219 37 densamma
1772 439 86 36 med
1887 439 148 47 hänsyn

442 500 69 47 till,
541 504 53 32 att
635 499 68 37 här
743 496 293 50 ifrågavarande
1079 493 325 38 artillerimateriel
1444 497 41 31 är
1513 490 248 51 nyanskaffad
1792 490 71 36 och
1892 489 144 37 således

442 550 384 39 underhållskostnad
856 550 59 35 för
944 548 216 36 densamma
1189 546 83 37 icke
1301 545 103 36 förut
1434 544 214 37 beräknats.

545 603 131 38 Under
702 601 84 37 titel
814 601 17 36 I
859 601 69 37 bör
955 599 242 49 följaktligen
1226 597 121 48 enligt
1373 596 208 37 utskottets
1609 594 157 49 mening
1785 593 186 37 beräknas
1990 605 48 25 en

445 655 144 49 ökning
617 654 84 37 med
731 654 139 48 20,000
900 652 141 37 kronor
1069 650 91 38 eller
1188 649 83 37 från
1290 649 163 48 295,000
1469 648 140 36 kronor
1623 646 57 37 till
1701 646 164 46 315,000
1885 644 152 37 kronor.

547 707 17 37 I
594 707 108 48 fråga
734 719 60 23 om
828 706 90 36 Titel
944 705 52 45 II,
1025 704 228 47 Handvapen
1281 708 93 30 samt
1392 699 345 50 kulsprutemateriel
1749 699 67 49 för
1833 697 207 50 infanteriet

445 761 61 37 och
535 759 217 44 kavalleriet,
781 758 68 36 har
876 756 142 49 Kungl.
1036 755 105 50 Maj:t
1160 757 48 47 på
1225 753 124 49 grund
1370 766 47 24 av
1436 765 140 37 genom
1595 751 133 49 längre
1743 748 297 52 tjänstgörings-

445 811 55 38 tid
527 810 222 38 förorsakad
780 809 100 37 ökad
909 808 160 48 slitning
1097 820 47 24 av
1171 806 252 49 handvapnen
1452 808 97 33 samt
1575 803 85 37 med
1688 803 148 47 hänsyn
1864 800 57 37 till
1949 800 91 37 nöd-

450 863 256 49 vändigheten
748 875 47 23 av
832 865 55 32 att
932 860 166 37 beräkna
1138 857 161 39 särskild
1331 854 380 39 underhållskostnad
1738 854 61 37 för
1828 852 213 50 kulsprute-

447 914 224 38 materielen
698 914 137 48 begärt
863 926 47 23 en
938 911 145 49 ökning
1110 924 46 23 av
1185 911 63 36 det
1275 909 122 37 under
1425 908 121 37 denna
1575 906 84 38 titel
1686 911 199 45 upptagna
1911 904 130 50 belop-

448 973 65 45 pet
540 966 86 38 med
655 967 138 46 80,300
821 965 142 36 kronor
989 964 58 36 till
1075 964 164 47 270,300
1269 962 149 36 kronor.

550 1019 197 38 Utskottet
774 1017 69 37 har
870 1021 126 32 ansett
1024 1015 60 49 sig
1103 1015 91 37 böra
1213 1013 192 50 tillstyrka
1425 1012 74 37 den
1515 1011 156 38 sålunda
1686 1008 168 50 begärda
1873 1008 170 49 anslags-

450 1071 205 49 ökningen.

551 1123 75 37 Det
654 1123 59 37 för
740 1120 238 38 närvarande
1005 1119 119 37 under
1164 1119 88 37 Titel
1280 1118 75 47 III,
1384 1115 257 48 Ammunition,
1669 1112 218 39 beräknade
1915 1111 129 50 belop-

450 1180 64 45 pet
544 1175 201 49 1,721,000
773 1174 142 36 kronor
943 1177 41 32 är
1011 1171 164 38 fördelat
1202 1173 47 47 på
1276 1168 169 50 följande
1473 1172 89 33 sätt:

555 1260 34 50 a)
617 1260 237 37 ammunition
877 1261 65 48 för
961 1258 218 51 fältpjäser:

555 1330 72 37 Till
655 1327 241 39 anskaffande
925 1340 45 24 av
999 1323 467 41 fältartilleriammunition
1494 1321 116 50 (utom

453 1383 85 36 krut
580 1382 71 37 och
692 1378 381 52 sprängladdningar)
1115 1379 12 35 i
1163 1377 123 37 stället
1315 1376 58 36 för
1400 1374 118 37 under
1546 1379 65 31 öv-

453 1435 135 48 ningar
615 1432 215 47 förbrukad,
859 1432 57 35 till
943 1430 236 46 inventarier,
1208 1427 222 38 materialier
1449 1426 70 37 och
1539 1426 72 36 för-

453 1484 400 50 brukningspersedlar
872 1489 96 31 samt
987 1482 55 36 till
1062 1482 186 38 allmänna
1267 1478 265 39 omkostnader
1549 1477 64 36 vid

456 1535 441 40 ammunitionsförråden
938 1535 11 35 i
982 1533 232 46 Stockholm,
1245 1531 206 48 Göteborg,
1479 1529 134 36 Kristi-

456 1589 145 47 anstad,
631 1579 217 55 Östersund,
878 1586 177 50 Uppsala,
1084 1584 221 49 Jönköping
1332 1582 71 37 och
1426 1581 184 49 Visby......
1642 1580 138 36 kronor
1808 1578 175 48 520,000:
2001 1600 30 2 —

559 1666 38 49 b)
626 1665 236 37 ammunition
885 1665 64 49 för
970 1663 203 49 fästnings-
1202 1663 60 35 och
1289 1660 317 49 positionspjäser:

559 1735 71 37 Till
646 1733 243 38 anskaffande
904 1746 47 23 av
967 1731 202 48 fästnings-
1181 1729 69 37 och
1265 1727 351 52 positionsartilleri-

459 1787 248 37 ammunition
757 1785 118 49 (utom
921 1784 102 36 krut-
1065 1783 71 36 och
1181 1779 378 52 sprängladdningar)
1605 1779 11 35 i

460 1840 122 37 stället
608 1839 59 36 för
694 1837 118 37 under
841 1836 185 48 övningar
1053 1833 213 47 förbrukad,
1296 1833 56 35 till
1379 1830 237 48 inventarier,

460 1891 221 37 materialier
722 1890 69 36 och
833 1885 460 51 förbrukningspersedlar
1333 1889 97 32 samt
1470 1883 55 36 till
1554 1882 64 37 all-

461 1948 137 32 männa
626 1940 265 39 omkostnader
910 1939 62 37 vid
993 1936 438 39 ammunitionsförråden
1451 1938 21 33 å
1492 1934 126 37 Karls-

461 1996 114 49 borgs
604 1994 69 37 och
701 1993 148 37 Bodens
878 1991 210 48 fästningar
1110 2018 504 8 .....m--eW:ZX:-------c----
1557 1987 59 62 0
1705 1997 17 22 »
1815 1983 172 47 120,000:
2005 2002 49 5 —

566 2097 33 50 c)
628 2097 235 36 ammunition
886 2097 65 47 för
979 2095 213 46 handvapen
1220 2093 59 35 och
1310 2091 221 48 kulsprutor:

565 2166 71 36 Till
675 2163 241 39 bestridande
957 2176 45 23 av
1043 2161 220 46 kostnaden,
1305 2165 104 31 utom
1451 2158 71 36 den
1564 2157 58 36 för

464 2219 137 47 krutet,
631 2217 57 37 för
728 2216 72 38 den
829 2216 117 48 årliga
975 2213 295 48 förbrukningen
1300 2224 46 24 av
1376 2209 245 38 ammunition

467 2271 56 36 för
550 2269 223 49 handvapen
804 2268 70 37 och
903 2267 215 49 kulsprutor
1147 2264 151 50 (jämväl
1319 2261 246 38 ammunition
1585 2263 37 34 åt

466 2322 254 36 landstormen
747 2319 120 38 under
894 2319 84 36 dess
1007 2316 270 50 obligatoriska
1304 2313 198 50 övningar)
1525 2317 98 32 samt

468 2374 54 37 till
549 2373 130 37 kurser
706 2373 58 36 för
790 2370 217 49 utbildning
1033 2370 12 36 i
1074 2366 358 40 ammunitionsvård
1455 2395 163 7 ....e-
1708 2375 17 23 »
1772 2356 23 58 —
1818 2360 175 48 844,000:
2011 2380 46 4 —
