1936 2854
532 172 317 33 Bankoutskottets
874 171 188 33 utlåtande
1086 171 53 33 Nr
1163 173 52 32 32.
1564 175 18 30 1

800 463 58 39 Nr
885 462 65 42 82.

613 573 113 24 Ankom
746 573 42 24 till
807 573 164 31 riksdagens
990 573 92 24 kansli
1101 573 55 24 den
1176 574 15 23 9
1209 573 60 31 juni
1293 574 64 23 1933
1378 574 37 24 kl.
1435 575 58 23 3.30
1514 582 22 16 e.
1556 582 37 16 m.

223 664 206 38 Utlåtande,
454 667 12 30 i
492 665 195 38 anledning
713 676 45 22 av
787 666 134 37 Kungl.
947 666 128 37 Maj:ts
1099 668 223 35 proposition
1352 667 56 31 till
1434 668 193 37 riksdagen

424 718 184 37 angående
641 719 147 35 fortsatt
818 718 166 37 befrielse
1016 719 58 36 för
1104 717 220 34 riksbanken
1354 719 84 36 från
1467 719 160 37 skyldig-

424 770 104 32 heten
553 772 53 29 att
630 769 116 33 inlösa
770 780 45 22 av
839 770 140 32 banken
1003 771 155 36 utgivna
1181 770 118 32 sedlar
1323 771 80 31 med
1430 771 95 37 guld.

164 873 19 32 I
203 883 43 21 en
271 873 68 32 den
361 873 38 32 26
420 873 73 37 maj
517 873 79 32 1983
618 872 224 38 dagtecknad
863 873 223 37 proposition
1108 884 43 20 nr
1175 873 68 37 260,
1264 883 75 21 som
1362 874 188 31 hänvisats
1571 873 58 32 till

123 925 313 32 bankoutskottets
492 925 257 32 förberedande
781 925 284 37 handläggning,
1098 925 67 31 har
1197 924 134 39 Kungl.
1363 925 119 37 Maj:t,
1515 925 113 32 under

124 978 224 36 åberopande
376 988 46 21 av
448 977 268 37 propositionen
744 977 115 38 bilagt
888 977 132 37 utdrag
1048 988 46 20 av
1123 977 394 37 statsrådsprotokollet
1544 980 85 29 över

125 1031 282 32 finansärenden
439 1030 57 32 för
526 1039 137 23 samma
694 1030 80 37 dag,
805 1030 188 37 föreslagit
1023 1029 194 38 riksdagen
1249 1029 179 37 medgiva,
1458 1031 54 30 att
1543 1029 89 32 riks-

125 1083 140 31 banken
288 1084 59 29 må
371 1083 57 30 för
452 1082 98 31 tiden
575 1082 84 31 från
685 1083 64 30 och
771 1082 81 31 med
876 1082 67 31 den
965 1082 38 31 16
1026 1082 81 36 juni
1130 1081 57 32 till
1211 1082 64 31 och
1298 1081 80 32 med
1401 1081 67 32 den
1491 1082 39 31 30
1555 1091 75 27 sep-

124 1134 136 32 tember
282 1134 80 32 1933
383 1144 90 21 vara
496 1133 159 38 fritagen
680 1134 82 31 från
785 1134 252 37 skyldigheten
1063 1135 55 30 att
1140 1133 62 32 vid
1225 1133 199 32 anfordran
1445 1133 116 32 inlösa
1584 1144 47 20 av

125 1186 140 31 banken
290 1186 155 37 utgivna
471 1185 118 32 sedlar
613 1186 81 31 med
721 1186 85 37 guld
831 1186 93 31 efter
953 1186 102 31 deras
1082 1185 144 37 lydelse,
1252 1186 80 31 med
1359 1187 74 30 rätt
1458 1185 88 32 dock
1573 1186 57 30 för

125 1238 218 31 riksbanken
369 1239 64 36 att,
460 1248 56 21 om
543 1237 275 32 förhållandena
847 1238 125 31 därtill
999 1238 86 36 giva
1111 1237 205 37 anledning,
1344 1238 75 31 före
1445 1238 185 36 utgången

123 1301 48 20 av
194 1290 157 32 nämnda
374 1290 53 32 tid
450 1290 241 37 återupptaga
713 1290 227 37 inlösningen
964 1301 46 20 av
1032 1290 160 31 bankens
1218 1289 127 32 sedlar.

166 1394 19 31 I
215 1395 68 31 den
315 1393 247 37 föreliggande
593 1393 268 36 propositionen
892 1393 67 31 har
992 1392 262 37 föredragande
1288 1392 342 36 departementsche-

126 1446 61 31 fen
213 1446 56 31 till
293 1445 220 37 behandling
537 1445 170 36 upptagit
733 1445 131 36 frågan
888 1454 57 21 om
970 1443 234 37 riktlinjerna
1230 1444 56 31 för
1313 1445 84 30 vårt
1421 1444 104 31 lands
1549 1454 82 26 pen-

125 1497 232 38 ningpolitik.

168 1549 138 32 Därvid
331 1550 67 31 har
420 1549 56 31 till
499 1559 43 21 en
562 1548 130 37 början
715 1548 154 32 erinrats
891 1558 57 21 om
969 1548 98 30 vissa
1088 1547 156 37 tidigare
1266 1547 195 37 yttranden
1483 1547 12 30 i
1516 1546 117 32 denna

127 1604 117 36 fråga.
292 1602 119 32 Bland
436 1603 112 30 annat
573 1602 96 31 hava
697 1601 189 37 återgivits
913 1600 78 32 1932
1020 1601 60 30 års
1106 1599 275 32 bankoutskotts
1409 1599 12 30 i
1449 1598 187 32 utlåtande

128 1665 43 20 nr
196 1655 39 31 40
261 1653 138 38 gjorda,
425 1664 46 21 av
496 1652 194 37 riksdagen
717 1652 189 37 godkända
929 1651 223 37 uttalanden,
1178 1651 101 31 vilka
1304 1651 109 37 gingo
1439 1651 42 30 ut
1504 1651 46 36 på
1578 1651 55 30 att

124 1709 55 29 ett
201 1706 200 32 hindrande
424 1717 45 20 av
491 1705 183 37 prisfallet
696 1706 65 31 och
786 1715 42 21 en
851 1705 74 31 viss
948 1703 270 37 återhämtning
1241 1713 46 21 av
1309 1703 189 36 prisnivån
1523 1702 108 31 borde

124 1759 250 31 eftersträvas.
422 1757 133 32 Vidare
579 1758 67 30 har
673 1758 12 30 i
709 1757 266 36 propositionen
1000 1756 157 31 lämnats
1181 1765 43 22 en
1250 1754 223 38 redogörelse
1498 1755 57 30 för
1579 1756 49 29 ut-

126 1810 216 37 vecklingen
369 1821 47 20 av
440 1810 157 31 kronans
622 1811 97 36 yttre
743 1809 121 36 värde,
889 1809 66 31 den
981 1808 188 31 inhemska
1195 1807 209 37 prisnivåns
1430 1806 203 32 förändrin-

127 1872 68 27 gar
221 1863 92 31 efter
341 1862 311 37 guldmyntfotens
678 1860 241 38 övergivande
946 1861 93 30 samt
1065 1859 68 31 den
1161 1859 104 31 förda
1290 1858 343 37 diskontopolitiken

128 1924 45 22 m.
197 1925 44 22 m.
284 1915 18 30 I
326 1925 50 21 nu
397 1914 159 36 angivna
580 1913 225 31 hänseenden
829 1913 58 30 får
912 1912 175 31 utskottet
1110 1911 153 31 hänvisa
1286 1910 57 31 till
1365 1909 269 37 propositionen

132 1967 78 35 (sid.
236 1966 124 36 2—11).

170 2020 19 30 I
212 2018 173 32 skrivelse
409 2018 68 31 den
503 2019 37 29 22
564 2018 73 36 maj
666 2018 77 31 1933
765 2017 79 31 med
869 2015 215 32 hemställan
1108 2024 56 21 om
1190 2015 148 30 fortsatt
1360 2013 165 31 befrielse
1551 2013 83 30 från

129 2069 554 37 sedelinlösningsskyldigheten
710 2070 94 30 hava
831 2068 231 36 fullmäktige
1089 2068 13 29 i
1131 2065 217 32 riksbanken
1376 2065 122 31 anfört
1525 2063 109 32 bland

127 2126 115 29 annat
270 2123 175 37 följande:

170 2176 84 32 Alla
272 2175 100 32 torde
393 2185 90 22 vara
501 2175 107 36 eniga
628 2184 56 21 om
703 2175 53 30 att
776 2173 57 31 det
852 2175 41 29 är
913 2171 231 37 synnerligen
1164 2169 199 37 angeläget,
1384 2170 53 30 att
1456 2167 181 37 prisfallet

129 2220 127 36 hejdas
275 2220 65 31 och
360 2220 54 31 att
433 2228 43 22 en
496 2217 145 37 måttlig
660 2216 238 37 prisstegring
920 2216 112 29 måtte
1052 2213 154 31 inträda.
1246 2213 72 31 Vid
1338 2222 43 21 en
1402 2212 169 36 uppgång
1591 2220 46 21 av

129 2263 165 37 priserna
314 2264 47 35 på
383 2260 345 33 världsmarknaden
748 2260 62 31 bör
831 2259 83 31 vårt
934 2257 85 32 land
1042 2257 126 31 därför
1188 2256 33 36 ej
1244 2264 126 28 genom
1392 2249 245 46 penningpoli-

130 2307 97 31 tiska
249 2306 170 35 åtgärder
441 2305 85 30 söka
549 2304 191 30 förhindra
761 2312 43 21 en
825 2300 241 37 prisstegring
1088 2302 93 28 även
1202 2299 63 30 hos
1287 2308 66 25 oss,
1376 2298 39 30 så
1438 2297 104 35 länge
1566 2296 70 31 lev-

130 2347 334 33 nadskostnaderna
487 2346 32 36 ej
548 2356 100 21 mera
670 2345 179 31 kännbart
874 2343 177 37 påverkas
1075 2342 124 31 därav.
1244 2340 280 37 Möjligheterna
1548 2341 53 30 att
1626 2339 11 30 i

128 2393 55 30 ett
203 2392 80 31 litet
301 2390 86 32 land
406 2399 75 22 som
502 2389 158 36 Sverige,
683 2388 110 31 vilket
812 2386 124 32 därtill
958 2389 41 28 är
1026 2386 6 30 i
1051 2385 69 36 hög
1143 2384 89 37 grad
1252 2382 172 32 beroende
1445 2393 44 21 av
1510 2382 55 32 sin
1584 2384 54 28 ut-

131 2434 239 35 rikeshandel,
394 2441 125 28 genom
541 2430 334 38 penningpolitiken
899 2428 249 32 åstadkomma
1168 2437 44 22 en
1233 2425 240 38 självständig
1496 2425 64 31 och
1584 2435 54 20 ve-

128 2477 230 36 derbörligen
378 2476 164 36 reglerad
563 2474 239 37 prisstegring
823 2476 62 28 äro
905 2472 163 31 däremot
1091 2470 113 36 enligt
1226 2468 246 37 fullmäktiges
1494 2467 144 36 mening

138 2541 109 30 Bihang
267 2539 40 25 till
328 2537 166 32 riksdagens
514 2536 145 32 protokoll
682 2536 72 25 1933.
795 2537 15 23 3
830 2536 80 24 saml.
950 2535 39 24 Nr
1008 2535 41 23 52.
1590 2530 13 25 1
