1886 2829
469 151 120 29 Andra
604 152 245 37 lagutskottets
865 152 179 30 utlåtande
1058 162 42 20 nr
1113 154 20 29 8
1147 154 39 29 år
1201 154 84 29 1968

823 541 53 37 Nr
903 543 24 35 8

357 644 184 30 Utlåtande
562 645 11 29 i
590 645 189 39 anledning
797 655 42 20 av
857 646 173 30 motioner
1049 656 55 20 om
1126 647 208 40 vårdbidrag
1353 648 53 30 till
1423 648 195 41 handikap-

573 699 88 39 pade
677 699 86 30 barn
779 700 110 30 under
905 701 40 29 16
960 701 48 30 år.

177 806 120 29 Andra
312 807 229 38 lagutskottet
556 807 64 29 har
635 807 189 30 behandlat
840 810 51 28 tre
907 808 52 30 till
974 809 194 39 lagutskott
1183 810 191 30 hänvisade
1390 812 182 29 motioner.

180 859 35 33 1)
244 860 219 30 Motionerna
477 861 29 29 I:
521 860 64 30 412
601 870 42 20 av
656 861 58 29 fru
743 861 161 37 Ohlsson,
919 862 100 37 Lilly,
1034 872 46 20 m.
1094 863 39 39 fl.
1149 864 65 29 och
1227 864 49 29 II:
1290 864 64 29 509
1369 874 42 20 av
1425 865 58 29 fru
1498 864 118 30 Eriks-

129 921 63 20 son
208 914 12 29 i
239 913 199 31 Stockholm
456 923 45 20 m.
518 913 38 40 fl.
587 915 1 28 I
605 915 228 35 motionerna,
853 925 74 21 som
945 917 38 29 är
997 917 233 40 likalydande,
1245 918 64 29 har
1322 918 208 36 hemställts,
1547 921 70 28 »att

132 967 187 40 riksdagen
341 969 11 29 i
377 968 166 30 skrivelse
566 969 53 29 till
642 969 126 39 Kungl.
792 969 106 37 Maj:t
921 970 108 30 måtte
1053 971 141 30 anhålla
1217 980 56 21 om
1298 981 42 20 en
1363 973 188 39 utredning
1575 983 41 20 av

132 1021 343 40 förutsättningarna
491 1022 55 29 för
562 1022 70 29 rätt
648 1023 53 29 till
716 1023 210 40 vårdbidrag
942 1024 79 29 med
1038 1024 89 30 sikte
1143 1025 45 39 på
1205 1025 110 30 större
1333 1026 225 40 användning
1574 1036 43 20 av

131 1075 156 39 bidraget
304 1076 64 29 och
384 1085 43 20 en
441 1076 185 30 rättvisare
641 1077 224 39 tillämpning
878 1077 223 31 beträffande
1115 1078 94 30 vissa
1224 1088 47 20 nu
1289 1080 210 39 utestängda
1512 1080 103 30 barn-

131 1136 181 32 grupper.»

177 1182 35 33 2)
242 1182 178 30 Motionen
439 1183 46 30 II:
501 1182 40 31 32
562 1193 41 20 av
622 1184 58 29 fru
698 1183 192 31 Marklund
908 1193 45 21 m.
971 1184 49 40 fl.,
1040 1186 12 29 i
1070 1185 118 31 vilken
1207 1186 207 35 hemställts,
1437 1189 71 28 »att
1527 1188 88 29 riks-

132 1236 111 39 dagen
259 1236 108 30 måtte
383 1237 137 30 besluta
536 1239 50 28 att
602 1239 12 29 i
632 1238 165 30 skrivelse
814 1238 53 30 till
884 1239 126 39 Kungl.
1027 1239 107 37 Maj:t
1150 1240 186 30 hemställa
1353 1250 56 20 om
1427 1242 189 39 utredning

130 1290 66 29 och
216 1290 109 40 därpå
344 1290 158 37 följande
522 1291 131 40 förslag
672 1292 53 30 till
745 1292 188 40 riksdagen
952 1293 150 30 rörande
1123 1294 189 39 graderade
1331 1294 211 41 vårdbidrag
1561 1296 53 29 till

130 1344 270 40 handikappade
414 1345 88 29 barn
516 1345 111 30 under
644 1346 39 29 16
698 1346 68 29 år.»

650 1474 169 34 Gällande
834 1474 263 35 bestämmelser

175 1577 218 39 Vårdbidrag
407 1578 101 39 utgår
523 1578 52 29 till
589 1578 88 29 barn
692 1579 111 29 under
820 1579 40 29 16
875 1579 47 34 år,
940 1588 74 21 som
1029 1580 45 39 på
1090 1581 113 38 grund
1218 1590 41 20 av
1275 1581 175 36 sjukdom,
1466 1582 148 40 psykisk

131 1630 275 35 efterblivenhet,
422 1631 186 30 vanförhet
624 1633 82 28 eller
723 1634 107 28 annat
845 1634 69 38 lyte
930 1633 56 30 för
1002 1634 167 29 avsevärd
1185 1634 50 30 tid
1252 1635 64 29 och
1331 1636 11 29 i
1359 1636 167 29 avsevärd
1542 1645 71 20 om-

130 1684 155 40 fattning
298 1685 39 29 är
350 1685 13 29 i
376 1685 112 29 behov
503 1695 42 20 av
560 1686 151 29 särskild
725 1687 120 39 tillsyn
860 1687 82 29 eller
956 1687 96 30 vård.
1068 1687 162 40 Bidraget
1245 1689 101 38 utgör
1362 1689 54 29 för
1432 1689 39 29 år
1485 1690 127 29 räknat

131 1738 39 29 60
191 1740 144 37 procent
356 1748 42 20 av
417 1739 234 39 basbeloppet.
673 1740 65 29 Det
758 1740 101 39 utgår
880 1740 30 37 ej
934 1741 55 29 för
1010 1741 50 29 tid
1082 1741 44 30 då
1145 1742 124 29 barnet
1288 1742 108 30 vistas
1417 1743 46 39 på
1483 1744 130 29 anstalt

130 1800 75 20 som
219 1792 211 29 finansieras
445 1801 42 21 av
501 1793 56 29 det
572 1793 188 30 allmänna.

174 1845 428 40 Riksförsäkringsverket
624 1847 64 29 har
710 1847 157 30 utfärdat
890 1848 226 39 anvisningar
1138 1849 178 39 angående
1338 1850 213 40 bedömning
1572 1860 39 20 av

129 1898 199 30 vårdbehov
346 1909 45 19 m.
410 1909 46 20 m.
482 1899 353 34 (Pensionshandbok
854 1902 39 29 D.
915 1901 28 30 1.
963 1901 52 34 3).
1035 1902 13 29 I
1068 1902 273 40 anvisningarna
1361 1904 250 40 understrykes

129 1953 50 28 att
204 1952 158 39 grunden
386 1953 55 30 för
464 1953 57 30 det
546 1954 173 30 särskilda
742 1954 146 31 behovet
912 1964 43 21 av
977 1955 121 40 tillsyn
1122 1956 65 30 och
1210 1956 86 30 vård
1322 1957 88 30 skall
1435 1967 84 21 vara
1542 1967 69 21 me-

130 2006 147 30 dicinsk.
297 2007 121 30 Såsom
437 2008 277 40 exemplifiering
733 2018 42 20 av
793 2009 40 29 de
853 2009 216 37 sjukdomar,
1091 2010 128 30 skador
1237 2011 65 29 och
1322 2012 287 34 defekttillstånd,

130 2069 74 20 som
222 2061 71 28 kan
311 2061 182 30 föranleda
509 2062 222 39 bidragsrätt,
751 2063 146 30 nämnes
917 2063 100 30 svåra
1035 2064 190 30 medfödda
1242 2065 296 40 missbildningar,
1558 2075 53 20 or-

126 2114 147 39 ganiska
287 2123 98 21 nerv-
401 2115 65 29 och
481 2115 348 37 muskelsjukdomar
846 2119 90 27 samt
952 2117 372 40 förlossningsskador,
1342 2119 153 30 cerebral
1510 2129 102 30 pares

128 2177 46 20 m.
193 2177 56 25 m.,
269 2169 435 40 utvecklingsrubbningar
721 2171 12 29 i
753 2170 159 30 skelettet
931 2171 53 29 till
1002 2171 90 37 följd
1112 2181 42 20 av
1173 2172 176 36 sjukdom,
1370 2173 111 29 andra
1500 2182 111 21 soma-

127 2222 94 29 tiska
243 2222 355 37 sjukdomstillstånd,
623 2224 156 30 defekter
801 2225 11 29 i
836 2224 41 30 de
901 2225 200 30 sensoriska
1123 2233 162 32 organen,
1310 2227 300 36 mentalsjukdom

130 2277 90 28 samt
238 2276 162 39 slutligen
416 2277 147 39 psykisk
579 2277 275 30 efterblivenhet.
871 2278 151 30 Behovet
1039 2288 42 20 av
1097 2279 120 40 tillsyn
1233 2280 65 29 och
1314 2280 85 29 vård
1416 2281 91 29 skall
1522 2281 89 30 före-

129 2329 116 39 ligga
234 2325 20 50 i
261 2330 167 29 avsevärd
444 2331 213 39 omfattning
673 2333 90 27 samt
780 2331 41 39 gå
836 2332 121 29 utöver
974 2332 56 29 det
1046 2332 198 31 vårdbehov
1260 2342 74 20 som
1350 2334 116 29 finnes
1482 2335 64 29 hos
1563 2337 47 27 ett

128 2383 151 29 normalt
293 2384 177 29 utvecklat
484 2384 88 30 barn
586 2385 11 29 i
611 2385 245 30 motsvarande
871 2385 105 30 ålder.

172 2436 428 40 Riksförsäkringsverket
621 2446 105 31 anger
747 2438 157 37 följande
926 2440 178 30 allmänna
1125 2440 177 38 riktlinjer
1323 2441 55 30 för
1398 2441 212 40 bedömning

127 2499 42 20 av
182 2490 70 29 rätt
266 2491 53 29 till
333 2491 218 39 vårdbidrag.

160 2563 16 24 1
217 2560 112 32 Bihang
345 2561 46 24 till
405 2562 170 30 riksdagens
589 2563 147 30 protokoll
751 2563 76 24 1968.
841 2563 15 24 9
870 2564 83 24 saml.
967 2564 16 23 2
997 2564 64 24 avd.
1075 2565 40 24 Nr
1135 2568 13 21 8
