2258 2744
705 199 129 31 Banko-
843 194 182 45 Utskottets
1035 198 164 31 Memorial
1223 198 62 31 N:o
1309 202 25 27 I.
1760 196 19 33 7

218 292 112 42 ligtvis
354 291 103 31 under
480 302 39 19 en
544 290 80 30 eller
648 300 106 20 annan
779 288 101 31 vecka
904 289 84 30 visat
1010 301 40 18 en
1074 300 125 19 summa
1227 291 99 39 något
1351 288 255 43 understigande
1631 288 45 31 tio
1702 287 120 32 millio-

220 355 58 19 ner
301 342 184 32 Riksdaler.

982 427 13 39 $
1018 428 28 28 4.

320 512 243 41 Behållningen
586 512 10 29 i
620 511 169 31 utländskt
813 511 205 40 silfvermynt
1040 511 59 30 har
1126 511 103 30 under
1253 513 35 28 år
1314 508 77 33 1867
1415 511 72 30 icke
1513 511 178 42 undergått
1713 514 110 39 någon

219 564 191 41 förändring
434 563 60 30 och
520 562 109 31 visade
652 561 210 43 följaktligen
887 561 52 31 vid
964 564 85 28 årets
1078 561 65 31 slut
1169 561 209 37 fortfarande,
1407 562 80 30 efter
1511 562 185 30 evalvation
1721 563 8 29 i
1754 562 69 31 silf-

220 627 55 18 ver
299 615 184 40 Riksmynt,
508 620 47 24 ett
578 612 121 43 belopp
723 613 35 30 af
777 614 132 36 653,256
934 612 175 31 Riksdaler
1132 615 38 28 23
1195 617 65 26 öre.

320 665 56 31 In-
400 664 59 32 och
484 664 214 42 utvexlingen
733 664 34 30 af
797 664 144 30 Svenskt
963 664 174 42 guldmynt
1165 664 79 30 eller
1272 664 138 30 dukater
1437 663 58 31 har
1526 664 145 31 förhållit
1697 664 50 42 sig
1772 667 52 28 så-

218 717 114 30 lunda:

320 767 301 42 Dukattillgången
645 766 62 31 den
731 767 37 29 31
794 765 186 32 December
1005 766 79 31 1866
1113 790 541 7 »someserers
1427 761 92 52 ser
1554 761 43 52 es
1612 761 47 52 rs
1700 768 121 33 22,013.

418 818 176 31 utvexlade
619 818 102 30 under
745 819 69 29 året
841 842 6 5 .
877 835 19 13 sms
1000 814 81 46 sees
1097 814 132 46 eeesesr
1255 842 68 5 rr.
1351 842 66 6 rr
1444 842 68 6 sea
1539 819 120 36 11,304.

419 869 173 31 invexlade
616 893 7 6 :
648 893 69 6 «ss
775 892 99 6 cs
976 892 55 6 rk
1045 864 18 48 os
1075 864 51 48 oss
1156 893 33 5 ON
1215 864 37 48 Ros
1336 892 168 7 KRA
1557 870 98 36 1.642.
1721 878 102 36 —9,662.

221 937 192 42 behållning
436 938 62 30 den
523 938 35 29 31
588 935 183 33 December
796 933 79 34 1867
916 960 572 7 omsseseresesse
1354 929 48 54 ss
1415 929 75 54 ers
1518 937 140 31 dukater
1706 928 119 48 —12,351.

318 987 56 32 In-
399 988 60 31 och
486 987 336 42 utvexlingspriserna
846 989 18 28 å
893 986 148 38 dukater,
1076 987 183 42 utgörande
1295 987 53 30 vid
1383 990 85 29 årets
1497 987 116 42 början
1638 989 185 42 respektive

217 1042 27 29 8:
268 1045 31 23 35
324 1039 61 31 och
413 1041 27 29 8:
464 1045 33 23 50
532 1051 38 30 pr
593 1039 112 36 dukat,
723 1044 55 25 äro
808 1038 62 30 den
897 1038 37 30 19
958 1037 195 42 September
1176 1038 155 31 nästlidet
1356 1041 35 28 år
1414 1039 160 40 förhöjda,
1598 1040 55 30 det
1666 1040 86 30 förra
1777 1040 48 31 till

216 1092 32 29 8:
271 1095 35 24 40
342 1090 61 31 och
427 1091 55 30 det
504 1090 137 31 sednare
667 1089 48 30 till
738 1090 27 30 8:
797 1094 41 24 55.

318 1141 119 42 Någon
460 1141 169 41 invexling
653 1140 33 30 af
712 1139 169 32 utländskt
908 1139 174 42 guldmynt
1116 1139 58 31 har
1202 1140 72 31 icke
1309 1140 244 42 ifrågakommit
1581 1141 61 30 och
1667 1142 28 40 ej
1721 1142 103 31 heller

218 1193 58 29 har
299 1193 102 41 inköp
426 1192 86 31 skett
536 1192 34 30 af
594 1190 241 32 kontrolleradt
868 1189 191 32 verksilfver
1093 1190 79 31 eller
1200 1190 240 32 kontrolleradt
1468 1192 118 30 dukat-
1612 1192 60 30 och
1697 1192 126 31 arbets-

217 1243 80 42 guld
321 1243 80 30 eller
425 1249 99 24 annat
548 1242 172 41 omyntadt
742 1242 90 42 guld,
867 1241 169 31 hvaremot
1073 1241 146 37 Banken,
1254 1245 41 38 på
1322 1243 106 41 grund
1453 1244 33 29 af
1511 1244 33 29 14
1568 1244 13 39 $
1607 1243 7 30 i
1640 1244 183 41 reglemen-

219 1300 55 30 tet,
300 1293 45 31 tid
370 1295 81 29 efter
475 1305 116 25 annan,
616 1293 99 30 inlöst
738 1292 124 42 Kongl.
893 1291 230 42 Myntverkets
1152 1297 136 26 attester
1311 1295 18 28 å
1348 1293 110 30 silfver
1483 1293 60 31 och
1567 1294 90 42 guld,
1682 1306 68 19 som
1776 1295 49 30 för

217 1344 157 31 Baukens
398 1345 141 41 räkning
564 1344 107 30 blifvit
696 1343 47 31 till
768 1342 124 43 Kongl.
918 1342 213 42 Myntverket
1155 1342 184 32 aflemnadt.

985 1524 13 39 $
1023 1524 28 30 5.

324 1607 153 32 Bankens
501 1606 176 33 utländska
701 1606 218 32 vexelrörelse
948 1606 58 32 har
1029 1607 104 32 under
1157 1609 35 30 år
1219 1607 77 32 1867
1320 1607 70 32 haft
1412 1608 144 42 följande
1580 1609 144 43 omfång:

633 1670 29 34 L.
686 1671 43 34 St.
857 1670 102 34 Hamb.
984 1670 78 35 B:co.
1169 1670 119 36 Francs.
1324 1666 19 58 —
1385 1671 116 36 Thaler.
1618 1673 144 34 Floriner.

218 1719 200 41 Behållning
444 1718 51 31 vid
826 1759 2 2 |

218 1773 85 44 årets
333 1771 123 42 ingång
484 1794 6 6 .
515 1793 37 6 ..
580 1770 192 36 119,292.12.
799 1772 24 26 6.
849 1768 172 38 1,537,931.
1049 1773 56 25 4.8
1165 1771 193 35 —221,402.71,
1387 1790 135 3 ————
1616 1791 5 2 —
1743 1791 4 2 —-H

218 1819 137 44 Ökning
371 1820 103 31 under
488 1822 69 29 året
577 1821 140 36 188,198.
745 1824 22 25 2.
793 1824 24 25 9.
840 1818 174 39 6,419,347.
1042 1823 56 26 6.6.
1129 1821 223 36 1,304,011.65.
1380 1822 207 37 21,689.29.6.
1617 1823 192 37 116,496.54.

477 1879 74 44 S:gr
574 1879 194 38 307,490.15.
795 1883 23 25 3.
841 1880 257 36 7,957,278.11.2.
1129 1870 223 48 1,525,414.36.
1381 1883 205 35 21,689.29.6.
1618 1883 139 36 116,496.
1770 1886 39 25 54.

217 1932 190 42 minskning
434 1931 103 31 under

218 1985 70 29 Året
326 2008 6 5 s
358 2008 36 5 sv
420 2007 38 5 ss
483 2007 68 6 nia
576 1982 143 37 260,658.
748 1985 23 26 3.
798 1985 23 25 4.
844 1982 174 36 6,586,343.
1047 1985 56 26 3.2.
1134 1983 223 37 1,152,988.45.
1406 1982 152 38 2,736.10.
1622 2003 162 4 ————

216 2041 203 43 Behållning
1619 2034 3 2 |

259 2092 53 31 vid
337 2095 85 28 årets
447 2093 62 30 slnt
539 2118 6 5 .
590 2095 223 36 46,832.11.11.
846 2090 171 40 1,370,935.
1045 2097 23 25 8.
1161 2095 193 36 372,425.
1318 2090 48 47 91.
1386 2095 201 37 18,953.19.6.
1618 2096 139 36 116,496.
1771 2099 39 26 54.

318 2236 67 31 För
409 2237 296 42 vexeldeputerade
730 2245 34 25 är
788 2252 43 30 ny
856 2240 200 31 instruktion
1081 2240 33 30 af
1135 2239 223 42 Fullmägtige
1383 2241 185 41 upprättad.
