2208 2636
692 208 241 34 Statsutskottets
956 206 167 33 Memorial
1146 204 63 32 N:o
1232 206 49 30 67.
1752 197 45 34 13

183 299 240 38 öfverskridas;
465 296 144 33 varande
634 293 252 34 nedanstående
909 291 101 32 vilkor
1040 289 64 33 och
1122 287 163 44 förbehåll
1313 285 162 40 stadgade
1502 284 50 31 för
1580 280 216 42 tillgodonju-

182 350 102 33 tande
322 349 35 32 af
383 349 65 32 den
477 347 51 33 för
552 346 156 33 bemälda
735 340 412 46 tjenstemannapersonal
1177 338 63 33 och
1266 336 229 41 vaktbetjente
1520 333 167 42 beviljade
1711 332 82 31 löne-

180 400 210 43 förhöjning:

321 453 59 30 1:o.
426 447 220 33 Innehafvare
682 445 34 33 af
752 445 40 31 de
823 443 109 32 ökade
957 442 141 32 lönerna
1120 440 90 31 inom
1235 436 338 42 Riksgäldskontoret
1597 437 57 28 äro
1679 432 124 32 under-

185 501 140 32 kastade
348 500 65 31 den
442 497 241 33 vidsträcktare
707 491 434 45 tjenstgöringsskyldighet
1165 489 83 32 eller
1273 488 64 31 den
1356 486 175 42 jemkning
1553 485 11 31 i
1589 482 214 42 åligganden,

186 563 71 21 som
291 550 159 40 antingen
484 548 55 31 vid
573 558 41 21 en
647 545 169 33 blifvande
852 542 182 33 förändrad
1070 539 229 42 organisation
1329 537 35 32 af
1384 538 92 30 detta
1499 535 80 32 verk
1602 533 82 33 eller
1708 532 95 41 eljest

185 603 64 31 kan
284 600 104 33 varda
419 600 11 31 i
452 598 182 32 allmänhet
658 595 160 41 stadgad;
843 594 63 32 och
930 593 85 32 böra
1039 592 41 31 de
1105 589 198 38 fullmakter,
1329 598 71 21 som
1429 586 51 32 för
1503 583 301 42 Riksgäldskonto-

187 656 68 29 rets
279 652 200 41 tjenstemän
503 648 161 39 utfärdas,
686 645 165 33 innefatta
875 643 165 33 förbehåll
1065 652 53 22 om
1142 638 271 34 vederbörandes
1438 635 189 43 skyldighet
1641 637 50 30 att
1706 635 99 38 åtaga

189 704 51 40 sig
268 703 41 32 de
332 712 66 31 nya
421 700 83 32 eller
528 697 200 34 förändrade
754 695 161 43 göromål,
938 693 114 33 hvilka
1079 692 111 32 kunna
1213 690 75 33 dem
1312 689 149 41 åläggas.

321 755 63 30 2:0.
430 750 134 33 Sådana
598 748 153 43 uppdrag
784 746 63 33 och
880 745 126 41 bestyr,
1043 754 71 22 som
1147 742 51 33 till
1229 740 83 42 följd
1341 739 35 33 af
1396 738 115 32 Rikets
1536 735 161 34 Ständers
1723 734 82 33 eller

188 804 208 40 Riksdagens
428 800 222 41 förfoganden
683 799 86 32 böra
803 797 36 33 af
869 796 271 42 tjenstemännen
1175 792 53 32 vid
1263 788 341 43 Riksgäldskontoret
1631 786 174 37 förrättas,

190 855 104 39 skola,
328 852 138 34 oaktadt
500 850 164 33 särskilda
700 848 159 34 arfvoden
894 847 53 31 för
982 844 178 34 enahanda
1194 842 151 42 uppdrag
1370 840 63 32 och
1458 838 152 42 göromål
1633 836 172 32 tillförene

189 907 119 40 utgått,
341 902 200 34 hädanefter
574 900 193 41 inbegripas
800 898 108 32 under
941 894 273 34 vederbörandes
1249 891 175 34 bestämda
1463 886 344 45 tjensteåligganden,

191 956 131 33 hvadan
346 954 98 32 alltså
468 953 65 32 den
556 950 157 34 framtida
746 947 294 42 vedergällningen
1063 945 52 32 för
1138 943 104 42 sagda
1264 942 152 42 uppdrag
1440 940 62 33 och
1525 939 115 41 bestyr
1662 938 147 31 kommer

192 1010 48 30 att
262 1005 181 33 innefattas
466 1004 11 32 i
502 1003 63 32 den
591 1001 157 41 aflöning,
771 998 157 43 gällande
953 1000 68 30 stat
1044 999 171 39 upptager.

327 1059 60 29 3:0.
434 1055 50 32 De
519 1053 76 32 med
628 1052 113 41 hvarje
775 1050 190 39 befattning
1003 1046 161 34 förenade
1202 1041 442 46 tjenstgöringspenningar,
1671 1037 137 33 arfvode

194 1109 82 32 eller
299 1104 436 42 missräkningspenningar,
758 1101 34 33 få
814 1100 169 42 uppbäras
1009 1098 117 33 endast
1149 1097 52 32 för
1226 1096 64 31 den
1314 1094 59 39 tid,
1398 1093 167 42 tjenstens
1593 1088 215 34 innehafvare

193 1159 170 40 verkligen
386 1156 194 42 tjenstgjort
604 1155 83 32 eller
710 1152 135 42 åtnjutit
867 1153 174 36 semester,
1064 1160 75 21 men
1165 1147 96 32 skola
1283 1145 52 32 för
1360 1144 63 32 den
1446 1143 60 38 tid,
1524 1142 66 32 han
1610 1141 98 41 eljest
1724 1139 86 32 varit

193 1211 73 31 från
288 1208 270 42 tjenstgöringen
593 1204 141 40 befriad,
770 1204 80 39 utgå
889 1202 50 32 till
977 1201 73 40 den,
1074 1210 69 22 som
1167 1198 146 42 tjensten
1337 1196 172 37 förrättat;
1535 1191 86 34 dock
1645 1192 54 31 må
1721 1189 89 33 Full-

195 1260 145 40 mäktige
364 1259 113 31 kunna
499 1256 166 41 medgifva
690 1255 61 32 den
775 1254 201 42 tjensteman
1002 1252 83 31 eller
1108 1248 216 41 vaktbetjent,
1349 1257 71 21 som
1444 1245 37 32 af
1502 1243 152 42 sjukdom
1673 1241 136 32 hindras

196 1311 73 33 från
292 1308 218 35 bestridande
534 1307 35 32 af
584 1308 50 31 sin
649 1306 112 42 tjenst,
779 1307 49 30 att
842 1304 153 41 uppbära
1008 1302 41 32 de
1063 1301 52 32 för
1128 1310 125 22 samma
1265 1298 103 42 tjenst
1382 1294 159 34 anvisade
1554 1293 256 43 tjenstgörings-

196 1362 196 42 penningar,
419 1359 137 33 arfvode
581 1357 63 33 och
667 1353 429 42 missräkningspenningar
1120 1350 82 34 eller
1225 1351 111 37 någon
1360 1347 55 32 del
1439 1344 104 34 deraf.

328 1414 63 30 4:0.
437 1410 216 42 Tjensteman
695 1407 54 32 vid
782 1403 339 43 Riksgäldskontoret
1154 1401 50 32 får
1238 1399 74 33 icke
1352 1408 111 23 annan
1497 1393 316 44 tjenstebefattning

197 1466 90 30 utom
323 1460 340 43 Riksgäldskontoret
689 1460 160 38 mottaga.
894 1456 85 38 Den,
1002 1465 72 22 som
1096 1452 52 32 till
1170 1452 202 42 tjensteman
1396 1448 54 32 vid
1472 1444 342 43 Riksgäldskontoret

197 1517 186 35 utnämnes,
427 1522 77 23 vare
550 1510 131 43 skyldig
721 1511 50 30 att
809 1505 225 35 annorstädes
1068 1501 243 36 innehafvande
1344 1497 316 45 tjenstebefattning
1694 1497 121 40 genast

196 1564 185 35 frånträda.

333 1615 227 42 Tjensteman,
583 1622 72 22 som
676 1610 51 32 till
749 1608 84 43 följd
857 1608 35 32 af
912 1607 91 32 förut
1026 1605 156 42 gällande
1207 1602 211 42 stadganden
1441 1599 142 34 innehar
1604 1599 103 41 tjenst
1723 1600 91 29 utom

200 1665 345 43 Riksgäldskontoret,
570 1664 54 31 må
647 1661 87 32 dock
757 1661 194 31 densamma
979 1656 183 39 bibehålla,
1188 1657 38 31 så
1249 1655 99 40 länge
1374 1653 65 32 den
1462 1651 76 32 icke
1563 1653 38 29 är
1623 1649 53 32 för
1697 1648 120 42 tjenst-

202 1719 161 41 göringen
386 1717 11 31 i
419 1713 339 43 Riksgäldskontoret
779 1710 177 40 hinderlig.

964 1854 19 39 8
1007 1852 52 31 2.

338 1970 63 32 Till
439 1968 152 39 belöning
612 1965 60 42 för
704 1967 90 30 extra
822 1964 128 31 arbeten
981 1961 64 32 och
1074 1961 48 32 till
1153 1960 221 40 uppmuntran
1404 1956 65 41 för
1498 1957 92 29 extra
1620 1952 197 38 ordinarter,

205 2034 72 22 som
300 2020 180 41 ådagalagt
503 2017 167 43 synnerlig
693 2016 50 32 flit
767 2014 64 33 och
855 2012 211 41 skicklighet,
1092 2022 62 30 ega
1176 2009 221 39 Fullmäktige
1422 2009 50 30 att
1496 2004 155 33 använda
1674 2005 71 31 åtta
1768 2006 50 27 tu-

206 2085 60 22 sen
298 2073 124 31 kronor
456 2070 143 40 årligen;
635 2067 87 32 dock
755 2066 50 32 får
839 2064 87 33 hvad
961 2063 100 33 häraf
1090 2062 106 32 under
1220 2063 90 30 årets
1333 2059 79 40 lopp
1435 2056 75 33 icke
1535 2054 118 33 behöft
1675 2053 144 41 utgifvas

206 2124 107 33 under
337 2126 48 29 ett
407 2120 193 43 påföljande
625 2120 37 31 år
685 2117 29 42 ej
739 2117 52 32 för
814 2125 125 23 samma
963 2113 156 34 ändamål
1143 2111 180 34 användas.
1369 2109 66 31 För
1460 2107 100 40 öfrigt
1576 2116 63 30 ega
1651 2103 169 34 Fullmäk-

206 2176 69 40 tige
298 2174 74 32 icke
402 2176 49 29 att
473 2171 130 33 tilldela
625 2168 218 42 betjeningen
865 2166 55 32 vid
943 2164 341 42 Riksgäldskontoret
1306 2159 149 34 hvarken
1473 2157 253 42 ljuspenningar
1739 2154 82 33 eller

207 2226 107 34 andra
342 2223 161 34 arfvoden
532 2225 42 28 än
598 2221 41 32 de
664 2220 10 32 i
695 2219 321 41 aflöningsstaterna
1040 2215 62 34 och
1128 2215 93 33 detta
1243 2212 201 43 reglemente
1469 2207 161 35 särskildt
1645 2205 175 35 bestämda

211 2278 82 33 eller
315 2275 179 41 medgifna.
