1878 2802
327 151 19 29 4
702 149 294 32 Statsutskottets
1027 149 189 31 utlåtande
1247 149 53 31 Nr
1325 149 50 30 96.

283 235 200 37 gymnasiet
507 234 100 31 träda
623 234 13 30 i
652 234 234 31 verksamhet.
921 234 77 31 Vad
1022 234 191 31 beträffade
1237 234 235 31 kostnaderna
1496 234 54 30 för
1567 233 223 36 statsverket,

282 286 184 37 utgjordes
490 286 40 31 de
553 296 45 21 av
622 286 99 31 löner
737 287 36 29 åt
790 286 40 31 de
847 296 70 26 nya
933 285 178 31 ordinarie
1127 286 126 35 lärare,
1271 296 73 21 som
1361 285 183 36 behövdes,
1558 286 63 30 och
1637 285 155 31 arvoden

284 340 37 31 åt
356 338 227 37 erforderliga
618 340 100 30 extra
753 338 178 32 ordinarie
966 338 123 36 lärare,
1125 339 38 30 så
1195 338 63 31 ock
1289 348 45 21 av
1359 337 222 38 lönefyllnad
1604 338 37 31 åt
1664 337 127 36 rektor,

285 391 278 36 övningslärare,
588 391 136 31 rektors
748 390 237 32 skrivbiträde
1003 391 63 30 och
1082 390 210 31 skolläkare.
1327 390 314 36 Undervisningen
1657 391 21 30 å
1694 400 98 26 gym-

285 444 114 31 nasiet
421 443 62 30 vid
506 443 289 36 Kungsholmens
819 442 174 30 realskola
1013 442 115 30 skulle
1145 442 130 30 läsåret
1292 443 214 30 1926—1927
1522 442 208 35 uppehållas
1746 452 45 20 av

284 495 152 30 lektorer
460 494 63 30 och
547 495 99 29 extra
670 494 114 30 lärare
808 493 108 36 jämte
941 493 193 30 timlärare.
1169 493 50 30 De
1242 503 71 26 nya
1330 493 347 36 lektorstjänsternas
1694 493 98 30 antal

284 545 105 32 borde
413 546 209 30 bestämmas
647 545 58 31 till
729 546 71 34 två,
824 545 64 31 och
911 545 115 30 skulle
1050 546 52 29 tre
1125 546 101 29 extra
1250 544 113 31 lärare
1381 545 170 30 beräknas
1568 545 54 30 för
1638 543 154 32 nämnda

285 597 236 37 gymnasium.
557 597 205 31 Kostnaden
786 597 55 30 för
864 596 99 31 dessa
986 596 230 31 lärarkrafter
1240 596 114 31 skulle
1379 597 118 36 uppgå
1519 596 55 31 för
1597 596 195 31 lektoraten

285 650 59 31 till
377 650 118 35 11,600
528 649 128 31 kronor
685 649 64 31 och
772 649 55 30 för
851 650 100 29 extra
974 648 144 31 lärarna
1142 648 57 31 till
1225 649 94 35 9,900
1344 649 138 35 kronor,
1507 648 124 31 vartill
1656 648 137 30 komme

286 701 196 31 kostnaden
514 701 53 30 för
599 702 50 29 ett
673 701 98 30 antal
795 700 322 31 timlärartimmar.
1163 700 274 36 Utvidgningen
1461 700 132 30 krävde
1618 699 173 31 dessutom

284 753 99 31 vissa
406 752 110 31 andra
538 752 200 35 kostnader,
764 752 179 35 nämligen
967 751 221 36 lönefyllnad
1204 752 36 29 åt
1256 751 118 31 rektor
1391 752 95 35 1,100
1504 751 138 35 kronor,
1658 751 135 34 ökning

287 805 13 30 i
323 804 344 37 teekningslärarens
701 804 60 31 lön
785 804 61 31 650
871 803 139 36 kronor,
1036 803 12 31 i
1072 803 366 37 gymnastiklärarens
1463 803 59 30 lön
1546 803 95 36 1,025
1665 803 130 30 kronor

283 857 66 31 och
373 857 13 30 i
409 856 279 31 musiklärarens
723 856 59 31 lön
806 856 62 31 765
892 856 141 35 kronor,
1058 855 121 31 vidare
1204 855 133 36 ökning
1362 865 45 21 av
1431 855 145 31 arvodet
1599 856 36 29 åt
1660 855 134 30 rektors

287 908 237 31 skrivbiträde
552 908 78 31 med
655 908 62 31 300
742 908 127 30 kronor
892 907 63 31 och
978 917 46 21 av
1047 907 243 31 skolläkarens
1314 907 127 31 arvode
1465 907 78 31 med
1568 907 61 30 200
1654 907 140 34 kronor,

287 961 66 30 allt
369 960 13 30 i
398 960 157 35 enlighet
579 959 78 31 med
681 959 165 36 gällande
870 959 261 31 bestämmelser
1148 959 12 30 i
1177 959 101 36 fråga
1302 969 56 20 om
1381 959 218 35 avlöningen
1619 959 37 30 åt
1672 958 122 36 dylika

286 1011 354 36 befattningshavare
674 1010 62 31 vid
770 1011 106 36 högre
908 1011 150 30 allmänt
1081 1010 174 31 läroverk.
1301 1010 275 36 Sammanlagda
1600 1009 194 31 kostnaden

285 1063 117 32 skulle
436 1063 116 36 alltså,
586 1063 151 30 frånsett
768 1062 166 36 tillfällig
966 1062 295 36 löneförbättring
1285 1062 64 31 och
1373 1062 280 37 dyrtidstillägg,
1677 1062 118 35 uppgå

285 1115 57 31 för
364 1115 111 31 första
498 1115 129 30 läsåret
651 1115 58 30 till
734 1115 117 35 25,540
868 1115 140 35 kronor,
1025 1114 108 36 jämte
1151 1114 199 35 ersättning
1367 1114 54 31 för
1438 1116 49 29 ett
1503 1114 99 30 antal
1619 1114 175 30 timlärar-

286 1167 155 30 timmar.
487 1166 188 31 Arvodena
698 1167 36 29 åt
759 1166 40 30 de
823 1167 100 29 extra
947 1166 143 29 lärarna
1114 1165 63 31 och
1200 1166 36 30 åt
1260 1166 211 30 timlärarna
1495 1165 104 31 borde
1623 1164 172 31 bestridas

287 1228 45 20 av
356 1218 162 35 anslaget
542 1217 58 31 till
625 1218 101 29 extra
750 1217 63 30 och
837 1216 248 31 vikarierande
1109 1216 113 31 lärare
1246 1216 61 31 vid
1331 1216 40 31 de
1388 1217 183 30 allmänna
1587 1216 208 30 läroverken

287 1269 64 32 och
375 1269 132 31 således
531 1268 181 36 medtagas
737 1268 61 32 vid
823 1268 242 37 beräkningen
1088 1278 45 21 av
1158 1268 66 31 den
1240 1268 189 36 behövliga
1447 1268 175 31 storleken
1639 1277 45 21 av
1701 1267 95 31 detta

287 1321 135 36 anslag.
457 1321 67 31 Det
547 1320 221 32 återstående
792 1321 170 36 beloppet,
988 1320 116 36 15,640
1128 1320 140 36 kronor,
1293 1319 104 32 borde
1421 1320 141 31 beredas
1580 1329 126 26 genom
1723 1319 73 36 höj-

286 1374 90 36 ning
399 1383 45 21 av
468 1373 57 31 det
549 1373 177 31 ordinarie
751 1372 396 36 reservationsanslaget
1171 1372 57 31 till
1253 1372 39 31 de
1317 1372 182 31 allmänna
1523 1371 218 32 läroverken.

332 1476 138 31 Kravet
504 1477 44 35 på
571 1475 91 31 ökad
685 1475 187 36 möjlighet
894 1475 58 30 till
976 1475 201 36 gymnasial
1201 1474 207 36 utbildning
1432 1474 64 31 bar
1520 1475 82 30 från
1625 1475 52 29 tre
1701 1474 96 30 olika

289 1528 74 30 håll
403 1528 112 36 gjorts
554 1527 175 37 gällande,
770 1526 180 37 nämligen
989 1527 82 30 från
1105 1526 186 36 lärjungar
1326 1526 60 31 vid
1422 1526 328 31 statsrealskolorna
1785 1526 11 29 i

285 1580 217 36 Stockholm,
535 1580 79 30 från
649 1580 187 36 lärjungar
869 1579 62 31 vid
965 1578 67 32 den
1065 1578 229 31 kommunala
1328 1578 259 31 mellanskolan
1619 1577 178 32 därstädes

288 1633 92 30 samt
414 1632 81 30 från
529 1632 191 35 kvinnliga
754 1631 188 36 lärjungar
976 1630 61 32 vid
1072 1630 110 31 andra
1218 1630 246 31 läroanstalter
1496 1631 13 30 i
1539 1629 257 32 huvudstaden.

288 1683 80 31 Med
393 1683 57 31 det
474 1683 209 31 utvecklade
706 1683 188 30 skolväsen
918 1682 62 31 och
1004 1682 143 31 därmed
1167 1682 202 31 förbundna
1384 1682 226 36 möjligheter
1627 1682 58 30 till
1702 1681 96 31 olika

289 1735 153 31 metoder
475 1735 64 30 och
570 1735 130 30 former
728 1734 54 30 för
805 1733 219 36 ungdomens
1048 1734 268 35 undervisning,
1340 1736 150 28 varöver
1513 1732 249 32 huvudstaden
1786 1733 13 30 i

289 1786 222 31 närvarande
545 1786 107 31 stund
687 1786 167 36 förfogar,
890 1786 64 30 har
982 1786 171 30 utskottet
1177 1785 75 31 icke
1275 1785 138 31 kunnat
1435 1785 109 36 finna,
1569 1786 52 30 att
1645 1784 153 31 nämnda

290 1839 88 31 krav
413 1839 123 31 bottna
570 1839 13 30 i
617 1839 107 35 något
759 1838 253 35 otvivelaktigt
1044 1837 63 31 och
1140 1837 195 36 trängande
1359 1837 123 31 behov.
1528 1837 100 31 Efter
1651 1836 69 32 vad
1744 1836 54 31 för

289 1891 172 31 utskottet
493 1891 106 31 blivit
623 1890 155 37 upplyst,
802 1892 39 29 är
864 1891 193 35 utrymmet
1081 1891 20 29 å
1126 1890 249 36 gymnasierna
1399 1890 13 30 i
1435 1889 203 31 Stockholm
1661 1888 137 36 sådant,

290 1944 51 29 att
379 1943 57 31 det
474 1953 124 20 svarar
636 1944 73 29 mot
747 1942 317 35 tillströmningen,
1103 1941 63 31 och
1199 1941 123 31 endast
1357 1943 49 29 ett
1440 1943 127 34 ytterst
1602 1940 197 37 obetydligt

290 1995 99 30 antal
412 1994 309 31 inträdessökande
745 1994 65 30 har
833 2003 44 20 av
900 1994 91 30 brist
1014 1994 46 35 på
1082 1993 93 35 plats
1199 1994 90 29 måst
1313 1993 151 30 avvisas.
1503 1993 17 30 I
1544 1992 49 30 all
1609 1992 190 36 synnerhet

291 2055 102 21 anser
416 2046 172 30 utskottet
612 2045 76 31 icke
711 2046 50 30 ett
785 2045 112 30 behov
921 2044 190 31 förefinnas
1136 2054 44 20 av
1205 2044 66 30 den
1295 2044 197 36 angelägna
1516 2044 63 30 och
1603 2042 196 37 trängande

291 2097 248 36 beskaffenhet,
563 2098 53 29 att
639 2107 83 20 man
745 2107 49 20 nu
819 2096 113 31 skulle
953 2106 86 20 vara
1055 2095 178 31 nödsakad
1251 2096 58 30 till
1326 2096 177 35 prövning
1520 2095 63 31 och
1599 2094 200 37 avgörande

290 2150 158 35 upptaga
481 2158 44 21 en
559 2148 365 36 organisationsfråga
947 2157 44 21 av
1016 2147 66 31 den
1105 2147 226 36 principiella
1354 2147 64 31 och
1441 2146 280 32 omdebatterade
1745 2147 54 29 art

288 2210 78 21 som
400 2200 66 31 den
499 2199 242 37 förevarande,
776 2199 112 31 innan
921 2201 97 28 ännu
1047 2198 56 31 det
1127 2198 217 31 omfattande
1377 2198 207 37 spörsmålet
1607 2208 56 20 om
1686 2207 43 21 en
1752 2207 47 26 ny

291 2252 424 36 läroverksorganisation
749 2251 108 31 blivit
891 2251 13 30 i
935 2251 71 30 allo
1038 2251 125 35 prövat
1187 2250 63 31 och
1273 2251 119 30 utrett.
1438 2250 226 36 Principiellt
1698 2259 102 21 anser

292 2304 173 31 utskottet
499 2304 55 31 det
578 2304 103 31 också
704 2303 200 36 betänkligt
928 2304 52 30 att
1004 2311 125 28 genom
1153 2302 117 31 lokala
1293 2303 64 30 och
1380 2302 166 36 partiella
1570 2302 195 35 ändringar
1790 2301 10 30 i

291 2355 165 37 gällande
491 2355 425 36 läroverksorganisation
950 2354 148 36 vidtaga
1130 2354 251 36 anordningar,
1406 2354 100 31 vilka
1528 2354 123 30 kunna
1674 2353 126 31 tänkas

290 2408 178 36 föregripa
501 2409 50 29 ett
586 2407 344 36 förutsättningslöst
953 2406 214 31 bedömande
1190 2416 45 20 av
1259 2406 127 35 frågan
1409 2416 56 21 om
1488 2416 43 20 en
1555 2405 132 31 ändrad
1712 2405 88 31 skol-

289 2459 253 36 organisation,
567 2469 122 21 varom
713 2459 88 30 efter
824 2458 198 37 upprepade
1046 2457 232 36 utredningar
1294 2458 133 36 förslag
1444 2458 188 36 föreligger
1648 2457 64 31 och
1728 2466 73 21 som

292 2511 137 36 Kungl.
453 2511 103 36 Maj:t
580 2511 31 36 ej
636 2511 92 31 lärer
752 2510 185 32 underlåta
960 2511 63 35 att,
1048 2512 64 29 när
1136 2511 37 30 så
1197 2509 154 32 befinnes
1376 2510 176 36 lämpligt,
1582 2506 219 34 underställa
