1888 2836
281 149 37 30 14
728 154 274 32 Statsutskottets
1028 155 175 32 utlåtande
1228 157 49 32 Nr
1300 158 71 30 127.

283 239 98 30 arkiv
400 240 109 30 under
529 242 93 28 östra
643 239 127 37 gården
788 242 65 29 och
873 242 8 29 i
901 243 241 35 angränsande
1159 242 318 37 byggnadslängors
1496 244 140 35 källare,
1656 246 59 29 allt
1735 245 54 30 för

282 299 44 20 en
342 289 149 31 kostnad
508 299 42 21 av
571 290 140 34 250,000
728 291 137 30 kronor.

327 340 13 29 I
364 340 253 37 sammanhang
641 342 77 29 med
742 341 161 31 blivande
927 342 320 36 byggnadsarbeten
1272 343 53 30 för
1349 345 269 29 ämbetsverkets
1642 346 147 35 räkning

283 390 106 30 borde
408 390 102 36 enligt
529 391 269 30 ämbetsverkets
817 392 139 36 mening
978 393 85 29 även
1086 393 142 30 inrättas
1248 396 46 27 ett
1315 393 123 30 sådant
1459 394 181 31 bombfritt
1659 398 129 33 utrym-

283 449 64 27 me,
366 449 73 21 som
456 441 102 35 enligt
575 442 200 29 nuvarande
791 441 193 37 åskådning
1001 443 116 30 kunde
1136 452 98 21 anses
1252 443 84 30 böra
1353 444 112 30 såsom
1485 448 45 27 ett
1547 445 55 30 led
1618 446 9 29 i
1644 446 143 36 skydds-

282 489 205 36 åtgärderna
505 494 72 27 mot
595 491 176 30 luftanfall
790 493 173 29 anordnas
983 493 94 29 inom
1095 503 42 20 en
1155 494 158 35 byggnad
1333 493 113 31 såsom
1466 495 65 29 den
1552 494 235 37 ifrågavaran-

283 541 51 29 de.
372 540 239 31 Kostnaderna
627 542 54 29 för
697 544 44 28 ett
759 541 122 31 sådant
899 542 181 31 bombfritt
1096 546 172 34 utrymme
1285 545 89 29 hade
1392 545 206 30 behandlats
1615 546 9 29 i
1643 546 40 29 de
1698 546 89 35 gjor-

282 590 44 29 da
360 590 278 37 beräkningarna
674 592 64 29 och
775 593 62 29 där
873 594 173 35 upptagits
1071 594 49 29 till
1144 594 117 35 35,000
1286 595 138 35 kronor,
1450 595 114 30 därest
1589 595 199 31 utförandet

282 639 128 31 skedde
433 640 9 30 i
467 641 252 36 sammanhang
743 642 76 29 med
845 642 178 30 alternativ
1049 643 22 29 I.
1120 643 333 30 Totalkostnaderna
1477 643 53 31 för
1554 644 180 30 alternativ
1762 645 23 31 I,

283 691 169 31 inklusive
482 693 55 29 det
569 692 210 31 bombsäkra
809 697 196 34 utrymmet,
1035 694 110 30 skulle
1177 694 129 31 således
1336 696 122 35 belöpa
1489 696 48 35 sig
1565 696 50 30 till
1646 696 141 35 285,000

282 741 139 30 kronor.

324 790 225 31 Beträffande
583 792 124 37 frågan
740 802 57 21 om
831 793 317 38 medelstillgången
1173 795 53 29 för
1248 795 185 30 utförande
1457 805 42 20 av
1522 795 265 37 ifrågavarande

280 841 321 36 byggnadsarbeten
624 844 63 29 har
707 844 250 31 ämbetsverket
979 845 127 29 erinrat
1130 845 129 35 därom,
1283 848 48 28 att
1351 845 19 30 å
1392 849 132 32 patent-
1547 847 65 29 och
1634 847 151 36 registre-

280 891 229 36 ringsverkets
532 892 197 37 visserligen
753 904 143 20 numera
920 896 161 34 upplösta
1106 895 85 29 fond
1215 896 65 29 den
1306 896 41 29 30
1369 896 75 35 juni
1471 896 82 30 1935
1578 896 208 31 förefunnits

280 950 42 21 en
342 942 198 36 behållning
562 952 42 20 av
625 944 172 33 3,164,944
819 945 127 29 kronor
966 945 19 28 9
1006 946 57 28 öre
1084 945 63 29 och
1168 948 49 27 att
1237 945 252 31 ämbetsverket
1510 947 54 29 för
1586 946 200 36 budgetåret

283 988 186 34 1935/1936
495 993 117 30 kunde
634 993 170 30 beräknas
831 994 139 30 komma
996 998 48 26 att
1069 996 117 29 lämna
1208 998 46 27 ett
1280 996 184 35 överskott,
1488 997 181 36 väsentligt
1692 997 93 30 över-

281 1041 154 36 stigande
452 1042 41 31 de
511 1043 198 30 beräknade
727 1044 425 36 byggnadskostnaderna.

326 1110 90 36 Över
438 1115 265 38 ifrågavarande
723 1117 257 39 framställning
1002 1119 91 30 hava
1113 1120 346 36 byggnadsstyrelsen
1480 1120 67 30 den
1569 1121 41 30 20
1632 1120 152 31 februari

280 1166 65 30 och
367 1167 245 31 statskontoret
632 1167 65 31 den
716 1169 41 29 26
776 1178 93 21 mars
891 1169 83 30 1936
993 1169 126 37 avgivit
1137 1170 202 31 infordrade
1359 1169 213 32 utlåtanden.

322 1242 351 38 Byggnadsstyrelsen
694 1243 73 36 har,
791 1242 10 31 i
821 1243 108 31 likhet
948 1244 79 30 med
1047 1247 132 33 patent-
1200 1245 65 30 och
1287 1245 364 37 registreringsverket,
1674 1246 108 31 föror-

278 1292 60 30 dat
359 1292 56 31 det
439 1293 78 30 med
540 1293 215 31 alternativet
778 1293 14 30 I
815 1294 210 31 betecknade
1048 1295 171 36 förslaget.
1267 1295 74 30 Den
1365 1296 54 30 för
1443 1296 93 30 detta
1559 1296 146 37 förslags
1729 1305 53 28 ge-

279 1343 230 31 nomförande
525 1344 199 30 beräknade
740 1345 291 36 totalkostnaden,
1049 1346 76 30 däri
1142 1346 215 31 inberäknad
1375 1347 193 30 kostnaden
1586 1347 55 30 för
1660 1348 123 30 anord-

280 1394 114 30 nande
419 1403 42 21 av
487 1397 46 28 ett
558 1395 224 30 bombsäkert
807 1398 182 35 utrymme,
1017 1396 64 30 har
1107 1396 75 31 icke
1208 1397 162 30 föranlett
1398 1397 114 37 någon
1540 1398 139 30 erinran
1705 1397 78 31 från

279 1445 184 37 styrelsens
487 1445 85 30 sida.

323 1520 253 31 Statskontoret
613 1521 64 30 har
712 1522 134 35 uttalat,
880 1522 107 31 bland
1022 1525 118 34 annat,
1164 1525 49 28 att
1238 1522 44 32 då
1306 1523 42 31 de
1371 1524 196 37 föreslagna
1591 1524 191 38 byggnads-

276 1571 162 31 arbetena
455 1571 74 31 icke
545 1574 115 34 syntes
678 1580 81 22 vara
775 1581 43 21 av
835 1571 109 31 sådan
961 1575 61 32 art,
1041 1575 48 28 att
1107 1573 111 30 medel
1235 1572 51 31 till
1305 1574 171 30 täckande
1488 1583 42 21 av
1548 1575 233 30 kostnaderna

278 1623 55 29 för
351 1622 178 31 desamma
549 1622 94 37 finge
661 1622 136 31 anvisas
818 1622 80 32 från
918 1626 127 28 statens
1066 1624 177 30 allmänna
1261 1624 278 37 fastighetsfond,
1559 1635 119 21 annan
1696 1625 86 37 möj-

279 1673 105 36 lighet
404 1672 75 31 icke
498 1673 98 31 torde
618 1672 52 32 stå
690 1674 113 36 öppen
826 1674 45 30 än
891 1676 49 28 att
961 1674 54 30 för
1036 1673 265 38 ifrågavarande
1324 1674 164 32 ändamål
1509 1676 181 31 anvisades
1714 1686 68 20 me-

278 1724 53 29 del
353 1722 20 32 å
394 1724 195 30 riksstaten.

320 1818 389 38 Departementschefen
727 1819 63 30 har
810 1819 9 29 i
839 1819 139 30 ärendet
997 1819 116 30 anfört
1133 1819 165 36 följande:

323 1875 121 30 Såsom
468 1885 40 20 av
533 1875 66 31 den
626 1876 161 29 lämnade
812 1876 238 35 redogörelsen
1074 1876 162 36 framgår,
1261 1878 38 29 är
1323 1878 55 29 det
1405 1878 154 36 stigande
1585 1878 197 30 lokalbeho-

275 1922 54 27 vet
355 1919 55 30 för
431 1921 132 34 patent-
587 1919 66 30 och
677 1919 353 36 registreringsverket
1054 1920 171 30 beroende
1250 1921 71 30 dels
1346 1921 46 36 på
1413 1921 131 36 ökning
1569 1931 43 21 av
1637 1922 145 30 ämbets-

276 1961 135 30 verkets
428 1962 160 35 personal
606 1962 65 30 och
691 1962 70 29 dels
779 1960 45 37 på
841 1962 176 30 tillväxten
1036 1972 41 20 av
1096 1963 133 30 verkets
1247 1963 109 36 arkiv,
1374 1963 165 31 bibliotek
1557 1974 46 20 m.
1621 1974 44 20 m.
1708 1964 75 31 Vad

276 2004 251 30 ämbetsverket
543 2003 118 31 anfört
677 2014 56 20 om
751 2003 361 32 lokalförhållandena
1129 2005 64 29 har
1207 2006 177 35 övertygat
1399 2006 69 35 mig
1487 2015 56 21 om
1559 2009 49 27 att
1624 2005 159 37 åtgärder

276 2055 46 20 nu
341 2046 86 30 böra
443 2046 155 36 vidtagas
616 2046 55 30 för
687 2049 48 27 att
751 2046 178 36 tillgodose
948 2047 55 30 det
1022 2047 112 30 ökade
1150 2047 250 31 lokalbehovet.

320 2087 100 31 Detta
438 2088 111 30 behov
568 2089 65 30 har
652 2089 251 30 ämbetsverket
922 2088 114 31 funnit
1055 2089 196 36 lämpligast
1270 2090 84 30 böra
1372 2090 196 35 tillgodoses
1590 2099 123 27 genom
1732 2091 49 30 in-

275 2130 145 36 redning
439 2139 41 21 av
502 2130 41 30 de
565 2131 202 29 nuvarande
788 2131 277 30 arkivlokalerna
1086 2132 10 29 i
1116 2131 213 36 våningarna
1351 2132 18 29 2
1390 2133 65 29 och
1476 2132 19 29 3
1515 2136 144 33 trappor
1677 2143 71 26 upp
1772 2134 9 30 i

277 2171 268 31 ämbetsverkets
565 2172 177 35 byggnads
765 2172 168 36 mittparti
954 2172 49 30 till
1025 2182 68 26 nya
1115 2172 258 37 tjänstelokaler
1395 2177 89 26 samt
1505 2174 213 35 anläggande
1741 2184 40 20 av

275 2215 231 30 arkivlokaler
522 2215 111 31 under
653 2216 65 29 den
736 2225 24 20 s.
780 2216 32 29 k.
833 2216 92 30 östra
944 2214 126 38 gården
1090 2217 65 29 och
1176 2217 9 29 i
1203 2217 241 35 angränsande
1462 2218 319 35 byggnadslängors

273 2257 141 30 källare.
459 2257 13 30 I
492 2258 254 35 sammanhang
766 2258 80 30 med
865 2258 98 30 dessa
981 2257 339 37 byggnadsarbetens
1341 2259 186 31 utförande
1548 2259 65 30 har
1634 2261 145 29 ämbets-

274 2300 117 29 verket
416 2299 175 36 föreslagit
619 2300 225 30 anordnande
871 2309 40 20 av
938 2303 45 28 ett
1009 2300 183 31 bombfritt
1216 2304 182 31 utrymme.
1445 2302 335 30 Totalkostnaderna

274 2341 54 30 för
348 2342 161 30 arbetena
533 2342 9 30 i
563 2341 100 36 fråga
682 2342 90 30 hava
795 2343 104 35 enligt
919 2352 42 20 av
981 2342 200 36 professorn
1202 2342 37 31 R.
1262 2338 145 41 Östberg
1428 2345 210 30 verkställda
1659 2344 121 31 beräk-

275 2383 124 35 ningar
419 2383 220 36 uppskattats
659 2383 52 30 till
733 2384 141 34 285,000
896 2384 137 30 kronor.

316 2424 269 38 Ifrågavarande
607 2426 130 36 förslag
756 2426 50 30 till
827 2426 177 36 ändrings-
1025 2427 66 29 och
1113 2427 341 36 inredningsarbeten
1475 2428 10 30 i
1508 2429 269 30 ämbetsverkets

272 2469 160 36 byggnad
454 2469 115 30 finner
588 2469 60 37 jag
667 2470 78 35 mig,
769 2470 9 30 i
799 2469 108 31 likhet
927 2471 77 29 med
1027 2470 356 37 byggnadsstyrelsen,
1404 2472 84 30 böra
1510 2471 151 32 förorda.
1706 2472 72 31 Den
