1866 2774
260 155 18 30 2
691 157 287 30 Statsutskottets
1004 158 178 30 utlåtande
1206 168 44 21 nr
1276 159 49 30 10.

307 239 73 34 2:0)
411 240 437 36 Handelsdepartementet:
877 241 263 29 Omkostnader.
1168 241 13 29 I
1210 241 148 38 enlighet
1384 243 77 29 med
1490 243 123 37 Kungl.
1641 243 121 37 Maj:ts

263 290 130 40 förslag
416 290 131 41 (punkt
565 291 29 35 2,
613 301 25 20 s.
658 291 52 35 2),
730 293 235 30 innebärande
984 302 43 21 en
1046 293 288 41 anslagshöjning
1352 303 41 21 av
1414 294 94 30 1700
1526 295 140 34 kronor,
1686 305 75 20 som

262 341 182 30 föranletts
464 351 42 20 av
523 342 242 39 belastningen
785 343 19 29 å
824 343 304 38 anslagsposterna
1147 343 50 29 till
1219 343 168 39 sjukvård
1408 344 64 29 och
1493 343 51 30 till
1562 345 199 29 reseersätt-

262 392 132 39 ningar,
415 392 201 31 hemställer
635 393 182 35 utskottet,

614 444 50 29 att
692 443 188 40 riksdagen
907 444 58 30 må
993 444 53 31 till
1073 444 447 40 Handelsdepartementet:
1551 445 210 30 Omkostna-

573 494 60 30 der
665 493 59 31 för
755 494 203 40 budgetåret
994 494 148 37 1954/55
1176 496 122 30 anvisa
1330 497 48 29 ett
1411 496 273 40 förslagsanslag
1719 506 41 21 av

570 544 39 31 73
624 545 63 30 900
710 545 140 30 kronor.

305 678 74 34 3:0)
406 679 437 35 Handelsdepartementet:
868 679 179 29 Utövande
1070 688 41 20 av
1135 679 239 30 statskontroll
1398 680 19 28 å
1441 679 320 35 krigsmaterieltill-

260 729 222 35 verkningen.
501 728 13 29 I
533 728 148 38 enlighet
698 729 78 29 med
795 729 122 37 Kungl.
934 728 122 37 Maj:ts
1074 729 129 37 förslag
1224 729 126 37 (punkt
1369 729 28 34 3,
1416 738 25 20 s.
1460 728 49 35 2),
1527 729 234 29 innebärande

261 779 212 31 oförändrad
494 780 329 41 medelsanvisning,
844 781 201 29 hemställer
1066 781 180 34 utskottet,

613 832 50 28 att
685 830 187 39 riksdagen
894 830 58 30 må
972 830 53 29 till
1045 829 448 40 Handelsdepartementet:
1518 830 178 30 Utövande
1718 838 43 21 av

567 880 245 30 statskontroll
847 881 20 29 å
903 879 526 41 krigsmaterieltillverkningen
1467 881 54 29 för
1554 881 206 38 budgetåret

571 931 148 35 1954/55
742 932 122 31 anvisa
884 934 47 28 ett
953 932 273 40 förslagsanslag
1247 942 41 20 av
1309 931 40 30 28
1364 931 62 30 000
1447 932 140 30 kronor.

529 1132 473 51 Kommerskollegium
1030 1131 100 40 med
1157 1131 333 51 underlydande

634 1202 310 52 myndigheter
971 1202 83 40 och
1081 1201 138 40 kårer
1248 1215 55 25 m.
1331 1214 56 26 m.

302 1320 75 35 4:0)
399 1321 385 36 Kommerskollegium:
802 1322 221 35 Avlöningar.
1039 1321 122 37 Kungl.
1179 1320 104 37 Maj:t
1299 1321 61 29 har
1380 1320 177 37 föreslagit
1574 1320 185 37 riksdagen

281 1372 128 39 (punkt
426 1372 30 35 4,
476 1382 26 21 s.
520 1372 101 35 3—8)
645 1374 50 29 att
714 1374 73 30 dels
806 1373 186 40 godkänna
1009 1383 42 20 av
1068 1373 384 40 departementschefen
1471 1372 185 30 förordade
1674 1372 85 30 änd-

259 1424 118 39 ringar
405 1424 11 29 i
444 1424 432 40 personalförteckningen
906 1424 54 30 för
990 1424 378 39 kommerskollegium,
1398 1424 73 29 dels
1502 1423 186 40 godkänna
1717 1431 42 22 av

259 1475 384 40 departementschefen
667 1475 168 31 förordad
859 1475 252 40 avlöningsstat
1135 1475 53 30 för
1212 1474 379 39 kommerskollegium,
1616 1475 50 28 att
1691 1473 68 30 till-

259 1526 134 40 lämpas
419 1526 72 31 tills
517 1526 117 30 vidare
661 1526 83 30 från
770 1527 65 29 och
861 1527 78 29 med
965 1526 204 39 budgetåret
1198 1524 158 36 1954/55,
1384 1526 73 29 dels
1484 1525 65 29 ock
1574 1524 53 31 till
1653 1524 106 29 Kom-

258 1577 298 40 merskollegium:
583 1577 214 39 Avlöningar
820 1577 54 30 för
897 1576 155 30 nämnda
1075 1576 169 40 budgetår
1268 1575 121 31 anvisa
1412 1577 48 28 ett
1484 1575 274 40 förslagsanslag

259 1638 42 21 av
319 1628 94 31 2555
429 1628 63 30 700
511 1628 140 31 kronor.

303 1729 162 40 Anslaget
488 1731 38 29 är
548 1730 53 30 för
622 1729 237 31 innevarande
879 1728 170 39 budgetår
1070 1727 144 41 uppfört
1235 1729 79 29 med
1336 1726 18 29 2
1368 1726 63 29 490
1445 1725 64 30 800
1530 1725 140 30 kronor.

302 1782 65 30 För
393 1781 217 30 närvarande
636 1780 118 31 består
780 1779 318 40 kommerskollegii
1125 1776 494 42 skeppsmätningsavdelning
1646 1784 41 21 av
1714 1784 43 21 en

256 1832 263 40 överinspektör
541 1832 11 29 i
574 1831 44 32 Ca
640 1832 52 34 33,
716 1833 49 29 ett
787 1829 466 42 skeppsmätningstekniskt
1274 1828 133 31 biträde
1429 1828 65 30 och
1517 1837 42 20 en
1581 1827 174 30 kontorist

255 1884 11 29 i
285 1884 45 31 Ca
349 1884 48 30 13.
415 1884 78 30 Med
510 1884 137 38 hänsyn
664 1883 53 30 till
736 1884 50 29 att
802 1882 141 38 jämlikt
962 1881 84 30 1953
1064 1881 55 30 års
1136 1880 161 40 riksdags
1314 1880 113 30 beslut
1444 1889 59 21 om
1518 1878 237 40 omorganisa-

256 1936 74 29 tion
359 1946 42 20 av
429 1936 57 29 det
516 1935 150 30 svenska
695 1933 475 41 skeppsmätningsväsendet
1200 1932 197 29 kontrollen
1426 1932 81 29 över
1537 1930 219 40 skeppsmät-

256 1987 269 39 ningsväsendet
543 1986 88 30 skall
648 1985 206 30 handhavas
872 1994 43 20 av
931 1983 369 39 kommerskollegium
1317 1981 146 31 föreslår
1482 1982 274 39 departements-

254 2037 134 35 chefen,
415 2038 51 30 att
493 2036 230 40 avdelningen
750 2036 71 30 tills
848 2035 117 31 vidare
993 2036 89 29 skall
1109 2034 131 30 erhålla
1269 2033 154 40 följande
1451 2033 252 39 organisation:
1735 2031 15 29 1

254 2088 263 40 överinspektör
537 2087 11 30 i
569 2087 45 31 Ca
634 2087 51 35 33,
710 2087 15 29 1
748 2086 108 30 förste
877 2085 503 41 skeppsmätningskontrollör
1401 2084 11 30 i
1433 2083 43 30 Ce
1497 2083 51 35 27,
1572 2084 14 29 1
1610 2085 145 38 skepps-

254 2139 373 39 mätningskontrollör
648 2139 10 29 i
679 2138 43 30 Ce
744 2138 52 34 25,
820 2138 14 29 1
857 2137 175 29 kontorist
1051 2137 11 29 i
1083 2136 46 31 Ca
1150 2136 39 30 13
1211 2137 65 29 och
1298 2136 15 29 1
1335 2136 134 30 biträde
1489 2136 12 30 i
1521 2136 155 38 reglerad
1697 2135 57 30 be-

252 2190 279 40 fordringsgång.
557 2190 119 30 Förste
702 2188 549 41 skeppsmätningskontrollören
1275 2188 65 29 har
1362 2187 124 30 härvid
1511 2188 131 29 ansetts
1667 2187 87 29 böra

251 2242 155 40 placeras
429 2243 11 30 i
463 2241 40 30 27
528 2240 220 40 lönegraden.
773 2240 79 30 Som
874 2238 368 41 kompetensfordring
1264 2238 62 30 bör
1347 2238 195 40 uppställas
1565 2238 54 30 för
1643 2237 109 30 förste

252 2292 506 42 skeppsmätningskontrollör
783 2290 408 40 civilingenjörsexamen
1218 2289 82 30 eller
1326 2290 244 29 motsvarande
1596 2288 156 30 kunska-

251 2355 61 30 per
332 2347 88 29 samt
439 2345 56 30 för
515 2341 504 43 skeppsmätningskontrollör
1038 2339 506 40 läroverksingenjörsexamen
1563 2340 82 29 eller
1663 2339 88 29 mot-

252 2397 168 29 svarande
446 2395 213 39 kunskaper.
686 2393 79 31 Med
790 2393 137 38 hänsyn
952 2392 53 29 till
1032 2390 228 41 möjligheten
1286 2392 49 28 att
1359 2390 154 31 bestrida
1537 2390 92 30 vissa
1655 2391 97 29 över-

252 2447 299 40 gångskostnader
570 2445 79 30 från
669 2444 241 40 nyssnämnda
928 2442 97 34 fond,
1046 2451 100 30 synes
1167 2442 57 30 det
1244 2440 382 41 departementschefen
1646 2440 30 40 ej
1699 2450 53 21 er-
