1866 2770
245 157 17 29 6
679 158 285 31 Statsutskottets
990 159 178 31 utlåtande
1192 170 44 20 nr
1261 161 50 30 10.

1010 243 273 40 Avlöningsstat.

557 323 26 30 1.
608 324 200 39 Avlöningar
830 325 50 29 till
905 325 159 30 ordinarie
1086 326 212 38 tjänstemän,
1322 327 181 40 förslagsvis
1527 352 26 6 ..
1601 329 137 30 354600

554 374 28 30 2.
607 374 200 39 Avlöningar
827 375 51 29 till
898 375 248 31 icke-ordinarie
1162 377 391 39 personal............
1621 379 40 30 49
1676 379 60 30 800

554 424 28 30 3.
607 424 129 40 Rörligt
758 425 122 39 tillägg,
906 425 177 40 förslagsvis
1105 451 447 7 sssssessrssrsrsrrrr
1484 420 29 50 rr
1525 420 32 50 es
1601 429 60 30 216
1676 429 60 30 200

1279 503 134 30 Summa
1436 504 119 30 kronor
1595 505 61 30 620
1671 505 69 36 600;

597 584 39 34 b)
691 585 54 30 till
771 586 413 41 Fartygsinspektionen:
1214 587 214 41 Avlöningar
1457 588 54 31 för
1538 589 206 40 budgetåret

554 635 149 36 1954/55
725 636 120 30 anvisa
867 638 49 28 ett
937 637 271 41 förslagsanslag
1230 648 40 21 av
1291 639 63 30 620
1369 640 63 30 600
1454 640 138 30 kronor.

288 794 93 33 11:0)
416 795 403 36 Fartygsinspektionen:
851 796 263 32 Omkostnader.
1144 797 13 29 I
1187 798 148 37 enlighet
1362 799 79 29 med
1469 799 123 37 Kungl.
1622 800 120 36 Maj:ts

242 844 130 42 förslag
402 845 130 40 (punkt
560 847 48 34 11,
638 857 25 20 s.
692 847 71 36 14),
789 847 237 33 innebärande
1051 849 214 31 oförändrad
1292 851 328 40 medelsanvisning,
1647 852 95 29 hem-

242 895 117 31 ställer
382 896 180 35 utskottet,

593 949 52 28 att
671 948 186 40 riksdagen
883 949 60 30 må
967 950 51 29 till
1044 949 412 41 Fartygsinspektionen:
1484 951 259 31 Omkostnader

550 998 53 30 för
626 998 203 39 budgetåret
856 998 148 37 1954/55
1028 999 120 32 anvisa
1171 1003 47 28 ett
1241 1002 273 40 förslagsanslag
1536 1012 41 21 av
1602 1002 61 30 102
1678 1002 62 31 000

550 1048 141 30 kronor.

286 1198 93 34 12:0)
413 1199 487 37 Skeppsmätningsväsendet:
933 1201 220 36 Avlöningar.
1184 1201 122 38 Kungl.
1338 1202 103 36 Maj:t
1471 1202 63 29 har
1564 1202 178 38 föreslagit

240 1249 187 41 riksdagen
455 1250 129 41 (punkt
608 1251 51 35 12,
683 1261 26 20 s.
734 1251 145 35 14—18)
908 1253 50 29 att
980 1253 71 31 dels
1073 1253 210 40 bemyndiga
1305 1253 126 40 Kungl.
1456 1253 104 40 Maj:t
1583 1256 51 29 att
1656 1254 85 31 fast-

240 1301 101 30 ställa
360 1302 389 40 personalförteckning
768 1302 54 31 för
843 1303 475 40 skeppsmätningsväsendet
1339 1314 43 20 av
1401 1305 57 30 det
1477 1304 166 36 innehåll,
1665 1314 75 21 som

238 1350 150 40 angivits
409 1352 12 29 i
443 1352 382 40 statsrådsprotokollet
847 1354 81 29 över
951 1353 301 31 handelsärenden
1274 1355 55 30 för
1350 1355 68 30 den
1439 1354 20 30 4
1479 1355 142 39 januari
1646 1354 93 35 1954,

240 1402 71 30 dels
340 1403 188 38 godkänna
555 1413 42 21 av
624 1404 386 39 departementschefen
1038 1405 166 30 förordad
1233 1405 253 39 avlöningsstat
1514 1406 55 30 för
1597 1406 143 40 skepps-

239 1451 352 40 mätningsväsendet,
617 1454 51 29 att
692 1453 176 41 tillämpas
893 1455 111 30 under
1027 1455 96 30 tiden
1150 1455 14 29 1
1189 1455 230 40 januari—30
1442 1456 79 40 juni
1547 1456 94 35 1955,
1667 1456 72 31 dels

238 1503 65 29 ock
322 1503 52 30 till
396 1503 496 40 Skeppsmätningsväsendet:
916 1504 211 41 Avlöningar
1148 1506 56 30 för
1223 1506 204 40 budgetåret
1450 1506 147 36 1954/55
1619 1508 120 30 anvisa

239 1554 47 28 ett
314 1553 272 41 förslagsanslag
613 1564 44 21 av
685 1555 60 30 173
760 1555 63 30 200
851 1556 140 30 kronor.

281 1652 166 40 Anslaget
469 1655 39 29 är
531 1654 53 31 för
607 1653 235 33 innevarande
865 1655 169 40 budgetår
1056 1657 145 39 uppfört
1223 1658 78 29 med
1324 1656 42 30 64
1380 1656 63 30 600
1467 1658 140 29 kronor.

282 1703 12 29 I
318 1703 153 39 enlighet
495 1704 77 29 med
594 1704 116 30 beslut
732 1714 41 21 av
795 1705 209 39 föregående
1027 1705 55 30 års
1105 1706 145 39 riksdag
1272 1706 90 29 skall
1386 1715 42 20 en
1452 1715 46 30 ny
1520 1706 215 40 skeppsmät-

237 1752 341 40 ningsorganisation
602 1754 135 31 införas
761 1755 66 30 den
855 1756 14 29 1
896 1755 140 40 januari
1063 1756 94 29 1955.
1184 1756 243 30 Kostnaderna
1452 1757 54 29 för
1532 1757 66 29 den
1623 1756 114 30 lokala

236 1802 283 39 organisationen
547 1804 91 30 skall
664 1804 171 31 bestridas
867 1813 123 32 genom
1017 1806 41 29 de
1086 1805 468 41 skeppsmätningsavgifter,
1584 1815 76 21 som
1688 1815 47 21 er-

237 1853 93 39 läggs
354 1862 42 22 av
419 1863 85 22 varv
524 1855 64 29 och
612 1855 131 30 redare.
767 1855 110 31 Dessa
901 1855 146 40 avgifter
1071 1856 91 30 skall
1185 1856 176 31 redovisas
1386 1858 111 29 under
1520 1866 42 20 en
1586 1857 149 30 särskild

237 1904 236 40 inkomstpost
496 1905 11 29 i
533 1905 201 31 riksstaten.
760 1906 52 30 Då
837 1907 298 39 sportelsystemet
1161 1907 123 31 härvid
1310 1907 192 38 avskaffas,
1529 1908 62 30 bör
1616 1908 11 29 i
1653 1908 85 30 fort-

237 1953 199 40 sättningen
462 1955 121 39 anslag
608 1955 55 32 för
690 1956 204 39 avlöningar
920 1956 64 30 och
1011 1957 249 30 omkostnader
1286 1957 58 30 vid
1371 1958 364 39 skeppsmätningsvä-

237 2004 119 29 sendet
385 2004 140 30 anvisas
553 2006 10 29 i
593 2015 136 21 samma
758 2006 150 39 ordning
937 2015 73 21 som
1039 2006 106 40 gäller
1174 2007 55 31 för
1259 2007 349 40 statsförvaltningen
1636 2008 10 29 i
1676 2008 60 30 all-

236 2054 151 30 mänhet.

279 2104 48 29 De
357 2114 42 21 av
426 2105 368 40 kommerskollegium
824 2107 10 29 i
864 2107 165 39 förslaget
1056 2107 53 30 till
1139 2108 519 40 skeppsmätningskungörelse
1685 2109 51 29 in-

235 2156 103 38 tagna
362 2155 311 32 bestämmelserna
699 2167 55 20 om
783 2158 458 39 skeppsmätningsavgifter
1268 2168 102 30 synes
1398 2160 339 39 departementsche-

235 2204 57 29 fen
310 2214 83 21 vara
410 2206 40 30 så
468 2207 201 38 avpassade,
689 2208 50 29 att
758 2207 196 40 avgifterna
972 2208 158 30 kommer
1150 2210 51 28 att
1220 2209 101 29 täcka
1340 2209 236 30 kostnaderna
1595 2210 56 30 för
1669 2210 67 29 den

235 2254 113 31 lokala
370 2256 294 39 organisationen.
688 2257 64 30 Det
774 2258 206 30 förutsättes
1005 2258 35 30 få
1063 2259 190 30 ankomma
1276 2259 44 40 på
1342 2260 126 38 Kungl.
1493 2260 105 39 Maj:t
1620 2261 51 29 att
1693 2277 44 3 —

234 2305 106 30 sedan
359 2305 188 40 riksdagen
565 2307 175 30 meddelat
757 2308 115 30 beslut
891 2308 176 39 angående
1087 2309 257 40 omfattningen
1362 2319 43 21 av
1422 2310 66 30 den
1505 2320 68 29 nya
1592 2311 143 39 skepps-

234 2356 461 39 mätningsorganisationen
714 2376 44 3 —
777 2358 144 30 utfärda
943 2358 205 39 kungörelse
1171 2368 56 21 om
1249 2360 290 40 skeppsmätning
1558 2370 46 21 m.
1626 2370 45 24 m,

276 2405 370 39 Kommerskollegium
661 2407 208 35 hemställer,
886 2410 49 28 att
950 2409 51 28 till
1018 2409 203 37 avlöningar
1236 2410 58 29 vid
1312 2410 423 38 skeppsmätningsväsen-

233 2455 54 30 det
304 2456 104 30 måtte
428 2457 137 29 anvisas
586 2458 227 38 sammanlagt
833 2458 58 30 170
905 2458 59 30 300
984 2459 138 30 kronor.
