2184 2622
423 162 18 30 2
818 156 133 38 Andra
975 163 220 42 lagutskottets
1219 164 164 33 utlåtande
1404 165 55 32 Nr
1481 166 51 31 43.

1124 344 113 34 LAG

426 419 180 42 angående
630 421 132 33 förbud
785 422 14 31 i
822 422 94 33 vissa
938 422 66 33 fall
1028 422 59 33 för
1111 423 147 33 enskild
1280 432 126 33 person
1432 424 54 32 att
1508 425 135 32 besitta
1666 425 74 33 fast
1764 426 181 40 egendom.

1140 519 21 50 $
1193 522 32 34 1.

505 606 163 36 Enskild
696 619 137 36 person
862 609 61 34 må
952 607 33 48 ej
1016 607 13 35 i
1058 606 45 36 de
1133 606 68 36 fall
1229 606 123 37 denna
1380 606 65 50 lag
1473 612 112 43 säger
1613 613 92 31 utan
1735 609 153 37 särskilt
1917 611 72 35 till-

375 658 110 36 stånd
515 656 252 50 (koncession)
796 658 85 37 med
911 658 225 48 äganderätt
1165 657 139 37 besitta
1331 658 77 37 fast
1437 659 188 49 egendom
1646 661 70 35 och
1734 661 107 48 skall,
1863 661 126 38 därest

376 710 63 36 det
479 709 131 37 oaktat
652 710 151 36 förvärv
832 715 94 44 äger
952 723 95 33 rum,
1078 712 80 34 åter
1187 710 195 36 avhändas
1411 711 241 48 egendomen
1681 713 12 35 i
1722 712 71 36 den
1823 713 166 50 ordning

374 761 124 37 nedan
525 761 169 49 stadgas.

503 813 82 37 Vad
629 814 158 35 sålunda
829 814 157 48 stadgas
1028 819 92 43 äger
1154 813 244 49 tillämpning
1427 817 20 33 å
1474 815 225 49 besittning,
1729 817 258 48 uppkommen

373 878 138 35 genom
552 865 163 48 förvärv,
754 866 96 43 efter
893 866 62 36 det
997 866 123 36 denna
1158 865 66 49 lag
1265 871 91 31 trätt
1397 867 11 35 i
1450 867 111 47 kraft,
1606 868 69 35 och
1714 869 273 37 återverkande

375 917 245 49 tillämpning
649 917 159 37 allenast
835 920 49 46 på
912 923 74 31 sätt
1014 917 11 36 i
1057 920 45 33 13
1132 917 20 49 $
1182 922 98 44 sägs.

1134 1003 21 49 d
1186 1006 33 33 2.

501 1073 154 36 Förbud
685 1073 120 49 enligt
832 1072 21 50 $&
885 1076 17 32 1
934 1072 134 50 gäller:

504 1124 34 48 1)
568 1125 149 36 enskild
745 1138 152 35 person,
926 1124 127 37 vilken
1081 1124 306 49 uppenbarligen
1406 1125 158 37 besitter
1583 1127 234 48 fastigheten
1837 1128 147 36 huvud-

372 1176 174 49 sakligen
590 1177 58 35 för
689 1182 55 30 att
785 1176 260 49 tillgodogöra
1087 1177 61 48 sig
1190 1176 399 50 skogsavkastningen
1634 1178 91 37 eller
1759 1180 11 35 i
1800 1180 99 47 syfte
1928 1187 55 29 att

370 1228 136 36 bereda
547 1228 62 49 sig
650 1228 128 49 hastig
805 1229 105 35 vinst
939 1241 139 35 genom
1108 1229 227 47 avyttrande
1365 1242 46 23 av
1439 1230 134 47 gröda,
1603 1230 256 49 fastighetens
1891 1245 93 36 upp-

371 1280 157 48 delning
556 1281 12 35 i
596 1284 144 32 smärre
770 1280 113 36 lotter
912 1280 89 36 eller
1029 1279 123 49 dylikt
1180 1286 97 30 samt
1305 1280 82 36 icke
1415 1281 64 36 vid
1509 1281 72 37 den
1611 1287 86 31 näst
1726 1283 95 36 efter
1849 1283 134 49 fastig-

370 1331 133 37 hetens
531 1332 252 36 förvärvande
812 1331 206 37 infallande
1047 1331 624 51 mantalsskrivningsförrättning
1697 1335 12 35 i
1737 1340 108 30 orten
1874 1335 110 36 blivit

369 1384 320 36 mantalsskriven
732 1387 21 33 å
794 1383 233 49 fastigheten
1069 1383 92 36 eller
1194 1386 20 33 å
1241 1383 193 49 fastighet,
1466 1398 82 23 som
1577 1391 42 30 är
1647 1387 11 35 i
1688 1386 180 36 sambruk
1896 1387 84 36 med

369 1435 232 48 densamma,
632 1436 91 36 eller
751 1435 70 37 ock
849 1435 165 36 därefter
1041 1435 152 49 upphör
1221 1441 55 30 att
1303 1449 89 23 vara
1421 1437 319 37 mantalsskriven
1760 1441 20 33 å
1800 1439 183 48 fastighet

369 1500 81 23 som
479 1501 50 22 nu
559 1493 108 43 sagts
696 1485 502 50 (spekulationsbesittning);

499 1538 36 49 2)
566 1539 148 36 enskild
754 1552 138 36 person
936 1539 57 36 för
1033 1539 200 48 fastighet,
1275 1540 141 48 vilken,
1446 1542 265 47 sammanlagd
1740 1542 85 36 med
1856 1556 125 22 annan

369 1603 144 23 samma
550 1604 137 34 person
716 1592 101 36 förut
845 1590 173 49 tillhörig
1047 1591 75 35 fast
1150 1591 187 48 egendom
1367 1592 101 37 inom
1497 1606 146 23 samma
1671 1594 182 48 tingslag,
1876 1599 106 32 över-

368 1642 146 49 skjuter
554 1643 105 36 inom
701 1643 204 47 Norrland,
941 1642 166 37 Dalarna
1140 1643 71 35 och
1240 1642 205 39 Värmland
1477 1647 45 34 15
1553 1645 134 36 hektar
1715 1645 12 36 i
1755 1651 107 42 tomt,
1892 1646 91 36 åker

368 1695 71 35 och
467 1699 87 44 äng,
584 1695 208 36 oberäknat
820 1695 98 36 dock
947 1695 184 48 avlägsen
1161 1695 220 48 slåtteräng,
1412 1702 97 30 samt
1538 1698 74 35 200
1642 1696 135 37 hektar
1805 1698 11 34 i
1846 1698 135 47 skogs-

369 1746 71 35 och
481 1746 187 48 hagmark
711 1753 98 30 samt
836 1747 103 36 inom
969 1747 133 47 övriga
1130 1747 99 35 riket
1260 1748 43 35 15
1334 1747 134 37 hektar
1495 1749 11 35 i
1536 1753 107 41 tomt,
1674 1749 88 35 åker
1790 1749 70 36 och
1889 1754 89 44 äng,

367 1797 208 37 oberäknat
617 1798 184 49 avlägsen
842 1798 222 48 slåtteräng,
1095 1803 99 31 samt
1225 1800 71 34 100
1325 1799 133 37 hektar
1491 1800 11 35 i
1531 1800 134 48 skogs-
1694 1800 70 36 och
1792 1800 187 49 hagmark

370 1848 494 52 (kumulationsbesittning);

499 1900 36 49 3)
566 1901 149 37 enskild
758 1915 147 35 person,
949 1915 80 23 som
1062 1902 12 35 i
1102 1902 122 47 själva
1252 1902 129 37 verket
1410 1904 309 48 huvudsakligen
1748 1904 59 36 för
1834 1918 145 22 annans

366 1953 166 48 räkning
560 1966 87 23 men
676 1953 12 36 i
716 1959 86 44 eget
830 1968 117 22 namn
976 1954 193 36 förvärvat
1196 1954 76 36 fast
1301 1956 200 47 egendom,
1530 1956 128 36 vilken
1688 1956 121 48 enligt
1840 1955 18 37 1
1889 1956 91 36 eller

366 2007 22 33 2
419 2018 110 23 mom.
560 2019 100 23 ovan
689 2006 90 36 eller
806 2007 122 48 enligt
954 2007 160 47 lagarna
1142 2019 61 23 om
1233 2006 135 37 förbud
1397 2008 12 35 i
1438 2008 103 36 vissa
1569 2008 64 36 fall
1663 2008 59 36 för
1750 2008 116 48 bolag
1886 2008 91 36 eller

364 2057 176 48 förening
581 2057 91 37 eller
712 2058 179 36 utländsk
934 2058 261 48 medborgare,
1226 2058 255 50 samfällighet
1503 2060 90 36 eller
1620 2059 172 46 stiftelse,
1824 2065 53 30 att
1898 2059 81 43 för-

364 2114 118 31 värva
510 2109 74 36 fast
613 2109 189 48 egendom
830 2110 83 36 icke
942 2113 61 32 må
1032 2124 47 21 av
1107 2110 298 37 huvudmannen
1433 2112 210 43 förvärvas;
1676 2114 42 33 så
1738 2111 70 36 ock
1829 2111 147 37 enskild

364 2173 150 35 person,
558 2174 82 23 som
680 2161 68 36 har
790 2161 60 36 del
892 2162 12 35 i
937 2161 206 49 ledningen
1172 2175 49 23 av
1250 2162 89 37 eller
1366 2163 357 48 tjänstebefattning
1752 2163 69 36 hos
1850 2162 126 49 bolag,

363 2224 87 23 vars
478 2213 141 36 rörelse
648 2213 178 36 omfattar
854 2213 138 36 handel
1021 2214 84 36 med
1135 2214 90 36 eller
1253 2215 243 48 utnyttjande
1526 2228 46 22 av
1601 2215 99 48 skog
1729 2214 93 37 eller
1842 2214 130 48 skogs-

362 2263 210 49 produkter
600 2263 381 50 (bulvanbesittning).
