2204 2628
149 900 87 23 Extra
253 899 102 24 notarie

167 934 16 24 å
201 934 131 32 krigshov-

176 969 156 24 rättsavdel-

148 1004 96 31 ningen
262 1004 10 23 i
289 1003 65 24 Svea

194 1039 114 24 hovrätt.

202 1074 94 46 [20.]

164 1881 87 23 Extra
268 1882 74 22 vakt-

174 1917 117 22 mästare
309 1915 10 24 i

149 1951 65 23 Svea
241 1951 112 25 hovrätt,

199 1986 93 46 [21.]

418 145 41 29 24
873 145 250 30 Statsutskottets
1145 144 162 31 utlåtande
1331 144 53 31 Nr
1406 146 18 29 2
1439 146 38 29 A.

504 221 74 36 Till
606 222 213 36 avlönande
848 235 47 23 av
922 235 47 23 en
997 227 108 31 extra
1133 221 166 38 ledamot
1327 222 12 35 i
1368 221 99 37 Svea
1494 223 152 35 hovrätt
1672 222 69 35 har
1769 223 205 48 riksdagen

378 276 21 33 å
427 277 105 33 extra
560 279 78 30 stat
666 273 59 36 för
752 273 257 36 innevarande
1038 276 41 33 år
1108 274 147 36 anvisat
1283 278 53 32 ett
1365 273 135 49 anslag
1527 276 20 33 å
1578 275 111 45 7,000
1709 273 151 37 kronor.
1889 274 86 37 Med

376 325 147 48 hänsyn
565 325 59 36 till
663 325 73 36 den
777 338 47 23 av
865 325 139 48 Kungl.
1049 325 107 48 Maj:t
1197 325 230 48 föreslagna,
1471 338 46 23 av
1544 325 207 49 riksdagen
1778 327 197 35 numera
1953 321 26 57 i

376 375 200 37 huvudsak
612 382 168 42 antagna
815 376 330 49 löneregleringen
1183 378 57 35 för
1268 376 360 49 statsdepartement
1656 390 49 22 m.
1735 391 48 21 m.
1815 377 69 36 har
1912 391 63 22 an-

376 428 124 48 slaget
526 428 11 35 i
567 428 111 48 fråga
706 431 57 33 för
789 430 42 34 år
862 430 98 34 1922
988 427 201 38 beräknats
1217 428 56 36 till
1303 430 113 45 9,540
1444 428 149 36 kronor.

503 531 130 37 Under
673 532 151 36 erinran
866 544 59 23 om
968 532 72 36 vad
1081 532 184 36 utskottet
1301 532 118 36 under
1450 532 122 47 punkt
1598 534 23 33 4
1650 546 45 22 av
1726 532 249 36 förevarande

376 583 195 36 utlåtande
599 583 124 36 anfört
751 583 58 35 får
836 583 185 36 utskottet
1048 583 209 47 hemställa,

905 674 53 31 att
984 669 204 49 riksdagen
1217 673 60 33 må
1305 670 58 35 till
1392 671 211 35 avlönande
1628 683 45 23 av
1693 683 46 23 en
1759 674 100 33 extra
1880 672 94 35 leda-

773 727 73 30 mot
873 724 14 33 i
915 722 92 36 Svea
1036 723 140 34 hovrätt
1204 724 20 33 å
1252 728 106 29 extra
1387 727 74 30 stat
1489 722 58 36 för
1575 724 40 34 år
1646 723 96 34 1922
1764 722 133 36 anvisa
1920 728 54 30 ett

775 772 312 49 förslagsanslag,
1116 773 127 48 högst,
1274 775 114 45 9,540
1416 773 149 36 kronor.

505 893 100 48 20:0)
633 893 142 49 Kungl.
819 894 107 47 Maj:t
953 893 68 36 har
1049 893 129 37 vidare
1205 894 199 48 föreslagit
1431 893 204 49 riksdagen
1664 894 136 48 (punkt
1828 894 63 49 20)
1919 902 53 29 att

375 945 56 35 till
472 944 210 37 avlönande
718 958 48 23 av
806 957 47 24 en
895 951 104 30 extra
1035 945 145 36 notarie
1221 948 20 33 å
1270 944 538 49 krigshovrättsavdelningen
1836 945 12 36 i
1877 947 96 34 Svea

374 996 154 36 hovrätt
555 999 21 33 å
603 1002 106 30 extra
737 1002 76 31 stat
842 997 59 36 för
919 1000 40 33 år
988 999 98 34 1922
1117 996 138 48 bevilja
1283 1003 53 30 ett
1363 997 310 49 förslagsanslag,
1703 997 126 48 högst,
1861 999 110 45 6,048

374 1048 150 36 kronor.

503 1099 17 36 I
551 1099 106 49 fråga
698 1113 62 23 om
802 1100 252 48 utredningen
1083 1100 12 35 i
1123 1100 155 36 ärendet
1321 1100 57 35 får
1423 1100 180 36 utskottet
1630 1101 162 36 hänvisa
1820 1101 55 35 till
1903 1101 67 36 sid.

375 1152 149 35 30—31
554 1151 12 35 i
594 1151 425 48 statsrådsprotokollet.

504 1255 75 35 För
609 1255 292 48 ifrågavarande
934 1254 173 36 ändamål
1144 1254 188 50 beviljade
1360 1255 163 35 sistlidet
1550 1258 61 33 års
1639 1255 159 48 riksdag
1825 1260 55 31 ett
1907 1269 62 22 an-

374 1307 83 47 slag
485 1309 21 33 å
534 1308 113 43 3,900
688 1307 150 36 kronor.
895 1306 57 36 Av
993 1306 198 36 enahanda
1233 1306 221 49 anledning,
1483 1319 80 23 som
1593 1306 119 36 under
1741 1307 231 49 föregående

374 1358 122 48 punkt
524 1362 164 43 nämnts,
718 1358 69 36 har
815 1358 173 48 anslaget
1016 1360 56 34 för
1101 1361 41 33 år
1173 1359 96 35 1922
1299 1357 204 37 beräknats
1531 1358 57 36 till
1618 1359 111 46 6,048
1759 1358 151 37 kronor.

503 1461 196 37 Utskottet
740 1462 67 41 får,
849 1461 118 36 under
1006 1462 231 48 hänvisning
1279 1461 53 36 till
1364 1462 71 35 vad
1465 1461 119 37 under
1611 1463 121 47 punkt
1761 1464 23 33 4
1814 1463 156 45 anförts,

375 1513 210 46 hemställa,

905 1605 54 31 att
997 1600 204 48 riksdagen
1243 1604 61 32 må
1345 1600 56 36 till
1442 1600 209 36 avlönande
1692 1613 46 22 av
1781 1613 48 22 en
1871 1605 98 31 extra

773 1654 141 34 notarie
942 1654 20 33 å
991 1653 502 44 krigshovrättsavdelningen
1522 1655 13 33 i
1561 1653 88 34 Svea
1670 1653 179 35 hovrätt
1835 1649 18 53 å
1866 1656 104 31 extra

773 1709 76 31 stat
891 1704 56 35 för
987 1705 41 34 år
1072 1705 97 34 1922
1210 1703 142 48 bevilja
1394 1710 51 29 ett
1488 1703 314 48 förslagsanslag,
1845 1703 124 49 högst,

774 1757 113 45 6,048
917 1755 149 36 kronor.

504 1874 99 49 21:0)
632 1875 142 48 Kungl.
804 1875 108 49 Maj:t
940 1876 67 35 har
1034 1875 199 49 föreslagit
1258 1876 207 48 riksdagen
1494 1876 134 49 (punkt
1655 1875 62 49 21)
1747 1882 55 29 att
1820 1877 76 35 dels
1915 1876 54 35 till

350 1926 234 36 "avlönande
620 1940 48 22 av
704 1940 46 23 en
787 1933 108 30 extra
930 1927 255 37 vaktmästare
1212 1928 12 35 i
1252 1927 98 37 Svea
1382 1928 152 35 hovrätt
1560 1930 21 33 å
1609 1932 105 31 extra
1742 1932 75 31 stat
1847 1927 57 36 för
1931 1929 40 33 år

376 1981 97 33 1922
507 1978 132 36 anvisa
667 1984 52 30 ett
747 1979 316 49 förslagsanslag,
1093 1980 127 48 högst,
1249 1981 114 43 2,364
1391 1979 151 43 kronor,
1572 1980 74 35 dels
1674 1980 60 35 ock
1762 1978 208 36 föreskriva

373 2035 65 41 att,
481 2030 124 36 därest
651 2030 74 36 den
761 2036 106 30 extra
895 2031 282 36 vaktmästaren
1205 2031 145 36 indelas
1379 2031 56 36 till
1464 2030 261 49 tjänstgöring
1751 2030 65 36 vid
1845 2030 124 48 krigs-

373 2081 424 48 hovrättsavdelningen
825 2082 70 36 och
923 2083 12 34 i
963 2083 93 48 följd
1086 2083 114 35 därav
1227 2082 174 37 kommer
1429 2083 11 35 i
1461 2082 219 49 åtnjutande
1700 2095 46 23 av
1769 2082 46 35 fri
1836 2081 133 37 bostad

372 2133 86 36 med
497 2133 162 44 bränsle,
695 2134 207 36 eventuellt
930 2135 84 35 med
1044 2133 150 37 bränsle
1222 2134 70 36 och
1321 2134 93 49 lyse,
1443 2134 75 35 han
1547 2134 96 36 skall
1670 2133 85 36 med
1784 2133 186 36 avseende

373 2187 21 33 å
422 2185 111 36 dessa
566 2185 191 36 förmåner
789 2199 92 23 vara
916 2186 252 36 underkastad
1202 2186 267 36 motsvarande
1498 2185 284 37 bestämmelser
1808 2184 161 37 rörande

373 2236 219 49 skyldighet
634 2242 53 31 att
728 2237 129 36 därför
902 2237 134 49 utgiva
1073 2238 225 48 ersättning,
1327 2250 79 23 som
1437 2238 121 36 finnas
1586 2237 157 48 intagna
1771 2237 12 34 i
1814 2239 46 33 22
1899 2236 67 36 och
