2202 2624
412 154 43 31 48
865 152 251 32 Statsutskottets
1137 150 165 32 utlåtande
1324 151 53 30 Nr
1400 152 19 29 2
1433 151 42 30 ÅA.

369 232 173 49 kunniga
581 231 138 49 (punkt
760 230 63 49 60)
862 230 173 36 kommer
1071 230 187 35 utskottet
1298 234 56 30 att
1388 228 201 36 framdeles
1616 228 120 36 under
1762 227 208 49 riksdagen

369 284 141 47 avgiva
537 282 209 44 utlåtande;
776 281 118 36 vilket
920 281 185 36 utskottet
1134 280 125 36 skolat
1286 280 224 47 härigenom
1539 279 59 35 för
1625 279 207 47 riksdagen

899 368 158 35 anmäla.

792 515 210 56 Övriga
1029 521 281 38 ordinarie
1340 520 208 47 anslag.

157 626 96 44 Övriga
271 631 68 24 ordi-
502 628 98 48 58:0)
627 627 239 37 Beträffande
895 626 135 49 övriga
1057 626 189 35 ordinarie
1266 625 145 46 anslag,
1431 637 81 23 som
1531 624 13 35 i
1562 624 207 36 riksstaten
1789 624 59 35 för
1866 624 108 35 inne-

143 665 208 82 MC
370 680 166 37 varande
564 683 41 33 år
632 684 65 31 äro
724 678 189 50 uppförda
940 678 120 36 under
1087 678 119 35 andra
1231 676 249 46 huvudtiteln,
1510 676 68 35 har
1600 675 143 49 Kungl.
1764 675 108 50 Maj:t
1890 675 86 36 icke

204 726 368 53 "föreslagit
600 744 127 23 annan
755 730 162 49 ändring
931 734 48 48 än
1004 735 65 41 att,
1088 730 60 35 till
1161 728 208 50 jämnande
1388 741 47 22 av
1454 727 260 37 huvudtitelns
1734 726 238 48 slutsumma,

371 783 341 49 förslagsanslaget
741 783 56 36 till
824 781 242 37 bestridande
1095 795 46 22 av
1170 779 445 50 tryckningskostnader,
1645 792 81 23 som
1753 779 92 36 icke.
1865 778 109 37 skola

372 848 47 23 av
448 835 115 36 andra
592 835 121 35 medel
741 833 146 49 gäldas,
917 836 116 33 måtte
1057 832 139 37 sänkas
1216 832 82 36 från
1317 831 86 36 dess
1423 831 219 35 nuvarande
1663 830 148 49 belopp,
1833 831 139 45 50,112

372 887 151 45 kronor,
552 886 84 36 med
666 888 47 33 47
744 885 139 36 kronor
910 885 57 36 till
996 886 138 45 50,065
1164 885 149 34 kronor.

501 938 199 37 Utskottet
727 936 225 48 hemställer,

903 1030 55 29 att
986 1022 178 49 samtliga
1190 1022 186 36 ordinarie
1400 1021 135 48 anslag
1553 1020 120 36 under
1694 1020 116 36 andra
1828 1019 149 36 huvud-

776 1076 118 47 titeln,
936 1088 81 23 som
1059 1074 69 36 här
1159 1086 98 24 ovan
1285 1073 82 36 icke
1394 1072 110 36 blivit
1532 1071 154 37 särskilt
1714 1070 260 46 omförmälda,

776 1130 60 34 må
864 1130 59 33 för
950 1129 41 34 år
1022 1128 97 34 1922
1148 1125 208 36 fastställas
1384 1124 57 36 till
1468 1136 145 24 samma
1640 1123 151 48 belopp,
1816 1135 83 24 som
1919 1122 56 36 uti

775 1178 254 37 innevarande
1070 1180 60 33 års
1170 1177 174 44 riksstat;
1383 1176 97 36 dock
1514 1180 53 30 att
1594 1175 12 35 i
1634 1174 341 49 förslagsanslaget

775 1231 56 36 till
858 1229 240 38 bestridande
1126 1242 48 23 av
1198 1226 447 51 tryckningskostnader,
1665 1239 82 23 som
1766 1225 83 37 icke
1868 1225 108 36 skola

776 1296 46 23 av
863 1282 117 36 andra
1020 1280 124 37 medel
1185 1280 145 48 gäldas,
1359 1282 62 33 må
1452 1279 37 36 få
1518 1283 115 43 göras
1661 1278 73 35 den
1757 1277 218 48 jämkning,

776 1348 79 23 som
884 1335 59 35 för
965 1332 207 49 jämnande
1189 1345 46 22 av
1260 1330 257 37 huvudtitelns
1536 1330 224 35 slutsumma
1779 1329 74 35 kan
1874 1327 101 37 bliva

776 1386 233 47 erforderlig.

506 1492 222 37 Stockholm
758 1491 71 36 den
859 1492 45 33 22
936 1487 163 38 februari
1132 1490 107 33 1921.

888 1594 53 35 På
969 1592 301 36 statsutskottets
1304 1595 156 43 vägnar:

920 1696 35 36 S.
986 1697 46 35 H.
1062 1692 371 39 KVARNZELIUS.

481 1958 55 26 Vid
555 1956 175 28 förestående
749 1954 117 28 ärendes
884 1952 230 35 slutbehandling
1132 1953 76 25 inom
1228 1951 138 26 utskottet
1383 1950 74 26 hava
1475 1951 134 25 närvarit:

481 2002 62 26 från
570 2001 88 26 första
685 1999 174 26 kammaren:
879 1997 95 26 herrar
992 1997 30 27 S.
1042 1996 36 26 H.
1099 1995 213 31 Kvarnzelius,
1331 1993 33 27 4.
1391 1995 27 26 C.
1442 1994 162 28 Lindblad,
1625 1993 34 26 N.
1679 1993 34 26 A.
1732 1993 130 31 Nilsson,
1882 1994 37 25 H.
1941 1994 37 25 F.

376 2047 119 30 Lamm,
514 2045 24 26 J.
558 2045 123 26 Nilsson
693 2042 9 26 i
715 2041 230 31 Skottlandshus,
958 2041 37 25 H.
1010 2040 38 25 M.
1062 2039 187 29 Bäckström,
1262 2036 24 27 J.
1303 2038 33 25 L.
1353 2037 115 30 Widell,
1485 2037 28 26 0.
1532 2038 30 25 U.
1577 2037 34 26 B.
1626 2037 112 31 Olsson,
1755 2036 27 27 C.
1801 2036 31 27 G.
1848 2036 128 31 Ekman,

376 2091 34 25 E.
429 2090 34 26 A.
484 2088 116 30 Hallin,
623 2087 28 27 C.
672 2088 33 25 P.
730 2087 30 25 V.
781 2086 122 26 Nilsson
921 2083 51 27 och
992 2084 33 26 4.
1046 2084 34 26 R.
1100 2082 96 27 Rooth
1214 2083 73 24 samt

482 2132 62 26 från
563 2130 88 28 andra
669 2129 173 27 kammaren:
879 2128 97 26 herrar
993 2126 33 26 4.
1050 2126 158 26 Anderson
1227 2124 8 26 i
1254 2124 132 33 Råstock,
1405 2125 34 25 A.
1464 2123 153 31 Wiklund,
1634 2124 26 25 J.
1679 2123 148 27 Jönsson
1820 2118 17 44 i
1842 2122 134 34 Revinge,

380 2178 28 26 C.
436 2177 35 26 RB.
498 2176 133 26 Jansson
653 2174 9 25 i
682 2172 98 32 Falun,
799 2173 33 26 P.
852 2172 33 26 B.
907 2171 120 26 Nilsson
1046 2169 8 26 i
1073 2167 155 36 Landeryd,
1247 2168 33 26 L.
1299 2169 26 25 J.
1347 2168 328 29 Carlsson-Frosterud,
1695 2167 29 27 S.
1748 2167 33 26 E.
1804 2166 27 27 J.
1853 2165 128 31 Libeck,

381 2220 42 26 W.
444 2219 187 30 Bäckström,
653 2217 30 27 0.
707 2218 121 26 Nilsson
849 2216 9 25 i
880 2208 114 35 Örebro,
1014 2214 39 26 K.
1072 2213 32 25 A.
1130 2212 161 30 Westman,
1311 2212 33 25 F.
1369 2210 29 26 T.
1419 2212 135 26 Hamrin
1572 2210 51 27 och
1643 2211 26 25 J.
1689 2210 35 26 D.
1745 2211 142 25 Norman.
