1874 2776
611 149 255 29 Statsutskottets
889 147 162 29 utlåtande
1073 155 40 19 nr
1135 147 27 27 6.
1596 144 41 31 15

200 234 127 30 Vidare
351 233 63 30 har
438 232 171 39 styrelsen
631 230 180 30 hemställt
833 238 58 20 om
912 227 192 31 anvisande
1126 226 111 30 under
1261 225 96 30 detta
1380 223 121 39 anslag
1523 231 42 21 av
1587 223 50 28 ett

148 286 356 40 statsbidragsbelopp
526 294 41 20 av
587 283 64 30 400
666 283 62 30 000
748 283 131 29 kronor
899 281 55 30 för
974 282 102 28 nästa
1093 278 170 40 budgetår
1283 277 56 31 för
1358 276 218 41 påbörjande
1595 283 43 21 av

148 350 42 20 en
209 340 168 40 planerad
396 337 313 40 hamnutbyggnad
726 336 10 30 i
757 335 91 40 syfte
866 336 52 29 att
934 334 175 30 förbättra
1126 331 83 31 våra
1226 329 382 42 importförhållanden
1626 328 10 29 i

148 394 166 31 händelse
340 402 41 21 av
406 392 87 39 krig.

201 490 292 39 Föredraganden
518 489 176 30 förklarar
717 487 51 40 sig
791 486 78 30 icke
891 485 129 31 beredd
1043 486 50 28 att
1116 483 176 40 tillstyrka
1314 482 80 39 väg-
1416 480 65 31 och
1503 481 135 29 vatten-

147 544 371 41 byggnadsstyrelsens
537 540 263 40 framställning
818 548 57 21 om
895 539 112 30 medel
1026 538 55 30 för
1100 536 217 42 påbörjande
1335 544 42 21 av
1395 534 81 35 viss,
1496 543 43 21 av
1557 532 80 31 eko-

150 597 162 31 nomiska
336 593 452 41 försvarsberedskapsskäl
812 592 198 39 föreslagen
1032 588 323 41 hamnutbyggnad.

205 650 228 31 Beträffande
471 647 307 31 medelsäskandet
805 646 11 29 i
845 645 113 39 övrigt
996 652 102 23 anser
1138 642 52 40 sig
1228 640 280 40 föredraganden
1536 639 12 30 i
1577 647 63 21 nu-

149 705 153 29 varande
323 704 76 38 läge
421 703 64 29 och
505 702 82 29 med
607 701 139 39 hänsyn
767 699 53 30 till
842 699 68 29 den
931 696 204 40 avvägning,
1158 704 75 21 som
1254 694 113 31 måste
1388 694 101 39 göras
1510 692 130 30 mellan

150 758 168 39 anslagen
337 757 53 29 till
408 756 96 29 olika
522 750 496 34 kommunikationsändamål
1037 749 139 40 nödgad
1195 747 129 31 föreslå
1343 756 42 21 en
1403 745 238 41 begränsning

152 820 41 21 av
217 808 366 39 medelsanvisningen
608 807 53 30 till
685 806 96 30 2500
795 805 64 30 000
884 805 141 29 kronor.

209 900 13 28 I
244 900 95 29 detta
362 897 257 38 sammanhang
639 896 65 29 har
725 894 173 30 utskottet
920 893 53 30 till
991 891 214 39 behandling
1227 889 156 31 förehaft

208 952 73 30 dels
300 951 58 30 två
376 950 224 40 likalydande
618 949 183 33 motioner,
819 947 127 30 väckta
961 946 69 30 den
1048 954 65 20 ena
1131 944 95 29 inom
1245 943 113 30 första
1375 942 210 30 kammaren
1601 948 42 21 av

154 1007 81 29 herr
253 1004 176 31 Lodenius
449 1013 46 21 m.
514 1003 39 40 fl.
579 1003 46 33 (1:
644 1001 56 34 18)
723 1001 67 30 och
810 1001 67 29 den
897 999 110 30 andra
1027 998 96 29 inom
1143 997 109 30 andra
1272 996 208 29 kammaren
1501 1003 42 21 av
1561 993 81 30 herr

154 1060 174 29 Svensson
349 1058 11 30 i
382 1057 197 39 Stenkyrka
599 1065 47 21 im.
665 1055 39 40 fl.
731 1054 63 34 (II:
810 1053 75 35 29),
906 1053 11 29 i
938 1052 95 30 vilka
1053 1050 208 34 hemställts,
1281 1050 53 30 att
1354 1048 190 39 riksdagen
1563 1046 81 30 ville

154 1113 136 29 besluta
311 1112 51 29 att
383 1111 53 30 till
456 1109 181 41 byggande
659 1117 42 21 av
721 1107 244 30 fiskehamnar
987 1105 54 30 för
1061 1103 206 40 budgetåret
1289 1101 141 32 1954/55
1453 1100 123 31 anvisa
1596 1101 48 28 ett

155 1164 357 38 reservationsanslag
536 1172 42 20 av
604 1162 18 29 3
637 1161 63 30 000
714 1160 63 30 000
802 1160 147 33 kronor;

211 1218 72 30 dels
309 1218 58 30 två
391 1216 224 40 likalydande
641 1215 182 33 motioner,
848 1212 125 31 väckta
999 1212 68 29 den
1091 1219 65 21 ena
1180 1210 97 29 inom
1301 1208 112 31 första
1438 1208 207 29 kammaren

155 1282 42 21 av
222 1272 81 30 herr
328 1271 149 29 Herbert
502 1270 241 29 Hermansson
770 1276 46 21 m.
842 1267 40 40 fl.
914 1266 46 34 (1:
976 1265 81 34 273)
1088 1265 65 30 och
1179 1265 67 29 den
1273 1263 111 30 andra
1409 1263 97 29 inom
1533 1261 111 30 andra

157 1327 207 29 kammaren
384 1333 41 21 av
444 1324 81 29 herr
548 1322 120 31 Utbult
687 1330 46 21 m.
752 1321 39 40 fl.
817 1320 63 33 (11:
897 1318 96 35 252),
1013 1318 11 29 i
1044 1318 95 29 vilka
1158 1316 209 33 hemställts,
1388 1316 50 29 att
1457 1314 190 38 riksdagen

158 1380 51 28 till
233 1377 230 31 förevarande
488 1375 165 31 ändamål
676 1374 107 30 måtte
808 1373 122 30 anvisa
954 1373 49 28 ett
1025 1369 359 38 reservationsanslag
1406 1377 43 21 av
1473 1367 18 30 3
1506 1366 63 31 500
1584 1365 63 31 000

159 1432 143 34 kronor;

214 1484 72 30 dels
313 1484 66 29 ock
406 1483 57 29 två
489 1481 225 40 likalydande
740 1479 185 34 motioner,
951 1478 126 30 väckta
1103 1477 67 29 den
1196 1484 66 22 ena
1288 1475 97 29 inom
1412 1474 111 30 första
1549 1473 99 29 kam-

159 1547 120 21 maren
303 1546 42 21 av
367 1537 81 29 herr
470 1535 86 30 Karl
576 1534 202 30 Andersson
801 1542 47 20 m.
870 1532 39 40 fl.
938 1531 46 33 (1:
999 1530 81 34 272)
1107 1529 65 30 och
1195 1530 67 29 den
1284 1528 110 30 andra
1416 1527 98 30 inom
1535 1526 113 29 andra

158 1591 207 30 kammaren
383 1599 41 20 av
441 1589 80 29 herr
538 1588 154 38 Staxäng
708 1596 46 20 m.
770 1586 39 40 fl.
832 1585 63 34 (11:
912 1584 96 34 253),
1024 1584 12 29 i
1052 1583 96 31 vilka
1165 1581 208 34 hemställts,
1392 1581 49 29 att
1458 1579 189 39 riksdagen

159 1644 57 30 må
235 1644 11 29 i
268 1643 168 30 skrivelse
457 1643 52 29 till
530 1641 127 39 Kungl.
679 1640 105 39 Maj:t
805 1638 142 31 anhålla
969 1639 50 28 att
1038 1638 80 38 väg-
1138 1636 64 29 och
1222 1632 427 41 vattenbyggnadsstyrel-

161 1707 59 20 sen
243 1697 111 30 under
379 1696 53 30 sin
455 1695 165 30 fortsatta
642 1695 148 37 översyn
813 1701 43 21 av
879 1690 84 31 1944
985 1690 57 30 års
1064 1687 432 39 fiskehamnsutrednings
1518 1685 131 39 förslag

157 1751 131 39 jämväl
305 1750 55 29 får
378 1750 10 29 i
405 1750 160 39 uppdrag
582 1749 51 28 att
647 1747 126 30 utreda
789 1745 126 40 frågan
932 1754 56 20 om
1004 1742 221 32 underhållet
1242 1751 42 21 av
1303 1739 344 40 statsbidragsberät-

160 1804 114 39 tigade
299 1803 243 29 fiskehamnar
568 1802 91 28 samt
684 1799 239 30 framkomma
945 1797 81 30 med
1050 1796 131 39 förslag
1205 1795 52 29 till
1282 1803 45 21 en
1351 1792 208 31 ekonomisk
1584 1791 67 30 lös-

161 1857 93 38 ning.

216 1909 227 29 Beträffande
461 1909 41 29 de
519 1907 77 29 skäl
612 1906 261 29 motionärerna
891 1903 118 30 anfört
1025 1902 52 29 till
1095 1902 76 29 stöd
1187 1901 55 29 för
1254 1900 82 30 sina
1352 1898 183 40 yrkanden
1552 1897 97 30 torde

164 1962 34 30 få
217 1962 166 30 hänvisas
405 1961 51 29 till
477 1960 220 30 motionerna
718 1958 45 29 II:
780 1957 52 34 29,
854 1957 45 29 II:
916 1956 62 29 252
1000 1955 65 30 och
1086 1955 29 29 I:
1131 1953 73 30 272.

219 2051 185 30 Utskottet.
429 2049 67 30 Till
520 2048 181 40 byggande
725 2056 41 20 av
790 2046 245 29 fiskehamnar
1057 2044 65 29 har
1145 2043 78 39 väg-
1248 2042 65 29 och
1337 2038 316 41 vattenbyggnads-

165 2104 169 39 styrelsen
360 2103 54 29 för
439 2104 102 28 nästa
564 2099 170 40 budgetår
760 2099 102 30 äskat
888 2099 48 28 ett
961 2096 266 40 anslagsbelopp
1253 2104 42 20 av
1321 2094 145 39 tillhopa
1493 2092 46 34 5,4
1562 2091 89 39 milj.

164 2158 140 32 kronor,
325 2165 106 20 varav
452 2155 63 29 400
530 2154 63 29 000
615 2154 129 28 kronor
766 2161 81 21 avse
868 2151 113 29 medel
1003 2150 54 29 för
1078 2148 217 41 påbörjande
1315 2156 43 20 av
1378 2146 71 29 viss
1470 2154 42 21 av
1533 2145 119 29 bered-

165 2210 184 38 skapsskäl
373 2207 193 30 motiverad
589 2204 323 40 hamnutbyggnad.
938 2202 226 31 Sistnämnda
1187 2200 131 39 förslag
1341 2200 64 28 har
1429 2198 225 38 föredragan-

165 2263 65 29 den
249 2262 77 29 icke
346 2262 114 28 ansett
480 2260 51 38 sig
550 2260 122 28 kunna
691 2257 186 39 tillstyrka.
898 2256 75 29 Vad
991 2254 171 30 beträffar
1182 2253 190 39 styrelsens
1391 2249 262 39 framställning

164 2316 10 28 i
196 2315 111 38 övrigt
329 2314 64 29 har
415 2312 280 38 föredraganden
716 2309 120 30 funnit
859 2309 50 39 sig
930 2308 84 29 böra
1036 2307 141 30 förorda
1199 2315 42 20 en
1263 2304 235 40 begränsning
1521 2312 42 20 av
1584 2311 70 20 me-

166 2366 307 38 delsanvisningen
492 2365 51 29 till
564 2365 45 34 2,5
627 2363 87 39 milj.
735 2363 140 29 kronor.

219 2420 167 30 Häremot
406 2420 45 28 ha
470 2417 248 31 motionsledes
739 2415 184 30 framförts
944 2414 92 29 vissa
1056 2412 205 39 erinringar.
1293 2411 13 29 I
1327 2410 220 30 motionerna
1567 2409 29 29 1:
1615 2407 38 30 18

166 2475 64 29 och
248 2474 44 29 II:
309 2473 41 29 29
368 2473 64 29 har
450 2471 147 30 sålunda
615 2469 208 34 hemställts,
842 2469 49 29 att
908 2466 229 31 förevarande
1155 2465 120 38 anslag
1293 2463 108 30 måtte
1419 2462 139 30 anvisas
1575 2461 79 29 med
