2228 2738
448 244 16 8 4

447 222 18 24 2
593 221 115 31 Andra
729 221 217 30 Kammarens
974 217 176 41 Tillfälliga
1178 216 135 32 Utskotts
1337 216 74 32 (N:o
1439 217 28 39 1)
1496 214 164 33 Utlåtande
1682 214 59 31 N:o
1766 215 27 31 $.

403 303 207 32 motionären
641 301 59 33 här
729 300 162 40 förordar,
921 302 106 29 annat
1056 302 41 28 än
1127 297 153 40 möjligen
1310 296 9 31 1
1347 296 96 41 högst
1471 295 161 40 sällsynta
1661 294 254 41 undantagsfall
1932 294 61 32 kan

402 354 97 32 finna
539 354 211 40 tillämpning
791 353 9 31 i
841 352 61 32 den
933 350 165 41 egentliga
1126 349 200 32 folkskolan.
1381 349 66 31 Der
1476 348 61 31 den
1567 348 147 31 deremot
1742 347 102 32 borde
1874 348 117 38 utgöra

402 417 39 22 en
495 406 100 41 vigtig
635 403 212 35 beståndsdel
889 402 35 32 af
961 403 248 38 lärokurserna,
1250 410 76 21 vore
1354 400 11 31 i
1394 400 61 31 den
1487 399 98 40 högre
1615 398 200 41 folkskolan,
1844 408 74 22 men
1948 398 42 31 då

404 453 424 47 gällande
565 444 15 60 F
595 453 233 47 författningar
857 454 98 32 afsett
983 457 49 28 att
1059 453 282 39 undervisningen
1371 451 10 32 i
1409 452 97 31 dessa
1535 451 111 31 skolor
1674 450 57 32 bör
1759 450 169 32 meddelas
1957 448 36 32 af

404 510 214 32 akademiskt
658 508 132 33 bildade
831 508 119 38 lärare,
996 504 36 33 så
1076 514 97 31 synes
1214 504 27 40 ej
1273 504 72 31 skäl
1375 513 79 22 vara
1482 502 50 33 för
1559 502 132 32 handen
1721 505 50 30 att
1799 503 114 31 härom
1943 510 44 22 nu

403 561 133 33 utfärda
565 560 241 33 vidsträcktare
835 557 208 33 föreskrifter
1072 560 41 28 än
1143 556 38 32 de
1211 565 68 22 som
1311 556 101 31 redan
1441 554 109 32 finnas
1578 554 10 31 i
1616 554 55 32 det
1689 553 158 40 förnyade
1870 553 117 39 Kongl.

404 614 218 40 reglementet
656 612 35 32 af
729 612 62 32 den
822 611 14 30 1
869 609 185 32 December
1083 608 79 31 1865
1190 607 141 32 rörande
1360 605 521 33 folkskolelärareseminarierna
1909 605 9 31 i
1946 604 43 31 ri-

404 667 64 39 ket,
511 665 57 31 der
609 669 89 28 utom
729 664 74 32 dess
832 661 218 33 meddelande
1080 659 35 32 af
1141 659 188 32 kännedom
1359 668 51 22 om
1442 657 152 41 Sveriges
1623 656 283 40 statsförfattning
1933 665 54 22 re-

401 718 65 31 dan
509 715 106 32 finnes
657 716 102 32 bland
801 715 217 31 läroämnena
1064 714 169 38 upptaget,
1275 711 172 31 hvarinom
1482 729 39 4 —
1549 710 58 31 der
1635 708 154 33 behofvet
1817 707 36 34 så
1881 708 106 32 finnes

400 767 135 40 påkalla
563 784 40 5 —
630 766 241 38 undervisning
913 765 10 30 i
951 765 39 30 de
1020 763 36 31 af
1084 763 205 31 motionären
1318 762 174 32 förordade
1521 765 143 28 ämnena
1693 760 171 39 lätteligen
1895 759 92 34 torde

400 820 115 30 kunna
542 817 191 40 inrymmas.
789 816 65 32 Der
882 815 100 32 dessa
1014 817 121 29 ämnen
1165 812 214 33 tvifvelsutan
1409 812 100 31 hafva
1538 812 50 30 sin
1619 813 87 29 rätta
1736 811 87 39 plats
1853 811 59 30 och
1931 810 57 30 der

406 871 39 31 de
474 879 69 22 som
573 869 123 32 bekant
724 867 95 33 äfven
850 869 115 38 utgöra
994 876 38 22 en
1063 863 341 34 hufvudbeståndsdel
1435 863 35 32 af
1494 862 293 41 undervisningen,
1816 865 36 29 är
1879 861 10 31 i
1904 860 84 33 folk-

401 920 198 41 högskolan.

550 1021 267 34 Vidkommande
859 1030 46 22 nu
947 1019 159 33 särskildt
1150 1018 225 32 motionärens
1404 1017 122 39 förslag
1555 1019 48 29 att
1636 1016 9 31 i
1679 1016 113 40 hvarje
1820 1014 167 32 folkskola

401 1076 87 31 skall
531 1074 168 33 meddelas
734 1073 188 32 kännedom
953 1081 51 22 om
1034 1070 153 41 gällande
1216 1069 194 40 förordning
1439 1067 172 41 angående
1640 1066 346 41 kommunalstyrelse,

401 1126 178 42 kyrkoråd,
609 1124 136 34 skolråd
775 1125 60 31 och
864 1124 172 38 landsting
1065 1127 88 28 samt
1180 1122 205 40 grundlagar
1413 1121 60 31 och
1503 1120 161 39 strafflag,
1686 1118 36 33 så
1739 1119 59 31 har
1815 1118 172 32 Utskottet

400 1181 68 29 mot
496 1188 39 22 en
566 1177 105 32 sådan
702 1176 188 39 anordning
918 1176 73 30 sina
1022 1174 172 39 allvarliga
1222 1172 275 40 betänkligheter.
1553 1171 61 31 Till
1643 1181 38 21 en
1712 1169 104 32 sådan
1834 1168 152 41 uppfatt-

400 1231 79 38 ning
508 1230 129 31 hemtar
665 1228 171 33 Utskottet
865 1227 72 31 stöd
966 1227 70 32 dels
1065 1224 73 32 från
1168 1225 62 31 den
1260 1224 102 40 ålder,
1390 1224 53 31 vid
1474 1223 133 31 hvilken
1637 1222 215 40 lärjungarne
1878 1221 10 31 i
1904 1230 82 22 van-

398 1281 119 40 ligaste
544 1280 58 32 fall
630 1280 124 31 besöka
783 1278 128 38 skolan,
941 1277 41 32 då
1010 1277 144 39 begrepp
1182 1276 60 30 och
1272 1273 382 42 uppfattningsförmåga
1672 1277 87 27 ännu
1776 1273 72 31 icke
1864 1272 121 31 hunnit

400 1333 63 31 den
494 1332 192 39 utveckling
715 1333 48 29 att
791 1339 76 22 man
897 1329 147 39 skäligen
1077 1328 65 31 kan
1172 1331 124 35 antaga
1325 1330 48 28 att
1401 1325 108 41 någon
1540 1324 232 40 mottaglighet
1799 1322 48 33 för
1866 1323 118 31 under-

398 1384 134 39 visning
573 1382 35 33 af
646 1383 94 32 detta
782 1381 70 39 slag
878 1399 41 4 —
946 1380 62 32 den
1050 1378 53 32 må
1137 1379 9 31 i
1174 1378 97 40 öfrigt
1299 1378 115 32 klädas
1444 1378 10 30 i
1482 1377 62 32 den
1574 1376 134 33 lättaste
1738 1375 83 31 form
1850 1393 39 5 —
1916 1374 67 31 kan

400 1434 191 40 förefinnas,
632 1434 70 32 dels
739 1433 61 31 ock
827 1430 73 33 från
931 1432 61 31 den
1024 1430 110 31 kända
1162 1429 290 40 omständigheten
1482 1432 48 28 att
1559 1437 45 21 nu
1632 1427 147 31 varande
1807 1426 173 31 minimum

401 1486 33 31 af
474 1486 136 32 skolans
653 1484 381 39 undervisningsämnen
1076 1481 27 40 ej
1147 1480 42 41 på
1230 1479 93 41 långt
1364 1483 60 29 när
1459 1479 177 32 allestädes
1666 1476 142 42 uppnås,
1838 1476 42 32 då
1908 1477 72 31 skäl

400 1538 51 31 väl
481 1538 72 31 icke
582 1538 66 30 kan
677 1546 81 22 vara
786 1535 48 31 för
861 1535 134 31 handen
1024 1537 46 27 att
1093 1533 190 39 ytterligare
1312 1532 63 31 öka
1404 1535 161 28 ämnenas
1595 1530 102 40 antal,
1726 1529 127 32 hvilket
1876 1527 104 33 blefve

399 1589 92 32 fallet
534 1589 94 32 äfven
671 1597 51 22 om
765 1585 108 41 någon
902 1585 246 39 inskränkning
1175 1583 120 32 funnes
1324 1583 134 39 lämplig
1486 1583 9 30 i
1524 1583 38 31 de
1591 1581 88 32 förut
1707 1580 155 32 varande.
1918 1579 63 31 För

400 1642 49 29 att
488 1641 9 30 i
537 1640 190 31 folkskolan
769 1639 115 30 kunna
926 1636 231 32 åstadkomma
1192 1645 39 22 en
1262 1634 240 39 undervisning
1531 1632 34 32 af
1591 1633 55 31 det
1674 1632 71 40 slag
1775 1632 206 31 motionären

403 1691 137 41 åsyftar,
583 1695 36 28 är
660 1691 54 32 det
741 1689 112 40 troligt
881 1691 47 29 att
956 1687 181 32 kostnader
1165 1687 59 34 och
1255 1686 191 40 uppoffring
1475 1684 34 32 af
1534 1684 46 32 tid
1610 1683 168 41 åsamkas,
1807 1692 70 22 som
1906 1683 75 30 icke

400 1743 227 31 motsvarades
669 1742 34 31 af
739 1741 183 39 resultatet,
952 1740 126 31 hvilket
1106 1748 75 21 man
1212 1738 92 31 desto
1348 1738 101 31 hellre
1479 1735 105 35 måste
1614 1736 81 32 söka
1724 1735 159 39 undvika,
1911 1743 69 22 som

402 1795 251 31 bemödandena
694 1793 137 31 fastmer
871 1792 80 31 böra
985 1789 40 41 gå
1055 1794 35 27 ut
1117 1788 43 41 på
1189 1793 50 28 att
1267 1789 106 31 skaffa
1403 1788 144 32 tillträde
1576 1787 46 31 till
1652 1787 116 31 skolan
1800 1785 35 32 åt
1862 1786 38 31 de
1930 1790 52 26 tu-

400 1846 124 31 sentals
554 1846 81 31 barn
672 1845 9 30 i
722 1842 205 41 skolåldern,
958 1851 69 22 som
1057 1845 101 35 ännu,
1188 1845 80 27 utan
1298 1843 49 29 att
1375 1838 144 33 derifrån
1549 1838 187 32 förhindras
1766 1837 34 32 af
1827 1836 153 40 naturfel,

400 1898 107 30 sakna
549 1897 41 31 all
635 1894 248 40 undervisning.
938 1893 64 32 Det
1043 1892 91 32 torde
1177 1895 87 28 utom
1295 1891 75 31 dess
1399 1891 79 31 böra
1507 1890 181 31 anmärkas
1717 1891 58 37 att,
1817 1897 50 22 om
1898 1888 82 30 skol-

400 1949 143 38 läraren,
585 1957 69 21 som
697 1947 49 39 sig
786 1946 68 37 bör,
884 1945 60 31 har
971 1942 149 41 förmåga
1150 1944 49 30 att
1226 1943 9 30 i
1264 1942 220 32 barnasinnet
1513 1939 197 34 underhålla
1738 1940 59 31 och
1828 1939 153 32 utveckla

400 2001 62 29 den
503 1999 169 39 naturliga
713 1997 144 32 känslan
898 1995 49 32 för
984 1997 66 29 rätt
1077 1994 60 32 och
1166 1997 87 29 orätt
1293 1997 86 27 samt
1407 1997 49 28 att
1484 1993 176 38 behörigen
1690 1991 86 31 inför
1804 1991 179 39 begreppet

399 2049 177 33 framhålla
615 2049 59 32 vår
715 2048 246 40 religionsläras
999 2046 99 31 enkla
1126 2046 81 38 drag
1235 2044 35 31 af
1295 2044 164 40 pligterna
1488 2048 66 27 mot
1582 2043 85 40 Gud,
1696 2051 53 22 oss
1778 2041 115 41 sjelfva
1921 2041 60 31 och

400 2106 132 34 nästan,
573 2100 37 32 så
650 2110 97 30 synes
789 2109 75 21 man
894 2099 8 30 i
932 2098 38 31 de
1000 2097 34 31 af
1060 2097 203 31 motionären
1295 2095 138 31 anförda
1463 2095 212 32 hänseenden
1705 2093 48 31 för
1779 2092 146 32 tillfället
1952 2093 28 39 ej

401 2162 88 22 mera
531 2151 31 32 få
604 2152 121 39 begära
765 2160 77 22 vare
884 2149 48 40 sig
973 2148 34 31 af
1045 2149 106 31 lärare
1193 2147 79 31 eller
1317 2147 161 39 lärjunge.
1534 2145 242 32 Erfarenheten
1819 2144 60 30 har
1921 2144 61 30 ock

399 2205 86 31 visat
521 2207 57 37 att,
620 2203 57 31 der
718 2202 68 31 lust
825 2200 59 32 och
927 2200 99 39 anlag
1055 2199 34 31 af
1115 2203 142 27 naturen
1287 2197 119 42 finnas,
1433 2197 138 39 sådana,
1600 2197 100 31 redan
1732 2196 73 31 med
1835 2195 55 31 det
1918 2204 64 21 un-

400 2256 114 39 derlag
555 2254 189 31 folkskolan
788 2252 134 31 förmått
962 2251 98 39 gifva,
1099 2250 67 31 ledt
1206 2250 48 30 till
1300 2252 45 29 ett
1385 2250 112 31 säkert
1525 2249 58 31 och
1614 2248 129 39 ganska
1771 2245 213 40 fullständigt
