<?xml version="1.0" encoding="UTF-8"?>
<alto xmlns="http://www.loc.gov/standards/alto/ns-v3#" xmlns:xlink="http://www.w3.org/1999/xlink" xmlns:xsi="http://www.w3.org/2001/XMLSchema-instance" xsi:schemaLocation="http://www.loc.gov/standards/alto/ns-v3# http://www.loc.gov/alto/v3/alto-3-0.xsd">
	<Description>
		<MeasurementUnit>pixel</MeasurementUnit>
		<sourceImageInformation>
			<fileName>/tmp/tess_iz9c5ar7_input.PNG</fileName>
		</sourceImageInformation>
		<OCRProcessing ID="OCR_0">
			<ocrProcessingStep>
				<processingSoftware>
					<softwareName>tesseract 5.3.0</softwareName>
				</processingSoftware>
			</ocrProcessingStep>
		</OCRProcessing>
	</Description>
	<Layout>
		<Page WIDTH="1900" HEIGHT="2788" PHYSICAL_IMG_NR="0" ID="page_0">
			<PrintSpace HPOS="0" VPOS="0" WIDTH="1900" HEIGHT="2788">
				<ComposedBlock ID="cblock_0" HPOS="240" VPOS="163" WIDTH="1121" HEIGHT="40">
					<TextBlock ID="block_0" HPOS="240" VPOS="163" WIDTH="1121" HEIGHT="40">
						<TextLine ID="line_0" HPOS="240" VPOS="163" WIDTH="1121" HEIGHT="40">
							<String ID="string_0" HPOS="240" VPOS="163" WIDTH="39" HEIGHT="30" WC="0.95" CONTENT="26"/><SP WIDTH="365" VPOS="163" HPOS="279"/>
							<String ID="string_1" HPOS="644" VPOS="168" WIDTH="379" HEIGHT="32" WC="0.92" CONTENT="Jordbruksutskottets"/><SP WIDTH="22" VPOS="168" HPOS="1023"/>
							<String ID="string_2" HPOS="1045" VPOS="169" WIDTH="176" HEIGHT="33" WC="0.96" CONTENT="utlåtande"/><SP WIDTH="21" VPOS="169" HPOS="1221"/>
							<String ID="string_3" HPOS="1242" VPOS="182" WIDTH="40" HEIGHT="20" WC="0.95" CONTENT="nr"/><SP WIDTH="31" VPOS="182" HPOS="1282"/>
							<String ID="string_4" HPOS="1313" VPOS="174" WIDTH="48" HEIGHT="29" WC="0.95" CONTENT="13."/>
						</TextLine>
					</TextBlock>
				</ComposedBlock>
				<ComposedBlock ID="cblock_1" HPOS="924" VPOS="467" WIDTH="150" HEIGHT="40">
					<TextBlock ID="block_1" HPOS="924" VPOS="467" WIDTH="150" HEIGHT="40">
						<TextLine ID="line_1" HPOS="924" VPOS="467" WIDTH="150" HEIGHT="40">
							<String ID="string_5" HPOS="924" VPOS="467" WIDTH="59" HEIGHT="39" WC="0.94" CONTENT="Nr"/><SP WIDTH="28" VPOS="467" HPOS="983"/>
							<String ID="string_6" HPOS="1011" VPOS="467" WIDTH="63" HEIGHT="40" WC="0.78" CONTENT="13."/>
						</TextLine>
					</TextBlock>
				</ComposedBlock>
				<ComposedBlock ID="cblock_2" HPOS="804" VPOS="586" WIDTH="921" HEIGHT="31">
					<TextBlock ID="block_2" HPOS="804" VPOS="586" WIDTH="921" HEIGHT="31">
						<TextLine ID="line_2" HPOS="804" VPOS="586" WIDTH="921" HEIGHT="31">
							<String ID="string_7" HPOS="804" VPOS="587" WIDTH="111" HEIGHT="23" WC="0.96" CONTENT="Ankom"/><SP WIDTH="19" VPOS="587" HPOS="915"/>
							<String ID="string_8" HPOS="934" VPOS="587" WIDTH="42" HEIGHT="23" WC="0.95" CONTENT="till"/><SP WIDTH="19" VPOS="587" HPOS="976"/>
							<String ID="string_9" HPOS="995" VPOS="587" WIDTH="156" HEIGHT="30" WC="0.95" CONTENT="riksdagens"/><SP WIDTH="19" VPOS="587" HPOS="1151"/>
							<String ID="string_10" HPOS="1170" VPOS="588" WIDTH="87" HEIGHT="24" WC="0.96" CONTENT="kansli"/><SP WIDTH="18" VPOS="588" HPOS="1257"/>
							<String ID="string_11" HPOS="1275" VPOS="589" WIDTH="51" HEIGHT="23" WC="0.96" CONTENT="den"/><SP WIDTH="20" VPOS="589" HPOS="1326"/>
							<String ID="string_12" HPOS="1346" VPOS="586" WIDTH="30" HEIGHT="25" WC="0.96" CONTENT="16"/><SP WIDTH="20" VPOS="586" HPOS="1376"/>
							<String ID="string_13" HPOS="1396" VPOS="595" WIDTH="72" HEIGHT="17" WC="0.96" CONTENT="mars"/><SP WIDTH="20" VPOS="595" HPOS="1468"/>
							<String ID="string_14" HPOS="1488" VPOS="586" WIDTH="66" HEIGHT="26" WC="0.96" CONTENT="1945"/><SP WIDTH="18" VPOS="586" HPOS="1554"/>
							<String ID="string_15" HPOS="1572" VPOS="589" WIDTH="37" HEIGHT="23" WC="0.95" CONTENT="kl."/><SP WIDTH="23" VPOS="589" HPOS="1609"/>
							<String ID="string_16" HPOS="1632" VPOS="587" WIDTH="16" HEIGHT="25" WC="0.96" CONTENT="2"/><SP WIDTH="20" VPOS="587" HPOS="1648"/>
							<String ID="string_17" HPOS="1668" VPOS="596" WIDTH="57" HEIGHT="18" WC="0.62" CONTENT="em."/>
						</TextLine>
					</TextBlock>
				</ComposedBlock>
				<ComposedBlock ID="cblock_3" HPOS="470" VPOS="680" WIDTH="1285" HEIGHT="92">
					<TextBlock ID="block_3" HPOS="470" VPOS="680" WIDTH="1285" HEIGHT="92">
						<TextLine ID="line_3" HPOS="470" VPOS="680" WIDTH="1285" HEIGHT="41">
							<String ID="string_18" HPOS="470" VPOS="680" WIDTH="180" HEIGHT="31" WC="0.95" CONTENT="Utlåtande"/><SP WIDTH="22" VPOS="680" HPOS="650"/>
							<String ID="string_19" HPOS="672" VPOS="683" WIDTH="11" HEIGHT="28" WC="0.96" CONTENT="i"/><SP WIDTH="18" VPOS="683" HPOS="683"/>
							<String ID="string_20" HPOS="701" VPOS="682" WIDTH="186" HEIGHT="36" WC="0.95" CONTENT="anledning"/><SP WIDTH="19" VPOS="682" HPOS="887"/>
							<String ID="string_21" HPOS="906" VPOS="692" WIDTH="43" HEIGHT="20" WC="0.96" CONTENT="av"/><SP WIDTH="20" VPOS="692" HPOS="949"/>
							<String ID="string_22" HPOS="969" VPOS="682" WIDTH="122" HEIGHT="37" WC="0.95" CONTENT="Kungl."/><SP WIDTH="21" VPOS="682" HPOS="1091"/>
							<String ID="string_23" HPOS="1112" VPOS="683" WIDTH="119" HEIGHT="36" WC="0.96" CONTENT="Maj:ts"/><SP WIDTH="18" VPOS="683" HPOS="1231"/>
							<String ID="string_24" HPOS="1249" VPOS="685" WIDTH="216" HEIGHT="35" WC="0.96" CONTENT="proposition"/><SP WIDTH="18" VPOS="685" HPOS="1465"/>
							<String ID="string_25" HPOS="1483" VPOS="684" WIDTH="180" HEIGHT="37" WC="0.93" CONTENT="angående"/><SP WIDTH="18" VPOS="684" HPOS="1663"/>
							<String ID="string_26" HPOS="1681" VPOS="685" WIDTH="74" HEIGHT="30" WC="0.92" CONTENT="dis-"/>
						</TextLine>
						<TextLine ID="line_4" HPOS="687" VPOS="733" WIDTH="1066" HEIGHT="39">
							<String ID="string_27" HPOS="687" VPOS="733" WIDTH="197" HEIGHT="35" WC="0.91" CONTENT="ponerande"/><SP WIDTH="26" VPOS="733" HPOS="884"/>
							<String ID="string_28" HPOS="910" VPOS="743" WIDTH="42" HEIGHT="20" WC="0.96" CONTENT="av"/><SP WIDTH="28" VPOS="743" HPOS="952"/>
							<String ID="string_29" HPOS="980" VPOS="733" WIDTH="250" HEIGHT="37" WC="0.96" CONTENT="avkastningen"/><SP WIDTH="24" VPOS="733" HPOS="1230"/>
							<String ID="string_30" HPOS="1254" VPOS="744" WIDTH="42" HEIGHT="21" WC="0.96" CONTENT="av"/><SP WIDTH="26" VPOS="744" HPOS="1296"/>
							<String ID="string_31" HPOS="1322" VPOS="738" WIDTH="130" HEIGHT="27" WC="0.93" CONTENT="statens"/><SP WIDTH="24" VPOS="738" HPOS="1452"/>
							<String ID="string_32" HPOS="1476" VPOS="735" WIDTH="277" HEIGHT="37" WC="0.92" CONTENT="hästavelsfond."/>
						</TextLine>
					</TextBlock>
				</ComposedBlock>
				<ComposedBlock ID="cblock_4" HPOS="1514" VPOS="810" WIDTH="190" HEIGHT="41">
					<TextBlock ID="block_4" HPOS="1514" VPOS="810" WIDTH="190" HEIGHT="41">
						<TextLine ID="line_5" HPOS="1514" VPOS="810" WIDTH="190" HEIGHT="41">
							<String ID="string_33" HPOS="1514" VPOS="810" WIDTH="69" HEIGHT="41" WC="0.91" CONTENT="(1:a"/><SP WIDTH="27" VPOS="810" HPOS="1583"/>
							<String ID="string_34" HPOS="1610" VPOS="810" WIDTH="94" HEIGHT="41" WC="0.94" CONTENT="avd.)"/>
						</TextLine>
					</TextBlock>
				</ComposedBlock>
				<ComposedBlock ID="cblock_5" HPOS="243" VPOS="908" WIDTH="1512" HEIGHT="386">
					<TextBlock ID="block_5" HPOS="243" VPOS="908" WIDTH="1512" HEIGHT="386">
						<TextLine ID="line_6" HPOS="292" VPOS="908" WIDTH="1463" HEIGHT="40">
							<String ID="string_35" HPOS="292" VPOS="909" WIDTH="13" HEIGHT="28" WC="0.96" CONTENT="I"/><SP WIDTH="17" VPOS="909" HPOS="305"/>
							<String ID="string_36" HPOS="322" VPOS="917" WIDTH="44" HEIGHT="21" WC="0.96" CONTENT="en"/><SP WIDTH="17" VPOS="917" HPOS="366"/>
							<String ID="string_37" HPOS="383" VPOS="908" WIDTH="51" HEIGHT="30" WC="0.75" CONTENT="till"/><SP WIDTH="18" VPOS="908" HPOS="434"/>
							<String ID="string_38" HPOS="452" VPOS="909" WIDTH="184" HEIGHT="36" WC="0.96" CONTENT="riksdagen"/><SP WIDTH="17" VPOS="909" HPOS="636"/>
							<String ID="string_39" HPOS="653" VPOS="910" WIDTH="66" HEIGHT="30" WC="0.96" CONTENT="den"/><SP WIDTH="22" VPOS="910" HPOS="719"/>
							<String ID="string_40" HPOS="741" VPOS="911" WIDTH="37" HEIGHT="29" WC="0.95" CONTENT="19"/><SP WIDTH="17" VPOS="911" HPOS="778"/>
							<String ID="string_41" HPOS="795" VPOS="909" WIDTH="139" HEIGHT="37" WC="0.95" CONTENT="januari"/><SP WIDTH="21" VPOS="909" HPOS="934"/>
							<String ID="string_42" HPOS="955" VPOS="911" WIDTH="83" HEIGHT="29" WC="0.93" CONTENT="1945"/><SP WIDTH="19" VPOS="911" HPOS="1038"/>
							<String ID="string_43" HPOS="1057" VPOS="911" WIDTH="146" HEIGHT="36" WC="0.92" CONTENT="avlåten,"/><SP WIDTH="18" VPOS="911" HPOS="1203"/>
							<String ID="string_44" HPOS="1221" VPOS="912" WIDTH="51" HEIGHT="30" WC="0.92" CONTENT="till"/><SP WIDTH="19" VPOS="912" HPOS="1272"/>
							<String ID="string_45" HPOS="1291" VPOS="912" WIDTH="357" HEIGHT="36" WC="0.92" CONTENT="jordbruksutskottet"/><SP WIDTH="16" VPOS="912" HPOS="1648"/>
							<String ID="string_46" HPOS="1664" VPOS="912" WIDTH="91" HEIGHT="31" WC="0.92" CONTENT="hän-"/>
						</TextLine>
						<TextLine ID="line_7" HPOS="245" VPOS="957" WIDTH="1506" HEIGHT="43">
							<String ID="string_47" HPOS="245" VPOS="957" WIDTH="98" HEIGHT="32" WC="0.96" CONTENT="visad"/><SP WIDTH="20" VPOS="957" HPOS="343"/>
							<String ID="string_48" HPOS="363" VPOS="959" WIDTH="224" HEIGHT="37" WC="0.95" CONTENT="proposition,"/><SP WIDTH="26" VPOS="959" HPOS="587"/>
							<String ID="string_49" HPOS="613" VPOS="969" WIDTH="41" HEIGHT="21" WC="0.96" CONTENT="nr"/><SP WIDTH="23" VPOS="969" HPOS="654"/>
							<String ID="string_50" HPOS="677" VPOS="961" WIDTH="51" HEIGHT="35" WC="0.96" CONTENT="20,"/><SP WIDTH="25" VPOS="961" HPOS="728"/>
							<String ID="string_51" HPOS="753" VPOS="961" WIDTH="63" HEIGHT="30" WC="0.96" CONTENT="har"/><SP WIDTH="23" VPOS="961" HPOS="816"/>
							<String ID="string_52" HPOS="839" VPOS="961" WIDTH="122" HEIGHT="36" WC="0.96" CONTENT="Kungl."/><SP WIDTH="27" VPOS="961" HPOS="961"/>
							<String ID="string_53" HPOS="988" VPOS="961" WIDTH="110" HEIGHT="36" WC="0.95" CONTENT="Maj:t,"/><SP WIDTH="26" VPOS="961" HPOS="1098"/>
							<String ID="string_54" HPOS="1124" VPOS="963" WIDTH="111" HEIGHT="30" WC="0.96" CONTENT="under"/><SP WIDTH="22" VPOS="963" HPOS="1235"/>
							<String ID="string_55" HPOS="1257" VPOS="962" WIDTH="222" HEIGHT="37" WC="0.96" CONTENT="åberopande"/><SP WIDTH="23" VPOS="962" HPOS="1479"/>
							<String ID="string_56" HPOS="1502" VPOS="973" WIDTH="44" HEIGHT="21" WC="0.93" CONTENT="av"/><SP WIDTH="20" VPOS="973" HPOS="1546"/>
							<String ID="string_57" HPOS="1566" VPOS="963" WIDTH="110" HEIGHT="37" WC="0.93" CONTENT="bilagt"/><SP WIDTH="18" VPOS="963" HPOS="1676"/>
							<String ID="string_58" HPOS="1694" VPOS="968" WIDTH="57" HEIGHT="26" WC="0.92" CONTENT="ut-"/>
						</TextLine>
						<TextLine ID="line_8" HPOS="244" VPOS="1009" WIDTH="1508" HEIGHT="42">
							<String ID="string_59" HPOS="244" VPOS="1009" WIDTH="85" HEIGHT="37" WC="0.96" CONTENT="drag"/><SP WIDTH="20" VPOS="1009" HPOS="329"/>
							<String ID="string_60" HPOS="349" VPOS="1019" WIDTH="44" HEIGHT="21" WC="0.93" CONTENT="av"/><SP WIDTH="20" VPOS="1019" HPOS="393"/>
							<String ID="string_61" HPOS="413" VPOS="1010" WIDTH="374" HEIGHT="37" WC="0.91" CONTENT="statsrådsprotokollet"/><SP WIDTH="21" VPOS="1010" HPOS="787"/>
							<String ID="string_62" HPOS="808" VPOS="1013" WIDTH="81" HEIGHT="29" WC="0.93" CONTENT="över"/><SP WIDTH="22" VPOS="1013" HPOS="889"/>
							<String ID="string_63" HPOS="911" VPOS="1011" WIDTH="342" HEIGHT="37" WC="0.91" CONTENT="jordbruksärenden"/><SP WIDTH="20" VPOS="1011" HPOS="1253"/>
							<String ID="string_64" HPOS="1273" VPOS="1013" WIDTH="55" HEIGHT="31" WC="0.96" CONTENT="för"/><SP WIDTH="22" VPOS="1013" HPOS="1328"/>
							<String ID="string_65" HPOS="1350" VPOS="1023" WIDTH="137" HEIGHT="22" WC="0.95" CONTENT="samma"/><SP WIDTH="19" VPOS="1023" HPOS="1487"/>
							<String ID="string_66" HPOS="1506" VPOS="1014" WIDTH="77" HEIGHT="37" WC="0.93" CONTENT="dag,"/><SP WIDTH="21" VPOS="1014" HPOS="1583"/>
							<String ID="string_67" HPOS="1604" VPOS="1014" WIDTH="148" HEIGHT="31" WC="0.92" CONTENT="föresla-"/>
						</TextLine>
						<TextLine ID="line_9" HPOS="246" VPOS="1060" WIDTH="1507" HEIGHT="42">
							<String ID="string_68" HPOS="246" VPOS="1060" WIDTH="48" HEIGHT="36" WC="0.95" CONTENT="git"/><SP WIDTH="24" VPOS="1060" HPOS="294"/>
							<String ID="string_69" HPOS="318" VPOS="1060" WIDTH="186" HEIGHT="37" WC="0.96" CONTENT="riksdagen"/><SP WIDTH="26" VPOS="1060" HPOS="504"/>
							<String ID="string_70" HPOS="530" VPOS="1065" WIDTH="49" HEIGHT="27" WC="0.96" CONTENT="att"/><SP WIDTH="26" VPOS="1065" HPOS="579"/>
							<String ID="string_71" HPOS="605" VPOS="1061" WIDTH="222" HEIGHT="32" WC="0.96" CONTENT="beträffande"/><SP WIDTH="26" VPOS="1061" HPOS="827"/>
							<String ID="string_72" HPOS="853" VPOS="1063" WIDTH="66" HEIGHT="30" WC="0.96" CONTENT="den"/><SP WIDTH="26" VPOS="1063" HPOS="919"/>
							<String ID="string_73" HPOS="945" VPOS="1064" WIDTH="111" HEIGHT="29" WC="0.96" CONTENT="under"/><SP WIDTH="25" VPOS="1064" HPOS="1056"/>
							<String ID="string_74" HPOS="1081" VPOS="1063" WIDTH="290" HEIGHT="37" WC="0.92" CONTENT="räkenskapsåret"/><SP WIDTH="28" VPOS="1063" HPOS="1371"/>
							<String ID="string_75" HPOS="1399" VPOS="1060" WIDTH="143" HEIGHT="36" WC="0.92" CONTENT="1944/45"/><SP WIDTH="26" VPOS="1060" HPOS="1542"/>
							<String ID="string_76" HPOS="1568" VPOS="1066" WIDTH="185" HEIGHT="36" WC="0.92" CONTENT="upplupna"/>
						</TextLine>
						<TextLine ID="line_10" HPOS="245" VPOS="1111" WIDTH="1509" HEIGHT="41">
							<String ID="string_77" HPOS="245" VPOS="1111" WIDTH="252" HEIGHT="37" WC="0.96" CONTENT="avkastningen"/><SP WIDTH="18" VPOS="1111" HPOS="497"/>
							<String ID="string_78" HPOS="515" VPOS="1121" WIDTH="42" HEIGHT="21" WC="0.95" CONTENT="av"/><SP WIDTH="20" VPOS="1121" HPOS="557"/>
							<String ID="string_79" HPOS="577" VPOS="1116" WIDTH="128" HEIGHT="27" WC="0.93" CONTENT="statens"/><SP WIDTH="20" VPOS="1116" HPOS="705"/>
							<String ID="string_80" HPOS="725" VPOS="1113" WIDTH="262" HEIGHT="31" WC="0.91" CONTENT="hästavelsfond"/><SP WIDTH="17" VPOS="1113" HPOS="987"/>
							<String ID="string_81" HPOS="1004" VPOS="1114" WIDTH="143" HEIGHT="37" WC="0.95" CONTENT="besluta,"/><SP WIDTH="22" VPOS="1114" HPOS="1147"/>
							<String ID="string_82" HPOS="1169" VPOS="1119" WIDTH="59" HEIGHT="32" WC="0.96" CONTENT="att,"/><SP WIDTH="23" VPOS="1119" HPOS="1228"/>
							<String ID="string_83" HPOS="1251" VPOS="1115" WIDTH="107" HEIGHT="30" WC="0.96" CONTENT="sedan"/><SP WIDTH="18" VPOS="1115" HPOS="1358"/>
							<String ID="string_84" HPOS="1376" VPOS="1120" WIDTH="47" HEIGHT="26" WC="0.96" CONTENT="ett"/><SP WIDTH="19" VPOS="1120" HPOS="1423"/>
							<String ID="string_85" HPOS="1442" VPOS="1116" WIDTH="126" HEIGHT="36" WC="0.95" CONTENT="belopp"/><SP WIDTH="20" VPOS="1116" HPOS="1568"/>
							<String ID="string_86" HPOS="1588" VPOS="1125" WIDTH="45" HEIGHT="22" WC="0.96" CONTENT="av"/><SP WIDTH="18" VPOS="1125" HPOS="1633"/>
							<String ID="string_87" HPOS="1651" VPOS="1116" WIDTH="21" HEIGHT="31" WC="0.96" CONTENT="5"/><SP WIDTH="13" VPOS="1116" HPOS="1672"/>
							<String ID="string_88" HPOS="1685" VPOS="1116" WIDTH="69" HEIGHT="31" WC="0.96" CONTENT="200"/>
						</TextLine>
						<TextLine ID="line_11" HPOS="244" VPOS="1161" WIDTH="1506" HEIGHT="43">
							<String ID="string_89" HPOS="244" VPOS="1161" WIDTH="130" HEIGHT="31" WC="0.95" CONTENT="kronor"/><SP WIDTH="20" VPOS="1161" HPOS="374"/>
							<String ID="string_90" HPOS="394" VPOS="1162" WIDTH="88" HEIGHT="36" WC="0.96" CONTENT="lagts"/><SP WIDTH="21" VPOS="1162" HPOS="482"/>
							<String ID="string_91" HPOS="503" VPOS="1163" WIDTH="50" HEIGHT="30" WC="0.95" CONTENT="till"/><SP WIDTH="24" VPOS="1163" HPOS="553"/>
							<String ID="string_92" HPOS="577" VPOS="1163" WIDTH="148" HEIGHT="31" WC="0.96" CONTENT="fondens"/><SP WIDTH="21" VPOS="1163" HPOS="725"/>
							<String ID="string_93" HPOS="746" VPOS="1164" WIDTH="141" HEIGHT="36" WC="0.96" CONTENT="kapital,"/><SP WIDTH="23" VPOS="1164" HPOS="887"/>
							<String ID="string_94" HPOS="910" VPOS="1168" WIDTH="46" HEIGHT="27" WC="0.96" CONTENT="ett"/><SP WIDTH="21" VPOS="1168" HPOS="956"/>
							<String ID="string_95" HPOS="977" VPOS="1165" WIDTH="125" HEIGHT="36" WC="0.95" CONTENT="belopp"/><SP WIDTH="21" VPOS="1165" HPOS="1102"/>
							<String ID="string_96" HPOS="1123" VPOS="1175" WIDTH="45" HEIGHT="21" WC="0.96" CONTENT="av"/><SP WIDTH="19" VPOS="1175" HPOS="1168"/>
							<String ID="string_97" HPOS="1187" VPOS="1166" WIDTH="42" HEIGHT="30" WC="0.96" CONTENT="35"/><SP WIDTH="13" VPOS="1166" HPOS="1229"/>
							<String ID="string_98" HPOS="1242" VPOS="1166" WIDTH="63" HEIGHT="30" WC="0.96" CONTENT="000"/><SP WIDTH="21" VPOS="1166" HPOS="1305"/>
							<String ID="string_99" HPOS="1326" VPOS="1167" WIDTH="132" HEIGHT="29" WC="0.96" CONTENT="kronor"/><SP WIDTH="19" VPOS="1167" HPOS="1458"/>
							<String ID="string_100" HPOS="1477" VPOS="1166" WIDTH="59" HEIGHT="32" WC="0.96" CONTENT="må"/><SP WIDTH="21" VPOS="1166" HPOS="1536"/>
							<String ID="string_101" HPOS="1557" VPOS="1176" WIDTH="44" HEIGHT="21" WC="0.96" CONTENT="av"/><SP WIDTH="22" VPOS="1176" HPOS="1601"/>
							<String ID="string_102" HPOS="1623" VPOS="1167" WIDTH="127" HEIGHT="37" WC="0.96" CONTENT="Kungl."/>
						</TextLine>
						<TextLine ID="line_12" HPOS="244" VPOS="1211" WIDTH="1505" HEIGHT="42">
							<String ID="string_103" HPOS="244" VPOS="1211" WIDTH="102" HEIGHT="37" WC="0.96" CONTENT="Maj:t"/><SP WIDTH="22" VPOS="1211" HPOS="346"/>
							<String ID="string_104" HPOS="368" VPOS="1212" WIDTH="200" HEIGHT="37" WC="0.96" CONTENT="disponeras"/><SP WIDTH="23" VPOS="1212" HPOS="568"/>
							<String ID="string_105" HPOS="591" VPOS="1214" WIDTH="50" HEIGHT="30" WC="0.96" CONTENT="till"/><SP WIDTH="22" VPOS="1214" HPOS="641"/>
							<String ID="string_106" HPOS="663" VPOS="1213" WIDTH="160" HEIGHT="37" WC="0.96" CONTENT="åtgärder"/><SP WIDTH="21" VPOS="1213" HPOS="823"/>
							<String ID="string_107" HPOS="844" VPOS="1214" WIDTH="56" HEIGHT="31" WC="0.91" CONTENT="för"/><SP WIDTH="23" VPOS="1214" HPOS="900"/>
							<String ID="string_108" HPOS="923" VPOS="1216" WIDTH="196" HEIGHT="30" WC="0.91" CONTENT="hästavelns"/><SP WIDTH="23" VPOS="1216" HPOS="1119"/>
							<String ID="string_109" HPOS="1142" VPOS="1216" WIDTH="197" HEIGHT="37" WC="0.96" CONTENT="främjande"/><SP WIDTH="26" VPOS="1216" HPOS="1339"/>
							<String ID="string_110" HPOS="1365" VPOS="1221" WIDTH="91" HEIGHT="27" WC="0.96" CONTENT="samt"/><SP WIDTH="23" VPOS="1221" HPOS="1456"/>
							<String ID="string_111" HPOS="1479" VPOS="1217" WIDTH="198" HEIGHT="31" WC="0.93" CONTENT="återstoden"/><SP WIDTH="19" VPOS="1217" HPOS="1677"/>
							<String ID="string_112" HPOS="1696" VPOS="1226" WIDTH="53" HEIGHT="22" WC="0.91" CONTENT="re-"/>
						</TextLine>
						<TextLine ID="line_13" HPOS="243" VPOS="1272" WIDTH="162" HEIGHT="22">
							<String ID="string_113" HPOS="243" VPOS="1272" WIDTH="162" HEIGHT="22" WC="0.93" CONTENT="serveras."/>
						</TextLine>
					</TextBlock>
				</ComposedBlock>
				<ComposedBlock ID="cblock_6" HPOS="234" VPOS="1363" WIDTH="1517" HEIGHT="1146">
					<TextBlock ID="block_6" HPOS="238" VPOS="1363" WIDTH="1513" HEIGHT="442">
						<TextLine ID="line_14" HPOS="285" VPOS="1363" WIDTH="1466" HEIGHT="41">
							<String ID="string_114" HPOS="285" VPOS="1363" WIDTH="79" HEIGHT="31" WC="0.96" CONTENT="Med"/><SP WIDTH="14" VPOS="1363" HPOS="364"/>
							<String ID="string_115" HPOS="378" VPOS="1363" WIDTH="102" HEIGHT="31" WC="0.95" CONTENT="bifall"/><SP WIDTH="20" VPOS="1363" HPOS="480"/>
							<String ID="string_116" HPOS="500" VPOS="1364" WIDTH="11" HEIGHT="30" WC="0.96" CONTENT="i"/><SP WIDTH="17" VPOS="1364" HPOS="511"/>
							<String ID="string_117" HPOS="528" VPOS="1365" WIDTH="184" HEIGHT="30" WC="0.96" CONTENT="huvudsak"/><SP WIDTH="18" VPOS="1365" HPOS="712"/>
							<String ID="string_118" HPOS="730" VPOS="1365" WIDTH="50" HEIGHT="30" WC="0.95" CONTENT="till"/><SP WIDTH="18" VPOS="1365" HPOS="780"/>
							<String ID="string_119" HPOS="798" VPOS="1368" WIDTH="46" HEIGHT="28" WC="0.96" CONTENT="ett"/><SP WIDTH="17" VPOS="1368" HPOS="844"/>
							<String ID="string_120" HPOS="861" VPOS="1375" WIDTH="43" HEIGHT="21" WC="0.96" CONTENT="av"/><SP WIDTH="18" VPOS="1375" HPOS="904"/>
							<String ID="string_121" HPOS="922" VPOS="1366" WIDTH="124" HEIGHT="36" WC="0.96" CONTENT="Kungl."/><SP WIDTH="19" VPOS="1366" HPOS="1046"/>
							<String ID="string_122" HPOS="1065" VPOS="1366" WIDTH="101" HEIGHT="37" WC="0.96" CONTENT="Maj:t"/><SP WIDTH="18" VPOS="1366" HPOS="1166"/>
							<String ID="string_123" HPOS="1184" VPOS="1368" WIDTH="10" HEIGHT="30" WC="0.96" CONTENT="i"/><SP WIDTH="20" VPOS="1368" HPOS="1194"/>
							<String ID="string_124" HPOS="1214" VPOS="1368" WIDTH="213" HEIGHT="36" WC="0.96" CONTENT="proposition"/><SP WIDTH="21" VPOS="1368" HPOS="1427"/>
							<String ID="string_125" HPOS="1448" VPOS="1377" WIDTH="41" HEIGHT="21" WC="0.96" CONTENT="nr"/><SP WIDTH="22" VPOS="1377" HPOS="1489"/>
							<String ID="string_126" HPOS="1511" VPOS="1369" WIDTH="59" HEIGHT="29" WC="0.96" CONTENT="172"/><SP WIDTH="20" VPOS="1369" HPOS="1570"/>
							<String ID="string_127" HPOS="1590" VPOS="1368" WIDTH="50" HEIGHT="32" WC="0.95" CONTENT="till"/><SP WIDTH="24" VPOS="1368" HPOS="1640"/>
							<String ID="string_128" HPOS="1664" VPOS="1369" WIDTH="87" HEIGHT="30" WC="0.96" CONTENT="1916"/>
						</TextLine>
						<TextLine ID="line_15" HPOS="241" VPOS="1412" WIDTH="1510" HEIGHT="45">
							<String ID="string_129" HPOS="241" VPOS="1412" WIDTH="56" HEIGHT="32" WC="0.96" CONTENT="års"/><SP WIDTH="22" VPOS="1412" HPOS="297"/>
							<String ID="string_130" HPOS="319" VPOS="1413" WIDTH="142" HEIGHT="39" WC="0.96" CONTENT="riksdag"/><SP WIDTH="22" VPOS="1413" HPOS="461"/>
							<String ID="string_131" HPOS="483" VPOS="1415" WIDTH="185" HEIGHT="30" WC="0.95" CONTENT="framställt"/><SP WIDTH="23" VPOS="1415" HPOS="668"/>
							<String ID="string_132" HPOS="691" VPOS="1415" WIDTH="130" HEIGHT="38" WC="0.96" CONTENT="förslag"/><SP WIDTH="21" VPOS="1415" HPOS="821"/>
							<String ID="string_133" HPOS="842" VPOS="1416" WIDTH="146" HEIGHT="37" WC="0.96" CONTENT="medgav"/><SP WIDTH="23" VPOS="1416" HPOS="988"/>
							<String ID="string_134" HPOS="1011" VPOS="1417" WIDTH="183" HEIGHT="36" WC="0.96" CONTENT="riksdagen"/><SP WIDTH="29" VPOS="1417" HPOS="1194"/>
							<String ID="string_135" HPOS="1223" VPOS="1417" WIDTH="80" HEIGHT="39" WC="0.96" CONTENT="(skr."/><SP WIDTH="24" VPOS="1417" HPOS="1303"/>
							<String ID="string_136" HPOS="1327" VPOS="1427" WIDTH="41" HEIGHT="21" WC="0.96" CONTENT="nr"/><SP WIDTH="23" VPOS="1427" HPOS="1368"/>
							<String ID="string_137" HPOS="1391" VPOS="1417" WIDTH="93" HEIGHT="40" WC="0.96" CONTENT="248),"/><SP WIDTH="24" VPOS="1417" HPOS="1484"/>
							<String ID="string_138" HPOS="1508" VPOS="1422" WIDTH="49" HEIGHT="27" WC="0.96" CONTENT="att"/><SP WIDTH="23" VPOS="1422" HPOS="1557"/>
							<String ID="string_139" HPOS="1580" VPOS="1419" WIDTH="91" HEIGHT="30" WC="0.95" CONTENT="vissa"/><SP WIDTH="24" VPOS="1419" HPOS="1671"/>
							<String ID="string_140" HPOS="1695" VPOS="1418" WIDTH="56" HEIGHT="31" WC="0.96" CONTENT="till"/>
						</TextLine>
						<TextLine ID="line_16" HPOS="241" VPOS="1464" WIDTH="1510" HEIGHT="41">
							<String ID="string_141" HPOS="241" VPOS="1465" WIDTH="205" HEIGHT="30" WC="0.92" CONTENT="statsverket"/><SP WIDTH="25" VPOS="1465" HPOS="446"/>
							<String ID="string_142" HPOS="471" VPOS="1464" WIDTH="149" HEIGHT="32" WC="0.91" CONTENT="influtna"/><SP WIDTH="24" VPOS="1464" HPOS="620"/>
							<String ID="string_143" HPOS="644" VPOS="1466" WIDTH="191" HEIGHT="30" WC="0.96" CONTENT="inkomster"/><SP WIDTH="22" VPOS="1466" HPOS="835"/>
							<String ID="string_144" HPOS="857" VPOS="1474" WIDTH="123" HEIGHT="29" WC="0.96" CONTENT="genom"/><SP WIDTH="25" VPOS="1474" HPOS="980"/>
							<String ID="string_145" HPOS="1005" VPOS="1466" WIDTH="141" HEIGHT="32" WC="0.96" CONTENT="andelar"/><SP WIDTH="22" VPOS="1466" HPOS="1146"/>
							<String ID="string_146" HPOS="1168" VPOS="1468" WIDTH="10" HEIGHT="30" WC="0.93" CONTENT="i"/><SP WIDTH="24" VPOS="1468" HPOS="1178"/>
							<String ID="string_147" HPOS="1202" VPOS="1467" WIDTH="363" HEIGHT="38" WC="0.92" CONTENT="försäljningsmedlen"/><SP WIDTH="25" VPOS="1467" HPOS="1565"/>
							<String ID="string_148" HPOS="1590" VPOS="1468" WIDTH="57" HEIGHT="31" WC="0.93" CONTENT="för"/><SP WIDTH="22" VPOS="1468" HPOS="1647"/>
							<String ID="string_149" HPOS="1669" VPOS="1469" WIDTH="82" HEIGHT="31" WC="0.91" CONTENT="häs-"/>
						</TextLine>
						<TextLine ID="line_17" HPOS="238" VPOS="1514" WIDTH="1512" HEIGHT="38">
							<String ID="string_150" HPOS="238" VPOS="1517" WIDTH="62" HEIGHT="34" WC="0.96" CONTENT="tar,"/><SP WIDTH="24" VPOS="1517" HPOS="300"/>
							<String ID="string_151" HPOS="324" VPOS="1514" WIDTH="94" HEIGHT="31" WC="0.96" CONTENT="vilka"/><SP WIDTH="21" VPOS="1514" HPOS="418"/>
							<String ID="string_152" HPOS="439" VPOS="1515" WIDTH="125" HEIGHT="32" WC="0.96" CONTENT="utförts"/><SP WIDTH="21" VPOS="1515" HPOS="564"/>
							<String ID="string_153" HPOS="585" VPOS="1525" WIDTH="42" HEIGHT="21" WC="0.96" CONTENT="ur"/><SP WIDTH="19" VPOS="1525" HPOS="627"/>
							<String ID="string_154" HPOS="646" VPOS="1516" WIDTH="98" HEIGHT="36" WC="0.96" CONTENT="riket,"/><SP WIDTH="21" VPOS="1516" HPOS="744"/>
							<String ID="string_155" HPOS="765" VPOS="1516" WIDTH="93" HEIGHT="36" WC="0.96" CONTENT="finge"/><SP WIDTH="21" VPOS="1516" HPOS="858"/>
							<String ID="string_156" HPOS="879" VPOS="1518" WIDTH="150" HEIGHT="29" WC="0.96" CONTENT="avsättas"/><SP WIDTH="21" VPOS="1518" HPOS="1029"/>
							<String ID="string_157" HPOS="1050" VPOS="1517" WIDTH="50" HEIGHT="31" WC="0.95" CONTENT="till"/><SP WIDTH="24" VPOS="1517" HPOS="1100"/>
							<String ID="string_158" HPOS="1124" VPOS="1527" WIDTH="43" HEIGHT="21" WC="0.96" CONTENT="en"/><SP WIDTH="22" VPOS="1527" HPOS="1167"/>
							<String ID="string_159" HPOS="1189" VPOS="1518" WIDTH="110" HEIGHT="31" WC="0.93" CONTENT="under"/><SP WIDTH="21" VPOS="1518" HPOS="1299"/>
							<String ID="string_160" HPOS="1320" VPOS="1519" WIDTH="263" HEIGHT="31" WC="0.92" CONTENT="statskontorets"/><SP WIDTH="22" VPOS="1519" HPOS="1583"/>
							<String ID="string_161" HPOS="1605" VPOS="1519" WIDTH="145" HEIGHT="31" WC="0.92" CONTENT="förvalt-"/>
						</TextLine>
						<TextLine ID="line_18" HPOS="240" VPOS="1565" WIDTH="1510" HEIGHT="39">
							<String ID="string_162" HPOS="240" VPOS="1565" WIDTH="84" HEIGHT="38" WC="0.96" CONTENT="ning"/><SP WIDTH="15" VPOS="1565" HPOS="324"/>
							<String ID="string_163" HPOS="339" VPOS="1565" WIDTH="106" HEIGHT="31" WC="0.95" CONTENT="ställd"/><SP WIDTH="17" VPOS="1565" HPOS="445"/>
							<String ID="string_164" HPOS="462" VPOS="1566" WIDTH="95" HEIGHT="36" WC="0.95" CONTENT="fond,"/><SP WIDTH="20" VPOS="1566" HPOS="557"/>
							<String ID="string_165" HPOS="577" VPOS="1567" WIDTH="176" HEIGHT="30" WC="0.96" CONTENT="benämnd"/><SP WIDTH="19" VPOS="1567" HPOS="753"/>
							<String ID="string_166" HPOS="772" VPOS="1570" WIDTH="127" HEIGHT="28" WC="0.93" CONTENT="statens"/><SP WIDTH="20" VPOS="1570" HPOS="899"/>
							<String ID="string_167" HPOS="919" VPOS="1568" WIDTH="270" HEIGHT="36" WC="0.91" CONTENT="hästavelsfond,"/><SP WIDTH="21" VPOS="1568" HPOS="1189"/>
							<String ID="string_168" HPOS="1210" VPOS="1569" WIDTH="115" HEIGHT="30" WC="0.96" CONTENT="vilken"/><SP WIDTH="17" VPOS="1569" HPOS="1325"/>
							<String ID="string_169" HPOS="1342" VPOS="1570" WIDTH="113" HEIGHT="29" WC="0.96" CONTENT="skulle"/><SP WIDTH="20" VPOS="1570" HPOS="1455"/>
							<String ID="string_170" HPOS="1475" VPOS="1578" WIDTH="43" HEIGHT="21" WC="0.92" CONTENT="av"/><SP WIDTH="18" VPOS="1578" HPOS="1518"/>
							<String ID="string_171" HPOS="1536" VPOS="1570" WIDTH="214" HEIGHT="29" WC="0.90" CONTENT="statskonto-"/>
						</TextLine>
						<TextLine ID="line_19" HPOS="240" VPOS="1616" WIDTH="1510" HEIGHT="39">
							<String ID="string_172" HPOS="240" VPOS="1618" WIDTH="52" HEIGHT="27" WC="0.96" CONTENT="ret"/><SP WIDTH="25" VPOS="1618" HPOS="292"/>
							<String ID="string_173" HPOS="317" VPOS="1616" WIDTH="99" HEIGHT="36" WC="0.96" CONTENT="göras"/><SP WIDTH="30" VPOS="1616" HPOS="416"/>
							<String ID="string_174" HPOS="446" VPOS="1616" WIDTH="262" HEIGHT="31" WC="0.93" CONTENT="räntebärande."/><SP WIDTH="40" VPOS="1616" HPOS="708"/>
							<String ID="string_175" HPOS="748" VPOS="1616" WIDTH="124" HEIGHT="32" WC="0.92" CONTENT="Tillika"/><SP WIDTH="26" VPOS="1616" HPOS="872"/>
							<String ID="string_176" HPOS="898" VPOS="1618" WIDTH="110" HEIGHT="30" WC="0.96" CONTENT="beslöt"/><SP WIDTH="28" VPOS="1618" HPOS="1008"/>
							<String ID="string_177" HPOS="1036" VPOS="1618" WIDTH="194" HEIGHT="37" WC="0.96" CONTENT="riksdagen,"/><SP WIDTH="28" VPOS="1618" HPOS="1230"/>
							<String ID="string_178" HPOS="1258" VPOS="1621" WIDTH="58" HEIGHT="34" WC="0.96" CONTENT="att,"/><SP WIDTH="30" VPOS="1621" HPOS="1316"/>
							<String ID="string_179" HPOS="1346" VPOS="1620" WIDTH="107" HEIGHT="30" WC="0.95" CONTENT="sedan"/><SP WIDTH="30" VPOS="1620" HPOS="1453"/>
							<String ID="string_180" HPOS="1483" VPOS="1618" WIDTH="130" HEIGHT="37" WC="0.96" CONTENT="årligen"/><SP WIDTH="27" VPOS="1618" HPOS="1613"/>
							<String ID="string_181" HPOS="1640" VPOS="1619" WIDTH="110" HEIGHT="31" WC="0.96" CONTENT="minst"/>
						</TextLine>
						<TextLine ID="line_20" HPOS="239" VPOS="1665" WIDTH="1509" HEIGHT="40">
							<String ID="string_182" HPOS="239" VPOS="1674" WIDTH="45" HEIGHT="22" WC="0.96" CONTENT="en"/><SP WIDTH="16" VPOS="1674" HPOS="284"/>
							<String ID="string_183" HPOS="300" VPOS="1665" WIDTH="131" HEIGHT="31" WC="0.96" CONTENT="tiondel"/><SP WIDTH="17" VPOS="1665" HPOS="431"/>
							<String ID="string_184" HPOS="448" VPOS="1675" WIDTH="43" HEIGHT="21" WC="0.96" CONTENT="av"/><SP WIDTH="19" VPOS="1675" HPOS="491"/>
							<String ID="string_185" HPOS="510" VPOS="1666" WIDTH="147" HEIGHT="32" WC="0.96" CONTENT="fondens"/><SP WIDTH="18" VPOS="1666" HPOS="657"/>
							<String ID="string_186" HPOS="675" VPOS="1667" WIDTH="207" HEIGHT="38" WC="0.96" CONTENT="avkastning"/><SP WIDTH="18" VPOS="1667" HPOS="882"/>
							<String ID="string_187" HPOS="900" VPOS="1668" WIDTH="85" HEIGHT="36" WC="0.96" CONTENT="lagts"/><SP WIDTH="22" VPOS="1668" HPOS="985"/>
							<String ID="string_188" HPOS="1007" VPOS="1668" WIDTH="49" HEIGHT="30" WC="0.96" CONTENT="till"/><SP WIDTH="18" VPOS="1668" HPOS="1056"/>
							<String ID="string_189" HPOS="1074" VPOS="1668" WIDTH="176" HEIGHT="37" WC="0.96" CONTENT="kapitalet,"/><SP WIDTH="19" VPOS="1668" HPOS="1250"/>
							<String ID="string_190" HPOS="1269" VPOS="1668" WIDTH="38" HEIGHT="31" WC="0.96" CONTENT="så"/><SP WIDTH="19" VPOS="1668" HPOS="1307"/>
							<String ID="string_191" HPOS="1326" VPOS="1671" WIDTH="72" HEIGHT="28" WC="0.96" CONTENT="stor"/><SP WIDTH="18" VPOS="1671" HPOS="1398"/>
							<String ID="string_192" HPOS="1416" VPOS="1669" WIDTH="55" HEIGHT="30" WC="0.96" CONTENT="del"/><SP WIDTH="18" VPOS="1669" HPOS="1471"/>
							<String ID="string_193" HPOS="1489" VPOS="1678" WIDTH="44" HEIGHT="21" WC="0.96" CONTENT="av"/><SP WIDTH="17" VPOS="1678" HPOS="1533"/>
							<String ID="string_194" HPOS="1550" VPOS="1668" WIDTH="198" HEIGHT="32" WC="0.96" CONTENT="återstoden"/>
						</TextLine>
						<TextLine ID="line_21" HPOS="239" VPOS="1716" WIDTH="1508" HEIGHT="40">
							<String ID="string_195" HPOS="239" VPOS="1717" WIDTH="83" HEIGHT="28" WC="0.96" CONTENT="utav"/><SP WIDTH="13" VPOS="1717" HPOS="322"/>
							<String ID="string_196" HPOS="335" VPOS="1716" WIDTH="150" HEIGHT="31" WC="0.96" CONTENT="fondens"/><SP WIDTH="15" VPOS="1716" HPOS="485"/>
							<String ID="string_197" HPOS="500" VPOS="1717" WIDTH="216" HEIGHT="36" WC="0.96" CONTENT="avkastning,"/><SP WIDTH="17" VPOS="1717" HPOS="716"/>
							<String ID="string_198" HPOS="733" VPOS="1727" WIDTH="73" HEIGHT="21" WC="0.96" CONTENT="som"/><SP WIDTH="18" VPOS="1727" HPOS="806"/>
							<String ID="string_199" HPOS="824" VPOS="1718" WIDTH="185" HEIGHT="36" WC="0.95" CONTENT="riksdagen"/><SP WIDTH="14" VPOS="1718" HPOS="1009"/>
							<String ID="string_200" HPOS="1023" VPOS="1718" WIDTH="55" HEIGHT="31" WC="0.96" CONTENT="för"/><SP WIDTH="17" VPOS="1718" HPOS="1078"/>
							<String ID="string_201" HPOS="1095" VPOS="1717" WIDTH="96" HEIGHT="37" WC="0.94" CONTENT="varje"/><SP WIDTH="18" VPOS="1717" HPOS="1191"/>
							<String ID="string_202" HPOS="1209" VPOS="1718" WIDTH="38" HEIGHT="31" WC="0.96" CONTENT="år"/><SP WIDTH="15" VPOS="1718" HPOS="1247"/>
							<String ID="string_203" HPOS="1262" VPOS="1719" WIDTH="174" HEIGHT="36" WC="0.96" CONTENT="anvisade,"/><SP WIDTH="17" VPOS="1719" HPOS="1436"/>
							<String ID="string_204" HPOS="1453" VPOS="1719" WIDTH="93" HEIGHT="37" WC="0.96" CONTENT="finge"/><SP WIDTH="16" VPOS="1719" HPOS="1546"/>
							<String ID="string_205" HPOS="1562" VPOS="1729" WIDTH="42" HEIGHT="21" WC="0.96" CONTENT="av"/><SP WIDTH="17" VPOS="1729" HPOS="1604"/>
							<String ID="string_206" HPOS="1621" VPOS="1719" WIDTH="126" HEIGHT="37" WC="0.96" CONTENT="Kungl."/>
						</TextLine>
						<TextLine ID="line_22" HPOS="240" VPOS="1765" WIDTH="1059" HEIGHT="40">
							<String ID="string_207" HPOS="240" VPOS="1765" WIDTH="102" HEIGHT="37" WC="0.95" CONTENT="Maj:t"/><SP WIDTH="16" VPOS="1765" HPOS="342"/>
							<String ID="string_208" HPOS="358" VPOS="1767" WIDTH="180" HEIGHT="30" WC="0.95" CONTENT="användas"/><SP WIDTH="18" VPOS="1767" HPOS="538"/>
							<String ID="string_209" HPOS="556" VPOS="1767" WIDTH="51" HEIGHT="30" WC="0.96" CONTENT="till"/><SP WIDTH="17" VPOS="1767" HPOS="607"/>
							<String ID="string_210" HPOS="624" VPOS="1766" WIDTH="160" HEIGHT="38" WC="0.96" CONTENT="åtgärder"/><SP WIDTH="18" VPOS="1766" HPOS="784"/>
							<String ID="string_211" HPOS="802" VPOS="1769" WIDTH="57" HEIGHT="29" WC="0.92" CONTENT="för"/><SP WIDTH="17" VPOS="1769" HPOS="859"/>
							<String ID="string_212" HPOS="876" VPOS="1769" WIDTH="197" HEIGHT="30" WC="0.92" CONTENT="hästavelns"/><SP WIDTH="19" VPOS="1769" HPOS="1073"/>
							<String ID="string_213" HPOS="1092" VPOS="1768" WIDTH="207" HEIGHT="37" WC="0.96" CONTENT="främjande."/>
						</TextLine>
					</TextBlock>
					<TextBlock ID="block_7" HPOS="234" VPOS="1811" WIDTH="1515" HEIGHT="698">
						<TextLine ID="line_23" HPOS="284" VPOS="1811" WIDTH="1464" HEIGHT="47">
							<String ID="string_214" HPOS="284" VPOS="1811" WIDTH="47" HEIGHT="35" WC="0.96" CONTENT="År"/><SP WIDTH="22" VPOS="1811" HPOS="331"/>
							<String ID="string_215" HPOS="353" VPOS="1817" WIDTH="83" HEIGHT="30" WC="0.96" CONTENT="1917"/><SP WIDTH="25" VPOS="1817" HPOS="436"/>
							<String ID="string_216" HPOS="461" VPOS="1818" WIDTH="109" HEIGHT="29" WC="0.95" CONTENT="beslöt"/><SP WIDTH="20" VPOS="1818" HPOS="570"/>
							<String ID="string_217" HPOS="590" VPOS="1817" WIDTH="186" HEIGHT="37" WC="0.96" CONTENT="riksdagen"/><SP WIDTH="26" VPOS="1817" HPOS="776"/>
							<String ID="string_218" HPOS="802" VPOS="1818" WIDTH="80" HEIGHT="39" WC="0.96" CONTENT="(skr."/><SP WIDTH="24" VPOS="1818" HPOS="882"/>
							<String ID="string_219" HPOS="906" VPOS="1828" WIDTH="42" HEIGHT="20" WC="0.96" CONTENT="nr"/><SP WIDTH="21" VPOS="1828" HPOS="948"/>
							<String ID="string_220" HPOS="969" VPOS="1818" WIDTH="75" HEIGHT="39" WC="0.95" CONTENT="336)"/><SP WIDTH="29" VPOS="1818" HPOS="1044"/>
							<String ID="string_221" HPOS="1073" VPOS="1823" WIDTH="49" HEIGHT="28" WC="0.93" CONTENT="att"/><SP WIDTH="22" VPOS="1823" HPOS="1122"/>
							<String ID="string_222" HPOS="1144" VPOS="1819" WIDTH="20" HEIGHT="31" WC="0.93" CONTENT="å"/><SP WIDTH="21" VPOS="1819" HPOS="1164"/>
							<String ID="string_223" HPOS="1185" VPOS="1818" WIDTH="67" HEIGHT="37" WC="0.95" CONTENT="lån,"/><SP WIDTH="23" VPOS="1818" HPOS="1252"/>
							<String ID="string_224" HPOS="1275" VPOS="1829" WIDTH="74" HEIGHT="21" WC="0.96" CONTENT="som"/><SP WIDTH="22" VPOS="1829" HPOS="1349"/>
							<String ID="string_225" HPOS="1371" VPOS="1819" WIDTH="89" HEIGHT="31" WC="0.96" CONTENT="intill"/><SP WIDTH="25" VPOS="1819" HPOS="1460"/>
							<String ID="string_226" HPOS="1485" VPOS="1823" WIDTH="46" HEIGHT="27" WC="0.96" CONTENT="ett"/><SP WIDTH="24" VPOS="1823" HPOS="1531"/>
							<String ID="string_227" HPOS="1555" VPOS="1821" WIDTH="128" HEIGHT="37" WC="0.96" CONTENT="belopp"/><SP WIDTH="19" VPOS="1821" HPOS="1683"/>
							<String ID="string_228" HPOS="1702" VPOS="1830" WIDTH="46" HEIGHT="21" WC="0.96" CONTENT="av"/>
						</TextLine>
						<TextLine ID="line_24" HPOS="240" VPOS="1867" WIDTH="1507" HEIGHT="41">
							<String ID="string_229" HPOS="240" VPOS="1867" WIDTH="65" HEIGHT="30" WC="0.96" CONTENT="250"/><SP WIDTH="12" VPOS="1867" HPOS="305"/>
							<String ID="string_230" HPOS="317" VPOS="1867" WIDTH="65" HEIGHT="30" WC="0.96" CONTENT="000"/><SP WIDTH="20" VPOS="1867" HPOS="382"/>
							<String ID="string_231" HPOS="402" VPOS="1868" WIDTH="132" HEIGHT="29" WC="0.95" CONTENT="kronor"/><SP WIDTH="16" VPOS="1868" HPOS="534"/>
							<String ID="string_232" HPOS="550" VPOS="1868" WIDTH="218" HEIGHT="31" WC="0.95" CONTENT="utlämnades"/><SP WIDTH="19" VPOS="1868" HPOS="768"/>
							<String ID="string_233" HPOS="787" VPOS="1868" WIDTH="78" HEIGHT="31" WC="0.96" CONTENT="från"/><SP WIDTH="19" VPOS="1868" HPOS="865"/>
							<String ID="string_234" HPOS="884" VPOS="1868" WIDTH="265" HEIGHT="37" WC="0.96" CONTENT="ifrågavarande"/><SP WIDTH="20" VPOS="1868" HPOS="1149"/>
							<String ID="string_235" HPOS="1169" VPOS="1870" WIDTH="85" HEIGHT="30" WC="0.96" CONTENT="fond"/><SP WIDTH="20" VPOS="1870" HPOS="1254"/>
							<String ID="string_236" HPOS="1274" VPOS="1869" WIDTH="53" HEIGHT="31" WC="0.96" CONTENT="för"/><SP WIDTH="20" VPOS="1869" HPOS="1327"/>
							<String ID="string_237" HPOS="1347" VPOS="1870" WIDTH="109" HEIGHT="38" WC="0.96" CONTENT="inköp"/><SP WIDTH="18" VPOS="1870" HPOS="1456"/>
							<String ID="string_238" HPOS="1474" VPOS="1880" WIDTH="43" HEIGHT="22" WC="0.93" CONTENT="av"/><SP WIDTH="18" VPOS="1880" HPOS="1517"/>
							<String ID="string_239" HPOS="1535" VPOS="1871" WIDTH="212" HEIGHT="36" WC="0.91" CONTENT="avelshings-"/>
						</TextLine>
						<TextLine ID="line_25" HPOS="239" VPOS="1918" WIDTH="1509" HEIGHT="38">
							<String ID="string_240" HPOS="239" VPOS="1920" WIDTH="55" HEIGHT="27" WC="0.96" CONTENT="tar"/><SP WIDTH="19" VPOS="1920" HPOS="294"/>
							<String ID="string_241" HPOS="313" VPOS="1926" WIDTH="43" HEIGHT="21" WC="0.93" CONTENT="av"/><SP WIDTH="20" VPOS="1926" HPOS="356"/>
							<String ID="string_242" HPOS="376" VPOS="1918" WIDTH="216" HEIGHT="30" WC="0.91" CONTENT="nordsvensk"/><SP WIDTH="21" VPOS="1918" HPOS="592"/>
							<String ID="string_243" HPOS="613" VPOS="1918" WIDTH="83" HEIGHT="31" WC="0.93" CONTENT="eller"/><SP WIDTH="20" VPOS="1918" HPOS="696"/>
							<String ID="string_244" HPOS="716" VPOS="1919" WIDTH="303" HEIGHT="36" WC="0.90" CONTENT="gudbrandsdalsk"/><SP WIDTH="22" VPOS="1919" HPOS="1019"/>
							<String ID="string_245" HPOS="1041" VPOS="1928" WIDTH="65" HEIGHT="28" WC="0.95" CONTENT="ras,"/><SP WIDTH="24" VPOS="1928" HPOS="1106"/>
							<String ID="string_246" HPOS="1130" VPOS="1921" WIDTH="99" HEIGHT="30" WC="0.96" CONTENT="ränta"/><SP WIDTH="24" VPOS="1921" HPOS="1229"/>
							<String ID="string_247" HPOS="1253" VPOS="1920" WIDTH="77" HEIGHT="30" WC="0.96" CONTENT="icke"/><SP WIDTH="22" VPOS="1920" HPOS="1330"/>
							<String ID="string_248" HPOS="1352" VPOS="1921" WIDTH="113" HEIGHT="30" WC="0.95" CONTENT="skulle"/><SP WIDTH="22" VPOS="1921" HPOS="1465"/>
							<String ID="string_249" HPOS="1487" VPOS="1921" WIDTH="173" HEIGHT="31" WC="0.93" CONTENT="beräknas"/><SP WIDTH="22" VPOS="1921" HPOS="1660"/>
							<String ID="string_250" HPOS="1682" VPOS="1930" WIDTH="66" HEIGHT="21" WC="0.92" CONTENT="un-"/>
						</TextLine>
						<TextLine ID="line_26" HPOS="238" VPOS="1966" WIDTH="1510" HEIGHT="39">
							<String ID="string_251" HPOS="238" VPOS="1967" WIDTH="61" HEIGHT="31" WC="0.93" CONTENT="der"/><SP WIDTH="19" VPOS="1967" HPOS="299"/>
							<String ID="string_252" HPOS="318" VPOS="1966" WIDTH="119" HEIGHT="32" WC="0.91" CONTENT="lånens"/><SP WIDTH="21" VPOS="1966" HPOS="437"/>
							<String ID="string_253" HPOS="458" VPOS="1968" WIDTH="290" HEIGHT="37" WC="0.91" CONTENT="amorteringstid;"/><SP WIDTH="22" VPOS="1968" HPOS="748"/>
							<String ID="string_254" HPOS="770" VPOS="1969" WIDTH="89" HEIGHT="30" WC="0.96" CONTENT="dock"/><SP WIDTH="20" VPOS="1969" HPOS="859"/>
							<String ID="string_255" HPOS="879" VPOS="1970" WIDTH="110" HEIGHT="29" WC="0.96" CONTENT="skulle"/><SP WIDTH="21" VPOS="1970" HPOS="989"/>
							<String ID="string_256" HPOS="1010" VPOS="1969" WIDTH="59" HEIGHT="31" WC="0.96" CONTENT="vid"/><SP WIDTH="17" VPOS="1969" HPOS="1069"/>
							<String ID="string_257" HPOS="1086" VPOS="1971" WIDTH="275" HEIGHT="30" WC="0.96" CONTENT="bestämmandet"/><SP WIDTH="19" VPOS="1971" HPOS="1361"/>
							<String ID="string_258" HPOS="1380" VPOS="1980" WIDTH="44" HEIGHT="21" WC="0.96" CONTENT="av"/><SP WIDTH="22" VPOS="1980" HPOS="1424"/>
							<String ID="string_259" HPOS="1446" VPOS="1971" WIDTH="66" HEIGHT="30" WC="0.96" CONTENT="den"/><SP WIDTH="18" VPOS="1971" HPOS="1512"/>
							<String ID="string_260" HPOS="1530" VPOS="1971" WIDTH="57" HEIGHT="30" WC="0.95" CONTENT="del"/><SP WIDTH="18" VPOS="1971" HPOS="1587"/>
							<String ID="string_261" HPOS="1605" VPOS="1981" WIDTH="44" HEIGHT="21" WC="0.92" CONTENT="av"/><SP WIDTH="20" VPOS="1981" HPOS="1649"/>
							<String ID="string_262" HPOS="1669" VPOS="1971" WIDTH="79" HEIGHT="30" WC="0.92" CONTENT="fon-"/>
						</TextLine>
						<TextLine ID="line_27" HPOS="238" VPOS="2017" WIDTH="1511" HEIGHT="41">
							<String ID="string_263" HPOS="238" VPOS="2017" WIDTH="85" HEIGHT="31" WC="0.96" CONTENT="dens"/><SP WIDTH="17" VPOS="2017" HPOS="323"/>
							<String ID="string_264" HPOS="340" VPOS="2018" WIDTH="216" HEIGHT="36" WC="0.96" CONTENT="avkastning,"/><SP WIDTH="18" VPOS="2018" HPOS="556"/>
							<String ID="string_265" HPOS="574" VPOS="2028" WIDTH="74" HEIGHT="21" WC="0.96" CONTENT="som"/><SP WIDTH="17" VPOS="2028" HPOS="648"/>
							<String ID="string_266" HPOS="665" VPOS="2018" WIDTH="130" HEIGHT="39" WC="0.96" CONTENT="årligen"/><SP WIDTH="18" VPOS="2018" HPOS="795"/>
							<String ID="string_267" HPOS="813" VPOS="2019" WIDTH="110" HEIGHT="31" WC="0.93" CONTENT="skulle"/><SP WIDTH="18" VPOS="2019" HPOS="923"/>
							<String ID="string_268" HPOS="941" VPOS="2019" WIDTH="173" HEIGHT="37" WC="0.92" CONTENT="fonderas,"/><SP WIDTH="18" VPOS="2019" HPOS="1114"/>
							<String ID="string_269" HPOS="1132" VPOS="2019" WIDTH="131" HEIGHT="37" WC="0.96" CONTENT="jämväl"/><SP WIDTH="19" VPOS="2019" HPOS="1263"/>
							<String ID="string_270" HPOS="1282" VPOS="2024" WIDTH="47" HEIGHT="27" WC="0.96" CONTENT="ett"/><SP WIDTH="16" VPOS="2024" HPOS="1329"/>
							<String ID="string_271" HPOS="1345" VPOS="2021" WIDTH="137" HEIGHT="37" WC="0.96" CONTENT="belopp,"/><SP WIDTH="18" VPOS="2021" HPOS="1482"/>
							<String ID="string_272" HPOS="1500" VPOS="2021" WIDTH="249" HEIGHT="31" WC="0.96" CONTENT="motsvarande"/>
						</TextLine>
						<TextLine ID="line_28" HPOS="238" VPOS="2068" WIDTH="1511" HEIGHT="39">
							<String ID="string_273" HPOS="238" VPOS="2077" WIDTH="46" HEIGHT="22" WC="0.96" CONTENT="en"/><SP WIDTH="23" VPOS="2077" HPOS="284"/>
							<String ID="string_274" HPOS="307" VPOS="2068" WIDTH="129" HEIGHT="30" WC="0.96" CONTENT="tiondel"/><SP WIDTH="24" VPOS="2068" HPOS="436"/>
							<String ID="string_275" HPOS="460" VPOS="2078" WIDTH="43" HEIGHT="21" WC="0.96" CONTENT="av"/><SP WIDTH="19" VPOS="2078" HPOS="503"/>
							<String ID="string_276" HPOS="522" VPOS="2069" WIDTH="181" HEIGHT="31" WC="0.96" CONTENT="beräknad"/><SP WIDTH="20" VPOS="2069" HPOS="703"/>
							<String ID="string_277" HPOS="723" VPOS="2071" WIDTH="100" HEIGHT="30" WC="0.93" CONTENT="ränta"/><SP WIDTH="22" VPOS="2071" HPOS="823"/>
							<String ID="string_278" HPOS="845" VPOS="2069" WIDTH="20" HEIGHT="31" WC="0.93" CONTENT="å"/><SP WIDTH="22" VPOS="2069" HPOS="865"/>
							<String ID="string_279" HPOS="887" VPOS="2071" WIDTH="147" HEIGHT="30" WC="0.93" CONTENT="berörda"/><SP WIDTH="24" VPOS="2071" HPOS="1034"/>
							<String ID="string_280" HPOS="1058" VPOS="2069" WIDTH="199" HEIGHT="37" WC="0.90" CONTENT="lånemedel,"/><SP WIDTH="23" VPOS="2069" HPOS="1257"/>
							<String ID="string_281" HPOS="1280" VPOS="2071" WIDTH="116" HEIGHT="36" WC="0.96" CONTENT="läggas"/><SP WIDTH="23" VPOS="2071" HPOS="1396"/>
							<String ID="string_282" HPOS="1419" VPOS="2071" WIDTH="51" HEIGHT="31" WC="0.96" CONTENT="till"/><SP WIDTH="24" VPOS="2071" HPOS="1470"/>
							<String ID="string_283" HPOS="1494" VPOS="2071" WIDTH="139" HEIGHT="31" WC="0.96" CONTENT="fonden."/><SP WIDTH="37" VPOS="2071" HPOS="1633"/>
							<String ID="string_284" HPOS="1670" VPOS="2071" WIDTH="79" HEIGHT="31" WC="0.96" CONTENT="Den"/>
						</TextLine>
						<TextLine ID="line_29" HPOS="239" VPOS="2119" WIDTH="1508" HEIGHT="41">
							<String ID="string_285" HPOS="239" VPOS="2119" WIDTH="43" HEIGHT="30" WC="0.96" CONTENT="30"/><SP WIDTH="23" VPOS="2119" HPOS="282"/>
							<String ID="string_286" HPOS="305" VPOS="2119" WIDTH="145" HEIGHT="30" WC="0.96" CONTENT="oktober"/><SP WIDTH="24" VPOS="2119" HPOS="450"/>
							<String ID="string_287" HPOS="474" VPOS="2119" WIDTH="82" HEIGHT="30" WC="0.96" CONTENT="1917"/><SP WIDTH="22" VPOS="2119" HPOS="556"/>
							<String ID="string_288" HPOS="578" VPOS="2119" WIDTH="185" HEIGHT="31" WC="0.96" CONTENT="utfärdade"/><SP WIDTH="24" VPOS="2119" HPOS="763"/>
							<String ID="string_289" HPOS="787" VPOS="2120" WIDTH="123" HEIGHT="38" WC="0.96" CONTENT="Kungl."/><SP WIDTH="24" VPOS="2120" HPOS="910"/>
							<String ID="string_290" HPOS="934" VPOS="2119" WIDTH="102" HEIGHT="37" WC="0.96" CONTENT="Maj:t"/><SP WIDTH="23" VPOS="2119" HPOS="1036"/>
							<String ID="string_291" HPOS="1059" VPOS="2121" WIDTH="204" HEIGHT="36" WC="0.96" CONTENT="kungörelse"/><SP WIDTH="28" VPOS="2121" HPOS="1263"/>
							<String ID="string_292" HPOS="1291" VPOS="2120" WIDTH="53" HEIGHT="39" WC="0.96" CONTENT="(nr"/><SP WIDTH="22" VPOS="2120" HPOS="1344"/>
							<String ID="string_293" HPOS="1366" VPOS="2120" WIDTH="75" HEIGHT="40" WC="0.96" CONTENT="719)"/><SP WIDTH="30" VPOS="2120" HPOS="1441"/>
							<String ID="string_294" HPOS="1471" VPOS="2120" WIDTH="179" HEIGHT="38" WC="0.92" CONTENT="angående"/><SP WIDTH="21" VPOS="2120" HPOS="1650"/>
							<String ID="string_295" HPOS="1671" VPOS="2122" WIDTH="76" HEIGHT="30" WC="0.92" CONTENT="vill-"/>
						</TextLine>
						<TextLine ID="line_30" HPOS="238" VPOS="2168" WIDTH="1511" HEIGHT="39">
							<String ID="string_296" HPOS="238" VPOS="2169" WIDTH="108" HEIGHT="30" WC="0.89" CONTENT="koren"/><SP WIDTH="17" VPOS="2169" HPOS="346"/>
							<String ID="string_297" HPOS="363" VPOS="2169" WIDTH="59" HEIGHT="31" WC="0.96" CONTENT="för"/><SP WIDTH="17" VPOS="2169" HPOS="422"/>
							<String ID="string_298" HPOS="439" VPOS="2168" WIDTH="201" HEIGHT="32" WC="0.96" CONTENT="erhållande"/><SP WIDTH="16" VPOS="2168" HPOS="640"/>
							<String ID="string_299" HPOS="656" VPOS="2170" WIDTH="66" HEIGHT="30" WC="0.93" CONTENT="och"/><SP WIDTH="18" VPOS="2170" HPOS="722"/>
							<String ID="string_300" HPOS="740" VPOS="2169" WIDTH="311" HEIGHT="38" WC="0.92" CONTENT="tillgodonjutande"/><SP WIDTH="17" VPOS="2169" HPOS="1051"/>
							<String ID="string_301" HPOS="1068" VPOS="2180" WIDTH="44" HEIGHT="21" WC="0.96" CONTENT="av"/><SP WIDTH="18" VPOS="2180" HPOS="1112"/>
							<String ID="string_302" HPOS="1130" VPOS="2170" WIDTH="57" HEIGHT="32" WC="0.95" CONTENT="lån"/><SP WIDTH="18" VPOS="2170" HPOS="1187"/>
							<String ID="string_303" HPOS="1205" VPOS="2181" WIDTH="42" HEIGHT="20" WC="0.96" CONTENT="ur"/><SP WIDTH="18" VPOS="2181" HPOS="1247"/>
							<String ID="string_304" HPOS="1265" VPOS="2174" WIDTH="127" HEIGHT="28" WC="0.93" CONTENT="statens"/><SP WIDTH="19" VPOS="2174" HPOS="1392"/>
							<String ID="string_305" HPOS="1411" VPOS="2172" WIDTH="261" HEIGHT="31" WC="0.91" CONTENT="hästavelsfond"/><SP WIDTH="18" VPOS="2172" HPOS="1672"/>
							<String ID="string_306" HPOS="1690" VPOS="2172" WIDTH="59" HEIGHT="30" WC="0.96" CONTENT="för"/>
						</TextLine>
						<TextLine ID="line_31" HPOS="238" VPOS="2219" WIDTH="1510" HEIGHT="38">
							<String ID="string_307" HPOS="238" VPOS="2219" WIDTH="109" HEIGHT="37" WC="0.96" CONTENT="inköp"/><SP WIDTH="17" VPOS="2219" HPOS="347"/>
							<String ID="string_308" HPOS="364" VPOS="2229" WIDTH="43" HEIGHT="21" WC="0.93" CONTENT="av"/><SP WIDTH="19" VPOS="2229" HPOS="407"/>
							<String ID="string_309" HPOS="426" VPOS="2219" WIDTH="249" HEIGHT="37" WC="0.90" CONTENT="avelshingstar"/><SP WIDTH="19" VPOS="2219" HPOS="675"/>
							<String ID="string_310" HPOS="694" VPOS="2229" WIDTH="42" HEIGHT="21" WC="0.93" CONTENT="av"/><SP WIDTH="19" VPOS="2229" HPOS="736"/>
							<String ID="string_311" HPOS="755" VPOS="2221" WIDTH="216" HEIGHT="30" WC="0.92" CONTENT="nordsvensk"/><SP WIDTH="17" VPOS="2221" HPOS="971"/>
							<String ID="string_312" HPOS="988" VPOS="2221" WIDTH="81" HEIGHT="30" WC="0.93" CONTENT="eller"/><SP WIDTH="18" VPOS="2221" HPOS="1069"/>
							<String ID="string_313" HPOS="1087" VPOS="2221" WIDTH="300" HEIGHT="36" WC="0.91" CONTENT="gudbrandsdalsk"/><SP WIDTH="21" VPOS="2221" HPOS="1387"/>
							<String ID="string_314" HPOS="1408" VPOS="2231" WIDTH="67" HEIGHT="21" WC="0.96" CONTENT="ras."/><SP WIDTH="23" VPOS="2231" HPOS="1475"/>
							<String ID="string_315" HPOS="1498" VPOS="2222" WIDTH="65" HEIGHT="30" WC="0.96" CONTENT="Vid"/><SP WIDTH="22" VPOS="2222" HPOS="1563"/>
							<String ID="string_316" HPOS="1585" VPOS="2223" WIDTH="84" HEIGHT="30" WC="0.96" CONTENT="1940"/><SP WIDTH="19" VPOS="2223" HPOS="1669"/>
							<String ID="string_317" HPOS="1688" VPOS="2221" WIDTH="60" HEIGHT="32" WC="0.96" CONTENT="års"/>
						</TextLine>
						<TextLine ID="line_32" HPOS="236" VPOS="2268" WIDTH="1512" HEIGHT="42">
							<String ID="string_318" HPOS="236" VPOS="2268" WIDTH="142" HEIGHT="38" WC="0.95" CONTENT="lagtima"/><SP WIDTH="25" VPOS="2268" HPOS="378"/>
							<String ID="string_319" HPOS="403" VPOS="2270" WIDTH="142" HEIGHT="37" WC="0.96" CONTENT="riksdag"/><SP WIDTH="30" VPOS="2270" HPOS="545"/>
							<String ID="string_320" HPOS="575" VPOS="2270" WIDTH="109" HEIGHT="39" WC="0.95" CONTENT="(prop."/><SP WIDTH="27" VPOS="2270" HPOS="684"/>
							<String ID="string_321" HPOS="711" VPOS="2279" WIDTH="42" HEIGHT="21" WC="0.95" CONTENT="nr"/><SP WIDTH="26" VPOS="2279" HPOS="753"/>
							<String ID="string_322" HPOS="779" VPOS="2271" WIDTH="54" HEIGHT="35" WC="0.96" CONTENT="54;"/><SP WIDTH="27" VPOS="2271" HPOS="833"/>
							<String ID="string_323" HPOS="860" VPOS="2280" WIDTH="27" HEIGHT="23" WC="0.24" CONTENT="Ir."/><SP WIDTH="26" VPOS="2280" HPOS="887"/>
							<String ID="string_324" HPOS="913" VPOS="2271" WIDTH="70" HEIGHT="30" WC="0.96" CONTENT="skr."/><SP WIDTH="27" VPOS="2271" HPOS="983"/>
							<String ID="string_325" HPOS="1010" VPOS="2280" WIDTH="43" HEIGHT="22" WC="0.95" CONTENT="nr"/><SP WIDTH="25" VPOS="2280" HPOS="1053"/>
							<String ID="string_326" HPOS="1078" VPOS="2270" WIDTH="53" HEIGHT="40" WC="0.96" CONTENT="88)"/><SP WIDTH="35" VPOS="2270" HPOS="1131"/>
							<String ID="string_327" HPOS="1166" VPOS="2272" WIDTH="136" HEIGHT="38" WC="0.95" CONTENT="beslöts,"/><SP WIDTH="27" VPOS="2272" HPOS="1302"/>
							<String ID="string_328" HPOS="1329" VPOS="2275" WIDTH="50" HEIGHT="28" WC="0.96" CONTENT="att"/><SP WIDTH="25" VPOS="2275" HPOS="1379"/>
							<String ID="string_329" HPOS="1404" VPOS="2272" WIDTH="124" HEIGHT="37" WC="0.93" CONTENT="högsta"/><SP WIDTH="26" VPOS="2272" HPOS="1528"/>
							<String ID="string_330" HPOS="1554" VPOS="2271" WIDTH="194" HEIGHT="38" WC="0.92" CONTENT="utlånings-"/>
						</TextLine>
						<TextLine ID="line_33" HPOS="237" VPOS="2319" WIDTH="1510" HEIGHT="38">
							<String ID="string_331" HPOS="237" VPOS="2319" WIDTH="163" HEIGHT="38" WC="0.96" CONTENT="beloppet"/><SP WIDTH="22" VPOS="2319" HPOS="400"/>
							<String ID="string_332" HPOS="422" VPOS="2320" WIDTH="111" HEIGHT="31" WC="0.95" CONTENT="skulle"/><SP WIDTH="22" VPOS="2320" HPOS="533"/>
							<String ID="string_333" HPOS="555" VPOS="2319" WIDTH="100" HEIGHT="38" WC="0.96" CONTENT="höjas"/><SP WIDTH="24" VPOS="2319" HPOS="655"/>
							<String ID="string_334" HPOS="679" VPOS="2320" WIDTH="81" HEIGHT="31" WC="0.96" CONTENT="från"/><SP WIDTH="22" VPOS="2320" HPOS="760"/>
							<String ID="string_335" HPOS="782" VPOS="2322" WIDTH="63" HEIGHT="29" WC="0.95" CONTENT="250"/><SP WIDTH="14" VPOS="2322" HPOS="845"/>
							<String ID="string_336" HPOS="859" VPOS="2322" WIDTH="64" HEIGHT="30" WC="0.96" CONTENT="000"/><SP WIDTH="23" VPOS="2322" HPOS="923"/>
							<String ID="string_337" HPOS="946" VPOS="2322" WIDTH="52" HEIGHT="30" WC="0.96" CONTENT="till"/><SP WIDTH="25" VPOS="2322" HPOS="998"/>
							<String ID="string_338" HPOS="1023" VPOS="2322" WIDTH="64" HEIGHT="30" WC="0.96" CONTENT="450"/><SP WIDTH="14" VPOS="2322" HPOS="1087"/>
							<String ID="string_339" HPOS="1101" VPOS="2322" WIDTH="64" HEIGHT="30" WC="0.96" CONTENT="000"/><SP WIDTH="24" VPOS="2322" HPOS="1165"/>
							<String ID="string_340" HPOS="1189" VPOS="2322" WIDTH="127" HEIGHT="30" WC="0.96" CONTENT="kronor"/><SP WIDTH="25" VPOS="2322" HPOS="1316"/>
							<String ID="string_341" HPOS="1341" VPOS="2323" WIDTH="165" HEIGHT="30" WC="0.96" CONTENT="ävensom"/><SP WIDTH="26" VPOS="2323" HPOS="1506"/>
							<String ID="string_342" HPOS="1532" VPOS="2325" WIDTH="49" HEIGHT="28" WC="0.95" CONTENT="alt"/><SP WIDTH="26" VPOS="2325" HPOS="1581"/>
							<String ID="string_343" HPOS="1607" VPOS="2322" WIDTH="59" HEIGHT="31" WC="0.93" CONTENT="vid"/><SP WIDTH="21" VPOS="2322" HPOS="1666"/>
							<String ID="string_344" HPOS="1687" VPOS="2322" WIDTH="60" HEIGHT="30" WC="0.92" CONTENT="be-"/>
						</TextLine>
						<TextLine ID="line_34" HPOS="236" VPOS="2371" WIDTH="1510" HEIGHT="38">
							<String ID="string_345" HPOS="236" VPOS="2371" WIDTH="236" HEIGHT="30" WC="0.91" CONTENT="stämmandet"/><SP WIDTH="19" VPOS="2371" HPOS="472"/>
							<String ID="string_346" HPOS="491" VPOS="2380" WIDTH="42" HEIGHT="21" WC="0.96" CONTENT="av"/><SP WIDTH="21" VPOS="2380" HPOS="533"/>
							<String ID="string_347" HPOS="554" VPOS="2371" WIDTH="66" HEIGHT="29" WC="0.96" CONTENT="den"/><SP WIDTH="22" VPOS="2371" HPOS="620"/>
							<String ID="string_348" HPOS="642" VPOS="2371" WIDTH="54" HEIGHT="30" WC="0.96" CONTENT="del"/><SP WIDTH="19" VPOS="2371" HPOS="696"/>
							<String ID="string_349" HPOS="715" VPOS="2380" WIDTH="44" HEIGHT="22" WC="0.96" CONTENT="av"/><SP WIDTH="21" VPOS="2380" HPOS="759"/>
							<String ID="string_350" HPOS="780" VPOS="2371" WIDTH="147" HEIGHT="31" WC="0.96" CONTENT="fondens"/><SP WIDTH="22" VPOS="2371" HPOS="927"/>
							<String ID="string_351" HPOS="949" VPOS="2371" WIDTH="216" HEIGHT="37" WC="0.96" CONTENT="avkastning,"/><SP WIDTH="24" VPOS="2371" HPOS="1165"/>
							<String ID="string_352" HPOS="1189" VPOS="2381" WIDTH="73" HEIGHT="21" WC="0.96" CONTENT="som"/><SP WIDTH="21" VPOS="2381" HPOS="1262"/>
							<String ID="string_353" HPOS="1283" VPOS="2371" WIDTH="129" HEIGHT="38" WC="0.96" CONTENT="årligen"/><SP WIDTH="23" VPOS="2371" HPOS="1412"/>
							<String ID="string_354" HPOS="1435" VPOS="2373" WIDTH="110" HEIGHT="30" WC="0.93" CONTENT="skulle"/><SP WIDTH="24" VPOS="2373" HPOS="1545"/>
							<String ID="string_355" HPOS="1569" VPOS="2372" WIDTH="177" HEIGHT="35" WC="0.92" CONTENT="fonderas,"/>
						</TextLine>
						<TextLine ID="line_35" HPOS="234" VPOS="2419" WIDTH="1515" HEIGHT="39">
							<String ID="string_356" HPOS="234" VPOS="2419" WIDTH="132" HEIGHT="37" WC="0.94" CONTENT="jämväl"/><SP WIDTH="18" VPOS="2419" HPOS="366"/>
							<String ID="string_357" HPOS="384" VPOS="2424" WIDTH="47" HEIGHT="28" WC="0.96" CONTENT="ett"/><SP WIDTH="17" VPOS="2424" HPOS="431"/>
							<String ID="string_358" HPOS="448" VPOS="2421" WIDTH="136" HEIGHT="37" WC="0.96" CONTENT="belopp,"/><SP WIDTH="20" VPOS="2421" HPOS="584"/>
							<String ID="string_359" HPOS="604" VPOS="2422" WIDTH="245" HEIGHT="30" WC="0.96" CONTENT="motsvarande"/><SP WIDTH="18" VPOS="2422" HPOS="849"/>
							<String ID="string_360" HPOS="867" VPOS="2430" WIDTH="43" HEIGHT="22" WC="0.96" CONTENT="en"/><SP WIDTH="19" VPOS="2430" HPOS="910"/>
							<String ID="string_361" HPOS="929" VPOS="2422" WIDTH="129" HEIGHT="30" WC="0.96" CONTENT="tiondel"/><SP WIDTH="20" VPOS="2422" HPOS="1058"/>
							<String ID="string_362" HPOS="1078" VPOS="2432" WIDTH="43" HEIGHT="21" WC="0.96" CONTENT="av"/><SP WIDTH="16" VPOS="2432" HPOS="1121"/>
							<String ID="string_363" HPOS="1137" VPOS="2422" WIDTH="178" HEIGHT="31" WC="0.96" CONTENT="beräknad"/><SP WIDTH="17" VPOS="2422" HPOS="1315"/>
							<String ID="string_364" HPOS="1332" VPOS="2423" WIDTH="102" HEIGHT="30" WC="0.93" CONTENT="ränta"/><SP WIDTH="17" VPOS="2423" HPOS="1434"/>
							<String ID="string_365" HPOS="1451" VPOS="2421" WIDTH="20" HEIGHT="32" WC="0.87" CONTENT="å"/><SP WIDTH="19" VPOS="2421" HPOS="1471"/>
							<String ID="string_366" HPOS="1490" VPOS="2423" WIDTH="55" HEIGHT="30" WC="0.96" CONTENT="det"/><SP WIDTH="18" VPOS="2423" HPOS="1545"/>
							<String ID="string_367" HPOS="1563" VPOS="2421" WIDTH="56" HEIGHT="32" WC="0.96" CONTENT="för"/><SP WIDTH="18" VPOS="2421" HPOS="1619"/>
							<String ID="string_368" HPOS="1637" VPOS="2422" WIDTH="112" HEIGHT="36" WC="0.96" CONTENT="inköp"/>
						</TextLine>
						<TextLine ID="line_36" HPOS="235" VPOS="2471" WIDTH="1205" HEIGHT="38">
							<String ID="string_369" HPOS="235" VPOS="2480" WIDTH="44" HEIGHT="21" WC="0.93" CONTENT="av"/><SP WIDTH="23" VPOS="2480" HPOS="279"/>
							<String ID="string_370" HPOS="302" VPOS="2471" WIDTH="251" HEIGHT="37" WC="0.92" CONTENT="avelshingstar"/><SP WIDTH="23" VPOS="2471" HPOS="553"/>
							<String ID="string_371" HPOS="576" VPOS="2471" WIDTH="165" HEIGHT="31" WC="0.96" CONTENT="utlånade"/><SP WIDTH="18" VPOS="2471" HPOS="741"/>
							<String ID="string_372" HPOS="759" VPOS="2472" WIDTH="171" HEIGHT="37" WC="0.95" CONTENT="beloppet,"/><SP WIDTH="25" VPOS="2472" HPOS="930"/>
							<String ID="string_373" HPOS="955" VPOS="2472" WIDTH="111" HEIGHT="30" WC="0.96" CONTENT="skulle"/><SP WIDTH="23" VPOS="2472" HPOS="1066"/>
							<String ID="string_374" HPOS="1089" VPOS="2473" WIDTH="115" HEIGHT="36" WC="0.96" CONTENT="läggas"/><SP WIDTH="23" VPOS="2473" HPOS="1204"/>
							<String ID="string_375" HPOS="1227" VPOS="2472" WIDTH="51" HEIGHT="31" WC="0.96" CONTENT="till"/><SP WIDTH="21" VPOS="2472" HPOS="1278"/>
							<String ID="string_376" HPOS="1299" VPOS="2472" WIDTH="141" HEIGHT="33" WC="0.96" CONTENT="fonden."/>
						</TextLine>
					</TextBlock>
				</ComposedBlock>
			</PrintSpace>
		</Page>
	</Layout>
</alto>
