2099 2668
266 251 18 31 2
629 240 382 42 Bevillningsutskottets
1033 235 218 34 Betänkande
1274 234 64 32 N:o
1361 235 47 29 15.

328 334 307 41 Föreskrifterna
684 345 60 24 om
792 329 73 38 åtal
914 327 40 38 af
998 325 207 39 förseelser
1253 327 80 33 mot
1374 316 444 54 stämpelförordningen

224 391 242 48 undergingo
497 391 39 34 år
566 389 97 35 1883
694 383 215 48 väsentliga
937 379 279 48 förändringar.
1266 376 57 37 De
1353 372 252 51 stadganden,
1637 384 82 24 som
1749 369 70 36 dit-

225 445 63 37 tils
318 443 80 50 gält
432 443 5 35 i
465 440 164 38 nämnda
657 437 195 47 afseende,
882 436 157 35 härröra
1067 432 83 36 från
1180 444 46 23 en
1254 429 68 48 tid,
1353 428 46 37 då
1428 439 137 25 ansvar
1594 430 100 31 ännu
1706 417 20 64 i
1721 421 100 38 all-

227 498 153 37 mänhet
408 509 67 23 var
504 492 181 50 stadgadt
714 490 59 38 för
803 487 149 39 enskild
979 499 154 37 person,
1164 497 81 24 som
1275 480 197 39 underläte
1502 483 54 33 att
1577 478 104 37 förse
1703 474 119 39 hand-

226 552 81 47 ling
335 549 85 37 med
451 547 162 49 stämpel
641 545 56 37 till
726 542 177 48 behörigt
931 540 151 48 belopp.
1128 536 120 38 Bland
1277 536 113 36 dessa
1416 531 251 50 stadganden,
1693 528 130 38 hvilka

227 602 204 51 medgåfvo
476 599 172 39 enskilde
691 602 74 32 rätt
807 600 54 32 att
902 593 98 38 åtala
1033 588 290 52 ifrågavarande
1354 588 103 48 slags
1486 584 220 47 förseelser,
1736 582 86 36 fans

229 657 112 37 äfven
384 654 169 49 följande
596 666 60 23 om
698 649 220 47 fördelning
946 646 42 37 af
1011 646 110 36 böter
1151 643 71 37 och
1252 656 59 24 om
1342 640 199 50 åklagares
1571 642 74 33 rätt
1673 635 57 38 till
1759 634 63 37 de-

231 720 160 26 samma:

332 759 118 49 »Den,
486 771 82 24 som
599 754 116 39 åtalar
742 750 201 40 underslef
968 754 102 33 emot
1099 747 91 38 eller
1220 743 277 41 öfverträdelse
1527 742 40 37 af
1594 741 125 37 denna
1748 739 76 36 för-

233 813 177 48 fattning,
453 810 161 38 erhåller
655 807 146 37 hälften
844 805 42 37 af
924 805 63 36 det
1029 801 160 38 ådömda
1217 798 314 48 bötesbeloppet;
1561 793 263 38 hvarförutom

231 867 141 36 honom
415 863 106 38 alltid
562 861 231 37 tillkommer
834 856 147 38 hälften
1019 855 41 36 af
1085 854 73 36 den
1187 850 290 51 undansnillade
1507 848 93 36 eller
1627 847 61 36 för
1716 845 110 48 ringa
1854 849 2 4 '

233 918 156 49 erlagda
426 913 341 52 stämpelafgiften.
823 902 235 45 Återstoden
1093 907 40 36 af
1159 906 124 37 denna
1311 903 124 50 afgift,
1466 901 199 38 äfvensom
1695 898 41 36 af
1760 898 67 36 bö-

234 978 118 40 terna,
383 969 170 37 tillfaller
581 966 141 48 Kongl.
753 964 107 48 Maj:t
890 962 71 37 och
989 962 179 35 kronan.»

337 1024 75 36 Det
439 1035 67 24 var
536 1019 148 38 således
714 1017 136 38 endast
877 1015 12 37 i
918 1014 65 37 det
1003 1012 77 49 fall,
1103 1017 54 31 att
1179 1009 224 51 angifvaren
1419 1007 121 37 tillika
1555 1018 66 24 var
1637 1003 190 49 åklagare,

235 1091 82 24 som
346 1079 125 45 någon
503 1073 62 37 del
593 1072 42 37 af
659 1072 160 36 böterna
846 1067 129 38 tillföll
1003 1067 152 35 honom.

340 1127 232 51 Skyldighet
613 1129 54 32 att
700 1123 113 47 tillse,
848 1121 65 37 det
941 1118 227 49 handlingar
1196 1116 11 36 i
1235 1113 245 49 vederbörlig
1509 1110 165 49 ordning
1703 1109 126 37 förses

236 1182 86 37 med
352 1180 174 55 stämpel,
556 1178 147 48 åligger
730 1187 156 24 numera
913 1173 12 35 i
954 1171 205 37 allmänhet
1188 1170 166 35 kronans
1385 1166 163 37 embets-
1578 1164 71 36 och
1674 1162 158 49 tjenste-

236 1240 98 31 män.
389 1232 90 38 Åtal
522 1235 79 32 mot
642 1229 85 36 dem
761 1227 60 37 för
855 1224 266 38 försummelse
1150 1220 226 38 härutinnan
1406 1218 107 48 skall,
1544 1216 121 49 enligt
1694 1214 20 50 $
1744 1215 47 35 48
1821 1213 12 36 i

238 1283 454 52 stämpelförordningen,
731 1278 311 49 anhängiggöras
1077 1275 71 37 och
1181 1274 146 36 utföras
1361 1272 11 36 i
1403 1272 73 35 den
1506 1269 176 47 ordning,
1712 1280 82 23 som
1823 1265 9 36 i

239 1339 182 37 afseende
456 1340 48 46 på
538 1335 74 37 åtal
645 1335 60 35 för
733 1331 195 50 tjenstefel
960 1330 11 35 i
1001 1328 204 37 allmänhet
1235 1332 40 30 är
1303 1323 270 38 föreskrifven.
1629 1321 58 36 De
1717 1319 77 47 fall,
1823 1317 12 37 i

237 1392 129 36 hvilka
395 1389 172 38 enskilde
597 1392 64 32 äro
690 1386 64 36 vid
783 1380 305 51 ansvarspåföljd
1118 1380 163 49 pligtige
1304 1383 54 31 att
1379 1377 104 35 förse
1505 1373 227 48 handlingar
1749 1371 86 36 med

240 1443 174 49 stämpel,
444 1447 64 31 äro
537 1444 141 46 ytterst
706 1438 38 36 få
773 1437 71 36 och
879 1436 40 35 af
951 1434 108 47 ringa
1093 1432 210 48 betydelse.
1347 1430 120 36 Deras
1498 1426 207 37 förseelser
1734 1428 102 32 emot

240 1495 279 48 författningen
563 1491 119 48 skola,
721 1489 119 48 enligt
878 1488 20 49 &
928 1489 60 45 49,
1019 1485 117 37 åtalas
1167 1484 40 36 af
1234 1483 136 37 allmän
1401 1481 177 47 åklagare
1606 1478 64 36 vid
1699 1477 138 36 allmän

242 1548 177 37 domstol.
477 1544 185 38 Gällande
693 1538 393 51 stämpelförordning
1114 1538 206 46 inrymmer
1342 1533 148 37 således
1510 1532 83 36 icke
1611 1534 37 33 åt
1664 1528 173 38 enskilde

241 1606 75 31 rätt
345 1605 54 31 att
428 1598 97 37 åtala
554 1594 298 39 öfverträdelser
882 1592 41 36 af
948 1589 290 48 författningen.

345 1652 74 37 Vid
462 1650 133 37 sådant
638 1646 249 46 förhållande,
919 1644 70 36 och
1025 1643 46 36 då
1105 1641 237 36 motionären
1370 1638 84 36 icke
1482 1637 202 47 ifrågasatt
1711 1636 127 45 någon

243 1705 163 47 ändring
446 1703 12 36 i
501 1700 297 48 förordningens
841 1694 290 39 bestämmelser
1169 1691 196 49 angående
1401 1690 234 45 åtalsrätten,
1666 1691 98 31 samt
1793 1698 47 23 en

243 1759 71 35 hos
344 1754 286 39 vederbörande
660 1751 113 49 gjord
802 1748 212 50 angifvelse
1044 1746 56 37 till
1122 1746 73 36 åtal
1215 1745 84 36 icke
1320 1744 97 36 lärer
1433 1742 127 36 kunna
1574 1752 91 24 vara
1680 1736 161 38 förenad

245 1810 86 36 med
372 1811 118 46 något
524 1806 189 48 egentligt
745 1804 138 35 besvär
918 1801 92 36 eller
1039 1802 117 44 några
1186 1797 218 46 kostnader,
1436 1795 55 36 får
1520 1793 189 37 utskottet
1737 1791 104 35 hem-

246 1861 122 49 ställa,

750 1939 55 31 att
833 1929 291 51 ifrågavarande
1154 1928 144 36 motion
1327 1926 145 36 lemnas
1501 1928 88 31 utan
1620 1919 194 38 afseende.

353 2015 222 38 Stockholm
606 2014 72 36 den
708 2015 21 34 3
759 2011 72 48 maj
867 2012 108 35 1888.

806 2116 53 36 På
886 2114 209 37 utskottets
1124 2116 160 43 vägnar:

783 2221 75 36 ER.
890 2218 145 38 GUST.
1065 2204 249 49 BOSTRÖM.

706 2396 157 28 Stockholm,
887 2394 87 27 tryckt
992 2394 47 22 hos
1060 2393 29 21 K.
1110 2392 28 22 L.
1157 2390 130 28 Beckman,
1310 2389 72 22 1888.
