1912 2850
236 183 244 31 Sanmmansatt
500 182 230 36 bevillnings-
749 182 65 31 och
833 181 353 37 jordbruksutskotts
1206 180 186 31 utlåtande
1413 180 52 31 Nr
1484 182 26 28 1.
1584 179 42 31 53

118 260 90 36 ning
242 260 57 31 till
331 259 166 37 omkring
531 260 37 30 65
600 261 155 34 procent,
788 259 115 31 skulle
934 261 83 28 vart
1048 259 143 31 deciton
1227 258 167 36 vetemjöl
1427 260 200 28 motsvaras

119 323 45 20 av
201 313 12 30 i
249 315 85 28 runt
369 312 51 30 tal
457 313 58 30 154
549 311 180 37 kilogram
763 311 130 32 omalet
920 313 88 28 vete.
1055 310 83 31 Med
1163 312 51 30 ett
1239 311 147 35 antaget
1414 309 213 32 fodervärde

118 374 48 21 av
188 365 155 35 ungefär
365 364 38 31 13
425 364 132 31 kronor
580 373 61 27 per
666 363 139 32 deciton
828 366 81 28 vete
933 363 107 31 borde
1062 362 109 31 alltså
1195 361 213 37 föreningen
1431 361 12 30 i
1468 360 156 32 särskild

118 415 156 37 ordning
293 415 148 32 beredas
462 415 203 37 ersättning
684 415 80 32 med
783 416 12 30 i
817 415 182 31 avrundat
1021 415 51 30 tal
1097 413 69 36 (1.s4
1182 414 31 31 X
1229 414 38 30 13
1280 412 51 36 =)
1355 414 40 30 20
1415 413 130 31 kronor
1566 412 58 32 för

117 470 86 29 vart
223 467 140 32 deciton
382 467 180 37 vetemjöl,
583 477 75 21 som
676 467 114 36 enligt
810 466 135 37 Kungl.
967 465 128 37 Maj:ts
1116 466 116 32 beslut
1251 467 46 35 på
1317 464 230 37 föreningens
1567 465 56 31 be-

118 519 152 32 kostnad
294 519 156 31 utdelats
472 519 86 31 eller
578 519 158 31 kommer
756 520 54 30 att
831 518 140 32 utdelas
993 518 114 37 gratis
1128 518 58 31 till
1207 518 216 32 behövande.
1464 515 159 34 Återstå-

118 571 89 31 ende
230 571 55 31 del
307 581 45 21 av
374 571 143 36 mjölets
536 571 153 31 kostnad
707 571 85 31 eller
814 572 12 31 i
846 569 198 32 allmänhet
1066 570 101 31 cirka
1187 570 38 31 10
1245 569 131 31 kronor
1398 579 62 27 per
1483 569 140 32 deciton

117 623 117 31 skulle
254 624 130 30 stanna
402 624 22 29 å
445 623 221 37 föreningen.
697 622 72 38 Jag
790 623 164 31 förordar
974 622 117 36 alltså,
1112 623 54 30 att
1187 622 170 37 åtgärder
1376 621 167 37 vidtagas
1565 621 57 31 för

117 675 200 31 beredande
333 676 37 30 åt
387 675 163 31 Svenska
566 675 424 37 spannmålsföreningen
1007 685 45 21 av
1069 674 203 37 ersättning
1289 674 81 31 med
1387 673 235 32 förenämnda

119 728 138 35 belopp,
278 727 40 31 20
341 727 132 31 kronor
496 737 63 26 per
582 727 143 31 deciton
746 726 96 37 mjöl,
865 727 81 31 med
969 728 76 29 rätt
1067 726 92 31 dock
1186 726 55 31 för
1266 726 134 36 Kungl.
1424 725 111 36 Maj:t
1559 726 65 35 att,

119 780 121 30 därest
270 778 275 32 förhållandena
574 778 12 30 i
615 779 173 31 avseende
818 780 21 29 å
866 777 313 37 fodermedelspris
1208 777 85 31 eller
1322 777 300 36 utmalningspro-

116 832 82 30 eent
217 830 124 31 därtill
360 830 116 31 skulle
495 831 85 36 giva
598 830 204 37 anledning,
819 830 126 37 jämka
962 829 397 38 ersättningsbeloppet.
1388 829 78 31 Den
1485 829 134 37 ifråga-

116 884 97 29 satta
234 882 249 36 ersättningen
504 892 106 26 synes
631 882 75 36 mig
729 881 197 37 lämpligen
947 882 124 30 kunna
1091 882 89 35 utgå
1201 891 45 20 av
1269 880 351 37 margarinaccisme-

117 934 68 31 del.
222 934 55 30 En
298 933 100 37 dylik
416 934 236 36 användning
672 935 318 29 överensstämmer
1010 934 61 30 väl
1088 933 81 31 med
1190 933 67 31 vad
1280 943 74 21 som
1374 933 64 31 vid
1459 932 166 37 fjolårets

118 985 148 36 riksdag
289 985 180 32 uttalades
492 986 12 29 i
527 985 173 31 avseende
722 987 21 29 å
767 985 41 31 de
832 985 179 37 ändamål,
1035 985 126 30 vartill
1185 985 110 35 sagda
1318 984 115 32 medel
1454 984 107 31 borde
1583 985 40 30 få

115 1036 151 37 nyttjas.
308 1037 123 31 Under
455 1036 262 37 förutsättning
740 1037 54 30 att
815 1037 195 36 riksdagen
1030 1036 33 36 ej
1088 1036 66 31 har
1177 1037 109 35 något
1308 1037 55 30 att
1385 1036 162 31 däremot
1568 1035 51 31 in-

114 1088 123 31 vända
255 1098 104 25 synes
377 1087 136 37 Kungl.
531 1088 110 36 Maj:t
658 1087 154 32 sålunda
828 1088 87 31 böra
932 1090 69 34 äga
1017 1089 55 29 att
1092 1088 55 30 för
1167 1088 174 31 täckande
1361 1087 115 37 enligt
1496 1087 124 37 angiv-

118 1149 48 21 na
187 1139 157 36 grunder
365 1150 46 20 av
431 1139 193 31 kostnader
645 1139 56 31 för
723 1139 187 37 utdelning
932 1150 45 20 av
1000 1139 87 36 mjöl
1109 1139 57 31 till
1188 1139 217 32 nödlidande
1427 1158 41 4 —
1487 1139 100 31 såväl
1610 1139 12 30 i

116 1200 51 22 nu
189 1190 249 37 föreliggande
460 1191 67 31 fall
548 1200 74 22 som
644 1191 12 30 i
677 1190 169 33 händelse
867 1201 47 21 av
936 1191 175 31 framtida
1132 1191 114 31 behov
1265 1210 39 4 —
1325 1193 87 34 taga
1433 1191 12 30 i
1467 1191 157 36 anspråk

116 1242 106 36 högst
253 1243 17 29 1
300 1243 128 35 miljon
460 1243 131 30 kronor
622 1253 45 20 av
697 1243 408 36 margarinaccismedel.
1159 1243 121 31 Skulle
1312 1243 194 36 anledning
1539 1243 81 31 där-

116 1295 59 31 till
204 1294 187 37 föreligga,
421 1295 102 31 torde
549 1295 67 31 här
646 1295 156 32 avsedda
831 1295 287 37 bemyndigande
1148 1295 87 32 böra
1265 1295 96 37 gälla
1390 1298 92 29 även
1512 1295 111 31 utdel-

116 1346 89 37 ning
225 1357 46 21 av
289 1347 150 31 nötkött.

157 1399 134 36 Kungl.
311 1399 110 36 Maj:t
440 1400 67 30 har
527 1399 156 36 tidigare
701 1399 117 31 denna
838 1400 70 35 dag
929 1400 178 30 meddelat
1128 1400 73 36 mig
1222 1399 123 36 begärt
1364 1398 257 37 bemyndigan-

113 1450 45 31 de
179 1451 54 29 att
256 1450 156 31 tillkalla
434 1450 99 32 vissa
555 1450 298 37 utredningsmän
877 1451 57 31 för
957 1452 55 29 att
1034 1450 199 32 verkställa
1256 1450 193 37 utredning
1473 1450 64 31 och
1560 1461 59 20 av-

117 1501 85 36 giva
224 1501 136 37 förslag
382 1502 154 31 rörande
557 1502 131 35 frågan
709 1512 57 21 om
787 1502 210 36 avsättning
1019 1512 46 20 av
1084 1504 95 29 smör
1200 1502 64 30 och
1284 1502 114 31 andra
1422 1502 198 31 fettämnen

114 1563 49 20 av
181 1553 179 31 inhemskt
379 1561 191 28 ursprung.
610 1553 124 31 Såsom
751 1553 217 36 motivering
989 1553 55 30 för
1062 1554 55 30 att
1136 1563 44 21 en
1199 1553 102 37 dylik
1320 1553 196 37 utredning
1536 1554 83 31 åvä-

118 1605 193 36 gabragtes
340 1605 151 31 anförde
521 1605 62 36 jag
611 1604 110 31 bland
751 1606 120 35 annat,
900 1606 65 35 att,
994 1605 120 31 därest
1144 1605 385 36 importrestriktioner
1560 1605 58 31 till

117 1657 173 35 äventyrs
307 1655 114 32 skulle
439 1657 139 30 införas
596 1657 21 30 å
637 1657 41 31 de
697 1667 45 20 av
758 1658 90 29 våra
867 1656 345 37 exportmarknader
1231 1657 55 30 för
1306 1659 105 33 smör,
1430 1666 74 22 som
1524 1659 98 28 ännu

116 1707 100 31 stode
238 1709 126 35 öppna,
382 1708 62 30 det
464 1708 99 31 bleve
584 1709 101 30 svårt
706 1710 53 29 att
779 1708 126 31 enbart
927 1717 126 27 genom
1072 1711 127 33 export
1221 1709 37 30 få
1276 1708 160 32 utbuden
1459 1719 45 20 av
1525 1710 95 29 smör

117 1760 18 30 å
162 1759 68 31 den
253 1758 187 32 inhemska
461 1759 223 31 marknaden
707 1761 39 30 så
768 1760 231 36 begränsade,
1022 1761 54 29 att
1099 1760 208 36 smörpriset
1330 1760 119 31 kunde
1471 1760 150 31 bevaras

116 1813 22 28 å
157 1810 57 31 sin
233 1810 293 32 hittillsvarande
546 1810 95 31 nivå.
681 1811 71 37 Jag
771 1811 170 31 framhöll
960 1811 136 36 vidare,
1117 1812 55 30 att
1190 1812 111 31 under
1324 1811 125 37 dylika
1468 1813 151 30 omstän-

115 1862 165 36 digheter
297 1880 40 4 —
354 1862 55 30 för
427 1862 231 31 undvikande
676 1863 12 30 i
706 1862 202 37 möjligaste
926 1863 83 31 mån
1027 1873 46 20 av
1090 1863 166 36 nedgång
1276 1863 12 30 i
1307 1863 208 36 smörpriset
1534 1863 86 32 eller

116 1913 265 36 inskränkning
401 1914 13 30 i
435 1913 386 37 mjölkproduktionen,
840 1914 123 30 vilken
984 1914 224 31 sistnämnda
1229 1915 128 35 åtgärd
1377 1915 12 29 i
1409 1915 211 31 nuvarande

117 1963 175 31 situation
314 1963 118 32 kunde
459 1964 126 36 ingiva
609 1964 98 31 vissa
730 1964 285 37 betänkligheter
1039 1965 65 30 och
1130 1966 11 29 i
1168 1966 101 35 varje
1296 1965 67 31 fall
1388 1967 110 29 mötte
1524 1967 97 30 stora

116 2014 188 36 praktiska
330 2015 225 36 svårigheter
577 2034 41 4 —
641 2015 456 36 produktionsöverskottet
1121 2018 112 29 måste
1259 2016 207 36 disponeras
1492 2018 44 35 på
1560 2026 60 21 an-

119 2068 63 30 nat
200 2067 73 30 sätt
292 2068 46 29 än
359 2075 126 28 genom
503 2068 136 35 export.
679 2067 18 30 I
717 2067 219 31 sistberörda
954 2068 202 30 hänseende
1176 2068 155 36 antydde
1349 2069 63 36 jag
1432 2069 108 30 bland
1561 2079 59 20 an-

118 2120 64 29 nat
201 2118 234 36 möjligheten
455 2119 55 30 att
529 2118 172 32 inblanda
719 2122 93 28 smör
831 2120 12 30 i
861 2120 197 36 margarin,
1077 2120 130 30 varvid
1225 2120 61 36 jag
1305 2120 122 30 tillika
1447 2120 174 36 erinrade,

118 2171 56 29 att
197 2169 267 31 bestämmelser
490 2170 223 31 härutinnan
736 2171 182 30 måhända
942 2171 107 30 borde
1074 2172 155 30 omfatta
1255 2171 188 31 föreskrift
1467 2182 55 20 om
1547 2174 73 28 sär-

118 2221 95 31 skild
238 2221 93 30 accis
356 2222 21 29 å
400 2222 196 36 margarin,
621 2222 79 30 vari
726 2224 95 28 smör
845 2222 218 36 inblandats,
1090 2223 55 30 för
1170 2224 53 29 att
1248 2223 139 35 hindra,
1413 2224 54 29 att
1490 2223 129 31 sådant

118 2272 187 37 margarin
333 2273 195 36 utträngde
556 2276 95 27 smör
678 2283 74 21 som
781 2273 359 37 förbrukningsvara.
1188 2274 287 36 Ifrågavarande
1503 2275 117 31 utred-

118 2324 89 36 ning
232 2334 102 20 avses
359 2324 102 30 skola
486 2325 39 29 så
550 2324 177 36 bedrivas,
752 2326 53 29 att
830 2325 205 30 eventuella
1059 2325 137 36 förslag
1223 2325 56 30 till
1302 2326 170 36 åtgärder
1497 2326 123 31 kunna

119 2375 224 36 framläggas
366 2375 55 31 för
443 2376 106 30 nästa
568 2376 59 29 års
649 2375 156 36 riksdag.
847 2375 126 31 Redan
993 2376 75 30 före
1092 2376 117 30 denna
1231 2376 170 36 tidpunkt
1424 2377 71 30 kan
1517 2378 102 30 emel-

120 2426 107 31 lertid
246 2426 66 31 den
333 2426 176 31 situation
529 2427 20 29 å
569 2426 318 31 smörmarknaden
904 2426 96 31 hava
1020 2427 141 35 inträtt,
1180 2437 75 22 som
1275 2428 62 36 jag
1358 2437 86 26 nyss
1463 2428 156 32 berörde.

118 2477 366 37 Omständigheterna
501 2478 122 30 kunna
639 2477 126 31 därvid
785 2477 154 35 gestalta
955 2478 54 34 sig
1027 2478 146 34 sådana,
1191 2479 53 30 alt
1261 2481 49 28 elt
1327 2479 210 36 skyndsamt
1554 2481 63 30 och
