1918 2856
230 180 244 32 Sammansatt
494 180 231 37 bevillnings-
743 179 66 32 och
828 178 350 38 jordbruksutskotts
1197 178 188 31 utlåtande
1404 178 53 31 Nr
1474 179 27 29 1.
1575 176 41 32 TT

114 258 249 37 mjölknämnd
382 259 12 31 i
414 259 65 31 sitt
497 268 93 22 ovan
612 257 78 37 (sid.
712 257 131 36 66—067)
868 258 190 36 återgivna
1076 256 168 38 yttrande
1264 257 123 31 anfört
1406 256 151 32 rörande
1576 255 44 32 de

115 310 14 32 i
146 311 103 32 dessa
266 311 176 32 motioner
462 309 228 33 framställda
710 309 220 38 yrkandena,
949 310 76 31 icke
1045 309 123 31 funnit
1186 309 54 36 sig
1259 309 123 31 kunna
1400 309 145 31 biträda
1562 308 57 31 de-

115 372 147 22 samma.

777 449 172 32 Brödsäd.

156 510 284 32 Vidkommande
458 510 131 37 frågan
607 520 57 21 om
683 511 146 30 fortsatt
848 510 79 31 stöd
944 511 37 30 åt
1001 508 378 38 spannmålsodlingen
1397 509 66 30 har
1482 508 134 32 utskot-

115 563 52 30 tet
187 562 12 31 i
222 562 112 31 likhet
356 563 81 31 med
458 562 390 36 departementschefen
868 563 118 29 ansett
1008 561 166 37 gällande
1195 561 181 36 principer
1399 561 12 31 i
1433 561 106 36 fråga
1561 570 56 21 om

114 613 77 31 dels
211 613 201 37 inmalning
432 625 46 20 av
498 614 147 31 svenskt
663 617 79 28 vete
763 614 65 31 och
849 614 129 31 svensk
999 615 64 35 råg
1084 613 62 31 vid
1167 612 269 37 framställning
1457 622 45 21 av
1523 614 94 29 vete-

117 665 89 37 mjöl
223 666 64 31 och
304 665 156 38 rågmjöl
478 665 76 32 dels
573 666 64 31 ock
655 666 238 31 användande
911 666 12 31 i
943 665 71 32 viss
1032 665 250 36 utsträckning
1301 676 46 20 av
1365 665 129 31 svensk
1510 665 112 31 havre

115 717 63 32 vid
199 717 236 37 tillverkning
458 728 45 21 av
526 718 207 36 havregryn
757 718 65 30 och
844 718 114 31 andra
983 717 55 31 till
1061 717 275 31 människoföda
1359 717 157 31 avsedda
1540 725 78 27 pro-

117 769 127 31 dukter
268 780 45 20 av
336 769 112 31 havre
471 772 91 28 även
583 770 13 31 i
619 769 283 36 fortsättningen
924 769 86 32 böra
1031 771 69 34 äga
1123 768 240 37 tillämpning.
1405 768 134 32 Vidare
1563 769 54 30 de-

116 821 56 30 lar
190 821 172 31 utskottet
382 821 408 37 departementschefens
807 821 247 36 uppfattning,
1073 822 53 30 att
1145 822 116 29 staten
1281 821 12 31 i
1311 820 95 37 syfte
1427 822 54 29 att
1500 819 118 37 stödja

116 872 163 36 priserna
302 873 141 31 lämnar
468 873 57 31 sin
549 873 217 31 medverkan
789 873 57 31 till
872 874 52 30 ett
948 873 412 36 inlösningsförfarande
1384 872 112 36 enligt
1519 873 12 30 i
1556 872 63 31 hu-

120 923 137 33 vudsak
279 934 138 22 samma
440 925 157 36 grunder
620 935 75 21 som
716 925 43 32 de
781 925 112 31 under
917 935 123 22 senare
1063 927 87 30 åren
1175 925 210 36 tillämpade
1407 924 137 37 jämväl
1568 924 55 32 be-

118 977 185 31 träffande
320 977 80 31 1934
416 978 59 31 års
491 977 117 32 skörd.
625 977 76 32 Mot
716 977 60 32 det
790 977 63 32 vid
870 977 266 37 propositionen
1154 977 204 36 framlagda
1375 976 173 37 förslaget
1566 975 57 32 till

119 1020 232 46 förlängning
381 1039 47 21 av
454 1029 136 32 avtalet
616 1029 132 31 mellan
776 1030 118 31 staten
921 1030 64 31 och
1014 1029 161 32 Svenska
1201 1028 422 37 spannmålsföreningen

117 1082 82 31 med
224 1080 78 32 däri
331 1081 206 37 föreslagna
564 1081 199 37 ändringar
789 1081 67 31 har
884 1081 174 32 utskottet
1085 1081 78 31 icke
1189 1082 110 35 något
1326 1083 54 30 att
1407 1081 129 31 erinra.

157 1132 50 31 De
224 1133 169 36 åtgärder
410 1133 393 36 departementschefen
820 1132 196 37 ifrågasatt
1035 1133 56 31 för
1109 1133 208 36 avsättning
1337 1143 46 21 av
1402 1133 217 31 överskottet

117 1185 21 29 å
162 1184 278 36 brödspannmål
462 1185 65 30 har
551 1184 175 32 utskottet
749 1186 118 30 ansett
889 1184 55 37 sig
967 1185 122 30 kunna
1115 1185 144 31 förorda
1280 1184 129 32 liksom
1434 1187 90 28 även
1549 1185 69 30 för-

118 1236 113 36 slaget
252 1236 57 31 till
332 1236 212 36 förordning
569 1237 184 35 angående
776 1236 134 31 villkor
933 1236 12 30 i
969 1237 96 31 vissa
1090 1236 65 31 fall
1180 1237 55 30 för
1260 1236 150 31 införsel
1435 1246 44 21 av
1504 1237 115 30 foder-

118 1288 114 31 medel
255 1289 95 30 samt
374 1287 129 33 förbud
526 1289 74 30 mot
623 1288 74 32 viss
722 1288 233 37 användning
980 1299 46 20 av
1047 1288 241 32 denaturerad
1314 1288 199 37 spannmål.
1537 1288 19 32 I
1579 1289 44 31 de

119 1339 231 38 likalydande
374 1340 223 32 motionerna
622 1340 32 32 I:
678 1341 59 31 351
763 1341 64 31 och
852 1340 52 32 IT:
920 1341 57 30 614
999 1341 66 31 har
1091 1340 135 37 förslag
1252 1340 215 32 framställts
1492 1341 12 31 i
1528 1341 96 36 syfte

118 1393 56 31 att
193 1392 247 37 jordbrukare,
459 1402 75 22 som
552 1392 119 36 själva
689 1392 122 33 kunna
831 1392 169 32 använda
1019 1401 88 28 egen
1129 1393 152 31 brödsäd
1300 1392 58 32 till
1378 1393 110 37 foder,
1508 1392 116 32 skulle

119 1443 146 32 beredas
283 1444 190 37 möjlighet
491 1446 53 30 att
564 1444 38 32 få
619 1444 208 32 densamma
844 1445 243 31 denaturerad
1105 1445 141 31 hemma
1265 1446 94 30 samt
1377 1444 138 32 erhålla
1534 1445 89 35 pris-

117 1495 390 37 skillnadsersättning.
565 1496 56 31 Då
653 1499 168 29 närmare
851 1496 229 32 föreskrifter
1109 1497 151 31 rörande
1289 1496 258 37 denaturering
1578 1506 46 21 av

117 1548 190 36 spannmål
327 1548 100 32 torde
446 1548 142 31 komma
608 1549 54 30 att
681 1548 167 32 utfärdas
867 1558 47 21 av
933 1548 133 36 Kungl.
1086 1548 121 36 Maj:t,
1226 1548 66 31 har
1312 1548 174 31 utskottet
1505 1549 119 30 ansett

117 1600 57 36 sig
199 1600 95 36 böra,
318 1599 115 32 under
458 1600 265 32 framhållande
747 1602 53 30 att
823 1600 70 31 den
918 1600 11 31 i
954 1600 224 31 motionerna
1202 1600 204 36 föreslagna
1432 1600 191 32 anordnin-

119 1659 69 28 gen
204 1652 101 36 synts
325 1651 175 32 utskottet
516 1652 195 36 betänklig,
736 1652 5 31 i
759 1652 115 32 denna
893 1652 105 36 fråga
1016 1652 126 31 endast
1159 1654 86 34 göra
1261 1652 59 31 det
1338 1651 213 37 uttalandet,
1569 1653 56 30 att

119 1705 52 30 ett
193 1703 276 37 tillgodoseende
491 1714 46 22 av
560 1704 285 31 motionärernas
867 1704 96 36 syfte
984 1704 154 31 allenast
1159 1704 62 31 bör
1242 1704 71 37 ske,
1334 1704 120 32 därest
1474 1705 149 31 denatu-

119 1755 369 37 reringsförfarandet
515 1756 131 32 därvid
662 1756 71 31 kan
750 1757 179 31 anordnas
947 1758 46 35 på
1009 1757 51 31 ett
1078 1756 100 32 såväl
1198 1766 43 21 ur
1259 1756 170 31 kontroll-
1447 1757 65 31 och
1531 1756 92 31 kost-

118 1806 274 37 nadssynpunkt
417 1818 76 21 som
516 1811 91 28 även
632 1808 12 31 i
669 1808 114 32 andra
807 1808 199 31 avseenden
1030 1808 301 36 ändamålsenligt
1355 1809 82 30 sätt.

159 1859 132 31 Genom
313 1859 318 37 införselavgiften
654 1861 21 29 å
699 1860 215 32 fodermedel
936 1860 158 30 minskas
1117 1860 224 36 spänningen
1362 1860 132 30 mellan
1518 1860 102 30 bröd-

117 1910 96 31 säds-
236 1911 63 30 och
323 1911 308 36 fodersädspriset.
677 1911 54 31 En
754 1911 91 36 följd
870 1911 114 31 härav
1007 1912 98 30 torde
1128 1911 106 37 bliva,
1259 1913 54 29 att
1335 1912 70 30 den
1429 1911 191 32 stimulans

118 1961 58 31 till
199 1962 399 36 brödsädsproduktion,
623 1972 76 21 som
720 1962 392 37 inlösningsgarantien
1135 1964 55 29 för
1213 1964 80 30 med
1316 1963 64 36 sig,
1404 1963 12 30 i
1438 1963 72 32 viss
1536 1964 84 30 mån

119 2013 169 31 hämmas.
325 2014 18 30 TI
359 2014 122 30 direkt
493 2014 95 36 syfte
605 2015 54 30 att
675 2014 175 36 begränsa
868 2015 111 35 sagda
996 2014 216 36 produktion
1229 2016 92 29 samt
1339 2015 56 30 för
1412 2015 207 31 erhållande

117 2074 47 21 av
185 2065 111 30 medel
318 2066 54 30 att
395 2066 185 31 användas
603 2065 56 31 till
683 2066 173 31 täckande
878 2076 45 21 av
947 2066 174 31 förlusten
1143 2067 21 30 å
1185 2066 435 36 spannmålsregleringen

118 2115 67 30 har
205 2117 132 35 Kungl.
360 2116 111 37 Maj:t
492 2117 126 36 begärt
640 2117 285 36 bemyndigande
947 2118 53 29 att
1022 2119 159 35 upptaga
1204 2128 43 20 en
1268 2118 201 36 veteavgilt
1492 2121 53 28 att
1569 2128 51 20 re-

116 2167 144 31 dovisas
278 2168 62 31 vid
358 2169 114 30 vetels
492 2168 229 36 förmalning.
758 2169 399 36 Departementsehefen
1175 2170 65 30 har
1258 2170 211 36 framhållit,
1489 2171 54 29 att
1562 2170 58 31 det

118 2218 165 36 prisläge,
306 2220 12 30 i
338 2219 115 31 vilket
474 2220 198 30 brödsäden
696 2221 81 30 tack
797 2230 86 21 vare
907 2222 309 34 statsåtgärderna
1238 2222 54 29 för
1313 2222 229 30 närvarande
1567 2222 53 31 be-

119 2270 111 31 funne
250 2270 64 36 sig,
334 2270 213 36 visserligen
567 2271 77 31 icke
665 2271 117 31 kunde
802 2282 102 21 anses
924 2272 154 36 oskäligt
1098 2272 94 36 högt,
1212 2282 79 21 men
1312 2274 54 29 att
1386 2273 56 31 det
1463 2275 20 28 å
1505 2274 115 30 andra

118 2320 104 32 sidan
243 2332 83 20 vore
350 2321 140 37 rimligt
513 2323 63 35 alt,
609 2324 3 30 i
635 2323 69 30 den
728 2324 82 29 mån
834 2323 261 36 produktionen
1118 2324 11 30 i
1151 2324 151 36 skyddet
1327 2334 45 20 av
1394 2325 150 30 berörda
1569 2326 51 29 åt-

120 2373 129 35 gärder
273 2373 111 35 givits
404 2374 113 30 större
538 2373 220 36 omfattning
780 2377 47 28 än
849 2384 75 21 som
947 2375 226 30 erfordrades
1196 2376 57 29 för
1276 2375 277 36 tillgodoseende
1575 2386 45 20 av

119 2423 157 36 behovet,
293 2425 119 35 någon
430 2424 296 37 prisförsämring
745 2426 175 31 inträdde.
958 2426 80 31 Vad
1054 2428 95 29 vetet
1167 2426 177 31 beträffar
1361 2427 65 30 har
1442 2427 60 31 det
1519 2429 101 34 synts

119 2475 391 35 departementschefen
534 2486 74 20 som
630 2486 44 21 en
699 2477 179 36 reglering
904 2477 195 36 lämpligen
1124 2477 116 31 kunde
1264 2478 61 30 ske
1350 2487 125 27 genom
1499 2479 121 35 påläg-
