2252 2672
461 223 17 30 6
670 217 236 33 Sammansatta
931 217 101 32 Stats-
1056 214 54 32 och
1139 211 273 33 Bankoutskottets
1443 207 171 35 Utlåtande
1639 207 57 31 N:o
1720 207 29 30 2.

544 296 126 43 Äfven
701 314 42 22 ur
772 312 48 24 en
848 311 126 23 annan
1004 293 197 52 synpunkt
1231 305 112 24 anser
1372 289 172 38 komitén
1567 300 47 24 en
1635 285 162 51 höjning
1813 284 40 37 af
1865 283 143 49 grund-

418 356 137 38 fonden
588 367 89 24 vara
706 351 227 49 erforderlig
961 349 12 37 i
1002 345 278 50 sammanhang
1309 343 86 38 med
1423 341 218 38 införandet
1670 338 41 38 af
1728 352 45 23 en
1794 335 214 51 uttrycklig

418 407 268 40 bestämmelse
722 419 59 23 om
818 409 75 32 rätt
927 404 56 36 för
1018 402 198 47 låntagare
1246 404 54 30 att
1336 398 3 35 I
1370 399 85 33 mån
1485 395 41 36 af
1549 391 197 39 verkstäld
1775 389 233 48 amortering

419 462 149 49 förfoga
611 459 108 38 öfver
760 456 205 38 aflemnadt
1000 453 182 50 hypotek.
1239 451 56 36 Då
1327 448 64 38 vid
1427 445 244 39 utlemnande
1701 444 41 36 af
1767 457 49 22 nu
1845 442 163 50 löpande

420 516 61 36 lån
511 517 118 45 något
658 512 134 48 afdrag
820 510 83 37 icke
933 508 101 37 skett
1062 506 58 36 för
1149 505 74 36 den
1253 501 285 52 kapitalrabatt,
1569 496 346 52 hypoteksbanken
1940 494 70 36 fått

419 567 229 45 vidkävnas,
689 565 124 36 finnes
843 562 82 37 icke
956 564 125 45 någon
1112 556 163 39 särskild
1303 553 264 39 realsäkerhet
1590 552 56 36 för
1676 551 233 42 deusamma,
1941 546 70 37 och

422 634 87 23 man
529 620 68 36 har
617 618 130 50 plägat
772 621 101 31 möta
893 628 46 23 en
961 613 151 37 eriuran
1133 610 130 37 härom
1288 607 84 37 med
1391 620 46 24 en
1454 605 237 47 hänvisning
1718 605 48 47 på
1791 602 46 36 de
1857 600 58 37 för
1935 600 76 36 del-

421 685 161 37 egarnes
612 672 61 36 lån
703 666 280 53 qvarliggande
1013 679 28 22 s.
1072 665 35 36 k.
1137 660 292 51 öfverhypotek.
1461 658 123 37 Göras
1601 657 111 36 dessa
1730 652 281 50 öfverhypotek

421 725 211 46 åtkomliga
661 723 58 35 för
748 722 236 46 låntagaren,
1013 720 42 33 så
1082 716 109 36 torde
1222 727 46 23 en
1298 711 184 37 förstärkt
1507 708 221 49 grundfond
1748 708 129 34 kunna
1899 717 112 23 anses

421 776 186 37 innefatta
635 788 47 23 en
710 771 160 51 lämplig
899 768 217 49 ersättning
1144 766 140 37 härför.
1341 764 69 37 Öm
1442 775 47 24 en
1517 758 266 50 förstärkning
1813 758 40 36 af
1870 755 143 50 grund-

422 829 141 37 fonden
601 827 127 37 derför
762 831 41 31 är
837 823 128 50 nyttig
1000 822 69 36 och
1101 819 118 49 nödig
1247 818 56 36 för
1334 822 54 31 att
1418 815 217 48 förebygga
1664 825 64 24 oro
1758 812 69 35 hos
1858 809 155 37 allmän-

423 883 125 42 heten,
593 883 41 33 så
667 884 40 31 är
737 876 155 38 dermed
920 875 84 36 icke
1034 873 122 49 sagdt,
1186 876 55 31 att
1269 870 123 36 denna
1417 866 219 50 grundfond
1667 863 190 38 erfordras
1887 864 126 34 såsom

421 933 171 50 hypotek
637 931 57 37 för
736 928 332 51 kapitalrabatten.
1125 925 58 48 Ty
1216 923 12 36 i
1263 921 134 50 sjelfva
1427 919 134 38 verket
1590 918 70 36 har
1689 916 125 36 denna
1843 913 170 50 hypotek

423 986 138 37 bakom
605 984 60 48 sig
707 983 76 36 lika
825 980 61 38 väl
928 993 81 23 som
1042 977 175 37 bankens
1253 974 123 49 öfriga
1410 971 226 48 fordringar.
1692 969 82 36 Den
1805 966 209 50 hypoteks-

423 1038 174 38 bankens
626 1035 179 49 tillgång,
836 1047 79 24 som
946 1044 131 25 svarar
1106 1033 79 33 mot
1212 1025 335 52 kapitalrabatten,
1577 1026 158 45 utgöres
1760 1019 196 50 nemligen
1978 1017 41 37 af

424 1090 200 38 skilnaden
662 1088 138 36 mellan
833 1086 55 36 in-
916 1084 70 37 och
1014 1082 350 48 utlåningsräntan;
1394 1077 70 37 och
1493 1076 48 37 då
1569 1073 349 51 hypoteksbanken
1947 1071 69 35 har

424 1149 94 44 pant
559 1142 58 36 för
659 1140 83 37 sina
775 1137 216 39 utlemnade
1019 1135 74 48 lån,
1122 1133 97 38 både
1248 1132 57 36 för
1334 1128 146 51 kapital
1509 1128 71 37 och
1608 1132 120 42 ränta,
1758 1126 68 36 har
1855 1124 72 36 den
1959 1125 57 34 så-

425 1196 103 36 ledes
558 1194 70 36 ock
657 1198 93 43 pant
779 1192 57 35 för
864 1191 74 35 den
967 1188 166 46 fordran,
1164 1198 81 23 som
1275 1196 130 24 svarar
1435 1186 78 31 mot
1542 1178 354 50 kapitalrabatten.»

553 1247 83 36 Den
666 1244 119 37 andra
814 1240 320 47 anmärkningen,
1156 1251 80 23 som
1256 1234 209 38 framstälts
1488 1238 78 31 mot
1585 1230 232 50 frigifvande
1839 1227 41 37 af
1892 1227 124 37 öfver-

426 1299 184 50 hypotek,
652 1297 90 36 eller
785 1300 54 32 att
883 1299 90 44 pant
1014 1291 220 49 derigenom
1271 1288 83 36 icke
1388 1286 122 36 skulle
1541 1285 153 35 komma
1723 1287 54 31 att
1806 1281 123 36 finnas
1959 1279 58 36 för

426 1353 88 37 hela
543 1347 456 51 delaktighetsbeloppet,
1029 1357 111 24 anser
1168 1341 168 37 komitén
1367 1339 79 37 helt
1475 1337 70 37 och
1571 1336 118 37 hållet
1710 1333 148 38 förfalla
1878 1345 139 35 genom

428 1403 215 50 antagande
686 1401 41 37 af
765 1400 63 36 det
861 1398 84 37 utaf
973 1396 170 37 komitén
1172 1394 219 47 föreslagna
1421 1389 244 49 stadgandet,
1696 1393 55 30 att
1780 1384 238 49 delaktighet

427 1458 12 35 i
468 1453 374 53 hypoteksförening
871 1451 70 36 och
970 1449 11 36 i
1005 1446 344 52 hypoteksbanken
1372 1444 99 36 skall
1488 1443 230 36 bestämmas
1734 1439 96 36 efter
1852 1436 167 50 voguldna

431 1509 179 48 beloppet
639 1506 41 37 af
704 1505 158 37 erhållet
891 1504 73 36 lån.
1021 1500 235 48 Härigenom
1286 1498 151 35 komme
1467 1494 197 49 delegares
1693 1490 230 49 rättigheter
1948 1487 70 38 och

430 1559 269 50 skyldigheter
740 1563 65 41 att,
849 1559 48 46 på
938 1559 75 31 sätt
1055 1553 84 35 med
1182 1550 179 48 billighet
1394 1548 71 36 och
1499 1546 159 36 rättvisa
1696 1549 99 30 mest
1824 1542 196 36 öfverens-

431 1612 158 46 stämde,
620 1615 120 32 mätas
771 1609 96 37 efter
895 1606 181 49 beloppet
1105 1604 40 36 af
1170 1603 73 36 den
1272 1600 122 45 skuld,
1424 1597 110 39 hvari
1564 1597 180 49 delegare
1773 1593 154 37 häftade
1957 1592 64 36 vid

430 1664 229 50 tidpunkten
701 1663 58 35 för
801 1661 112 36 dessa
956 1658 249 49 rättigheters
1248 1653 208 37 utöfvande
1499 1650 92 37 eller
1626 1647 288 50 skyldigheters
1948 1644 74 36 till-

430 1712 212 58 lämpande.
1212 1716 3 3 |

561 1767 131 37 Såsom
723 1779 46 23 en
797 1763 133 51 gifven
960 1761 92 49 följd
1082 1759 40 37 af
1147 1759 72 36 den
1247 1755 228 39 förändrade
1503 1751 177 52 grunden
1705 1750 59 37 för
1784 1748 239 49 delaktighet

431 1821 12 36 i
471 1817 376 53 hypoteksförening
881 1820 63 31 äro
978 1814 44 35 de
1057 1812 83 37 icke
1169 1808 232 50 låntagande
1429 1807 206 47 delegarne
1664 1803 203 45 uteslutne,
1897 1800 127 37 hvari-

432 1886 139 35 genom
613 1867 469 52 hypoteksföreningarne
1117 1862 140 38 befrias
1286 1861 82 36 från
1398 1858 224 50 skyldighet
1652 1860 55 32 att
1732 1859 171 43 mottaga
1931 1866 91 37 pen-

433 1925 139 48 ningar
601 1923 56 37 till
688 1920 245 38 förräntande
963 1918 96 37 efter
1087 1930 47 23 en
1164 1915 76 36 ofta
1269 1912 227 47 otidsenligt
1524 1911 79 47 hög
1631 1907 180 38 räntefot.

561 1976 57 36 Då
646 1974 170 37 komitén
845 1971 158 37 sålunda
1033 1973 125 32 ansett
1187 1965 266 50 ordalydelsen
1483 1962 41 37 af
1548 1959 222 39 nuvarande
1796 1958 20 50 $
1849 1959 45 35 10
1920 1957 8 36 i
1951 1957 73 36 för-

435 2028 216 48 ordningen
680 2040 60 23 om
770 2025 191 36 allmänna
990 2018 348 53 hypoteksbanken
1367 2016 82 37 icke
1478 2015 116 49 lägga
1622 2013 137 36 hinder
1787 2011 12 36 i
1824 2015 125 44 vägen
1969 2009 57 35 för

435 2082 206 49 delegarne
671 2084 55 31 att
754 2077 150 49 förfoga
933 2075 105 37 öfver
1067 2071 211 39 aflemnade
1306 2069 183 49 hypotek,
1521 2067 70 36 och
1611 2064 210 38 innehållet
1845 2063 41 36 af
1902 2062 124 36 denna

435 2133 184 50 paragraf
644 2132 101 47 lagts
773 2129 58 37 till
860 2127 123 50 grund
1014 2127 57 36 för
1100 2126 46 36 de
1167 2123 101 44 aftal,
1289 2119 348 52 hypoteksbanken
1659 2117 62 36 vid
1739 2116 57 36 sin
1813 2114 214 50 upplåning

434 2187 136 48 ingått,
602 2185 68 35 har
701 2182 167 36 komitén
897 2180 125 36 funnit
1049 2176 224 50 lämpligast
1302 2181 55 30 att
1384 2173 84 36 icke
1498 2171 139 37 föreslå
1667 2172 126 46 någon
1823 2166 165 48 ändring
2016 2166 11 35 i

436 2238 160 37 berörda
637 2234 188 51 paragraf,
868 2239 92 30 utan
1002 2232 11 35 i
1055 2231 67 36 sitt
1149 2228 146 47 förslag
1327 2226 141 48 förlagt
1497 2224 74 36 den
1600 2220 233 50 uttryckliga
1862 2219 166 37 bestäm-

437 2290 145 36 melsen
611 2289 10 36 i
652 2292 128 32 ämnet
805 2285 56 37 till
890 2298 47 23 en
966 2282 168 50 följande
1163 2278 190 52 paragraf.

564 2339 242 38 Beträffande
849 2336 180 37 särskildt
1066 2336 45 36 de
1140 2331 218 38 nuvarande
1387 2329 246 47 låntagarnes
1664 2324 186 48 ställning
1880 2323 71 36 och
1981 2321 46 36 de

434 2394 202 47 lättnader,
681 2405 80 23 som
804 2390 127 36 kunde
973 2388 84 36 dem
1094 2384 171 48 beredas,
1300 2383 144 36 erinrar
1478 2379 182 47 komitén,
1691 2381 55 33 att
1776 2376 46 36 de
1851 2373 176 48 fördelar,
