1908 2820
273 134 39 31 22
681 140 110 28 Andra
813 141 226 36 lagutskottets
1062 142 167 30 utlåtande
1251 144 45 28 Nr
1312 145 49 28 25.

275 209 344 34 överenskommelser
643 223 54 20 om
722 206 105 38 sådan
850 213 118 42 längre
992 217 163 30 semester
1178 216 55 32 för
1256 218 312 42 röntgenpersonal,
1593 230 73 21 som
1691 231 78 23 vore

274 260 186 32 motiverad
483 272 41 20 av
548 261 41 31 de
613 262 163 41 speciella
799 264 256 33 förhållandena
1078 266 216 33 beträffande
1317 269 148 31 nämnda
1487 269 124 32 arbete.
1647 269 122 32 Såsom

273 311 12 30 i
306 311 259 42 propositionen
587 313 196 32 framhålles
805 314 149 42 åtnjuter
976 317 84 30 även
1081 317 105 31 redan
1208 317 55 31 för
1283 319 208 32 närvarande
1513 321 256 41 röntgenperso-

274 362 98 31 nalen
389 362 59 31 vid
464 363 93 31 vissa
572 363 140 32 lasarett
729 364 115 42 längre
860 367 165 30 semester
1041 368 41 29 än
1099 378 112 20 annan
1227 368 173 40 jämställd
1417 369 350 43 sjukvårdspersonal.

273 412 176 32 Utskottet
475 414 94 31 delar
594 414 392 42 departementschefens
1014 417 221 42 uppfattning
1258 418 12 31 i
1295 419 109 32 denna
1429 420 104 41 fråga.

325 488 118 32 Under
465 489 214 43 åberopande
701 502 41 20 av
766 491 63 32 vad
851 492 143 32 sålunda
1016 493 130 32 anförts
1169 494 53 31 får
1244 494 166 33 utskottet
1431 495 188 39 hemställa,

566 567 49 30 att
640 566 221 33 förevarande
887 568 215 41 proposition
1129 571 105 30 måtte
1261 570 136 32 bifallas
1424 582 41 21 av
1492 572 190 42 riksdagen.

326 623 197 32 Stockholm
548 625 64 31 den
635 626 38 30 27
698 637 89 20 mars
811 626 87 32 1941.

717 727 51 31 På
789 727 103 32 andra
914 728 241 42 lagutskottets
1180 732 135 40 vägnar:

822 821 148 31 DAVID
1000 822 210 33 NORMAN.

322 1111 59 28 Vid
403 1112 149 27 ärendets
574 1112 193 38 behandling
787 1114 78 28 hava
887 1116 153 27 närvarit:

321 1169 71 29 från
409 1170 154 30 första
579 1171 196 29 kammaren:
794 1173 107 28 herrar
917 1174 150 35 Norman,
1085 1175 121 35 Tamm,
1225 1176 164 34 Forshwnd,
1408 1177 90 33 Roos,
1518 1177 72 35 Olof
1606 1177 158 34 Carlsson,

268 1211 86 35 Sten,
378 1212 164 29 Wistrand
563 1214 57 28 och
642 1214 206 35 Holstenson;

322 1272 72 28 från
421 1273 142 28 andra
593 1273 197 29 kammaren:
830 1274 110 29 fröken
970 1275 200 37 Hesselgren,
1201 1277 72 27 herr
1302 1277 97 35 Hage,
1429 1278 112 28 fröken
1570 1279 193 33 Andersson,

270 1314 106 29 herrar
398 1314 138 29 Olovson
557 1316 10 27 i
587 1316 159 34 Västerås,
768 1316 182 36 Hallagård,
972 1317 92 28 Holm
1085 1319 57 27 och
1163 1319 137 28 Larsson
1320 1321 10 26 i
1351 1316 187 33 Östersund.

694 2453 130 18 Stockholm
842 2453 58 19 1941.
925 2454 28 19 K.
967 2454 25 19 L.
1007 2454 125 20 Beckmans
1144 2455 161 23 Boktryckeri.
