2248 2630
476 158 38 30 12
936 162 245 33 Statsutskottets
1209 165 167 31 Utlåtande
1401 167 66 30 N:o
1489 168 53 30 34.

432 245 111 35 sedan
576 260 75 22 mer
677 254 45 29 än
749 247 129 37 femtio
905 253 40 32 år
972 250 152 36 tillbaka
1151 251 157 49 fortgått
1335 254 97 35 inom
1461 258 82 33 vårt
1570 256 98 43 land,
1696 258 116 35 skulle
1840 259 115 36 blifva
1981 261 54 35 af-

430 296 153 36 slutade.

564 347 124 47 Enligt
715 349 94 35 hvad
837 349 39 35 af
901 351 398 48 statsrådsprotokollet
1325 354 173 48 framgår,
1528 356 152 36 innebär
1702 357 239 39 förevarande
1959 361 75 36 för-

430 397 80 46 slag
549 411 45 22 en
633 399 140 46 åtgärd,
816 400 248 48 hvarigenom,
1095 409 88 29 utan
1212 405 156 35 särskild
1395 406 154 35 kostnad
1579 407 55 35 för
1661 410 227 43 statsverket,
1917 412 118 36 skulle

429 447 129 36 vinnas
598 448 60 36 det
697 451 105 45 länge
843 450 278 38 eftersträfvade
1161 455 121 42 målet,
1316 461 53 30 att
1400 458 194 35 nattceller
1622 458 118 36 blefve
1768 460 181 37 inrättade
1976 462 59 35 för

429 501 38 31 så
494 499 58 34 väl
580 499 43 35 de
651 500 167 46 qvinnor,
848 501 123 36 hvilka
999 510 62 28 äro
1088 504 133 35 dömda
1248 506 57 34 till
1332 508 266 44 tvångsarbete,
1624 522 77 22 som
1720 509 58 36 för
1796 510 93 44 dem,
1910 512 125 36 hvilka

428 548 103 35 skola
569 549 12 34 i
619 551 453 48 gemensamhetsfängelse
1109 554 138 47 aftjena
1287 556 82 35 sista
1411 557 107 36 delen
1558 558 40 35 af
1626 560 82 35 dem
1736 560 148 37 ådömdt
1911 563 122 36 straff-

427 598 138 43 arbete;
607 600 64 35 och
713 601 114 36 skulle
868 603 177 46 derjemte
1084 605 109 35 ökadt
1233 608 98 33 antal
1369 607 89 47 dag-
1491 609 66 35 och
1591 611 189 35 nattceller
1807 612 146 36 komma
1979 620 55 30 att

427 649 129 36 vinnas
583 649 60 36 för
670 652 160 46 manliga
857 652 229 49 straffångar.

562 700 51 36 De
640 701 203 47 föreslagna
871 704 296 48 anordningarna
1195 706 74 36 afse
1299 708 72 35 dels
1398 714 53 30 att
1478 709 12 35 i
1520 710 256 49 länsfängelset
1796 713 12 34 i
1825 713 207 37 Stockholm

427 750 146 44 inrätta,
606 750 161 37 förutom
800 753 43 35 de
870 753 57 36 för
954 756 100 34 länet
1081 756 237 48 erforderliga
1345 761 46 33 30
1419 760 111 35 celler
1556 759 57 36 för
1640 769 95 35 män,
1768 765 44 34 10
1840 765 108 34 celler
1974 764 58 36 för

425 801 319 48 transportfångar
783 804 65 35 och
894 807 12 32 1
944 805 183 44 straffcell,
1164 809 43 33 72
1237 809 106 34 celler
1371 813 33 31 så
1436 811 57 34 väl
1521 810 58 35 för
1607 812 44 34 de
1678 812 99 36 inom
1804 812 227 39 Stockholms

425 851 82 35 stad
541 852 56 35 till
625 852 227 38 straffarbete
879 856 12 33 i
919 859 61 32 två
1008 859 39 32 år
1074 857 66 35 och
1169 857 183 37 derunder
1379 861 86 34 eller
1492 862 57 34 till
1577 861 160 47 fängelse
1765 863 132 37 dömda
1925 866 105 46 qvin-

425 914 66 22 nor
523 915 76 22 som
632 903 65 35 ock
730 903 56 36 för
814 906 266 36 verkställande
1107 907 40 35 af
1169 909 145 46 längsta
1341 910 71 36 tids
1441 912 258 35 enrumsstraff
1724 917 19 31 å
1770 915 156 46 qvinnor
1948 916 82 36 från

424 952 113 36 rikets
569 954 70 34 alla
671 954 110 43 delar,
811 956 74 35 dels
912 962 53 30 att
993 957 61 35 vid
1082 960 264 46 straffängelset
1376 961 11 35 i
1416 961 236 48 Norrköping
1680 964 132 36 bereda
1839 967 191 36 nattceller

424 1003 65 34 och
532 1002 116 48 öfriga
687 1005 231 48 nödvändiga
950 1008 137 35 lokaler
1118 1008 55 36 för
1205 1012 66 33 162
1301 1011 163 47 qvinliga
1491 1012 263 49 arbetsfångar,
1785 1016 74 35 dels
1886 1022 53 30 att
1967 1018 59 35 vid

420 1054 262 48 straffängelset
722 1056 13 35 i
780 1056 173 47 Göteborg
995 1059 162 35 anordna
1198 1062 46 33 60
1278 1063 187 34 nattceller
1492 1062 58 36 för
1577 1065 166 45 qvinnor,
1774 1066 122 35 hvilka
1924 1067 106 36 hafva

423 1109 55 30 att
517 1104 12 35 i
569 1107 274 44 gemensamhet
881 1107 138 48 aftjena
1060 1109 82 35 dem
1182 1111 154 35 ådömdt
1375 1112 230 37 straffarbete
1643 1123 96 27 samt
1780 1117 74 35 dels
1885 1123 64 38 att,
1983 1118 46 35 då

422 1155 164 46 qvinliga
624 1154 130 48 fångar
793 1158 12 34 i
847 1157 112 50 öfrigt
1002 1160 144 35 komme
1178 1166 53 30 att
1258 1161 135 47 aftjena
1420 1164 300 36 enrumsstraffen
1749 1167 58 34 vid
1837 1171 62 31 två
1926 1168 20 35 3
1973 1174 55 30 tre

421 1204 262 48 länsfängelser
722 1208 65 35 och
829 1209 136 35 således
1007 1215 201 44 utrymmet
1235 1212 186 36 derstädes
1447 1213 59 36 för
1534 1215 127 35 sådant
1690 1216 166 36 ändamål
1884 1218 144 36 komme

422 1260 54 30 att
515 1256 12 35 i
561 1257 110 46 högre
701 1258 93 46 grad
826 1266 45 27 än
899 1260 132 35 hittills
1058 1266 102 40 tagas
1187 1263 10 34 i
1226 1264 153 46 anspråk
1407 1263 58 36 för
1492 1265 157 46 qvinnor
1676 1272 93 29 samt
1796 1267 231 48 följaktligen

421 1305 181 47 dagceller
640 1307 56 36 för
736 1310 159 46 manliga
935 1310 221 48 straffångar
1197 1316 113 32 måste
1349 1314 12 34 i
1393 1315 122 34 stället
1549 1318 46 45 på
1626 1322 110 30 annat
1765 1318 71 35 håll
1864 1318 161 44 beredas,

421 1356 61 36 vid
523 1359 266 48 straffängelset
828 1361 24 35 äå
890 1361 91 47 Nya
1033 1362 143 47 Vaurfvet
1217 1363 153 48 uppföra
1406 1364 90 47 dag-
1530 1366 65 35 och
1625 1368 191 35 nattceller
1842 1367 58 37 för
1929 1377 95 36 män,

421 1407 123 36 hvilka
585 1410 124 35 cellers
750 1411 110 42 antal,
893 1412 80 34 med
1005 1412 139 49 hänsyn
1172 1414 55 34 till
1256 1416 149 45 lagarna
1432 1415 71 36 den
1533 1418 46 33 20
1602 1416 81 47 juni
1717 1420 94 33 1890
1839 1420 186 46 angående

420 1458 198 47 ändringar
656 1460 11 34 i
709 1460 216 48 strafflagen
966 1463 65 34 och
1073 1463 68 35 den
1176 1466 44 33 29
1244 1465 70 46 juli
1346 1467 92 34 1892
1468 1467 188 47 angående
1685 1468 246 38 straffarbetes
1959 1472 65 34 och

420 1508 284 47 fängelsestraffs
742 1510 207 48 aftjenande
989 1514 12 33 i
1043 1526 140 31 enrum,
1225 1521 136 30 ansetts
1393 1516 87 35 böra
1513 1518 213 47 ytterligare
1753 1520 86 36 ökas
1866 1521 66 35 och
1960 1522 64 35 be-

419 1564 172 31 stämmas
631 1561 55 35 till
732 1563 68 34 120
841 1568 94 29 samt
974 1563 93 36 afses
1107 1564 60 35 för
1210 1573 93 35 män,
1346 1579 75 22 som
1465 1567 108 36 hafva
1606 1574 53 29 att
1691 1569 163 47 undergå
1881 1572 143 47 längsta

417 1609 159 36 strafftid
604 1611 11 34 i
642 1625 140 22 enrum.

552 1659 124 38 Såsom
710 1663 54 34 till
798 1663 393 48 statsrådsprotokollet
1225 1667 206 41 meddelats,
1462 1668 110 36 hafva
1600 1669 275 48 ifrågavarande
1904 1672 118 49 bygg-

419 1711 107 35 nads-
560 1712 66 35 och
659 1713 365 47 inredningsarbeten
1053 1715 193 37 beräknats
1273 1717 127 36 kräfva
1426 1731 43 22 en
1500 1719 153 35 kostnad
1681 1719 39 36 af
1747 1723 159 41 641,500
1935 1724 86 34 kro-

416 1774 77 22 nor.
549 1761 52 36 Af
637 1762 117 36 denna
784 1777 141 22 summa
953 1765 132 48 belöpa
1112 1767 55 47 sig
1197 1769 157 40 103,500
1382 1769 133 35 kronor
1545 1773 43 44 på
1615 1770 67 35 den
1711 1770 206 49 föreslagna
1944 1787 77 22 om-

415 1811 221 49 byggnaden
663 1813 40 35 af
726 1814 316 48 centralfängelset
1069 1817 12 34 i
1108 1817 244 48 Norrköping.
1403 1818 126 48 Enligt
1548 1820 61 35 det
1627 1820 110 36 bland
1757 1822 265 48 handlingarna

415 1863 12 34 i
468 1863 149 36 ärendet
658 1863 191 49 befintliga
889 1866 348 49 kostnadsförslaget
1276 1868 58 35 för
1374 1869 117 36 denna
1531 1870 246 49 ombyggnad,
1819 1872 93 37 afses
1955 1879 64 37 att,

415 1913 161 35 förutom
616 1914 117 48 öfriga
773 1915 160 42 arbeten,
976 1916 147 36 utanför
1154 1918 126 47 sjelfva
1308 1919 195 49 fängelsets
1531 1922 122 34 slutna
1679 1923 149 35 område
1855 1922 57 36 för
1940 1923 79 35 fän-

413 1964 134 45 gelsets
588 1964 161 36 direktör
791 1966 153 47 uppföra
976 1980 43 22 en
1049 1967 321 50 bostadsbyggnad
1399 1969 40 36 af
1462 1976 68 38 trä,
1560 1971 56 36 för
1643 1972 148 36 hvilken
1820 1974 200 35 kostnaden

414 2013 195 37 beräknats
649 2016 56 34 till
748 2018 133 38 24,500
922 2018 145 35 kronor.
1121 2019 69 35 Det
1224 2020 63 35 har
1314 2021 203 35 emellertid
1546 2021 39 35 af
1609 2023 87 35 flera
1724 2024 76 35 skäl
1828 2028 103 43 synts
1959 2029 59 30 ut-

414 2064 139 35 skottet
592 2066 203 48 olämpligt,
837 2072 53 30 att
921 2081 45 22 en
993 2068 175 49 byggnad
1195 2069 57 36 för
1280 2071 127 36 sådant
1435 2072 281 46 stadigvarande
1744 2074 168 34 ändamål
1940 2086 77 24 som

413 2114 71 35 den
523 2114 297 48 ifrågavarandes
861 2118 172 48 uppföres
1074 2119 39 35 af
1149 2126 66 37 trä,
1258 2121 93 36 helst
1383 2123 202 35 kostnaden
1617 2122 56 36 för
1700 2124 118 34 denna
1846 2123 171 48 byggnad

412 2164 189 37 förefaller
640 2170 38 32 så
717 2167 90 48 högt
846 2169 178 46 tilltagen,
1059 2175 53 30 att
1139 2171 55 35 för
1222 2184 137 23 samma
1388 2173 131 48 belopp
1547 2186 44 23 en
1619 2173 252 48 stenbyggnad
1901 2174 116 38 borde

413 2216 124 36 kunna
577 2217 280 37 åstadkommas.
911 2219 83 36 Men
1035 2220 117 36 skulle
1191 2223 226 46 svårigheter
1456 2224 12 34 i
1502 2224 101 35 detta
1629 2223 168 36 afseende
1823 2236 98 37 yppa
1947 2227 67 47 sig,
