2208 2660
730 222 212 37 Lagutskottets
970 222 153 29 Utlåtande
1146 222 55 29 N:o
1223 223 47 28 15.
1791 223 15 28 7

192 299 151 36 böckers
375 297 157 37 förande
560 298 71 37 den
660 301 18 34 6
708 299 148 46 augusti
887 301 93 35 1896
1010 297 174 48 bifogade
1210 299 121 46 regler
1358 299 57 35 till
1446 297 363 47 församlingsboken

189 347 256 45 föreskrefves,
473 354 55 31 att
555 362 244 35 personernas
825 349 73 37 för-
925 349 69 36 och
1023 350 173 35 tillnamn
1224 350 120 36 skulle
1370 348 237 47 fullständigt
1630 350 68 36 och
1717 355 92 30 utan

189 400 280 46 förkortningar
497 399 214 46 utskrifvas;
731 414 86 23 men
845 406 54 30 att
925 401 153 36 härmed
1105 401 79 36 icke
1211 400 126 47 gifvits
1364 400 114 47 något
1504 400 304 46 förständigande

188 452 12 35 i
236 450 107 47 fråga
379 464 61 23 om
473 457 55 30 att
555 452 190 46 verkligen
773 465 67 32 ega
868 457 52 31 ett
946 452 176 35 tillnamn
1149 465 89 23 vore
1266 451 38 37 så
1331 453 148 48 mycket
1504 452 195 49 tydligare,
1728 465 80 23 som

190 502 62 36 det
293 507 102 31 strax
436 501 161 37 derefter
631 503 109 44 hette,
778 508 56 30 att
866 502 47 36 då
940 503 176 35 anmälan
1143 516 61 22 om
1233 503 205 47 antagande
1465 503 92 36 eller
1584 502 159 47 ändring
1770 501 41 37 af

188 553 175 36 tillnamn
382 553 146 45 skedde,
543 554 120 36 skulle
676 554 115 45 jemte
810 553 101 36 detta
940 553 62 36 det
1028 552 240 38 fadersnamn
1296 554 90 36 eller
1412 554 184 44 tillnamn,
1623 566 184 35 personen

188 603 103 37 förut
330 603 90 46 haft,
460 609 157 31 utsättas
656 605 104 35 inom
795 609 180 43 parentes.
1029 603 79 38 Och
1145 604 61 36 det
1232 605 13 35 i
1272 605 169 45 reglerna
1473 605 60 35 till
1559 604 153 36 födelse-
1739 604 68 36 och

189 655 200 48 dopboken
416 655 219 36 meddelade
661 654 175 37 förbudet
862 660 79 31 mot
968 669 132 23 namns
1128 655 190 36 ändrande
1345 655 108 47 gälde
1481 656 96 35 blott
1606 655 201 47 dopnamn.

190 705 266 49 Namnpligten
485 707 11 35 i
522 706 84 37 vårt
632 707 89 35 land
748 720 89 23 vore
863 707 196 36 inskränkt
1085 707 58 35 till
1171 706 243 49 dopnamnet;
1441 706 86 36 med
1554 706 193 46 undantag
1771 706 41 36 af

189 757 127 46 längre
344 756 96 37 fram
468 758 197 35 anmärkta
692 757 181 36 särskilda
900 756 71 37 fall
997 756 229 38 förekomme
1254 758 248 45 begränsning
1521 757 41 36 af
1575 757 159 37 friheten
1753 763 56 30 att

189 808 117 36 ändra
334 808 89 36 eller
451 813 136 41 antaga
614 821 114 23 namn
755 808 67 36 hos
850 821 57 23 oss
935 809 98 35 blott
1059 809 13 35 i
1097 807 105 47 fråga
1229 821 63 23 om
1319 808 199 48 dopnamn.

290 858 233 37 Motionären
567 858 183 47 förbisåge
794 859 130 36 härvid
974 859 80 36 icke
1103 859 61 36 det
1211 858 84 37 från
1346 862 93 34 1626
1491 859 57 36 års
1596 858 213 37 riddarhus-

189 909 162 47 ordning
382 910 158 46 alltjemt
573 910 214 36 bibehållna
813 909 175 37 förbudet
1014 915 80 30 mot
1120 910 101 46 adlig
1248 915 71 31 ätts
1347 909 240 49 upptagande
1613 909 41 36 af
1682 923 126 23 annan

188 967 71 29 ätts
299 974 180 31 nummer,
498 974 132 34 namn
672 961 90 36 eller
797 974 135 35 vapen;
964 974 86 23 men
1078 961 62 36 det
1165 960 110 37 rörde
1303 961 96 35 blott
1425 960 253 37 förhållandet
1704 961 103 36 inom

188 1011 246 36 riddarhuset.
487 1009 119 38 Ånnu
633 1011 115 47 några
776 1011 118 36 andra
921 1011 372 48 specialstadganden
1319 1012 55 35 uti
1396 1011 284 46 ifrågavarande
1700 1019 107 29 ämne

188 1062 135 36 funnes
363 1061 228 38 meddelade.
644 1061 46 38 Så
726 1062 125 37 ålades
891 1076 134 33 genom
1066 1076 45 22 en
1151 1061 221 47 förordning
1407 1062 41 36 af
1476 1062 72 37 den
1579 1065 42 35 16
1650 1063 158 36 oktober

193 1116 93 34 1705
328 1112 233 37 hofrätterna
601 1119 55 30 att
695 1112 190 38 anbefalla
925 1113 280 37 vederbörande
1241 1113 204 37 domstolar
1481 1120 56 29 att
1570 1127 96 32 noga
1693 1114 114 36 tillse:

194 1164 82 36 »det
316 1165 110 45 ingen
467 1164 215 47 delinqvent
716 1164 136 37 blifver
883 1164 220 37 annorledes
1129 1164 140 36 nämnd
1298 1171 47 29 än
1373 1165 79 36 dess
1480 1170 82 40 eget
1588 1165 69 36 och
1683 1163 124 38 faders

189 1228 115 22 namn
344 1223 49 36 är,
429 1215 71 36 och
536 1221 55 30 att
618 1215 54 45 de,
700 1229 79 23 som
807 1216 80 35 icke
915 1216 151 35 komma
1093 1220 55 31 att
1173 1215 168 46 undergå
1368 1214 216 45 lifsstraffet,
1612 1214 195 47 förbjudas

188 1265 129 37 vidare
345 1271 54 30 att
426 1266 121 35 bruka
574 1266 113 45 något
714 1272 125 38 annat,
868 1266 143 36 hvilket
1038 1271 52 31 ett
1117 1265 139 46 adeligt
1283 1279 114 22 namn
1424 1267 72 35 likt
1522 1279 90 23 vara
1638 1266 70 45 må,
1737 1266 70 36 och

189 1316 63 36 det
278 1316 64 36 vid
370 1315 108 37 straff
501 1316 276 46 tillgörandes».
818 1316 77 36 Här
921 1329 89 24 vore
1037 1321 52 31 ett
1115 1317 162 45 verkligt
1303 1315 137 37 förbud
1467 1315 60 37 för
1554 1316 133 37 ofrälse
1705 1318 103 35 miss-

189 1366 138 36 dådare
366 1367 79 35 icke
485 1367 98 36 blott
622 1372 54 31 att
716 1368 90 35 bära
845 1372 152 40 antaget
1033 1366 217 39 efternamn,
1284 1380 79 23 som
1391 1366 200 37 innehades
1619 1366 40 37 af
1682 1367 124 46 någon

189 1418 103 45 adlig
319 1418 95 45 slägt
441 1418 91 36 eller
557 1418 60 35 till
644 1418 68 35 och
740 1417 84 37 med
852 1418 131 36 endast
1009 1417 152 37 liknade
1189 1417 142 44 sådant,
1362 1423 90 31 utan
1480 1423 56 30 att
1562 1418 88 35 bära
1677 1418 129 48 hvarje

189 1467 219 46 efternamn,
436 1468 47 36 då
510 1468 120 37 såsom
657 1468 132 36 sådant
815 1469 80 36 icke
922 1468 182 37 räknades
1131 1467 242 47 angifvandet
1399 1468 41 36 af
1456 1469 170 35 hvilkens
1645 1481 67 24 son
1732 1469 72 36 den

189 1518 135 37 dömde
351 1532 98 23 vore.
480 1539 41 3 —
553 1518 142 38 Genom
723 1525 53 31 ett
802 1520 124 45 kongl.
958 1518 85 37 bref
1066 1519 69 36 den
1157 1522 43 33 29
1222 1520 97 46 april
1340 1522 93 34 1752
1454 1519 195 46 stadgades
1668 1519 138 37 förbud

188 1569 58 37 för
273 1583 151 33 gemene
451 1584 88 22 man
566 1570 64 37 vid
657 1571 67 35 här
751 1570 70 36 och
848 1570 107 36 flotta
982 1576 55 30 att
1064 1570 172 37 använda
1263 1570 125 46 adliga
1415 1571 153 45 slägters
1592 1584 124 31 namn,
1736 1570 70 36 och

190 1621 102 36 detta
318 1620 136 37 förbud
482 1621 233 47 upprepades
742 1622 12 35 i
782 1627 53 30 ett
861 1621 124 46 kongl.
1013 1620 84 37 bref
1121 1620 69 37 den
1222 1624 44 34 28
1292 1621 71 48 juli
1394 1623 105 35 1762.
1551 1621 80 36 Den
1659 1624 46 33 29
1730 1622 74 45 maj

193 1674 92 34 1767
315 1672 124 45 ingick
465 1672 435 36 riddarhusdirektionen
917 1672 60 35 till
1000 1672 215 45 regeringen
1233 1672 85 36 med
1337 1672 233 44 hemställan,
1590 1672 62 36 det
1669 1671 136 47 Kongl.

189 1721 103 48 Maj:t
319 1722 114 35 måtte
459 1735 135 32 genom
622 1723 157 35 allmänt
805 1722 126 46 påbud
958 1721 175 47 förbjuda
1160 1721 144 44 ofrälse,
1331 1722 63 36 vid
1423 1723 184 44 ansenligt
1633 1723 84 44 vite,
1751 1728 55 30 att

189 1772 91 36 bära
319 1772 70 36 och
428 1773 121 35 bruka
589 1773 124 45 adliga
752 1773 186 44 tillnamn,
977 1786 87 22 men
1099 1773 117 35 ehuru
1252 1785 134 33 genom
1421 1773 124 45 kongl.
1577 1772 144 37 brefvet
1746 1773 60 35 till

190 1822 233 36 direktionen
463 1823 72 36 den
575 1826 43 33 14
648 1823 72 48 juli
751 1826 92 34 1767
873 1822 91 36 härå
990 1823 235 36 meddelades
1253 1823 62 36 det
1342 1836 92 31 svar,
1462 1828 55 30 att
1543 1822 132 46 Kongl.
1702 1822 104 49 Maj:t

189 1874 101 35 velat
316 1873 126 36 härtill
470 1874 200 48 samtycka,
698 1873 106 45 hade,
823 1873 120 37 såvidt
960 1874 231 35 motionären
1211 1873 135 45 funnit,
1370 1874 122 45 aldrig
1510 1874 62 36 det
1594 1874 211 35 »allmänna

189 1923 183 47 påbudet>
414 1925 157 35 kommit
607 1925 58 35 till
701 1924 107 36 stånd
837 1925 89 36 eller
954 1924 62 36 det
1048 1925 210 45 »ansenliga
1285 1925 110 36 vitet»
1427 1923 188 46 faststälts,
1642 1924 163 36 förmod-

189 1975 100 45 ligen
317 1974 124 36 derför
468 1980 55 30 att
549 1989 87 22 man
663 1976 112 35 insett
803 1975 70 36 den
901 1974 186 47 svårighet
1114 1981 54 30 att
1195 1975 38 36 åt
1260 1975 205 49 samtycket
1482 1974 179 37 förskaffa
1679 1975 124 46 någon

189 2024 102 36 kraft
331 2025 66 36 och
438 2026 149 43 verkan,
624 2038 78 23 som
738 2025 81 36 haft
850 2027 55 34 sin
941 2026 123 45 grund
1096 2026 85 44 deri,
1210 2032 56 29 att
1291 2025 115 36 redan
1433 2026 62 36 vid
1524 2026 120 35 denna
1670 2026 53 35 tid
1753 2030 52 31 ett

190 2080 94 30 stort
323 2076 102 35 antal
466 2076 133 36 ofrälse
638 2076 63 36 vid
739 2077 63 35 sitt
837 2076 309 45 inregistrerande
1177 2076 45 48 på
1250 2076 235 36 riddarhuset
1512 2089 87 23 vare
1626 2077 54 44 sig
1707 2076 97 36 bibe-

189 2125 109 35 hållit
333 2125 101 36 förut
466 2127 140 44 egande
633 2125 209 37 efternamn
869 2126 41 35 af
933 2125 230 46 fullkomligt
1191 2127 186 44 borgerlig
1403 2127 115 44 klang
1545 2127 89 35 eller
1661 2127 143 44 antagit

190 2188 84 35 nya,
302 2175 127 36 hvilka
456 2177 11 34 i
495 2178 92 34 intet
614 2176 171 36 afseende
812 2175 169 37 afstucko
1010 2176 83 35 från
1121 2177 71 35 den
1220 2182 101 30 stora
1347 2177 217 44 mängdens;
1598 2176 69 36 och
1695 2176 112 35 häraf

191 2225 229 37 förklarades
453 2226 119 45 också,
604 2232 55 30 att
686 2227 44 36 de
758 2227 124 45 kongl.
910 2227 168 35 besluten
1105 2226 40 36 af
1174 2229 93 34 1752
1297 2227 67 35 och
1395 2230 106 41 1764,
1529 2227 125 41 churn,
1683 2226 121 37 såvidt

191 2278 229 34 motionären
457 2278 119 43 visste,
612 2277 119 46 aldrig
763 2276 200 49 upphäfda,
992 2277 75 36 lika
1095 2278 80 35 litet
1202 2277 144 36 kunnat
1373 2277 180 46 någonsin
1582 2278 111 36 vinna
1719 2276 84 36 full-
