2198 2658
715 231 215 39 Lagutskottets
960 229 156 30 Utlåtande
1139 229 61 29 N:o
1222 229 45 28 15.
1777 226 18 28 5

173 312 205 36 bestämma
405 309 79 37 dels
510 308 231 37 beträffande
765 308 45 37 de
829 306 168 38 enskilda
1016 304 486 39 samhöällsmedlemmarnes
1520 307 74 32 rätt
1612 301 69 37 och
1699 301 97 47 pligt

175 367 56 31 att
258 374 66 33 ega
350 373 126 33 namn,
503 359 78 37 dels
609 359 69 36 ock
706 358 191 47 angående
915 358 171 37 vilkoren
1104 355 59 38 för
1182 356 106 37 deras
1306 359 74 32 rätt
1399 358 56 32 att
1473 352 115 38 ändra
1606 352 45 37 de
1670 364 125 32 namn,

174 412 130 37 hvilka
344 411 45 37 de
428 410 116 37 redan
583 410 101 36 bure.
737 408 129 38 Såsom
901 421 104 24 mera
1039 406 330 48 grundväsentliga
1406 405 93 45 drag
1533 404 104 36 inom
1663 401 132 47 ifrågar

175 462 165 38 varande
375 462 105 45 lagar
515 460 114 37 funne
664 472 89 25 man
788 459 175 47 vanligen
991 457 183 48 stadgadt,
1200 462 56 31 att
1283 457 86 36 äkta
1395 455 95 37 barn
1518 453 101 38 ärfde
1645 452 151 37 faderns

175 513 267 46 familjenamn,
479 516 54 32 att
567 511 133 36 hustru
735 510 63 37 vid
830 510 203 46 äktenskap
1060 507 237 39 förvärfvade
1323 518 180 25 mannens
1529 503 267 48 familjenamn,

177 568 97 33 samt
301 567 55 32 att
382 562 102 37 detta
511 562 120 36 skulle
657 562 109 36 bäras
788 560 140 47 jemvaäl
955 559 41 37 af
1018 558 183 38 frånskild
1219 558 133 36 hustru
1374 576 41 5 —
1438 556 118 37 ehuru
1573 556 104 35 inom
1696 553 100 37 olika

177 614 131 37 länder
335 620 138 30 smärre
501 611 221 47 skiftningar
748 612 12 35 i
789 611 104 36 dessa
921 610 68 37 och
1017 610 117 36 andra
1160 608 222 37 hithörande
1408 606 276 37 bestämmelser
1705 604 91 36 före-

177 667 160 35 komme.
388 663 111 37 Hvad
534 663 78 36 åter
645 662 206 37 beträffade
886 666 122 32 rätten
1044 666 55 31 att
1131 660 118 36 ändra
1276 660 62 36 sitt
1363 671 126 32 namn,
1515 657 114 36 rådde
1655 656 13 36 i
1696 656 101 36 detta

178 717 126 44 stycke
340 720 116 31 större
493 713 302 47 skiljaktigheter,
831 713 213 46 antagligen
1078 711 184 37 beroende
1289 710 48 48 på
1364 710 101 36 olika
1491 707 243 50 uppfattning
1760 705 41 37 af

178 770 393 45 personnamnrättens
597 770 122 31 natur.

281 816 121 38 Sedan
441 817 234 35 motionären
714 814 163 37 härefter
904 815 142 35 lemnat
1073 826 44 24 en
1144 812 234 46 redogörelse
1404 810 59 37 för
1489 809 144 48 gången
1660 808 41 37 af
1725 809 73 46 lag-

180 868 217 46 stiftningen
436 867 48 47 på
523 866 284 47 ifrågavarande
840 865 151 36 område
1016 865 13 35 i
1056 864 187 46 åtskilliga
1271 863 117 36 andra
1415 861 218 47 europeiska
1659 860 139 44 länder,

180 919 171 46 öfvergår
389 919 76 35 han
504 918 59 35 till
603 931 43 23 en
684 918 86 35 kort
804 916 277 45 framställning
1113 914 41 37 af
1177 914 261 46 utvecklingen
1464 912 68 36 här
1557 912 13 36 i
1595 912 97 35 riket
1718 909 84 37 utaf

180 971 135 36 bruket
355 968 40 37 af
430 968 258 48 familjenamn
729 968 70 36 och
827 966 168 47 angifver
1021 966 88 36 åren
1139 966 247 36 1620—1650
1415 963 119 37 såsom
1561 962 71 37 den
1658 961 141 47 period,

181 1022 48 36 då
255 1034 88 23 man
369 1020 67 36 hos
464 1033 58 23 oss
548 1019 152 46 började
726 1019 13 35 i
767 1023 116 32 större
910 1018 106 36 skala
1042 1022 137 40 antaga
1206 1015 138 37 sådana
1371 1028 125 23 namn.
1548 1012 145 39 Ofrälse
1720 1011 80 37 offi-

181 1086 135 31 cerare,
343 1072 106 35 civile
476 1070 227 37 embetsmän
731 1070 68 35 och
826 1074 141 41 prester
995 1073 136 41 antogo
1158 1068 13 35 i
1198 1067 46 36 de
1270 1067 104 36 flesta
1400 1065 69 37 fall
1501 1065 166 45 verkliga
1695 1062 105 38 efter-

181 1137 131 31 namn;
338 1135 162 23 namnen
539 1121 48 47 på
632 1134 106 23 »>»son»
779 1119 124 38 blefvo
930 1120 103 35 inom
1061 1119 121 36 denna
1210 1117 276 37 samhällsklass
1511 1121 74 31 rätt
1611 1116 189 47 sällsynta.

182 1174 97 45 Men,
317 1173 189 36 fortsätter
545 1173 244 44 motionären,
816 1184 61 23 om
905 1178 47 28 än
980 1170 101 36 detta
1107 1168 235 37 förhållande
1367 1169 60 35 till
1455 1180 45 24 en
1526 1167 55 36 tid
1607 1165 194 37 bibehållit

183 1226 55 45 sig
265 1225 69 35 och
362 1232 100 28 ännu
489 1223 118 36 under
639 1223 202 36 1700-talet
866 1220 184 38 förblifvit
1075 1219 266 37 förherskande
1358 1219 103 36 inom
1480 1218 45 36 de
1542 1217 150 37 bildade
1711 1230 91 23 sam-

182 1276 297 43 hällsklasserna,
519 1274 94 36 hade
654 1287 45 23 en
739 1273 122 48 tydlig
895 1271 218 46 förändring
1138 1271 227 35 härutinnan
1391 1269 142 36 inträdt
1558 1268 119 36 under
1703 1268 99 36 inner

182 1326 166 37 varande
374 1325 114 44 sekel;
516 1325 68 35 och
604 1324 47 36 då
670 1324 177 46 derjemte
866 1323 44 36 de
930 1322 154 47 djupare
1103 1321 317 45 samhällslagren,
1439 1319 84 37 med
1541 1317 261 38 bibehållande

183 1376 41 37 af
247 1377 164 46 gammal
438 1375 74 45 sed,
539 1374 102 37 öfver
667 1374 146 36 hufvud
839 1378 101 42 taget
967 1372 202 37 underlåtit
1197 1376 55 32 att
1269 1371 97 36 förse
1384 1372 55 45 sig
1456 1370 85 36 med
1561 1370 118 36 andra
1698 1368 104 38 efter-

183 1441 116 23 namn
338 1434 46 28 än
425 1426 148 45 sådana,
613 1439 79 23 som
731 1425 139 36 bildats
906 1423 42 37 af
978 1423 277 36 fadersnamnet
1280 1422 85 36 med
1391 1420 151 47 tillagdt
1573 1433 107 23 »son>
1713 1420 90 37 eller

188 1493 12 15 »
209 1479 157 42 dotter»,
393 1477 107 36 torde
528 1477 61 36 det
615 1490 90 23 vara
733 1489 45 23 en
806 1474 218 46 obestridlig
1051 1474 167 45 sanning,
1246 1478 65 40 att,
1329 1472 121 37 såsom
1469 1471 165 37 forskare
1660 1471 14 36 i
1701 1470 103 37 detta

184 1537 108 29 ämne
320 1535 89 29 utan
437 1527 252 47 skiljaktighet
715 1526 164 47 påstode,
907 1526 62 36 det
996 1525 86 36 vida
1109 1523 272 47 öfvervägande
1409 1524 141 36 antalet
1568 1521 40 38 af
1622 1521 83 38 vårt
1723 1521 78 38 folk

183 1588 101 28 ännu
312 1579 106 36 alltid
445 1592 90 23 vore
560 1579 13 36 i
600 1578 142 36 saknad
770 1577 41 36 af
832 1577 168 45 verkliga
1026 1575 267 47 familjenamn.

287 1630 126 37 Såsom
440 1629 207 46 förklaring
674 1627 41 38 af
739 1628 102 36 detta
866 1627 244 44 förhållande,
1137 1627 144 35 hvilket
1306 1626 69 35 lätt
1402 1624 125 37 kunde
1552 1623 112 37 fattas
1684 1623 119 36 såsom

184 1682 103 36 bevis
326 1681 48 46 på
414 1694 45 22 en
490 1679 167 46 fördröjd
697 1679 214 45 utveckling
951 1678 67 36 och
1060 1691 44 23 en
1131 1677 173 45 underlig
1330 1676 92 36 brist
1448 1675 48 47 på
1522 1674 281 46 familjekänsla,

184 1732 107 36 torde
329 1731 85 36 med
454 1731 70 35 allt
554 1731 80 35 skäl
660 1731 128 34 kunna
815 1729 161 46 påpekas
1005 1728 70 35 den
1103 1729 108 44 länge
1237 1732 75 30 rätt
1338 1726 214 49 obetydliga
1578 1725 225 45 rörligheten

184 1782 117 36 bland
329 1782 44 35 de
401 1781 154 45 djupare
581 1780 210 45 folklagren
819 1780 67 35 och
914 1779 174 35 särskildt
1115 1778 71 35 den
1215 1777 281 36 åkerbrukande
1523 1775 281 46 befolkningens

185 1838 101 31 stora
313 1832 132 36 lätthet
472 1836 55 30 att
553 1831 84 36 med
665 1830 191 36 anlitande
884 1828 41 37 af
948 1842 161 22 namnen
1135 1828 48 46 på
1211 1828 79 36 sina
1317 1827 134 46 gårdar
1475 1827 88 35 eller
1581 1832 84 40 torp
1686 1825 119 37 åstad-

185 1885 152 34 komma
364 1883 51 35 all
442 1882 115 45 nödig
583 1882 220 44 beteckning
830 1880 41 36 af
894 1880 45 36 de
967 1879 167 37 enskilda
1161 1878 352 47 personligheterna.

287 1934 84 35 Men
412 1933 62 36 det
514 1933 123 35 kunde
665 1933 30 45 ej
725 1931 125 46 undgå
877 1930 387 47 uppmärksamheten,
1292 1934 54 31 att
1372 1929 90 36 våra
1489 1927 129 36 nutida
1646 1927 157 37 erfaren-

186 1985 103 35 heter
328 1984 142 46 pekade
511 1984 37 35 åt
587 1983 77 36 helt
696 1989 116 29 annat
838 1982 76 35 håll
943 1989 46 28 än
1016 1980 86 36 förr.
1155 1979 251 37 Samfärdseln
1433 1980 102 35 inom
1563 1978 127 36 landet
1717 1991 87 23 vore

186 2036 142 44 ganska
367 2033 240 47 uppdrifven;
642 2033 265 44 befolkningen
934 2032 96 36 hade
1056 2032 12 35 i
1096 2029 359 47 anmärkningsvärd
1482 2029 91 46 grad
1601 2029 123 45 dragit
1751 2029 54 45 sig

186 2085 83 36 från
296 2084 256 48 landsbygden
581 2085 37 34 in
646 2085 57 34 till
731 2083 182 44 städerna,
941 2083 68 34 och
1038 2095 44 22 en
1110 2082 69 34 allt
1206 2094 101 23 mera
1326 2079 159 36 utbredd
1508 2079 170 45 bildning
1697 2079 108 45 höjde

187 2149 75 34 nya
302 2136 101 43 lager
430 2134 41 35 af
493 2133 117 37 folket
638 2135 56 34 till
724 2133 68 36 den
823 2132 239 45 ståndpunkt,
1090 2131 20 35 ä
1136 2131 153 36 hvilken
1316 2130 239 45 möjligheten
1583 2129 41 35 af
1651 2134 55 30 att
1733 2136 71 28 sär-

188 2186 108 46 skilja
322 2185 235 35 individerna
582 2184 57 36 för
667 2189 55 30 att
749 2185 128 33 kunna
903 2182 91 46 följa
1022 2182 82 35 dem
1131 2180 122 37 blefve
1282 2180 39 36 af
1345 2185 134 31 största
1506 2181 77 44 vigt
1616 2179 58 36 för
1710 2179 94 36 både

188 2236 260 36 statsintresset
475 2235 68 35 och
571 2235 61 35 det
651 2233 229 45 samhällslif,
899 2246 78 22 som
997 2233 8 35 i
1027 2232 120 35 skilda
1166 2232 206 44 rigtningar
1390 2232 12 34 i
1421 2230 136 36 handel
1577 2230 68 35 och
1669 2229 135 36 vandel

189 2288 69 35 allt
285 2299 101 23 mera
413 2286 219 36 utvecklade
659 2286 62 44 sig.
775 2284 173 36 Likasom
977 2288 117 31 staten
1122 2283 11 35 i
1162 2283 76 35 alla
1268 2295 133 33 grenar
1428 2280 41 37 af
1493 2281 53 36 sin
1575 2279 230 38 omfattande
