1848 2788
475 160 122 30 Första
624 160 245 40 lagutskottets
895 160 179 31 utlåtande
1099 170 44 21 nr
1168 160 51 31 32.
1582 163 19 30 3

772 344 61 40 Nr
859 344 63 40 32.

317 444 184 32 Utlåtande
524 447 12 30 i
556 446 191 40 anledning
767 456 43 21 av
830 446 128 39 Kungl.
981 446 125 40 Maj:ts
1128 447 217 40 proposition
1367 447 82 30 med
1468 446 133 41 förslag

536 495 53 31 till
612 496 56 39 lag
691 495 178 40 angående
894 495 136 32 ändrad
1055 495 129 41 lydelse
1207 505 43 23 av
1274 497 20 29 2
1319 498 18 34 $
1362 496 92 38 4:0),
1481 496 112 37 14:0),

537 547 99 34 15:0o)
662 547 63 30 och
749 547 98 35 16:0)
873 547 99 40 lagen
997 547 67 31 den
1085 547 43 30 26
1150 547 75 41 maj
1246 547 85 30 1909
1356 548 62 35 (nr
1438 547 42 30 38
1501 556 27 21 s.
1551 547 40 36 3)

536 607 55 21 om
609 598 126 39 Kungl.
752 598 126 40 Maj:ts
896 598 259 40 regeringsrätt.

137 698 130 30 Genom
295 707 42 21 en
362 698 67 31 den
454 698 19 31 6
498 699 89 40 april
614 699 81 30 1951
722 699 229 40 dagtecknad,
976 698 53 31 till
1055 698 193 40 lagutskott
1272 698 172 31 hänvisad
1469 707 124 33 propo-

93 749 116 35 sition,
234 759 42 20 nr
300 750 74 35 200,
399 749 118 31 vilken
541 750 207 31 behandlats
775 760 42 21 av
842 750 112 31 första
979 750 238 39 lagutskottet,
1242 750 66 30 har
1334 750 126 39 Kungl.
1487 750 106 40 Maj:t

93 801 112 30 under
228 801 219 40 åberopande
468 810 42 22 av
530 801 261 40 propositionen
812 801 151 40 bilagda,
983 802 12 30 i
1017 800 189 32 statsrådet
1227 801 65 31 och
1313 800 159 40 lagrådet
1492 800 103 31 förda

93 852 176 39 protokoll
288 851 181 41 föreslagit
489 852 189 40 riksdagen
698 855 50 29 att
769 854 128 39 antaga
917 854 49 30 ett
985 853 59 31 vid
1063 852 264 41 propositionen
1349 852 95 40 fogat
1465 852 132 39 förslag

95 902 54 31 till
170 901 55 42 lag
246 902 180 41 angående
447 903 135 31 ändrad
603 903 130 41 lydelse
755 913 42 21 av
819 904 19 31 2
863 904 17 37 8
903 903 92 35 4:0),
1021 902 112 36 14:0),
1159 903 96 35 15:0)
1282 903 66 30 och
1373 903 97 35 16:0)
1496 903 101 40 lagen

95 954 68 30 den
182 954 41 30 26
242 954 70 40 maj
338 954 84 31 1909
447 953 58 35 (nr
525 954 41 31 38
586 963 26 21 s.
634 954 36 34 3)
695 963 56 21 om
771 954 127 40 Kungl.
919 954 124 40 Maj:ts
1062 953 259 41 regeringsrätt.

137 1058 14 29 I
174 1057 264 40 propositionen
462 1058 147 30 föreslås
633 1058 108 39 några
765 1059 134 29 smärre
922 1057 230 39 jämkningar
1175 1057 12 30 i
1210 1056 382 41 regeringsrättslagen,

92 1108 109 30 delvis
223 1109 12 29 i
256 1108 206 40 anslutning
484 1109 53 29 till
559 1109 270 39 nytillkommen
853 1108 232 40 lagstiftning.

141 1210 28 29 1.
190 1210 117 40 Enligt
327 1211 19 30 2
370 1210 15 38 8
408 1210 76 35 4:0)
509 1210 371 41 regeringsrättslagen
901 1210 191 31 ankomma
1112 1210 46 41 på
1177 1209 312 41 regeringsrättens
1510 1218 87 31 upp-

95 1261 149 39 tagande
261 1261 65 30 och
344 1261 196 40 avgörande
558 1261 45 30 bl.
623 1270 29 21 a.
671 1261 71 30 mål
760 1270 57 21 om
835 1261 127 31 sådant
980 1261 123 40 bidrag
1121 1261 83 30 eller
1222 1261 193 30 understöd
1433 1269 42 21 av
1494 1261 103 29 stats-

94 1311 123 35 medel,
234 1321 76 21 som
325 1312 107 40 enligt
447 1311 159 41 gällande
622 1311 252 41 författningar
889 1312 58 30 må
962 1311 148 40 beviljas
1127 1311 82 31 eller
1224 1311 89 30 skall
1329 1310 46 41 på
1390 1310 206 31 rekvisition

94 1361 173 31 utbetalas
294 1371 52 25 av,
373 1362 111 39 jämte
511 1363 111 29 andra
648 1362 254 40 myndigheter,
931 1362 235 39 länsstyrelse,
1195 1362 62 30 där
1284 1361 101 41 fråga
1411 1361 31 40 ej
1473 1362 38 29 är
1539 1370 57 21 om

94 1412 123 40 bidrag
235 1412 53 30 till
305 1413 80 39 väg-
403 1413 66 29 och
486 1412 392 41 brobyggnadsföretag.

138 1462 47 31 År
212 1463 83 31 1950
319 1462 153 30 beslötos
503 1463 114 39 (prop.
644 1472 43 21 nr
713 1462 73 35 241,
813 1462 208 40 riksdagens
1047 1461 187 31 skrivelser
1258 1472 43 20 nr
1329 1462 62 30 196
1419 1462 64 30 och
1510 1461 81 35 324)

96 1512 93 31 vissa
208 1512 190 40 ändringar
423 1514 4 29 i
446 1512 427 41 kommunalskattelagen
892 1522 45 20 m.
958 1521 57 26 m.,
1034 1512 96 31 vilka
1149 1512 125 31 främst
1293 1511 172 31 inneburo
1486 1513 50 29 att
1556 1512 41 30 de

96 1562 230 32 kommunala
339 1564 250 39 ortsavdragen
604 1563 113 31 skulle
731 1563 103 40 höjas
850 1562 81 31 från
946 1563 65 30 och
1026 1563 80 30 med
1122 1563 67 30 den
1206 1563 15 30 1
1238 1562 143 40 januari
1398 1563 93 33 1952,
1508 1562 90 31 dock

96 1616 52 29 att
170 1614 10 30 i
205 1614 99 40 fråga
327 1623 57 21 om
410 1614 83 30 1952
517 1614 56 30 års
596 1613 159 41 taxering
777 1614 96 30 äldre
895 1613 265 31 bestämmelser
1184 1613 153 40 alltjämt
1361 1613 113 30 skulle
1497 1613 100 40 gälla.

95 1664 68 31 För
181 1664 171 31 täckande
369 1664 109 30 delvis
496 1674 42 21 av
555 1664 276 31 kommunernas
849 1663 303 31 inkomstbortfall
1170 1671 123 32 genom
1311 1663 177 31 reformen
1508 1663 89 31 skall

95 1714 84 40 utgå
198 1717 48 28 ett
266 1715 143 30 särskilt
429 1715 222 40 statsbidrag,
672 1724 26 21 s.
717 1715 33 29 k.
770 1714 217 41 provisorisk
1007 1714 321 40 skatteersättning.

141 1766 13 29 I
174 1764 218 40 proposition
417 1764 58 35 (nr
495 1765 58 35 93)
577 1765 52 30 till
649 1765 237 30 innevarande
907 1765 56 30 års
983 1764 144 40 riksdag
1147 1765 64 29 har
1230 1764 126 40 Kungl.
1378 1764 105 40 Maj:t
1501 1764 44 30 bl.
1567 1772 30 21 a.

95 1816 120 39 begärt
237 1815 278 40 bemyndigande
538 1816 51 30 att
611 1815 142 31 utfärda
776 1815 223 31 föreskrifter
1022 1814 150 31 rörande
1195 1813 216 42 provisorisk
1436 1814 167 30 skatteer-

95 1866 157 41 sättning
266 1867 52 30 till
335 1867 257 30 kommunerna
609 1867 107 39 enligt
731 1866 92 31 vissa
839 1867 12 29 i
866 1866 265 41 propositionen
1147 1867 162 29 närmare
1326 1866 151 39 angivna
1494 1873 104 32 grun-

95 1917 72 30 der.
192 1917 270 40 Utbetalningen
486 1926 42 21 av
550 1917 242 40 ersättningen
816 1917 115 30 skulle
955 1915 209 32 verkställas
1189 1924 42 21 av
1256 1916 301 39 länsstyrelserna.
1584 1916 14 29 I

96 1967 58 30 det
177 1976 42 21 av
243 1967 175 31 särskilda
440 1967 291 40 utredningsmän
756 1967 148 40 avgivna
928 1966 141 40 förslag,
1095 1975 77 22 som
1196 1966 106 40 ligger
1327 1966 54 30 till
1405 1967 112 39 grund
1543 1966 55 30 för

95 2017 273 40 propositionen,
393 2018 65 30 har
483 2018 136 30 anförts
645 2020 51 28 att
720 2018 182 33 kommun,
928 2026 76 21 som
1029 2017 179 30 förmenar
1233 2017 51 39 sig
1308 2016 47 31 ha
1380 2016 138 31 erhållit
1544 2017 54 29 för

96 2067 72 40 lågt
189 2067 221 40 statsbidrag,
433 2067 206 31 förutsättes
661 2068 98 31 skola
781 2069 64 39 äga
867 2067 125 30 anföra
1012 2067 125 30 besvär
1158 2067 63 30 hos
1242 2067 127 39 Kungl.
1392 2067 105 39 Maj:t
1518 2067 81 29 över

98 2117 268 40 länsstyrelsens
386 2118 123 30 beslut.
530 2119 65 30 Det
614 2119 65 30 har
698 2120 78 30 med
796 2119 139 38 hänsyn
954 2118 53 30 till
1027 2118 195 30 ärendenas
1241 2119 104 28 natur
1366 2119 97 37 synts
1484 2117 116 30 utred-

97 2168 259 39 ningsmännen
375 2168 159 40 lämpligt
552 2170 51 29 att
622 2168 120 39 dylika
759 2169 124 30 besvär
902 2169 126 39 prövas
1046 2177 45 22 av
1110 2167 126 40 Kungl.
1256 2167 106 40 Maj:t
1380 2167 11 30 i
1412 2167 188 30 statsrådet

103 2218 446 40 (finansdepartementet).

147 2268 199 39 Riksdagen
365 2268 65 30 har
450 2269 77 29 med
548 2268 255 37 godkännande
825 2277 43 21 av
888 2276 89 23 ovan
998 2267 155 31 nämnda
1172 2266 12 30 i
1203 2266 262 40 propositionen
1486 2266 118 40 angiv-

103 2327 45 22 na
173 2318 150 39 grunder
347 2318 224 39 bemyndigat
596 2318 126 39 Kungl.
747 2318 106 39 Maj:t
877 2319 52 28 att
953 2317 144 30 utfärda
1121 2316 221 31 föreskrifter
1366 2316 12 31 i
1403 2318 117 29 ämnet
1551 2316 53 34 (se

97 2370 205 40 riksdagens
326 2370 167 31 skrivelse
515 2380 42 21 nr
581 2370 94 34 135).

141 2418 265 39 Föredragande
426 2418 395 40 departementschefen,
840 2417 190 34 statsrådet
1050 2416 210 40 Zetterberg,
1280 2417 65 31 har
1366 2416 59 32 vid
1444 2417 154 40 lagråds-

98 2470 169 30 remissen
284 2479 42 20 av
342 2470 58 30 det
417 2479 47 20 nu
483 2469 229 31 förevarande
728 2469 227 39 lagförslaget
972 2468 128 35 anfört,
1119 2469 50 29 att
1188 2468 211 40 avgörandet
1416 2477 43 21 av
1475 2467 124 31 besvär
