1904 2830
278 159 44 31 26
688 160 108 28 Andra
820 159 226 36 lagutskottets
1070 157 166 29 utlåtande
1259 157 45 28 Nr
1321 157 48 28 49.

985 232 37 30 11
1047 230 29 42 8.

335 296 17 28 1
377 303 96 21 mom.
498 292 223 31 Arbetsrådet
745 293 53 29 må
822 290 108 32 under
953 289 111 32 nedan
1088 289 12 31 i
1125 288 111 32 denna
1259 286 157 43 paragraf
1439 286 146 41 angivna
1609 285 172 31 förutsätt-

280 343 124 41 ningar
422 342 155 32 meddela
597 341 257 42 näringsidkare
873 339 158 32 tillstånd
1050 341 50 29 att
1119 338 91 31 hålla
1229 337 99 32 butik
1347 338 111 40 öppen
1479 336 54 31 för
1552 335 228 31 allmänheten

280 393 86 38 eller
387 395 49 30 att
458 392 224 32 annorstädes
703 391 79 31 idka
804 390 205 41 försäljning
1028 389 54 31 till
1104 388 228 31 allmänheten
1353 389 19 29 å
1391 386 60 38 tid,
1473 386 43 31 då
1537 385 122 31 sådant
1681 384 99 41 eljest

279 443 75 32 icke
378 445 36 29 är
437 442 163 42 förenligt
622 441 77 32 med
720 440 302 32 bestämmelserna
1045 439 11 31 i
1080 439 110 31 denna
1213 438 63 41 lag.

336 493 201 41 Ansökning
562 504 55 20 om
642 492 154 31 tillstånd
822 491 87 32 skall
933 490 172 32 innehålla
1131 489 136 42 uppgift
1291 499 54 20 om
1370 488 65 31 den
1460 487 51 31 tid
1535 486 63 32 och
1624 486 41 31 de
1691 497 92 20 varu-

280 544 86 41 slag,
401 554 72 21 som
507 542 295 41 framställningen
837 552 106 27 avser,
979 543 86 29 samt
1100 540 41 31 de
1176 542 151 29 närmare
1352 537 299 42 omständigheter,
1677 536 106 31 under

281 594 93 31 vilka
397 593 281 42 öppethållandet
701 593 81 31 eller
806 591 249 42 försäljningen
1080 602 97 20 avses
1202 590 96 31 skola
1320 591 63 39 äga
1405 600 81 19 rum.

335 644 213 41 Erforderlig
570 644 184 41 utredning
776 643 87 31 skall
887 654 39 19 av
950 641 212 32 arbetsrådet
1186 640 220 31 införskaffas
1431 639 74 31 från
1528 637 254 32 vederbörande

281 694 302 42 polismyndighet,
603 705 82 26 som,
704 694 59 31 där
781 694 30 40 ej
832 693 94 41 fråga
944 695 36 28 är
997 703 55 20 om
1070 691 264 42 öppethållande
1353 690 83 32 eller
1453 689 205 41 försäljning
1675 688 109 31 under

282 746 146 30 allenast
461 745 75 31 kort
571 744 61 38 tid,
669 744 84 31 skall
788 743 125 32 bereda
938 743 105 31 stads-
1067 742 84 31 eller
1173 739 408 41 kommunalfullmäktige
1606 739 91 37 eller,
1723 738 61 31 där

280 795 412 41 kommunalfullmäktige
728 794 30 41 ej
796 794 123 37 finnas,
954 792 366 32 kommunalnämnden
1344 790 135 32 tillfälle
1504 792 50 29 att
1578 789 118 41 avgiva
1721 791 62 39 ytt-

280 846 116 31 rande.
426 845 236 32 Kommunens
680 844 203 32 beslutande
902 843 200 42 myndighet
1120 844 53 29 må
1191 842 173 41 uppdraga
1383 843 35 29 åt
1434 840 195 31 kommunal
1648 839 133 37 nämnd,

282 896 189 41 beredning
492 895 84 32 eller
597 895 143 42 styrelse
762 896 49 30 att
833 894 119 41 avgiva
973 894 122 32 sådant
1117 892 166 42 yttrande.

336 950 20 28 2
376 957 96 20 mom.
505 945 182 38 Tillstånd,
707 956 115 20 varom
842 964 43 3 —
904 963 42 3 —
964 963 42 4 —
1026 943 161 31 liknande
1208 941 182 43 synpunkt.

336 1000 20 28 3
378 1007 97 21 mom.
508 996 200 41 Föreligger
729 995 30 41 ej
782 1014 43 3 —
845 1014 43 3 —
908 1013 42 4 —
972 993 115 32 därtill
1110 995 67 29 äro.

335 1050 21 28 4
375 1057 97 21 mom.
504 1046 172 31 Tillstånd
694 1045 173 31 meddelas
887 1063 42 4 —
947 1063 41 3 —
1006 1063 42 3 —
1067 1043 116 31 därtill
1203 1045 66 29 äro.

335 1098 20 30 I
377 1096 192 33 tillståndet
590 1115 43 4 —
653 1115 43 3 —
716 1115 42 4 —
780 1095 33 31 få
838 1094 168 41 försäljas.

336 1147 223 32 Arbetsrådet
580 1149 80 39 äger
681 1146 153 31 meddela
855 1165 43 3 —
917 1164 42 4 —
979 1164 42 3 —
1042 1144 113 32 finnas
1179 1143 229 41 erforderliga.

337 1197 221 32 Arbetsrådet
581 1196 87 32 skall
690 1196 53 31 till
764 1215 42 3 —
826 1214 42 3 —
889 1214 42 4 —
951 1195 158 31 bedriver
1131 1193 212 42 försäljning.

988 1278 39 32 13
1049 1277 30 42 8.

337 1341 67 31 För
435 1338 229 42 tjänstgöring
695 1339 13 31 i
740 1338 212 32 arbetsrådet
984 1337 59 32 vid
1065 1335 253 42 handläggning
1339 1347 40 20 av
1401 1336 134 38 ärende,
1557 1345 74 21 som
1654 1345 97 21 avses
1773 1334 12 30 i

283 1392 114 31 denna
421 1391 62 40 lag,
507 1393 95 28 utser
627 1390 193 40 Konungen
844 1389 54 39 för
922 1387 70 33 viss
1017 1388 51 31 tid
1090 1398 61 21 sex
1175 1388 75 30 med
1274 1386 258 41 förhållandena
1556 1386 95 30 inom
1674 1385 110 32 denna

283 1441 75 41 lags
389 1440 371 32 verksamhetsområde
791 1439 178 40 förtrogna
1002 1438 195 31 ledamöter.
1242 1437 70 31 Två
1344 1437 186 31 ledamöter
1560 1435 98 32 skola
1690 1438 95 28 utses

285 1492 105 31 bland
408 1500 172 31 personer,
601 1501 75 20 som
695 1491 113 30 kunna
827 1499 100 21 anses
947 1489 174 39 företräda
1140 1486 256 42 näringsidkare
1416 1488 91 30 inom
1528 1487 67 30 den
1616 1485 168 41 egentliga

286 1541 274 39 butikshandeln,
585 1552 42 20 en
650 1541 146 31 ledamot
818 1542 96 29 utses
939 1539 103 31 bland
1063 1548 173 31 personer,
1257 1548 75 21 som
1355 1538 112 31 kunna
1489 1547 102 21 anses
1612 1536 173 40 företräda

283 1591 257 41 näringsidkare
561 1591 94 31 inom
676 1589 257 39 kioskhandeln,
955 1600 41 20 en
1017 1589 148 31 ledamot
1188 1589 102 30 bland
1310 1598 171 30 personer,
1502 1597 77 21 som
1598 1587 113 31 kunna
1732 1597 53 20 an-

280 1652 60 21 ses
371 1642 171 40 företräda
574 1642 43 31 de
650 1640 169 32 anställda
850 1639 92 32 inom
964 1639 267 40 detaljhandeln,
1253 1649 42 21 en
1317 1639 147 31 ledamot
1488 1638 103 31 bland
1612 1647 172 30 personer,

283 1702 76 22 som
378 1692 112 31 kunna
509 1702 102 21 anses
630 1691 171 40 företräda
821 1690 304 31 konsumenternas
1145 1688 180 39 intressen,
1344 1691 87 28 samt
1452 1699 41 20 en
1513 1688 148 31 ledamot
1683 1687 102 31 bland

283 1752 173 31 personer,
487 1752 74 21 som
593 1742 115 31 kunna
738 1752 101 21 anses
860 1740 172 40 företräda
1054 1738 340 42 tidningsutgivarna.
1429 1739 66 30 För
1516 1749 59 20 var
1597 1738 62 31 och
1682 1749 41 20 en
1744 1748 41 20 av

282 1793 103 31 dessa
415 1793 196 38 ledamöter,
643 1802 75 21 som
747 1789 58 33 wid
837 1789 229 42 tjänstgöring
1096 1790 13 31 i
1139 1789 212 32 arbetsrådet
1371 1789 96 31 skola
1488 1791 126 28 ersätta
1635 1789 42 30 de
1699 1788 87 31 leda-

284 1845 119 38 möter,
420 1854 73 21 som
508 1842 135 41 jämlikt
661 1843 97 40 lagen
775 1852 53 21 om
846 1840 230 32 arbetstidens
1095 1840 227 41 begränsning
1338 1840 66 31 den
1421 1842 40 29 16
1477 1839 68 40 maj
1562 1842 82 28 1930
1660 1841 125 29 utsetts

285 1894 89 40 efter
394 1893 127 41 förslag
543 1904 42 20 av
607 1890 220 43 arbetsgivar-
850 1892 62 31 och
935 1890 488 41 arbetarsammanslutningar,
1445 1890 97 32 skola
1564 1892 96 28 utses
1681 1889 104 31 minst

284 1944 58 30 två
363 1943 230 40 suppleanter.

341 1993 66 32 Vid
428 1993 232 31 arbetsrådets
683 1991 207 41 behandling
911 2002 40 20 av
973 1991 135 39 ärende,
1131 2001 72 21 som
1225 2001 98 21 avses
1344 1990 13 31 i
1378 1990 110 31 denna
1510 1990 65 40 lag,
1597 1990 96 30 skola
1716 1992 70 28 när-

284 2054 81 21 vara
380 2044 103 31 minst
498 2043 75 41 fyra
590 2053 41 21 av
646 2043 42 31 de
703 2042 133 40 jämlikt
854 2041 299 32 bestämmelserna
1170 2041 12 31 i
1197 2041 110 31 denna
1325 2041 55 40 lag
1395 2040 144 32 utsedda
1555 2040 231 31 ledamöterna

286 2094 84 31 eller
386 2095 55 40 för
457 2094 76 32 dem
551 2093 147 31 utsedda
714 2092 222 41 suppleanter
951 2094 88 29 samt
1057 2091 105 31 minst
1181 2102 41 20 en
1241 2091 151 40 lagfaren
1410 2091 147 31 ledamot
1578 2090 103 32 bland
1698 2091 87 36 dem,

284 2155 77 21 som
381 2143 132 42 jämlikt
534 2147 19 28 9
576 2143 21 41 $
619 2143 98 41 lagen
739 2153 55 21 om
814 2140 231 34 arbetstidens
1068 2142 228 40 begränsning
1317 2142 66 31 den
1405 2144 40 28 16
1466 2141 69 40 maj
1556 2143 83 29 1930
1660 2143 125 29 utsetts

283 2197 85 28 utan
399 2194 138 40 förslag.
570 2194 19 31 I
623 2192 109 42 övrigt
763 2193 97 31 skola
895 2192 298 31 bestämmelserna
1224 2193 13 30 i
1269 2192 229 40 nyssnämnda
1519 2191 167 41 paragraf,
1709 2191 78 31 med

286 2245 174 40 undantag
478 2255 41 21 av
536 2244 67 31 vad
621 2244 12 31 i
651 2247 20 28 6
689 2253 98 22 mom.
806 2242 150 41 stadgas,
974 2242 13 32 i
1006 2241 203 41 tillämpliga
1227 2241 94 31 delar
1339 2244 61 37 äga
1420 2242 237 30 motsvarande
1676 2240 110 42 giltig-

286 2295 67 31 het.
388 2294 71 32 Vad
489 2295 12 30 i
530 2297 21 28 8
581 2304 99 21 mom.
711 2296 78 38 sägs
819 2293 88 31 skall
937 2295 63 38 äga
1030 2291 218 41 tillämpning
1277 2293 19 30 å
1318 2291 120 39 beslut,
1459 2302 73 20 som
1553 2292 132 39 jämlikt
1706 2295 38 27 11
1765 2291 21 40 $

284 2347 21 29 3
325 2353 99 22 mom.
445 2344 36 40 3)
501 2343 112 32 denna
635 2343 54 41 lag
708 2343 195 31 ankommer
923 2345 43 39 på
986 2342 221 32 arbetsrådet.

992 2418 39 30 14
1053 2416 29 43 8.

340 2478 120 32 Hålles
484 2477 97 32 butik
604 2498 42 3 —
667 2498 42 3 —
730 2497 41 4 —
793 2478 77 31 med
894 2477 184 41 dagsböter
