1889 2832
461 148 314 30 Bankoutskottets
797 149 179 30 utlåtande
996 159 43 20 nr
1059 151 42 28 26
1121 150 40 29 år
1183 151 83 29 1967
1591 153 18 30 5

487 230 37 30 B.
549 230 137 30 besluta
712 232 50 28 att
789 230 220 31 motionerna
1035 232 29 29 I:
1082 231 61 30 718
1171 231 65 31 och
1263 232 46 29 II:
1325 231 63 31 899
1416 232 77 30 icke
1521 232 90 30 skall

444 283 182 31 föranleda
646 284 115 40 någon
780 284 206 40 riksdagens
1008 285 137 39 åtgärd;

488 337 34 30 C.
546 337 137 31 besluta
710 340 51 28 att
787 338 220 31 motionerna
1034 339 29 30 I:
1081 338 61 31 719
1170 340 66 29 och
1262 339 46 30 II:
1324 339 63 30 898
1415 339 77 30 icke
1520 339 90 30 skall

444 391 182 30 föranleda
644 392 115 39 någon
777 392 206 40 riksdagens
1004 393 131 39 åtgärd.

169 463 202 30 Stockholm
391 463 66 30 den
480 464 37 29 11
540 464 88 39 april
651 464 82 30 1967

594 554 48 30 På
661 554 309 30 bankoutskottets
989 555 146 39 vägnar:

710 625 33 30 C.
763 625 36 31 G.
819 626 203 30 REGNÉLL

743 796 240 31 Närvarande:

168 858 80 30 från
280 858 165 30 första
474 859 222 31 kammaren:
719 859 122 30 herrar
863 859 127 35 Ståhle,
1012 859 72 30 Åke
1104 860 162 35 Larsson,
1289 860 109 34 Palm,
1420 859 191 36 Åkerlund,

124 903 152 40 Hilding,
299 904 150 35 Lundin,
472 904 74 30 Nils
570 904 159 30 Theodor
752 905 152 29 Larsson
926 905 66 30 och
1014 905 200 40 Lundberg;

168 966 80 30 från
286 968 155 29 andra
478 967 221 31 kammaren:
728 967 81 30 herr
836 967 152 39 Regnéll,
1016 968 58 29 fru
1101 968 361 39 Renström-Ingenäs,
1489 969 123 29 herrar

124 1012 187 39 Berglund,
339 1012 157 29 Franzén
524 1012 12 29 i
564 1012 140 34 Motala,
732 1013 189 39 Börjesson
950 1013 12 29 i
990 1012 250 41 Glömminger,
1269 1013 154 30 Larsson
1451 1013 11 29 i
1491 1013 119 35 Umeå,

124 1057 166 30 Ekström
310 1058 12 29 i
342 1057 172 39 Iggesund
534 1057 65 30 och
619 1057 219 30 Fridolfsson
858 1058 12 29 i
889 1058 150 40 Rödeby.

161 1141 12 14 +
194 1142 34 30 Ej
243 1142 176 24 närvarande
432 1141 48 24 vid
492 1142 181 30 justeringen.

733 1303 269 34 Reservationer

175 1407 26 28 1.
227 1416 42 20 av
287 1407 122 29 herrar
427 1406 190 38 Åkerlund,
636 1407 187 39 Lundberg
841 1408 66 29 och
925 1407 153 39 Regnéll,
1098 1407 95 30 vilka
1211 1409 116 28 ansett

170 1514 73 31 dels
266 1516 51 28 att
339 1514 58 30 det
419 1514 130 31 avsnitt
570 1515 46 40 på
638 1524 26 21 s.
687 1515 20 29 4
730 1515 11 30 i
764 1514 187 31 utskottets
974 1514 165 41 yttrande
1161 1523 76 21 som
1258 1515 121 39 börjar
1402 1515 80 29 med
1505 1514 109 30 orden

131 1569 68 28 »De
227 1568 232 30 kvarstående
485 1569 341 39 begränsningarna»
856 1569 65 29 och
950 1569 109 29 slutar
1087 1569 80 29 med
1194 1568 108 29 orden
1332 1569 83 29 »>har
1444 1568 171 30 utskottet

127 1622 103 39 ingen
251 1622 159 30 erinran»
434 1622 77 31 bort
533 1623 142 39 utbytas
695 1625 72 27 mot
789 1624 46 28 ett
857 1622 130 30 avsnitt
1008 1632 42 20 av
1071 1622 157 40 följande
1250 1622 145 39 lydelse:

176 1676 196 30 »Utskottet
396 1676 70 29 kan
488 1676 72 29 helt
585 1676 140 30 ansluta
749 1677 51 39 sig
823 1677 52 29 till
899 1677 67 29 den
990 1677 11 29 i
1025 1676 220 30 motionerna
1268 1676 29 29 I:
1315 1676 61 30 718
1401 1676 65 29 och
1490 1676 45 29 II:
1552 1676 65 30 899

127 1729 197 31 framförda
346 1729 147 35 åsikten,
517 1732 50 28 att
589 1729 188 40 tillräcklig
799 1729 207 40 motivering
1028 1730 71 29 inte
1122 1729 185 30 framförts
1329 1729 54 30 för
1406 1739 44 20 en
1472 1729 141 30 fortsatt

127 1783 293 39 valutareglering
437 1793 42 19 av
496 1784 202 28 nuvarande
717 1783 222 39 omfattning.
958 1784 75 28 Den
1051 1783 253 39 liberalisering
1321 1792 41 20 av
1380 1783 234 39 regleringens

128 1836 222 41 tillämpning
375 1846 74 20 som
475 1837 92 30 skett
590 1837 71 29 inte
687 1836 106 30 minst
818 1836 45 40 på
887 1836 170 40 grundval
1082 1846 42 20 av
1148 1836 283 30 internationella
1455 1837 159 29 överens-

128 1890 212 30 kommelser
366 1891 65 29 har
459 1890 152 30 medfört
639 1892 50 28 att
718 1891 128 29 största
874 1891 100 29 delen
1002 1899 42 21 av
1071 1891 435 38 betalningsströmmarna
1535 1892 80 28 över

130 1943 190 38 gränserna
340 1944 66 30 har
426 1943 154 39 fritagits
600 1944 80 30 från
701 1943 309 39 inskränkningar.
1033 1943 298 31 Restriktiviteten
1352 1944 39 29 är
1412 1944 205 30 koncentre-

130 1997 63 30 rad
222 1998 52 29 till
303 1998 68 30 den
399 1997 284 30 internationella
710 1997 414 41 värdepappershandeln
1152 1998 66 30 och
1245 1997 55 31 till
1329 1997 193 41 upplåning
1552 1998 65 30 och

128 2050 161 40 utlåning
311 2060 41 21 av
374 2050 134 40 kapital
530 2052 12 29 i
564 2051 168 30 utlandet.
755 2052 50 29 De
827 2058 255 32 ogynnsamma
1103 2051 259 39 verkningarna
1383 2051 110 31 härav
1515 2052 101 29 drab-

129 2104 64 29 bar
216 2104 142 30 särskilt
382 2104 150 31 svenska
555 2104 136 41 företag
713 2105 81 29 med
815 2104 260 31 internationell
1098 2105 206 39 inriktning,
1327 2105 95 30 vilka
1444 2105 54 31 till
1523 2106 95 29 skill-

129 2158 70 29 nad
221 2158 81 30 från
325 2158 77 31 sina
423 2158 191 31 utländska
636 2158 259 30 konkurrenter
918 2158 130 31 saknar
1070 2158 184 41 möjlighet
1277 2161 50 28 att
1350 2159 77 30 fritt
1450 2160 168 30 anskaffa

129 2212 134 39 kapital
291 2212 45 40 på
364 2212 191 30 utländska
582 2212 223 30 marknader.
833 2213 60 30 Ett
921 2211 233 41 upphävande
1183 2222 42 21 av
1252 2213 291 30 restriktionerna
1572 2213 45 39 på

131 2266 103 30 dessa
260 2266 169 30 områden
456 2266 114 30 skulle
595 2266 102 30 totalt
725 2267 67 29 sett
818 2266 73 31 inte
916 2266 161 31 medföra
1103 2266 109 40 några
1239 2267 227 30 omvälvande
1494 2268 125 29 konse-

130 2319 149 30 kvenser
301 2329 81 20 men
404 2319 114 30 skulle
540 2319 158 31 däremot
720 2319 37 31 få
780 2321 72 29 stor
873 2320 177 39 betydelse
1072 2320 56 29 för
1150 2320 67 29 den
1239 2320 157 39 kategori
1419 2329 42 21 av
1484 2321 135 39 företag

132 2382 76 21 som
232 2373 64 30 här
320 2373 136 30 berörts
480 2374 66 29 och
570 2373 56 30 för
648 2373 81 30 hela
753 2373 57 31 det
835 2374 150 30 svenska
1008 2374 247 39 näringslivets
1280 2374 183 40 möjlighet
1488 2375 54 29 till
1566 2376 54 28 ut-

129 2426 161 41 veckling
310 2428 12 29 i
342 2427 75 32 takt
439 2427 79 30 med
540 2426 66 30 den
629 2426 124 31 snabbt
775 2427 178 40 pågående
974 2427 426 41 internationaliseringen
1422 2437 42 21 av
1485 2428 57 30 det
1565 2430 53 28 ut-

130 2481 150 30 ländska
301 2481 237 39 näringslivet.
