2182 2745
401 207 18 27 4
519 206 117 31 Första
660 205 223 32 Kammarens
911 205 181 42 Tillfälliga
1120 205 134 32 Utskotts
1278 205 82 42 (N:o
1384 206 39 42 2)
1448 206 211 33 Betänkande
1679 207 64 32 N:o
1767 208 49 30 15.

363 295 206 36 återställas
599 295 9 35 i
636 307 42 23 en
709 294 238 48 tidsenligare
978 294 64 36 och
1074 307 101 23 mera
1203 293 201 49 lifskraftig
1432 294 107 45 form,
1559 302 96 30 samt
1671 302 54 30 att
1740 296 103 36 detta
1858 296 116 48 lämp-

361 347 98 48 ligen
488 346 126 36 kunde
643 347 64 35 ske
737 360 134 34 genom
900 353 67 38 att,
997 349 46 45 på
1072 352 73 30 sätt
1173 345 107 36 äfven
1310 347 9 34 i
1349 346 97 36 vissa
1476 347 112 36 andra
1617 347 130 36 länder
1775 360 87 35 eger
1878 361 94 30 rum,

360 404 299 42 representanter
688 399 38 34 af
751 398 281 36 embetsverken
1063 397 196 36 förordnas
1289 403 54 31 att
1372 399 9 34 i
1411 399 182 48 egenskap
1610 398 37 36 af
1660 412 173 23 censorer
1849 399 122 36 öfver-

359 463 88 22 vara
476 450 44 35 de
551 450 106 35 civila
686 450 326 35 embetsexamina.

509 500 136 37 Vidare
688 500 106 37 anför
836 500 206 45 Utskottet,
1085 505 54 30 att
1165 513 149 36 »genom
1344 514 46 22 en
1419 503 342 34 censurinstitution
1793 501 39 37 af
1858 501 109 37 ofvan

358 552 159 36 berörda
555 560 56 28 art
653 552 68 35 den
763 552 189 48 praktiska
996 552 539 37 embetsmannaerfarenheten
1564 554 119 35 skulle
1712 553 113 35 blifva
1854 559 75 30 satt
1958 555 8 33 i

363 603 145 36 tillfälle
537 609 53 30 att
620 603 110 36 döma
759 617 58 22 om
850 603 122 36 halten
1004 602 38 37 af
1069 602 68 36 den
1167 603 279 48 vetenskapliga
1476 604 292 50 underbyggnad
1799 604 67 36 och
1888 618 80 34 gra-

359 656 69 35 den
459 654 39 36 af
523 655 70 35 den
624 656 197 47 mogenhet
849 654 54 36 för
933 654 147 36 inträde
1110 655 9 33 i
1149 655 448 36 embetsmannavärfvets
1627 656 141 43 arbete,
1790 669 75 22 som
1883 657 85 35 uni-

361 707 193 35 versitetet
584 706 138 36 förmår
752 706 169 36 meddela
951 706 96 43 dem,
1079 706 125 35 hvilka
1232 706 168 47 begagna
1428 707 211 36 akademisk
1669 706 297 49 undervisning
1942 702 26 57 i

357 758 65 35 och
465 757 56 36 för
555 757 215 43 utbildning
797 758 54 34 till
882 758 107 34 civile
1021 757 233 35 embetsmän
1284 758 67 33 och
1382 758 159 35 domare.
1597 758 219 45 Derigenom
1846 759 120 34 skulle

357 807 235 47 följaktligen
621 811 134 44 uppstå
784 813 51 29 ett
866 806 231 36 förhållande
1127 806 39 36 af
1191 807 248 35 vexelverkan
1470 808 134 35 mellan
1626 808 257 35 universitetet
1898 808 66 35 och

356 859 449 41 embetsmannaverlden,
843 858 137 36 hvilket
1010 858 146 35 komme
1187 863 53 31 att
1268 861 20 32 å
1316 872 67 22 ena
1411 859 103 35 sidan
1544 859 99 48 gifva
1673 860 72 34 den
1777 859 188 48 praktiska

356 910 304 35 embetsmannen
705 909 198 48 anledning
945 916 53 28 att
1026 908 86 48 följa
1142 912 146 44 gången
1317 909 38 35 af
1381 910 45 35 de
1452 910 186 47 juridiska
1666 910 211 36 studiernas
1905 917 59 28 ut-

357 960 169 44 veckling
567 960 59 35 vid
657 961 269 43 universitetet,
956 963 19 32 å
1004 960 114 35 andra
1146 959 105 35 sidan
1281 960 119 36 erinra
1430 960 70 36 den
1531 961 232 35 akademiske
1792 961 173 36 undervi-

354 1024 107 23 saren
503 1024 60 22 om
605 1018 106 30 arten
741 1012 66 35 och
838 1009 304 38 beskaffenheten
1172 1010 38 35 af
1235 1011 72 35 den
1337 1012 281 49 vetenskapliga
1646 1011 317 50 grundläggning,

355 1076 77 22 som
462 1070 39 27 är
529 1069 162 29 närmast
720 1062 129 36 afsedd
877 1070 55 28 att
960 1075 88 22 vara
1076 1062 182 48 underlag
1288 1061 53 36 för
1358 1062 68 36 den
1444 1063 191 48 praktiska
1651 1064 313 47 tillämpningen».

492 1113 126 36 Under
646 1115 147 34 erinran
823 1114 141 44 derom,
995 1119 67 37 att,
1091 1113 45 35 då
1164 1113 63 36 det
1254 1113 178 47 yttrande
1456 1114 160 36 rörande
1646 1114 222 47 erforderlig
1902 1122 62 28 än-

357 1166 109 47 dring
497 1165 38 35 af
560 1165 173 48 gällande
762 1164 233 48 stadganden
1025 1164 187 48 angående
1242 1164 322 45 embetsexamina,
1594 1178 77 23 som
1701 1164 39 36 af
1758 1178 43 22 en
1824 1166 139 35 komité

356 1217 69 35 den
459 1218 40 33 12
539 1214 172 38 Oktober
750 1217 92 34 1874
873 1214 129 48 afgafs,
1032 1223 99 27 ännu
1159 1216 80 34 icke
1268 1214 39 36 af
1334 1215 130 48 Kongl.
1493 1215 104 48 Maj:t
1626 1215 121 37 blifvit
1775 1216 187 48 pröfvadt,

355 1280 83 22 men
480 1267 191 35 sannolikt
713 1267 165 35 kommer
911 1272 54 29 att
993 1265 114 36 blifva
1136 1264 154 37 föremål
1318 1266 58 36 för
1404 1267 114 46 nådig
1548 1267 201 47 utredning
1776 1273 94 29 samt
1898 1280 63 23 ve-

354 1318 190 46 derbörlig
573 1316 174 49 pröfning
776 1317 68 36 och
872 1317 147 45 slutligt
1049 1316 211 47 afgörande,
1289 1317 67 35 ock
1387 1325 88 27 enär
1503 1332 48 21 nu
1581 1318 170 46 gällande
1772 1318 189 36 föreskrif-

353 1377 57 27 ter
453 1369 189 46 angående
680 1368 319 36 embetsexamina
1028 1368 81 35 med
1140 1368 48 35 all
1217 1368 136 35 visshet
1381 1369 149 35 komma
1559 1375 55 29 att
1642 1369 169 46 undergå
1839 1368 122 36 förän-

354 1420 122 46 dring,
506 1432 110 34 synes
645 1419 62 35 det
734 1418 57 36 för
819 1418 127 35 Andra
973 1418 242 35 Kammarens
1245 1417 152 37 Utskott
1425 1432 78 23 som
1532 1420 119 35 skulle
1671 1419 129 48 frågan
1817 1432 57 23 om
1891 1420 69 35 den

354 1470 209 45 föreslagna
607 1483 68 35 nya
718 1470 258 35 institutionen
1005 1468 62 36 vid
1096 1469 106 35 dessa
1232 1471 171 34 examina
1432 1471 201 47 lämpligen
1663 1471 124 35 kunna
1815 1476 105 41 tagas
1949 1472 9 33 i

354 1521 278 47 öfvervägande
662 1521 7 34 i
698 1520 266 46 sammanhang
993 1519 83 36 med
1109 1519 147 47 frågans
1284 1520 232 48 behandling
1543 1522 10 34 i
1585 1522 137 35 hennes
1752 1521 138 36 helhet.

488 1571 70 35 Det
585 1570 141 50 förslag
754 1571 57 35 till
841 1570 230 47 underdånig
1099 1569 202 46 skrifvelse,
1329 1584 78 23 som
1436 1570 193 38 Utskottet
1657 1576 45 44 på
1731 1571 104 37 dessa
1850 1585 111 35 grun-

353 1623 64 35 der
446 1621 185 49 framlagt,
661 1622 66 35 har
755 1621 128 35 Andra
911 1621 224 35 Kammaren
1163 1621 57 35 för
1247 1622 55 34 sin
1332 1622 58 35 del
1419 1623 176 47 godkänt.

493 1672 82 35 Med
606 1672 236 36 erkännande
873 1671 39 36 af
937 1672 43 35 de
1009 1671 155 36 anförda
1197 1672 148 36 skälens
1374 1673 79 48 vigt
1481 1674 67 35 och
1578 1673 206 49 betydelse,
1814 1674 67 35 och
1913 1673 47 35 då

353 1724 127 47 hvarje
523 1727 47 44 på
610 1723 193 49 grundade
832 1723 77 35 skäl
938 1723 102 36 stödt
1068 1722 139 49 förslag
1235 1724 56 34 till
1321 1724 307 47 undanrödjande
1657 1724 40 36 af
1722 1725 71 36 den
1823 1727 40 33 så
1891 1725 68 35 all-

353 1780 101 30 mänt
483 1774 263 47 öfverklagade
775 1775 139 35 bristen
944 1775 9 33 i
984 1774 509 49 embetsmannabildningen,
1522 1775 105 36 äfven
1659 1789 59 22 om
1749 1776 63 36 det
1835 1775 124 48 afsåge

352 1825 115 36 andra
509 1826 175 35 områden
726 1833 44 28 än
812 1825 63 35 det
903 1825 120 44 civila,
1051 1824 109 36 torde
1189 1824 159 48 förtjena
1377 1838 43 23 en
1449 1827 170 46 allvarlig
1648 1826 185 49 pröfning,
1862 1827 97 35 hem-

353 1877 127 35 ställer
507 1875 131 37 Första
666 1876 238 36 Kammarens
934 1875 151 36 Utskott
1114 1875 191 36 vördsamt
1334 1882 53 30 att

753 1926 129 37 Första
924 1927 221 36 Kammaren
1187 1927 83 35 ville
1298 1928 195 36 instämma
1522 1929 9 34 i
1560 1927 130 37 Andra
1719 1928 239 36 Kammarens

752 1978 132 35 beslut.

485 2060 215 37 Stockholm
731 2061 70 36 den
832 2063 44 35 18
905 2059 113 50 April
1050 2063 104 34 1876.

916 2163 52 36 På
996 2162 207 37 Utskottets
1231 2170 154 40 vägnar:

970 2264 42 35 O.
1043 2264 35 36 EB.
1107 2265 38 35 DL.
1190 2265 50 35 DA
1249 2264 81 36 HM.

759 2389 179 36 Stockholm,
965 2390 455 37 Åssociations-Boktryckeriet.
1448 2392 87 28 1876.
