1898 2808
579 169 265 29 Statsutskottets
866 170 167 28 utlåtande
1055 178 38 20 nr
1117 170 71 28 219.
1590 167 41 31 23

131 242 183 42 givningen
338 242 54 31 till
416 245 124 29 vatten-
564 243 63 31 och
652 243 278 41 avloppsföretag
954 243 123 32 liksom
1101 243 126 32 hittills
1252 243 63 32 bör
1337 243 163 32 inordnas
1526 243 11 31 i
1563 243 66 32 den

131 285 320 32 statsunderstödda
476 285 638 41 bostadsförbättringsverksamheten,
1141 285 103 40 följer
1268 286 111 37 härav,
1406 288 49 29 att
1480 285 150 41 bidrags-

130 327 65 31 och
215 326 241 42 långivningen
475 346 43 4 —
537 327 63 31 och
622 329 85 30 även
729 327 57 31 det
807 327 78 32 med
907 327 111 32 denna
1039 327 330 41 sammanhängande
1392 326 239 43 upplysnings-

131 369 132 31 arbetet
281 388 42 4 —
341 370 205 30 åtminstone
567 369 72 32 tills
660 369 116 31 vidare
797 369 63 31 bör
879 369 197 32 handhavas
1098 381 40 19 av
1159 370 470 41 egnahemsorganisationen.

131 412 122 31 Denna
267 411 62 32 bör
342 411 121 32 härvid
477 412 11 30 i
503 412 162 41 lämpliga
680 412 126 30 former
821 411 191 32 samarbeta
1027 412 77 31 med
1120 412 361 40 medicinalstyrelsen,
1499 414 131 29 statens

132 453 138 32 institut
293 454 53 31 för
370 454 192 31 folkhälsan
587 422 64 63 och
676 454 327 40 provinsialläkarna
1028 457 87 28 samt
1140 456 73 39 väg-
1239 454 62 31 och
1326 453 305 42 vattenbyggnads-

132 496 168 41 styrelsen
318 496 62 31 och
397 496 444 41 hushållningssällskapen.
871 496 119 31 Ehuru
1008 496 56 41 jag
1081 498 37 29 är
1134 496 178 31 medveten
1331 507 53 20 om
1403 498 49 29 att
1470 507 41 20 en
1530 496 103 31 effek-

131 538 179 41 tivisering
336 549 41 20 av
404 538 221 31 förevarande
652 538 214 32 verksamhet
893 538 11 31 i
932 538 183 31 framtiden
1143 538 65 31 kan
1236 538 277 41 nödvändiggöra
1540 549 92 20 mera

132 580 224 41 långtgående
374 580 156 41 åtgärder
547 581 53 30 för
617 582 50 29 att
683 582 57 29 ute
759 580 11 30 i
788 580 100 31 länen
905 580 125 31 bereda
1046 580 146 41 tillgång
1209 580 53 31 till
1280 580 148 40 expertis
1445 582 44 40 på
1506 582 127 29 vatten-

132 623 63 30 och
222 622 305 41 avloppsområdet,
556 622 113 30 finner
696 621 57 41 jag
779 621 69 41 mig
875 621 11 30 i
914 621 193 31 nuvarande
1137 621 73 41 läge
1239 620 72 31 icke
1338 621 83 30 böra
1448 621 185 41 framlägga

133 664 129 41 förslag
291 665 11 30 i
332 664 94 32 detta
454 664 204 31 hänseende.
700 664 66 40 Jag
795 663 189 42 tillstyrker
1015 663 371 41 egnahemsstyrelsens
1418 664 128 40 förslag
1578 675 54 20 om

133 706 213 32 anställande
373 706 63 31 hos
465 706 169 40 styrelsen
662 717 40 20 av
732 717 41 20 en
801 706 84 31 eller
913 716 110 20 annan
1052 705 220 31 kvalificerad
1301 706 154 31 tekniker
1483 706 77 31 med
1590 706 41 31 de

134 749 182 46 uppgifter,
342 759 74 21 som
439 748 147 41 angivits
612 759 40 20 av
677 747 177 42 styrelsen.
892 746 95 33 Även
1013 747 54 31 till
1092 747 65 31 vad
1182 747 168 41 styrelsen
1376 748 11 30 i
1413 748 110 40 övrigt
1548 748 85 31 före-

133 791 103 41 slagit
256 791 11 30 i
287 791 95 41 fråga
401 801 54 20 om
475 790 280 42 organiserandet
774 801 40 20 av
835 790 221 31 förevarande
1077 789 214 32 verksamhet
1311 789 65 31 kan
1397 790 56 40 jag
1473 790 11 31 1
1506 790 127 31 huvud-

134 833 60 32 sak
218 833 134 31 ansluta
375 833 77 41 mig.
486 832 18 31 I
528 832 65 32 den
618 834 77 29 mån
721 832 57 31 det
801 832 65 31 kan
891 831 73 32 visa
989 831 53 42 sig
1066 832 226 40 erforderligt,
1318 843 99 20 anser
1441 832 57 41 jag
1522 832 111 32 medel

135 875 82 32 böra
247 877 52 29 stå
327 875 55 31 till
412 874 186 42 styrelsens
629 874 201 41 förfogande
862 874 53 31 för
945 874 104 40 inköp
1080 885 40 20 av
1150 873 484 42 brunnsborrningsattiraljer

134 919 87 30 samt
246 918 53 30 för
323 915 218 33 anordnande
567 928 41 20 av
633 916 337 41 utbildningskurser
995 916 53 31 för
1073 916 279 31 brunnsborrare.
1387 916 18 31 I
1432 916 94 31 detta
1551 927 83 20 sam-

135 959 167 41 manhang
323 959 60 31 vill
404 959 56 41 jag
482 959 110 31 erinra
614 969 55 20 om
691 958 584 31 arbetsmarknadskommissionens
1298 958 175 31 uttalande
1496 960 58 36 att,
1579 969 55 20 om

134 1001 194 42 tillgänglig
356 1001 204 31 arbetskraft
589 1001 78 31 med
696 1011 85 20 vana
809 1000 58 31 vid
896 1000 298 41 brunnsgrävning
1223 1000 109 31 skulle
1362 1000 73 31 visa
1465 1000 52 41 sig
1547 1000 87 31 otill-

134 1044 136 40 räcklig,
296 1043 104 32 sådan
426 1041 205 33 arbetskraft
656 1042 163 41 möjligen
845 1042 109 31 skulle
980 1042 113 31 kunna
1119 1042 146 31 erhållas
1291 1053 121 29 genom
1438 1042 197 41 utbildning

133 1097 42 20 av
202 1086 189 31 arbetslösa
417 1085 187 41 byggnads-
631 1085 64 31 och
722 1084 388 41 anläggningsarbetare.

187 1153 18 31 I
224 1153 93 41 fråga
335 1163 54 20 om
409 1152 40 31 de
469 1152 144 40 övriga
631 1151 219 40 förslagen
869 1151 62 30 har
948 1150 376 42 departementschefen
1340 1149 113 31 anfört
1472 1147 162 43 följande.

188 1210 75 32 Vad
296 1210 149 32 härefter
479 1212 103 39 angår
611 1210 165 41 förslaget
798 1210 146 31 rörande
969 1210 211 41 statsbidrag
1203 1210 52 30 till
1277 1208 234 32 förbättrande
1535 1218 40 21 av
1598 1207 42 31 de

135 1253 231 31 renskötande
389 1253 183 41 lapparnas
595 1253 90 31 fasta
707 1252 164 31 bostäder
893 1252 98 31 torde
1015 1252 66 31 den
1102 1252 193 41 förebragta
1310 1251 228 40 utredningen
1555 1250 87 31 hava

135 1295 98 38 visat,
269 1297 49 29 att
341 1296 49 30 ett
413 1295 108 31 starkt
549 1295 112 31 behov
684 1306 40 19 av
748 1294 115 42 dylika
885 1294 123 41 bidrag
1030 1294 192 41 föreligger.
1267 1294 68 31 Det
1359 1304 103 30 synes
1485 1292 69 41 mig
1577 1292 64 31 ock

134 1337 166 42 lämpligt,
325 1339 58 34 att,
407 1339 44 39 på
475 1339 68 29 sätt
565 1337 207 41 föreslagits,
796 1337 308 41 bidragsbeloppet
1126 1337 209 31 bestämmes
1356 1336 53 30 till
1429 1335 102 41 högst
1547 1334 95 38 3,000

136 1380 135 31 kronor.
317 1379 218 32 Beträffande
569 1379 167 41 bidragen
763 1379 98 31 torde
884 1379 11 30 i
919 1379 111 40 övrigt
1052 1379 83 31 böra
1158 1379 88 40 gälla
1268 1378 110 41 regler
1401 1376 240 32 motsvarande

135 1421 89 39 dem,
249 1432 73 21 som
346 1422 107 40 enligt
477 1422 80 30 1939
573 1423 56 29 års
645 1421 205 40 kungörelse
866 1432 55 20 om
938 1421 349 40 förbättringsbidrag
1303 1423 88 28 samt
1406 1418 236 42 nybyggnads-

136 1464 64 31 och
235 1463 281 41 förbättringslån
551 1463 89 41 gälla
663 1463 76 31 med
764 1463 169 31 avseende
956 1464 19 29 å
998 1463 311 41 byggnadsföretag
1331 1464 19 29 å
1372 1461 272 41 kronolägenhet

135 1506 94 31 inom
266 1506 42 30 de
343 1516 59 20 sex
436 1505 212 41 nordligaste
682 1506 110 30 länen.
837 1505 66 41 Jag
937 1505 156 31 förordar
1126 1505 101 30 alltså
1260 1504 105 31 bland
1388 1505 113 35 annat,
1526 1505 50 29 att
1599 1503 42 30 de

136 1547 255 41 ifrågavarande
425 1548 165 40 bidragen
615 1547 97 31 skola
735 1547 32 31 få
790 1549 80 39 utgå
893 1547 75 31 från
991 1547 103 31 femte
1118 1546 238 31 huvudtitelns
1379 1546 118 40 anslag
1520 1545 53 31 till
1595 1544 48 32 bi-

136 1590 84 40 drag
243 1590 52 31 till
318 1590 189 40 främjande
531 1600 39 20 av
593 1589 327 41 bostadsbyggande
944 1591 44 39 på
1009 1589 250 40 landsbygden.

189 1632 165 31 Däremot
388 1632 65 31 kan
486 1632 63 40 jag,
586 1633 44 39 på
666 1643 40 19 av
740 1632 357 40 egnahemsstyrelsen
1131 1631 145 41 angivna
1299 1630 157 41 grunder,
1480 1629 74 31 icke
1577 1628 65 31 till-

136 1674 118 41 styrka
287 1674 66 31 den
388 1685 39 20 av
462 1674 101 31 södra
596 1674 242 41 lappmarkens
873 1673 223 32 ortsförbund
1120 1684 40 20 av
1182 1672 257 32 riksförbundet
1461 1671 182 41 landsbyg-

138 1717 85 31 dens
257 1717 70 30 folk
361 1716 119 41 gjorda
513 1716 297 41 framställningen
845 1727 54 20 om
935 1716 144 41 höjning
1101 1716 53 30 till
1177 1716 93 36 3,000
1292 1715 126 30 kronor
1441 1725 40 19 av
1503 1713 140 32 förbätt-

136 1758 271 42 ringsbidragets
441 1758 268 41 maximibelopp
732 1758 212 31 beträffande
967 1758 128 31 sådana
1117 1757 320 42 byggnadsföretag,
1462 1766 73 21 som
1560 1766 79 20 avse

138 1801 171 37 bostäder,
333 1801 145 40 belägna
501 1811 86 20 ovan
611 1800 285 41 odlingsgränsen
920 1800 93 31 inom
1036 1799 392 42 lappmarksområdena.

190 1867 221 31 Beträffande
435 1866 349 31 medelsbehovet
807 1867 64 30 för
894 1868 121 29 nästa
1043 1866 210 40 budgetår
1281 1865 53 31 för
1356 1863 283 32 bostadsförbätt-

137 1918 351 41 ringsverksamheten
505 1919 43 39 på
565 1917 236 41 landsbygden
818 1918 61 30 har
896 1917 376 41 departementschefen
1290 1916 112 31 anfört
1419 1914 162 41 följande.

190 1967 120 41 Enligt
328 1967 182 41 uppgifter,
531 1977 73 20 som
624 1966 353 41 egnahemsstyrelsen
997 1968 43 39 på
1059 1966 69 30 min
1148 1965 147 41 begäran
1315 1964 168 31 infordrat
1503 1964 75 30 från
1598 1962 41 31 de

138 2009 215 32 kommunala
372 2008 282 42 myndigheterna
675 2008 62 31 och
758 2018 72 21 som
851 2008 179 30 inkommit
1051 2008 75 30 från
1147 2009 152 29 närmare
1321 2006 90 37 1,900
1432 2005 207 36 kommuner,

138 2052 147 41 uppgick
309 2052 11 30 i
344 2051 131 41 januari
500 2051 79 30 1943
604 2051 127 31 antalet
755 2050 73 31 icke
851 2050 175 31 avslutade
1051 2047 511 42 bostadsförbättringsföretag,
1587 2046 54 31 för

139 2095 91 30 vilka
253 2094 121 40 bidrag
399 2093 82 31 eller
506 2093 55 30 lån
585 2093 170 39 beviljats,
784 2092 52 30 till
862 2091 155 41 omkring
1042 2091 112 37 15,400
1180 2091 76 30 med
1282 2101 40 20 en
1348 2088 172 32 beräknad
1545 2088 96 31 total-

139 2136 146 31 kostnad
319 2147 40 19 av
394 2135 153 40 omkring
581 2135 40 30 49
646 2134 158 40 miljoner
827 2134 133 30 kronor.
996 2130 203 34 Kostnaden
1225 2133 52 30 för
1301 2131 148 37 arbeten,
1475 2131 53 30 för
1551 2130 91 30 vilka

140 2178 121 40 bidrag
283 2178 62 30 och
367 2177 55 30 lån
444 2177 159 40 beviljats
627 2177 72 30 före
722 2176 64 30 den
813 2176 14 29 1
851 2175 63 41 juli
938 2175 89 36 1942,
1050 2175 43 30 ha
1115 2174 120 31 härvid
1258 2173 214 41 uppskattats
1495 2172 53 31 till
1571 2174 70 28 när-

141 2231 90 19 mare
255 2220 38 30 37
318 2219 159 40 miljoner
498 2218 133 36 kronor,
657 2228 100 20 varav
781 2216 155 40 omkring
960 2217 38 29 12
1022 2216 159 40 miljoner
1204 2215 123 30 kronor
1351 2215 137 30 hänfört
1512 2214 53 40 sig
1589 2213 53 31 till

142 2263 73 30 före
231 2262 64 30 den
312 2262 15 29 1
344 2261 63 40 juli
426 2261 76 30 1941
518 2259 171 40 beviljade
705 2258 120 72 bidrag
840 2258 62 31 och
915 2248 67 41 lån.
1011 2258 53 30 En
1080 2257 55 31 del
1150 2268 39 19 av
1206 2257 99 30 dessa
1320 2256 138 30 arbeten
1474 2255 44 31 ha
1532 2257 110 28 natur-

142 2304 115 41 ligtvis
276 2313 138 20 numera
434 2302 174 35 avslutats,
628 2312 77 19 men
723 2303 19 28 å
759 2311 106 19 andra
882 2299 98 31 sidan
999 2299 42 30 ha
1060 2299 87 30 efter
1166 2298 235 40 uppgifternas
1421 2296 221 31 avlämnande

142 2346 121 39 bidrag
280 2345 62 30 och
362 2344 54 30 lån
434 2343 159 40 beviljats
612 2342 53 30 till
684 2353 66 29 nya
768 2342 139 39 företag.
939 2342 51 28 Av
1008 2340 234 40 föreliggande
1261 2339 173 40 uppgifter
1452 2338 65 30 kan
1535 2337 108 31 under

141 2388 67 31 alla
238 2385 235 33 förhållanden
502 2384 138 36 utläsas,
671 2385 50 29 att
749 2382 256 41 ifrågavarande
1036 2381 198 31 oavslutade
1264 2379 379 32 bostadsförbättrings-

142 2431 131 39 företag
293 2429 43 30 ha
358 2439 41 19 en
420 2426 192 41 betydande
635 2424 205 40 omfattning
862 2424 62 31 och
948 2435 39 19 ur
1008 2421 440 41 arbetsmarknadspolitisk
1470 2423 173 44 synpunkt

143 2472 233 40 representera
394 2480 41 20 en
455 2468 162 31 avsevärd
636 2467 238 31 arbetsreserv.
907 2465 121 31 Såsom
1048 2464 57 41 jag
1123 2466 43 39 på
1184 2464 53 30 sin
1258 2463 48 31 tid
1326 2463 186 31 framhållit
1531 2474 10 19 1
1561 2473 82 20 sam-
