2003 2650
197 194 40 32 42
641 198 103 34 Stats-
754 194 180 51 Utskottets
949 202 170 35 Utlåtande
1143 205 62 34 N:o
1229 205 49 33 54.

152 275 64 39 det
257 277 221 38 nuvarande
515 277 294 53 riksdagshuset
837 282 129 39 kunna
994 289 92 33 utan
1115 285 136 39 tvifvel
1280 287 194 51 åtskilliga
1501 288 85 39 icke
1616 288 128 40 obefo-

153 329 99 50 gade
278 330 300 51 anmärkningar
604 338 127 46 göras,
761 335 72 37 och
857 336 70 50 jag
955 337 124 38 skulle
1109 338 57 38 för
1196 340 78 36 min
1299 341 315 50 delisynnerhet
1631 344 113 38 hafva

153 382 152 49 önskat,
330 388 56 32 att
415 397 47 24 en
488 390 120 32 större
637 387 71 36 och
736 388 225 51 lämpligare
978 391 102 37 lokal
1097 392 145 38 kunnat
1257 394 153 38 anvisas
1427 395 58 37 för
1500 396 244 50 Riksdagens

153 434 199 51 bibliotek,
394 436 116 39 hvars
552 439 209 50 samlingar
794 444 41 34 år
863 443 96 37 efter
988 446 40 34 år
1056 444 106 50 ökas,
1193 459 87 24 men
1311 450 20 34 å
1359 448 119 38 andra
1506 449 109 37 sidan
1643 451 100 37 före-

152 487 186 51 kommer,
383 494 56 32 att
477 504 141 36 genom
649 492 204 51 förslagets
889 496 220 49 antagande
1139 498 71 38 och
1238 499 201 39 utförande
1469 501 186 51 behöfligt
1684 509 60 31 ut-

152 554 148 37 rymme
334 541 98 38 efter
460 543 78 37 min
566 545 250 51 uppfattning
845 547 75 38 kan
948 549 160 38 beredas
1137 551 222 51 Riksdagen
1388 553 58 38 för
1474 567 47 24 en
1546 555 54 37 tid
1631 556 41 37 af
1697 558 48 35 30

153 596 52 46 år,
234 594 131 38 såvida
394 596 284 49 egendomarne
707 599 81 37 N:is
818 602 23 35 4
870 601 71 37 och
974 604 44 35 15
1048 603 11 36 i
1090 609 194 43 qvarteret
1317 606 298 39 Riddarholmen
1650 609 95 37 eller

152 646 25 38 f.
207 646 35 38 d.
273 646 328 51 Gymnasiihusen
630 652 117 37 varda
775 652 160 51 inköpte
951 655 71 37 och
1039 655 58 37 för
1111 656 243 50 Riksdagens
1371 660 168 48 räkning
1555 662 189 36 använde.

152 699 74 36 Vid
268 701 136 36 sådant
445 701 239 39 förhållande
726 704 72 36 och
839 705 57 48 då,
940 706 123 49 enligt
1092 707 99 38 hvad
1221 709 100 37 Herr
1349 724 75 24 von
1454 710 290 40 Stockenström

155 750 220 51 ådagalagt,
405 752 64 38 det
497 758 42 33 är
567 755 240 51 nödvändigt
835 762 55 32 att
920 759 180 49 åtgärder
1128 760 232 40 oförtöfvadt
1389 763 176 51 vidtagas
1594 765 58 37 till
1680 765 65 38 be-

152 803 169 39 redande
364 804 42 37 af
430 806 117 37 ökadt
576 807 298 51 lokalutrymme
903 811 58 36 för
988 812 227 49 Riksdagen
1244 815 71 36 och
1343 816 12 36 i
1384 817 211 49 synnerhet
1624 823 121 32 större

154 856 291 50 samlingssalar
487 858 57 38 för
586 860 223 50 Kamrarne,
852 867 47 33 än
929 862 46 38 de
1004 866 233 48 nuvarande,
1267 867 72 37 och
1368 882 87 23 man
1484 870 149 37 således
1662 870 83 37 icke

154 908 77 37 kan
276 909 157 38 afvakta
473 911 85 49 den,
597 918 55 32 att
680 913 111 38 döma
821 915 96 37 efter
941 915 137 39 hittills
1106 932 155 24 vunnen
1291 920 230 51 erfarenhet,
1551 923 195 37 sannolikt

154 960 173 50 aflägsna
354 962 195 51 tidpunkt,
579 965 46 36 då
654 966 159 49 enighet
842 968 156 37 vunnits
1027 979 62 27 om
1117 971 151 49 platsen
1293 972 58 37 för
1374 979 54 31 ett
1444 979 85 45 nytt
1549 975 196 51 riksdags-

153 1013 84 50 hus,
267 1014 70 37 och
367 1028 47 24 en
444 1017 117 37 sådan
590 1017 184 51 byggnad
805 1019 125 38 blifvit
958 1022 175 50 uppförd,
1163 1037 112 24 anser
1297 1026 70 49 jag
1383 1026 79 50 mig
1482 1028 93 38 böra
1594 1029 151 37 förorda

154 1066 259 39 komiterades
444 1068 155 51 förslag,
629 1071 122 37 under
779 1072 278 52 förutsättning
1085 1080 56 33 att
1170 1077 276 39 ofvanberörde
1475 1084 141 34 tvenne
1633 1095 112 35 egen-

155 1118 133 38 domar
328 1121 118 37 varda
487 1121 59 38 för
573 1123 244 51 Riksdagens
847 1126 167 50 räkning
1043 1129 164 37 medelst
1235 1130 76 50 köp
1340 1131 92 38 eller
1460 1130 284 58 expropriation

154 1173 38 34 åt
229 1177 125 32 staten
396 1173 257 51 förvärfvade,
692 1176 10 35 i
736 1177 158 37 hvilken
924 1178 182 39 händelse
1135 1182 75 36 den
1239 1182 146 38 mindre
1414 1184 186 50 byggnad
1631 1186 115 37 nedåt

154 1222 97 51 sjön,
282 1237 81 24 som
393 1239 50 23 nu
471 1226 123 38 finnes
623 1230 48 47 på
700 1228 314 51 riksdagshusets
1042 1237 97 33 tomt
1168 1234 71 37 och
1256 1235 122 50 enligt
1395 1236 257 39 komiterades
1668 1239 77 37 för-

154 1275 87 50 slag
281 1277 125 37 skulle
436 1282 166 47 qvarstå,
632 1281 128 38 kunde
788 1282 117 38 rifvas
935 1284 71 37 och
1036 1291 54 31 ett
1119 1286 298 51 fördelaktigare
1446 1291 185 37 utseende
1661 1291 84 37 från

153 1328 170 49 sjösidan
353 1330 161 38 beredas
544 1335 37 34 åt
609 1333 73 37 den
714 1334 42 37 af
780 1334 234 40 komiterade
1044 1337 222 51 föreslagna
1290 1336 338 59 tillbyggnaden.''

282 1432 89 38 Som
401 1434 126 38 ofvan.

1249 1497 133 49 Enligt
1410 1500 234 47 protokollet

1336 1601 35 38 J.
1402 1603 159 39 Montell.

393 2392 216 34 STOCKHOLM,
628 2396 101 26 ISAAC
749 2399 147 26 MARCUS
914 2402 482 32 BOKTRYCKERI-AKTIEBOLAG
1427 2413 73 23 1882.
