<?xml version="1.0" encoding="UTF-8"?>
<alto xmlns="http://www.loc.gov/standards/alto/ns-v3#" xmlns:xlink="http://www.w3.org/1999/xlink" xmlns:xsi="http://www.w3.org/2001/XMLSchema-instance" xsi:schemaLocation="http://www.loc.gov/standards/alto/ns-v3# http://www.loc.gov/alto/v3/alto-3-0.xsd">
	<Description>
		<MeasurementUnit>pixel</MeasurementUnit>
		<sourceImageInformation>
			<fileName>/tmp/tess_0ep0t39u_input.PNG</fileName>
		</sourceImageInformation>
		<OCRProcessing ID="OCR_0">
			<ocrProcessingStep>
				<processingSoftware>
					<softwareName>tesseract 5.3.0</softwareName>
				</processingSoftware>
			</ocrProcessingStep>
		</OCRProcessing>
	</Description>
	<Layout>
		<Page WIDTH="1912" HEIGHT="2806" PHYSICAL_IMG_NR="0" ID="page_0">
			<PrintSpace HPOS="0" VPOS="0" WIDTH="1912" HEIGHT="2806">
				<ComposedBlock ID="cblock_0" HPOS="278" VPOS="148" WIDTH="1118" HEIGHT="37">
					<TextBlock ID="block_0" HPOS="278" VPOS="148" WIDTH="1118" HEIGHT="37">
						<TextLine ID="line_0" HPOS="278" VPOS="148" WIDTH="1118" HEIGHT="37">
							<String ID="string_0" HPOS="278" VPOS="148" WIDTH="19" HEIGHT="29" WC="0.96" CONTENT="6"/><SP WIDTH="366" VPOS="148" HPOS="297"/>
							<String ID="string_1" HPOS="663" VPOS="153" WIDTH="380" HEIGHT="31" WC="0.92" CONTENT="Jordbruksutskottets"/><SP WIDTH="24" VPOS="153" HPOS="1043"/>
							<String ID="string_2" HPOS="1067" VPOS="154" WIDTH="177" HEIGHT="31" WC="0.96" CONTENT="utlåtande"/><SP WIDTH="25" VPOS="154" HPOS="1244"/>
							<String ID="string_3" HPOS="1269" VPOS="155" WIDTH="48" HEIGHT="30" WC="0.95" CONTENT="Nr"/><SP WIDTH="30" VPOS="155" HPOS="1317"/>
							<String ID="string_4" HPOS="1347" VPOS="156" WIDTH="49" HEIGHT="29" WC="0.95" CONTENT="60."/>
						</TextLine>
					</TextBlock>
				</ComposedBlock>
				<ComposedBlock ID="cblock_1" HPOS="958" VPOS="457" WIDTH="147" HEIGHT="41">
					<TextBlock ID="block_1" HPOS="958" VPOS="457" WIDTH="147" HEIGHT="41">
						<TextLine ID="line_1" HPOS="958" VPOS="457" WIDTH="147" HEIGHT="41">
							<String ID="string_5" HPOS="958" VPOS="457" WIDTH="59" HEIGHT="41" WC="0.96" CONTENT="Nr"/><SP WIDTH="25" VPOS="457" HPOS="1017"/>
							<String ID="string_6" HPOS="1042" VPOS="457" WIDTH="63" HEIGHT="41" WC="0.95" CONTENT="60."/>
						</TextLine>
					</TextBlock>
				</ComposedBlock>
				<ComposedBlock ID="cblock_2" HPOS="822" VPOS="575" WIDTH="922" HEIGHT="34">
					<TextBlock ID="block_2" HPOS="822" VPOS="575" WIDTH="922" HEIGHT="34">
						<TextLine ID="line_2" HPOS="822" VPOS="575" WIDTH="922" HEIGHT="34">
							<String ID="string_7" HPOS="822" VPOS="577" WIDTH="108" HEIGHT="24" WC="0.95" CONTENT="Ankom"/><SP WIDTH="19" VPOS="577" HPOS="930"/>
							<String ID="string_8" HPOS="949" VPOS="577" WIDTH="41" HEIGHT="24" WC="0.95" CONTENT="till"/><SP WIDTH="19" VPOS="577" HPOS="990"/>
							<String ID="string_9" HPOS="1009" VPOS="578" WIDTH="153" HEIGHT="30" WC="0.96" CONTENT="riksdagens"/><SP WIDTH="19" VPOS="578" HPOS="1162"/>
							<String ID="string_10" HPOS="1181" VPOS="578" WIDTH="89" HEIGHT="24" WC="0.95" CONTENT="kansli"/><SP WIDTH="19" VPOS="578" HPOS="1270"/>
							<String ID="string_11" HPOS="1289" VPOS="579" WIDTH="50" HEIGHT="23" WC="0.96" CONTENT="den"/><SP WIDTH="20" VPOS="579" HPOS="1339"/>
							<String ID="string_12" HPOS="1359" VPOS="575" WIDTH="30" HEIGHT="27" WC="0.96" CONTENT="29"/><SP WIDTH="20" VPOS="575" HPOS="1389"/>
							<String ID="string_13" HPOS="1409" VPOS="579" WIDTH="54" HEIGHT="30" WC="0.96" CONTENT="maj"/><SP WIDTH="21" VPOS="579" HPOS="1463"/>
							<String ID="string_14" HPOS="1484" VPOS="576" WIDTH="64" HEIGHT="26" WC="0.96" CONTENT="1941"/><SP WIDTH="19" VPOS="576" HPOS="1548"/>
							<String ID="string_15" HPOS="1567" VPOS="579" WIDTH="35" HEIGHT="23" WC="0.96" CONTENT="kl."/><SP WIDTH="20" VPOS="579" HPOS="1602"/>
							<String ID="string_16" HPOS="1622" VPOS="578" WIDTH="28" HEIGHT="24" WC="0.92" CONTENT="11"/><SP WIDTH="22" VPOS="578" HPOS="1650"/>
							<String ID="string_17" HPOS="1672" VPOS="580" WIDTH="17" HEIGHT="23" WC="0.87" CONTENT="f."/><SP WIDTH="20" VPOS="580" HPOS="1689"/>
							<String ID="string_18" HPOS="1709" VPOS="586" WIDTH="35" HEIGHT="17" WC="0.92" CONTENT="m."/>
						</TextLine>
					</TextBlock>
				</ComposedBlock>
				<ComposedBlock ID="cblock_3" HPOS="502" VPOS="679" WIDTH="1278" HEIGHT="91">
					<TextBlock ID="block_3" HPOS="502" VPOS="679" WIDTH="1278" HEIGHT="91">
						<TextLine ID="line_3" HPOS="502" VPOS="679" WIDTH="1278" HEIGHT="41">
							<String ID="string_19" HPOS="502" VPOS="679" WIDTH="179" HEIGHT="31" WC="0.96" CONTENT="Utlåtande"/><SP WIDTH="20" VPOS="679" HPOS="681"/>
							<String ID="string_20" HPOS="701" VPOS="681" WIDTH="11" HEIGHT="29" WC="0.96" CONTENT="i"/><SP WIDTH="17" VPOS="681" HPOS="712"/>
							<String ID="string_21" HPOS="729" VPOS="680" WIDTH="185" HEIGHT="37" WC="0.96" CONTENT="anledning"/><SP WIDTH="19" VPOS="680" HPOS="914"/>
							<String ID="string_22" HPOS="933" VPOS="690" WIDTH="42" HEIGHT="21" WC="0.96" CONTENT="av"/><SP WIDTH="20" VPOS="690" HPOS="975"/>
							<String ID="string_23" HPOS="995" VPOS="681" WIDTH="122" HEIGHT="36" WC="0.96" CONTENT="Kungl."/><SP WIDTH="19" VPOS="681" HPOS="1117"/>
							<String ID="string_24" HPOS="1136" VPOS="681" WIDTH="120" HEIGHT="39" WC="0.96" CONTENT="Maj:ts"/><SP WIDTH="19" VPOS="681" HPOS="1256"/>
							<String ID="string_25" HPOS="1275" VPOS="683" WIDTH="215" HEIGHT="36" WC="0.96" CONTENT="proposition"/><SP WIDTH="19" VPOS="683" HPOS="1490"/>
							<String ID="string_26" HPOS="1509" VPOS="683" WIDTH="176" HEIGHT="36" WC="0.93" CONTENT="angående"/><SP WIDTH="18" VPOS="683" HPOS="1685"/>
							<String ID="string_27" HPOS="1703" VPOS="684" WIDTH="77" HEIGHT="29" WC="0.91" CONTENT="rän-"/>
						</TextLine>
						<TextLine ID="line_4" HPOS="720" VPOS="730" WIDTH="714" HEIGHT="40">
							<String ID="string_28" HPOS="720" VPOS="732" WIDTH="59" HEIGHT="29" WC="0.93" CONTENT="tan"/><SP WIDTH="25" VPOS="732" HPOS="779"/>
							<String ID="string_29" HPOS="804" VPOS="730" WIDTH="21" HEIGHT="31" WC="0.92" CONTENT="å"/><SP WIDTH="21" VPOS="730" HPOS="825"/>
							<String ID="string_30" HPOS="846" VPOS="730" WIDTH="56" HEIGHT="32" WC="0.95" CONTENT="lån"/><SP WIDTH="24" VPOS="730" HPOS="902"/>
							<String ID="string_31" HPOS="926" VPOS="731" WIDTH="80" HEIGHT="38" WC="0.93" CONTENT="från"/><SP WIDTH="22" VPOS="731" HPOS="1006"/>
							<String ID="string_32" HPOS="1028" VPOS="732" WIDTH="406" HEIGHT="38" WC="0.92" CONTENT="egnahemslånefonden."/>
						</TextLine>
					</TextBlock>
				</ComposedBlock>
				<ComposedBlock ID="cblock_4" HPOS="1554" VPOS="800" WIDTH="176" HEIGHT="41">
					<TextBlock ID="block_4" HPOS="1554" VPOS="800" WIDTH="176" HEIGHT="41">
						<TextLine ID="line_5" HPOS="1554" VPOS="800" WIDTH="176" HEIGHT="41">
							<String ID="string_33" HPOS="1554" VPOS="801" WIDTH="68" HEIGHT="40" WC="0.92" CONTENT="(1:a"/><SP WIDTH="19" VPOS="801" HPOS="1622"/>
							<String ID="string_34" HPOS="1641" VPOS="800" WIDTH="89" HEIGHT="41" WC="0.94" CONTENT="avd.)"/>
						</TextLine>
					</TextBlock>
				</ComposedBlock>
				<ComposedBlock ID="cblock_5" HPOS="274" VPOS="897" WIDTH="1507" HEIGHT="591">
					<TextBlock ID="block_5" HPOS="278" VPOS="897" WIDTH="1502" HEIGHT="188">
						<TextLine ID="line_6" HPOS="324" VPOS="897" WIDTH="1455" HEIGHT="40">
							<String ID="string_35" HPOS="324" VPOS="898" WIDTH="13" HEIGHT="29" WC="0.94" CONTENT="I"/><SP WIDTH="22" VPOS="898" HPOS="337"/>
							<String ID="string_36" HPOS="359" VPOS="906" WIDTH="42" HEIGHT="21" WC="0.94" CONTENT="en"/><SP WIDTH="22" VPOS="906" HPOS="401"/>
							<String ID="string_37" HPOS="423" VPOS="897" WIDTH="52" HEIGHT="30" WC="0.96" CONTENT="till"/><SP WIDTH="24" VPOS="897" HPOS="475"/>
							<String ID="string_38" HPOS="499" VPOS="897" WIDTH="184" HEIGHT="38" WC="0.96" CONTENT="riksdagen"/><SP WIDTH="22" VPOS="897" HPOS="683"/>
							<String ID="string_39" HPOS="705" VPOS="899" WIDTH="67" HEIGHT="30" WC="0.96" CONTENT="den"/><SP WIDTH="27" VPOS="899" HPOS="772"/>
							<String ID="string_40" HPOS="799" VPOS="901" WIDTH="38" HEIGHT="29" WC="0.93" CONTENT="18"/><SP WIDTH="22" VPOS="901" HPOS="837"/>
							<String ID="string_41" HPOS="859" VPOS="899" WIDTH="88" HEIGHT="37" WC="0.96" CONTENT="april"/><SP WIDTH="25" VPOS="899" HPOS="947"/>
							<String ID="string_42" HPOS="972" VPOS="900" WIDTH="80" HEIGHT="30" WC="0.91" CONTENT="1941"/><SP WIDTH="25" VPOS="900" HPOS="1052"/>
							<String ID="string_43" HPOS="1077" VPOS="900" WIDTH="145" HEIGHT="37" WC="0.91" CONTENT="avlåten,"/><SP WIDTH="23" VPOS="900" HPOS="1222"/>
							<String ID="string_44" HPOS="1245" VPOS="901" WIDTH="51" HEIGHT="30" WC="0.92" CONTENT="till"/><SP WIDTH="23" VPOS="901" HPOS="1296"/>
							<String ID="string_45" HPOS="1319" VPOS="901" WIDTH="353" HEIGHT="36" WC="0.91" CONTENT="jordbruksutskottet"/><SP WIDTH="23" VPOS="901" HPOS="1672"/>
							<String ID="string_46" HPOS="1695" VPOS="903" WIDTH="84" HEIGHT="30" WC="0.92" CONTENT="hän-"/>
						</TextLine>
						<TextLine ID="line_7" HPOS="279" VPOS="946" WIDTH="1501" HEIGHT="43">
							<String ID="string_47" HPOS="279" VPOS="946" WIDTH="97" HEIGHT="32" WC="0.96" CONTENT="visad"/><SP WIDTH="19" VPOS="946" HPOS="376"/>
							<String ID="string_48" HPOS="395" VPOS="948" WIDTH="225" HEIGHT="37" WC="0.95" CONTENT="proposition,"/><SP WIDTH="21" VPOS="948" HPOS="620"/>
							<String ID="string_49" HPOS="641" VPOS="958" WIDTH="41" HEIGHT="21" WC="0.96" CONTENT="nr"/><SP WIDTH="26" VPOS="958" HPOS="682"/>
							<String ID="string_50" HPOS="708" VPOS="950" WIDTH="73" HEIGHT="35" WC="0.95" CONTENT="199,"/><SP WIDTH="24" VPOS="950" HPOS="781"/>
							<String ID="string_51" HPOS="805" VPOS="950" WIDTH="63" HEIGHT="30" WC="0.96" CONTENT="har"/><SP WIDTH="21" VPOS="950" HPOS="868"/>
							<String ID="string_52" HPOS="889" VPOS="950" WIDTH="123" HEIGHT="37" WC="0.95" CONTENT="Kungl."/><SP WIDTH="23" VPOS="950" HPOS="1012"/>
							<String ID="string_53" HPOS="1035" VPOS="950" WIDTH="108" HEIGHT="39" WC="0.96" CONTENT="Maj:t,"/><SP WIDTH="23" VPOS="950" HPOS="1143"/>
							<String ID="string_54" HPOS="1166" VPOS="952" WIDTH="111" HEIGHT="30" WC="0.96" CONTENT="under"/><SP WIDTH="23" VPOS="952" HPOS="1277"/>
							<String ID="string_55" HPOS="1300" VPOS="950" WIDTH="220" HEIGHT="39" WC="0.96" CONTENT="åberopande"/><SP WIDTH="19" VPOS="950" HPOS="1520"/>
							<String ID="string_56" HPOS="1539" VPOS="962" WIDTH="42" HEIGHT="21" WC="0.93" CONTENT="av"/><SP WIDTH="19" VPOS="962" HPOS="1581"/>
							<String ID="string_57" HPOS="1600" VPOS="952" WIDTH="107" HEIGHT="37" WC="0.92" CONTENT="bilagt"/><SP WIDTH="22" VPOS="952" HPOS="1707"/>
							<String ID="string_58" HPOS="1729" VPOS="956" WIDTH="51" HEIGHT="27" WC="0.93" CONTENT="ut-"/>
						</TextLine>
						<TextLine ID="line_8" HPOS="279" VPOS="997" WIDTH="1501" HEIGHT="42">
							<String ID="string_59" HPOS="279" VPOS="997" WIDTH="84" HEIGHT="37" WC="0.96" CONTENT="drag"/><SP WIDTH="33" VPOS="997" HPOS="363"/>
							<String ID="string_60" HPOS="396" VPOS="1007" WIDTH="42" HEIGHT="21" WC="0.93" CONTENT="av"/><SP WIDTH="36" VPOS="1007" HPOS="438"/>
							<String ID="string_61" HPOS="474" VPOS="998" WIDTH="376" HEIGHT="37" WC="0.85" CONTENT="statsrådsprotokollet"/><SP WIDTH="37" VPOS="998" HPOS="850"/>
							<String ID="string_62" HPOS="887" VPOS="1001" WIDTH="79" HEIGHT="29" WC="0.93" CONTENT="över"/><SP WIDTH="23" VPOS="1001" HPOS="966"/>
							<String ID="string_63" HPOS="989" VPOS="1000" WIDTH="342" HEIGHT="39" WC="0.91" CONTENT="jordbruksärenden"/><SP WIDTH="24" VPOS="1000" HPOS="1331"/>
							<String ID="string_64" HPOS="1355" VPOS="1002" WIDTH="54" HEIGHT="30" WC="0.96" CONTENT="för"/><SP WIDTH="26" VPOS="1002" HPOS="1409"/>
							<String ID="string_65" HPOS="1435" VPOS="1012" WIDTH="134" HEIGHT="21" WC="0.96" CONTENT="samma"/><SP WIDTH="23" VPOS="1012" HPOS="1569"/>
							<String ID="string_66" HPOS="1592" VPOS="1003" WIDTH="75" HEIGHT="36" WC="0.93" CONTENT="dag,"/><SP WIDTH="25" VPOS="1003" HPOS="1667"/>
							<String ID="string_67" HPOS="1692" VPOS="1003" WIDTH="88" HEIGHT="30" WC="0.92" CONTENT="före-"/>
						</TextLine>
						<TextLine ID="line_9" HPOS="278" VPOS="1048" WIDTH="373" HEIGHT="37">
							<String ID="string_68" HPOS="278" VPOS="1048" WIDTH="99" HEIGHT="36" WC="0.95" CONTENT="slagit"/><SP WIDTH="19" VPOS="1048" HPOS="377"/>
							<String ID="string_69" HPOS="396" VPOS="1048" WIDTH="185" HEIGHT="37" WC="0.96" CONTENT="riksdagen"/><SP WIDTH="21" VPOS="1048" HPOS="581"/>
							<String ID="string_70" HPOS="602" VPOS="1052" WIDTH="49" HEIGHT="28" WC="0.96" CONTENT="att"/>
						</TextLine>
					</TextBlock>
					<TextBlock ID="block_6" HPOS="276" VPOS="1097" WIDTH="1505" HEIGHT="193">
						<TextLine ID="line_10" HPOS="322" VPOS="1097" WIDTH="1457" HEIGHT="46">
							<String ID="string_71" HPOS="322" VPOS="1097" WIDTH="70" HEIGHT="31" WC="0.96" CONTENT="dels"/><SP WIDTH="38" VPOS="1097" HPOS="392"/>
							<String ID="string_72" HPOS="430" VPOS="1098" WIDTH="145" HEIGHT="38" WC="0.93" CONTENT="besluta,"/><SP WIDTH="38" VPOS="1098" HPOS="575"/>
							<String ID="string_73" HPOS="613" VPOS="1103" WIDTH="48" HEIGHT="27" WC="0.93" CONTENT="att"/><SP WIDTH="35" VPOS="1103" HPOS="661"/>
							<String ID="string_74" HPOS="696" VPOS="1100" WIDTH="254" HEIGHT="38" WC="0.90" CONTENT="egnahemslån,"/><SP WIDTH="38" VPOS="1100" HPOS="950"/>
							<String ID="string_75" HPOS="988" VPOS="1110" WIDTH="75" HEIGHT="22" WC="0.96" CONTENT="som"/><SP WIDTH="23" VPOS="1110" HPOS="1063"/>
							<String ID="string_76" HPOS="1086" VPOS="1102" WIDTH="158" HEIGHT="39" WC="0.96" CONTENT="beviljats"/><SP WIDTH="24" VPOS="1102" HPOS="1244"/>
							<String ID="string_77" HPOS="1268" VPOS="1103" WIDTH="110" HEIGHT="30" WC="0.96" CONTENT="under"/><SP WIDTH="24" VPOS="1103" HPOS="1378"/>
							<String ID="string_78" HPOS="1402" VPOS="1103" WIDTH="202" HEIGHT="37" WC="0.93" CONTENT="budgetåret"/><SP WIDTH="27" VPOS="1103" HPOS="1604"/>
							<String ID="string_79" HPOS="1631" VPOS="1101" WIDTH="148" HEIGHT="42" WC="0.92" CONTENT="1940/41,"/>
						</TextLine>
						<TextLine ID="line_11" HPOS="277" VPOS="1148" WIDTH="1504" HEIGHT="43">
							<String ID="string_80" HPOS="277" VPOS="1148" WIDTH="163" HEIGHT="31" WC="0.96" CONTENT="ävensom"/><SP WIDTH="26" VPOS="1148" HPOS="440"/>
							<String ID="string_81" HPOS="466" VPOS="1149" WIDTH="112" HEIGHT="36" WC="0.94" CONTENT="dylikt"/><SP WIDTH="21" VPOS="1149" HPOS="578"/>
							<String ID="string_82" HPOS="599" VPOS="1149" WIDTH="66" HEIGHT="37" WC="0.96" CONTENT="lån,"/><SP WIDTH="28" VPOS="1149" HPOS="665"/>
							<String ID="string_83" HPOS="693" VPOS="1160" WIDTH="77" HEIGHT="21" WC="0.96" CONTENT="som"/><SP WIDTH="21" VPOS="1160" HPOS="770"/>
							<String ID="string_84" HPOS="791" VPOS="1151" WIDTH="142" HEIGHT="39" WC="0.96" CONTENT="beviljas"/><SP WIDTH="23" VPOS="1151" HPOS="933"/>
							<String ID="string_85" HPOS="956" VPOS="1152" WIDTH="112" HEIGHT="30" WC="0.96" CONTENT="under"/><SP WIDTH="21" VPOS="1152" HPOS="1068"/>
							<String ID="string_86" HPOS="1089" VPOS="1152" WIDTH="202" HEIGHT="37" WC="0.93" CONTENT="budgetåret"/><SP WIDTH="26" VPOS="1152" HPOS="1291"/>
							<String ID="string_87" HPOS="1317" VPOS="1148" WIDTH="148" HEIGHT="43" WC="0.92" CONTENT="1941/42,"/><SP WIDTH="26" VPOS="1148" HPOS="1465"/>
							<String ID="string_88" HPOS="1491" VPOS="1154" WIDTH="97" HEIGHT="31" WC="0.96" CONTENT="skola"/><SP WIDTH="21" VPOS="1154" HPOS="1588"/>
							<String ID="string_89" HPOS="1609" VPOS="1155" WIDTH="111" HEIGHT="30" WC="0.96" CONTENT="under"/><SP WIDTH="22" VPOS="1155" HPOS="1720"/>
							<String ID="string_90" HPOS="1742" VPOS="1153" WIDTH="39" HEIGHT="32" WC="0.96" CONTENT="år"/>
						</TextLine>
						<TextLine ID="line_12" HPOS="281" VPOS="1199" WIDTH="1498" HEIGHT="45">
							<String ID="string_91" HPOS="281" VPOS="1199" WIDTH="81" HEIGHT="30" WC="0.91" CONTENT="1942"/><SP WIDTH="27" VPOS="1199" HPOS="362"/>
							<String ID="string_92" HPOS="389" VPOS="1199" WIDTH="175" HEIGHT="31" WC="0.91" CONTENT="förräntas"/><SP WIDTH="24" VPOS="1199" HPOS="564"/>
							<String ID="string_93" HPOS="588" VPOS="1200" WIDTH="85" HEIGHT="31" WC="0.96" CONTENT="efter"/><SP WIDTH="27" VPOS="1200" HPOS="673"/>
							<String ID="string_94" HPOS="700" VPOS="1210" WIDTH="42" HEIGHT="21" WC="0.93" CONTENT="en"/><SP WIDTH="28" VPOS="1210" HPOS="742"/>
							<String ID="string_95" HPOS="770" VPOS="1201" WIDTH="158" HEIGHT="37" WC="0.91" CONTENT="räntefot,"/><SP WIDTH="25" VPOS="1201" HPOS="928"/>
							<String ID="string_96" HPOS="953" VPOS="1202" WIDTH="159" HEIGHT="31" WC="0.96" CONTENT="bestämd"/><SP WIDTH="24" VPOS="1202" HPOS="1112"/>
							<String ID="string_97" HPOS="1136" VPOS="1203" WIDTH="51" HEIGHT="30" WC="0.96" CONTENT="till"/><SP WIDTH="25" VPOS="1203" HPOS="1187"/>
							<String ID="string_98" HPOS="1212" VPOS="1204" WIDTH="50" HEIGHT="29" WC="0.96" CONTENT="3.6"/><SP WIDTH="24" VPOS="1204" HPOS="1262"/>
							<String ID="string_99" HPOS="1286" VPOS="1208" WIDTH="141" HEIGHT="32" WC="0.96" CONTENT="procent"/><SP WIDTH="23" VPOS="1208" HPOS="1427"/>
							<String ID="string_100" HPOS="1450" VPOS="1204" WIDTH="56" HEIGHT="31" WC="0.96" CONTENT="för"/><SP WIDTH="23" VPOS="1204" HPOS="1506"/>
							<String ID="string_101" HPOS="1529" VPOS="1204" WIDTH="57" HEIGHT="31" WC="0.96" CONTENT="lån"/><SP WIDTH="27" VPOS="1204" HPOS="1586"/>
							<String ID="string_102" HPOS="1613" VPOS="1205" WIDTH="51" HEIGHT="29" WC="0.93" CONTENT="till"/><SP WIDTH="23" VPOS="1205" HPOS="1664"/>
							<String ID="string_103" HPOS="1687" VPOS="1205" WIDTH="92" HEIGHT="39" WC="0.91" CONTENT="jord-"/>
						</TextLine>
						<TextLine ID="line_13" HPOS="276" VPOS="1249" WIDTH="1198" HEIGHT="41">
							<String ID="string_104" HPOS="276" VPOS="1249" WIDTH="310" HEIGHT="37" WC="0.92" CONTENT="bruksfastigheter"/><SP WIDTH="19" VPOS="1249" HPOS="586"/>
							<String ID="string_105" HPOS="605" VPOS="1252" WIDTH="65" HEIGHT="29" WC="0.96" CONTENT="och"/><SP WIDTH="21" VPOS="1252" HPOS="670"/>
							<String ID="string_106" HPOS="691" VPOS="1252" WIDTH="19" HEIGHT="29" WC="0.96" CONTENT="4"/><SP WIDTH="21" VPOS="1252" HPOS="710"/>
							<String ID="string_107" HPOS="731" VPOS="1255" WIDTH="143" HEIGHT="32" WC="0.95" CONTENT="procent"/><SP WIDTH="21" VPOS="1255" HPOS="874"/>
							<String ID="string_108" HPOS="895" VPOS="1252" WIDTH="55" HEIGHT="30" WC="0.96" CONTENT="för"/><SP WIDTH="23" VPOS="1252" HPOS="950"/>
							<String ID="string_109" HPOS="973" VPOS="1252" WIDTH="57" HEIGHT="31" WC="0.96" CONTENT="lån"/><SP WIDTH="22" VPOS="1252" HPOS="1030"/>
							<String ID="string_110" HPOS="1052" VPOS="1253" WIDTH="50" HEIGHT="29" WC="0.93" CONTENT="till"/><SP WIDTH="18" VPOS="1253" HPOS="1102"/>
							<String ID="string_111" HPOS="1120" VPOS="1253" WIDTH="354" HEIGHT="37" WC="0.91" CONTENT="bostadsfastigheter,"/>
						</TextLine>
					</TextBlock>
					<TextBlock ID="block_7" HPOS="274" VPOS="1298" WIDTH="1506" HEIGHT="190">
						<TextLine ID="line_14" HPOS="321" VPOS="1298" WIDTH="1458" HEIGHT="43">
							<String ID="string_112" HPOS="321" VPOS="1298" WIDTH="69" HEIGHT="31" WC="0.96" CONTENT="dels"/><SP WIDTH="22" VPOS="1298" HPOS="390"/>
							<String ID="string_113" HPOS="412" VPOS="1299" WIDTH="65" HEIGHT="30" WC="0.92" CONTENT="ock"/><SP WIDTH="21" VPOS="1299" HPOS="477"/>
							<String ID="string_114" HPOS="498" VPOS="1300" WIDTH="167" HEIGHT="36" WC="0.92" CONTENT="medgiva,"/><SP WIDTH="23" VPOS="1300" HPOS="665"/>
							<String ID="string_115" HPOS="688" VPOS="1304" WIDTH="50" HEIGHT="27" WC="0.96" CONTENT="att"/><SP WIDTH="23" VPOS="1304" HPOS="738"/>
							<String ID="string_116" HPOS="761" VPOS="1301" WIDTH="221" HEIGHT="31" WC="0.93" CONTENT="beträffande"/><SP WIDTH="20" VPOS="1301" HPOS="982"/>
							<String ID="string_117" HPOS="1002" VPOS="1302" WIDTH="256" HEIGHT="37" WC="0.91" CONTENT="egnahemslån,"/><SP WIDTH="25" VPOS="1302" HPOS="1258"/>
							<String ID="string_118" HPOS="1283" VPOS="1313" WIDTH="74" HEIGHT="21" WC="0.96" CONTENT="som"/><SP WIDTH="21" VPOS="1313" HPOS="1357"/>
							<String ID="string_119" HPOS="1378" VPOS="1304" WIDTH="87" HEIGHT="30" WC="0.96" CONTENT="efter"/><SP WIDTH="21" VPOS="1304" HPOS="1465"/>
							<String ID="string_120" HPOS="1486" VPOS="1304" WIDTH="171" HEIGHT="37" WC="0.96" CONTENT="ingången"/><SP WIDTH="21" VPOS="1304" HPOS="1657"/>
							<String ID="string_121" HPOS="1678" VPOS="1315" WIDTH="42" HEIGHT="21" WC="0.96" CONTENT="av"/><SP WIDTH="21" VPOS="1315" HPOS="1720"/>
							<String ID="string_122" HPOS="1741" VPOS="1305" WIDTH="38" HEIGHT="31" WC="0.96" CONTENT="år"/>
						</TextLine>
						<TextLine ID="line_15" HPOS="281" VPOS="1350" WIDTH="1499" HEIGHT="42">
							<String ID="string_123" HPOS="281" VPOS="1350" WIDTH="81" HEIGHT="30" WC="0.96" CONTENT="1920"/><SP WIDTH="19" VPOS="1350" HPOS="362"/>
							<String ID="string_124" HPOS="381" VPOS="1359" WIDTH="79" HEIGHT="21" WC="0.96" CONTENT="men"/><SP WIDTH="17" VPOS="1359" HPOS="460"/>
							<String ID="string_125" HPOS="477" VPOS="1350" WIDTH="77" HEIGHT="30" WC="0.96" CONTENT="före"/><SP WIDTH="19" VPOS="1350" HPOS="554"/>
							<String ID="string_126" HPOS="573" VPOS="1351" WIDTH="66" HEIGHT="30" WC="0.96" CONTENT="den"/><SP WIDTH="20" VPOS="1351" HPOS="639"/>
							<String ID="string_127" HPOS="659" VPOS="1352" WIDTH="14" HEIGHT="29" WC="0.95" CONTENT="1"/><SP WIDTH="22" VPOS="1352" HPOS="673"/>
							<String ID="string_128" HPOS="695" VPOS="1351" WIDTH="65" HEIGHT="38" WC="0.96" CONTENT="juli"/><SP WIDTH="23" VPOS="1351" HPOS="760"/>
							<String ID="string_129" HPOS="783" VPOS="1352" WIDTH="82" HEIGHT="30" WC="0.96" CONTENT="1940"/><SP WIDTH="19" VPOS="1352" HPOS="865"/>
							<String ID="string_130" HPOS="884" VPOS="1352" WIDTH="158" HEIGHT="39" WC="0.96" CONTENT="beviljats"/><SP WIDTH="20" VPOS="1352" HPOS="1042"/>
							<String ID="string_131" HPOS="1062" VPOS="1352" WIDTH="79" HEIGHT="31" WC="0.92" CONTENT="från"/><SP WIDTH="18" VPOS="1352" HPOS="1141"/>
							<String ID="string_132" HPOS="1159" VPOS="1353" WIDTH="408" HEIGHT="38" WC="0.91" CONTENT="egnahemslånefonden,"/><SP WIDTH="21" VPOS="1353" HPOS="1567"/>
							<String ID="string_133" HPOS="1588" VPOS="1356" WIDTH="66" HEIGHT="29" WC="0.96" CONTENT="den"/><SP WIDTH="19" VPOS="1356" HPOS="1654"/>
							<String ID="string_134" HPOS="1673" VPOS="1354" WIDTH="107" HEIGHT="38" WC="0.96" CONTENT="årliga"/>
						</TextLine>
						<TextLine ID="line_16" HPOS="276" VPOS="1399" WIDTH="1503" HEIGHT="43">
							<String ID="string_135" HPOS="276" VPOS="1401" WIDTH="122" HEIGHT="29" WC="0.93" CONTENT="räntan"/><SP WIDTH="22" VPOS="1401" HPOS="398"/>
							<String ID="string_136" HPOS="420" VPOS="1399" WIDTH="20" HEIGHT="31" WC="0.92" CONTENT="å"/><SP WIDTH="25" VPOS="1399" HPOS="440"/>
							<String ID="string_137" HPOS="465" VPOS="1400" WIDTH="141" HEIGHT="31" WC="0.96" CONTENT="stående"/><SP WIDTH="24" VPOS="1400" HPOS="606"/>
							<String ID="string_138" HPOS="630" VPOS="1401" WIDTH="54" HEIGHT="30" WC="0.96" CONTENT="del"/><SP WIDTH="21" VPOS="1401" HPOS="684"/>
							<String ID="string_139" HPOS="705" VPOS="1411" WIDTH="43" HEIGHT="20" WC="0.96" CONTENT="av"/><SP WIDTH="23" VPOS="1411" HPOS="748"/>
							<String ID="string_140" HPOS="771" VPOS="1400" WIDTH="102" HEIGHT="32" WC="0.96" CONTENT="lånen"/><SP WIDTH="20" VPOS="1400" HPOS="873"/>
							<String ID="string_141" HPOS="893" VPOS="1402" WIDTH="57" HEIGHT="31" WC="0.96" CONTENT="må"/><SP WIDTH="21" VPOS="1402" HPOS="950"/>
							<String ID="string_142" HPOS="971" VPOS="1403" WIDTH="112" HEIGHT="30" WC="0.96" CONTENT="under"/><SP WIDTH="20" VPOS="1403" HPOS="1083"/>
							<String ID="string_143" HPOS="1103" VPOS="1402" WIDTH="38" HEIGHT="31" WC="0.96" CONTENT="år"/><SP WIDTH="26" VPOS="1402" HPOS="1141"/>
							<String ID="string_144" HPOS="1167" VPOS="1404" WIDTH="83" HEIGHT="30" WC="0.96" CONTENT="1942"/><SP WIDTH="23" VPOS="1404" HPOS="1250"/>
							<String ID="string_145" HPOS="1273" VPOS="1404" WIDTH="80" HEIGHT="36" WC="0.96" CONTENT="utgå"/><SP WIDTH="25" VPOS="1404" HPOS="1353"/>
							<String ID="string_146" HPOS="1378" VPOS="1404" WIDTH="86" HEIGHT="31" WC="0.95" CONTENT="efter"/><SP WIDTH="22" VPOS="1404" HPOS="1464"/>
							<String ID="string_147" HPOS="1486" VPOS="1406" WIDTH="49" HEIGHT="29" WC="0.96" CONTENT="3.6"/><SP WIDTH="24" VPOS="1406" HPOS="1535"/>
							<String ID="string_148" HPOS="1559" VPOS="1409" WIDTH="142" HEIGHT="33" WC="0.96" CONTENT="procent"/><SP WIDTH="22" VPOS="1409" HPOS="1701"/>
							<String ID="string_149" HPOS="1723" VPOS="1406" WIDTH="56" HEIGHT="30" WC="0.96" CONTENT="för"/>
						</TextLine>
						<TextLine ID="line_17" HPOS="274" VPOS="1450" WIDTH="840" HEIGHT="38">
							<String ID="string_150" HPOS="274" VPOS="1450" WIDTH="248" HEIGHT="38" WC="0.91" CONTENT="jordbrukslån"/><SP WIDTH="21" VPOS="1450" HPOS="522"/>
							<String ID="string_151" HPOS="543" VPOS="1452" WIDTH="64" HEIGHT="29" WC="0.96" CONTENT="och"/><SP WIDTH="20" VPOS="1452" HPOS="607"/>
							<String ID="string_152" HPOS="627" VPOS="1452" WIDTH="19" HEIGHT="29" WC="0.95" CONTENT="4"/><SP WIDTH="20" VPOS="1452" HPOS="646"/>
							<String ID="string_153" HPOS="666" VPOS="1455" WIDTH="143" HEIGHT="32" WC="0.96" CONTENT="procent"/><SP WIDTH="22" VPOS="1455" HPOS="809"/>
							<String ID="string_154" HPOS="831" VPOS="1451" WIDTH="53" HEIGHT="31" WC="0.96" CONTENT="för"/><SP WIDTH="20" VPOS="1451" HPOS="884"/>
							<String ID="string_155" HPOS="904" VPOS="1452" WIDTH="210" HEIGHT="31" WC="0.96" CONTENT="bostadslån."/>
						</TextLine>
					</TextBlock>
				</ComposedBlock>
				<ComposedBlock ID="cblock_6" HPOS="271" VPOS="1549" WIDTH="1512" HEIGHT="950">
					<TextBlock ID="block_8" HPOS="273" VPOS="1549" WIDTH="1510" HEIGHT="741">
						<TextLine ID="line_18" HPOS="322" VPOS="1549" WIDTH="1461" HEIGHT="44">
							<String ID="string_156" HPOS="322" VPOS="1549" WIDTH="225" HEIGHT="31" WC="0.92" CONTENT="Beträffande"/><SP WIDTH="23" VPOS="1549" HPOS="547"/>
							<String ID="string_157" HPOS="570" VPOS="1549" WIDTH="256" HEIGHT="37" WC="0.91" CONTENT="egnahemslån,"/><SP WIDTH="23" VPOS="1549" HPOS="826"/>
							<String ID="string_158" HPOS="849" VPOS="1560" WIDTH="74" HEIGHT="21" WC="0.96" CONTENT="som"/><SP WIDTH="23" VPOS="1560" HPOS="923"/>
							<String ID="string_159" HPOS="946" VPOS="1552" WIDTH="160" HEIGHT="36" WC="0.96" CONTENT="beviljats"/><SP WIDTH="24" VPOS="1552" HPOS="1106"/>
							<String ID="string_160" HPOS="1130" VPOS="1553" WIDTH="74" HEIGHT="29" WC="0.96" CONTENT="före"/><SP WIDTH="24" VPOS="1553" HPOS="1204"/>
							<String ID="string_161" HPOS="1228" VPOS="1553" WIDTH="67" HEIGHT="30" WC="0.96" CONTENT="den"/><SP WIDTH="25" VPOS="1553" HPOS="1295"/>
							<String ID="string_162" HPOS="1320" VPOS="1554" WIDTH="13" HEIGHT="29" WC="0.96" CONTENT="1"/><SP WIDTH="25" VPOS="1554" HPOS="1333"/>
							<String ID="string_163" HPOS="1358" VPOS="1553" WIDTH="63" HEIGHT="37" WC="0.96" CONTENT="juli"/><SP WIDTH="26" VPOS="1553" HPOS="1421"/>
							<String ID="string_164" HPOS="1447" VPOS="1555" WIDTH="94" HEIGHT="38" WC="0.96" CONTENT="1940,"/><SP WIDTH="24" VPOS="1555" HPOS="1541"/>
							<String ID="string_165" HPOS="1565" VPOS="1555" WIDTH="106" HEIGHT="36" WC="0.96" CONTENT="gäller"/><SP WIDTH="25" VPOS="1555" HPOS="1671"/>
							<String ID="string_166" HPOS="1696" VPOS="1555" WIDTH="87" HEIGHT="31" WC="0.96" CONTENT="efter"/>
						</TextLine>
						<TextLine ID="line_19" HPOS="277" VPOS="1598" WIDTH="1506" HEIGHT="43">
							<String ID="string_167" HPOS="277" VPOS="1598" WIDTH="38" HEIGHT="31" WC="0.96" CONTENT="år"/><SP WIDTH="30" VPOS="1598" HPOS="315"/>
							<String ID="string_168" HPOS="345" VPOS="1600" WIDTH="81" HEIGHT="30" WC="0.96" CONTENT="1934"/><SP WIDTH="27" VPOS="1600" HPOS="426"/>
							<String ID="string_169" HPOS="453" VPOS="1600" WIDTH="163" HEIGHT="36" WC="0.96" CONTENT="vidtagna"/><SP WIDTH="26" VPOS="1600" HPOS="616"/>
							<String ID="string_170" HPOS="642" VPOS="1601" WIDTH="188" HEIGHT="36" WC="0.43" CONTENT="ändringar"/><SP WIDTH="26" VPOS="1601" HPOS="830"/>
							<String ID="string_171" HPOS="856" VPOS="1601" WIDTH="9" HEIGHT="30" WC="0.96" CONTENT="i"/><SP WIDTH="29" VPOS="1601" HPOS="865"/>
							<String ID="string_172" HPOS="894" VPOS="1601" WIDTH="144" HEIGHT="37" WC="0.93" CONTENT="tidigare"/><SP WIDTH="28" VPOS="1601" HPOS="1038"/>
							<String ID="string_173" HPOS="1066" VPOS="1602" WIDTH="484" HEIGHT="39" WC="0.91" CONTENT="egnahemslåneförfattning,"/><SP WIDTH="29" VPOS="1602" HPOS="1550"/>
							<String ID="string_174" HPOS="1579" VPOS="1608" WIDTH="48" HEIGHT="27" WC="0.96" CONTENT="att"/><SP WIDTH="29" VPOS="1608" HPOS="1627"/>
							<String ID="string_175" HPOS="1656" VPOS="1607" WIDTH="127" HEIGHT="29" WC="0.95" CONTENT="räntan"/>
						</TextLine>
						<TextLine ID="line_20" HPOS="277" VPOS="1649" WIDTH="1506" HEIGHT="43">
							<String ID="string_176" HPOS="277" VPOS="1649" WIDTH="75" HEIGHT="31" WC="0.93" CONTENT="före"/><SP WIDTH="29" VPOS="1649" HPOS="352"/>
							<String ID="string_177" HPOS="381" VPOS="1650" WIDTH="486" HEIGHT="37" WC="0.91" CONTENT="amorteringsskyldighetens"/><SP WIDTH="30" VPOS="1650" HPOS="867"/>
							<String ID="string_178" HPOS="897" VPOS="1652" WIDTH="135" HEIGHT="31" WC="0.96" CONTENT="inträde"/><SP WIDTH="32" VPOS="1652" HPOS="1032"/>
							<String ID="string_179" HPOS="1064" VPOS="1654" WIDTH="99" HEIGHT="35" WC="0.96" CONTENT="utgör"/><SP WIDTH="32" VPOS="1654" HPOS="1163"/>
							<String ID="string_180" HPOS="1195" VPOS="1654" WIDTH="50" HEIGHT="30" WC="0.96" CONTENT="3.6"/><SP WIDTH="32" VPOS="1654" HPOS="1245"/>
							<String ID="string_181" HPOS="1277" VPOS="1657" WIDTH="142" HEIGHT="33" WC="0.96" CONTENT="procent"/><SP WIDTH="28" VPOS="1657" HPOS="1419"/>
							<String ID="string_182" HPOS="1447" VPOS="1654" WIDTH="58" HEIGHT="31" WC="0.92" CONTENT="för"/><SP WIDTH="29" VPOS="1654" HPOS="1505"/>
							<String ID="string_183" HPOS="1534" VPOS="1654" WIDTH="249" HEIGHT="38" WC="0.91" CONTENT="jordbrukslån"/>
						</TextLine>
						<TextLine ID="line_21" HPOS="277" VPOS="1701" WIDTH="1504" HEIGHT="41">
							<String ID="string_184" HPOS="277" VPOS="1701" WIDTH="68" HEIGHT="30" WC="0.96" CONTENT="och"/><SP WIDTH="23" VPOS="1701" HPOS="345"/>
							<String ID="string_185" HPOS="368" VPOS="1701" WIDTH="19" HEIGHT="29" WC="0.96" CONTENT="4"/><SP WIDTH="24" VPOS="1701" HPOS="387"/>
							<String ID="string_186" HPOS="411" VPOS="1704" WIDTH="145" HEIGHT="33" WC="0.96" CONTENT="procent"/><SP WIDTH="24" VPOS="1704" HPOS="556"/>
							<String ID="string_187" HPOS="580" VPOS="1701" WIDTH="54" HEIGHT="30" WC="0.96" CONTENT="för"/><SP WIDTH="24" VPOS="1701" HPOS="634"/>
							<String ID="string_188" HPOS="658" VPOS="1701" WIDTH="203" HEIGHT="31" WC="0.96" CONTENT="bostadslån"/><SP WIDTH="25" VPOS="1701" HPOS="861"/>
							<String ID="string_189" HPOS="886" VPOS="1705" WIDTH="90" HEIGHT="28" WC="0.96" CONTENT="samt"/><SP WIDTH="24" VPOS="1705" HPOS="976"/>
							<String ID="string_190" HPOS="1000" VPOS="1703" WIDTH="150" HEIGHT="31" WC="0.93" CONTENT="därefter"/><SP WIDTH="25" VPOS="1703" HPOS="1150"/>
							<String ID="string_191" HPOS="1175" VPOS="1722" WIDTH="45" HEIGHT="4" WC="0.92" CONTENT="—"/><SP WIDTH="27" VPOS="1722" HPOS="1220"/>
							<String ID="string_192" HPOS="1247" VPOS="1703" WIDTH="46" HEIGHT="31" WC="0.96" CONTENT="då"/><SP WIDTH="24" VPOS="1703" HPOS="1293"/>
							<String ID="string_193" HPOS="1317" VPOS="1706" WIDTH="126" HEIGHT="29" WC="0.93" CONTENT="räntan"/><SP WIDTH="27" VPOS="1706" HPOS="1443"/>
							<String ID="string_194" HPOS="1470" VPOS="1704" WIDTH="21" HEIGHT="31" WC="0.91" CONTENT="å"/><SP WIDTH="27" VPOS="1704" HPOS="1491"/>
							<String ID="string_195" HPOS="1518" VPOS="1706" WIDTH="263" HEIGHT="36" WC="0.91" CONTENT="egnahemslåns"/>
						</TextLine>
						<TextLine ID="line_22" HPOS="275" VPOS="1750" WIDTH="1506" HEIGHT="41">
							<String ID="string_196" HPOS="275" VPOS="1751" WIDTH="285" HEIGHT="37" WC="0.91" CONTENT="amorteringsdel"/><SP WIDTH="21" VPOS="1751" HPOS="560"/>
							<String ID="string_197" HPOS="581" VPOS="1750" WIDTH="96" HEIGHT="38" WC="0.96" CONTENT="ingår"/><SP WIDTH="21" VPOS="1750" HPOS="677"/>
							<String ID="string_198" HPOS="698" VPOS="1752" WIDTH="11" HEIGHT="30" WC="0.95" CONTENT="i"/><SP WIDTH="22" VPOS="1752" HPOS="709"/>
							<String ID="string_199" HPOS="731" VPOS="1762" WIDTH="44" HEIGHT="20" WC="0.95" CONTENT="en"/><SP WIDTH="23" VPOS="1762" HPOS="775"/>
							<String ID="string_200" HPOS="798" VPOS="1753" WIDTH="50" HEIGHT="30" WC="0.96" CONTENT="till"/><SP WIDTH="21" VPOS="1753" HPOS="848"/>
							<String ID="string_201" HPOS="869" VPOS="1751" WIDTH="130" HEIGHT="38" WC="0.96" CONTENT="årligen"/><SP WIDTH="22" VPOS="1751" HPOS="999"/>
							<String ID="string_202" HPOS="1021" VPOS="1754" WIDTH="71" HEIGHT="30" WC="0.96" CONTENT="lika"/><SP WIDTH="23" VPOS="1754" HPOS="1092"/>
							<String ID="string_203" HPOS="1115" VPOS="1754" WIDTH="127" HEIGHT="37" WC="0.96" CONTENT="belopp"/><SP WIDTH="25" VPOS="1754" HPOS="1242"/>
							<String ID="string_204" HPOS="1267" VPOS="1754" WIDTH="172" HEIGHT="32" WC="0.93" CONTENT="fastställd"/><SP WIDTH="25" VPOS="1754" HPOS="1439"/>
							<String ID="string_205" HPOS="1464" VPOS="1756" WIDTH="156" HEIGHT="31" WC="0.92" CONTENT="annuitet"/><SP WIDTH="20" VPOS="1756" HPOS="1620"/>
							<String ID="string_206" HPOS="1640" VPOS="1775" WIDTH="46" HEIGHT="3" WC="0.91" CONTENT="—"/><SP WIDTH="24" VPOS="1775" HPOS="1686"/>
							<String ID="string_207" HPOS="1710" VPOS="1757" WIDTH="71" HEIGHT="30" WC="0.96" CONTENT="dels"/>
						</TextLine>
						<TextLine ID="line_23" HPOS="275" VPOS="1800" WIDTH="1507" HEIGHT="42">
							<String ID="string_208" HPOS="275" VPOS="1800" WIDTH="22" HEIGHT="31" WC="0.90" CONTENT="å"/><SP WIDTH="17" VPOS="1800" HPOS="297"/>
							<String ID="string_209" HPOS="314" VPOS="1800" WIDTH="107" HEIGHT="32" WC="0.92" CONTENT="lånets"/><SP WIDTH="18" VPOS="1800" HPOS="421"/>
							<String ID="string_210" HPOS="439" VPOS="1801" WIDTH="143" HEIGHT="32" WC="0.96" CONTENT="stående"/><SP WIDTH="16" VPOS="1801" HPOS="582"/>
							<String ID="string_211" HPOS="598" VPOS="1803" WIDTH="53" HEIGHT="30" WC="0.96" CONTENT="del"/><SP WIDTH="18" VPOS="1803" HPOS="651"/>
							<String ID="string_212" HPOS="669" VPOS="1803" WIDTH="20" HEIGHT="29" WC="0.96" CONTENT="4"/><SP WIDTH="18" VPOS="1803" HPOS="689"/>
							<String ID="string_213" HPOS="707" VPOS="1807" WIDTH="144" HEIGHT="32" WC="0.94" CONTENT="procent"/><SP WIDTH="15" VPOS="1807" HPOS="851"/>
							<String ID="string_214" HPOS="866" VPOS="1803" WIDTH="53" HEIGHT="31" WC="0.92" CONTENT="för"/><SP WIDTH="17" VPOS="1803" HPOS="919"/>
							<String ID="string_215" HPOS="936" VPOS="1803" WIDTH="249" HEIGHT="38" WC="0.91" CONTENT="jordbrukslån"/><SP WIDTH="17" VPOS="1803" HPOS="1185"/>
							<String ID="string_216" HPOS="1202" VPOS="1806" WIDTH="67" HEIGHT="29" WC="0.96" CONTENT="och"/><SP WIDTH="16" VPOS="1806" HPOS="1269"/>
							<String ID="string_217" HPOS="1285" VPOS="1806" WIDTH="48" HEIGHT="29" WC="0.96" CONTENT="4.5"/><SP WIDTH="16" VPOS="1806" HPOS="1333"/>
							<String ID="string_218" HPOS="1349" VPOS="1809" WIDTH="144" HEIGHT="33" WC="0.96" CONTENT="procent"/><SP WIDTH="14" VPOS="1809" HPOS="1493"/>
							<String ID="string_219" HPOS="1507" VPOS="1807" WIDTH="56" HEIGHT="30" WC="0.96" CONTENT="för"/><SP WIDTH="17" VPOS="1807" HPOS="1563"/>
							<String ID="string_220" HPOS="1580" VPOS="1807" WIDTH="202" HEIGHT="31" WC="0.96" CONTENT="bostadslån"/>
						</TextLine>
						<TextLine ID="line_24" HPOS="275" VPOS="1851" WIDTH="1507" HEIGHT="43">
							<String ID="string_221" HPOS="275" VPOS="1852" WIDTH="66" HEIGHT="30" WC="0.96" CONTENT="och"/><SP WIDTH="21" VPOS="1852" HPOS="341"/>
							<String ID="string_222" HPOS="362" VPOS="1852" WIDTH="69" HEIGHT="30" WC="0.92" CONTENT="dels"/><SP WIDTH="25" VPOS="1852" HPOS="431"/>
							<String ID="string_223" HPOS="456" VPOS="1851" WIDTH="22" HEIGHT="32" WC="0.92" CONTENT="å"/><SP WIDTH="22" VPOS="1851" HPOS="478"/>
							<String ID="string_224" HPOS="500" VPOS="1853" WIDTH="329" HEIGHT="37" WC="0.91" CONTENT="amorteringsdelen"/><SP WIDTH="23" VPOS="1853" HPOS="829"/>
							<String ID="string_225" HPOS="852" VPOS="1855" WIDTH="48" HEIGHT="29" WC="0.96" CONTENT="3.6"/><SP WIDTH="21" VPOS="1855" HPOS="900"/>
							<String ID="string_226" HPOS="921" VPOS="1858" WIDTH="143" HEIGHT="33" WC="0.96" CONTENT="procent"/><SP WIDTH="21" VPOS="1858" HPOS="1064"/>
							<String ID="string_227" HPOS="1085" VPOS="1855" WIDTH="54" HEIGHT="30" WC="0.93" CONTENT="för"/><SP WIDTH="22" VPOS="1855" HPOS="1139"/>
							<String ID="string_228" HPOS="1161" VPOS="1855" WIDTH="249" HEIGHT="37" WC="0.91" CONTENT="jordbrukslån"/><SP WIDTH="21" VPOS="1855" HPOS="1410"/>
							<String ID="string_229" HPOS="1431" VPOS="1855" WIDTH="66" HEIGHT="32" WC="0.96" CONTENT="och"/><SP WIDTH="22" VPOS="1855" HPOS="1497"/>
							<String ID="string_230" HPOS="1519" VPOS="1858" WIDTH="19" HEIGHT="29" WC="0.96" CONTENT="4"/><SP WIDTH="21" VPOS="1858" HPOS="1538"/>
							<String ID="string_231" HPOS="1559" VPOS="1861" WIDTH="144" HEIGHT="33" WC="0.96" CONTENT="procent"/><SP WIDTH="24" VPOS="1861" HPOS="1703"/>
							<String ID="string_232" HPOS="1727" VPOS="1858" WIDTH="55" HEIGHT="30" WC="0.96" CONTENT="för"/>
						</TextLine>
						<TextLine ID="line_25" HPOS="274" VPOS="1902" WIDTH="1506" HEIGHT="46">
							<String ID="string_233" HPOS="274" VPOS="1902" WIDTH="210" HEIGHT="31" WC="0.95" CONTENT="bostadslån."/><SP WIDTH="22" VPOS="1902" HPOS="484"/>
							<String ID="string_234" HPOS="506" VPOS="1903" WIDTH="200" HEIGHT="31" WC="0.95" CONTENT="Emellertid"/><SP WIDTH="18" VPOS="1903" HPOS="706"/>
							<String ID="string_235" HPOS="724" VPOS="1905" WIDTH="66" HEIGHT="29" WC="0.96" CONTENT="har"/><SP WIDTH="20" VPOS="1905" HPOS="790"/>
							<String ID="string_236" HPOS="810" VPOS="1904" WIDTH="103" HEIGHT="37" WC="0.96" CONTENT="enligt"/><SP WIDTH="20" VPOS="1904" HPOS="913"/>
							<String ID="string_237" HPOS="933" VPOS="1906" WIDTH="205" HEIGHT="36" WC="0.96" CONTENT="kungörelse"/><SP WIDTH="22" VPOS="1906" HPOS="1138"/>
							<String ID="string_238" HPOS="1160" VPOS="1906" WIDTH="67" HEIGHT="30" WC="0.96" CONTENT="den"/><SP WIDTH="22" VPOS="1906" HPOS="1227"/>
							<String ID="string_239" HPOS="1249" VPOS="1907" WIDTH="40" HEIGHT="30" WC="0.96" CONTENT="18"/><SP WIDTH="21" VPOS="1907" HPOS="1289"/>
							<String ID="string_240" HPOS="1310" VPOS="1906" WIDTH="75" HEIGHT="39" WC="0.96" CONTENT="juni"/><SP WIDTH="26" VPOS="1906" HPOS="1385"/>
							<String ID="string_241" HPOS="1411" VPOS="1908" WIDTH="82" HEIGHT="30" WC="0.96" CONTENT="1937"/><SP WIDTH="30" VPOS="1908" HPOS="1493"/>
							<String ID="string_242" HPOS="1523" VPOS="1907" WIDTH="52" HEIGHT="40" WC="0.95" CONTENT="(nr"/><SP WIDTH="22" VPOS="1907" HPOS="1575"/>
							<String ID="string_243" HPOS="1597" VPOS="1908" WIDTH="76" HEIGHT="40" WC="0.91" CONTENT="391)"/><SP WIDTH="29" VPOS="1908" HPOS="1673"/>
							<String ID="string_244" HPOS="1702" VPOS="1910" WIDTH="78" HEIGHT="29" WC="0.91" CONTENT="rän-"/>
						</TextLine>
						<TextLine ID="line_26" HPOS="275" VPOS="1951" WIDTH="1504" HEIGHT="44">
							<String ID="string_245" HPOS="275" VPOS="1954" WIDTH="61" HEIGHT="29" WC="0.92" CONTENT="tan"/><SP WIDTH="21" VPOS="1954" HPOS="336"/>
							<String ID="string_246" HPOS="357" VPOS="1951" WIDTH="20" HEIGHT="32" WC="0.92" CONTENT="å"/><SP WIDTH="19" VPOS="1951" HPOS="377"/>
							<String ID="string_247" HPOS="396" VPOS="1953" WIDTH="67" HEIGHT="30" WC="0.96" CONTENT="den"/><SP WIDTH="21" VPOS="1953" HPOS="463"/>
							<String ID="string_248" HPOS="484" VPOS="1952" WIDTH="140" HEIGHT="32" WC="0.96" CONTENT="stående"/><SP WIDTH="21" VPOS="1952" HPOS="624"/>
							<String ID="string_249" HPOS="645" VPOS="1954" WIDTH="100" HEIGHT="31" WC="0.96" CONTENT="delen"/><SP WIDTH="22" VPOS="1954" HPOS="745"/>
							<String ID="string_250" HPOS="767" VPOS="1964" WIDTH="42" HEIGHT="21" WC="0.96" CONTENT="av"/><SP WIDTH="21" VPOS="1964" HPOS="809"/>
							<String ID="string_251" HPOS="830" VPOS="1953" WIDTH="66" HEIGHT="38" WC="0.96" CONTENT="lån,"/><SP WIDTH="23" VPOS="1953" HPOS="896"/>
							<String ID="string_252" HPOS="919" VPOS="1955" WIDTH="55" HEIGHT="30" WC="0.96" CONTENT="för"/><SP WIDTH="24" VPOS="1955" HPOS="974"/>
							<String ID="string_253" HPOS="998" VPOS="1955" WIDTH="93" HEIGHT="31" WC="0.93" CONTENT="vilka"/><SP WIDTH="22" VPOS="1955" HPOS="1091"/>
							<String ID="string_254" HPOS="1113" VPOS="1957" WIDTH="426" HEIGHT="37" WC="0.91" CONTENT="amorteringsskyldighet"/><SP WIDTH="24" VPOS="1957" HPOS="1539"/>
							<String ID="string_255" HPOS="1563" VPOS="1958" WIDTH="129" HEIGHT="37" WC="0.93" CONTENT="inträtt,"/><SP WIDTH="23" VPOS="1958" HPOS="1692"/>
							<String ID="string_256" HPOS="1715" VPOS="1959" WIDTH="64" HEIGHT="30" WC="0.92" CONTENT="till-"/>
						</TextLine>
						<TextLine ID="line_27" HPOS="275" VPOS="2002" WIDTH="1504" HEIGHT="44">
							<String ID="string_257" HPOS="275" VPOS="2002" WIDTH="110" HEIGHT="37" WC="0.91" CONTENT="fälligt"/><SP WIDTH="22" VPOS="2002" HPOS="385"/>
							<String ID="string_258" HPOS="407" VPOS="2003" WIDTH="56" HEIGHT="31" WC="0.96" CONTENT="för"/><SP WIDTH="24" VPOS="2003" HPOS="463"/>
							<String ID="string_259" HPOS="487" VPOS="2002" WIDTH="84" HEIGHT="32" WC="0.96" CONTENT="åren"/><SP WIDTH="24" VPOS="2002" HPOS="571"/>
							<String ID="string_260" HPOS="595" VPOS="2005" WIDTH="92" HEIGHT="35" WC="0.95" CONTENT="1937,"/><SP WIDTH="29" VPOS="2005" HPOS="687"/>
							<String ID="string_261" HPOS="716" VPOS="2005" WIDTH="84" HEIGHT="31" WC="0.96" CONTENT="1938"/><SP WIDTH="23" VPOS="2005" HPOS="800"/>
							<String ID="string_262" HPOS="823" VPOS="2006" WIDTH="65" HEIGHT="29" WC="0.96" CONTENT="och"/><SP WIDTH="24" VPOS="2006" HPOS="888"/>
							<String ID="string_263" HPOS="912" VPOS="2006" WIDTH="83" HEIGHT="30" WC="0.92" CONTENT="1939"/><SP WIDTH="23" VPOS="2006" HPOS="995"/>
							<String ID="string_264" HPOS="1018" VPOS="2007" WIDTH="152" HEIGHT="30" WC="0.92" CONTENT="nedsatts"/><SP WIDTH="24" VPOS="2007" HPOS="1170"/>
							<String ID="string_265" HPOS="1194" VPOS="2007" WIDTH="51" HEIGHT="30" WC="0.96" CONTENT="till"/><SP WIDTH="22" VPOS="2007" HPOS="1245"/>
							<String ID="string_266" HPOS="1267" VPOS="2008" WIDTH="49" HEIGHT="30" WC="0.96" CONTENT="3.6"/><SP WIDTH="21" VPOS="2008" HPOS="1316"/>
							<String ID="string_267" HPOS="1337" VPOS="2013" WIDTH="143" HEIGHT="31" WC="0.97" CONTENT="procent"/><SP WIDTH="21" VPOS="2013" HPOS="1480"/>
							<String ID="string_268" HPOS="1501" VPOS="2009" WIDTH="55" HEIGHT="30" WC="0.92" CONTENT="för"/><SP WIDTH="21" VPOS="2009" HPOS="1556"/>
							<String ID="string_269" HPOS="1577" VPOS="2008" WIDTH="202" HEIGHT="38" WC="0.90" CONTENT="jordbruks-"/>
						</TextLine>
						<TextLine ID="line_28" HPOS="274" VPOS="2051" WIDTH="1506" HEIGHT="46">
							<String ID="string_270" HPOS="274" VPOS="2051" WIDTH="58" HEIGHT="32" WC="0.96" CONTENT="lån"/><SP WIDTH="26" VPOS="2051" HPOS="332"/>
							<String ID="string_271" HPOS="358" VPOS="2054" WIDTH="64" HEIGHT="30" WC="0.96" CONTENT="och"/><SP WIDTH="26" VPOS="2054" HPOS="422"/>
							<String ID="string_272" HPOS="448" VPOS="2054" WIDTH="52" HEIGHT="30" WC="0.96" CONTENT="till"/><SP WIDTH="27" VPOS="2054" HPOS="500"/>
							<String ID="string_273" HPOS="527" VPOS="2055" WIDTH="20" HEIGHT="29" WC="0.95" CONTENT="4"/><SP WIDTH="24" VPOS="2055" HPOS="547"/>
							<String ID="string_274" HPOS="571" VPOS="2058" WIDTH="141" HEIGHT="32" WC="0.96" CONTENT="procent"/><SP WIDTH="24" VPOS="2058" HPOS="712"/>
							<String ID="string_275" HPOS="736" VPOS="2055" WIDTH="56" HEIGHT="31" WC="0.96" CONTENT="för"/><SP WIDTH="25" VPOS="2055" HPOS="792"/>
							<String ID="string_276" HPOS="817" VPOS="2055" WIDTH="210" HEIGHT="32" WC="0.94" CONTENT="bostadslån."/><SP WIDTH="37" VPOS="2055" HPOS="1027"/>
							<String ID="string_277" HPOS="1064" VPOS="2057" WIDTH="243" HEIGHT="32" WC="0.93" CONTENT="Motsvarande"/><SP WIDTH="23" VPOS="2057" HPOS="1307"/>
							<String ID="string_278" HPOS="1330" VPOS="2059" WIDTH="320" HEIGHT="38" WC="0.91" CONTENT="räntenedsättning"/><SP WIDTH="24" VPOS="2059" HPOS="1650"/>
							<String ID="string_279" HPOS="1674" VPOS="2061" WIDTH="106" HEIGHT="36" WC="0.96" CONTENT="gäller"/>
						</TextLine>
						<TextLine ID="line_29" HPOS="273" VPOS="2103" WIDTH="1507" HEIGHT="43">
							<String ID="string_280" HPOS="273" VPOS="2103" WIDTH="105" HEIGHT="36" WC="0.96" CONTENT="enligt"/><SP WIDTH="17" VPOS="2103" HPOS="378"/>
							<String ID="string_281" HPOS="395" VPOS="2104" WIDTH="207" HEIGHT="36" WC="0.96" CONTENT="kungörelse"/><SP WIDTH="17" VPOS="2104" HPOS="602"/>
							<String ID="string_282" HPOS="619" VPOS="2105" WIDTH="66" HEIGHT="31" WC="0.96" CONTENT="den"/><SP WIDTH="18" VPOS="2105" HPOS="685"/>
							<String ID="string_283" HPOS="703" VPOS="2107" WIDTH="16" HEIGHT="29" WC="0.96" CONTENT="7"/><SP WIDTH="20" VPOS="2107" HPOS="719"/>
							<String ID="string_284" HPOS="739" VPOS="2105" WIDTH="76" HEIGHT="38" WC="0.96" CONTENT="juni"/><SP WIDTH="21" VPOS="2105" HPOS="815"/>
							<String ID="string_285" HPOS="836" VPOS="2107" WIDTH="81" HEIGHT="30" WC="0.96" CONTENT="1940"/><SP WIDTH="24" VPOS="2107" HPOS="917"/>
							<String ID="string_286" HPOS="941" VPOS="2106" WIDTH="54" HEIGHT="40" WC="0.96" CONTENT="(nr"/><SP WIDTH="20" VPOS="2106" HPOS="995"/>
							<String ID="string_287" HPOS="1015" VPOS="2106" WIDTH="75" HEIGHT="40" WC="0.96" CONTENT="596)"/><SP WIDTH="23" VPOS="2106" HPOS="1090"/>
							<String ID="string_288" HPOS="1113" VPOS="2109" WIDTH="87" HEIGHT="29" WC="0.96" CONTENT="även"/><SP WIDTH="20" VPOS="2109" HPOS="1200"/>
							<String ID="string_289" HPOS="1220" VPOS="2108" WIDTH="56" HEIGHT="30" WC="0.96" CONTENT="för"/><SP WIDTH="19" VPOS="2108" HPOS="1276"/>
							<String ID="string_290" HPOS="1295" VPOS="2107" WIDTH="82" HEIGHT="32" WC="0.96" CONTENT="åren"/><SP WIDTH="21" VPOS="2107" HPOS="1377"/>
							<String ID="string_291" HPOS="1398" VPOS="2110" WIDTH="84" HEIGHT="30" WC="0.96" CONTENT="1940"/><SP WIDTH="20" VPOS="2110" HPOS="1482"/>
							<String ID="string_292" HPOS="1502" VPOS="2111" WIDTH="66" HEIGHT="30" WC="0.96" CONTENT="och"/><SP WIDTH="22" VPOS="2111" HPOS="1568"/>
							<String ID="string_293" HPOS="1590" VPOS="2111" WIDTH="94" HEIGHT="30" WC="0.96" CONTENT="1941."/><SP WIDTH="32" VPOS="2111" HPOS="1684"/>
							<String ID="string_294" HPOS="1716" VPOS="2111" WIDTH="64" HEIGHT="30" WC="0.96" CONTENT="Det"/>
						</TextLine>
						<TextLine ID="line_30" HPOS="274" VPOS="2154" WIDTH="1504" HEIGHT="43">
							<String ID="string_295" HPOS="274" VPOS="2154" WIDTH="106" HEIGHT="36" WC="0.96" CONTENT="sagda"/><SP WIDTH="15" VPOS="2154" HPOS="380"/>
							<String ID="string_296" HPOS="395" VPOS="2154" WIDTH="157" HEIGHT="37" WC="0.96" CONTENT="innebär,"/><SP WIDTH="18" VPOS="2154" HPOS="552"/>
							<String ID="string_297" HPOS="570" VPOS="2158" WIDTH="48" HEIGHT="28" WC="0.93" CONTENT="att"/><SP WIDTH="18" VPOS="2158" HPOS="618"/>
							<String ID="string_298" HPOS="636" VPOS="2155" WIDTH="256" HEIGHT="38" WC="0.90" CONTENT="egnahemslån,"/><SP WIDTH="19" VPOS="2155" HPOS="892"/>
							<String ID="string_299" HPOS="911" VPOS="2166" WIDTH="76" HEIGHT="21" WC="0.96" CONTENT="som"/><SP WIDTH="17" VPOS="2166" HPOS="987"/>
							<String ID="string_300" HPOS="1004" VPOS="2157" WIDTH="159" HEIGHT="38" WC="0.96" CONTENT="beviljats"/><SP WIDTH="20" VPOS="2157" HPOS="1163"/>
							<String ID="string_301" HPOS="1183" VPOS="2158" WIDTH="76" HEIGHT="31" WC="0.96" CONTENT="före"/><SP WIDTH="20" VPOS="2158" HPOS="1259"/>
							<String ID="string_302" HPOS="1279" VPOS="2159" WIDTH="66" HEIGHT="31" WC="0.96" CONTENT="den"/><SP WIDTH="24" VPOS="2159" HPOS="1345"/>
							<String ID="string_303" HPOS="1369" VPOS="2160" WIDTH="13" HEIGHT="29" WC="0.95" CONTENT="1"/><SP WIDTH="21" VPOS="2160" HPOS="1382"/>
							<String ID="string_304" HPOS="1403" VPOS="2159" WIDTH="64" HEIGHT="38" WC="0.95" CONTENT="juli"/><SP WIDTH="23" VPOS="2159" HPOS="1467"/>
							<String ID="string_305" HPOS="1490" VPOS="2161" WIDTH="93" HEIGHT="36" WC="0.96" CONTENT="1940,"/><SP WIDTH="21" VPOS="2161" HPOS="1583"/>
							<String ID="string_306" HPOS="1604" VPOS="2160" WIDTH="11" HEIGHT="31" WC="0.96" CONTENT="i"/><SP WIDTH="19" VPOS="2160" HPOS="1615"/>
							<String ID="string_307" HPOS="1634" VPOS="2161" WIDTH="54" HEIGHT="30" WC="0.93" CONTENT="sin"/><SP WIDTH="21" VPOS="2161" HPOS="1688"/>
							<String ID="string_308" HPOS="1709" VPOS="2162" WIDTH="69" HEIGHT="29" WC="0.92" CONTENT="hel-"/>
						</TextLine>
						<TextLine ID="line_31" HPOS="273" VPOS="2204" WIDTH="1506" HEIGHT="43">
							<String ID="string_309" HPOS="273" VPOS="2204" WIDTH="59" HEIGHT="31" WC="0.95" CONTENT="het"/><SP WIDTH="21" VPOS="2204" HPOS="332"/>
							<String ID="string_310" HPOS="353" VPOS="2204" WIDTH="53" HEIGHT="31" WC="0.96" CONTENT="för"/><SP WIDTH="19" VPOS="2204" HPOS="406"/>
							<String ID="string_311" HPOS="425" VPOS="2206" WIDTH="219" HEIGHT="30" WC="0.91" CONTENT="närvarande"/><SP WIDTH="21" VPOS="2206" HPOS="644"/>
							<String ID="string_312" HPOS="665" VPOS="2206" WIDTH="175" HEIGHT="31" WC="0.91" CONTENT="förräntas"/><SP WIDTH="22" VPOS="2206" HPOS="840"/>
							<String ID="string_313" HPOS="862" VPOS="2207" WIDTH="85" HEIGHT="31" WC="0.96" CONTENT="efter"/><SP WIDTH="21" VPOS="2207" HPOS="947"/>
							<String ID="string_314" HPOS="968" VPOS="2209" WIDTH="49" HEIGHT="30" WC="0.96" CONTENT="3.6"/><SP WIDTH="21" VPOS="2209" HPOS="1017"/>
							<String ID="string_315" HPOS="1038" VPOS="2212" WIDTH="143" HEIGHT="33" WC="0.96" CONTENT="procent"/><SP WIDTH="19" VPOS="2212" HPOS="1181"/>
							<String ID="string_316" HPOS="1200" VPOS="2209" WIDTH="221" HEIGHT="32" WC="0.93" CONTENT="beträffande"/><SP WIDTH="20" VPOS="2209" HPOS="1421"/>
							<String ID="string_317" HPOS="1441" VPOS="2209" WIDTH="248" HEIGHT="38" WC="0.91" CONTENT="jordbrukslån"/><SP WIDTH="24" VPOS="2209" HPOS="1689"/>
							<String ID="string_318" HPOS="1713" VPOS="2212" WIDTH="66" HEIGHT="30" WC="0.96" CONTENT="och"/>
						</TextLine>
						<TextLine ID="line_32" HPOS="273" VPOS="2256" WIDTH="658" HEIGHT="34">
							<String ID="string_319" HPOS="273" VPOS="2256" WIDTH="21" HEIGHT="28" WC="0.96" CONTENT="4"/><SP WIDTH="22" VPOS="2256" HPOS="294"/>
							<String ID="string_320" HPOS="316" VPOS="2258" WIDTH="141" HEIGHT="32" WC="0.96" CONTENT="procent"/><SP WIDTH="21" VPOS="2258" HPOS="457"/>
							<String ID="string_321" HPOS="478" VPOS="2256" WIDTH="220" HEIGHT="31" WC="0.96" CONTENT="beträffande"/><SP WIDTH="22" VPOS="2256" HPOS="698"/>
							<String ID="string_322" HPOS="720" VPOS="2257" WIDTH="211" HEIGHT="31" WC="0.96" CONTENT="bostadslån."/>
						</TextLine>
					</TextBlock>
					<TextBlock ID="block_9" HPOS="271" VPOS="2304" WIDTH="1508" HEIGHT="195">
						<TextLine ID="line_33" HPOS="318" VPOS="2304" WIDTH="1459" HEIGHT="44">
							<String ID="string_323" HPOS="318" VPOS="2304" WIDTH="113" HEIGHT="37" WC="0.96" CONTENT="Enligt"/><SP WIDTH="21" VPOS="2304" HPOS="431"/>
							<String ID="string_324" HPOS="452" VPOS="2306" WIDTH="43" HEIGHT="31" WC="0.96" CONTENT="de"/><SP WIDTH="20" VPOS="2306" HPOS="495"/>
							<String ID="string_325" HPOS="515" VPOS="2306" WIDTH="60" HEIGHT="31" WC="0.96" CONTENT="vid"/><SP WIDTH="25" VPOS="2306" HPOS="575"/>
							<String ID="string_326" HPOS="600" VPOS="2307" WIDTH="81" HEIGHT="30" WC="0.96" CONTENT="1939"/><SP WIDTH="23" VPOS="2307" HPOS="681"/>
							<String ID="string_327" HPOS="704" VPOS="2306" WIDTH="57" HEIGHT="32" WC="0.96" CONTENT="års"/><SP WIDTH="22" VPOS="2306" HPOS="761"/>
							<String ID="string_328" HPOS="783" VPOS="2308" WIDTH="140" HEIGHT="36" WC="0.95" CONTENT="lagtima"/><SP WIDTH="21" VPOS="2308" HPOS="923"/>
							<String ID="string_329" HPOS="944" VPOS="2308" WIDTH="141" HEIGHT="38" WC="0.96" CONTENT="riksdag"/><SP WIDTH="22" VPOS="2308" HPOS="1085"/>
							<String ID="string_330" HPOS="1107" VPOS="2312" WIDTH="151" HEIGHT="34" WC="0.96" CONTENT="antagna"/><SP WIDTH="23" VPOS="2312" HPOS="1258"/>
							<String ID="string_331" HPOS="1281" VPOS="2311" WIDTH="196" HEIGHT="36" WC="0.96" CONTENT="grunderna"/><SP WIDTH="23" VPOS="2311" HPOS="1477"/>
							<String ID="string_332" HPOS="1500" VPOS="2312" WIDTH="56" HEIGHT="30" WC="0.93" CONTENT="för"/><SP WIDTH="20" VPOS="2312" HPOS="1556"/>
							<String ID="string_333" HPOS="1576" VPOS="2313" WIDTH="201" HEIGHT="35" WC="0.92" CONTENT="egnahems-"/>
						</TextLine>
						<TextLine ID="line_34" HPOS="274" VPOS="2354" WIDTH="1504" HEIGHT="45">
							<String ID="string_334" HPOS="274" VPOS="2354" WIDTH="264" HEIGHT="33" WC="0.95" CONTENT="verksamheten"/><SP WIDTH="18" VPOS="2354" HPOS="538"/>
							<String ID="string_335" HPOS="556" VPOS="2358" WIDTH="87" HEIGHT="30" WC="0.95" CONTENT="skall"/><SP WIDTH="18" VPOS="2358" HPOS="643"/>
							<String ID="string_336" HPOS="661" VPOS="2357" WIDTH="10" HEIGHT="30" WC="0.96" CONTENT="i"/><SP WIDTH="18" VPOS="2357" HPOS="671"/>
							<String ID="string_337" HPOS="689" VPOS="2357" WIDTH="100" HEIGHT="38" WC="0.96" CONTENT="fråga"/><SP WIDTH="17" VPOS="2357" HPOS="789"/>
							<String ID="string_338" HPOS="806" VPOS="2368" WIDTH="57" HEIGHT="21" WC="0.96" CONTENT="om"/><SP WIDTH="19" VPOS="2368" HPOS="863"/>
							<String ID="string_339" HPOS="882" VPOS="2360" WIDTH="125" HEIGHT="29" WC="0.93" CONTENT="räntan"/><SP WIDTH="20" VPOS="2360" HPOS="1007"/>
							<String ID="string_340" HPOS="1027" VPOS="2358" WIDTH="20" HEIGHT="32" WC="0.91" CONTENT="å"/><SP WIDTH="20" VPOS="2358" HPOS="1047"/>
							<String ID="string_341" HPOS="1067" VPOS="2359" WIDTH="247" HEIGHT="37" WC="0.91" CONTENT="egnahemslån"/><SP WIDTH="17" VPOS="2359" HPOS="1314"/>
							<String ID="string_342" HPOS="1331" VPOS="2362" WIDTH="98" HEIGHT="36" WC="0.95" CONTENT="gälla,"/><SP WIDTH="21" VPOS="2362" HPOS="1429"/>
							<String ID="string_343" HPOS="1450" VPOS="2365" WIDTH="51" HEIGHT="27" WC="0.93" CONTENT="att"/><SP WIDTH="18" VPOS="2365" HPOS="1501"/>
							<String ID="string_344" HPOS="1519" VPOS="2362" WIDTH="259" HEIGHT="37" WC="0.91" CONTENT="jordbrukslån,"/>
						</TextLine>
						<TextLine ID="line_35" HPOS="273" VPOS="2404" WIDTH="1505" HEIGHT="45">
							<String ID="string_345" HPOS="273" VPOS="2404" WIDTH="171" HEIGHT="38" WC="0.92" CONTENT="skogslån,"/><SP WIDTH="31" VPOS="2404" HPOS="444"/>
							<String ID="string_346" HPOS="475" VPOS="2406" WIDTH="210" HEIGHT="38" WC="0.95" CONTENT="bostadslån,"/><SP WIDTH="32" VPOS="2406" HPOS="685"/>
							<String ID="string_347" HPOS="717" VPOS="2407" WIDTH="60" HEIGHT="32" WC="0.96" CONTENT="lån"/><SP WIDTH="28" VPOS="2407" HPOS="777"/>
							<String ID="string_348" HPOS="805" VPOS="2409" WIDTH="50" HEIGHT="30" WC="0.96" CONTENT="till"/><SP WIDTH="29" VPOS="2409" HPOS="855"/>
							<String ID="string_349" HPOS="884" VPOS="2409" WIDTH="237" HEIGHT="38" WC="0.96" CONTENT="förstärkning"/><SP WIDTH="29" VPOS="2409" HPOS="1121"/>
							<String ID="string_350" HPOS="1150" VPOS="2420" WIDTH="43" HEIGHT="21" WC="0.96" CONTENT="av"/><SP WIDTH="29" VPOS="2420" HPOS="1193"/>
							<String ID="string_351" HPOS="1222" VPOS="2411" WIDTH="240" HEIGHT="38" WC="0.96" CONTENT="ofullständigt"/><SP WIDTH="27" VPOS="2411" HPOS="1462"/>
							<String ID="string_352" HPOS="1489" VPOS="2411" WIDTH="171" HEIGHT="38" WC="0.96" CONTENT="jordbruk"/><SP WIDTH="28" VPOS="2411" HPOS="1660"/>
							<String ID="string_353" HPOS="1688" VPOS="2417" WIDTH="90" HEIGHT="27" WC="0.96" CONTENT="samt"/>
						</TextLine>
						<TextLine ID="line_36" HPOS="271" VPOS="2456" WIDTH="1508" HEIGHT="43">
							<String ID="string_354" HPOS="271" VPOS="2456" WIDTH="343" HEIGHT="38" WC="0.92" CONTENT="egnahemsstatslån,"/><SP WIDTH="26" VPOS="2456" HPOS="614"/>
							<String ID="string_355" HPOS="640" VPOS="2467" WIDTH="75" HEIGHT="22" WC="0.96" CONTENT="som"/><SP WIDTH="25" VPOS="2467" HPOS="715"/>
							<String ID="string_356" HPOS="740" VPOS="2459" WIDTH="158" HEIGHT="37" WC="0.94" CONTENT="beviljats"/><SP WIDTH="22" VPOS="2459" HPOS="898"/>
							<String ID="string_357" HPOS="920" VPOS="2460" WIDTH="87" HEIGHT="30" WC="0.96" CONTENT="efter"/><SP WIDTH="24" VPOS="2460" HPOS="1007"/>
							<String ID="string_358" HPOS="1031" VPOS="2461" WIDTH="67" HEIGHT="30" WC="0.96" CONTENT="den"/><SP WIDTH="26" VPOS="2461" HPOS="1098"/>
							<String ID="string_359" HPOS="1124" VPOS="2462" WIDTH="14" HEIGHT="29" WC="0.95" CONTENT="1"/><SP WIDTH="25" VPOS="2462" HPOS="1138"/>
							<String ID="string_360" HPOS="1163" VPOS="2460" WIDTH="64" HEIGHT="38" WC="0.95" CONTENT="juli"/><SP WIDTH="26" VPOS="2460" HPOS="1227"/>
							<String ID="string_361" HPOS="1253" VPOS="2462" WIDTH="93" HEIGHT="37" WC="0.96" CONTENT="1940,"/><SP WIDTH="27" VPOS="2462" HPOS="1346"/>
							<String ID="string_362" HPOS="1373" VPOS="2463" WIDTH="99" HEIGHT="30" WC="0.93" CONTENT="skola"/><SP WIDTH="24" VPOS="2463" HPOS="1472"/>
							<String ID="string_363" HPOS="1496" VPOS="2463" WIDTH="172" HEIGHT="32" WC="0.92" CONTENT="förräntas"/><SP WIDTH="23" VPOS="2463" HPOS="1668"/>
							<String ID="string_364" HPOS="1691" VPOS="2464" WIDTH="88" HEIGHT="31" WC="0.96" CONTENT="efter"/>
						</TextLine>
					</TextBlock>
				</ComposedBlock>
			</PrintSpace>
		</Page>
	</Layout>
</alto>
