2185 2646
392 212 21 31 4
911 212 224 31 Statsutskottets
1157 212 156 30 Memorial
1336 212 60 30 N:o
1420 213 72 28 196.

390 294 228 49 ränteutgift,
669 307 78 24 som
794 307 132 36 genom
971 292 272 51 ifrågavarande
1282 291 60 38 lån
1385 293 201 36 förorsakas
1631 291 356 50 riksgäldskontoret,

389 350 102 36 inom
519 346 183 52 tjugufem
729 350 39 35 år
795 350 79 35 från
901 349 113 36 första
1041 348 299 50 lyftningsdagen
1368 347 202 49 återgäldas
1598 347 154 37 medelst
1779 347 211 37 afbetalnin-

391 417 64 36 gar
482 404 12 35 i
524 404 68 36 den
625 405 82 34 mån
737 402 126 38 sådant
890 404 116 36 finnes
1033 403 180 49 lämpligt,
1244 403 90 36 dock
1362 404 54 34 att
1443 402 123 48 dylika
1594 402 267 48 afbetalningar
1889 402 102 36 skola

391 459 111 36 minst
530 471 44 23 en
602 458 132 36 månad
761 459 98 35 förut
885 459 65 35 hos
977 457 349 49 riksgäldskontoret
1353 457 310 48 tillkännagifvas.

1138 585 22 46 8
1190 585 61 35 39.

496 676 70 34 Till
607 674 231 37 anskaffande
881 674 39 36 af
958 689 50 34 ny
1048 675 113 47 rörlig
1198 674 165 36 materiel
1391 674 59 35 vid
1478 676 134 33 statens
1640 674 110 35 redan
1778 673 211 36 trafikerade

386 729 193 49 järnvägar
617 730 64 35 har
725 730 100 35 1908
867 731 56 34 års
962 729 161 48 Riksdag
1162 729 58 36 för
1254 729 39 34 år
1325 729 98 36 1909
1453 727 151 48 beviljat
1631 728 67 36 och
1725 727 57 36 till
1811 726 178 50 utgående

387 782 80 37 från
509 784 352 47 riksgäldskontoret
902 783 137 36 anvisat
1080 786 51 34 ett
1163 783 125 47 anslag
1316 783 37 35 af
1382 783 210 45 6,650,000
1622 783 144 43 kronor,
1794 784 53 34 att
1875 781 115 49 enligt

389 838 139 48 Kungl.
554 839 123 47 Maj:ts
706 838 210 49 disposition
944 838 185 36 utbetalas.

1131 965 22 47 8
1183 965 62 37 40.

494 1055 72 36 Till
606 1054 238 38 fortsättande
885 1056 37 35 af
963 1055 232 48 erforderliga
1237 1054 446 50 kompletteringsarbeten
1730 1055 20 34 å
1789 1054 197 48 järnvägen

388 1110 475 49 Gellivare—Riksgränsen
891 1110 64 35 har
985 1110 100 37 1908
1115 1108 55 38 års
1197 1109 163 49 Riksdag
1388 1107 55 38 för
1471 1107 38 37 år
1540 1110 99 36 1909
1669 1108 149 48 beviljat
1846 1108 67 37 och
1931 1109 57 36 till
2024 1133 4 2 -

386 1165 178 48 utgående
592 1165 80 34 från
700 1164 342 48 riksgäldskontoret
1069 1164 138 35 anvisat
1234 1167 52 33 ett
1313 1164 122 47 anslag
1463 1163 37 35 af
1532 1163 205 45 1,200,000
1768 1162 143 45 kronor,
1935 1167 53 31 att

387 1219 114 48 enligt
529 1218 141 48 Kungl.
700 1218 126 47 Maj:ts
854 1218 208 49 disposition
1091 1218 188 36 utbetalas.

1132 1343 19 49 $
1181 1346 60 35 41.

492 1434 72 35 Till
605 1434 201 36 afslutande
843 1435 36 35 af
907 1435 136 35 arbetet
1070 1434 83 36 med
1180 1434 217 49 utläggning
1425 1436 38 34 af
1489 1435 209 48 ytterligare
1726 1437 52 34 ett
1803 1436 182 47 järnvägs-

385 1489 82 48 spår
508 1488 129 36 mellan
678 1486 125 37 Järfva
844 1489 66 35 och
947 1488 160 49 Uppsala
1131 1489 356 48 järnvägsstationer,
1517 1490 64 35 har
1613 1490 99 36 1908
1743 1490 55 34 års
1826 1489 160 48 Riksdag

385 1540 58 37 för
483 1541 39 36 år
566 1543 99 34 1909
705 1543 150 47 beviljat
892 1543 67 35 och
995 1543 56 35 till
1080 1541 177 50 utgående
1287 1541 81 37 från
1396 1543 349 49 riksgäldskontoret
1768 1544 138 35 anvisat
1933 1546 52 33 ett

385 1596 131 49 belopp
548 1596 42 50 af.
619 1596 170 45 420,000
824 1597 145 44 kronor,
1002 1599 53 34 att
1088 1597 115 48 enligt
1235 1597 137 49 Kungl.
1402 1598 126 47 Maj:ts
1557 1597 210 49 disposition
1792 1598 190 35 utbetalas.

1132 1722 18 49 $
1180 1725 62 34 42.

492 1813 71 36 Till
590 1813 239 48 fortsättning
857 1814 36 34 af
921 1814 205 35 statsbanan
1153 1814 80 34 från
1261 1814 161 47 Morjärv
1450 1814 102 35 öfver
1579 1813 180 36 Storträsk
1785 1813 58 36 till
1870 1812 114 50 Lapp-

383 1867 99 37 träsk
523 1869 95 35 samt
658 1867 247 36 fullbordande
934 1868 38 35 af
997 1868 219 48 landsvägen
1244 1868 130 36 mellan
1403 1868 160 47 Morjärv
1592 1868 67 36 och
1685 1867 203 49 Lappträsk
1916 1867 68 36 har

388 1923 100 35 1908
530 1923 55 35 års
626 1921 162 48 Riksdag
825 1920 55 37 för
918 1923 40 34 år
990 1923 99 37 1909
1119 1921 149 48 beviljat
1296 1923 67 35 och
1390 1921 60 37 till
1479 1920 177 51 utgående
1684 1920 80 37 från
1792 1921 191 48 riksgälds-

384 1976 168 36 kontoret
579 1975 141 37 anvisat
747 1977 53 35 ett
827 1976 132 48 belopp
988 1976 38 35 af
1056 1977 207 45 1,500,000
1292 1976 142 45 kronor,
1464 1978 54 34 att
1545 1976 113 48 enligt
1685 1976 141 49 Kungl.
1857 1976 128 47 Maj:ts

385 2030 211 49 disposition
624 2031 189 35 utbetalas.

1130 2156 23 47 8
1182 2157 61 36 43.

491 2246 69 37 Till
588 2244 235 51 fortsättning
851 2246 37 36 af
915 2247 206 36 statsbanan
1149 2247 80 36 från
1257 2246 213 37 Bastuträsk
1488 2246 57 36 till
1564 2244 196 38 Skellefteå
1779 2246 67 36 och
1861 2246 121 36 vidare

384 2302 54 35 till
466 2301 349 48 Kallholmsfjärden
857 2301 66 35 har
966 2302 100 36 1908
1097 2302 56 35 års
1180 2300 163 48 Riksdag
1371 2301 53 35 för
1451 2299 40 37 år
1522 2301 99 36 1909
1652 2300 147 47 beviljat
1827 2299 68 37 och
1924 2300 57 35 till
