1886 2806
279 142 38 30 14
667 146 380 33 Jordbruksutskottets
1070 148 176 32 utlåtande
1270 159 42 21 nr
1336 151 48 29 56.

325 231 55 29 Ett
401 230 123 32 sådant
545 232 126 35 anslag,
695 241 74 20 som
792 232 8 29 i
822 232 216 30 motionerna
1058 233 145 35 begärts,
1228 235 109 29 skulle
1358 234 10 29 i
1389 235 68 35 hög
1478 236 84 35 grad
1581 237 198 30 underlätta

280 273 42 29 de
342 272 166 36 åtgärder,
533 283 73 20 som
625 274 126 29 krävas
773 274 53 29 för
847 278 47 26 att
913 275 77 34 giva
1011 275 66 29 den
1098 275 214 36 fältmässiga
1332 278 330 35 grönsaksodlingen
1684 279 10 29 i
1716 280 62 29 Bo-

275 315 125 30 huslän
415 317 175 29 önskvärd
608 316 168 30 bärkraft.
796 316 50 31 Då
865 318 42 30 de
924 316 198 37 långvariga
1139 319 232 30 hemsökelser
1390 330 42 20 av
1451 321 234 36 arbetslöshet,
1706 331 74 22 som

280 357 146 30 drabbat
444 359 212 34 landskapet,
677 358 83 36 givit
779 362 45 26 ett
841 359 138 30 särskilt
998 359 184 37 eftertryck
1201 360 35 31 åt
1253 361 145 30 behovet
1416 371 43 20 av
1478 362 157 36 åtgärder
1656 363 55 30 för
1730 367 49 26 att

279 399 125 30 bereda
421 400 247 36 bertolkningen
686 402 64 28 där
767 401 109 30 ökade
893 402 385 36 utkomstmöjligheter,
1298 403 107 30 måste
1424 405 153 34 anslaget
1597 405 107 31 också
1722 405 56 30 be-

280 442 129 30 traktas
433 442 115 30 såsom
569 442 10 29 i
600 443 66 35 hög
687 444 86 34 grad
793 443 190 36 berättigat,
1007 445 86 29 även
1114 454 56 20 om
1193 445 191 30 detsamma
1406 446 111 30 direkt
1540 447 120 30 endast
1681 448 97 29 kom-

281 493 71 20 mer
373 494 42 20 en
436 485 68 29 viss
525 485 194 31 landsända
741 485 50 31 till
813 486 96 35 godo.

320 552 360 37 Lantbruksstyrelsen
702 554 65 29 har
787 554 74 30 icke
882 557 110 27 ansett
1013 555 50 36 sig
1080 555 84 30 böra
1184 555 170 37 tillstyrka
1373 556 99 30 bifall
1494 557 50 30 till
1563 557 217 32 motionerna

276 606 88 27 samt
381 603 116 30 anfört
517 603 167 36 följande:

322 670 177 30 Bohuslän
518 671 192 30 drabbades
731 671 11 29 i
763 671 136 30 särskilt
919 672 69 35 hög
1009 673 83 34 grad
1113 682 42 20 av
1176 673 67 29 den
1266 674 175 30 allmänna
1464 674 116 30 krisen
1601 675 95 30 inom
1718 677 59 29 nä-

277 711 173 37 ringslivet
474 713 109 29 under
605 713 109 30 första
738 713 98 30 delen
859 724 42 19 av
929 714 182 30 1930-talet
1133 716 64 29 och
1222 717 266 29 statsmakterna
1511 718 44 29 ha
1579 717 118 30 därför
1721 718 56 30 vid

279 755 92 31 olika
396 754 161 31 tillfällen
581 755 76 30 haft
683 758 50 27 att
759 759 78 33 taga
863 756 162 36 ställning
1051 757 50 30 till
1128 757 158 36 åtgärder
1314 758 53 30 för
1394 758 311 33 åstadkommande
1735 770 44 20 av

277 797 112 30 ökade
413 797 335 37 arbetsmöjligheter
773 798 93 30 inom
891 799 101 31 länet.
1020 800 109 29 Bland
1155 800 41 29 de
1221 800 124 30 härvid
1367 800 180 37 företagna
1572 801 205 36 åtgärderna

278 839 57 30 må
354 840 10 29 i
384 840 92 30 detta
497 841 254 35 sammanhang
771 841 119 30 endast
911 841 131 30 erinras
1066 851 56 20 om
1143 846 49 25 att
1214 843 108 29 under
1343 852 41 20 en
1406 843 90 35 följd
1519 853 42 20 av
1581 843 38 30 år
1641 847 45 26 ett
1707 845 69 29 sär-

278 882 80 29 skilt
376 881 120 37 anslag
514 882 114 36 utgick
647 883 56 29 för
721 883 243 36 befrämjande
984 893 43 20 av
1046 884 217 36 hemslöjden
1281 885 93 29 inom
1394 885 186 30 Bohuslän.

324 925 12 28 I
363 924 228 31 förevarande
620 925 171 30 motioner
819 926 106 30 riktas
953 927 356 34 uppmärksamheten
1336 927 44 36 på
1409 928 41 31 de
1481 927 217 36 möjligheter
1727 928 51 30 till

277 965 205 38 förbättring
504 977 43 20 av
567 967 218 30 småbrukets
808 968 131 36 villkor,
962 978 75 20 som
1059 978 41 20 en
1121 969 249 36 intensifiering
1391 979 42 20 av
1455 970 243 36 växtodlingen
1720 970 56 30 vid

276 1009 152 30 nämnda
450 1009 292 36 brukningsdelar
765 1018 121 28 genom
909 1011 92 30 ökad
1025 1011 286 36 grönsaksodling
1334 1012 80 29 eller
1437 1012 164 30 liknande
1624 1013 150 35 produk-

276 1051 73 29 tion
375 1052 110 29 skulle
512 1052 165 30 medföra.
710 1053 75 29 Den
811 1053 149 35 begärda
990 1054 226 35 utredningen
1246 1054 220 30 beträffande
1494 1054 110 30 bättre
1632 1054 143 36 försörj-

276 1093 318 36 ningsmöjligheter
616 1095 56 29 vid
695 1094 205 36 jordbruket
924 1096 10 29 i
958 1096 177 29 Bohuslän
1155 1096 108 29 borde
1286 1096 102 36 enligt
1409 1096 274 31 motionärernas
1706 1106 69 20 me-

276 1135 82 37 ning
377 1137 86 29 även
482 1137 177 35 inbegripa
678 1137 93 35 jord-
792 1138 64 29 och
875 1138 425 36 klimatundersökningar
1320 1138 53 30 för
1393 1142 48 27 att
1462 1139 10 29 i
1493 1139 180 35 görligaste
1693 1138 83 31 mån

277 1177 37 32 få
339 1179 156 35 klarlagt,
524 1179 91 31 vilka
641 1179 167 31 områden
835 1180 11 29 i
874 1180 101 36 länet,
1006 1190 74 20 som
1106 1184 86 26 mest
1221 1181 159 35 lämpade
1407 1181 50 36 sig
1484 1181 55 30 för
1565 1181 212 35 produktion

277 1230 42 20 av
335 1220 97 31 frukt
451 1222 82 29 eller
552 1222 187 35 grönsaker
759 1223 65 29 och
846 1223 185 29 eventuellt
1051 1223 107 29 andra
1178 1224 198 34 produkter.

322 1262 209 36 Spörsmålet
552 1273 56 20 om
631 1264 226 30 anordnande
879 1274 42 20 av
944 1264 299 36 undersökningar
1266 1266 146 29 rörande
1434 1264 341 37 jordbruksproduk-

277 1305 131 30 tionens
436 1306 288 35 förutsättningar
753 1307 65 29 och
847 1306 164 36 lämpliga
1040 1307 188 35 inriktning
1258 1307 94 29 inom
1382 1307 93 30 olika
1507 1308 94 29 delar
1629 1317 43 20 av
1701 1307 75 31 vårt

275 1348 82 30 land
373 1349 62 28 har
451 1348 139 36 nyligen
606 1348 99 36 tagits
723 1358 71 26 upp
811 1349 49 29 till
875 1349 213 35 behandling
1104 1349 94 29 inom
1219 1350 83 29 1942
1322 1349 53 30 års
1392 1349 382 36 jordbrukskommitté,

276 1399 75 20 som
368 1398 123 27 genom
511 1390 120 36 Kungl.
652 1390 120 36 Maj:ts
790 1391 110 29 beslut
920 1391 66 29 den
1008 1392 37 28 17
1067 1391 179 30 december
1269 1392 81 29 1943
1370 1392 108 29 erhöll
1497 1392 278 36 bemyndigande

276 1436 49 26 att
350 1432 188 30 försöksvis
567 1433 184 30 verkställa
781 1433 37 30 så
845 1434 116 29 kallad
987 1433 152 36 regional
1167 1433 369 37 jordbruksplanering
1562 1434 94 30 inom
1682 1435 93 29 vissa

275 1474 165 31 områden
465 1485 44 20 av
535 1476 123 29 landet.
686 1475 165 30 Avsikten
875 1477 38 28 är
937 1479 50 26 att
1011 1476 122 30 härvid
1158 1477 163 34 upprätta
1345 1476 350 36 produktionsplaner
1720 1476 56 30 för

275 1518 135 35 typiska
427 1516 290 37 brukningsdelar
734 1518 96 29 inom
847 1519 130 28 smärre
994 1518 171 35 naturliga
1183 1518 365 36 jordbruksområden,
1568 1519 52 30 Då
1638 1520 41 29 de
1696 1528 77 27 pro-

274 1559 101 36 blem,
399 1569 75 20 som
497 1559 164 36 föreligga
681 1560 61 29 vid
764 1560 92 29 olika
878 1560 172 35 jordbruk
1072 1560 94 29 inom
1189 1570 134 20 samma
1346 1560 150 36 område,
1520 1561 10 29 i
1553 1562 138 35 mycket
1714 1562 62 29 äro

275 1602 177 37 likartade,
479 1603 96 29 torde
598 1612 42 20 en
663 1602 97 36 dylik
784 1602 179 36 planering
987 1604 90 28 hava
1101 1603 286 35 förutsättningar
1411 1607 49 26 att
1486 1604 94 29 bilda
1604 1603 170 36 grundval

275 1644 55 30 för
346 1645 65 29 den
427 1645 211 35 rådgivande
655 1646 263 28 verksamheten
935 1645 109 30 bland
1059 1645 258 36 jordbrukarna
1335 1646 93 29 inom
1446 1645 156 30 området
1619 1646 79 29 med
1717 1655 56 20 av-

276 1688 123 29 seende
432 1688 20 29 å
487 1687 296 36 ändamålsenliga
817 1687 350 36 driftsanläggningar
1200 1688 66 29 och
1300 1687 163 36 lämpliga
1496 1687 277 36 förbättringsåt-

273 1730 130 34 gärder.

320 1772 72 29 Den
412 1781 43 20 av
477 1772 257 29 motionärerna
756 1771 200 36 ifrågasatta
978 1772 227 35 utredningen
1228 1781 100 26 synes
1350 1773 119 29 kunna
1491 1771 78 37 ingå
1591 1771 114 31 såsom
1728 1775 47 27 ett

273 1814 57 29 led
347 1814 10 29 i
375 1815 65 29 den
457 1824 44 20 av
524 1815 81 29 1942
622 1813 55 31 års
696 1814 371 36 jordbrukskommitté
1085 1814 202 36 ifrågasatta
1306 1814 163 30 framtida
1487 1814 174 36 regionala
1680 1814 93 36 jord-

273 1856 341 36 bruksplaneringen.
640 1857 182 29 Huruvida
844 1857 64 29 och
931 1857 10 29 i
966 1857 68 29 vad
1054 1856 81 30 mån
1160 1866 42 20 en
1226 1857 128 29 allmän
1377 1857 110 30 sådan
1508 1857 179 35 planering
1709 1856 66 30 bör

274 1899 141 30 komma
439 1899 51 29 till
516 1898 99 31 stånd
638 1899 11 29 i
674 1898 76 31 vårt
776 1899 90 36 land,
892 1908 101 26 synes
1019 1899 187 29 emellertid
1232 1899 92 30 bliva
1348 1899 171 30 beroende
1547 1898 44 36 på
1617 1899 41 29 de
1684 1898 88 30 erfa-

273 1942 165 36 renheter,
463 1951 75 20 som
559 1942 118 29 kunna
699 1941 122 30 vinnas
843 1941 56 30 vid
918 1942 246 29 ovannämnda
1186 1941 188 30 försöksvis
1396 1941 201 30 anordnade
1617 1941 155 35 regiona-

272 1983 35 31 la
327 1983 377 36 jordbruksplanering,
728 1984 66 29 och
818 1984 187 29 resultaten
1026 1993 42 20 av
1092 1984 112 29 denna
1227 1984 97 29 torde
1346 1983 118 30 därför
1487 1983 85 30 böra
1594 1983 178 35 avvaktas,

273 2025 107 30 innan
403 2025 195 36 ytterligare
622 2025 300 36 undersökningar
946 2035 42 20 av
1012 2025 266 36 ifrågavarande
1303 2026 70 35 slag
1397 2025 218 38 igångsättas.

319 2068 169 36 Tilläggas
511 2068 67 36 må,
602 2071 48 28 att
673 2068 42 30 de
738 2068 115 30 lokala
876 2068 167 35 problem,
1068 2078 56 20 om
1147 2068 94 29 vilka
1264 2067 97 36 fråga
1385 2068 46 35 är,
1457 2067 186 36 lämpligen
1668 2075 106 28 synas

272 2110 85 31 böra
383 2114 169 32 upptagas
580 2110 49 30 till
656 2110 184 36 utredning
867 2120 41 20 av
937 2110 257 30 vederbörande
1220 2110 173 36 landsting
1423 2111 66 28 och
1516 2109 255 36 hushållnings-

272 2153 160 35 sällskap,
453 2153 182 30 eventuellt
653 2153 112 29 under
783 2153 260 35 länsstyrelsens
1062 2153 147 35 ledning.
1230 2153 131 29 Endast
1379 2153 110 29 under
1507 2153 66 29 den
1594 2152 177 30 förutsätt-

272 2194 126 36 ningen
421 2199 49 26 att
496 2195 332 35 utredningsarbetet
850 2195 65 29 blir
939 2204 43 20 av
1005 2196 67 28 den
1094 2194 210 36 omfattning
1327 2197 48 27 att
1399 2195 191 29 detsamma
1614 2193 31 37 ej
1670 2202 102 27 synes

271 2236 86 31 böra
375 2237 161 30 bekostas
556 2247 43 20 av
617 2237 108 30 lokalt
748 2238 162 29 anvisade
928 2237 114 30 medel
1063 2237 95 29 torde
1179 2237 56 29 det
1254 2236 85 30 böra
1358 2236 93 30 bliva
1472 2246 42 20 en
1537 2237 234 29 statsmakter-

271 2288 63 21 nas
357 2280 246 35 angelägenhet
625 2283 49 26 att
697 2279 218 30 ekonomiskt
938 2278 226 36 understödja
1188 2278 342 36 utredningsarbetet.

312 2347 361 37 Egnahemsstyrelsen
696 2357 110 27 anser,
828 2350 48 28 att
896 2346 133 32 sådana
1049 2347 169 31 särskilda
1240 2347 74 31 skäl
1335 2347 54 30 för
1408 2346 274 33 motionärernas
1703 2345 70 32 för-

267 2398 73 37 slag
360 2398 174 35 knappast
554 2399 60 30 äro
634 2398 55 31 för
709 2399 149 37 handen,
882 2401 49 27 att
951 2398 175 36 förslagen
1147 2398 121 31 kunna
1290 2408 41 21 av
1352 2399 165 35 styrelsen
1538 2398 198 37 tillstyrkas.
1758 2396 15 30 I

266 2448 110 37 övrigt
398 2449 65 29 har
486 2449 352 36 egnahemsstyrelsen
860 2448 116 31 anfört
998 2449 10 30 i
1029 2448 183 31 huvudsak
1234 2448 168 37 följande:
