1914 2844
293 209 19 31 2
780 206 227 30 Statsutskottets
1030 205 148 28 utlåtande
1200 205 48 27 Nr
1270 201 27 31 5.

293 283 210 42 dragningen
527 294 41 19 av
583 282 110 31 denna
709 281 107 41 tjänst
831 299 40 4 —
887 282 162 29 ävensom
1062 290 39 20 av
1117 290 41 19 en
1174 279 107 30 förste
1296 275 500 41 kanslisekreterarbefattning

293 353 39 3 —
356 332 289 42 sammanhängde
672 332 79 31 med
778 331 42 31 de
847 330 183 41 ändringar
1048 328 211 33 beträffande
1274 326 286 42 föredragningen
1583 326 11 30 i
1610 325 185 41 regerings-

292 386 120 37 rätten,
435 384 92 31 vilka
549 383 137 41 ingingo
711 384 114 30 såsom
849 383 47 30 ett
919 381 57 31 led
991 381 12 30 i
1019 380 125 41 Kungl.
1161 379 116 41 Maj:ts
1293 377 222 33 förevarande
1532 376 263 42 organisations-

292 435 134 41 förslag.
473 434 79 31 Den
586 433 103 31 andra
723 430 433 41 kanslirådsbefattningen
1190 431 124 39 ansågs
1347 429 117 30 kunna
1486 428 171 31 uteslutas
1680 428 114 30 såsom

292 485 84 42 följd
409 496 40 20 av
478 484 176 41 samtidigt
675 483 179 41 ifrågasatt
876 480 304 41 decentralisering
1202 480 10 31 i
1235 479 142 42 lämplig
1401 478 206 41 omfattning
1629 488 40 20 av
1691 476 105 32 hand-

291 535 205 42 läggningen
520 546 41 20 av
582 534 91 32 vissa
696 533 149 32 ärenden
869 534 87 30 samt
978 532 111 31 under
1110 530 246 41 förutsättning
1379 541 40 19 av
1441 529 71 31 viss
1528 527 268 42 omgruppering

292 598 40 20 av
354 586 172 31 ärendena
542 585 123 31 mellan
682 584 289 41 departementets
995 582 130 42 byråer.
1156 580 273 33 Vidkommande
1446 578 348 41 decentraliseringen

292 637 186 38 framhölls,
503 638 50 29 att
575 636 91 31 inom
690 635 382 41 socialdepartementet
1094 632 144 42 påginge
1262 630 184 42 utredning
1468 629 174 42 angående
1666 628 129 41 möjlig-

292 688 150 41 ligheten
477 698 41 20 av
546 689 50 29 att
628 686 51 31 till
703 685 374 42 medicinalstyrelsens
1100 682 191 43 avgörande
1315 682 194 31 överlämna
1532 681 113 40 frågor
1667 690 55 20 om
1746 681 49 29 ut-

292 738 162 41 nämning
488 749 40 20 av
562 736 302 43 provinsialläkare
897 736 64 31 och
996 734 194 32 överläkare
1216 733 59 31 vid
1308 732 153 41 hospital
1484 731 64 31 och
1572 730 112 42 asyler
1707 731 89 30 samt

293 801 54 20 om
370 788 202 32 tilldelande
596 799 39 20 av
657 786 349 43 apoteksprivilegier.
1053 785 193 31 Därutöver
1268 785 146 39 ansågos
1438 793 42 20 en
1504 781 56 32 del
1583 791 149 31 grupper
1755 791 39 20 av

293 840 91 31 såväl
417 839 53 31 till
506 839 54 32 sin
587 841 50 29 art
661 849 73 21 som
757 838 79 31 med
859 836 168 32 avseende
1051 837 19 30 å
1092 834 318 42 handläggningens
1433 832 207 41 omfattning
1662 830 132 32 mindre

292 889 196 43 betydande
511 889 149 32 ärenden
682 889 117 31 kunna
821 888 160 41 avskiljas
1004 887 75 31 från
1102 886 125 41 Kungl.
1245 885 116 41 Maj:ts
1384 882 264 42 handläggning.

344 941 19 31 I
396 941 66 31 den
487 940 163 32 skrivelse
673 939 51 42 (nr
747 938 81 42 245),
852 938 70 32 vari
947 938 81 31 1926
1052 939 54 29 års
1129 936 138 41 riksdag
1290 935 157 31 anmälde
1471 934 76 32 sina
1569 933 115 31 beslut
1706 932 11 31 i
1741 943 54 20 an-

292 991 140 42 ledning
466 1002 41 20 av
540 991 125 41 Kungl.
689 990 117 41 Maj:ts
840 988 223 33 förenämnda
1096 985 381 44 organisationsförslag
1508 985 104 40 jämte
1645 983 12 31 i
1680 983 115 31 ämnet

292 1042 117 31 väckta
443 1041 180 39 motioner,
647 1040 141 32 anförde
811 1039 181 42 riksdagen
1015 1037 212 33 beträffande
1250 1036 42 32 de
1315 1048 40 20 av
1378 1035 127 41 Kungl.
1529 1034 98 41 Maj:t
1651 1032 144 32 sålunda

292 1094 52 30 för
367 1092 401 42 socialdepartementets
793 1091 54 31 del
869 1091 199 40 ifrågasatta
1091 1085 533 42 decentralisationsåtgärderna,
1641 1086 50 29 att
1713 1083 81 31 riks-

292 1143 107 42 dagen
433 1143 80 31 med
547 1142 184 41 anledning
754 1153 41 20 av
818 1142 65 30 den
906 1141 193 41 igångsatta
1125 1138 229 42 utredningen
1377 1137 74 31 icke
1473 1136 91 31 velat
1586 1135 52 31 för
1661 1134 58 31 det
1742 1134 53 31 då-

291 1193 145 32 varande
460 1193 110 31 uttala
592 1194 103 39 något
718 1192 158 31 omdöme
900 1202 54 20 om
978 1191 183 31 desamma.
1196 1188 197 41 Riksdagen
1409 1187 88 31 hade
1514 1184 191 34 emellertid
1720 1184 74 31 icke

291 1245 130 30 kunnat
454 1243 117 42 undgå
603 1245 49 29 att
686 1243 101 31 ställa
820 1242 52 42 sig
904 1243 105 40 något
1042 1240 151 32 tveksam
1217 1240 175 41 gentemot
1416 1236 248 41 omfattningen
1688 1246 40 20 av
1752 1235 42 31 de

291 1295 194 41 föreslagna
507 1293 460 42 personalindragningarna,
985 1292 83 31 allra
1090 1291 91 31 helst
1205 1301 74 21 som
1303 1288 182 42 riksdagen
1508 1287 74 32 icke
1599 1288 43 40 på
1658 1286 136 41 frågans

291 1345 192 31 dåvarande
518 1344 149 32 stadium
700 1354 81 21 vore
814 1343 78 31 fullt
925 1342 186 42 övertygad
1144 1352 54 21 om
1232 1339 246 42 lämpligheten
1508 1349 40 21 av
1573 1336 156 42 samtliga
1752 1336 42 31 de

291 1395 155 42 åtgärder
453 1383 16 58 -
479 1395 55 31 till
567 1394 150 32 lättande
741 1405 41 20 av
805 1393 258 38 arbetsbördan,
1088 1403 73 21 som
1185 1402 78 21 man
1286 1391 11 31 i
1320 1391 86 31 form
1430 1401 40 20 av
1493 1387 301 33 decentralisation

291 1448 109 30 avsett
423 1446 99 32 skola
544 1445 162 41 vidtagas.
743 1444 147 33 Särskilt
912 1443 113 43 gällde
1049 1443 94 32 detta
1165 1443 11 30 i
1199 1443 93 41 fråga
1315 1452 55 21 om
1394 1439 203 41 utnämning
1620 1438 53 31 till
1688 1438 106 41 högre

290 1497 152 41 tjänster.
490 1496 98 32 Efter
620 1495 232 42 övervägande
886 1506 40 20 av
953 1494 43 32 de
1030 1496 44 39 på
1097 1493 103 32 saken
1224 1491 207 33 inverkande
1455 1489 340 41 omständigheterna

290 1546 88 32 hade
400 1546 184 42 riksdagen
607 1546 101 31 likväl
731 1546 84 38 icke,
832 1545 77 31 med
932 1544 177 42 undantag
1127 1544 52 31 för
1194 1543 65 31 vad
1275 1542 144 32 sålunda
1435 1541 131 32 anförts
1581 1538 213 33 beträffande

291 1598 91 31 vissa
397 1597 338 41 utnämningsfrågor
750 1598 161 29 ävensom
924 1596 53 31 för
988 1596 114 41 frågor
1114 1606 54 20 om
1182 1593 198 33 tilldelande
1394 1604 39 20 av
1444 1589 350 44 apoteksprivilegier,

291 1648 89 31 velat
406 1649 166 30 motsätta
595 1647 51 41 sig
668 1647 127 41 Kungl.
819 1646 115 41 Maj:ts
957 1645 138 42 förslag,
1124 1645 5 31 i
1153 1644 168 32 avseende
1345 1645 19 29 å
1386 1643 105 31 vilket
1514 1641 182 41 riksdagen
1720 1639 75 32 icke

291 1698 112 31 funnit
437 1698 75 31 skäl
545 1697 134 42 vidtaga
712 1708 113 20 annan
859 1696 170 32 avvikelse
1064 1697 42 30 än
1140 1706 73 21 som
1241 1694 105 42 följde
1369 1705 40 20 av
1431 1692 202 42 riksdagens
1657 1710 40 3 —
1720 1691 74 31 från

291 1749 125 41 Kungl.
442 1748 118 42 Maj:ts
594 1748 127 41 förslag
754 1748 11 31 i
799 1747 70 32 viss
904 1746 206 42 omfattning
1143 1745 186 32 avvikande
1352 1763 40 4 —
1418 1744 117 31 beslut
1568 1743 10 31 i
1612 1742 93 41 fråga
1739 1752 54 20 om

292 1798 568 43 regeringsrättsföredragningens
884 1797 231 38 anordnande,
1139 1796 171 41 nämligen
1331 1797 52 35 att
1405 1795 66 31 den
1495 1805 40 20 av
1555 1792 124 42 Kungl.
1697 1792 99 41 Maj:t

290 1850 194 42 föreslagna
518 1849 169 32 ordinarie
717 1851 112 30 staten
852 1849 52 31 för
928 1848 380 41 socialdepartementet
1331 1845 167 32 utökades
1521 1844 79 31 med
1623 1854 41 20 en
1687 1843 107 31 förste

290 1900 507 41 kanslisekreterarbefattning.

343 1951 217 42 Riksdagens
594 1951 113 31 beslut
739 1950 144 31 innebar
916 1948 223 33 överförande
1171 1950 19 29 å
1220 1948 257 40 övergångsstat
1500 1956 40 21 av
1563 1944 104 32 bland
1690 1945 105 30 annat

291 2004 55 29 två
379 2001 340 42 kanslirådstjänster
752 2001 94 31 inom
881 2000 388 42 socialdepartementet.
1314 1998 54 31 Då
1401 1996 125 42 Kungl.
1551 1995 97 41 Maj:t
1670 2005 123 31 genom

290 2052 83 31 brev
406 2052 68 31 den
511 2052 38 31 18
580 2052 74 41 juni
689 2051 81 31 1926
804 2050 192 32 fastställde
1031 2061 40 20 av
1097 2048 182 42 riksdagen
1309 2046 180 43 godkända
1518 2045 188 42 avlönings-
1730 2044 64 32 och

292 2104 298 40 övergångsstater
612 2103 52 31 för
687 2102 280 41 departementet,
991 2100 119 41 vidtog
1132 2099 125 41 Kungl.
1275 2098 98 41 Maj:t
1396 2096 200 39 emellertid,
1614 2096 78 31 med
1715 2095 79 32 stöd

292 2165 40 20 av
358 2153 202 42 riksdagens
593 2152 274 42 bemyndigande
900 2151 212 32 beträffande
1136 2152 211 39 övergången
1373 2148 53 32 till
1449 2148 65 31 den
1538 2158 66 31 nya
1627 2146 168 42 organisa-

292 2204 127 38 tionen,
443 2204 208 31 härutinnan
686 2203 66 32 den
788 2202 198 42 ändringen,
1012 2203 50 30 att
1085 2201 122 32 endast
1229 2212 42 19 en
1294 2197 388 41 kanslirådsbefattning
1705 2198 91 30 över-

291 2254 115 32 fördes
429 2254 54 31 till
507 2256 267 40 övergångsstat,
792 2253 122 32 medan
938 2252 67 32 den
1029 2252 106 31 andra
1157 2252 151 40 tjänsten
1332 2248 240 43 överflyttades
1595 2248 53 31 till
1662 2247 133 41 indrag-

292 2305 180 42 ningsstat.
519 2305 77 31 Den
629 2303 347 43 befattningshavare,
1011 2314 74 21 som
1120 2302 196 32 överfördes
1349 2300 54 32 till
1437 2299 267 42 övergångsstat,
1736 2308 59 21 var

292 2356 106 41 enligt
420 2367 41 20 av
482 2356 126 41 Kungl.
626 2355 96 42 Maj:t
753 2355 4 31 i
781 2366 128 21 samma
930 2354 84 32 brev
1037 2353 172 32 meddelat
1230 2352 116 32 beslut
1368 2350 211 32 kanslirådet
1601 2351 19 29 å
1643 2349 151 41 departe-

293 2408 146 30 mentets
465 2406 191 32 dåvarande
680 2406 107 31 andra
808 2405 84 42 byrå
914 2424 41 3 —
977 2404 110 42 byrån
1109 2404 52 31 för
1183 2403 110 31 hälso-
1316 2402 64 32 och
1404 2399 341 43 sjukvårdsärenden.

343 2458 18 30 I
394 2457 171 32 avseende
598 2458 19 30 å
649 2457 292 41 departementets
975 2455 172 32 ordinarie
1181 2453 160 42 personal
1364 2452 61 31 har
1448 2452 85 31 efter
1555 2452 37 30 år
1616 2450 80 31 1926
1720 2449 74 31 icke

292 2507 162 41 vidtagits
478 2519 114 20 annan
615 2507 145 42 ändring
782 2509 43 30 än
847 2509 50 29 att
925 2507 5 31 i
954 2505 167 33 samband
1143 2504 78 32 med
1246 2504 79 31 1927
1347 2505 54 29 års
1424 2502 157 41 riksdags
1603 2500 115 33 beslut
1741 2511 53 20 an-
