1864 2788
286 131 18 28 2
577 130 406 41 Bevillningsutskottets
1003 133 218 32 betänkande
1239 145 42 19 nr
1300 137 39 28 51
1359 136 40 30 år
1419 137 84 30 1963

289 212 148 31 stiftelse
455 215 79 29 med
551 215 251 40 huvudsakligt
821 216 91 39 syfte
930 219 50 28 att
998 217 131 40 främja
1147 218 170 40 religiösa,
1336 220 221 39 välgörande,
1577 222 138 35 sociala,
1735 232 59 30 po-

289 262 128 36 litiska,
445 264 248 38 konstnärliga,
723 266 197 40 idrottsliga
948 268 83 29 eller
1059 269 110 29 andra
1198 270 144 29 därmed
1370 270 204 41 jämförliga
1603 272 190 31 kulturella

288 312 82 30 eller
393 313 102 39 eljest
517 314 267 41 allmännyttiga
807 316 176 32 ändamål.
1008 318 227 31 Skattefrihet
1258 320 107 39 enligt
1390 321 40 30 38
1457 321 15 37 $
1497 322 214 30 tillkommer
1735 332 58 20 en-

287 362 79 30 dast
386 365 127 29 svensk
531 365 155 38 juridisk
705 375 137 29 person.

330 412 231 32 Arvsskatten
581 415 210 31 bestämmes
812 417 193 31 emellertid
1026 419 106 39 enligt
1152 420 95 30 klass
1268 421 46 29 III
1334 421 10 29 i
1365 422 42 29 28
1430 422 15 37 $
1468 432 42 19 av
1529 422 261 41 förordningen,

286 462 118 31 vilken
430 464 166 30 omfattar
623 466 161 40 samtliga
809 468 42 29 de
877 468 107 39 enligt
1011 470 40 29 38
1078 470 15 36 $
1121 469 79 30 från
1226 470 184 40 gåvoskatt
1435 472 155 30 befriade
1614 474 176 39 juridiska

286 521 224 30 personerna,
529 517 65 28 och
613 517 39 28 är
672 517 148 30 sålunda
839 518 94 39 lägre
952 520 45 29 än
1017 520 55 29 för
1090 522 309 29 testamentariska
1419 522 262 31 förordnanden
1700 525 11 28 i
1731 525 61 29 all-

285 565 155 29 mänhet.

332 639 41 30 53
404 640 16 37 $
452 642 14 28 I
498 650 105 22 mom,
631 642 427 42 kommunalskattelagen
1086 646 195 30 innehåller
1309 647 264 31 bestämmelser
1601 658 56 20 om
1686 650 45 29 bl.
1761 659 29 20 a.

286 689 235 42 begränsning
550 701 43 20 av
622 692 341 41 skattskyldigheten
992 695 55 30 för
1075 696 93 30 vissa
1196 697 245 39 rättssubjekt.
1471 699 66 29 Vid
1567 701 33 33 e)
1635 700 155 29 nämnda

285 743 156 27 moment
463 740 212 32 föreskrives
697 742 147 32 sålunda
866 745 44 30 bl.
933 755 29 20 a.
985 747 49 28 att
1057 745 166 32 stiftelser
1244 748 65 29 och
1331 747 203 41 föreningar
1554 750 80 29 med
1655 750 135 30 huvud-

285 789 128 39 sakligt
435 791 163 31 ändamål
621 795 50 28 att
695 793 117 31 stärka
834 794 111 31 rikets
967 795 135 31 försvar
1125 797 83 29 eller
1230 797 131 40 främja
1383 799 85 29 vård
1491 800 65 29 och
1578 800 210 39 uppfostran

284 847 42 21 av
348 839 88 31 barn
459 842 83 29 eller
563 842 120 31 lämna
705 844 190 31 understöd
921 845 55 30 för
997 845 196 32 beredande
1216 857 42 20 av
1280 848 253 41 undervisning
1556 850 84 30 eller
1662 850 128 30 utbild-

283 889 85 40 ning
390 890 84 31 eller
495 892 104 30 utöva
622 892 325 39 hjälpverksamhet
970 896 105 30 bland
1098 896 202 32 behövande
1323 898 85 30 eller
1430 899 130 40 främja
1583 901 206 39 vetenskap-

285 939 45 39 lig
350 940 184 42 forskning
552 943 113 30 under
683 944 93 30 vissa
794 944 209 40 betingelser
1021 948 39 29 är
1080 946 256 42 skattskyldiga
1355 949 124 31 endast
1498 950 56 30 för
1572 950 156 31 inkomst
1747 960 42 21 av

283 989 167 40 fastighet
470 993 65 29 och
554 1002 43 20 av
615 993 139 32 rörelse.
773 995 212 37 Byggnader,
1007 1007 73 20 som
1099 999 39 29 är
1157 999 148 31 avsedda
1326 1000 55 29 för
1401 1001 100 31 dessa
1521 1001 182 31 stiftelsers
1724 1003 64 29 och

284 1039 222 41 föreningars
531 1042 234 39 verksamhet,
792 1046 39 29 är
856 1046 142 39 jämlikt
1026 1048 18 29 5
1073 1048 15 37 $
1119 1049 12 29 1
1162 1057 104 21 mom.
1294 1050 34 34 e)
1361 1046 424 50 kommunalskattelagen

283 1089 228 40 undantagna
531 1091 79 32 från
631 1093 215 40 skatteplikt.

325 1141 161 31 Nämnda
510 1142 168 32 stiftelser
700 1146 64 29 och
787 1145 203 41 föreningar
1012 1148 39 29 är
1073 1148 107 40 enligt
1204 1150 15 29 7
1247 1149 15 37 $
1288 1150 30 33 f)
1349 1150 251 41 förordningen
1623 1161 56 21 om
1705 1154 82 28 stat-

281 1190 48 40 lig
355 1191 254 34 inkomstskatt
638 1194 186 32 frikallade
852 1196 80 30 från
962 1198 293 40 skattskyldighet
1284 1202 97 28 utom
1411 1201 55 29 för
1495 1201 109 30 sådan
1631 1203 155 30 inkomst

282 1249 74 21 som
373 1242 164 31 härflutit
554 1253 43 20 av
613 1245 139 30 rörelse.

327 1291 204 40 Skyldighet
557 1296 50 28 att
634 1295 138 39 erlägga
799 1296 94 31 skatt
920 1298 55 30 för
1002 1298 240 40 förmögenhet
1269 1300 131 40 åligger
1425 1302 102 30 dessa
1553 1303 233 40 rättssubjekt

279 1340 144 38 jämlikt
448 1344 18 29 6
492 1344 16 37 8
536 1345 13 29 1
577 1352 105 23 mom.
709 1346 37 34 b)
777 1346 250 41 förordningen
1052 1358 56 20 om
1134 1350 117 40 statlig
1276 1350 359 41 förmögenhetsskatt
1659 1354 11 28 i
1695 1355 90 38 regel

280 1390 125 31 endast
423 1401 58 21 om
498 1394 64 30 och
579 1394 11 29 i
609 1394 68 30 den
695 1396 81 30 mån
795 1397 42 30 de
854 1398 39 29 är
912 1397 159 41 skyldiga
1088 1401 50 29 att
1157 1401 136 39 erlägga
1313 1401 95 30 skatt
1426 1402 54 30 för
1499 1402 166 31 inkomst.

324 1466 117 40 Enligt
463 1470 14 29 1
501 1469 15 37 $
537 1470 101 39 lagen
657 1471 66 29 den
743 1472 40 29 24
804 1473 71 39 maj
901 1473 84 31 1929
1009 1475 58 33 (nr
1089 1475 77 34 116)
1191 1484 56 21 om
1267 1476 121 40 tillsyn
1408 1477 80 30 över
1508 1477 168 31 stiftelser
1696 1479 89 30 skall

280 1516 148 31 stiftelse
451 1519 159 31 anmälas
632 1520 52 31 till
706 1521 251 40 länsstyrelsen
980 1524 10 29 i
1013 1525 57 30 det
1092 1526 68 36 län,
1184 1526 64 30 där
1270 1526 194 32 stiftelsens
1486 1528 214 41 förvaltning
1722 1529 63 30 hu-

278 1567 230 41 vudsakligen
530 1569 89 31 skall
641 1571 132 32 utövas,
795 1573 151 31 Anmäld
969 1574 147 31 stiftelse
1138 1575 88 31 skall
1247 1577 107 39 enligt
1376 1578 19 30 8
1418 1578 15 37 8
1457 1579 11 28 i
1488 1578 137 40 princip
1648 1580 54 30 stå
1722 1588 63 21 un-

278 1617 62 29 der
361 1618 270 41 länsstyrelsens
655 1622 128 39 tillsyn,
807 1633 56 20 om
888 1623 249 41 länsstyrelsen
1161 1626 116 31 finner
1300 1627 173 31 stiftelsen
1498 1628 131 41 främja
1652 1632 48 28 ett
1724 1631 61 29 all-

277 1667 214 42 männyttigt
510 1671 175 32 ändamål.

321 1717 93 31 Från
437 1720 315 41 anmälningsplikt
774 1725 64 29 och
862 1725 145 31 därmed
1029 1726 87 30 även
1139 1726 78 31 från
1240 1728 120 39 tillsyn
1384 1729 39 29 är
1445 1729 105 31 likväl
1573 1730 94 31 vissa
1689 1732 11 29 i
1723 1732 18 29 2
1766 1731 16 37 8

277 1768 112 31 första
413 1770 133 39 stycket
569 1773 229 38 uppräknade
821 1774 198 40 kategorier
1042 1776 236 41 undantagna.
1302 1780 49 28 De
1375 1779 11 29 i
1409 1779 95 31 detta
1528 1781 256 40 sammanhang

278 1819 132 40 viktiga
439 1822 224 40 undantagen
693 1833 99 21 avser
819 1825 74 30 dels
924 1826 157 36 stiftelse,
1111 1837 79 21 vars
1221 1828 243 40 förmögenhet
1493 1831 71 30 inte
1594 1831 189 40 överstiger

279 1869 37 28 10
332 1869 63 31 000
417 1870 131 32 kronor
569 1874 65 29 och
657 1873 74 31 dels
753 1874 157 37 stiftelse,
935 1885 74 21 som
1031 1885 123 31 genom
1178 1878 180 31 stiftarens
1382 1879 183 31 föreskrift
1587 1883 38 28 är
1648 1882 135 29 undan-

276 1920 103 38 tagen
401 1920 79 31 från
502 1921 119 41 tillsyn
642 1924 107 39 enligt
772 1924 84 31 1929
876 1926 57 30 års
955 1926 65 39 lag.

320 1969 94 30 även
438 1981 56 20 om
518 1972 148 31 stiftelse
691 1974 152 31 anmälts
865 1976 71 30 kan
960 1978 66 29 den
1050 1978 47 29 bli
1121 1979 224 40 undantagen
1369 1980 80 30 från
1474 1981 128 39 tillsyn.
1629 1982 153 30 Sålunda

276 2019 81 39 äger
379 2020 249 40 länsstyrelsen
651 2024 142 38 jämlikt
816 2026 19 30 8
860 2026 16 37 $
902 2026 80 30 från
1005 2027 118 40 tillsyn
1148 2029 157 30 undanta
1329 2030 158 36 stiftelse,
1513 2040 74 21 som
1612 2033 108 29 redan
1744 2033 38 29 är

276 2070 240 32 underkastad
534 2073 162 41 nöjaktig
714 2075 118 39 tillsyn
851 2077 85 29 eller
954 2077 55 30 för
1026 2078 116 30 vilken
1161 2079 120 40 tillsyn
1300 2080 107 41 enligt
1429 2081 84 31 1929
1531 2082 58 30 års
1607 2084 56 38 lag
1680 2083 101 39 eljest

275 2119 44 39 på
336 2122 114 39 grund
467 2132 42 20 av
526 2123 175 31 särskilda
718 2126 298 40 omständigheter
1033 2129 71 29 inte
1124 2129 114 31 finnes
1256 2140 84 20 vara
1356 2131 170 41 behövlig.
1544 2132 127 31 Vidare
1690 2134 91 29 stad-

276 2178 60 30 gas
351 2172 11 29 i
379 2172 19 30 8
417 2172 15 37 $
451 2175 50 28 att
516 2173 250 40 länsstyrelsen
783 2177 55 29 må
857 2177 80 30 från
954 2178 119 39 tillsyn
1091 2180 156 30 undanta
1266 2180 158 37 stiftelse,
1441 2192 79 20 vars
1538 2182 242 41 förmögenhet

275 2221 143 39 nedgått
441 2224 111 29 under
577 2223 39 30 10
630 2224 63 30 000
717 2225 139 32 kronor.

319 2271 324 42 Anmälningsplikt
663 2276 88 31 skall
769 2277 107 40 enligt
895 2278 20 30 3
934 2279 15 37 3
970 2278 109 31 första
1099 2281 133 39 stycket
1252 2281 170 40 fullgöras
1440 2293 42 20 av
1501 2283 192 32 stiftelsens
1713 2286 68 38 sty-

275 2321 87 30 relse
384 2322 96 30 inom
503 2334 58 20 sex
582 2324 170 31 månader
772 2326 89 31 efter
882 2328 57 30 det
963 2329 168 38 styrelsen
1153 2331 161 39 mottagit
1339 2332 59 30 sitt
1422 2334 159 39 uppdrag
1602 2335 92 34 eller,
1718 2335 63 29 där

274 2371 194 40 uppdraget
492 2374 179 40 mottagits
695 2376 111 30 under
829 2377 182 32 stiftarens
1034 2379 127 36 livstid,
1185 2381 95 30 inom
1305 2392 60 20 sex
1387 2383 169 30 månader
1579 2384 89 30 efter
1690 2385 90 30 hans

273 2421 78 31 död.
373 2422 259 33 Försummelse
652 2425 189 33 bestraffas
860 2427 143 39 jämlikt
1027 2431 39 29 19
1087 2431 16 37 8
1125 2432 79 30 med
1223 2431 108 31 böter.
