2243 2762
500 245 19 31 6
980 236 227 37 Lag-Utskottets
1232 232 148 29 Utlåtande
1404 231 54 27 N:o
1484 232 49 24 11.

615 335 67 41 4:0)
711 331 218 44 Skyldigheten
956 330 56 31 bör
1040 324 131 34 omfatta
1198 322 77 32 både
1305 330 151 23 sommar-
1486 319 56 32 och
1570 315 354 42 vinterväghållningen;
1955 312 56 33 och

617 388 64 40 5:0)
711 388 45 30 De
784 383 200 36 föreskrifter,
1028 388 66 23 som
1134 376 96 32 redan
1270 375 100 31 finnas
1412 371 149 42 stadgade
1596 369 131 33 rörande
1755 366 307 41 kronobetjeningens

459 444 107 40 tillsyn
594 442 84 31 öfver
706 442 144 37 vägarne,
867 433 146 34 förblifva
1041 427 236 38 oförändrade»;

616 494 80 31 Herr
726 491 106 32 Johan
864 488 153 34 Jönsson,
1047 483 64 31 »att
1139 480 175 40 Riksdagen
1343 477 72 32 ville
1443 477 9 31 i
1480 474 191 41 underdånig
1699 472 161 33 skrifvelse
1879 470 53 32 till
1948 469 117 40 Kongl.

464 548 93 41 Maj:t
584 545 135 36 anhålla,
750 544 45 30 att
822 540 116 40 Kongl.
967 536 93 42 Maj:t
1086 534 117 32 täcktes
1232 531 70 32 med
1332 530 50 31 det
1411 529 141 31 snaraste
1579 526 65 32 låta
1672 525 145 32 utarbeta
1837 523 57 31 och
1909 523 46 31 för
1975 521 90 32 Riks-

465 602 97 40 dagen
592 597 176 40 framlägga
809 595 43 30 ett
886 589 195 39 fullständigt
1109 585 117 41 förslag
1253 583 49 32 till
1330 583 36 31 de
1395 580 214 41 förändringar
1637 578 10 31 i
1675 577 87 41 fråga
1791 586 51 22 om
1870 573 196 33 underhålls-

467 651 222 43 skyldigheten,
733 647 99 32 vinter
860 644 56 32 och
945 650 148 28 sommar,
1124 638 33 32 af
1183 637 159 31 allmänna
1370 635 91 31 broar
1490 632 82 32 samt
1599 631 107 31 lands-
1735 629 56 32 och
1818 627 214 40 häradsvägar
2059 625 10 32 i

466 703 181 38 allmänhet,
676 699 129 34 hvartill
832 693 302 42 omständigheterna
1161 688 51 32 må
1240 688 98 31 finnas
1367 685 195 37 föranleda»;
1596 683 56 32 och

620 754 80 32 Herr
730 754 35 32 J.
796 751 175 35 Jriekzon,
1001 746 64 31 att
1092 742 175 40 Riksdagen
1296 738 96 32 måtte
1421 738 122 32 besluta
1572 746 35 21 en
1636 731 191 41 underdånig
1843 731 162 32 skrifvelse
2020 729 50 31 till

468 809 116 39 Kongl.
614 806 91 39 Maj:t
732 804 71 30 med
831 803 145 37 begäran,
1007 798 46 30 att
1079 794 117 39 Kongl.
1225 792 93 40 Maj:t
1344 791 130 35 täcktes,
1504 788 71 31 med
1594 784 215 42 upphäfvande
1826 783 33 30 af
1871 794 40 20 nu
1927 782 144 40 gällande

469 861 53 40 lag
550 868 50 23 om
628 856 158 33 allmänna
814 852 105 32 lands-
949 849 56 32 och
1032 846 221 39 häradsvägar,
1284 841 154 38 förordna,
1457 840 45 31 att
1522 839 89 31 dessa
1631 840 94 37 vägar
1742 833 86 33 skola
1843 833 34 32 så
1892 833 50 32 väl
1957 833 115 31 vinter-

470 922 66 23 som
565 907 186 35 sommartid
779 907 117 39 byggas
924 903 56 31 och
1009 897 196 35 underhållas
1233 896 34 31 af
1292 894 63 32 alla
1382 889 481 36 medlemmarne
1645 880 18 54 i
1682 889 181 36 kommunen,
1882 896 79 28 som,
1978 884 97 40 enligt

470 958 452 39 kommunalförfattningarne,
953 957 51 28 äro
1033 950 139 41 skyldige
1202 948 46 31 att
1275 946 50 32 till
1353 946 185 30 kommunen
1568 942 126 40 erlägga
1723 939 111 32 skatt.»

625 1012 106 40 Enligt
759 1008 138 34 erhållna
925 1005 144 33 remisser
1097 1001 117 40 åligger
1242 999 52 32 det
1320 995 243 43 Lag-Utskottet
1591 994 46 31 att
1665 993 85 31 öfver
1778 990 91 32 dessa
1902 987 173 33 framställ-

472 1068 111 40 ningar
611 1065 48 41 sig
686 1064 94 41 yttra.

630 1273 99 31 Sedan
757 1271 106 38 längre
891 1267 45 31 tid
963 1264 131 33 tillbaka
1121 1263 57 30 har
1205 1260 109 41 frågan
1343 1268 50 22 om
1414 1257 160 32 allmänna
1589 1250 361 45 väghållningsbestäret
1965 1248 117 40 utgjort

476 1326 129 35 föremål
633 1325 47 31 för
707 1319 297 44 representationens
1033 1313 282 41 öfverläggningar.
1369 1309 108 32 Bedan
1498 1307 50 32 vid
1582 1305 249 33 1853—1854
1853 1301 89 31 årens
1958 1299 126 39 riksdag

478 1379 118 33 peslöto
625 1376 105 33 Rikets
760 1372 129 34 Ständer
917 1371 46 30 att
990 1369 10 30 i
1026 1365 190 41 underdånig
1245 1362 159 34 skrifvelse
1434 1360 135 37 anhålla,
1614 1358 50 31 det
1701 1356 116 41 Kongl.
1846 1353 93 41 Maj:t
1966 1351 118 32 täcktes

479 1432 63 32 Jåta
571 1428 171 33 undersöka
770 1425 96 40 enligt
893 1422 104 32 hvilka
1025 1419 133 41 grunder
1186 1416 57 32 och
1270 1415 38 41 på
1334 1414 83 31 hvad
1446 1413 60 31 sätt
1534 1411 77 31 bruk
1638 1409 57 32 och
1732 1403 353 45 bergverksanläggnin-

481 1494 66 31 gar,
578 1480 178 40 skattlagda
784 1476 90 40 mjöl-
904 1474 55 32 och
989 1472 190 40 sågqvarnar
1207 1470 83 29 samt
1318 1466 97 31 andra
1442 1461 327 39 fabriksinrättningar
1797 1458 38 41 på
1861 1456 107 32 landet
1987 1454 100 32 kunde

482 1536 127 39 åläggas
639 1532 46 31 att
705 1531 49 31 till
769 1532 149 37 vägarnes
933 1523 162 43 byggande
1112 1521 55 32 och
1182 1517 242 34 underhållande
1452 1516 141 39 bidraga,
1624 1513 83 31 samt
1735 1512 77 30 efter
1841 1506 248 34 vederbörandes

483 1586 137 33 hörande
647 1583 93 40 nådig
768 1578 186 44 proposition
984 1576 10 31 i
1022 1574 103 32 ämnet
1151 1572 50 32 till
1229 1571 106 32 Rikets
1365 1568 129 32 Ständer
1524 1565 109 37 aflåta;
1664 1573 70 22 men
1762 1561 116 40 Kongl.
1909 1559 92 40 Maj:t
2027 1558 62 31 för-

484 1638 126 33 klarade
639 1636 70 31 med
738 1632 166 39 anledning
932 1628 98 36 häraf,
1061 1627 46 30 att
1134 1625 117 30 »denna
1279 1621 160 32 skrifvelse
1467 1618 65 32 icke
1560 1617 94 32 borde
1682 1616 50 31 till
1764 1614 99 40 någon
1893 1611 109 41 åtgärd
2029 1610 62 31 för-

485 1690 122 36 anleda,
637 1687 82 32 helst
746 1684 138 42 grunden
914 1682 47 31 för
990 1679 55 31 och
1073 1675 272 41 verkställigheten
1374 1672 33 31 af
1433 1666 376 45 väghållningsbesvärets
1838 1665 83 30 inom
1949 1663 142 30 kommu-

486 1752 95 22 nerna
622 1738 172 39 fördelning
835 1735 38 40 på
915 1733 96 32 andra
1039 1727 254 42 skattdragande,
1324 1729 37 27 än
1387 1724 70 31 dem
1498 1721 105 32 hvilka
1632 1720 51 31 det
1710 1718 112 32 hittills
1851 1715 112 41 ålegat,
1994 1712 99 32 måste

489 1812 47 5 —
565 1792 99 32 ehvad
706 1790 99 31 denna
846 1784 173 40 fördelning
1060 1781 111 33 skedde
1199 1780 10 30 i
1237 1779 51 31 det
1315 1776 211 32 inskränktare
1555 1772 135 40 omfång,
1720 1770 107 31 Rikets
1856 1767 129 32 Ständer
2013 1765 80 31 före-

489 1845 105 42 slagit,
625 1843 75 32 eller
728 1839 185 34 utsträcktes
941 1836 50 32 till
1019 1835 36 31 de
1083 1830 224 42 skattskyldige
1335 1830 11 30 i
1374 1826 171 33 allmänhet
1572 1841 46 4 -—
1649 1822 48 32 stå
1724 1822 9 30 i
1761 1819 228 39 sammanhang
2024 1816 71 31 med

489 1899 56 32 och
572 1897 11 31 i
611 1896 61 31 viss
702 1893 71 32 mån
800 1893 72 31 bero
902 1889 37 41 på
969 1888 36 31 de
1032 1885 50 33 till
1110 1883 189 39 behandling
1328 1880 38 32 då
1394 1879 109 31 väckta
1540 1876 144 41 frågorna
1713 1883 49 23 om
1791 1871 129 40 ändring
1948 1870 10 31 i
1985 1868 111 34 bevill-

490 1947 267 43 ningsgrunderna
785 1943 56 32 och
869 1951 50 22 om
947 1938 173 33 inrättande
1150 1936 34 31 af
1209 1930 358 42 kommunalstyrelser».

647 1998 60 32 Vid
748 1997 36 31 de
824 1996 112 30 tvänne
978 1991 69 32 näst
1088 1987 93 41 derpå
1208 1985 135 42 följande
1372 1983 200 40 riksdagarne
1601 1980 121 31 förevar
1749 1976 108 40 frågan
1887 1974 87 40 ånyo.
2029 1971 68 31 Hon

494 2053 137 33 återkom
657 2049 116 42 jemväl
801 2047 51 31 vid
880 2044 163 39 riksdagen
1077 2039 262 37 1865—1866,
1371 2035 38 32 då
1436 2034 106 32 Rixets
1572 2031 130 32 Ständer
1730 2029 45 31 uti
1802 2025 191 40 underdånig
2009 2022 89 33 skrif-

495 2107 83 31 velse
621 2104 57 31 den
723 2103 16 29 7
785 2098 89 41 April
902 2094 192 34 sistnämnda
1123 2092 32 31 år
1184 2109 47 4 —
1259 2089 71 32 med
1359 2086 159 33 uttalande
1548 2085 33 31 af
1607 2084 57 30 den
1693 2081 90 40 åsigt,
1814 2080 46 31 att
1888 2076 212 42 skyldigheten

497 2159 46 31 att
571 2156 125 39 deltaga
724 2153 10 30 i
761 2145 359 46 väghållningsbesväret
1155 2142 94 33 borde
1277 2139 173 33 utsträckas
1478 2137 25 41 ej
1534 2135 133 33 allenast
1693 2133 50 31 till
1771 2130 181 41 fastigheter
1981 2128 32 30 af
2039 2127 64 31 alla

498 2210 79 40 slag,
620 2208 74 30 utan
736 2204 87 31 äfven
858 2201 50 31 till
936 2210 34 21 en
1000 2198 76 31 hvar
1104 2195 49 32 till
1181 2192 184 41 deltagande
1392 2191 10 30 i
1430 2185 340 40 kommunalutskylder
1799 2181 167 41 förpligtad
1994 2188 108 31 person

499 2261 56 32 och
582 2260 127 39 utgöras
738 2256 77 31 efter
843 2261 122 23 samma
994 2249 98 41 grund
1121 2257 68 22 som
1216 2245 135 31 nämnda
1379 2241 172 41 utskylder,
1580 2248 70 23 men
1680 2238 46 30 att
1754 2234 106 33 dervid
1887 2232 94 32 likväl
2010 2230 94 32 borde

499 2311 173 41 medgifvas
701 2308 65 32 dels
796 2306 83 32 vissa
907 2302 159 39 undantag
1093 2299 71 32 med
1184 2296 142 34 afseende
1355 2294 17 32 å
1399 2294 202 41 tjenstemäns
1633 2290 86 31 löner
1752 2287 56 31 och
1841 2284 159 42 pensioner
2026 2281 82 32 samt

499 2364 96 42 några
624 2361 97 32 andra
749 2358 70 32 med
848 2357 69 31 dem
942 2353 178 43 jemförliga
1149 2348 233 38 inkomsttitlar,
1413 2346 65 31 dels
1507 2344 81 32 vissa
1610 2339 246 34 modifikationer
1877 2336 71 32 med
1965 2333 143 33 afseende
