2240 2669
709 235 227 35 Lag-Utskottets
962 239 147 31 Utlåtande
1133 244 55 28 N:o
1213 249 47 23 11.
1722 250 16 32 7

181 313 17 31 å
225 314 342 46 inkomstbevillningen
597 320 9 31 i
635 321 179 43 allmänhet,
844 326 82 33 helst
953 331 137 38 grunden
1118 332 46 31 för
1184 334 395 44 kommunalutskyldernas
1598 339 180 50 utgörande,

180 366 96 32 under
305 368 56 31 den
391 370 86 32 korta
505 372 44 31 tid
578 382 67 22 som
672 374 130 34 förflutit
828 378 66 32 från
923 380 289 45 kommunallagens
1241 388 185 40 antagande,
1470 390 65 33 icke
1562 393 99 33 kunde
1690 405 89 24 anses

178 417 94 32 hafva
300 421 165 41 undergålt
493 424 36 31 de
556 424 204 43 jemkningar,
789 429 49 31 till
865 430 104 33 hvilka
997 435 301 42 omständigheterna
1325 441 86 31 torde
1430 442 169 41 föranleda,
1621 447 55 30 och
1696 447 82 33 vissa

178 469 185 41 kategorier,
393 483 110 30 genom
531 476 44 31 ett
603 477 177 43 ovilkorligt
808 482 173 41 antagande
998 486 34 30 af
1043 486 98 32 denna
1160 490 99 38 grund
1273 490 46 32 för
1335 492 439 48 väghållningsskyldigheten,

173 521 147 41 möjligen
349 524 98 33 skulle
476 527 95 32 blifva
600 529 57 31 allt
685 530 46 31 för
759 531 90 33 hårdt
877 535 172 41 betungade
1067 556 44 3 -—
1129 539 54 32 hos
1204 542 115 41 Kongl.
1340 543 92 41 Maj:t
1447 546 133 39 anhöllo,
1599 550 46 31 att
1659 547 116 49 Kongl.

173 572 93 41 Maj:t
294 575 117 33 täcktes
439 578 9 31 i
477 579 322 36 öfverensstämmelse
827 585 127 33 härmed
982 588 64 32 låta
1074 591 143 32 utarbeta
1245 594 66 39 och,
1342 595 34 31 så
1403 599 86 30 snart
1517 598 51 33 ske
1596 601 109 40 kunde,
1727 603 48 32 till

173 624 177 43 Riksdagen
378 629 177 42 framlägga
583 631 94 42 nådig
704 636 188 39 proposition
920 638 10 31 i
959 642 114 30 ämnet.

325 679 72 32 Med
426 682 166 38 anledning
619 684 97 39 häraf,
748 687 56 31 och
831 690 94 31 sedan
954 691 115 42 Kongl.
1086 694 338 45 Kammar-kollegium
1454 702 121 40 afgifvit
1602 704 173 36 infordradt

171 728 203 44 underdånigt
401 733 159 33 utlåtande
588 734 9 31 i
625 736 120 41 frågan,
776 740 73 31 aflät
885 742 115 41 Kongl.
1017 744 93 41 Maj:t
1136 747 49 31 till
1218 749 93 32 1868
1342 750 48 32 års
1418 752 139 43 Riksdag
1583 756 92 42 nådig
1702 769 70 30 pro-

167 780 142 40 position,
340 783 123 33 hvaruti
492 787 163 39 förklaras,
686 790 56 38 att,
772 791 82 32 hvad
884 794 131 41 anginge
1043 797 108 41 frågan
1180 800 151 33 huruvida
1360 805 235 41 vägrödjnings-
1624 810 55 30 och
1699 811 71 31 bro-

167 832 376 45 byggnadsskyldigheten
572 839 83 31 inom
683 841 223 35 kommunerna
935 848 16 29 å
979 847 106 33 landet
1112 851 93 31 borde
1234 854 172 32 utsträckas
1434 856 49 31 till
1512 858 62 32 alla
1602 860 168 43 skattskyl-

167 883 79 41 dige,
276 895 72 23 vare
377 888 58 40 sig,
466 889 38 40 på
533 891 61 31 sätt
622 892 105 32 Rikets
757 894 128 33 Ständer
912 898 157 40 förutsatt,
1110 903 70 31 med
1209 904 75 31 eller
1312 906 54 31 ock
1394 908 73 31 utan
1496 909 200 43 iakttagande
1738 916 35 30 af

166 935 158 43 undantag
352 939 45 31 för
424 941 201 39 tjenstemäns
654 944 86 32 löner
768 947 55 31 och
851 950 159 38 pensioner
1039 954 83 30 samt
1150 955 96 31 andra
1274 957 126 32 dermed
1423 960 178 43 Jemförliga
1617 964 150 33 inkomst-

163 986 97 40 titlar,
293 989 114 41 Kongl.
437 992 93 41 Maj:t
558 996 123 40 ansåge,
726 998 55 37 att,
825 999 102 33 derest
967 1002 237 42 ifrågavarande
1234 1008 107 32 besvär
1369 1010 51 31 må
1448 1011 100 33 kunna
1577 1011 191 51 öfverflyttas

163 1038 38 40 på
229 1041 283 42 samhällsklasser,
554 1046 104 32 hvilka
699 1049 82 32 förut
823 1053 80 30 varit
935 1054 133 32 derifrån
1098 1058 147 39 befriade,
1276 1060 113 33 sådant
1416 1063 93 32 likväl
1537 1066 64 32 icke
1629 1068 136 42 skäligen

161 1090 98 32 kunde
288 1092 9 30 i
325 1094 45 30 sin
400 1095 104 32 helhet
531 1097 38 40 på
598 1108 35 21 en
661 1100 82 41 gång
769 1102 127 38 bringas
924 1105 49 31 till
990 1107 179 39 utförande;
1188 1112 55 37 att,
1262 1121 49 21 om
1327 1123 35 21 en
1379 1114 33 31 så
1427 1119 261 39 genomgripande
1703 1121 62 31 för-

161 1142 130 42 ändring
319 1154 50 21 om
398 1146 91 32 dessa
517 1149 126 32 besvärs
671 1152 174 43 fördelning
872 1155 38 40 på
939 1158 63 30 alla
1031 1159 222 44 skattskyldige
1290 1164 98 33 skulle
1429 1167 101 32 kunna
1564 1170 124 33 komma
1716 1173 49 31 till

160 1192 90 33 stånd
279 1200 73 27 utan
381 1198 47 31 att
455 1200 94 31 väcka
578 1201 89 42 billig
694 1204 125 41 klagan,
850 1207 56 31 den
936 1209 97 32 måste
1063 1212 109 32 endast
1199 1215 193 41 småningom
1420 1221 195 37 genomföras
1644 1224 55 31 och
1728 1235 35 21 en

159 1245 84 39 dylik
270 1247 175 43 fördelning
473 1252 217 34 företrädesvis
720 1256 52 32 ske
799 1257 10 31 i
838 1258 115 33 sådana
981 1261 66 39 fall,
1079 1264 53 31 der
1160 1275 35 21 en
1225 1267 115 32 allmän
1370 1270 190 41 delaktighet
1578 1274 98 33 kunde
1693 1278 69 31 med

158 1297 120 31 mindre
307 1300 156 39 praktiska
492 1303 191 42 svårigheter
712 1307 247 42 åstadkommas;
1004 1314 46 31 att
1091 1315 105 32 härtill
1223 1318 143 41 lämpade
1394 1322 47 40 sig
1468 1324 215 35 företrädesvis
1712 1329 51 32 det

157 1347 176 42 åliggande,
377 1362 66 22 som
481 1356 33 30 af
552 1356 36 31 de
624 1359 356 45 väghållningsskyldige
1008 1366 94 31 redan
1131 1378 40 21 nu
1199 1370 155 33 bestredes
1383 1382 110 31 genom
1522 1376 147 34 kontanta
1697 1380 64 32 till-

156 1399 90 39 skott,
277 1403 155 41 nemligen
462 1410 149 36 vägarnes
639 1409 145 34 hållande
812 1413 10 30 i
849 1414 129 40 fargildt
1006 1417 87 32 stånd
1122 1420 182 33 vintertiden
1334 1423 48 32 vid
1412 1427 127 37 snöfall;
1570 1430 46 30 att
1631 1430 50 32 det
1696 1431 64 34 icke

155 1451 94 32 borde
278 1453 121 33 lemnas
428 1458 74 30 utan
531 1461 284 41 uppmärksamhet,
846 1466 46 31 att
919 1467 153 33 måhända
1102 1471 55 31 den
1187 1474 113 31 största
1329 1476 191 39 ojemnheten
1550 1480 50 32 vid
1620 1483 139 40 väghåll-

154 1502 104 42 nings-
289 1506 55 30 och
374 1508 377 42 brobyggnadsbesvärets
780 1516 183 43 fördelning,
993 1520 131 33 likasom
1152 1524 9 30 i
1188 1525 211 42 fördelningen
1430 1530 34 31 af
1488 1531 205 35 kostnaderna
1713 1537 46 31 för

154 1555 349 45 vinterväghållningen,
548 1564 52 30 der
637 1565 127 42 ploglag
792 1578 70 21 vore
890 1569 162 41 inrättade,
1084 1574 65 31 icke
1176 1575 69 41 låge
1274 1577 32 31 så
1334 1580 121 40 mycket
1483 1582 64 32 deri
1576 1586 46 30 att
1649 1587 109 32 besvär

153 1606 56 31 och
238 1607 166 34 kostnader
433 1612 157 34 drabbade
615 1616 183 40 jordbruket
826 1620 112 40 allena,
977 1633 66 21 som
1072 1626 62 31 fast
1161 1627 97 32 hellre
1287 1647 47 3 —
1362 1630 184 36 åtminstone
1574 1636 82 32 inom
1684 1639 74 32 flera

152 1659 82 30 orter
262 1677 47 3 —
339 1661 100 33 deruti
481 1666 46 30 att
568 1666 160 34 desamma
767 1681 70 22 vore
865 1672 38 40 på
926 1674 109 40 jorden
1063 1678 111 38 ytterst
1202 1680 116 40 ojemnt
1346 1682 167 41 fördelade,
1543 1691 72 28 enär
1642 1690 114 32 fördel-

150 1709 227 42 ningsgrunden
410 1715 80 32 varit
519 1718 55 30 och
603 1722 78 29 ännu
711 1731 70 22 vore
810 1723 201 35 hemmanens
1040 1730 129 38 mantal,
1207 1733 168 33 oberoende
1405 1736 34 31 af
1463 1737 88 33 deras
1571 1739 94 41 högre
1681 1743 75 31 eller

149 1761 85 40 lägre
263 1764 109 37 värde;
404 1767 46 30 att
478 1777 35 21 en
544 1770 229 44 öfverflyttning
801 1775 38 39 på
868 1777 96 31 andra
993 1780 272 34 samhällsklasser
1293 1786 35 30 af
1353 1787 97 32 större
1479 1789 74 32 eller
1573 1793 118 32 mindre
1709 1795 49 31 del

150 1813 33 30 af
221 1814 85 31 detta
349 1817 109 32 besvär
487 1819 118 33 derföre
633 1822 64 32 icke
727 1825 92 32 borde
849 1837 56 31 ega
933 1839 80 29 rum,
1044 1832 73 31 utan
1147 1834 45 31 att
1220 1836 161 42 samtidigt
1409 1839 124 33 dermed
1558 1842 117 40 jemväl
1704 1849 52 28 än-

149 1863 110 33 drades
289 1866 56 32 den
375 1869 293 43 fördelningsgrund
697 1877 133 31 emellan
859 1879 195 41 hemmanen,
1085 1893 66 22 som
1179 1886 111 32 hittills
1320 1890 80 30 varit
1426 1892 162 39 gällande
1581 1888 18 48 ;
1632 1897 46 30 att
1705 1898 52 31 det

146 1915 148 40 möjligen
323 1918 98 33 kunde
449 1921 211 42 ifrågasättas,
678 1926 152 34 huruvida
859 1930 56 31 den
943 1932 93 32 frihet
1054 1935 65 31 från
1140 1936 185 42 deltagande
1353 1940 9 30 i
1389 1941 168 34 kostnaden
1573 1946 47 31 för
1641 1948 113 32 vinter-

146 1967 250 43 vägbållningen,
440 1982 67 22 som
535 1975 10 30 i
573 1976 75 40 följd
677 1979 34 30 af
735 1980 94 32 frihet
856 1982 66 31 från
951 1984 185 42 deltagande
1164 1988 9 30 i
1202 1993 72 37 väg-
1304 1992 56 30 och
1388 1989 364 55 brohållningsbesväret,

144 2017 39 39 på
223 2021 101 38 grund
360 2023 34 30 af
432 2025 152 33 särskilda
613 2029 116 41 Kongl.
757 2032 213 42 resolutioner,
1001 2036 143 34 hitintills
1174 2042 80 30 varit
1283 2043 86 38 bruk,
1401 2055 142 31 qvarnar,
1575 2050 179 43 skattlagda

144 2069 140 41 utjordar
313 2074 57 30 och
397 2075 208 34 lotshemman
635 2081 147 41 beviljad,
813 2084 133 33 likasom
975 2088 57 31 den
1059 2090 92 32 frihet
1179 2102 65 21 som
1261 2094 8 30 i
1286 2095 83 31 detta
1389 2096 171 35 hänseende
1580 2097 173 51 tillkomme

144 2121 170 33 säterierna
343 2125 9 30 i
381 2125 108 41 Skåne,
520 2129 150 41 Halland,
701 2134 149 42 Blekinge
879 2138 55 30 och
962 2139 103 33 Bohus
1094 2142 60 39 län,
1186 2145 93 32 borde
1307 2147 191 35 fortfarande
1525 2152 95 40 gälla,
1664 2156 87 32 äfven

143 2181 49 22 om
222 2183 35 22 en
286 2176 179 43 förändring
492 2181 9 30 i
529 2181 185 42 ifrågasatta
743 2187 174 41 syftningen
946 2191 121 33 komme
1095 2194 48 31 till
1171 2196 99 39 stånd,
1301 2208 68 22 men
1387 2201 56 39 att,
1462 2202 37 31 då
1515 2204 129 33 berörda
1659 2207 93 33 frihet

143 2223 99 34 måste
284 2237 90 23 anses
417 2232 164 33 meddelad
624 2237 110 32 endast
770 2240 71 30 med
869 2240 144 34 afseende
1042 2244 16 31 å
1087 2246 35 31 de
1150 2248 223 41 förhållanden,
1404 2262 65 22 som
1498 2256 75 39 egde
1600 2268 80 29 rum,
1712 2260 38 31 då

142 2276 162 34 desamma
334 2281 181 41 beviljades,
545 2286 75 31 eller
649 2289 46 30 att
723 2293 74 37 väg-
826 2292 56 30 och
911 2294 232 44 brohållningen
1172 2309 54 22 var
1254 2302 43 30 ett
1321 2302 107 41 jorden
1456 2306 195 35 uteslutande
1671 2310 76 43 ålig-

141 2329 100 39 gande
270 2331 121 38 besvär,
421 2334 34 31 så
482 2337 86 32 torde
598 2339 88 32 deraf
712 2342 86 40 följa,
829 2344 46 32 att
902 2345 234 44 tillämpningen
1166 2352 33 31 af
1223 2352 99 33 denna
1348 2355 93 33 frihet
1468 2358 120 34 förfölle
1617 2362 46 31 för
1691 2364 57 32 den
