<?xml version="1.0" encoding="UTF-8"?>
<alto xmlns="http://www.loc.gov/standards/alto/ns-v3#" xmlns:xlink="http://www.w3.org/1999/xlink" xmlns:xsi="http://www.w3.org/2001/XMLSchema-instance" xsi:schemaLocation="http://www.loc.gov/standards/alto/ns-v3# http://www.loc.gov/alto/v3/alto-3-0.xsd">
	<Description>
		<MeasurementUnit>pixel</MeasurementUnit>
		<sourceImageInformation>
			<fileName>/tmp/tess_g8rqv1ic_input.PNG</fileName>
		</sourceImageInformation>
		<OCRProcessing ID="OCR_0">
			<ocrProcessingStep>
				<processingSoftware>
					<softwareName>tesseract 5.3.0</softwareName>
				</processingSoftware>
			</ocrProcessingStep>
		</OCRProcessing>
	</Description>
	<Layout>
		<Page WIDTH="1934" HEIGHT="2782" PHYSICAL_IMG_NR="0" ID="page_0">
			<PrintSpace HPOS="0" VPOS="0" WIDTH="1934" HEIGHT="2782">
				<ComposedBlock ID="cblock_0" HPOS="253" VPOS="131" WIDTH="1195" HEIGHT="33">
					<TextBlock ID="block_0" HPOS="253" VPOS="131" WIDTH="1195" HEIGHT="33">
						<TextLine ID="line_0" HPOS="253" VPOS="131" WIDTH="1195" HEIGHT="33">
							<String ID="string_0" HPOS="253" VPOS="135" WIDTH="18" HEIGHT="29" WC="0.96" CONTENT="4"/><SP WIDTH="290" VPOS="135" HPOS="271"/>
							<String ID="string_1" HPOS="561" VPOS="132" WIDTH="391" HEIGHT="30" WC="0.92" CONTENT="Jordbruksutskottets"/><SP WIDTH="22" VPOS="132" HPOS="952"/>
							<String ID="string_2" HPOS="974" VPOS="132" WIDTH="180" HEIGHT="30" WC="0.96" CONTENT="utlåtande"/><SP WIDTH="22" VPOS="132" HPOS="1154"/>
							<String ID="string_3" HPOS="1176" VPOS="140" WIDTH="42" HEIGHT="21" WC="0.96" CONTENT="nr"/><SP WIDTH="20" VPOS="140" HPOS="1218"/>
							<String ID="string_4" HPOS="1238" VPOS="131" WIDTH="42" HEIGHT="30" WC="0.96" CONTENT="25"/><SP WIDTH="21" VPOS="131" HPOS="1280"/>
							<String ID="string_5" HPOS="1301" VPOS="131" WIDTH="41" HEIGHT="30" WC="0.96" CONTENT="år"/><SP WIDTH="22" VPOS="131" HPOS="1342"/>
							<String ID="string_6" HPOS="1364" VPOS="131" WIDTH="84" HEIGHT="30" WC="0.96" CONTENT="1960"/>
						</TextLine>
					</TextBlock>
				</ComposedBlock>
				<ComposedBlock ID="cblock_1" HPOS="259" VPOS="214" WIDTH="1495" HEIGHT="190">
					<TextBlock ID="block_1" HPOS="259" VPOS="214" WIDTH="1495" HEIGHT="190">
						<TextLine ID="line_1" HPOS="303" VPOS="214" WIDTH="1451" HEIGHT="38">
							<String ID="string_7" HPOS="303" VPOS="218" WIDTH="76" HEIGHT="34" WC="0.79" CONTENT="7:0)"/><SP WIDTH="30" VPOS="218" HPOS="379"/>
							<String ID="string_8" HPOS="409" VPOS="216" WIDTH="321" HEIGHT="36" WC="0.91" CONTENT="Byggnadsarbeten"/><SP WIDTH="25" VPOS="216" HPOS="730"/>
							<String ID="string_9" HPOS="755" VPOS="216" WIDTH="57" HEIGHT="30" WC="0.96" CONTENT="vid"/><SP WIDTH="27" VPOS="216" HPOS="812"/>
							<String ID="string_10" HPOS="839" VPOS="218" WIDTH="129" HEIGHT="28" WC="0.92" CONTENT="statens"/><SP WIDTH="27" VPOS="218" HPOS="968"/>
							<String ID="string_11" HPOS="995" VPOS="216" WIDTH="358" HEIGHT="35" WC="0.87" CONTENT="maskinprovningar."/><SP WIDTH="27" VPOS="216" HPOS="1353"/>
							<String ID="string_12" HPOS="1380" VPOS="215" WIDTH="116" HEIGHT="30" WC="0.96" CONTENT="Under"/><SP WIDTH="27" VPOS="215" HPOS="1496"/>
							<String ID="string_13" HPOS="1523" VPOS="214" WIDTH="231" HEIGHT="30" WC="0.95" CONTENT="förevarande"/>
						</TextLine>
						<TextLine ID="line_2" HPOS="259" VPOS="264" WIDTH="1495" HEIGHT="42">
							<String ID="string_14" HPOS="259" VPOS="267" WIDTH="114" HEIGHT="39" WC="0.95" CONTENT="punkt"/><SP WIDTH="19" VPOS="267" HPOS="373"/>
							<String ID="string_15" HPOS="392" VPOS="267" WIDTH="64" HEIGHT="29" WC="0.95" CONTENT="har"/><SP WIDTH="19" VPOS="267" HPOS="456"/>
							<String ID="string_16" HPOS="475" VPOS="266" WIDTH="125" HEIGHT="39" WC="0.94" CONTENT="Kungl."/><SP WIDTH="22" VPOS="266" HPOS="600"/>
							<String ID="string_17" HPOS="622" VPOS="266" WIDTH="105" HEIGHT="39" WC="0.93" CONTENT="Maj:t"/><SP WIDTH="19" VPOS="266" HPOS="727"/>
							<String ID="string_18" HPOS="746" VPOS="265" WIDTH="190" HEIGHT="35" WC="0.91" CONTENT="hemställt,"/><SP WIDTH="21" VPOS="265" HPOS="936"/>
							<String ID="string_19" HPOS="957" VPOS="268" WIDTH="49" HEIGHT="27" WC="0.93" CONTENT="att"/><SP WIDTH="30" VPOS="268" HPOS="1006"/>
							<String ID="string_20" HPOS="1036" VPOS="265" WIDTH="9" HEIGHT="30" WC="0.93" CONTENT="å"/><SP WIDTH="19" VPOS="265" HPOS="1045"/>
							<String ID="string_21" HPOS="1064" VPOS="265" WIDTH="331" HEIGHT="39" WC="0.92" CONTENT="beredskapsstaten"/><SP WIDTH="20" VPOS="265" HPOS="1395"/>
							<String ID="string_22" HPOS="1415" VPOS="264" WIDTH="55" HEIGHT="30" WC="0.96" CONTENT="för"/><SP WIDTH="19" VPOS="264" HPOS="1470"/>
							<String ID="string_23" HPOS="1489" VPOS="265" WIDTH="103" HEIGHT="29" WC="0.93" CONTENT="nästa"/><SP WIDTH="19" VPOS="265" HPOS="1592"/>
							<String ID="string_24" HPOS="1611" VPOS="264" WIDTH="143" HEIGHT="39" WC="0.92" CONTENT="budget-"/>
						</TextLine>
						<TextLine ID="line_3" HPOS="259" VPOS="314" WIDTH="1495" HEIGHT="42">
							<String ID="string_25" HPOS="259" VPOS="318" WIDTH="38" HEIGHT="28" WC="0.88" CONTENT="år"/><SP WIDTH="26" VPOS="318" HPOS="297"/>
							<String ID="string_26" HPOS="323" VPOS="317" WIDTH="90" HEIGHT="30" WC="0.95" CONTENT="skall"/><SP WIDTH="25" VPOS="317" HPOS="413"/>
							<String ID="string_27" HPOS="438" VPOS="316" WIDTH="169" HEIGHT="40" WC="0.96" CONTENT="uppföras"/><SP WIDTH="24" VPOS="316" HPOS="607"/>
							<String ID="string_28" HPOS="631" VPOS="318" WIDTH="49" HEIGHT="28" WC="0.96" CONTENT="ett"/><SP WIDTH="24" VPOS="318" HPOS="680"/>
							<String ID="string_29" HPOS="704" VPOS="316" WIDTH="120" HEIGHT="39" WC="0.96" CONTENT="anslag"/><SP WIDTH="25" VPOS="316" HPOS="824"/>
							<String ID="string_30" HPOS="849" VPOS="325" WIDTH="44" HEIGHT="20" WC="0.96" CONTENT="av"/><SP WIDTH="27" VPOS="325" HPOS="893"/>
							<String ID="string_31" HPOS="920" VPOS="315" WIDTH="91" HEIGHT="30" WC="0.42" CONTENT="1200"/><SP WIDTH="15" VPOS="315" HPOS="1011"/>
							<String ID="string_32" HPOS="1026" VPOS="315" WIDTH="63" HEIGHT="29" WC="0.42" CONTENT="000"/><SP WIDTH="26" VPOS="315" HPOS="1089"/>
							<String ID="string_33" HPOS="1115" VPOS="315" WIDTH="129" HEIGHT="30" WC="0.96" CONTENT="kronor"/><SP WIDTH="25" VPOS="315" HPOS="1244"/>
							<String ID="string_34" HPOS="1269" VPOS="315" WIDTH="52" HEIGHT="29" WC="0.96" CONTENT="till"/><SP WIDTH="26" VPOS="315" HPOS="1321"/>
							<String ID="string_35" HPOS="1347" VPOS="314" WIDTH="324" HEIGHT="40" WC="0.96" CONTENT="byggnadsarbeten"/><SP WIDTH="25" VPOS="314" HPOS="1671"/>
							<String ID="string_36" HPOS="1696" VPOS="314" WIDTH="58" HEIGHT="29" WC="0.96" CONTENT="vid"/>
						</TextLine>
						<TextLine ID="line_4" HPOS="260" VPOS="364" WIDTH="953" HEIGHT="40">
							<String ID="string_37" HPOS="260" VPOS="368" WIDTH="133" HEIGHT="27" WC="0.93" CONTENT="statens"/><SP WIDTH="18" VPOS="368" HPOS="393"/>
							<String ID="string_38" HPOS="411" VPOS="365" WIDTH="371" HEIGHT="39" WC="0.91" CONTENT="maskinprovningars"/><SP WIDTH="18" VPOS="365" HPOS="782"/>
							<String ID="string_39" HPOS="800" VPOS="365" WIDTH="90" HEIGHT="29" WC="0.96" CONTENT="filial"/><SP WIDTH="27" VPOS="365" HPOS="890"/>
							<String ID="string_40" HPOS="917" VPOS="365" WIDTH="4" HEIGHT="29" WC="0.92" CONTENT="i"/><SP WIDTH="20" VPOS="365" HPOS="921"/>
							<String ID="string_41" HPOS="941" VPOS="364" WIDTH="272" HEIGHT="32" WC="0.87" CONTENT="Röbäcksdalen,"/>
						</TextLine>
					</TextBlock>
				</ComposedBlock>
				<ComposedBlock ID="cblock_2" HPOS="262" VPOS="464" WIDTH="1495" HEIGHT="241">
					<TextBlock ID="block_2" HPOS="262" VPOS="464" WIDTH="1495" HEIGHT="241">
						<TextLine ID="line_5" HPOS="304" VPOS="464" WIDTH="1451" HEIGHT="41">
							<String ID="string_42" HPOS="304" VPOS="467" WIDTH="185" HEIGHT="29" WC="0.96" CONTENT="Utskottet."/><SP WIDTH="28" VPOS="467" HPOS="489"/>
							<String ID="string_43" HPOS="517" VPOS="467" WIDTH="78" HEIGHT="29" WC="0.88" CONTENT="Med"/><SP WIDTH="26" VPOS="467" HPOS="595"/>
							<String ID="string_44" HPOS="621" VPOS="466" WIDTH="247" HEIGHT="39" WC="0.88" CONTENT="tillstyrkande"/><SP WIDTH="26" VPOS="466" HPOS="868"/>
							<String ID="string_45" HPOS="894" VPOS="475" WIDTH="43" HEIGHT="20" WC="0.96" CONTENT="av"/><SP WIDTH="25" VPOS="475" HPOS="937"/>
							<String ID="string_46" HPOS="962" VPOS="466" WIDTH="124" HEIGHT="39" WC="0.94" CONTENT="Kungl."/><SP WIDTH="28" VPOS="466" HPOS="1086"/>
							<String ID="string_47" HPOS="1114" VPOS="465" WIDTH="123" HEIGHT="39" WC="0.96" CONTENT="Maj:ts"/><SP WIDTH="27" VPOS="465" HPOS="1237"/>
							<String ID="string_48" HPOS="1264" VPOS="465" WIDTH="261" HEIGHT="38" WC="0.96" CONTENT="framställning"/><SP WIDTH="28" VPOS="465" HPOS="1525"/>
							<String ID="string_49" HPOS="1553" VPOS="464" WIDTH="202" HEIGHT="30" WC="0.96" CONTENT="hemställer"/>
						</TextLine>
						<TextLine ID="line_6" HPOS="262" VPOS="517" WIDTH="179" HEIGHT="34">
							<String ID="string_50" HPOS="262" VPOS="517" WIDTH="179" HEIGHT="34" WC="0.95" CONTENT="utskottet,"/>
						</TextLine>
						<TextLine ID="line_7" HPOS="613" VPOS="564" WIDTH="1144" HEIGHT="40">
							<String ID="string_51" HPOS="613" VPOS="569" WIDTH="52" HEIGHT="27" WC="0.96" CONTENT="att"/><SP WIDTH="17" VPOS="569" HPOS="665"/>
							<String ID="string_52" HPOS="682" VPOS="566" WIDTH="187" HEIGHT="38" WC="0.96" CONTENT="riksdagen"/><SP WIDTH="17" VPOS="566" HPOS="869"/>
							<String ID="string_53" HPOS="886" VPOS="566" WIDTH="58" HEIGHT="29" WC="0.96" CONTENT="må"/><SP WIDTH="16" VPOS="566" HPOS="944"/>
							<String ID="string_54" HPOS="960" VPOS="566" WIDTH="51" HEIGHT="29" WC="0.92" CONTENT="till"/><SP WIDTH="16" VPOS="566" HPOS="1011"/>
							<String ID="string_55" HPOS="1027" VPOS="565" WIDTH="329" HEIGHT="39" WC="0.90" CONTENT="Byggnadsarbeten"/><SP WIDTH="20" VPOS="565" HPOS="1356"/>
							<String ID="string_56" HPOS="1376" VPOS="565" WIDTH="57" HEIGHT="29" WC="0.96" CONTENT="vid"/><SP WIDTH="17" VPOS="565" HPOS="1433"/>
							<String ID="string_57" HPOS="1450" VPOS="566" WIDTH="133" HEIGHT="28" WC="0.93" CONTENT="statens"/><SP WIDTH="18" VPOS="566" HPOS="1583"/>
							<String ID="string_58" HPOS="1601" VPOS="564" WIDTH="156" HEIGHT="30" WC="0.91" CONTENT="maskin-"/>
						</TextLine>
						<TextLine ID="line_8" HPOS="571" VPOS="613" WIDTH="1182" HEIGHT="42">
							<String ID="string_59" HPOS="571" VPOS="616" WIDTH="213" HEIGHT="39" WC="0.92" CONTENT="provningar"/><SP WIDTH="20" VPOS="616" HPOS="784"/>
							<String ID="string_60" HPOS="804" VPOS="615" WIDTH="20" HEIGHT="31" WC="0.92" CONTENT="å"/><SP WIDTH="21" VPOS="615" HPOS="824"/>
							<String ID="string_61" HPOS="845" VPOS="615" WIDTH="131" HEIGHT="30" WC="0.93" CONTENT="allmän"/><SP WIDTH="20" VPOS="615" HPOS="976"/>
							<String ID="string_62" HPOS="996" VPOS="615" WIDTH="283" HEIGHT="40" WC="0.92" CONTENT="beredskapsstat"/><SP WIDTH="22" VPOS="615" HPOS="1279"/>
							<String ID="string_63" HPOS="1301" VPOS="615" WIDTH="56" HEIGHT="29" WC="0.96" CONTENT="för"/><SP WIDTH="21" VPOS="615" HPOS="1357"/>
							<String ID="string_64" HPOS="1378" VPOS="615" WIDTH="204" HEIGHT="38" WC="0.93" CONTENT="budgetåret"/><SP WIDTH="24" VPOS="615" HPOS="1582"/>
							<String ID="string_65" HPOS="1606" VPOS="613" WIDTH="147" HEIGHT="36" WC="0.91" CONTENT="1960/61"/>
						</TextLine>
						<TextLine ID="line_9" HPOS="570" VPOS="664" WIDTH="768" HEIGHT="41">
							<String ID="string_66" HPOS="570" VPOS="666" WIDTH="152" HEIGHT="39" WC="0.96" CONTENT="uppföra"/><SP WIDTH="17" VPOS="666" HPOS="722"/>
							<String ID="string_67" HPOS="739" VPOS="668" WIDTH="48" HEIGHT="27" WC="0.96" CONTENT="ett"/><SP WIDTH="19" VPOS="668" HPOS="787"/>
							<String ID="string_68" HPOS="806" VPOS="666" WIDTH="122" HEIGHT="39" WC="0.95" CONTENT="anslag"/><SP WIDTH="19" VPOS="666" HPOS="928"/>
							<String ID="string_69" HPOS="947" VPOS="675" WIDTH="41" HEIGHT="20" WC="0.96" CONTENT="av"/><SP WIDTH="20" VPOS="675" HPOS="988"/>
							<String ID="string_70" HPOS="1008" VPOS="666" WIDTH="14" HEIGHT="28" WC="0.90" CONTENT="1"/><SP WIDTH="16" VPOS="666" HPOS="1022"/>
							<String ID="string_71" HPOS="1038" VPOS="665" WIDTH="64" HEIGHT="30" WC="0.90" CONTENT="200"/><SP WIDTH="15" VPOS="665" HPOS="1102"/>
							<String ID="string_72" HPOS="1117" VPOS="664" WIDTH="62" HEIGHT="30" WC="0.96" CONTENT="000"/><SP WIDTH="19" VPOS="664" HPOS="1179"/>
							<String ID="string_73" HPOS="1198" VPOS="665" WIDTH="140" HEIGHT="30" WC="0.96" CONTENT="kronor."/>
						</TextLine>
					</TextBlock>
				</ComposedBlock>
				<ComposedBlock ID="cblock_3" HPOS="260" VPOS="765" WIDTH="1500" HEIGHT="191">
					<TextBlock ID="block_3" HPOS="260" VPOS="765" WIDTH="1500" HEIGHT="191">
						<TextLine ID="line_10" HPOS="305" VPOS="765" WIDTH="1450" HEIGHT="37">
							<String ID="string_74" HPOS="305" VPOS="767" WIDTH="77" HEIGHT="33" WC="0.44" CONTENT="38:0)"/><SP WIDTH="28" VPOS="767" HPOS="382"/>
							<String ID="string_75" HPOS="410" VPOS="767" WIDTH="322" HEIGHT="35" WC="0.92" CONTENT="Byggnadsarbeten"/><SP WIDTH="22" VPOS="767" HPOS="732"/>
							<String ID="string_76" HPOS="754" VPOS="767" WIDTH="56" HEIGHT="29" WC="0.96" CONTENT="vid"/><SP WIDTH="24" VPOS="767" HPOS="810"/>
							<String ID="string_77" HPOS="834" VPOS="766" WIDTH="148" HEIGHT="36" WC="0.93" CONTENT="Alnarps"/><SP WIDTH="23" VPOS="766" HPOS="982"/>
							<String ID="string_78" HPOS="1005" VPOS="766" WIDTH="205" HEIGHT="35" WC="0.90" CONTENT="lantbruks-,"/><SP WIDTH="23" VPOS="766" HPOS="1210"/>
							<String ID="string_79" HPOS="1233" VPOS="765" WIDTH="135" HEIGHT="36" WC="0.91" CONTENT="mejeri-"/><SP WIDTH="23" VPOS="765" HPOS="1368"/>
							<String ID="string_80" HPOS="1391" VPOS="766" WIDTH="63" HEIGHT="29" WC="0.93" CONTENT="och"/><SP WIDTH="23" VPOS="766" HPOS="1454"/>
							<String ID="string_81" HPOS="1477" VPOS="765" WIDTH="278" HEIGHT="35" WC="0.91" CONTENT="trädgårdsinsti-"/>
						</TextLine>
						<TextLine ID="line_11" HPOS="260" VPOS="814" WIDTH="1500" HEIGHT="41">
							<String ID="string_82" HPOS="260" VPOS="818" WIDTH="61" HEIGHT="28" WC="0.92" CONTENT="tut."/><SP WIDTH="22" VPOS="818" HPOS="321"/>
							<String ID="string_83" HPOS="343" VPOS="816" WIDTH="125" HEIGHT="39" WC="0.94" CONTENT="Kungl."/><SP WIDTH="23" VPOS="816" HPOS="468"/>
							<String ID="string_84" HPOS="491" VPOS="816" WIDTH="106" HEIGHT="39" WC="0.96" CONTENT="Maj:t"/><SP WIDTH="20" VPOS="816" HPOS="597"/>
							<String ID="string_85" HPOS="617" VPOS="816" WIDTH="65" HEIGHT="29" WC="0.96" CONTENT="har"/><SP WIDTH="20" VPOS="816" HPOS="682"/>
							<String ID="string_86" HPOS="702" VPOS="816" WIDTH="111" HEIGHT="29" WC="0.96" CONTENT="under"/><SP WIDTH="21" VPOS="816" HPOS="813"/>
							<String ID="string_87" HPOS="834" VPOS="816" WIDTH="116" HEIGHT="29" WC="0.96" CONTENT="denna"/><SP WIDTH="21" VPOS="816" HPOS="950"/>
							<String ID="string_88" HPOS="971" VPOS="815" WIDTH="112" HEIGHT="39" WC="0.96" CONTENT="punkt"/><SP WIDTH="23" VPOS="815" HPOS="1083"/>
							<String ID="string_89" HPOS="1106" VPOS="814" WIDTH="187" HEIGHT="40" WC="0.96" CONTENT="föreslagit,"/><SP WIDTH="24" VPOS="814" HPOS="1293"/>
							<String ID="string_90" HPOS="1317" VPOS="816" WIDTH="51" HEIGHT="29" WC="0.93" CONTENT="att"/><SP WIDTH="21" VPOS="816" HPOS="1368"/>
							<String ID="string_91" HPOS="1389" VPOS="815" WIDTH="21" HEIGHT="29" WC="0.90" CONTENT="å"/><SP WIDTH="20" VPOS="815" HPOS="1410"/>
							<String ID="string_92" HPOS="1430" VPOS="814" WIDTH="330" HEIGHT="40" WC="0.92" CONTENT="beredskapsstaten"/>
						</TextLine>
						<TextLine ID="line_12" HPOS="264" VPOS="864" WIDTH="1493" HEIGHT="41">
							<String ID="string_93" HPOS="264" VPOS="867" WIDTH="52" HEIGHT="29" WC="0.96" CONTENT="för"/><SP WIDTH="20" VPOS="867" HPOS="316"/>
							<String ID="string_94" HPOS="336" VPOS="866" WIDTH="204" HEIGHT="39" WC="0.93" CONTENT="budgetåret"/><SP WIDTH="21" VPOS="866" HPOS="540"/>
							<String ID="string_95" HPOS="561" VPOS="866" WIDTH="147" HEIGHT="35" WC="0.91" CONTENT="1960/61"/><SP WIDTH="23" VPOS="866" HPOS="708"/>
							<String ID="string_96" HPOS="731" VPOS="866" WIDTH="88" HEIGHT="30" WC="0.95" CONTENT="skall"/><SP WIDTH="21" VPOS="866" HPOS="819"/>
							<String ID="string_97" HPOS="840" VPOS="865" WIDTH="169" HEIGHT="40" WC="0.96" CONTENT="uppföras"/><SP WIDTH="19" VPOS="865" HPOS="1009"/>
							<String ID="string_98" HPOS="1028" VPOS="868" WIDTH="49" HEIGHT="27" WC="0.96" CONTENT="ett"/><SP WIDTH="19" VPOS="868" HPOS="1077"/>
							<String ID="string_99" HPOS="1096" VPOS="866" WIDTH="124" HEIGHT="39" WC="0.96" CONTENT="belopp"/><SP WIDTH="20" VPOS="866" HPOS="1220"/>
							<String ID="string_100" HPOS="1240" VPOS="875" WIDTH="41" HEIGHT="20" WC="0.96" CONTENT="av"/><SP WIDTH="20" VPOS="875" HPOS="1281"/>
							<String ID="string_101" HPOS="1301" VPOS="864" WIDTH="64" HEIGHT="30" WC="0.96" CONTENT="400"/><SP WIDTH="15" VPOS="864" HPOS="1365"/>
							<String ID="string_102" HPOS="1380" VPOS="864" WIDTH="63" HEIGHT="30" WC="0.96" CONTENT="000"/><SP WIDTH="20" VPOS="864" HPOS="1443"/>
							<String ID="string_103" HPOS="1463" VPOS="865" WIDTH="131" HEIGHT="29" WC="0.96" CONTENT="kronor"/><SP WIDTH="18" VPOS="865" HPOS="1594"/>
							<String ID="string_104" HPOS="1612" VPOS="864" WIDTH="53" HEIGHT="30" WC="0.92" CONTENT="till"/><SP WIDTH="19" VPOS="864" HPOS="1665"/>
							<String ID="string_105" HPOS="1684" VPOS="873" WIDTH="73" HEIGHT="21" WC="0.92" CONTENT="om-"/>
						</TextLine>
						<TextLine ID="line_13" HPOS="261" VPOS="916" WIDTH="518" HEIGHT="40">
							<String ID="string_106" HPOS="261" VPOS="916" WIDTH="161" HEIGHT="39" WC="0.90" CONTENT="Lyggnad"/><SP WIDTH="19" VPOS="916" HPOS="422"/>
							<String ID="string_107" HPOS="441" VPOS="926" WIDTH="41" HEIGHT="20" WC="0.96" CONTENT="av"/><SP WIDTH="18" VPOS="926" HPOS="482"/>
							<String ID="string_108" HPOS="500" VPOS="916" WIDTH="152" HEIGHT="40" WC="0.95" CONTENT="Alnarps"/><SP WIDTH="20" VPOS="916" HPOS="652"/>
							<String ID="string_109" HPOS="672" VPOS="916" WIDTH="107" HEIGHT="30" WC="0.96" CONTENT="skola."/>
						</TextLine>
					</TextBlock>
				</ComposedBlock>
				<ComposedBlock ID="cblock_4" HPOS="307" VPOS="1016" WIDTH="1452" HEIGHT="230">
					<TextBlock ID="block_4" HPOS="307" VPOS="1016" WIDTH="1452" HEIGHT="230">
						<TextLine ID="line_14" HPOS="307" VPOS="1016" WIDTH="1122" HEIGHT="39">
							<String ID="string_110" HPOS="307" VPOS="1016" WIDTH="185" HEIGHT="35" WC="0.96" CONTENT="Utskottet,"/><SP WIDTH="18" VPOS="1016" HPOS="492"/>
							<String ID="string_111" HPOS="510" VPOS="1026" WIDTH="74" HEIGHT="20" WC="0.94" CONTENT="som"/><SP WIDTH="19" VPOS="1026" HPOS="584"/>
							<String ID="string_112" HPOS="603" VPOS="1016" WIDTH="152" HEIGHT="30" WC="0.96" CONTENT="biträder"/><SP WIDTH="18" VPOS="1016" HPOS="755"/>
							<String ID="string_113" HPOS="773" VPOS="1016" WIDTH="127" HEIGHT="38" WC="0.92" CONTENT="Kungl."/><SP WIDTH="18" VPOS="1016" HPOS="900"/>
							<String ID="string_114" HPOS="918" VPOS="1016" WIDTH="122" HEIGHT="39" WC="0.95" CONTENT="Maj:ts"/><SP WIDTH="19" VPOS="1016" HPOS="1040"/>
							<String ID="string_115" HPOS="1059" VPOS="1016" WIDTH="141" HEIGHT="39" WC="0.96" CONTENT="förslag,"/><SP WIDTH="17" VPOS="1016" HPOS="1200"/>
							<String ID="string_116" HPOS="1217" VPOS="1016" WIDTH="212" HEIGHT="33" WC="0.88" CONTENT="hemställer,"/>
						</TextLine>
						<TextLine ID="line_15" HPOS="622" VPOS="1064" WIDTH="1136" HEIGHT="41">
							<String ID="string_117" HPOS="622" VPOS="1069" WIDTH="50" HEIGHT="27" WC="0.96" CONTENT="att"/><SP WIDTH="24" VPOS="1069" HPOS="672"/>
							<String ID="string_118" HPOS="696" VPOS="1066" WIDTH="187" HEIGHT="39" WC="0.96" CONTENT="riksdagen"/><SP WIDTH="23" VPOS="1066" HPOS="883"/>
							<String ID="string_119" HPOS="906" VPOS="1066" WIDTH="57" HEIGHT="29" WC="0.96" CONTENT="må"/><SP WIDTH="22" VPOS="1066" HPOS="963"/>
							<String ID="string_120" HPOS="985" VPOS="1066" WIDTH="51" HEIGHT="30" WC="0.93" CONTENT="till"/><SP WIDTH="26" VPOS="1066" HPOS="1036"/>
							<String ID="string_121" HPOS="1062" VPOS="1065" WIDTH="328" HEIGHT="39" WC="0.90" CONTENT="Byggnadsarbeten"/><SP WIDTH="25" VPOS="1065" HPOS="1390"/>
							<String ID="string_122" HPOS="1415" VPOS="1065" WIDTH="56" HEIGHT="29" WC="0.96" CONTENT="vid"/><SP WIDTH="22" VPOS="1065" HPOS="1471"/>
							<String ID="string_123" HPOS="1493" VPOS="1065" WIDTH="153" HEIGHT="39" WC="0.92" CONTENT="Alnarps"/><SP WIDTH="24" VPOS="1065" HPOS="1646"/>
							<String ID="string_124" HPOS="1670" VPOS="1064" WIDTH="88" HEIGHT="30" WC="0.89" CONTENT="lant-"/>
						</TextLine>
						<TextLine ID="line_16" HPOS="574" VPOS="1114" WIDTH="1185" HEIGHT="41">
							<String ID="string_125" HPOS="574" VPOS="1116" WIDTH="132" HEIGHT="36" WC="0.91" CONTENT="bruks-,"/><SP WIDTH="24" VPOS="1116" HPOS="706"/>
							<String ID="string_126" HPOS="730" VPOS="1116" WIDTH="140" HEIGHT="39" WC="0.91" CONTENT="mejeri-"/><SP WIDTH="23" VPOS="1116" HPOS="870"/>
							<String ID="string_127" HPOS="893" VPOS="1115" WIDTH="64" HEIGHT="30" WC="0.93" CONTENT="och"/><SP WIDTH="26" VPOS="1115" HPOS="957"/>
							<String ID="string_128" HPOS="983" VPOS="1115" WIDTH="324" HEIGHT="40" WC="0.91" CONTENT="trädgårdsinstitut"/><SP WIDTH="24" VPOS="1115" HPOS="1307"/>
							<String ID="string_129" HPOS="1331" VPOS="1115" WIDTH="21" HEIGHT="30" WC="0.91" CONTENT="å"/><SP WIDTH="25" VPOS="1115" HPOS="1352"/>
							<String ID="string_130" HPOS="1377" VPOS="1116" WIDTH="129" HEIGHT="29" WC="0.93" CONTENT="allmän"/><SP WIDTH="24" VPOS="1116" HPOS="1506"/>
							<String ID="string_131" HPOS="1530" VPOS="1114" WIDTH="229" HEIGHT="40" WC="0.91" CONTENT="beredskaps-"/>
						</TextLine>
						<TextLine ID="line_17" HPOS="573" VPOS="1163" WIDTH="1185" HEIGHT="42">
							<String ID="string_132" HPOS="573" VPOS="1169" WIDTH="69" HEIGHT="27" WC="0.94" CONTENT="stat"/><SP WIDTH="25" VPOS="1169" HPOS="642"/>
							<String ID="string_133" HPOS="667" VPOS="1166" WIDTH="54" HEIGHT="30" WC="0.96" CONTENT="för"/><SP WIDTH="25" VPOS="1166" HPOS="721"/>
							<String ID="string_134" HPOS="746" VPOS="1166" WIDTH="205" HEIGHT="39" WC="0.93" CONTENT="budgetåret"/><SP WIDTH="28" VPOS="1166" HPOS="951"/>
							<String ID="string_135" HPOS="979" VPOS="1165" WIDTH="144" HEIGHT="36" WC="0.91" CONTENT="1960/61"/><SP WIDTH="31" VPOS="1165" HPOS="1123"/>
							<String ID="string_136" HPOS="1154" VPOS="1165" WIDTH="150" HEIGHT="40" WC="0.96" CONTENT="uppföra"/><SP WIDTH="25" VPOS="1165" HPOS="1304"/>
							<String ID="string_137" HPOS="1329" VPOS="1167" WIDTH="49" HEIGHT="28" WC="0.96" CONTENT="ett"/><SP WIDTH="27" VPOS="1167" HPOS="1378"/>
							<String ID="string_138" HPOS="1405" VPOS="1165" WIDTH="118" HEIGHT="39" WC="0.96" CONTENT="anslag"/><SP WIDTH="27" VPOS="1165" HPOS="1523"/>
							<String ID="string_139" HPOS="1550" VPOS="1174" WIDTH="42" HEIGHT="20" WC="0.96" CONTENT="av"/><SP WIDTH="25" VPOS="1174" HPOS="1592"/>
							<String ID="string_140" HPOS="1617" VPOS="1163" WIDTH="64" HEIGHT="30" WC="0.95" CONTENT="400"/><SP WIDTH="14" VPOS="1163" HPOS="1681"/>
							<String ID="string_141" HPOS="1695" VPOS="1163" WIDTH="63" HEIGHT="30" WC="0.95" CONTENT="000"/>
						</TextLine>
						<TextLine ID="line_18" HPOS="571" VPOS="1217" WIDTH="141" HEIGHT="29">
							<String ID="string_142" HPOS="571" VPOS="1217" WIDTH="141" HEIGHT="29" WC="0.96" CONTENT="kronor."/>
						</TextLine>
					</TextBlock>
				</ComposedBlock>
				<ComposedBlock ID="cblock_5" HPOS="264" VPOS="1314" WIDTH="1495" HEIGHT="242">
					<TextBlock ID="block_5" HPOS="264" VPOS="1314" WIDTH="1495" HEIGHT="242">
						<TextLine ID="line_19" HPOS="306" VPOS="1314" WIDTH="1453" HEIGHT="40">
							<String ID="string_143" HPOS="306" VPOS="1317" WIDTH="77" HEIGHT="34" WC="0.80" CONTENT="9:0)"/><SP WIDTH="27" VPOS="1317" HPOS="383"/>
							<String ID="string_144" HPOS="410" VPOS="1317" WIDTH="321" HEIGHT="35" WC="0.91" CONTENT="Byggnadsarbeten"/><SP WIDTH="22" VPOS="1317" HPOS="731"/>
							<String ID="string_145" HPOS="753" VPOS="1318" WIDTH="57" HEIGHT="28" WC="0.93" CONTENT="vid"/><SP WIDTH="23" VPOS="1318" HPOS="810"/>
							<String ID="string_146" HPOS="833" VPOS="1316" WIDTH="375" HEIGHT="35" WC="0.86" CONTENT="veterinärhögskolan."/><SP WIDTH="22" VPOS="1316" HPOS="1208"/>
							<String ID="string_147" HPOS="1230" VPOS="1315" WIDTH="319" HEIGHT="39" WC="0.86" CONTENT="Framställningen"/><SP WIDTH="26" VPOS="1315" HPOS="1549"/>
							<String ID="string_148" HPOS="1575" VPOS="1315" WIDTH="110" HEIGHT="29" WC="0.90" CONTENT="under"/><SP WIDTH="23" VPOS="1315" HPOS="1685"/>
							<String ID="string_149" HPOS="1708" VPOS="1314" WIDTH="51" HEIGHT="30" WC="0.90" CONTENT="fö-"/>
						</TextLine>
						<TextLine ID="line_20" HPOS="264" VPOS="1364" WIDTH="1495" HEIGHT="42">
							<String ID="string_150" HPOS="264" VPOS="1367" WIDTH="190" HEIGHT="29" WC="0.91" CONTENT="revarande"/><SP WIDTH="22" VPOS="1367" HPOS="454"/>
							<String ID="string_151" HPOS="476" VPOS="1366" WIDTH="113" HEIGHT="40" WC="0.96" CONTENT="punkt"/><SP WIDTH="22" VPOS="1366" HPOS="589"/>
							<String ID="string_152" HPOS="611" VPOS="1366" WIDTH="191" HEIGHT="30" WC="0.96" CONTENT="innefattar"/><SP WIDTH="22" VPOS="1366" HPOS="802"/>
							<String ID="string_153" HPOS="824" VPOS="1366" WIDTH="222" HEIGHT="39" WC="0.93" CONTENT="upptagande"/><SP WIDTH="22" VPOS="1366" HPOS="1046"/>
							<String ID="string_154" HPOS="1068" VPOS="1366" WIDTH="21" HEIGHT="29" WC="0.91" CONTENT="å"/><SP WIDTH="21" VPOS="1366" HPOS="1089"/>
							<String ID="string_155" HPOS="1110" VPOS="1365" WIDTH="285" HEIGHT="40" WC="0.92" CONTENT="beredskapsstat"/><SP WIDTH="22" VPOS="1365" HPOS="1395"/>
							<String ID="string_156" HPOS="1417" VPOS="1365" WIDTH="54" HEIGHT="30" WC="0.97" CONTENT="för"/><SP WIDTH="22" VPOS="1365" HPOS="1471"/>
							<String ID="string_157" HPOS="1493" VPOS="1366" WIDTH="103" HEIGHT="29" WC="0.93" CONTENT="nästa"/><SP WIDTH="20" VPOS="1366" HPOS="1596"/>
							<String ID="string_158" HPOS="1616" VPOS="1364" WIDTH="143" HEIGHT="40" WC="0.92" CONTENT="budget-"/>
						</TextLine>
						<TextLine ID="line_21" HPOS="264" VPOS="1414" WIDTH="1495" HEIGHT="41">
							<String ID="string_159" HPOS="264" VPOS="1416" WIDTH="38" HEIGHT="30" WC="0.96" CONTENT="år"/><SP WIDTH="21" VPOS="1416" HPOS="302"/>
							<String ID="string_160" HPOS="323" VPOS="1426" WIDTH="42" HEIGHT="20" WC="0.96" CONTENT="av"/><SP WIDTH="20" VPOS="1426" HPOS="365"/>
							<String ID="string_161" HPOS="385" VPOS="1418" WIDTH="48" HEIGHT="28" WC="0.96" CONTENT="ett"/><SP WIDTH="21" VPOS="1418" HPOS="433"/>
							<String ID="string_162" HPOS="454" VPOS="1416" WIDTH="120" HEIGHT="39" WC="0.96" CONTENT="anslag"/><SP WIDTH="21" VPOS="1416" HPOS="574"/>
							<String ID="string_163" HPOS="595" VPOS="1426" WIDTH="41" HEIGHT="20" WC="0.96" CONTENT="av"/><SP WIDTH="25" VPOS="1426" HPOS="636"/>
							<String ID="string_164" HPOS="661" VPOS="1416" WIDTH="92" HEIGHT="29" WC="0.90" CONTENT="1000"/><SP WIDTH="14" VPOS="1416" HPOS="753"/>
							<String ID="string_165" HPOS="767" VPOS="1415" WIDTH="63" HEIGHT="30" WC="0.95" CONTENT="000"/><SP WIDTH="21" VPOS="1415" HPOS="830"/>
							<String ID="string_166" HPOS="851" VPOS="1416" WIDTH="131" HEIGHT="29" WC="0.96" CONTENT="kronor"/><SP WIDTH="21" VPOS="1416" HPOS="982"/>
							<String ID="string_167" HPOS="1003" VPOS="1416" WIDTH="52" HEIGHT="29" WC="0.96" CONTENT="till"/><SP WIDTH="21" VPOS="1416" HPOS="1055"/>
							<String ID="string_168" HPOS="1076" VPOS="1415" WIDTH="325" HEIGHT="40" WC="0.96" CONTENT="byggnadsarbeten"/><SP WIDTH="21" VPOS="1415" HPOS="1401"/>
							<String ID="string_169" HPOS="1422" VPOS="1415" WIDTH="57" HEIGHT="30" WC="0.91" CONTENT="vid"/><SP WIDTH="21" VPOS="1415" HPOS="1479"/>
							<String ID="string_170" HPOS="1500" VPOS="1414" WIDTH="259" HEIGHT="39" WC="0.91" CONTENT="veterinärhög-"/>
						</TextLine>
						<TextLine ID="line_22" HPOS="264" VPOS="1464" WIDTH="1494" HEIGHT="40">
							<String ID="string_171" HPOS="264" VPOS="1466" WIDTH="125" HEIGHT="29" WC="0.96" CONTENT="skolan"/><SP WIDTH="26" VPOS="1466" HPOS="389"/>
							<String ID="string_172" HPOS="415" VPOS="1466" WIDTH="167" HEIGHT="29" WC="0.96" CONTENT="avseende"/><SP WIDTH="27" VPOS="1466" HPOS="582"/>
							<String ID="string_173" HPOS="609" VPOS="1465" WIDTH="74" HEIGHT="30" WC="0.96" CONTENT="dels"/><SP WIDTH="24" VPOS="1465" HPOS="683"/>
							<String ID="string_174" HPOS="707" VPOS="1465" WIDTH="220" HEIGHT="39" WC="0.96" CONTENT="ombyggnad"/><SP WIDTH="26" VPOS="1465" HPOS="927"/>
							<String ID="string_175" HPOS="953" VPOS="1474" WIDTH="41" HEIGHT="21" WC="0.96" CONTENT="av"/><SP WIDTH="23" VPOS="1474" HPOS="994"/>
							<String ID="string_176" HPOS="1017" VPOS="1464" WIDTH="203" HEIGHT="40" WC="0.96" CONTENT="kirurgiska"/><SP WIDTH="24" VPOS="1464" HPOS="1220"/>
							<String ID="string_177" HPOS="1244" VPOS="1465" WIDTH="170" HEIGHT="35" WC="0.96" CONTENT="kliniken,"/><SP WIDTH="28" VPOS="1465" HPOS="1414"/>
							<String ID="string_178" HPOS="1442" VPOS="1465" WIDTH="73" HEIGHT="29" WC="0.92" CONTENT="dels"/><SP WIDTH="26" VPOS="1465" HPOS="1515"/>
							<String ID="string_179" HPOS="1541" VPOS="1464" WIDTH="217" HEIGHT="40" WC="0.92" CONTENT="påbörjande"/>
						</TextLine>
						<TextLine ID="line_23" HPOS="265" VPOS="1515" WIDTH="1406" HEIGHT="41">
							<String ID="string_180" HPOS="265" VPOS="1527" WIDTH="40" HEIGHT="19" WC="0.96" CONTENT="av"/><SP WIDTH="22" VPOS="1527" HPOS="305"/>
							<String ID="string_181" HPOS="327" VPOS="1516" WIDTH="207" HEIGHT="40" WC="0.95" CONTENT="nybyggnad"/><SP WIDTH="24" VPOS="1516" HPOS="534"/>
							<String ID="string_182" HPOS="558" VPOS="1516" WIDTH="56" HEIGHT="29" WC="0.93" CONTENT="för"/><SP WIDTH="22" VPOS="1516" HPOS="614"/>
							<String ID="string_183" HPOS="636" VPOS="1516" WIDTH="377" HEIGHT="39" WC="0.92" CONTENT="röntgenavdelningen"/><SP WIDTH="24" VPOS="1516" HPOS="1013"/>
							<String ID="string_184" HPOS="1037" VPOS="1516" WIDTH="65" HEIGHT="29" WC="0.96" CONTENT="och"/><SP WIDTH="24" VPOS="1516" HPOS="1102"/>
							<String ID="string_185" HPOS="1126" VPOS="1516" WIDTH="153" HEIGHT="29" WC="0.93" CONTENT="kliniska"/><SP WIDTH="22" VPOS="1516" HPOS="1279"/>
							<String ID="string_186" HPOS="1301" VPOS="1515" WIDTH="370" HEIGHT="30" WC="0.92" CONTENT="centrallaboratoriet."/>
						</TextLine>
					</TextBlock>
				</ComposedBlock>
				<ComposedBlock ID="cblock_6" HPOS="309" VPOS="1615" WIDTH="1452" HEIGHT="190">
					<TextBlock ID="block_6" HPOS="309" VPOS="1615" WIDTH="1452" HEIGHT="190">
						<TextLine ID="line_24" HPOS="309" VPOS="1615" WIDTH="1365" HEIGHT="40">
							<String ID="string_187" HPOS="309" VPOS="1616" WIDTH="185" HEIGHT="30" WC="0.95" CONTENT="Utskottet."/><SP WIDTH="30" VPOS="1616" HPOS="494"/>
							<String ID="string_188" HPOS="524" VPOS="1616" WIDTH="5" HEIGHT="29" WC="0.95" CONTENT="I"/><SP WIDTH="20" VPOS="1616" HPOS="529"/>
							<String ID="string_189" HPOS="549" VPOS="1616" WIDTH="155" HEIGHT="39" WC="0.96" CONTENT="enlighet"/><SP WIDTH="19" VPOS="1616" HPOS="704"/>
							<String ID="string_190" HPOS="723" VPOS="1616" WIDTH="79" HEIGHT="29" WC="0.96" CONTENT="med"/><SP WIDTH="22" VPOS="1616" HPOS="802"/>
							<String ID="string_191" HPOS="824" VPOS="1615" WIDTH="127" HEIGHT="40" WC="0.95" CONTENT="Kungl."/><SP WIDTH="21" VPOS="1615" HPOS="951"/>
							<String ID="string_192" HPOS="972" VPOS="1615" WIDTH="124" HEIGHT="39" WC="0.96" CONTENT="Maj:ts"/><SP WIDTH="22" VPOS="1615" HPOS="1096"/>
							<String ID="string_193" HPOS="1118" VPOS="1615" WIDTH="130" HEIGHT="39" WC="0.95" CONTENT="förslag"/><SP WIDTH="20" VPOS="1615" HPOS="1248"/>
							<String ID="string_194" HPOS="1268" VPOS="1615" WIDTH="203" HEIGHT="30" WC="0.96" CONTENT="hemställer"/><SP WIDTH="21" VPOS="1615" HPOS="1471"/>
							<String ID="string_195" HPOS="1492" VPOS="1615" WIDTH="182" HEIGHT="33" WC="0.8" CONTENT="utskottet,"/>
						</TextLine>
						<TextLine ID="line_25" HPOS="619" VPOS="1663" WIDTH="1142" HEIGHT="42">
							<String ID="string_196" HPOS="619" VPOS="1668" WIDTH="50" HEIGHT="28" WC="0.96" CONTENT="att"/><SP WIDTH="25" VPOS="1668" HPOS="669"/>
							<String ID="string_197" HPOS="694" VPOS="1666" WIDTH="188" HEIGHT="39" WC="0.96" CONTENT="riksdagen"/><SP WIDTH="25" VPOS="1666" HPOS="882"/>
							<String ID="string_198" HPOS="907" VPOS="1666" WIDTH="58" HEIGHT="29" WC="0.96" CONTENT="må"/><SP WIDTH="23" VPOS="1666" HPOS="965"/>
							<String ID="string_199" HPOS="988" VPOS="1666" WIDTH="52" HEIGHT="30" WC="0.92" CONTENT="till"/><SP WIDTH="26" VPOS="1666" HPOS="1040"/>
							<String ID="string_200" HPOS="1066" VPOS="1665" WIDTH="328" HEIGHT="40" WC="0.90" CONTENT="Byggnadsarbeten"/><SP WIDTH="28" VPOS="1665" HPOS="1394"/>
							<String ID="string_201" HPOS="1422" VPOS="1665" WIDTH="55" HEIGHT="29" WC="0.93" CONTENT="vid"/><SP WIDTH="26" VPOS="1665" HPOS="1477"/>
							<String ID="string_202" HPOS="1503" VPOS="1663" WIDTH="258" HEIGHT="41" WC="0.92" CONTENT="veterinärhög-"/>
						</TextLine>
						<TextLine ID="line_26" HPOS="573" VPOS="1714" WIDTH="1188" HEIGHT="41">
							<String ID="string_203" HPOS="573" VPOS="1716" WIDTH="125" HEIGHT="30" WC="0.93" CONTENT="skolan"/><SP WIDTH="19" VPOS="1716" HPOS="698"/>
							<String ID="string_204" HPOS="717" VPOS="1716" WIDTH="20" HEIGHT="30" WC="0.93" CONTENT="å"/><SP WIDTH="17" VPOS="1716" HPOS="737"/>
							<String ID="string_205" HPOS="754" VPOS="1715" WIDTH="132" HEIGHT="30" WC="0.92" CONTENT="allmän"/><SP WIDTH="18" VPOS="1715" HPOS="886"/>
							<String ID="string_206" HPOS="904" VPOS="1715" WIDTH="285" HEIGHT="40" WC="0.91" CONTENT="beredskapsstat"/><SP WIDTH="17" VPOS="1715" HPOS="1189"/>
							<String ID="string_207" HPOS="1206" VPOS="1715" WIDTH="55" HEIGHT="30" WC="0.96" CONTENT="för"/><SP WIDTH="17" VPOS="1715" HPOS="1261"/>
							<String ID="string_208" HPOS="1278" VPOS="1714" WIDTH="206" HEIGHT="40" WC="0.93" CONTENT="budgetåret"/><SP WIDTH="20" VPOS="1714" HPOS="1484"/>
							<String ID="string_209" HPOS="1504" VPOS="1714" WIDTH="149" HEIGHT="36" WC="0.91" CONTENT="1960/61"/><SP WIDTH="22" VPOS="1714" HPOS="1653"/>
							<String ID="string_210" HPOS="1675" VPOS="1723" WIDTH="86" HEIGHT="31" WC="0.92" CONTENT="upp-"/>
						</TextLine>
						<TextLine ID="line_27" HPOS="576" VPOS="1764" WIDTH="708" HEIGHT="41">
							<String ID="string_211" HPOS="576" VPOS="1766" WIDTH="79" HEIGHT="30" WC="0.96" CONTENT="föra"/><SP WIDTH="20" VPOS="1766" HPOS="655"/>
							<String ID="string_212" HPOS="675" VPOS="1768" WIDTH="48" HEIGHT="28" WC="0.96" CONTENT="ett"/><SP WIDTH="22" VPOS="1768" HPOS="723"/>
							<String ID="string_213" HPOS="745" VPOS="1766" WIDTH="121" HEIGHT="39" WC="0.96" CONTENT="anslag"/><SP WIDTH="22" VPOS="1766" HPOS="866"/>
							<String ID="string_214" HPOS="888" VPOS="1775" WIDTH="42" HEIGHT="20" WC="0.96" CONTENT="av"/><SP WIDTH="23" VPOS="1775" HPOS="930"/>
							<String ID="string_215" HPOS="953" VPOS="1764" WIDTH="92" HEIGHT="31" WC="0.93" CONTENT="1000"/><SP WIDTH="15" VPOS="1764" HPOS="1045"/>
							<String ID="string_216" HPOS="1060" VPOS="1764" WIDTH="63" HEIGHT="31" WC="0.96" CONTENT="000"/><SP WIDTH="22" VPOS="1764" HPOS="1123"/>
							<String ID="string_217" HPOS="1145" VPOS="1765" WIDTH="139" HEIGHT="30" WC="0.96" CONTENT="kronor."/>
						</TextLine>
					</TextBlock>
				</ComposedBlock>
				<ComposedBlock ID="cblock_7" HPOS="754" VPOS="1886" WIDTH="514" HEIGHT="43">
					<TextBlock ID="block_7" HPOS="754" VPOS="1886" WIDTH="514" HEIGHT="43">
						<TextLine ID="line_28" HPOS="754" VPOS="1886" WIDTH="514" HEIGHT="43">
							<String ID="string_218" HPOS="754" VPOS="1887" WIDTH="41" HEIGHT="32" WC="0.90" CONTENT="V."/><SP WIDTH="18" VPOS="1887" HPOS="795"/>
							<String ID="string_219" HPOS="813" VPOS="1888" WIDTH="140" HEIGHT="32" WC="0.93" CONTENT="Statens"/><SP WIDTH="13" VPOS="1888" HPOS="953"/>
							<String ID="string_220" HPOS="966" VPOS="1886" WIDTH="302" HEIGHT="43" WC="0.91" CONTENT="utlåningsfonder"/>
						</TextLine>
					</TextBlock>
				</ComposedBlock>
				<ComposedBlock ID="cblock_8" HPOS="265" VPOS="1966" WIDTH="1495" HEIGHT="231">
					<TextBlock ID="block_8" HPOS="265" VPOS="1966" WIDTH="1495" HEIGHT="231">
						<TextLine ID="line_29" HPOS="311" VPOS="1966" WIDTH="1449" HEIGHT="39">
							<String ID="string_221" HPOS="311" VPOS="1968" WIDTH="97" HEIGHT="34" WC="0.92" CONTENT="10:0)"/><SP WIDTH="29" VPOS="1968" HPOS="408"/>
							<String ID="string_222" HPOS="437" VPOS="1969" WIDTH="354" HEIGHT="29" WC="0.90" CONTENT="Fiskerilånefonden."/><SP WIDTH="25" VPOS="1969" HPOS="791"/>
							<String ID="string_223" HPOS="816" VPOS="1968" WIDTH="78" HEIGHT="29" WC="0.96" CONTENT="Med"/><SP WIDTH="23" VPOS="1968" HPOS="894"/>
							<String ID="string_224" HPOS="917" VPOS="1967" WIDTH="202" HEIGHT="30" WC="0.96" CONTENT="biträdande"/><SP WIDTH="25" VPOS="1967" HPOS="1119"/>
							<String ID="string_225" HPOS="1144" VPOS="1977" WIDTH="42" HEIGHT="20" WC="0.96" CONTENT="av"/><SP WIDTH="24" VPOS="1977" HPOS="1186"/>
							<String ID="string_226" HPOS="1210" VPOS="1967" WIDTH="125" HEIGHT="38" WC="0.95" CONTENT="Kungl."/><SP WIDTH="26" VPOS="1967" HPOS="1335"/>
							<String ID="string_227" HPOS="1361" VPOS="1966" WIDTH="124" HEIGHT="39" WC="0.96" CONTENT="Maj:ts"/><SP WIDTH="25" VPOS="1966" HPOS="1485"/>
							<String ID="string_228" HPOS="1510" VPOS="1966" WIDTH="131" HEIGHT="39" WC="0.93" CONTENT="förslag"/><SP WIDTH="24" VPOS="1966" HPOS="1641"/>
							<String ID="string_229" HPOS="1665" VPOS="1966" WIDTH="95" HEIGHT="30" WC="0.92" CONTENT="hem-"/>
						</TextLine>
						<TextLine ID="line_30" HPOS="265" VPOS="2018" WIDTH="319" HEIGHT="33">
							<String ID="string_230" HPOS="265" VPOS="2019" WIDTH="120" HEIGHT="29" WC="0.95" CONTENT="ställer"/><SP WIDTH="21" VPOS="2019" HPOS="385"/>
							<String ID="string_231" HPOS="406" VPOS="2018" WIDTH="178" HEIGHT="33" WC="0.96" CONTENT="utskottet,"/>
						</TextLine>
						<TextLine ID="line_31" HPOS="618" VPOS="2065" WIDTH="1142" HEIGHT="42">
							<String ID="string_232" HPOS="618" VPOS="2070" WIDTH="50" HEIGHT="28" WC="0.96" CONTENT="att"/><SP WIDTH="26" VPOS="2070" HPOS="668"/>
							<String ID="string_233" HPOS="694" VPOS="2068" WIDTH="187" HEIGHT="39" WC="0.95" CONTENT="riksdagen"/><SP WIDTH="26" VPOS="2068" HPOS="881"/>
							<String ID="string_234" HPOS="907" VPOS="2067" WIDTH="57" HEIGHT="30" WC="0.96" CONTENT="må"/><SP WIDTH="25" VPOS="2067" HPOS="964"/>
							<String ID="string_235" HPOS="989" VPOS="2067" WIDTH="51" HEIGHT="30" WC="0.92" CONTENT="till"/><SP WIDTH="25" VPOS="2067" HPOS="1040"/>
							<String ID="string_236" HPOS="1065" VPOS="2066" WIDTH="350" HEIGHT="40" WC="0.91" CONTENT="Fiskerilånefonden"/><SP WIDTH="26" VPOS="2066" HPOS="1415"/>
							<String ID="string_237" HPOS="1441" VPOS="2067" WIDTH="20" HEIGHT="29" WC="0.91" CONTENT="å"/><SP WIDTH="25" VPOS="2067" HPOS="1461"/>
							<String ID="string_238" HPOS="1486" VPOS="2067" WIDTH="131" HEIGHT="29" WC="0.93" CONTENT="allmän"/><SP WIDTH="26" VPOS="2067" HPOS="1617"/>
							<String ID="string_239" HPOS="1643" VPOS="2065" WIDTH="117" HEIGHT="30" WC="0.91" CONTENT="bered-"/>
						</TextLine>
						<TextLine ID="line_32" HPOS="579" VPOS="2115" WIDTH="1181" HEIGHT="42">
							<String ID="string_240" HPOS="579" VPOS="2118" WIDTH="177" HEIGHT="39" WC="0.92" CONTENT="skapsstat"/><SP WIDTH="33" VPOS="2118" HPOS="756"/>
							<String ID="string_241" HPOS="789" VPOS="2117" WIDTH="55" HEIGHT="30" WC="0.96" CONTENT="för"/><SP WIDTH="33" VPOS="2117" HPOS="844"/>
							<String ID="string_242" HPOS="877" VPOS="2117" WIDTH="203" HEIGHT="39" WC="0.57" CONTENT="budgetåret"/><SP WIDTH="36" VPOS="2117" HPOS="1080"/>
							<String ID="string_243" HPOS="1116" VPOS="2116" WIDTH="146" HEIGHT="36" WC="0.92" CONTENT="1960/61"/><SP WIDTH="38" VPOS="2116" HPOS="1262"/>
							<String ID="string_244" HPOS="1300" VPOS="2116" WIDTH="149" HEIGHT="40" WC="0.96" CONTENT="uppföra"/><SP WIDTH="34" VPOS="2116" HPOS="1449"/>
							<String ID="string_245" HPOS="1483" VPOS="2118" WIDTH="47" HEIGHT="28" WC="0.96" CONTENT="ett"/><SP WIDTH="35" VPOS="2118" HPOS="1530"/>
							<String ID="string_246" HPOS="1565" VPOS="2115" WIDTH="121" HEIGHT="39" WC="0.96" CONTENT="anslag"/><SP WIDTH="34" VPOS="2115" HPOS="1686"/>
							<String ID="string_247" HPOS="1720" VPOS="2125" WIDTH="40" HEIGHT="20" WC="0.94" CONTENT="av"/>
						</TextLine>
						<TextLine ID="line_33" HPOS="574" VPOS="2167" WIDTH="340" HEIGHT="30">
							<String ID="string_248" HPOS="574" VPOS="2168" WIDTH="18" HEIGHT="29" WC="0.73" CONTENT="3"/><SP WIDTH="15" VPOS="2168" HPOS="592"/>
							<String ID="string_249" HPOS="607" VPOS="2167" WIDTH="63" HEIGHT="30" WC="0.91" CONTENT="000"/><SP WIDTH="15" VPOS="2167" HPOS="670"/>
							<String ID="string_250" HPOS="685" VPOS="2167" WIDTH="61" HEIGHT="30" WC="0.95" CONTENT="000"/><SP WIDTH="26" VPOS="2167" HPOS="746"/>
							<String ID="string_251" HPOS="772" VPOS="2168" WIDTH="142" HEIGHT="29" WC="0.96" CONTENT="kronor."/>
						</TextLine>
					</TextBlock>
				</ComposedBlock>
				<ComposedBlock ID="cblock_9" HPOS="309" VPOS="2242" WIDTH="562" HEIGHT="39">
					<TextBlock ID="block_9" HPOS="309" VPOS="2242" WIDTH="562" HEIGHT="39">
						<TextLine ID="line_34" HPOS="309" VPOS="2242" WIDTH="562" HEIGHT="39">
							<String ID="string_252" HPOS="309" VPOS="2243" WIDTH="201" HEIGHT="29" WC="0.3" CONTENT="Stockhohu"/><SP WIDTH="20" VPOS="2243" HPOS="510"/>
							<String ID="string_253" HPOS="530" VPOS="2243" WIDTH="66" HEIGHT="29" WC="0.96" CONTENT="den"/><SP WIDTH="22" VPOS="2243" HPOS="596"/>
							<String ID="string_254" HPOS="618" VPOS="2242" WIDTH="40" HEIGHT="30" WC="0.95" CONTENT="20"/><SP WIDTH="21" VPOS="2242" HPOS="658"/>
							<String ID="string_255" HPOS="679" VPOS="2242" WIDTH="84" HEIGHT="39" WC="0.96" CONTENT="april"/><SP WIDTH="25" VPOS="2242" HPOS="763"/>
							<String ID="string_256" HPOS="788" VPOS="2242" WIDTH="83" HEIGHT="29" WC="0.96" CONTENT="1960"/>
						</TextLine>
					</TextBlock>
				</ComposedBlock>
				<ComposedBlock ID="cblock_10" HPOS="705" VPOS="2343" WIDTH="609" HEIGHT="104">
					<TextBlock ID="block_10" HPOS="705" VPOS="2343" WIDTH="609" HEIGHT="104">
						<TextLine ID="line_35" HPOS="705" VPOS="2343" WIDTH="609" HEIGHT="38">
							<String ID="string_257" HPOS="705" VPOS="2344" WIDTH="46" HEIGHT="30" WC="0.93" CONTENT="På"/><SP WIDTH="23" VPOS="2344" HPOS="751"/>
							<String ID="string_258" HPOS="774" VPOS="2343" WIDTH="374" HEIGHT="38" WC="0.90" CONTENT="jordbruksutskotiels"/><SP WIDTH="25" VPOS="2343" HPOS="1148"/>
							<String ID="string_259" HPOS="1173" VPOS="2344" WIDTH="141" HEIGHT="36" WC="0.96" CONTENT="vägnar:"/>
						</TextLine>
						<TextLine ID="line_36" HPOS="774" VPOS="2417" WIDTH="475" HEIGHT="30">
							<String ID="string_260" HPOS="774" VPOS="2418" WIDTH="173" HEIGHT="29" WC="0.96" CONTENT="ANDERS"/><SP WIDTH="25" VPOS="2418" HPOS="947"/>
							<String ID="string_261" HPOS="972" VPOS="2417" WIDTH="277" HEIGHT="30" WC="0.96" CONTENT="PETTERSSON"/>
						</TextLine>
					</TextBlock>
				</ComposedBlock>
			</PrintSpace>
		</Page>
	</Layout>
</alto>
