1868 2766
246 135 38 29 28
566 134 122 29 Första
711 133 245 39 lagutskottets
979 133 179 29 utlåtande
1179 142 42 20 nr
1243 134 19 29 3
1283 133 37 29 år
1343 133 83 29 1964

247 219 9 29 i
275 218 40 30 24
333 218 65 29 och
417 218 40 29 25
476 218 78 39 kap.
573 217 328 40 rättegångsbalken
920 218 38 28 är
978 217 136 39 stadgat
1134 217 89 30 skall
1243 217 88 30 dock
1349 217 75 29 icke
1444 217 89 39 gälla
1552 216 192 30 beträffan-

247 260 39 29 de
306 259 95 40 dylik
420 260 105 29 talan.
546 259 114 30 Sådan
679 259 352 39 rättegångskostnad
1052 268 74 20 som
1146 268 98 20 avses
1263 260 11 28 i
1294 259 38 29 31
1353 259 79 39 kap.
1456 259 13 28 1
1494 258 15 37 $
1531 259 214 39 rättegångs-

246 301 124 30 balken
391 302 89 29 skall
501 303 124 28 stanna
644 301 20 29 å
685 301 217 30 statsverket.

289 420 122 29 Denna
430 420 55 39 lag
504 419 116 29 träder
639 420 11 28 i
671 418 96 31 kraft
787 419 66 29 den
875 420 14 28 1
911 419 142 39 januari
1076 418 93 35 1965,
1190 418 43 30 då
1253 419 142 39 lagarna
1416 418 66 30 den
1506 418 38 30 19
1564 419 70 39 maj
1662 418 83 30 1944

251 461 58 33 (nr
325 461 79 33 215)
426 469 56 21 om
499 460 154 40 eftergift
669 470 42 20 av
727 460 71 30 åtal
814 462 73 28 mot
903 461 92 29 vissa
1011 460 210 40 underåriga
1238 461 64 29 och
1319 460 65 30 den
1402 460 40 30 20
1461 460 181 30 december
1662 460 83 29 1946

251 503 57 33 (nr
330 502 79 34 862)
436 502 80 30 med
536 503 93 29 vissa
649 502 263 30 bestämmelser
934 511 55 21 om
1011 502 70 29 mål
1103 502 148 30 rörande
1273 502 92 29 brott
1387 511 40 20 av
1450 502 187 39 underårig
1660 511 84 30 upp-

246 544 84 29 höra
351 546 50 28 att
422 545 100 39 gälla.

888 698 41 44 0)
956 698 145 43 Förslag

970 765 51 28 till

959 834 72 43 Lag

673 924 60 20 om
756 911 265 44 verkställighet
1044 923 44 21 av
1111 911 207 34 bötesstraff

292 1011 210 40 Härigenom
525 1011 185 30 förordnas
734 1020 74 21 som
831 1011 114 40 följer.

661 1094 180 38 Betalning
862 1096 64 29 och
948 1094 199 37 indrivning
1168 1105 42 19 av
1233 1095 95 30 böter

962 1163 64 36 15.

291 1205 112 33 Böter,
424 1213 75 21 som
519 1205 60 29 äro
599 1204 168 30 förfallna
787 1205 50 29 till
858 1204 188 39 betalning,
1068 1204 99 30 skola
1187 1206 120 38 genast
1328 1205 165 39 erläggas.
1515 1204 146 30 Förmår
1682 1205 65 30 den

245 1246 165 30 bötfällde
432 1247 77 29 icke
532 1246 94 30 detta
648 1246 83 30 eller
754 1246 112 30 skulle
888 1247 71 28 han
982 1247 149 39 oskäligt
1154 1247 168 39 betungas
1346 1247 117 33 därav,
1486 1247 57 29 må
1567 1247 89 29 dock
1679 1247 65 29 den

245 1288 202 40 myndighet
471 1297 74 21 som
569 1288 63 31 har
656 1290 51 27 att
729 1288 137 30 indriva
889 1288 145 30 böterna
1057 1288 129 39 bevilja
1209 1289 129 29 honom
1363 1288 149 30 anstånd
1537 1288 79 30 med
1640 1288 105 30 betal-

245 1330 127 40 ningen
392 1331 82 29 eller
495 1330 157 39 medgiva
673 1330 231 39 avbetalning.
925 1330 159 29 Anstånd
1104 1330 57 29 må
1181 1330 145 40 beviljas
1348 1330 111 30 under
1480 1330 78 40 fyra
1578 1330 168 30 månader

246 1372 78 29 från
352 1372 57 30 det
434 1372 114 30 beslut
574 1372 122 30 därom
723 1371 187 31 meddelas.
938 1372 231 39 Avbetalning
1197 1372 89 29 skall
1314 1372 60 30 ske
1401 1372 80 30 med
1507 1372 87 30 visst
1621 1372 124 40 belopp

244 1415 107 28 minst
371 1423 42 21 en
434 1414 89 40 gång
541 1414 12 30 i
573 1414 186 34 månaden,
779 1422 56 21 om
857 1414 30 39 ej
912 1413 174 30 särskilda
1106 1414 297 39 omständigheter
1424 1414 182 30 föranleda
1627 1416 117 32 annat,

245 1456 64 29 och
330 1457 10 28 i
363 1456 111 39 övrigt
497 1456 46 34 så,
566 1458 50 28 att
638 1456 145 29 böterna
805 1456 60 29 äro
888 1455 52 30 till
964 1455 87 30 fullo
1072 1455 140 30 betalda
1233 1455 94 30 inom
1351 1457 48 28 ett
1421 1456 39 29 år
1483 1455 80 30 från
1585 1456 159 30 beslutet.

244 1498 69 29 När
332 1497 174 30 särskilda
525 1498 75 29 skäl
618 1498 61 29 äro
699 1497 127 35 därtill,
845 1497 58 30 må
922 1498 94 29 tiden
1036 1497 210 34 utsträckas,
1267 1497 54 30 för
1341 1498 149 29 anstånd
1510 1498 52 29 till
1582 1498 73 30 åtta
1674 1498 71 29 må-

245 1540 107 30 nader
369 1540 65 29 och
451 1539 55 30 för
523 1539 222 40 avbetalning
761 1540 51 29 till
831 1539 56 30 två
906 1539 48 30 år.

288 1581 158 30 Anstånd
466 1582 66 29 och
550 1582 69 29 rätt
639 1581 52 30 till
712 1581 223 40 avbetalning
953 1581 57 30 må
1030 1581 30 40 ej
1084 1581 158 40 beviljas,
1263 1591 56 20 om
1340 1582 66 29 den
1426 1581 169 30 bötfällde
1616 1582 130 29 saknar

245 1623 127 40 stadigt
393 1623 150 30 hemvist
564 1623 64 30 här
649 1623 11 30 i
683 1623 90 30 riket
795 1623 82 30 eller
898 1623 72 29 kan
992 1625 144 38 antagas
1159 1624 85 39 vilja
1267 1623 229 39 undandraga
1519 1623 51 40 sig
1591 1623 155 30 bötesbe-

245 1666 121 29 slutets
387 1665 264 40 verkställighet
672 1665 83 31 eller
776 1665 346 40 omständigheterna
1142 1665 102 40 eljest
1266 1666 76 39 giva
1364 1665 188 40 anledning
1574 1665 52 30 till
1649 1667 97 28 anta-

244 1707 109 39 gande
373 1709 50 28 att
444 1707 149 30 anstånd
613 1708 83 29 eller
716 1707 69 30 rätt
805 1707 51 30 till
878 1707 222 40 avbetalning
1119 1707 75 30 icke
1215 1707 159 29 kommer
1394 1709 49 27 att
1464 1707 77 30 leda
1561 1708 53 29 till
1635 1707 111 31 böter-

244 1758 63 21 nas
328 1749 216 39 erläggande.

960 1808 67 36 28.

287 1858 116 39 Yppas
426 1858 87 30 efter
536 1858 55 30 det
613 1858 114 29 beslut
750 1858 177 39 angående
950 1858 150 30 anstånd
1123 1859 83 29 eller
1228 1858 221 40 avbetalning
1470 1858 193 30 meddelats
1687 1868 59 20 an-

246 1900 141 39 ledning
412 1900 52 30 till
490 1899 149 40 ändring
663 1900 11 30 i
700 1900 160 34 beslutet,
886 1900 58 29 må
971 1900 109 29 sådan
1107 1900 149 39 ändring
1281 1900 168 39 vidtagas.
1476 1900 160 30 Anstånd
1664 1901 82 30 eller

246 1942 67 29 rätt
330 1941 53 30 till
401 1941 222 40 avbetalning
640 1941 57 30 må
716 1941 89 30 dock
822 1942 31 39 ej
874 1942 199 30 utsträckas
1093 1943 121 29 utöver
1233 1942 40 30 de
1290 1943 13 29 i
1322 1942 15 29 1
1360 1942 15 37 $
1396 1942 54 30 för
1467 1942 163 30 vartdera
1649 1942 97 30 fallet

246 1983 164 39 stadgade
426 1983 147 34 tiderna,
589 1983 128 30 räknat
733 1983 80 30 från
830 1984 65 29 den
913 1983 65 40 dag
994 1983 43 31 då
1053 1984 114 30 beslut
1184 1993 56 20 om
1259 1984 149 29 anstånd
1425 1984 82 30 eller
1524 1984 222 40 avbetalning

244 2025 88 30 först
351 2025 231 30 meddelades.

288 2067 178 39 Fullgöres
487 2067 30 40 ej
541 2067 223 40 avbetalning
782 2068 96 29 inom
900 2067 217 30 föreskriven
1137 2067 61 34 tid,
1221 2068 88 29 skall
1330 2068 78 29 hela
1429 2068 57 29 det
1507 2068 160 30 obetalda
1688 2068 57 30 bö-

244 2109 212 39 tesbeloppet
473 2111 120 37 genast
610 2109 167 40 erläggas.
795 2109 66 30 Om
879 2109 200 39 synnerliga
1096 2109 76 30 skäl
1190 2110 60 29 äro
1268 2109 126 35 därtill,
1413 2110 57 29 må
1487 2110 90 30 dock
1594 2110 151 30 anstånd

244 2151 82 30 eller
343 2151 200 39 ytterligare
563 2151 223 39 avbetalning
804 2151 187 39 medgivas.
1011 2151 75 30 Vad
1106 2152 10 29 i
1137 2151 111 30 första
1269 2151 133 40 stycket
1422 2151 211 30 föreskrives
1655 2152 88 30 skall

244 2193 121 30 därvid
383 2193 184 39 iakttagas.

959 2251 18 30 3
998 2251 27 37 8.

286 2301 102 30 Böter
405 2310 74 21 som
497 2302 29 39 ej
545 2302 156 39 erläggas
719 2301 108 34 skola,
844 2311 56 20 om
918 2302 29 39 ej
968 2303 107 28 annat
1092 2302 38 28 är
1147 2302 218 34 föreskrivet,
1382 2302 155 30 indrivas
1555 2303 106 39 enligt
1677 2302 65 31 vad

243 2343 120 29 därom
382 2343 39 29 är
441 2343 141 30 särskilt
602 2343 148 40 stadgat.

288 2385 101 30 Utom
412 2385 168 39 egendom
604 2394 75 21 som
701 2385 142 40 jämlikt
866 2385 41 30 65
933 2385 15 36 $
973 2385 311 40 utsökningslagen
1308 2386 88 30 skall
1421 2386 220 40 undantagas
1664 2386 80 31 från

243 2427 199 39 utmätning
462 2427 58 29 må
542 2426 53 30 för
616 2427 98 30 böter
735 2427 30 39 ej
790 2427 108 30 heller
919 2428 97 38 tagas
1037 2428 12 29 i
1071 2428 72 29 mät
1166 2427 70 30 fast
1257 2428 82 29 eller
1360 2428 51 29 lös
1433 2428 179 39 egendom,
1637 2437 74 21 som
1733 2429 10 29 i
