1850 2764
244 129 39 31 56
562 129 126 31 Första
709 129 245 41 lagutskottets
977 132 178 31 utlåtande
1176 143 42 20 nr
1239 135 20 29 3
1279 134 40 30 år
1339 135 84 30 1964

433 212 185 33 (Gällande
643 213 146 39 lydelse)
1154 217 224 41 (Föreslagen
1404 219 147 39 lydelse)

952 275 40 31 78
1010 278 26 38 8.

289 322 79 30 Med
391 322 96 30 böter
507 322 81 40 från
612 323 65 30 och
698 324 81 30 med
800 324 173 41 tjugufem
1058 326 66 31 Till
1140 326 184 40 dagsböter
1339 327 137 31 dömes:

247 363 51 30 till
312 364 64 30 och
392 364 80 30 med
487 366 49 28 ett
551 366 102 29 tusen
668 365 130 31 kronor
813 366 161 41 straffes:

290 405 35 34 1)
355 406 151 30 ledamot
523 415 43 21 av
614 424 72 5 ——
700 425 285 6 ———
891 401 97 51 ——
1001 409 128 42 oriktig
1146 411 153 40 uppgift;

288 447 36 35 2)
354 448 300 40 styrelseledamot
671 450 83 30 eller
795 467 19 5 —
847 468 27 4 —
905 468 29 5 —
960 469 32 4 —
1019 470 34 4 —
1077 470 36 4 —
1130 453 58 30 må
1208 453 193 36 användas;

288 489 36 35 3)
352 490 143 35 revisor,
512 491 64 30 där
593 508 406 7 —————
905 485 36 50 —
959 485 44 50 —
1015 493 131 31 honom
1165 495 196 39 granskats.

951 577 40 31 79
1009 577 27 38 8.

288 623 213 32 Äsidosättes
521 625 194 36 föreskrift,
735 635 74 21 som
828 627 12 29 i
861 627 39 31 37
924 627 15 37 8
961 628 110 30 andra
1090 629 145 39 stycket,
1255 629 38 30 41
1317 629 16 37 8
1356 629 111 31 första
1486 630 146 40 stycket,
1651 631 42 30 44
1715 631 27 37 8,

244 666 40 30 47
308 666 15 37 8
345 667 110 30 andra
474 667 65 30 och
558 668 114 40 tredje
693 669 176 39 styckena,
892 670 39 30 51
957 669 15 38 $
996 670 110 30 första
1128 671 144 39 stycket,
1295 671 42 31 54
1361 674 14 38 8
1398 672 85 30 sista
1505 673 135 39 stycket
1661 673 83 30 eller

245 708 40 31 76
303 708 16 37 $
335 708 111 31 första
460 710 64 29 och
539 710 112 30 andra
667 711 165 38 styckena
849 711 39 30 är
903 712 194 34 meddelad,
1113 713 83 29 eller
1213 713 213 30 försummar
1444 714 300 39 styrelseledamot

243 759 80 21 vare
343 750 52 40 sig
414 753 50 28 att
482 751 45 40 på
548 752 69 30 sätt
638 752 12 29 i
671 753 41 30 56
734 753 16 37 8
772 753 112 40 tredje
907 753 134 40 stycket
1062 754 140 40 stadgas
1222 755 93 30 hålla
1336 755 66 30 den
1424 756 63 29 där
1508 756 235 30 omförmälda

244 792 264 41 förteckningen
524 794 194 40 tillgänglig
732 795 65 29 och
812 795 193 30 översända
1022 796 66 30 den
1105 796 52 30 till
1176 796 169 31 flottande
1362 797 83 30 eller
1461 799 61 32 att,
1539 798 43 29 då
1602 797 142 30 flottan-

243 835 41 30 de
307 835 107 40 enligt
437 835 104 40 sjätte
565 836 135 40 stycket
729 836 3 30 i
755 837 156 30 nämnda
936 837 16 37 $
976 837 149 40 påyrkat
1149 838 262 39 hänskjutande
1437 848 43 20 av
1504 839 86 30 visst
1614 839 128 30 ärende

243 876 53 30 till
313 878 172 40 prövning
503 878 21 30 å
542 878 349 40 flottningsstämma,
914 879 70 30 låta
1003 881 154 38 upptaga
1177 880 143 30 ärendet
1341 880 20 30 å
1382 880 277 40 förteckningen,

287 920 143 39 straffes
454 921 66 30 den
545 921 205 40 försumlige
774 921 81 30 med
879 921 96 30 böter
1055 922 120 29 dömes
1200 922 66 30 den
1291 922 205 40 försumlige
1522 922 52 30 till
1598 922 145 40 dagsbö-

243 961 79 39 från
346 962 64 30 och
432 962 80 30 med
533 962 71 40 fem
629 963 52 30 till
701 963 63 30 och
785 963 82 30 med
887 963 88 40 fem-
1012 965 60 28 ter.

242 1003 138 30 hundra
397 1004 139 30 kronor.

286 1046 177 30 Förseelse
480 1048 73 28 mot
579 1064 27 4 —
630 1064 30 4 —
687 1064 33 4 —
747 1065 30 4 —
804 1066 33 3 —
867 1065 40 4 —
923 1047 96 40 varje
1037 1047 182 31 flottande.

286 1087 77 31 Åtal
378 1087 55 31 för
478 1106 70 4 ——
575 1106 32 4 —
620 1106 219 5 ————
855 1089 61 31 sitt
932 1090 82 29 säte.

944 1173 40 31 80
1003 1176 27 38 8.

286 1222 41 39 Ej
349 1222 58 30 må
427 1223 115 34 straff,
563 1232 76 21 som
659 1232 87 21 ovan
767 1224 38 29 är
826 1223 147 41 stadgat,
1054 1224 41 39 Ej
1118 1224 59 30 må
1197 1224 114 39 straff,
1332 1234 74 21 som
1425 1234 89 20 ovan
1534 1225 39 29 är
1594 1225 148 40 stadgat,

243 1264 186 40 tillämpas,
459 1264 63 32 där
552 1264 191 40 förseelsen
775 1265 107 40 enligt
912 1265 62 31 all-
1010 1266 187 40 tillämpas,
1219 1275 54 21 om
1297 1266 56 40 för
1373 1266 191 40 gärningen
1587 1267 40 29 är
1649 1267 94 30 stad-

241 1306 130 30 männa
393 1306 208 40 strafflagen
627 1307 61 30 bör
712 1307 158 40 beläggas
893 1308 81 30 med
1009 1310 58 38 gat
1089 1308 180 40 strängare
1291 1309 108 40 straff
1418 1309 12 30 i
1451 1308 249 31 brottsbalken.

241 1348 180 40 strängare
440 1348 116 40 straff.

560 1433 40 30 81
622 1433 32 37 $.

284 1482 112 36 Böter,
410 1491 74 21 som
500 1482 146 31 ådömas
661 1483 106 40 enligt
779 1484 115 30 denna
909 1484 64 40 lag,

244 1524 137 39 tillfalla
412 1524 146 37 kronan,
592 1525 90 30 dock
713 1527 51 28 att
793 1535 43 20 av
867 1526 106 37 böter,

242 1575 74 20 som
342 1566 143 31 ådömas
510 1567 107 39 enligt
642 1567 39 30 77
707 1570 17 38 $
747 1568 111 39 första
884 1570 91 38 styc-

242 1608 68 36 ket,
345 1617 41 21 en
421 1609 178 39 tredjedel,
633 1609 89 30 dock
753 1610 103 39 högst
887 1610 87 40 fem-

240 1650 139 30 hundra
413 1650 139 37 kronor,
587 1651 155 40 tillfaller
773 1652 200 40 åklagaren.

240 1692 136 30 Saknas
393 1692 142 41 tillgång
552 1693 52 30 till
621 1693 160 31 böternas
799 1694 89 39 fulla
903 1695 71 40 gäl-

241 1734 123 37 dande,
397 1734 91 30 skall
518 1735 224 41 förvandling
773 1736 61 30 ske
867 1737 107 39 enligt

241 1776 177 30 allmänna
434 1777 220 40 strafflagen.

284 1894 123 30 Denna
423 1895 55 39 lag
496 1895 117 30 träder
630 1895 12 30 i
660 1895 95 31 kraft
773 1895 67 31 den
862 1897 15 30 1
897 1896 142 40 januari
1060 1897 94 31 1965.
