2230 2630
455 211 40 31 24
908 209 248 35 Statsutskottets
1185 208 171 36 Utlåtande
1379 212 65 31 N:o
1469 212 53 31 77.

415 290 41 36 af
482 290 272 37 instrumentet
793 289 108 38 öfver
935 291 160 37 berörda
1122 290 302 49 undersökning,
1453 290 134 48 anfört,
1616 290 181 37 hurusom
1825 286 114 40 deraf
1960 289 56 38 in-

417 340 211 47 hemtades,
657 346 55 31 att
739 341 145 36 kronan
914 342 96 36 först
1037 346 39 33 år
1106 343 97 36 1554
1231 342 79 36 haft
1337 344 125 46 någon
1482 341 170 37 inkomst
1671 341 41 37 af
1725 341 289 37 vinternotfiske

412 391 99 37 efter
545 391 227 48 strömming
798 392 11 36 1
836 392 209 45 Bråviken;
1074 397 55 32 att
1152 392 126 37 denna
1305 392 202 36 inkomst
1495 387 23 59 i
1537 394 95 35 1555
1661 395 60 34 års
1749 392 265 48 räkenskaper

413 442 261 48 uttryckligen
716 442 184 49 angåfves
941 443 113 36 hafva
1092 443 168 48 utgjorts
1289 443 40 36 af
1351 445 65 34 två
1442 442 112 36 lotter
1580 443 13 35 i
1621 443 133 48 hvarje
1781 448 82 40 not;
1892 447 55 31 att
1976 441 40 37 af

414 492 48 36 de
490 492 167 48 följande
692 492 324 50 räkenskaperna,
1045 494 126 36 såvidt
1199 494 46 35 de
1274 493 135 36 funnes
1437 493 12 36 1
1476 493 139 46 behåll,
1644 493 162 48 somliga
1836 498 173 44 upptoge

415 557 48 22 en
491 543 93 37 eller
624 546 66 34 två
729 544 240 36 kronolotter
1008 544 41 36 af
1073 544 164 36 berörda
1263 544 106 47 fiske,
1398 543 136 37 medan
1563 546 81 34 åter
1670 543 12 36 i
1710 543 117 37 andra
1853 542 154 50 uppgift

414 593 190 38 saknades
646 594 11 36 i
698 594 166 37 berörda
905 594 184 37 afseende
1131 595 94 36 eller
1265 595 81 46 ock,
1388 598 126 33 såsom
1541 594 12 36 i
1584 596 95 34 1679
1708 597 61 34 års
1796 594 216 49 räkenskap

414 645 233 46 anmärktes,
668 650 54 32 att
748 648 127 45 någon
902 645 201 48 kungslott
1131 646 42 35 af
1197 645 289 37 vinternotfiske
1515 644 64 37 det
1607 647 82 34 året
1716 645 84 36 icke
1829 644 98 37 fallit
1953 645 57 35 till

413 695 95 48 följd
537 695 122 47 deraf,
675 700 55 31 att
756 699 127 44 någon
911 696 33 35 is
972 695 84 37 icke
1085 695 146 37 funnits
1258 696 11 35 i
1297 696 206 44 Bråviken;
1532 701 55 30 att
1613 695 75 36 den
1707 695 42 36 af
1763 695 249 48 kungslotten

414 746 12 36 i
466 746 311 36 vinternotfisket
814 746 239 49 härflytande
1092 746 171 37 inkomst
1301 746 117 37 redan
1458 746 116 48 tidigt
1603 746 124 48 börjat
1754 751 54 31 att
1835 746 12 35 i
1875 746 136 36 räken-

415 797 192 49 skaperna
661 802 190 43 upptagas
892 796 65 36 vid
1000 796 171 37 Schenäs
1212 797 239 48 kungsgård;
1494 801 97 32 samt
1631 801 56 31 att
1727 796 180 48 slutligen
1946 796 65 36 vid

414 847 298 48 kungsgårdens
753 847 295 49 skattläggning
1071 847 75 37 den
1175 850 16 33 1
1222 848 151 47 augusti
1405 849 95 34 1694
1528 846 249 48 kungslotten
1805 847 42 36 af
1871 846 141 37 vinter-

413 898 182 36 notfisket
635 898 244 49 uppskattats
908 897 57 36 till
1008 896 43 48 !/;
1095 903 120 31 tunna
1253 898 227 47 strömming
1519 897 91 37 eller
1651 897 88 36 dess
1768 896 116 37 värde
1913 897 98 36 efter

414 949 378 48 kronovärderingen
836 951 21 34 2
900 948 57 36 d:r
984 954 98 40 s:mt,
1111 948 147 37 hvilket
1285 948 250 49 räntebelopp
1565 948 329 36 sammanräknats
1922 948 87 35 med

412 999 167 49 gårdens
621 999 124 49 öfriga
785 998 236 49 härligheter
1060 999 57 36 till
1160 999 76 36 den
1281 999 146 48 gården
1454 998 160 49 påförda
1641 1003 110 32 ränta
1780 1000 68 34 187
1879 998 56 36 d:r
1963 1000 47 34 24

412 1055 65 32 öre
505 1055 98 31 s:mt.

546 1100 69 47 Då,
645 1099 123 49 enligt
790 1100 101 36 hvad
919 1100 42 36 af
984 1099 162 37 berörda
1174 1099 289 48 undersökning
1491 1099 227 48 framginge,
1747 1099 147 36 kronan
1914 1099 97 36 först

414 1153 40 34 år
483 1153 95 34 1554
607 1150 152 36 erhållit
785 1154 125 44 någon
939 1150 168 37 inkomst
1134 1150 42 37 af
1199 1150 307 37 vinternotfiseket
1532 1150 11 35 i
1571 1150 200 47 Bråviken,
1789 1150 103 36 och
1877 1146 23 57 i
1915 1151 95 34 1555

413 1204 60 34 års
512 1201 264 49 räkenskaper
815 1201 263 49 uttryckligen
1119 1200 197 48 angåfves,
1359 1206 54 31 att
1453 1201 144 36 kronan
1634 1200 99 37 hade
1762 1203 64 33 två
1853 1200 153 36 lotter
1985 1196 23 58 i

413 1252 133 48 hvarje
584 1258 78 41 not,
704 1251 97 37 hade
835 1251 65 37 det
928 1258 108 42 synts
1064 1251 211 49 kollegium
1305 1264 90 23 vara
1421 1250 298 49 otvifvelaktigt,
1747 1256 65 41 att,
1841 1254 124 33 såsom
1993 1250 13 36 i

413 1301 516 49 ansökningshandlingarne
958 1302 114 36 äfven
1091 1302 209 46 erinrades,
1330 1302 167 36 kronans
1528 1301 288 47 ifrågavarande
1836 1301 171 36 inkomst

412 1353 198 48 grundade
639 1353 61 48 sig
726 1356 48 46 på
802 1358 56 31 ett
884 1353 159 48 konung
1070 1352 143 37 Gustaf
1235 1353 50 35 I:s
1312 1352 95 48 bref,
1436 1352 174 36 dateradt
1630 1351 216 49 Stäkeborg
1865 1352 75 36 den
1958 1354 48 34 23

413 1404 167 37 februari
611 1405 109 45 1553,
748 1403 80 37 deri
856 1403 207 48 konungen
1091 1403 201 37 anbefalde
1319 1402 121 38 Jören
1467 1402 180 37 Ericsson
1677 1400 328 51 (Gyllenstierna),

413 1454 156 37 hvilken
608 1454 83 37 haft
731 1454 235 48 skärgården
992 1454 12 36 1
1044 1454 205 48 förläning,
1278 1459 54 31 att
1359 1453 139 37 handla
1525 1452 87 37 med
1641 1453 192 48 allmogen
1861 1453 12 36 i
1902 1453 105 36 skär-

412 1505 158 48 gården,
599 1510 55 31 att
682 1505 207 47 konungen
918 1507 116 34 måtte
1062 1504 203 37 bekomma
1293 1503 66 37 der
1386 1508 125 44 någon
1539 1503 253 49 undsättning
1819 1503 88 37 med
1934 1504 72 35 fisk

414 1559 41 33 så
481 1556 62 36 väl
570 1568 81 24 som
682 1555 263 47 annorstädes,
973 1555 132 36 dervid
1133 1555 208 48 konungen
1370 1554 184 37 förmälde
1574 1554 60 48 sig
1653 1554 199 37 flerstädes
1871 1554 12 36 i
1903 1554 104 36 skär-

414 1606 190 49 gårdarna
632 1606 116 36 hafva
775 1608 64 34 två
878 1605 113 37 lotter
1029 1606 12 36 i
1082 1605 95 37 hvar
1216 1611 78 40 not,
1327 1619 81 23 som
1441 1618 90 24 vore
1559 1617 46 24 en
1634 1605 195 48 konungs-
1857 1604 74 37 och
1959 1617 47 24 en

416 1657 214 46 vattenlott,
674 1656 72 37 och
784 1661 54 31 att
878 1656 74 36 han
991 1669 118 35 gerna
1138 1657 68 36 der
1233 1656 87 36 ville
1349 1656 116 36 hafva
1493 1668 143 24 samma
1663 1655 136 47 vilkor,
1827 1660 99 32 samt
1953 1660 55 31 att

413 1707 292 49 ifrågavarande
746 1707 180 46 inkomst,
973 1707 118 36 ehuru
1131 1706 123 37 under
1290 1706 170 37 tidernas
1487 1706 90 49 lopp
1605 1706 126 37 fästad
1758 1705 64 37 vid
1850 1719 48 23 en
1926 1705 80 37 viss

415 1758 189 49 egendom
647 1757 71 37 och
748 1757 111 36 äfven
887 1763 117 42 tagen
1031 1757 11 36 i
1070 1757 214 48 beräkning
1311 1757 63 36 vid
1403 1757 88 36 dess
1519 1756 304 50 skattläggning,
1852 1756 151 37 således

412 1808 297 50 ursprungligen
739 1807 136 38 endast
901 1808 196 48 grundade
1126 1808 62 48 sig
1215 1807 129 49 derpå,
1374 1813 54 31 att
1456 1820 47 23 en
1531 1808 167 36 kronans
1726 1807 185 48 regalrätt
1938 1807 68 36 här

413 1859 70 36 fått
510 1864 95 43 göra
633 1859 62 48 sig
721 1858 189 49 gällande.
964 1857 73 37 Vid
1064 1858 137 37 sådant
1219 1857 236 38 förhållande
1477 1857 70 37 och
1567 1858 47 36 då
1630 1858 66 36 vid
1714 1857 293 49 ifrågavarande

413 1910 206 48 rättighets
647 1908 207 37 utöfvande
883 1909 284 48 förvecklingar
1194 1908 42 37 af
1260 1909 199 48 betänklig
1487 1914 57 31 art
1571 1908 139 37 mellan
1725 1909 191 36 fiskarena
1936 1908 71 36 och

413 1960 255 48 rättighetens
695 1959 249 37 innehafvare
974 1959 192 49 svårligen
1187 1959 124 36 skulle
1331 1959 129 36 kunna
1479 1959 79 36 helt
1577 1959 73 37 och
1669 1959 118 36 hållet
1806 1958 200 47 undvikas,

413 2011 100 36 hade
542 2010 66 36 det
636 2016 109 43 synts
764 2010 223 48 kollegium,
1017 2023 80 23 som
1126 2010 120 36 borde
1275 2010 73 36 den
1376 2010 293 47 ifrågavarande
1699 2009 160 49 afgiften
1886 2009 121 49 lämp-

413 2061 103 48 ligen
558 2061 128 36 kunna
726 2061 186 49 upphöra,
952 2060 101 37 helst
1092 2060 225 49 derigenom
1359 2060 86 37 icke
1488 2060 121 37 skulle
1650 2060 58 36 för
1737 2060 145 36 kronan
1911 2073 96 36 upp:

413 2111 153 37 komma
594 2117 122 31 större
745 2111 136 36 förlust
909 2116 47 31 än
987 2113 68 35 100
1075 2111 141 36 kronor
1236 2111 159 48 årligen;
1416 2111 73 36 och
1508 2110 96 37 hade
1639 2110 206 49 kollegium
1880 2110 129 37 derför

413 2162 57 36 för
497 2162 58 36 sin
584 2162 62 36 del
675 2162 193 46 hemstält,
910 2162 186 36 huruvida
1123 2162 87 36 icke
1240 2161 139 48 Kongl.
1409 2161 107 48 Maj:t
1543 2161 124 36 skulle
1696 2161 102 36 finna
1826 2161 82 37 skäl
1936 2161 71 36 hos

413 2212 220 50 Riksdagen
660 2217 95 43 göra
782 2212 279 48 framställning
1088 2212 145 47 derom,
1261 2218 54 30 att
1341 2212 74 36 den
1436 2211 171 38 Schenäs
1626 2211 225 49 kungsgård
1872 2211 135 38 hittills
