1900 2822
319 178 39 29 14
653 179 396 34 Jordbruksutskottets
1076 182 187 32 utlåtande
1292 183 52 32 Nr
1370 183 27 30 2.

60 262 186 39 Avkastnings-
282 251 17 54 —
318 256 85 37 15:0)
437 255 463 42 Avkastningsbedömning
934 256 151 34 rörande
1120 258 191 34 avelssvin,
1356 260 79 31 Med
1470 261 242 38 tillstyrkande
1735 274 46 21 av

78 297 153 30 bedömning
273 307 102 31 bifall
410 308 55 31 till
490 308 68 31 vad
582 308 132 38 Kungl.
739 310 103 36 Maj:t
866 311 108 30 under
995 311 112 36 punkt
1131 311 40 31 39
1195 312 178 37 föreslagit
1395 313 198 32 hemställer
1615 315 166 33 utskottet

94 332 112 23 rörande

84 366 134 24 avelssvin.

114 382 73 67 [39.]
716 390 51 29 att
802 389 183 36 riksdagen
1019 390 57 30 må
1111 390 124 31 liksom
1269 391 53 31 för
1354 391 235 32 innevarande
1612 392 169 37 budgetår

673 441 53 30 för
749 441 220 31 anordnande
992 452 45 20 av
1057 442 437 37 avkastningsbedömning
1511 445 146 31 rörande
1672 445 107 31 avels-

673 493 77 30 svin
775 493 124 31 anvisa
923 493 54 31 för
999 493 200 37 budgetåret
1223 495 217 31 1928—1929
1462 497 49 30 ett
1534 498 99 29 extra
1656 497 123 36 anslag

672 555 42 21 av
739 546 118 35 15,500
883 546 133 30 kronor.

81 668 97 31 Fjäder
184 670 35 39 fä-
315 666 86 37 16:0)
435 664 293 43 Fjäderfäavelns
762 666 254 43 befrämjande.
1062 668 118 32 Under
1214 669 110 36 punkt
1360 670 40 30 40
1435 670 63 30 har
1521 670 132 36 Kungl.
1677 670 101 36 Maj:t

47 703 87 23 avelns
144 704 109 27 befräm-
271 717 177 37 föreslagit
472 718 184 37 riksdagen
683 721 49 29 att
756 720 124 30 liksom
905 720 54 31 för
981 721 233 30 innevarande
1237 721 168 35 budgetår
1427 722 55 30 till
1506 722 270 36 fjäderfäavelns

102 738 90 30 jande.

113 776 73 41 [40.]
271 769 235 37 befrämjande
540 772 121 30 anvisa
696 772 52 31 för
782 772 202 37 budgetåret
1017 773 214 30 1928—1929
1255 775 48 29 ett
1326 775 97 29 extra
1446 774 119 36 anslag
1589 785 45 20 av
1658 775 117 35 19,000

270 822 137 31 kronor.

94 905 107 45 Motion.
313 909 17 30 I
353 909 93 32 detta
468 911 252 36 sammanhang
744 911 63 30 har
830 912 166 30 utskottet
1019 912 55 30 till
1100 912 208 37 behandling
1333 913 148 31 förehaft
1497 923 40 20 en
1554 914 96 30 inom
1665 914 110 30 andra

269 962 201 31 kammaren
505 963 113 35 väckt,
654 963 55 31 till
742 963 351 36 jordbruksutskottet
1127 964 170 31 hänvisad
1332 965 130 30 motion
1496 975 42 20 nr
1573 966 19 30 7
1627 975 44 21 av
1695 966 81 31 herr

269 1013 155 38 Heiding
459 1025 44 21 m.
527 1016 52 35 fl.,
604 1016 76 30 vari
706 1016 202 36 hemställts,
932 1018 51 29 att
1006 1016 185 37 riksdagen
1214 1018 106 29 måtte
1344 1017 132 31 besluta
1499 1018 51 30 att
1572 1019 122 29 utöver
1718 1018 57 31 det

267 1077 45 20 av
348 1067 130 36 Kungl.
514 1067 101 36 Maj:t
651 1068 12 30 i
697 1068 441 36 statsverkspropositionen
1173 1069 107 31 under
1314 1069 126 31 nionde
1474 1069 223 32 huvudtiteln
1721 1071 53 31 för

267 1119 202 35 budgetåret
504 1120 215 31 1928—1929
754 1120 148 37 begärda
935 1121 153 37 anslaget
1122 1122 55 30 till
1212 1121 157 37 Sveriges
1401 1122 178 31 allmänna
1612 1122 163 36 fjäderfä-

267 1172 254 36 avelsförening
556 1173 57 30 till
641 1173 156 35 Sveriges
821 1173 280 36 fjäderfäodlares
1126 1174 222 30 riksförbund
1373 1174 128 36 bevilja
1524 1176 47 29 ett
1595 1176 97 29 extra
1715 1185 58 20 an-

266 1224 75 35 slag
364 1225 21 30 å
409 1225 117 35 10,000
551 1225 135 30 kronor.

310 1276 221 31 Beträffande
565 1277 40 31 de
632 1278 85 34 skäl,
741 1287 73 21 som
838 1278 132 30 anförts
994 1278 53 30 till
1072 1278 76 31 stöd
1171 1278 127 36 härför,
1322 1278 163 31 hänvisas
1508 1279 56 31 till
1587 1279 184 31 motionen.

309 1372 70 30 Till
396 1372 267 36 fjäderfäavelns
680 1373 244 36 befrämjande,
942 1374 119 30 vartill
1078 1374 181 35 riksdagen
1275 1375 135 35 årligen
1426 1374 79 31 från
1521 1375 62 30 och
1596 1375 77 31 med
1687 1375 84 30 1904

265 1424 139 30 anvisat
437 1424 120 36 medel,
593 1427 38 28 är
660 1426 11 30 i
695 1426 185 30 riksstaten
903 1426 53 30 för
979 1426 198 36 budgetåret
1201 1426 214 31 1927—1928
1440 1427 137 35 uppfört
1600 1429 50 29 ett
1673 1429 98 29 extra

264 1477 122 36 anslag
409 1487 45 20 av
478 1478 117 35 19,000
620 1479 134 30 kronor.

308 1529 65 31 Det
405 1530 54 30 till
493 1530 266 36 fjäderfäavelns
794 1532 234 35 befrämjande
1061 1532 126 30 hittills
1210 1532 164 31 anvisade
1397 1532 164 36 anslaget,
1585 1533 109 30 vilket
1718 1532 52 31 be-

265 1582 140 31 räknats
440 1583 43 35 på
517 1583 218 36 grundvalen
767 1594 44 20 av
847 1586 85 28 utav
966 1584 157 35 Sveriges
1156 1585 177 30 allmänna
1367 1584 402 37 fjäderfäavelsförening

263 1635 135 35 årligen
432 1635 55 30 till
522 1635 132 36 Kungl.
690 1636 99 36 Maj:t
823 1637 140 34 avgivet
992 1636 129 36 förslag
1149 1637 55 30 till
1228 1636 164 31 inkomst-
1415 1637 60 30 och
1499 1637 195 36 utgiftsstat
1717 1637 53 30 för

264 1686 200 37 föreningen
488 1687 63 31 har
575 1688 12 30 i
610 1689 55 29 sin
689 1688 113 31 helhet
824 1689 113 30 ställts
961 1689 54 30 till
1039 1698 131 21 samma
1194 1689 176 35 förenings
1387 1689 209 35 förfogande.
1644 1689 125 36 Depar-

263 1740 263 30 tementschefen
549 1740 63 30 har
636 1741 54 30 till
714 1741 368 36 statsrådsprotokollet
1105 1741 127 31 uttalat
1254 1743 51 28 att
1328 1741 77 31 med
1421 1741 133 36 hänsyn
1571 1741 56 31 till
1645 1741 124 36 fjäder-

263 1791 132 31 fäavels
429 1792 171 36 betydelse
633 1794 110 29 såsom
776 1793 162 36 binäring
972 1793 54 31 till
1059 1793 199 36 jordbruket
1285 1794 63 30 och
1382 1793 56 31 det
1469 1793 74 31 stöd
1566 1794 202 36 föreningen

263 1845 103 35 utgör
389 1844 54 31 för
466 1845 268 36 fjäderfäavelns
757 1846 200 35 utveckling
981 1846 216 35 föreningens
1221 1846 219 31 verksamhet
1462 1847 115 35 syntes
1600 1856 86 20 vara
1710 1846 58 30 väl

263 1896 86 31 värd
384 1897 210 31 fortfarande
629 1898 137 31 bistånd
798 1909 45 20 av
866 1898 204 31 statsmedel.
1116 1898 18 31 I
1156 1899 203 35 anslutning
1383 1899 120 30 härtill
1526 1898 62 31 har
1612 1899 156 36 anslaget

262 1949 175 36 upptagits
460 1949 76 31 med
560 1950 198 31 oförändrat
781 1950 122 36 belopp
927 1950 53 31 för
1002 1950 201 37 budgetåret
1227 1951 225 30 1928—1929.

306 2002 74 30 Den
404 2002 168 37 förening,
596 2003 170 31 benämnd
787 2003 159 36 Sveriges
962 2003 280 36 fjäderfäodlares
1259 2003 233 36 riksförbund,
1510 2003 119 31 vartill
1645 2003 121 36 anslag

261 2053 138 36 begäres
433 2055 12 29 i
480 2055 182 35 motionen,
686 2055 61 30 har
772 2055 109 36 enligt
904 2056 172 30 motionen
1100 2055 124 32 bildats
1248 2055 83 31 1926
1357 2055 61 31 och
1441 2056 111 30 såsom
1576 2055 190 30 förnämsta

260 2107 183 36 uppgiften
477 2108 43 35 på
551 2108 59 30 sitt
634 2116 160 28 program
817 2108 165 35 uppställt
1005 2109 48 29 ett
1077 2108 173 30 rationellt
1273 2108 175 30 ordnande
1470 2117 43 21 av
1536 2107 230 36 avsättnings-

261 2160 260 30 förhållandena
545 2160 53 30 för
621 2162 67 34 ägg
711 2162 43 34 på
777 2170 133 21 samma
933 2161 91 35 gång
1047 2160 182 31 förbundet
1248 2160 133 36 jämväl
1398 2161 123 35 avsåge
1537 2159 105 31 bland
1658 2162 107 28 annat

260 2212 209 31 bedrivande
492 2223 46 20 av
561 2222 42 21 en
626 2213 43 35 på
693 2212 139 31 modern
856 2213 179 35 forskning
1059 2212 61 31 och
1144 2212 351 31 försöksverksamhet
1510 2211 157 37 grundad
1683 2222 81 26 upp-

260 2265 378 36 lysningsverksamhet
673 2265 60 31 och
768 2266 48 29 ett
849 2265 174 30 rationellt
1050 2264 115 31 arbete
1187 2265 43 35 på
1252 2274 41 20 en
1317 2264 213 31 allmännare
1554 2264 210 36 förbättring

260 2328 43 19 av
327 2318 316 31 hönsstammarnas
667 2317 425 36 högvärpningsförmåga.

75 2401 134 46 Utskottet.
303 2404 172 31 Utskottet
509 2405 63 30 har
606 2405 68 30 fäst
706 2406 53 35 sig
795 2404 59 31 vid
888 2406 52 29 att
968 2405 157 36 Sveriges
1149 2404 278 36 fjäderfäodlares
1450 2403 234 35 riksförbund,
1708 2403 55 30 till

259 2458 108 30 vilket
402 2457 54 31 det
488 2458 12 30 i
523 2458 172 30 motionen
719 2457 148 36 begärda
891 2457 155 36 anslaget
1068 2459 38 28 är
1129 2458 111 29 avsett
1262 2458 51 28 att
1336 2457 93 35 utgå,
1453 2456 74 30 icke
1549 2456 91 35 själv
1663 2465 101 26 synes

257 2511 91 30 hava
372 2510 91 36 gjort
486 2511 113 35 någon
623 2510 260 35 framställning
908 2510 12 29 i
943 2511 124 29 ämnet.
1115 2509 172 31 Utskottet
1311 2508 65 31 vill
1400 2508 12 30 i
1436 2508 188 31 hänseende
1641 2507 122 31 härtill
