2202 2649
460 193 20 32 8
916 189 252 34 Statsutskottets
1198 187 172 34 Utlåtande
1393 187 53 32 Nr
1471 188 52 31 29.

923 281 54 33 att
1018 277 12 36 i
1066 276 108 50 fråga
1202 289 60 23 om
1291 274 219 51 skyldighet
1539 279 53 32 att
1619 274 90 50 afgå
1737 273 85 38 från
1850 273 168 50 tjänsten

820 331 195 37 äfvensom
1043 329 12 38 i
1082 329 108 50 fråga
1219 343 60 23 om
1307 333 75 32 rätt
1410 328 55 37 till
1493 327 159 51 pension
1680 327 95 37 skall
1799 327 101 50 gälla
1918 326 101 38 hvad

819 385 13 36 i
868 383 161 38 särskild
1070 384 63 47 lag
1162 381 194 49 angående
1385 381 109 37 civila
1522 380 384 51 tjänstinnehafvares
1942 384 77 32 rätt

820 437 56 37 till
911 436 159 51 pension
1106 441 41 31 är
1184 434 177 50 stadgadt
1398 434 64 37 vid
1498 434 104 36 tiden
1630 433 59 37 för
1716 433 72 37 den
1815 446 75 36 nya
1917 433 102 36 löne-

821 494 144 33 statens
1006 488 296 38 ikraftträdande
1339 487 98 48 eller,
1476 486 123 37 såvidt
1632 488 117 47 angår
1775 485 245 38 innehafvare

820 543 42 36 af
882 542 227 49 befattning,
1140 554 80 24 som
1249 540 163 37 därefter
1439 539 194 49 tillträdes,
1662 539 65 37 vid
1754 538 181 37 tillträdet
1962 538 58 37 till

821 595 280 49 befattningen;
1133 599 96 32 samt

926 653 54 32 att
1018 648 82 46 den,
1139 660 80 24 som
1260 645 186 38 tillträder
1488 645 73 37 den
1588 658 75 36 nya
1692 644 326 50 aflöningsstaten,

823 700 93 37 skall
944 713 89 22 vara
1061 699 152 49 skyldig
1239 698 231 36 underkasta
1498 698 72 47 sig,
1600 697 94 35 efter
1721 697 141 48 Kungl.
1893 696 127 49 Maj:ts

821 751 292 48 bestämmande,
1151 750 248 51 upphörande
1428 750 40 36 af
1493 750 88 37 eller
1609 748 221 50 minskning
1867 748 12 37 i
1916 753 106 33 extra

822 805 220 46 inkomster,
1084 817 81 23 som
1205 804 129 36 kunna
1375 803 131 49 åtfölja
1546 801 359 51 tjänstebefattning
1932 802 91 36 eller

822 861 93 46 utgå
943 858 58 36 för
1028 857 129 48 bestyr
1184 856 12 36 i
1225 856 273 49 sammanhang
1526 854 171 46 därmed;

928 910 36 49 d)
993 909 204 49 medgifva,
1219 914 53 31 att
1290 908 252 37 kostnaderna
1558 908 58 36 för
1634 906 389 51 försäkringsinspek-

824 963 147 36 tionens
1008 961 239 38 verksamhet
1275 961 119 49 enligt
1422 960 187 37 fastställd
1650 964 74 33 stat
1764 962 61 34 må
1864 962 94 47 utgå
1986 959 43 36 af

826 1016 44 36 de
898 1015 146 49 bidrag,
1074 1028 80 24 som
1183 1014 121 49 enligt
1331 1014 112 49 lagen
1472 1027 61 23 om
1557 1012 374 50 försäkringsrörelse
1951 1011 73 37 den

826 1070 48 35 24
911 1068 71 49 juli
1026 1069 96 35 1903
1156 1067 70 36 och
1265 1068 113 47 lagen
1419 1066 41 36 af
1484 1079 142 23 samma
1653 1065 76 49 dag
1758 1078 59 23 om
1844 1064 180 37 utländsk

825 1120 396 49 försäkringsanstalts
1249 1124 75 32 rätt
1344 1124 54 31 att
1417 1118 122 37 drifva
1560 1117 376 49 försäkringsrörelse
1955 1116 69 37 här

825 1174 13 35 i
856 1173 99 36 riket
983 1173 106 35 skola
1116 1172 41 36 af
1181 1172 467 48 försäkringsanstalterna
1677 1170 143 49 årligen
1848 1170 175 48 erläggas

826 1225 56 37 till
919 1224 239 38 bestridande
1191 1225 35 35 at
1256 1223 211 38 kostnaden
1495 1223 58 36 för
1581 1221 442 51 försäkringsinspektio-

827 1291 93 23 nens
950 1277 258 49 organisation
1237 1277 70 36 och
1334 1276 256 45 verksamhet;

931 1329 32 49 e)
993 1330 156 46 besluta,
1179 1334 54 31 att
1261 1329 45 36 de
1333 1329 211 49 pensioner,
1574 1341 82 23 som
1675 1327 85 37 med
1783 1326 242 49 tillämpning

829 1382 41 36 af
907 1383 112 48 lagen
1059 1381 194 50 angående
1295 1381 108 37 civila
1448 1380 383 51 tjänstinnehafvares
1867 1383 75 32 rätt
1969 1378 57 37 till

828 1435 160 49 pension
1014 1434 150 37 komma
1192 1439 54 31 att
1273 1433 157 50 beviljas
1458 1432 366 50 tjänstinnehafvare
1851 1431 65 37 vid
1952 1431 74 36 för-

829 1486 451 50 säkringsinspektionen,
1318 1486 106 36 skola
1456 1488 93 46 utgå
1582 1485 40 37 af
1650 1484 376 49 försäkringsanstal-

828 1544 127 31 ternas
983 1539 246 36 förenämnda
1256 1538 290 48 bidragsmedel.

534 1607 218 38 Stockholm
781 1608 71 36 den
881 1610 21 34 38
933 1608 95 50 april
1058 1608 108 36 1910.

944 1712 53 37 På
1024 1712 301 37 statsutskottets
1353 1715 161 45 vägnar:

1083 1816 45 37 G.
1157 1815 213 37 BILLING.

1082 2083 287 33 Reservationer:

537 2162 40 36 af
610 2162 127 37 herrar
772 2161 130 50 grefve
938 2160 48 38 Å.
1023 2162 42 36 F.
1110 2160 257 38 Wachtmeister
1396 2160 70 37 och
1493 2160 134 50 grefve
1659 2158 37 39 C.
1732 2158 40 39 O.
1806 2159 118 37 Taube
1950 2163 79 32 mot

434 2215 101 37 vissa
563 2215 101 36 delar
692 2214 40 37 af
756 2214 292 49 motiveringen;

539 2267 40 36 af
603 2268 86 35 herr
724 2268 50 35 H.
813 2269 217 45 Andersson,
1060 2279 81 24 som
1168 2265 110 50 yrkat
1306 2271 65 41 att,
1400 2265 85 36 med
1512 2264 108 37 bifall
1647 2264 56 36 till
1730 2263 142 49 Kungl.
1901 2262 129 50 Maj:ts

433 2319 154 49 förslag,
618 2322 20 34 å
667 2319 309 49 aflöningsstaten
995 2318 59 37 för
1069 2317 501 50 försäkringsinspektionen
1586 2317 119 37 skulle
1722 2316 179 49 uppföras
1915 2320 116 45 ytter-
