2188 2627
732 228 101 34 Stats-
847 224 175 49 Utskottets
1038 231 173 34 Utlåtande
1234 233 64 34 N:o
1323 236 40 31 13
1388 245 27 21 a.
1781 240 38 31 13

423 310 90 35 20:0.
542 310 17 36 I
588 311 192 48 anledning
808 312 39 36 af
871 312 118 37 derom
1016 314 101 48 gjord
1143 316 199 48 ansökning
1370 317 64 36 har
1450 318 132 48 Kongl.
1598 319 105 49 Maj:t
1718 321 145 37 föresla-

266 360 60 47 git,
364 364 51 32 att
456 361 222 39 Lärarinnan
720 365 56 35 vid
820 365 556 41 folkskolelärarinneseminariet
1417 371 10 35 i
1474 372 202 36 Stockholm
1723 374 139 37 Emilia

273 412 231 38 Wilhelmina
545 414 183 50 Gustafva
777 417 184 37 Wessman
1003 420 107 35 måtte
1152 421 78 35 från
1268 422 64 35 och
1362 423 76 35 med
1468 424 172 36 månaden
1668 429 77 32 näst
1773 427 89 36 efter

266 465 80 45 den,
388 465 44 36 då
468 467 122 37 afsked
626 468 113 37 blefve
781 469 114 36 henne
937 471 178 49 beviljadt,
1145 474 112 35 under
1285 474 53 36 sin
1367 475 219 38 återstående
1615 477 107 36 lifstid
1752 479 20 35 å
1796 480 64 35 all-

266 520 129 34 männa
423 518 348 50 indragningsstaten
799 523 135 47 åtnjuta
963 536 42 23 en
1034 524 91 47 årlig
1148 526 146 47 pension
1323 528 38 34 af
1390 530 108 43 1,125
1529 529 146 47 kronor;
1695 531 65 36 och
1776 536 84 32 enär

266 569 39 34 af
329 571 379 48 statsrådsprotokollet
737 574 50 46 (se
819 576 77 35 9:de
925 575 248 50 hufvudtiteln,
1202 578 59 37 bil.
1296 582 55 44 13,
1380 580 62 35 sid.
1473 582 62 47 51)
1551 581 187 50 inhemtas,
1755 583 104 37 bland

266 626 119 43 annat,
427 627 50 31 att
516 624 225 37 Lärarinnan
769 627 199 48 Wessman,
999 640 73 24 som
1100 630 150 47 uppnått
1278 644 42 23 en
1349 632 97 36 ålder
1470 633 39 35 af
1534 637 87 32 nära
1651 637 46 34 39
1727 636 40 35 år
1795 637 63 35 och

268 675 95 35 1873
394 678 179 34 utnämnts
602 677 53 35 till
685 678 52 35 sin
767 691 47 23 nu
841 680 260 36 innehafvande
1126 683 113 46 tjenst,
1269 683 77 36 från
1376 684 104 36 slutet
1495 686 38 34 af
1557 685 39 36 år
1622 689 108 47 1875,
1748 690 10 33 i
1775 688 84 48 följd

265 726 38 34 af
327 726 173 50 sjukdom,
530 728 144 48 åtnjutit
710 730 277 50 tjenstledighet;
1016 737 49 31 att
1093 733 70 36 hon
1187 735 179 37 sannolikt
1393 737 53 36 för
1475 737 46 36 all
1550 738 142 37 framtid
1721 740 139 37 komme

264 782 51 31 att
342 779 163 36 förblifva
539 782 191 46 otjenstbar
764 783 112 35 såsom
920 784 195 48 lärarinna;
1153 791 89 31 samt
1278 792 50 31 att
1356 788 81 46 hon,
1466 802 71 23 som
1568 791 37 34 af
1629 791 67 36 den
1724 793 52 35 för
1801 793 57 35 be-

263 829 198 48 fattningen
504 833 179 36 bestämda
725 835 114 47 lönen,
885 839 105 43 1,500
1016 837 141 47 kronor,
1187 838 109 37 under
1325 840 263 49 tjenstledighet
1616 843 53 36 för
1697 840 161 56 sjukdom

262 893 82 34 eger
390 884 158 47 uppbära
581 890 51 31 tre
660 886 211 48 fjerdedelar
899 888 82 36 eller
1013 892 107 44 1,125
1148 891 141 48 kronor,
1318 893 76 35 icke
1422 893 156 37 befinner
1606 895 53 47 sig
1688 896 10 35 i
1728 896 131 37 sådana

261 934 229 37 ekonomiska
519 937 257 49 förhållanden,
806 945 49 31 att
887 940 70 36 hon
982 941 69 36 kan
1081 946 84 43 göra
1194 944 54 47 sig
1276 945 194 36 oberoende
1497 946 39 35 af
1559 947 298 51 lärarinnelönen,

260 985 39 36 så
327 986 55 36 får
411 985 182 40 Utskottet
621 989 196 51 hemställa,

763 1100 50 33 att
846 1097 128 49 Kongl.
996 1099 119 49 Maj:ts
1144 1100 230 38 förevarande
1402 1103 259 50 framställning
1678 1105 55 37 må
1750 1091 106 52 vinna

661 1148 221 49 Riksdagens
910 1150 110 37 bifall.

386 1250 92 35 21:o.
532 1251 18 36 I
589 1252 127 37 väckta
755 1255 169 35 motioner
962 1256 105 35 hafva
1100 1257 93 36 Herr
1220 1258 44 52 A.
1294 1258 42 37 G.
1365 1259 159 37 Bennich
1552 1261 11 36 i
1592 1262 123 37 Första
1743 1264 111 36 Kam-

259 1312 119 24 maren
416 1302 147 46 (motion
604 1304 65 36 N:o
715 1307 61 46 19)
818 1307 64 35 och
925 1307 94 36 Herr
1060 1308 44 35 A.
1139 1309 45 36 V.
1211 1311 206 47 Åbergsson
1444 1312 10 35 i
1482 1313 126 36 Andra
1636 1314 217 38 Kammaren

260 1351 144 49 (motion
442 1354 66 36 N:o
552 1358 62 46 61)
656 1357 190 48 föreslagit,
880 1364 50 30 att
960 1360 203 48 Riksdagen
1192 1363 106 35 måtte
1327 1364 127 47 bevilja
1482 1365 371 49 Hofkapellmästaren

288 1404 128 37 redrik
452 1407 159 37 Wilhelm
641 1409 146 50 Ludvig
811 1411 171 37 Norman
1010 1418 49 30 ett
1086 1415 194 47 personligt
1304 1416 188 37 understöd
1522 1418 38 35 af
1586 1420 108 45 2,000
1724 1420 129 37 kronor

257 1456 146 48 årligen.

386 1510 70 36 Vid
486 1511 66 36 den
581 1513 39 35 af
644 1514 93 37 Herr
764 1516 159 37 Bennich
951 1519 127 35 väckta
1107 1520 175 37 motionen
1311 1526 38 31 är
1377 1522 102 46 fogad
1509 1536 41 23 en
1567 1525 38 35 af
1616 1525 236 37 Musikaliska

257 1561 208 36 akademien
507 1564 53 36 till
604 1565 127 49 Kongl.
770 1568 100 47 Maj:t
902 1570 101 46 gjord
1037 1571 257 48 framställning
1322 1586 55 23 om
1406 1575 197 37 beredande
1632 1578 35 34 åt
1693 1577 158 37 Norman

256 1613 38 35 af
319 1614 144 47 pension
493 1616 52 35 till
573 1616 59 37 det
659 1619 197 49 föreslagna
885 1622 177 48 beloppet;
1079 1623 64 36 och
1159 1624 64 35 har
1243 1625 207 37 akademien
1466 1628 123 47 anfört,
1606 1629 106 36 bland
1728 1635 121 31 annat:

256 1669 50 31 att
348 1665 67 36 den
458 1667 196 49 betydande
692 1672 487 49 kompositionsverksamhet,
1208 1676 158 37 Norman
1395 1680 187 46 utvecklat,
1613 1681 64 36 och
1706 1682 144 36 hvilken

255 1718 221 48 rättvisligen
518 1721 107 36 borde
658 1736 101 24 anses
784 1737 72 24 som
885 1726 56 35 det
970 1727 230 48 egentligaste
1228 1730 178 48 uttrycket
1433 1731 52 36 för
1513 1732 88 36 hans
1629 1734 222 48 mångsidiga

255 1769 459 54 konstnärsindividualitet,
745 1777 87 36 dock
860 1778 193 47 ingalunda
1082 1792 81 24 vore
1192 1781 57 36 det
1277 1783 89 35 enda
1391 1787 77 43 sätt,
1484 1784 134 48 hvarpå
1632 1785 70 37 han
1718 1791 133 43 gagnat

255 1822 179 37 musikens
459 1825 204 49 utveckling
691 1828 93 36 inom
810 1829 288 49 fäderneslandet,
1127 1837 84 32 enär
1234 1833 70 37 han
1333 1836 110 35 under
1472 1849 42 23 en
1543 1837 123 47 längre
1691 1839 48 35 tid
1760 1839 91 36 varit

256 1874 67 35 den
364 1877 176 47 egentlige
582 1878 143 38 ledaren
768 1881 39 36 af
842 1882 129 48 Kongl.
1014 1896 147 36 operans
1186 1886 151 46 arbeten,
1365 1888 239 37 hvarförutom
1634 1890 68 36 han
1726 1891 125 36 verkat

255 1926 113 36 såsom
405 1928 114 36 lärare
561 1931 57 36 vid
663 1933 434 51 musikkonservatorium;
1127 1942 51 31 att
1205 1939 191 36 emellertid
1425 1953 43 22 en
1497 1941 205 48 tilltagande
1731 1943 119 36 ohelsa

255 1977 143 37 hindrat
440 1980 126 37 honom
602 1988 51 31 att
680 1985 215 37 fortfarande
920 1986 151 38 bestrida
1099 1989 57 36 det
1187 1992 74 34 med
1291 1991 100 36 dessa
1420 1992 238 50 befattningar
1686 1994 165 37 förenade

254 2033 262 45 ansträngande
554 2035 135 48 arbete;
731 2037 182 37 hvaremot
955 2040 114 36 denna
1097 2041 117 36 ohelsa
1243 2043 76 35 icke
1345 2056 81 23 vore
1456 2046 37 34 af
1517 2046 66 35 den
1612 2051 66 43 art,
1707 2052 51 30 att
1782 2048 68 35 den

253 2081 91 36 hade
372 2084 107 46 något
508 2086 146 47 menligt
681 2089 193 47 inflytande
903 2091 45 47 på
975 2092 88 35 hans
1091 2095 224 35 verksamhet
1343 2096 111 35 såsom
1485 2097 183 48 konstnär;
1694 2103 90 31 samt
1799 2104 51 31 att

252 2134 219 48 akademien,
514 2149 73 24 som
628 2139 90 36 hade
761 2142 66 35 den
870 2143 102 35 säkra
1013 2144 242 48 öfvertygelse,
1299 2151 50 31 att
1385 2149 151 35 svenska
1578 2150 148 36 konsten
1755 2155 94 31 ännu

252 2185 120 36 kunde
414 2191 105 33 vänta
557 2190 143 49 månget
740 2193 196 48 betydande
978 2196 85 35 verk
1092 2197 38 35 af
1153 2197 178 38 Normans
1359 2199 104 47 hand,
1493 2201 130 47 ansåge
1652 2203 57 35 det
1733 2202 116 37 derför

253 2249 85 23 vara
376 2242 48 32 ett
467 2241 126 46 vigtigt
636 2244 276 48 önskningsmål,
951 2251 49 31 att
1024 2247 129 37 honom
1185 2250 168 36 bereddes
1382 2252 138 36 tillfälle
1549 2259 52 29 att
1629 2254 220 47 någorlunda

252 2288 283 50 bekymmerfritt
563 2294 121 37 kunna
712 2309 89 34 egna
826 2298 52 46 sig
908 2299 37 35 åt
973 2311 43 24 en
1045 2300 108 36 sådan
1182 2299 150 55 uppgitt.

381 2342 78 37 Den
501 2345 37 35 af
574 2347 206 37 akademien
808 2349 62 37 hos
903 2350 130 48 Kongl.
1063 2352 102 49 Maj:t
1189 2354 123 48 gjorda
1341 2356 302 50 framställningen
1671 2358 177 37 lemnpades

252 2393 39 38 af
317 2393 135 50 Kongl.
481 2397 101 49 Maj:t
610 2404 85 32 utan
724 2402 170 37 afseende.

1906 320 153 35 Angående

1896 357 120 34 pension
2034 357 29 27 åt

1881 392 192 29 Lärarinnan

1907 428 35 25 HE.
1972 428 35 26 W.
2033 428 32 27 G.

1907 463 152 27 Wessman.

1934 500 88 47 [18.]

1899 1280 152 34 Angående

1888 1317 119 33 pension
2032 1316 30 27 åt

1890 1352 162 33 Hofkapell-

1872 1389 140 24 mästaren
2042 1387 33 26 F.

1876 1422 40 27 W.
1943 1422 34 26 LDL.
2004 1422 73 27 Nor-

1932 1466 74 19 man.
