2175 2622
730 219 102 33 Stats-
843 218 164 33 Utskottets
1039 218 172 34 Utlåtande
1234 220 59 32 N:o
1316 222 42 29 13
1382 230 28 21 a.
1809 222 19 30 3

402 299 225 36 Beträffande
660 299 94 36 detta
782 300 129 47 Kongl.
944 300 120 48 Maj:ts
1092 301 132 46 förslag
1253 301 156 36 kommer
1438 301 176 37 Utskottet
1642 306 50 31 att
1720 302 150 36 framde-

273 352 61 47 les,
378 353 108 35 sedan
525 350 206 49 Riksdagen
785 352 53 36 till
867 353 164 48 pröfning
1060 353 150 36 förehaft
1238 353 130 47 Kongl.
1398 354 116 48 Maj:is
1542 367 48 23 nu
1617 355 44 48 på
1690 354 181 37 Särskilda

273 404 198 35 Utskottets
513 404 214 46 behandling
764 405 173 35 beroende
971 406 131 45 förslag
1135 406 51 34 till
1215 418 46 34 ny
1290 406 223 46 härordning,
1542 407 132 46 afgifva
1703 408 167 34 särskildt

272 455 197 47 utlåtande;
494 455 136 36 hvilket
657 454 180 38 Utskottet
865 456 64 36 här
957 457 123 36 endast
1108 456 114 36 skolat

800 560 148 37 anmäla.

402 665 66 35 3:0.
524 663 70 36 Vid
637 663 148 37 sistlidet
822 664 56 36 års
911 664 143 49 riksdag
1087 666 124 35 väckte
1239 666 93 35 Herr
1360 664 45 38 A.
1435 665 38 36 P.
1500 665 94 37 Lind
1622 666 94 36 inom
1743 665 124 36 Andra
1902 680 71 32 Ang.
1993 680 81 26 väckt

276 715 212 36 Kammaren
522 716 129 36 motion
691 717 105 35 bland
839 722 108 31 annat
992 717 118 37 derom
1152 722 51 32 att
1243 717 205 49 Riksdagen
1489 719 108 35 måtte
1635 718 54 36 till
1733 719 131 47 Kongl.
1883 713 209 71 förena

272 768 116 47 Maj:ts
417 769 203 45 förfogande
647 769 103 35 ställa
779 774 48 31 ett
856 770 272 47 förslagsanslag
1156 771 38 34 af
1221 773 135 45 15,000
1386 772 130 34 kronor
1544 771 138 46 årligen
1709 771 53 35 till
1781 783 84 35 pen-
1902 786 84 31 äldre,
2015 759 60 59 före

271 820 178 47 sionering
492 820 36 36 åt
561 820 128 37 sådane
717 821 296 48 folkskolelärare,
1044 835 73 23 som
1146 822 193 48 oförvitligt
1363 823 92 36 skött
1483 823 59 35 sitt
1570 823 74 35 kall
1677 823 5 35 i
1714 825 149 35 13—20
1891 819 109 63 nare
2018 822 66 67 fälla

269 872 39 35 år
345 873 86 35 eller
468 873 208 48 derutöfver,
721 887 78 23 men
828 887 73 24 som
929 875 111 47 afgått
1067 875 73 35 före
1168 875 67 36 den
1267 878 15 32 1
1315 875 148 36 Januari
1496 877 108 44 1867,
1634 876 119 35 dervid
1782 888 83 36 pen-
1889 864 183 55 Ykolelärare.

269 925 121 35 sionen
415 926 112 35 skulle
552 926 83 47 utgå
664 927 77 34 med
770 939 132 23 samma
928 927 123 48 belopp
1080 939 73 24 som
1182 927 51 35 till
1262 928 108 35 andra
1400 928 249 47 pensionerade
1676 927 189 37 folkskole-

269 977 124 36 lärare.
1323 998 2 3 |

398 1029 18 35 I
456 1029 99 47 fråga
584 1041 55 24 om
669 1030 94 36 detta
791 1030 130 49 förslag
949 1032 136 48 yttrade
1114 1032 199 36 dåvarande
1342 1032 269 48 Stats-Utskott,
1641 1036 60 43 att,
1732 1033 135 36 oafsedt

269 1085 50 31 att
358 1082 58 35 det
457 1093 81 24 vore
580 1082 136 36 mindre
751 1083 205 36 välbetänkt
979 1084 95 47 gifva
1098 1084 192 36 retroaktiv
1318 1085 131 35 verkan
1479 1085 36 35 åt
1543 1089 48 31 ett
1620 1085 245 47 medgifvande

269 1133 38 35 af
343 1134 305 46 pensionsförmån
685 1135 57 34 vid
777 1135 131 47 afgång
936 1149 41 22 ur
1005 1136 115 47 tjenst,
1149 1137 9 34 i
1188 1137 124 46 frågan
1341 1137 172 35 saknades
1542 1137 46 35 all
1616 1138 188 46 utredning
1832 1138 30 46 ej

269 1185 135 35 mindre
428 1198 54 23 om
520 1186 134 35 antalet
683 1187 37 34 af
759 1187 41 35 de
841 1188 301 48 folkskoleläraré,
1172 1201 73 23 som
1275 1188 109 48 enligt
1413 1189 166 46 förslaget
1603 1189 112 35 skulle
1744 1190 121 35 kunna

269 1238 52 34 till
363 1238 200 36 erhållande
606 1239 38 34 af
681 1239 144 48 pension
866 1240 267 48 ifrågakomma,
1175 1245 44 31 än
1261 1241 112 47 äfven,
1415 1241 12 35 i
1455 1241 91 36 hvad
1575 1241 81 36 mån
1684 1241 98 36 bifall
1810 1242 55 35 till

270 1290 176 35 motionen
474 1290 115 36 skulle
613 1291 182 36 föranleda
819 1292 107 36 behof
950 1293 37 35 af
1011 1297 79 43 nytt
1117 1293 122 47 anslag
1260 1293 83 35 eller
1373 1293 492 48 förhöjning
1582 1286 16 59 i
1615 1293 250 48 statsanslaget

269 1341 53 35 till
350 1342 333 37 folkskolelärarnes
711 1344 374 48 pensionsinrättning;
1114 1346 142 35 hvadan
1285 1345 179 36 Utskottet
1484 1346 169 48 afstyrkte
1670 1347 193 46 motionen;

269 1393 64 36 och
364 1394 73 36 blef
461 1395 202 36 densamma
691 1396 29 47 ej
750 1396 110 36 heller
889 1397 37 36 af
950 1396 204 49 Riksdagen
1182 1397 152 36 bifallen.

396 1446 59 36 Nu
505 1447 116 47 hafva,
662 1448 12 35 i
711 1448 130 36 motion
882 1449 93 36 inom
1013 1449 125 36 Andra
1179 1449 214 36 Kammaren
1434 1450 84 46 (N:o
1549 1452 74 46 56),
1655 1450 136 36 Herrar
1818 1450 45 36 ÅA.

268 1498 42 36 P.
352 1499 102 36 Lind
491 1499 64 36 och
595 1498 36 39 SJ.
674 1500 197 38 Marcuson
908 1502 237 48 återupptagit
1186 1502 255 36 ofvanberörda
1483 1503 131 47 förslag
1652 1503 65 35 och
1744 1503 115 35 tillika

268 1551 173 47 hemstält,
476 1556 53 31 att
556 1552 204 47 Riksdagen
784 1553 132 47 jemväl
945 1554 80 35 ville
1054 1554 136 36 utöfver
1218 1555 92 34 årets
1339 1559 67 31 stat
1435 1555 168 35 särskildt
1631 1555 135 48 anvisa,
1795 1556 69 34 för-

269 1603 155 47 slagsvis,
468 1606 133 43 15,000
643 1605 139 46 kronor,
815 1607 45 47 på
888 1606 58 35 det
974 1606 233 48 pensionerna
1234 1607 117 35 kunde
1376 1607 85 46 utgå
1489 1608 107 35 redan
1624 1608 238 35 innevarande

268 1655 49 36 år.
344 1677 50 5 —
422 1656 262 36 Motionärerna
725 1657 106 36 hafva
872 1658 194 36 framhållit
1106 1659 222 47 svårigheten
1356 1658 52 36 för
1432 1659 157 36 enskilde
1618 1659 246 47 riksdagsmän

268 1712 50 31 att
359 1708 157 36 anskaffa
559 1710 65 35 den
666 1709 38 36 af
743 1710 180 36 Utskottet
962 1710 206 48 ifrågasatta
1208 1711 247 48 utredningen,
1493 1712 179 35 äfvensom
1701 1712 162 48 påpekat,

268 1764 59 40 att,
356 1764 64 31 när
454 1761 123 47 anslag
606 1761 191 47 beviljades
826 1763 52 34 till
905 1763 249 47 pensionering
1184 1763 37 35 af
1246 1763 298 46 landtvärnsmän,
1574 1764 58 35 det
1660 1764 29 46 ej
1715 1776 63 23 var
1806 1765 58 34 be-

267 1811 98 48 kant,
394 1812 91 35 huru
514 1817 87 31 stort
629 1814 99 34 deras
757 1814 95 35 antal
880 1815 44 34 då
947 1827 76 33 var;
1053 1820 90 30 samt
1164 1819 50 31 att
1233 1827 133 23 samma
1382 1819 76 38 sätt,
1475 1815 133 48 hvarpå
1625 1828 79 22 man
1720 1815 75 46 gått
1810 1816 53 34 till

269 1867 90 42 väga
388 1864 51 35 för
463 1868 50 31 att
541 1865 34 34 få
604 1865 82 35 reda
714 1865 45 48 på
787 1865 377 37 landtvärnsmännens
1189 1866 107 43 antal,
1325 1865 119 38 kunde
1473 1867 181 36 användas
1675 1867 53 35 för
1743 1871 51 31 att
1809 1872 53 31 ut-

267 1919 87 31 röna
382 1916 41 34 de
451 1917 285 47 opensionerade,
767 1918 95 35 äldre
891 1917 333 37 folkskolelärarnes
1253 1919 104 35 antal.

401 1967 188 48 Utskottet,
632 1981 73 24 som
746 1970 11 34 i
781 1970 106 46 öfrigt
913 1970 165 35 hänvisar
1102 1971 54 35 till
1184 1971 193 36 motionens
1405 1971 166 44 innehåll,
1600 1971 72 36 kan
1701 1971 57 36 väl
1785 1971 78 36 icke

268 2019 118 47 undgå
429 2024 50 31 att
507 2021 155 35 erkänna
690 2021 59 35 det
777 2021 177 36 välmenta
982 2022 11 35 i
1019 2023 193 35 motionens
1241 2023 100 47 syfte,
1370 2036 79 23 men
1478 2035 101 24 anser
1608 2023 89 36 dock
1727 2024 77 35 skäl
1832 2024 29 46 ej

269 2083 84 23 vara
395 2072 159 48 anförda,
585 2085 73 23 som
687 2073 120 36 kunna
831 2074 182 36 föranleda
1042 2074 51 35 till
1123 2075 214 47 frångående
1366 2076 37 35 af
1428 2076 66 35 den
1522 2076 238 48 uppfattning,
1790 2088 72 23 som

268 2122 120 47 gjorde
413 2125 53 46 sig
494 2124 63 36 hos
585 2125 205 47 Riksdagen
818 2126 176 48 gällande,
1024 2127 44 35 då
1096 2131 117 32 ämnet
1237 2132 115 32 senast
1379 2128 153 47 förevar;
1562 2128 66 35 och
1649 2128 52 35 får
1715 2128 147 36 Utskot-

268 2181 49 29 tet
345 2176 133 36 derföre
506 2177 194 45 hemställa,

797 2286 50 31 att
884 2283 273 36 motionärernas
1192 2284 131 47 förslag
1351 2284 56 35 må
1436 2284 37 36 af
1498 2284 204 48 Riksdagen
1730 2284 134 36 lemnas

669 2337 84 33 utan
783 2335 118 35 vidare
929 2335 173 37 afseende.
