1892 2850
128 2238 149 26 Utskottet.

309 154 20 29 8
772 158 273 27 Bankoutskottets
1063 158 156 28 utlåtande
1235 159 44 27 Nr
1296 161 46 26 29.

354 234 225 31 Beträffande
600 245 42 21 en
665 246 41 20 av
729 236 229 32 förevarande
979 238 163 36 arbetare,
1165 239 174 38 nämligen
1363 240 198 39 Holmgren,
1584 240 110 31 skulle
1715 241 85 38 möj-

312 278 89 40 ligen
424 279 117 31 kunna
565 280 104 31 sättas
692 280 12 30 i
727 280 108 40 fråga,
860 285 48 27 att
932 283 78 29 med
1032 282 136 40 hänsyn
1191 283 49 30 till
1265 283 206 39 tjänstårens
1497 285 93 30 antal
1614 285 187 39 pensionen

311 324 107 31 borde
432 323 104 40 något
551 325 189 30 reduceras.
758 325 52 31 Då
826 326 188 31 emellertid
1030 327 187 39 Holmgren
1233 328 76 30 före
1324 329 252 39 anställningen
1593 330 56 30 vid
1667 330 134 30 Tumba

311 369 238 38 pappersbruk
572 369 134 31 arbetat
727 369 55 31 vid
803 371 110 30 andra
936 372 235 38 pappersbruk
1194 373 64 29 och
1280 372 146 32 sålunda
1447 374 106 30 redan
1575 374 45 30 då
1641 384 61 21 var
1724 374 77 30 fullt

311 412 270 38 yrkesutbildad,
618 423 102 29 synas
756 416 116 29 starka
896 415 75 30 skäl
994 416 68 30 tala
1087 416 64 35 för,
1177 420 47 27 att
1248 417 322 40 pensionsbeloppet
1594 418 54 31 för
1672 419 128 30 honom

310 457 76 30 icke
415 458 190 30 reduceras.
647 459 14 29 I
692 463 105 27 annat
827 460 61 29 fall
919 460 109 31 skulle
1057 461 174 31 måhända
1261 461 211 40 svårigheter
1501 463 216 39 uppkomma
1747 464 56 29 för

310 502 274 45 pappersbruket
608 506 49 28 att
680 503 57 30 vid
759 504 113 30 behov
897 505 117 30 kunna
1039 505 129 31 erhålla
1193 506 260 38 yrkesutbildad
1477 509 158 37 personal
1660 507 140 30 utifrån.

355 548 27 28 A
403 547 43 30 de
465 557 46 21 nu
531 547 198 39 föreslagna
747 548 170 40 beloppen
937 549 63 31 bör
1021 550 249 40 dyrtidstillägg
1291 550 76 31 icke
1387 551 91 39 utgå.

354 626 184 40 Angående
558 627 206 39 tidpunkten
785 628 54 31 för
861 628 301 40 pensioneringens
1184 630 277 31 ikraftträdande
1482 636 87 26 samt
1591 632 10 30 i
1623 632 99 39 fråga
1744 641 57 21 om

307 680 262 39 möjligheterna
594 681 54 30 för
673 682 182 30 arbetarna
880 685 49 28 att
954 682 85 31 efter
1062 683 240 40 pensionering
1326 685 132 30 kvarbo
1482 685 57 31 vid
1563 686 125 31 bruket
1711 686 89 31 hava

309 734 216 39 fullmäktige
551 734 159 40 slutligen
734 735 117 31 anfört
875 736 166 39 följande:

355 796 75 31 Vad
455 796 106 39 angår
586 797 216 40 tidpunkten,
829 799 43 30 då
898 799 64 30 här
986 800 149 31 avsedda
1160 801 154 30 arbetare
1340 802 83 30 böra
1449 802 177 32 överföras
1651 803 45 39 på
1722 812 78 30 pen-

309 840 173 37 sionsstat,
507 842 98 30 torde
632 844 201 30 densamma
859 844 85 30 böra
970 844 185 31 fastställas
1182 845 49 30 till
1257 846 66 30 den
1354 848 14 28 1
1397 846 63 39 juli
1490 848 93 35 1932,
1609 848 88 30 dock
1723 848 78 29 med

310 886 177 39 undantag
510 886 55 31 för
589 887 178 31 Stenbeck.
803 888 78 30 Med
905 888 134 39 hänsyn
1064 889 49 30 till
1138 889 184 31 Stenbecks
1346 891 169 31 särskilda
1540 891 260 39 yrkesskicklig-

308 930 59 31 het
390 932 39 28 är
451 931 54 30 det
527 940 42 21 av
591 931 174 39 betydelse
786 932 54 31 för
863 933 274 39 pappersbruket
1159 937 48 28 att
1231 935 118 30 kunna
1373 936 106 38 draga
1503 938 97 36 nytta
1624 937 116 35 därav,
1765 939 36 27 så

311 975 100 38 länge
435 975 70 31 han
529 976 38 29 är
591 975 10 31 i
627 976 100 31 stånd
752 979 48 28 att
825 977 134 39 deltaga
984 977 10 30 i
1018 978 138 30 arbetet.
1193 979 229 39 Fullmäktige
1447 980 92 31 hålla
1564 980 84 36 före,
1674 984 48 27 att
1748 981 54 29 det

309 1020 65 30 bör
394 1019 37 31 få
453 1020 188 30 ankomma
663 1021 44 39 på
729 1021 218 39 fullmäktige
967 1025 47 28 att
1034 1022 142 36 besluta,
1198 1024 63 30 när
1284 1024 167 30 Stenbeck
1474 1024 64 30 bör
1559 1024 177 31 överföras
1758 1024 43 40 på

309 1064 239 39 pensionsstat.

354 1118 66 30 Till
438 1118 59 31 sist
515 1118 82 39 vilja
616 1119 217 40 fullmäktige
851 1120 112 31 erinra
983 1121 131 35 därom,
1133 1124 48 27 att
1201 1121 55 31 vid
1275 1121 135 32 Tumba
1428 1122 89 30 bruk
1536 1122 73 31 ofta
1628 1122 172 30 förekom-

309 1172 85 27 mer,
416 1166 48 27 att
485 1164 183 30 arbetarna
690 1164 197 38 generation
908 1164 86 31 efter
1014 1165 196 39 generation
1231 1167 60 29 äro
1312 1167 170 29 anställda
1504 1167 56 29 vid
1579 1167 134 29 bruket.
1746 1167 53 29 Ett

307 1208 196 39 betydande
528 1209 95 30 antal
649 1219 43 20 av
716 1219 46 20 nu
787 1209 229 31 förevarande
1040 1210 155 30 arbetare
1220 1211 61 30 äro
1307 1210 108 31 födda
1442 1210 94 30 inom
1561 1210 142 31 brukets
1730 1220 70 21 om-

309 1252 83 31 råde
411 1253 65 30 och
494 1253 90 31 hava
604 1253 97 31 vuxit
721 1263 69 30 upp
811 1254 187 30 därstädes.
1030 1254 63 31 Det
1114 1264 99 29 synes
1234 1254 119 31 därför
1373 1254 133 39 skäligt,
1528 1258 48 28 att
1597 1256 42 29 de
1658 1255 142 30 beredas

309 1297 134 31 tillfälle
465 1301 48 27 att
533 1299 87 29 även
644 1299 110 29 under
777 1298 52 31 sin
852 1298 212 31 återstående
1085 1298 114 31 livstid
1221 1299 132 30 kvarbo
1375 1299 57 31 vid
1454 1300 133 30 bruket.
1623 1299 178 39 Möjlighet

307 1342 117 30 härtill
450 1342 97 30 torde
572 1343 88 30 även
687 1343 117 30 kunna
830 1343 154 34 beredas,
1011 1342 44 31 då
1081 1343 55 30 för
1161 1344 218 30 närvarande
1405 1344 67 38 god
1497 1343 143 39 tillgång
1666 1344 49 30 till
1741 1344 58 30 bo-

308 1387 115 30 städer
445 1386 112 31 finnes
582 1386 57 31 vid
664 1387 132 30 Tumba
818 1387 101 30 bruk.
954 1386 229 40 Fullmäktige
1207 1387 192 36 förutsätta,
1425 1391 48 27 att
1496 1388 141 31 brukets
1662 1388 138 39 ledning

308 1434 73 27 mot
397 1430 109 40 skälig
522 1430 292 40 hyresersättning
829 1430 159 40 upplåter
1003 1431 159 30 bostäder
1178 1431 34 31 åt
1229 1432 42 30 de
1286 1431 232 40 pensionärer,
1536 1442 73 22 som
1626 1432 37 31 så
1679 1433 119 30 önska.

351 1511 117 31 Under
495 1510 221 40 åberopande
745 1520 40 20 av
815 1512 68 29 vad
913 1510 145 32 sålunda
1088 1511 132 31 anförts
1248 1512 91 30 hava
1370 1512 217 39 fullmäktige
1614 1513 182 35 hemställt,

306 1568 49 27 att
380 1565 284 31 bankoutskottet
693 1564 77 31 ville
798 1564 127 31 föreslå
954 1564 182 39 riksdagen
1165 1565 168 39 medgiva,
1364 1569 48 27 att
1440 1576 105 21 envar
1574 1576 42 21 av
1645 1566 154 39 följande

307 1619 156 30 arbetare
481 1618 57 31 vid
556 1619 136 30 Tumba
709 1619 89 29 bruk
817 1618 117 36 måtte,
953 1619 123 30 räknat
1094 1619 77 30 från
1190 1620 65 29 och
1272 1620 79 30 med
1370 1621 66 29 den
1457 1622 14 28 1
1492 1620 63 39 juli
1577 1621 93 35 1932,
1690 1620 109 30 under

306 1672 53 31 sin
385 1672 214 32 återstående
624 1672 114 31 livstid
764 1682 42 21 av
831 1672 142 30 brukets
999 1672 110 31 medel
1135 1673 156 39 uppbära
1318 1673 86 39 årlig
1431 1673 153 40 pension,
1610 1674 83 31 därå
1720 1675 77 38 dyr-

304 1726 188 40 tidstillägg
517 1726 31 39 ej
575 1726 58 31 må
659 1726 91 39 utgå,
778 1725 48 31 till
853 1726 154 38 följande
1031 1726 136 39 belopp,
1192 1727 175 38 nämligen
1394 1727 72 31 Nils
1492 1728 113 30 Johan
1631 1727 165 31 Stenbeck

305 1782 18 28 2
339 1781 64 30 244
428 1781 138 35 kronor,
591 1789 106 22 envar
720 1790 41 21 av
785 1780 79 30 Carl
891 1779 126 31 Gustav
1041 1780 167 38 Almqvist
1232 1781 65 30 och
1321 1781 83 30 Axel
1428 1781 144 31 Fredrik
1598 1781 199 31 Dahlström

307 1835 96 30 1896
425 1835 138 34 kronor,
585 1843 106 21 envar
713 1844 41 20 av
777 1834 64 30 Per
863 1833 114 31 Johan
998 1833 107 31 Oscar
1127 1834 177 39 Tyrenius,
1328 1834 114 31 Johan
1466 1835 156 31 Leonard
1646 1834 150 36 Odelius,

305 1889 132 38 August
456 1888 187 39 Holmgren
663 1888 65 30 och
745 1887 113 31 Johan
878 1887 148 31 Gottfrid
1045 1888 168 30 Svensson
1234 1890 14 28 1
1265 1889 63 30 656
1347 1889 139 35 kronor,
1505 1898 105 21 envar
1627 1899 42 21 av
1687 1889 110 30 Frans

305 1941 114 31 Johan
451 1941 194 39 Nordqvist,
677 1941 112 30 Johan
821 1942 132 38 August
983 1942 204 35 Andersson,
1219 1942 114 30 Johan
1365 1943 112 30 Petter
1504 1943 198 30 Andersson
1733 1942 63 31 och

304 1995 115 31 Johan
441 1995 83 31 Erik
547 1995 148 31 Larsson
719 1995 92 30 1332
833 1996 131 29 kronor
985 1998 87 27 samt
1092 1995 157 39 slutligen
1273 1995 108 39 Lydia
1404 1996 163 31 Karolina
1589 1997 206 34 Andersson,

305 2049 86 30 född
414 2049 147 39 Nygren,
584 2050 64 29 900
672 2049 141 35 kronor;
837 2049 89 29 dock
949 2049 79 30 med
1049 2049 67 30 rätt
1137 2049 56 30 för
1214 2049 217 39 fullmäktige
1453 2053 48 27 att
1523 2050 69 31 låta
1615 2051 79 29 med
1717 2059 78 30 pen-

304 2102 217 40 sioneringen
542 2113 42 20 av
605 2102 167 31 Stenbeck
793 2102 110 36 anstå,
924 2101 50 31 till
993 2103 76 29 dess
1089 2102 217 39 fullmäktige
1327 2103 36 31 så
1385 2103 98 32 finna
1503 2103 166 40 lämpligt.

350 2228 121 31 Såsom
494 2239 40 20 av
559 2228 234 39 fullmäktiges
816 2228 164 30 skrivelse
1002 2228 162 39 framgår,
1189 2229 125 29 saknas
1339 2229 55 30 för
1416 2230 218 30 närvarande
1655 2240 41 20 en
1720 2229 76 30 ord-

303 2283 71 29 nad
394 2282 241 40 pensionering
654 2282 56 31 för
728 2282 66 30 den
813 2281 58 31 vid
891 2281 226 30 riksbankens
1137 2282 237 39 pappersbruk
1394 2283 58 30 vid
1472 2282 133 32 Tumba
1626 2283 170 30 anställda

303 2336 352 40 arbetarpersonalen.
692 2336 128 30 Bruket
845 2336 64 29 har
934 2334 185 31 emellertid
1144 2335 111 38 dragit
1280 2335 136 40 försorg
1440 2346 57 20 om
1522 2337 94 30 äldre
1642 2336 154 30 arbetare

304 2389 44 40 på
376 2389 123 31 sådant
525 2391 75 35 sätt,
628 2391 48 29 att
703 2390 98 30 dessa
827 2388 66 31 fått
919 2388 177 32 kvarbliva
1123 2389 10 30 i
1160 2388 218 40 anställning,
1406 2390 37 30 så
1469 2390 99 38 länge
1594 2391 41 29 de
1662 2390 133 29 kunnat

305 2443 115 31 utföra
447 2443 207 31 åtminstone
680 2443 133 30 mindre
839 2443 253 39 ansträngande
1119 2443 135 38 sysslor.
1307 2444 115 30 Under
1451 2444 64 29 den
1542 2447 133 27 senaste
1702 2445 90 30 tiden

303 2498 63 30 har
401 2496 120 31 därvid
555 2496 189 40 tillämpats
779 2497 66 30 den
881 2496 199 39 ordningen,
1117 2500 46 27 att
1201 2498 164 30 arbetare.
1403 2507 72 20 som
1513 2498 203 31 överskridit
1754 2499 40 29 70
