1896 2858
539 165 273 28 Bankoutskottets
831 163 156 27 utlatande
1004 162 44 26 Nr
1065 163 45 26 29.
1555 155 19 28 'Q

80 248 54 31 års
168 247 104 36 ålder,
308 247 63 30 fatt
394 245 192 30 vidkännas
620 242 200 39 minskning
854 252 41 19 av
929 240 206 31 arbetstiden
1170 240 77 29 med
1282 239 105 29 därav
1421 237 152 38 följande

81 301 219 38 nedsättning
326 300 11 30 i
364 299 215 38 avlöningen.

128 361 92 34 Även
246 373 57 20 om
329 362 263 39 olägenheterna
619 360 77 30 med
724 359 90 29 detta
842 358 64 30 sätt
934 360 47 28 att
1006 356 125 30 bereda
1159 356 153 28 utkomst
1339 357 33 26 at
1399 353 73 30 icke
1500 350 75 31 fullt

84 416 231 39 arbetsduglig
339 415 159 40 personal
524 413 87 31 varit
635 412 135 30 mindre
795 410 269 35 framträdande,
1091 419 36 20 sa
1153 409 99 37 länge
1278 400 298 48 arbetstillgången

83 472 57 30 vid
160 471 125 30 bruket
306 469 86 31 varit
414 469 77 38 god,
512 467 135 31 medför
668 465 148 31 berörda
837 463 194 38 anordning
1052 463 77 29 med
1152 471 46 20 nu
1221 461 153 30 rådande
1395 459 181 29 arbetsför-

83 525 185 30 hållanden
291 523 58 30 vid
372 522 134 31 Tumba
528 521 90 30 bruk
641 523 46 27 ett
708 518 123 30 hinder
855 518 54 30 för
931 520 45 27 ett
1000 515 168 31 rationellt
1192 514 177 30 ordnande
1392 523 41 20 av
1456 512 120 30 bruks-

83 578 137 31 driften.
256 578 68 29 För
348 574 264 39 undanröjande
636 584 41 20 av
702 573 91 30 detta
817 571 122 30 hinder
964 572 38 28 är
1027 570 55 30 det
1106 568 104 38 enligt
1234 568 181 30 utskottets
1439 565 138 37 mening

83 632 175 35 önskvärt,
284 634 47 27 att
356 640 41 20 en
422 629 110 31 direkt
555 626 242 40 pensionering
822 635 41 21 av
888 625 42 29 de
954 624 110 30 äldsta
1089 622 183 30 arbetarna
1297 622 79 37 äger
1400 629 87 20 rum.

128 695 49 29 Av
206 693 85 36 skäl,
321 702 74 21 som
422 690 216 38 fullmäktige
667 689 10 30 i
706 688 52 31 sin
787 687 161 31 skrivelse
977 685 124 36 anfört,
1130 684 97 30 torde
1254 682 188 31 emellertid
1470 684 107 35 några

84 748 167 38 generella
280 746 148 39 grunder
455 745 54 30 för
536 743 241 40 pensionering
805 750 41 20 av
873 738 341 39 arbetarpersonalen
1242 737 56 29 vid
1326 736 135 30 Tumba
1487 734 89 30 bruk

83 802 74 29 icke
182 801 55 30 för
261 799 217 31 närvarande
503 796 185 40 lämpligen
712 796 86 29 böra
824 793 229 39 genomföras.
1092 792 13 29 I
1131 791 173 30 avvaktan
1329 790 45 38 på
1399 787 178 39 lösningen

83 865 41 20 av
162 855 65 29 den
253 854 103 30 sedan
382 854 98 37 länge
506 851 148 31 aktuella
681 850 122 38 frågan
829 858 56 20 om
910 845 301 40 åvägabringande
1237 854 41 20 av
1304 842 271 40 pensionerings-

87 908 258 30 bestämmelser
374 906 54 30 för
458 903 297 40 arbetarpersonal
784 902 10 30 i
825 900 188 32 allmänhet
1043 900 10 29 i
1083 902 127 27 statens
1241 897 104 38 tjänst
1376 896 96 30 torde
1501 903 79 31 pen-

89 961 173 38 sionering
293 970 42 21 av
365 960 141 29 brukets
537 958 154 29 arbetare
722 956 11 29 i
764 955 110 30 stället
904 955 85 29 böra
1020 954 63 37 äga
1115 962 77 20 rum
1224 951 84 29 efter
1341 960 41 20 en
1413 947 169 40 prövning

90 1026 41 20 av
158 1015 185 37 riksdagen
369 1013 10 30 i
405 1012 95 38 varje
527 1010 135 31 särskilt
689 1010 71 30 fall.

133 1082 63 29 Det
222 1081 128 38 förslag
377 1079 10 30 i
412 1078 121 31 sådant
558 1076 204 36 hänseende,
789 1085 74 20 som
888 1084 42 21 av
955 1072 217 38 fullmäktige
1198 1082 46 20 nu
1270 1071 189 36 framlagts,
1487 1076 96 22 avser

89 1134 242 40 pensionering
360 1142 41 20 av
431 1132 129 30 sådana
591 1131 154 30 arbetare
775 1129 56 29 vid
859 1128 134 34 bruket,
1024 1126 91 30 vilka
1146 1125 146 39 uppnaltt
1323 1125 40 28 70
1394 1123 55 30 års
1480 1121 102 30 ålder.

91 1189 97 30 Inom
210 1188 165 30 utskottet
395 1187 64 29 har
481 1184 207 39 ifrågasatts,
711 1186 47 27 att
781 1182 158 38 åtgärder
961 1180 109 30 skulle
1091 1179 156 38 vidtagas
1269 1178 53 29 för
1344 1175 241 41 pensionering

91 1244 86 28 även
208 1251 41 21 av
280 1240 153 31 arbetare
463 1239 78 29 med
571 1237 103 39 något
705 1237 93 37 lägre
829 1234 103 35 ålder,
963 1233 198 38 förslagsvis
1192 1233 37 29 67
1263 1232 80 29 eller
1372 1231 40 29 65
1444 1229 47 30 år.
1533 1227 52 30 Då

92 1295 188 30 emellertid
304 1304 48 20 nu
375 1293 30 39 ej
429 1294 38 28 är
489 1291 97 39 fråga
610 1301 55 20 om
691 1289 193 39 antagande
908 1299 42 20 av
973 1287 166 39 generella
1165 1283 419 42 pensioneringsgrunder.

92 1350 63 29 har
173 1349 164 29 utskottet
355 1349 109 28 ansett
483 1345 48 39 sig
548 1346 73 29 icke
636 1345 86 29 böra
741 1343 126 30 föreslå
885 1342 192 29 fixerandet
1095 1350 41 20 av
1154 1338 115 38 någon
1286 1338 157 29 bestämd
1461 1335 124 30 ålders-

94 1403 101 38 gräns
223 1402 54 29 för
303 1399 250 40 pensionering.
592 1398 65 29 Det
684 1397 97 30 torde
807 1396 85 30 böra
920 1396 187 29 ankomma
1134 1393 45 39 på
1205 1389 293 39 bruksledningen
1524 1387 62 31 och

94 1454 218 38 fullmäktige
335 1454 10 29 i
368 1453 210 29 riksbanken
603 1454 57 33 att,
685 1453 82 27 utan
793 1452 47 27 att
863 1447 186 30 tillsvidare
1072 1456 82 21 vara
1178 1445 143 30 bundna
1346 1454 41 20 av
1410 1441 197 31 bestämda”

94 1509 108 38 regler
227 1507 220 30 beträffande
474 1506 94 29 ålder
595 1504 54 30 för
675 1503 200 31 arbetarnas
903 1500 134 39 avgång
1063 1510 40 19 ur
1130 1499 117 38 tjänst,
1275 1496 181 31 successivt
1483 1496 105 30 fram-

96 1563 98 37 lägga
226 1561 130 37 förslag
386 1569 58 20 om
474 1557 251 40 pensionering,
757 1556 10 29 i
798 1556 65 30 den
895 1554 81 30 mån
1009 1553 90 30 detta
1131 1552 112 29 finnes
1275 1550 152 39 påkallat
1458 1549 55 30 för
1544 1549 45 28 ett

97 1615 155 39 lämpligt
283 1613 179 30 ordnande
493 1622 41 20 av
566 1608 380 33 arbetsförhållandena
978 1606 57 31 vid
1065 1606 133 29 bruket.
1241 1604 170 30 Utskottet
1441 1601 150 30 biträder

97 1668 99 31 alltså
226 1666 234 39 fullmäktiges
491 1665 129 37 förslag
649 1664 79 29 med
760 1662 166 30 avseende
957 1660 19 30 å
1007 1658 252 38 omfattningen
1291 1667 40 20 av
1363 1657 64 29 den
1458 1653 131 40 pensio-

97 1721 132 39 nering,
256 1730 73 21 som
356 1729 47 21 nu
427 1720 63 29 bör
516 1720 64 37 äga
605 1727 87 20 rum.

144 1788 72 30 Vad
256 1786 105 38 angår
398 1786 170 30 storleken
603 1794 43 20 av
680 1784 41 29 de
758 1782 190 39 pensioner,
988 1790 73 19 som
1099 1779 9 30 i
1147 1778 227 30 förevarande
1411 1777 60 29 fall
1508 1777 84 28 böra

98 1841 154 38 beviljas,
278 1841 110 30 skulle
413 1839 96 30 dessa
534 1837 103 39 enligt
663 1835 234 38 fullmäktiges
922 1834 129 38 förslag
1077 1833 120 37 utgöra
1222 1851 44 4 —
1290 1832 78 29 med
1392 1828 202 30 bortseende

101 1895 69 30 dels
200 1894 78 30 från
311 1892 260 31 formbindaren
603 1890 166 31 Stenbeck
801 1889 64 29 och
896 1886 321 39 lumparbeterskan
1250 1884 108 39 Lydia
1388 1883 205 32 Andersson,

100 1948 49 30 till
173 1947 92 30 vilka
287 1947 164 29 utskottet
473 1953 118 22 senare
614 1942 242 35 återkommer,
879 1941 70 30 dels
972 1939 79 30 från
1074 1939 179 30 arbetaren
1276 1937 28 29 J.
1328 1937 37 29 A.
1389 1936 205 29 Andersson,

101 2001 113 30 vilken
246 1999 103 38 enligt
380 1999 164 29 utskottet
574 1996 325 31 tillhandakommet
930 1992 226 30 meddelande
1188 1989 117 31 avlidit
1336 1990 65 29 den
1435 1991 37 27 19
1504 1995 91 21 mars

104 2056 82 29 1932
217 2041 30 52 —
282 2053 53 30 för
360 2050 167 39 Almqvist
553 2050 62 30 och
642 2048 200 31 Dahlström
872 2047 93 29 1896
991 2046 139 34 kronor,
1157 2045 55 28 för
1239 2042 178 39 Tyrenius,
1445 2040 150 33 Odelius,

102 2109 188 36 Ifolmgren
316 2106 63 30 och
404 2105 169 29 Svensson
601 2103 94 29 1656
720 2102 129 28 kronor
873 2103 89 27 samt
986 2099 54 29 för
1064 2097 195 38 Nordqvist,
1285 2096 28 29 J.
1339 2097 35 28 P.
1400 2094 195 30 Andersson

102 2161 64 29 och
188 2161 148 29 Larsson
359 2159 93 29 1332
474 2158 127 29 kronor
623 2157 54 28 för
698 2159 47 26 år.
778 2153 229 37 Fullmäktige
1028 2153 88 28 hava
1138 2151 171 34 förutsatt,
1330 2152 48 27 att
1399 2145 196 41 dyrtidstill-

103 2215 76 37 lägg
212 2213 73 30 icke
318 2213 108 29 skulle
457 2210 80 38 utgå
570 2209 19 30 å
621 2209 153 29 nämnda
806 2207 134 37 belopp.
984 2204 114 39 Enligt
1131 2204 180 29 utskoltets
1344 2201 137 37 mening
1513 2200 82 28 böra

102 2266 197 34 emellertid,
324 2265 36 30 så
386 2265 98 36 länge
508 2261 250 40 dyrtidstillägg
781 2259 81 38 utgå
887 2260 18 29 a
930 2258 180 39 pensioner
1134 2266 40 20 av
1200 2256 195 29 statsmedel
1420 2254 9 30 i
1454 2253 142 30 allmän-

103 2321 66 34 het,
201 2319 128 37 jämväl
362 2316 226 39 pensionerna
620 2315 55 29 för
705 2314 64 28 bär
800 2310 266 39 ifrågavarande
1096 2319 163 28 personer
1290 2308 37 29 så
1359 2308 157 36 avvägas,
1550 2307 45 28 atl

104 2371 251 40 dyrtidstillägg
382 2370 18 29 &
425 2369 169 38 beloppen
621 2368 119 29 kunna
767 2365 9 30 i
803 2364 113 38 vanlig
943 2362 146 38 ordning
1114 2362 181 29 beräknas.

147 2434 97 29 Efter
274 2433 64 30 den
370 2430 206 37 omräkning
606 2439 41 20 av
678 2426 343 40 pensionsbeloppen,
1053 2434 72 19 som
1155 2423 173 29 erfordras
1360 2422 52 29 för
1442 2425 43 26 all
1519 2428 78 30 pen-

105 2487 156 29 sionerna
292 2486 74 29 med
395 2484 83 30 därå
505 2482 192 38 belöpande
723 2478 262 40 dyrtidstillägg.
1013 2477 197 30 beräknade
1237 2475 100 37 enligt
1369 2485 42 19 nu
1442 2473 157 38 gällande

147 2548 118 34 Bihang
288 2549 44 25 till
354 2546 179 33 riksdagens
555 2544 156 35 protokoll
737 2543 132 25 1932.-8
893 2541 85 27 saml.
1007 2542 30 24 15
1063 2540 71 33 höft.
1159 2540 59 26 (Nr
1242 2540 63 25 29)
1581 2536 19 27 3
