1866 2790
261 155 19 29 4
530 156 405 40 Bevillningsutskottets
963 159 219 31 betänkande
1209 169 42 21 nr
1278 161 42 30 49
1347 161 39 30 år
1414 162 84 30 1955

264 241 123 37 genast
408 240 87 30 efter
517 241 155 30 erhållen
694 241 188 41 tillsägelse
905 243 194 40 penningar
1122 244 51 30 till
1198 245 58 30 det
1279 245 139 31 felande
1443 247 321 41 stämpelbeloppet,

263 281 130 40 åligger
414 283 57 30 det
489 282 319 41 sjöfartsstyrelsen
831 286 51 28 att
902 285 63 30 hos
985 286 258 30 vederbörande
1263 287 341 41 ämbetsmyndighet
1623 289 142 41 påkalla

263 323 124 39 åtgärd
410 324 54 30 för
488 325 189 39 uttagande
701 335 42 20 av
769 327 440 41 stämpelavgiftsbeloppet
1235 328 111 40 jämte
1372 329 115 31 såsom
1514 331 251 31 stämmoböter

263 366 53 29 tre
335 368 143 37 procent
497 367 86 30 därå
602 367 11 30 i
632 367 66 30 den
718 368 161 39 ordning,
899 377 75 21 som
996 378 57 21 om
1073 371 189 38 uttagande
1283 380 43 21 av
1345 371 152 39 oguldna
1516 373 249 41 kronoutskyl-

263 407 62 29 der
341 408 39 29 är
395 408 154 39 stadgad.
566 409 53 29 Av
634 410 298 31 stämmoböterna
950 411 89 30 skall
1058 421 42 20 en
1118 412 177 40 tredjedel,
1315 413 90 30 dock
1421 413 102 40 högst
1542 414 61 30 100
1622 415 141 35 kronor,

263 449 197 32 tillkomma
483 451 78 34 den,
585 460 74 21 som
681 451 206 31 verkställer
909 453 255 40 indrivningen,
1187 456 64 29 och
1274 455 200 31 återstoden
1498 457 140 31 tillfalla
1661 459 103 29 stats-

262 491 131 30 verket.

308 533 45 29 Är
374 543 115 20 annan
507 552 44 4 —
568 552 44 4 —
629 552 44 4 —
690 535 185 40 uppburna
896 537 122 29 medel.

307 575 53 31 Då
379 576 147 30 ämbets-
545 576 84 31 eller
648 576 215 40 tjänsteman
881 596 44 4 —
941 596 43 4 —
1001 596 43 4 —
1062 580 213 39 handlingen
1296 581 187 30 erfordras.

964 653 40 31 53
1027 653 28 38 8.

307 708 30 30 2.
363 709 72 30 Har
457 709 45 41 på
524 710 113 39 grund
661 720 42 21 av
724 711 237 40 anmärkning
981 712 57 30 vid
1060 712 67 30 den
1150 713 9 30 i
1182 713 40 30 36
1248 713 16 37 8
1289 714 235 31 omförmälda
1546 715 217 40 granskning

260 750 109 40 högre
396 752 283 40 stämpelbelopp,
707 753 45 29 än
779 753 58 30 vid
864 753 186 40 handlings
1080 755 357 40 stämpelbeläggning
1463 756 91 31 varit
1581 757 181 35 beräknat,

257 791 151 31 kommit
432 793 209 30 statsverket
664 794 53 29 till
741 795 99 38 godo,
865 795 101 39 utgår
988 795 12 29 i
1024 796 62 29 fall
1111 805 74 21 som
1210 797 115 30 nedan
1350 799 77 37 sägs
1453 799 310 39 anmärkningsar-

258 834 88 30 vode
367 834 20 30 å
406 835 100 30 dessa
526 836 113 30 medel
659 837 78 29 med
758 836 136 30 femton
913 839 143 38 procent
1076 838 53 30 till
1148 839 64 29 och
1233 840 79 29 med
1333 841 49 28 ett
1402 840 102 40 årligt
1524 842 165 29 anmärkt
1707 841 57 30 be-

257 876 84 41 lopp
364 887 43 20 av
431 878 38 30 12
483 878 63 30 000
570 878 130 31 kronor
723 879 65 30 och
812 880 80 29 med
915 880 73 29 fem
1009 882 144 38 procent
1176 881 54 30 för
1255 881 126 40 belopp
1404 882 197 31 därutöver.
1626 883 136 30 Arvode

257 918 214 31 tillkommer
493 921 124 30 endast
636 920 175 31 ordinarie
832 922 212 32 innehavare
1064 932 43 21 av
1129 923 19 30 å
1168 923 263 40 övergångsstat
1452 926 176 38 upptagen
1650 925 113 40 tjänst

258 962 117 29 såsom
399 962 384 35 hovrättssekreterare,
808 964 90 29 dock
920 965 50 29 att
991 973 59 21 om
1072 965 399 31 hovrättssekreteraren
1496 967 124 30 anlitat
1643 976 119 22 annan

257 1003 216 39 tjänsteman
496 1004 55 30 för
574 1005 271 39 granskningen,
871 1006 141 30 arvodet
1035 1006 89 30 skall
1147 1006 158 31 minskas
1330 1007 51 30 till
1404 1008 135 30 hälften
1562 1018 43 21 av
1627 1009 66 30 vad
1716 1009 46 30 el-

256 1045 71 39 jest
343 1046 112 30 skolat
471 1047 93 39 utgå.

305 1162 122 30 Denna
447 1163 207 39 förordning
673 1164 115 30 träder
808 1164 11 30 i
839 1164 96 30 kraft
955 1165 66 29 den
1043 1166 14 30 1
1078 1165 67 39 juli
1168 1165 93 35 1955,
1282 1166 89 30 dock
1391 1167 50 30 att
1460 1167 42 29 de
1523 1176 68 30 nya
1611 1167 150 30 bestäm-

257 1204 175 30 melserna
452 1205 12 29 i
488 1206 14 29 1
530 1204 28 37 8,
581 1205 104 30 såvitt
706 1206 109 39 angår
838 1206 328 40 sjöfartsstyrelsen,
1189 1207 19 30 3
1233 1207 15 37 8
1272 1210 92 28 samt
1385 1207 42 31 34
1453 1208 16 37 $
1495 1210 14 29 1
1533 1218 106 20 mom.
1662 1208 99 31 skola

256 1246 103 30 träda
376 1246 12 30 i
406 1246 95 31 kraft
518 1247 68 30 den
607 1247 14 30 1
641 1247 142 39 januari
805 1248 84 30 1956
908 1250 91 28 samt
1019 1251 50 28 att
1089 1249 95 30 äldre
1204 1249 263 30 bestämmelser
1485 1251 11 30 i
1515 1250 41 30 53
1578 1250 15 37 8
1614 1251 19 29 2
1656 1259 104 21 mom.

255 1287 220 31 fortfarande
497 1288 100 31 skola
618 1290 64 38 äga
702 1288 224 41 tillämpning
946 1290 221 31 beträffande
1190 1291 473 41 granskningsanmärkning
1685 1301 75 21 som

259 1330 112 39 gjorts
391 1330 74 31 före
486 1331 66 30 den
576 1333 14 29 1
613 1331 67 40 juli
705 1332 93 30 1955.

879 1527 41 43 2)
951 1528 145 44 Förslag

997 1600 53 31 till

253 1668 212 44 förordning
487 1682 60 21 om
570 1670 92 33 vissa
685 1670 183 44 undantag
889 1670 81 34 från
1000 1671 240 44 stämpelplikt
1271 1671 109 44 enligt
1410 1671 254 44 förordningen
1694 1672 68 33 den

381 1736 44 33 19
446 1736 191 34 november
659 1737 90 34 1914
772 1736 63 44 (nr
856 1737 87 43 383)
966 1738 183 43 angående
1170 1738 323 44 stämpelavgiften,
1516 1750 49 21 m.
1589 1751 49 21 m.

302 1832 210 40 Härigenom
538 1833 195 34 förordnas,
759 1836 49 28 att
834 1835 238 39 stämpelplikt
1097 1835 29 40 ej
1155 1835 88 30 skall
1269 1836 63 39 äga
1358 1845 78 21 rum
1458 1835 142 39 jämlikt
1625 1835 135 31 förord-

257 1873 130 40 ningen
415 1874 65 31 den
511 1875 38 30 19
579 1875 185 31 november
795 1876 84 30 1914
913 1877 59 34 (nr
999 1877 80 35 383)
1114 1878 177 39 angående
1321 1878 305 39 stämpelavgiften
1653 1878 106 30 såvitt

257 1924 100 22 avser
387 1917 247 40 värdepapper,
663 1927 73 21 som
764 1918 160 31 utfärdas
949 1920 84 29 eller
1060 1921 201 38 garanteras
1289 1929 43 21 av
1358 1920 284 31 Internationella
1670 1920 90 30 åter-

255 1957 395 41 uppbyggnadsbanken
687 1960 81 30 eller
806 1960 45 31 då
887 1961 284 31 Internationella
1207 1962 469 40 återuppbyggnadsbanken
1701 1962 58 31 vid

252 1999 204 32 överlåtelse
479 2010 43 21 av
542 2001 241 40 värdepapper
806 2003 40 29 är
868 2003 67 29 den
958 2012 62 21 ene
1044 2004 269 34 kontrahenten,
1337 2004 30 39 ej
1393 2004 109 30 heller
1523 2004 143 39 jämlikt
1689 2004 70 30 för-

255 2042 195 40 ordningen
473 2043 65 30 den
562 2044 19 29 6
605 2044 184 31 november
815 2045 83 30 1908
927 2045 57 33 (nr
1009 2046 63 30 129
1091 2055 28 21 s.
1146 2046 33 35 1)
1208 2046 178 40 angående
1412 2055 42 21 en
1478 2047 152 30 särskild
1653 2048 106 30 stäm-

255 2083 168 41 pelavgift
443 2085 56 31 vid
520 2086 70 40 köp
611 2087 64 29 och
695 2086 79 40 byte
796 2096 42 22 av
859 2087 227 41 fondpapper,
1107 2088 57 30 vid
1185 2088 69 40 köp
1274 2098 45 21 av
1338 2088 248 41 värdepapper,
1608 2098 75 22 som
1705 2091 53 28 ut-

256 2125 136 32 färdats
420 2127 81 31 eller
530 2130 217 38 garanterats
777 2138 41 21 av
854 2130 284 30 Internationella
1167 2130 477 41 återuppbyggnadsbanken,
1676 2132 81 31 eller

255 2167 46 31 då
328 2169 283 31 Internationella
639 2170 468 41 återuppbyggnadsbanken
1136 2173 56 30 vid
1220 2173 202 30 överlåtelse
1451 2182 41 21 av
1518 2173 241 41 värdepapper

255 2210 39 29 är
314 2211 67 30 den
400 2220 61 21 ene
483 2212 266 30 kontrahenten.

299 2344 123 31 Denna
442 2346 205 41 förordning
668 2347 116 30 träder
825 2348 10 30 i
856 2348 96 31 kraft
972 2348 110 40 dagen
1106 2349 86 31 efter
1214 2349 76 36 den,
1313 2349 45 30 då
1378 2350 251 40 förordningen
1648 2350 109 40 enligt

254 2386 86 32 därå
360 2388 179 30 meddelad
561 2389 137 40 uppgift
719 2390 190 31 utkommit
929 2390 78 30 från
1026 2391 135 39 trycket
1182 2391 10 29 i
1214 2391 132 31 Svensk
1365 2391 390 41 författningssamling.
