1868 2764
532 144 286 31 Statsutskottets
840 146 179 31 utlåtande
1041 157 43 20 nr
1104 149 18 29 5
1143 148 41 30 år
1206 149 84 29 1965
1613 151 40 29 57

477 223 54 30 för
546 224 205 39 budgetåret
770 225 148 36 1965/66
935 228 119 29 anvisa
1071 231 47 27 ett
1135 229 273 39 förslagsanslag
1423 240 41 20 av
1480 230 19 29 9
1514 230 61 30 700
1590 230 63 30 000

477 277 50 29 kr.

208 380 116 35 119:0)
348 381 125 37 Bidrag
493 383 52 29 till
566 383 94 30 vissa
681 384 189 37 Göteborgs
890 387 76 28 stad
987 386 176 37 tillhöriga
1185 387 160 36 sjukhus.
1368 389 12 29 I
1404 389 148 38 enlighet
1575 390 77 30 med

167 434 125 39 Kungl.
313 435 123 39 Maj:ts
457 436 130 40 förslag
612 438 130 39 (punkt
761 438 30 29 H
808 439 48 35 16,
878 449 25 21 s.
923 439 205 37 287—289),
1148 440 107 32 vilket
1274 443 144 30 innebär
1437 453 42 20 en
1497 445 156 38 anslags-

165 487 131 40 ökning
312 490 77 28 med
406 489 18 29 3
439 489 62 30 000
515 490 63 29 000
595 491 62 34 kr.,
673 492 201 30 hemställer
890 494 180 34 utskottet,

517 546 50 27 att
589 544 186 40 riksdagen
797 546 56 29 må
874 547 52 29 till
945 546 128 40 Bidrag
1095 548 52 30 till
1166 548 91 30 vissa
1278 549 187 39 Göteborgs
1485 550 79 30 stad
1584 551 67 29 till-

472 596 121 39 höriga
617 597 153 38 sjukhus
794 598 55 30 för
870 599 205 39 budgetåret
1101 600 148 36 1965/66
1272 602 121 29 anvisa
1415 605 48 28 ett
1486 603 165 39 förslags-

473 649 120 39 anslag
609 660 41 20 av
668 650 39 29 19
721 650 62 30 000
798 651 63 30 000
876 652 52 29 kr.

205 752 116 35 120:0)
343 754 126 36 Bidrag
487 755 54 29 till
562 755 175 35 lasarettet
764 757 5 29 i
788 757 117 30 Umeå.
926 758 14 29 I
961 758 150 38 enlighet
1130 760 79 32 med
1230 760 123 38 Kungl.
1375 761 121 37 Maj:ts
1518 762 131 38 förslag

167 806 131 39 (punkt
324 807 30 29 H
371 808 48 34 17,
446 818 35 22 s.
498 808 64 30 289
587 810 65 29 och
677 810 96 35 290),
794 811 111 31 vilket
929 812 146 31 innebär
1099 823 43 20 en
1166 814 131 39 ökning
1321 824 42 20 av
1388 816 155 39 anslaget
1568 817 78 29 med

161 859 18 29 2
194 859 63 29 200
272 860 62 29 000
351 861 62 34 kr.,
431 862 202 30 hemställer
649 863 179 35 utskottet,

513 917 49 28 att
581 916 187 40 riksdagen
785 917 57 30 må
860 918 52 30 till
929 919 128 39 Bidrag
1075 919 53 30 till
1144 920 179 30 lasarettet
1350 922 1 29 i
1367 921 106 30 Umeå
1491 922 54 30 för
1562 922 86 30 bud-

467 968 131 39 getåret
623 968 148 37 1965/66
791 970 121 31 anvisa
933 973 48 39 ett
1002 972 272 41 förslagsanslag
1295 984 41 20 av
1357 974 19 29 9
1390 974 62 30 600
1466 974 63 31 000
1550 975 52 30 kr.

202 1072 115 35 121:0)
346 1072 125 38 Bidrag
496 1074 53 30 till
575 1076 225 34 anordnande
823 1086 45 32 av
896 1070 313 44 barnavdelningar
1236 1079 57 30 vid
1320 1080 141 30 lasarett
1488 1090 44 20 m.
1559 1073 44 38 m.
1632 1081 12 30 I

158 1126 152 38 enlighet
327 1127 78 29 med
423 1127 125 40 Kungl.
564 1128 126 40 Maj:ts
706 1129 130 40 förslag
858 1131 129 41 (punkt
1003 1131 30 30 H
1050 1132 49 35 18,
1116 1142 26 21 s.
1158 1132 63 39 290
1237 1134 63 29 och
1316 1133 96 35 291),
1427 1135 107 30 vilket
1549 1136 97 29 inne-

157 1178 63 30 bär
238 1188 43 21 en
299 1180 85 39 höjd
403 1173 318 49 medelsanvisning
738 1173 78 40 med
835 1181 41 32 30
890 1183 63 31 000
971 1185 63 34 kr.,
1052 1185 203 31 hemställer
1273 1187 182 35 utskottet,

509 1237 50 27 att
577 1235 188 40 riksdagen
783 1237 56 29 må
857 1238 51 29 till
925 1237 129 40 Bidrag
1072 1239 53 30 till
1139 1239 227 30 anordnande
1383 1250 42 20 av
1443 1241 202 30 barnavdel-

465 1288 126 39 ningar
613 1288 57 30 vid
691 1289 143 30 lasarett
854 1299 106 22 m.m.
982 1291 54 30 för
1056 1291 205 40 budgetåret
1285 1293 148 35 1965/66
1454 1295 119 29 anvisa
1596 1297 48 27 ett

466 1342 355 39 reservationsanslag
836 1353 41 20 av
893 1343 41 30 80
948 1343 63 30 000
1027 1344 52 30 kr.

198 1444 115 34 122:0)
335 1445 126 36 Bidrag
478 1445 53 30 till
550 1446 130 30 driften
699 1456 43 20 av
762 1447 312 37 barnavdelningar
1093 1450 58 30 vid
1171 1450 140 30 lasarett
1330 1461 44 20 m.
1395 1461 43 20 m.
1459 1452 13 29 I
1492 1452 151 38 enlighet

156 1497 80 30 med
258 1498 124 39 Kungl.
405 1499 123 39 Maj:ts
551 1499 131 41 förslag
709 1501 129 39 (punkt
860 1501 30 30 H
907 1502 49 35 19,
978 1512 26 20 s.
1026 1503 96 35 291),
1143 1504 107 31 vilket
1271 1505 146 30 innebär
1436 1505 205 32 oförändrat

153 1541 133 49 anslag,
301 1552 201 30 hemställer
518 1553 181 35 utskottet,
734 1537 15 60 =
1104 1595 2 2 |
1483 1580 2 2 .

506 1608 50 28 att
575 1606 187 40 riksdagen
782 1607 56 30 må
857 1609 52 29 till
927 1608 128 40 Bidrag
1074 1610 53 29 till
1143 1609 130 40 driften
1292 1620 42 21 av
1353 1604 289 48 barnavdelning-

462 1668 41 20 ar
523 1659 57 30 vid
601 1659 144 31 lasarett
764 1670 106 21 m.m.
890 1661 56 30 för
966 1662 204 39 budgetåret
1194 1663 148 36 1965/66
1362 1665 121 30 anvisa
1502 1668 49 27 ett
1572 1665 69 30 för-

462 1712 216 40 slagsanslag
694 1723 41 20 av
754 1713 92 30 1500
861 1714 63 30 000
941 1715 52 29 kr.

194 1815 116 35 123:0)
333 1816 126 37 Bidrag
478 1817 53 30 till
552 1818 226 31 anordnande
798 1828 42 21 av
861 1820 570 36 tuberkulossjukvårdsanstalter.
1453 1824 13 28 I
1488 1824 151 38 enlighet

153 1869 79 29 med
255 1869 124 39 Kungl.
401 1870 124 39 Maj:ts
547 1871 131 40 förslag
704 1873 130 38 (punkt
854 1873 30 29 H
898 1873 52 34 20,
972 1884 26 19 s.
1018 1874 61 29 291
1102 1876 65 29 och
1188 1875 95 35 292),
1303 1876 107 30 vilket
1430 1878 146 30 innebär
1595 1887 43 21 en

150 1922 78 29 med
248 1921 61 30 139
322 1922 63 30 000
401 1923 51 29 kr.
468 1924 91 29 ökad
574 1925 330 40 medelsanvisning,
917 1927 205 30 hemställer
1136 1928 181 34 utskottet,

503 1978 50 28 att
576 1977 187 40 riksdagen
785 1979 57 29 må
864 1979 51 29 till
938 1979 128 40 Bidrag
1088 1980 53 30 till
1160 1981 227 30 anordnande
1408 1992 43 20 av
1473 1983 165 30 tuberku-

458 2029 415 39 lossjukvårdsanstalter
896 2032 54 29 för
973 2032 204 40 budgetåret
1203 2033 148 36 1965/66
1374 2035 120 31 anvisa
1516 2038 48 28 ett
1586 2046 52 20 re-

458 2083 317 39 servationsanslag
791 2094 41 20 av
851 2083 60 31 140
925 2085 63 29 000
1005 2085 52 30 kr.

191 2194 115 34 124:0)
330 2196 125 36 Bidrag
475 2196 52 29 till
549 2197 129 29 driften
699 2207 42 19 av
761 2198 569 35 tuberkulossjukvårdsanstalter.
1354 2202 10 28 I
1387 2202 150 38 enlighet
1557 2204 78 29 med

151 2247 123 38 Kungl.
292 2248 123 39 Maj:ts
434 2249 129 38 förslag
585 2250 131 38 (punkt
733 2251 28 28 H
776 2251 51 34 21,
845 2262 26 19 s.
888 2251 63 30 292
968 2253 64 29 och
1049 2253 96 34 293),
1162 2254 106 30 vilket
1285 2255 145 29 innebär
1445 2265 42 20 en
1503 2256 132 38 ökning

148 2309 40 20 av
204 2300 360 39 medelsanvisningen
582 2303 77 29 med
679 2303 59 29 100
752 2303 64 29 000
832 2304 62 34 kr.,
910 2304 202 31 hemställer
1127 2306 180 34 utskottet,

498 2356 50 28 att
578 2355 185 39 riksdagen
792 2357 56 29 må
875 2357 51 29 till
954 2357 128 39 Bidrag
1110 2358 53 29 till
1189 2358 129 39 driften
1346 2370 42 19 av
1416 2360 219 30 tuberkulos-

453 2407 363 38 sjukvårdsanstalter
844 2409 55 29 för
927 2409 203 39 budgetåret
1163 2411 148 34 1965/66
1340 2413 119 29 anvisa
1488 2416 47 28 ett
1566 2414 68 29 för-

455 2460 216 38 slagsanslag
687 2471 41 20 av
747 2461 93 29 1600
854 2461 63 30 000
935 2462 50 30 kr.
