1856 2762
525 138 286 32 Statsutskottets
834 141 179 30 utlåtande
1035 151 42 20 nr
1099 143 19 29 5
1138 142 41 30 år
1201 143 83 30 1965
1609 145 40 28 15

164 215 199 38 grunderna
384 216 54 30 för
458 217 122 40 bidrag
601 219 52 29 till
674 219 277 31 driftkostnader
972 221 57 30 vid
1050 221 256 31 vårdanstalter
1328 223 55 29 för
1404 223 244 30 alkoholmiss-

161 268 152 30 brukare
328 279 45 20 m.
386 279 55 25 m.,
457 271 72 29 dels
543 272 66 29 ock
623 272 52 29 till
689 273 127 39 Bidrag
830 273 52 30 till
897 274 278 30 driftkostnader
1189 275 58 30 vid
1261 276 155 30 erkända
1430 276 218 30 vårdanstal-

162 323 52 27 ter
231 321 54 30 för
302 323 381 31 alkoholmissbrukare
701 335 43 20 m.
759 336 44 19 m.
821 326 55 30 för
892 327 204 39 budgetåret
1117 328 146 30 1965/66
1280 329 120 30 anvisa
1416 331 49 28 ett
1482 329 165 40 förslags-

162 375 122 39 anslag
307 385 42 20 av
372 376 41 29 34
426 376 62 31 000
501 377 62 30 000
588 378 51 30 kr.

206 455 165 40 Anslaget
392 457 38 29 är
450 457 11 29 i
481 457 160 39 gällande
662 459 145 30 riksstat
828 460 144 39 uppfört
993 461 80 29 med
1095 461 116 30 29500
1224 462 62 30 000
1307 462 51 29 kr.

206 535 185 30 Utskottet.
421 536 12 29 I
453 537 151 39 enlighet
624 539 79 29 med
722 539 66 29 vad
808 539 387 40 departementschefen
1214 541 179 40 föreslagit
1411 542 62 30 bör
1493 543 153 39 garanti-

159 587 158 40 bidraget
336 589 65 30 och
420 590 384 41 beläggningsbidraget
824 593 53 29 till
897 602 48 20 nu
965 593 268 40 ifrågavarande
1253 596 168 29 anstalter
1439 595 104 40 höjas
1564 596 81 30 med

158 642 52 28 tre
226 650 90 31 resp.
332 642 58 30 två
406 643 51 29 kr.
475 643 51 29 till
543 644 41 29 22
600 653 90 31 resp.
708 645 41 30 20
765 646 52 29 kr.
835 646 181 39 Därjämte
1032 647 73 34 bör,
1124 647 116 30 såsom
1258 648 385 40 departementschefen

159 694 168 36 förordat,
343 696 211 39 statsbidrag
569 697 127 30 liksom
712 698 68 30 f.n.
796 699 123 30 kunna
933 700 82 38 utgå
1030 700 80 29 med
1124 700 107 39 högre
1246 701 135 39 belopp,
1396 710 58 21 om
1469 702 176 30 särskilda

158 747 77 30 skäl
255 748 193 40 föreligger.
467 749 50 30 De
536 749 198 41 föreslagna
751 751 238 40 höjningarna
1006 753 63 30 bör
1088 753 208 40 möjliggöra
1315 763 42 21 en
1376 754 70 30 viss
1465 755 178 39 personal-

158 800 250 41 förstärkning,
431 802 86 30 bl.a.
540 803 56 30 för
618 804 142 30 fortsatt
782 805 200 39 utbyggnad
1005 815 43 20 av
1070 806 249 31 arbetsdriften
1341 807 65 30 och
1429 807 214 31 effektivise-

157 854 78 39 ring
252 863 42 21 av
310 855 220 30 eftervården
548 859 91 27 samt
657 866 42 20 en
718 857 210 40 förbättring
945 868 42 20 av
1004 859 68 29 den
1089 860 180 30 allmänna
1285 860 312 31 vårdstandarden.

202 908 185 35 Utskottet,
410 918 75 21 som
506 909 71 30 inte
599 910 108 29 heller
728 911 11 29 i
761 911 111 39 övrigt
894 911 117 30 funnit
1033 913 190 39 anledning
1244 913 52 30 till
1318 913 140 30 erinran
1480 916 73 28 mot
1574 914 67 30 vad

157 960 385 40 departementschefen
566 963 119 29 anfört
707 964 65 29 och
797 963 188 40 föreslagit,
1009 964 213 36 hemställer,

508 1017 51 28 att
577 1016 188 40 riksdagen
783 1017 58 30 må

508 1069 36 33 a)
569 1069 187 39 godkänna
775 1070 42 29 de
837 1071 11 28 i
868 1071 384 40 statsrådsprotokollet
1271 1072 186 31 förordade
1477 1073 164 40 ändring-

464 1130 87 21 arna
572 1132 44 20 av
637 1123 201 39 grunderna
860 1123 55 30 för
937 1123 123 40 bidrag
1082 1124 53 30 till
1159 1125 277 31 driftkostnader
1458 1126 58 30 vid
1539 1127 101 30 vård-

463 1175 170 30 anstalter
655 1176 55 29 för
732 1176 383 31 alkoholmissbrukare
1138 1187 45 21 m.
1207 1188 56 24 m.,
1286 1181 51 28 att
1359 1179 91 39 gälla
1472 1180 42 29 fr.
1538 1189 30 20 o.
1592 1190 46 20 m.

463 1228 66 29 den
551 1228 14 29 1
585 1229 68 38 juli
674 1229 97 35 1965;

505 1281 39 34 b)
580 1282 52 30 till
663 1281 128 41 Bidrag
822 1282 53 30 till
905 1283 279 39 driftkostnader
1216 1284 57 30 vid
1304 1285 154 31 erkända
1491 1286 148 30 vårdan-

461 1334 122 29 stalter
599 1335 57 39 för
673 1335 382 31 alkoholmissbrukare
1073 1346 104 20 m.m.
1195 1338 54 29 för
1266 1338 204 39 budgetåret
1490 1339 149 31 1965/66

462 1387 120 30 anvisa
600 1390 49 28 ett
667 1388 273 40 förslagsanslag
958 1398 43 21 av
1018 1389 41 30 34
1072 1390 63 29 000
1148 1390 63 30 000
1229 1391 51 29 kr.

190 1523 96 35 29:0)
313 1524 203 36 Utbildning
540 1525 64 29 och
629 1525 206 29 samverkan
861 1526 93 29 inom
979 1526 342 35 nykterhetsvården.
1348 1529 12 28 I
1385 1528 150 38 enlighet
1558 1529 79 30 med

152 1576 125 40 Kungl.
296 1577 124 39 Maj:ts
439 1577 130 40 förslag
592 1578 131 39 (punkt
740 1578 20 30 C
775 1578 52 35 22,
847 1588 26 20 s.
893 1579 160 35 79—381),
1072 1580 107 30 vilket
1197 1581 145 30 innebär
1360 1590 42 21 en
1421 1582 78 30 med
1522 1582 37 30 15
1572 1582 64 31 000

150 1629 52 30 kr.
222 1629 144 41 förhöjd
384 1630 328 41 medelsanvisning,
730 1631 203 31 hemställer
951 1633 182 35 utskottet,

503 1686 51 28 att
568 1684 188 40 riksdagen
771 1685 58 30 må
844 1685 53 30 till
914 1685 203 40 Utbildning
1131 1686 65 30 och
1212 1687 208 30 samverkan
1437 1688 94 30 inom
1547 1688 89 40 nyk-

460 1736 261 31 terhetsvården
736 1738 55 30 för
805 1738 205 40 budgetåret
1027 1738 148 31 1965/66
1190 1740 121 30 anvisa
1324 1742 49 28 ett
1386 1741 249 31 reservations-

457 1790 122 39 anslag
594 1800 43 20 av
651 1790 63 30 268
727 1791 62 30 000
804 1791 52 30 kr.

188 1921 96 34 30:0)
325 1922 524 35 Länsnykterhetsnämnderna:
890 1923 222 37 Avlöningar.
1153 1925 13 29 I
1206 1925 149 38 enlighet
1392 1926 78 30 med
1508 1926 125 38 Kungl.

148 1974 124 39 Maj:ts
288 1974 132 40 förslag
439 1975 130 39 (punkt
585 1976 24 30 C
620 1975 51 35 23,
688 1985 25 20 s.
730 1975 38 30 81
786 1976 66 30 och
867 1976 73 35 82),
956 1976 107 31 vilket
1079 1977 147 30 innebär
1241 1986 42 21 en
1297 1978 149 40 höjning
1460 1988 43 21 av
1518 1980 114 29 ansla-

148 2029 55 37 get
225 2027 79 30 med
326 2027 62 30 327
402 2028 62 30 000
487 2028 62 33 kr.,
571 2028 203 30 hemställer
797 2029 181 34 utskottet,

499 2083 50 27 att
565 2081 187 39 riksdagen
769 2082 57 29 må

499 2152 35 32 a)
565 2152 186 38 godkänna
781 2153 156 38 följande
966 2153 253 40 avlöningsstat
1249 2154 53 30 för
1332 2155 298 40 länsnykterhets-

455 2205 228 33 nämnderna,
714 2207 49 27 att
794 2205 177 39 tillämpas
1001 2206 71 29 tills
1103 2206 118 30 vidare
1252 2207 141 29 fr.o.m.
1424 2208 205 39 budgetåret

457 2256 162 30 1965/66:

907 2336 264 40 Avlöningsstat

457 2397 24 28 1.
516 2397 160 29 Arvoden
697 2398 63 28 och
782 2398 173 29 särskilda
976 2398 244 40 ersättningar,
1241 2399 148 30 bestäm-

518 2449 43 30 da
578 2460 42 19 av
638 2451 123 38 Kungl.
779 2451 115 39 Maj:t,
910 2451 204 39 förslagsvis
1138 2475 248 7 ............
1474 2453 60 30 110
1547 2453 63 30 000
