2240 2624
438 169 40 30 14
890 167 281 32 Bankoutskottets
1193 167 166 32 utlåtande
1382 168 53 31 Nr
1457 169 52 31 59.

392 246 297 47 telegrafverket
732 246 71 36 och
845 246 364 36 vattenfallsverket.
1266 247 75 36 Det
1382 247 121 36 finnes
1533 247 212 37 emellertid
1774 255 104 31 ännu
1906 255 104 31 stora

392 311 168 35 grupper
597 311 47 22 av
678 297 83 37 icke
790 297 188 37 ordinarie
1007 298 259 48 statstjänare,
1296 312 81 23 som
1408 299 84 36 icke
1521 299 98 36 hava
1646 304 75 31 rätt
1749 300 58 35 till
1836 302 173 47 pension,

394 349 231 49 exempelvis
654 349 228 49 personalen
910 349 63 36 vid
1003 351 151 34 arméns
1184 350 185 37 faktorier
1397 351 70 36 och
1495 351 235 47 verkstäder,
1759 357 105 30 extra
1887 353 122 36 lärare

393 400 64 36 vid
488 400 45 37 de
563 401 189 36 allmänna
779 401 224 36 läroverken
1032 415 49 22 m.
1102 401 37 36 fl.
1186 401 121 36 Dessa
1331 401 399 49 befattningshavares
1750 403 261 48 pensionsför-

394 452 202 37 hållanden
618 453 106 36 torde
745 453 11 35 i
776 453 107 48 varje
905 453 63 35 fall
985 453 91 36 böra
1096 453 151 46 ordnas,
1268 454 119 36 innan
1407 454 178 48 åtgärder
1604 454 178 48 vidtagas
1803 455 13 35 i
1837 455 100 48 syfte
1958 461 54 30 att

393 504 140 36 bereda
560 505 272 36 motsvarande
852 504 192 37 förmåner
1064 508 38 33 åt
1122 505 108 36 deras
1251 505 267 37 efterlevande.
1564 505 285 38 Statskontoret
1868 507 144 36 erinrar

393 556 237 49 ytterligare,
662 557 183 35 hurusom
880 556 134 48 frågan
1043 570 62 23 om
1135 570 46 23 en
1210 557 189 36 utsträckt
1425 562 77 31 rätt
1530 557 56 36 till
1614 558 161 49 pension
1803 559 12 35 i
1845 558 166 49 angivna

396 608 210 36 avseenden
637 608 99 36 varit
765 608 160 36 föremål
953 609 58 35 för
1040 609 267 48 övervägande
1336 609 11 35 i
1378 609 63 37 det
1469 608 249 45 betänkande,
1740 622 82 24 som
1844 610 166 48 avgivits

395 673 48 22 av
471 659 242 49 sakkunniga
742 660 57 36 för
828 660 64 36 det
921 660 353 37 statsunderstödda
1303 661 386 48 pensionsväsendets
1709 662 301 48 centralisering.

394 711 181 36 Bemälda
603 712 242 48 sakkunniga
873 712 202 36 framhålla
1105 713 124 46 också,
1261 718 55 30 att
1345 719 103 29 stora
1467 726 168 35 grupper
1654 726 46 23 av
1720 713 84 37 icke
1824 714 188 36 ordinarie

395 763 243 48 statstjänare
679 764 59 36 för
780 764 238 36 närvarande
1060 770 64 30 äro
1152 764 11 35 i
1192 764 145 36 saknad
1381 778 46 23 av
1468 766 269 48 pensionsrätt,
1767 766 72 35 och
1868 771 55 30 att
1950 765 64 37 det

396 820 90 31 över
527 815 130 36 huvud
700 821 131 43 syntes
875 815 92 37 böra
1008 821 111 42 tagas
1162 816 119 36 under
1323 816 280 49 övervägande,
1647 830 60 23 om
1751 817 32 49 ej
1829 818 73 36 alla
1929 817 84 37 icke

396 866 188 37 ordinarie
614 867 258 48 statstjänare,
902 881 80 22 som
1012 867 100 37 hava
1140 880 47 23 en
1216 881 102 23 mera
1348 868 77 36 fast
1454 868 244 47 anställning,
1728 869 119 36 borde
1871 869 142 36 erhålla

395 924 76 30 rätt
499 918 57 36 till
585 919 104 35 såväl
718 919 160 49 tjänste-
907 932 81 23 som
1018 920 326 48 familjepension;
1377 920 70 36 och
1477 920 197 36 framhålla
1699 920 46 36 de
1771 921 243 47 sakkunniga

394 970 142 46 vidare,
579 976 55 30 att
663 971 73 36 den
766 984 47 23 av
833 972 94 40 dem
959 971 220 48 föreslagna
1208 971 339 49 centraliseringen
1576 985 47 23 av
1651 972 363 48 pensionsväsendet

396 1022 11 35 i
450 1022 79 49 hög
570 1023 95 47 grad
706 1023 155 36 komme
904 1029 55 30 att
995 1024 216 36 underlätta
1240 1028 53 31 ett
1322 1023 194 37 ordnande
1545 1037 47 23 av
1621 1024 69 36 här
1717 1024 297 48 ifrågavarande

396 1075 198 48 spörsmål,
638 1078 118 45 något
797 1088 82 23 som
923 1075 111 48 eljest
1077 1075 122 36 skulle
1242 1075 158 48 erbjuda
1442 1080 102 32 stora
1578 1076 249 48 svårigheter.
1884 1076 130 37 Under

396 1126 142 36 sådana
580 1126 265 37 förhållanden
888 1140 113 36 synes
1044 1127 63 36 det
1150 1140 90 23 vara
1281 1127 221 49 lämpligast
1530 1132 57 31 att
1617 1127 107 46 först,
1754 1128 118 36 sedan
1901 1133 112 30 stats-

397 1177 198 36 makterna
624 1178 111 36 fattat
763 1178 128 36 beslut
920 1179 160 36 rörande
1109 1179 386 49 pensionsväsendets
1524 1179 302 48 centralisering,
1842 1184 173 44 upptaga

396 1229 69 35 här
494 1229 263 49 föreliggande
787 1230 130 49 frågor
945 1231 56 35 till
1030 1230 244 49 behandling.

527 1281 17 35 I
585 1282 105 48 varje
732 1281 64 37 fall
836 1282 107 37 torde
981 1296 88 22 man
1099 1282 97 37 dock
1226 1282 92 37 böra
1345 1283 144 45 fastslå,
1520 1289 65 39 att,
1616 1283 126 37 därest
1770 1296 48 23 en
1846 1282 169 49 generell

397 1333 420 49 familjepensionering
860 1347 109 23 anses
1011 1335 91 35 böra
1144 1334 261 49 genomföras,
1440 1334 72 36 den
1541 1335 138 35 hittills
1707 1340 148 42 gängse
1882 1334 134 48 regeln

398 1384 58 36 för
489 1397 47 23 en
565 1384 107 49 dylik
700 1386 273 48 pensionering
1001 1386 289 49 upprätthålles,
1320 1385 35 36 d.
1385 1399 35 22 v.
1451 1399 27 22 s.
1510 1392 54 30 att
1593 1386 223 36 densamma
1845 1386 170 48 grundas

397 1439 48 45 på
472 1436 302 37 vederbörandes
804 1438 226 48 anslutning
1059 1437 55 36 till
1144 1438 58 35 för
1229 1437 220 36 ändamålet
1476 1437 151 36 bildade
1655 1438 144 46 kassor,
1830 1438 57 35 till
1914 1437 103 36 vilka

398 1488 166 47 avgifter
591 1489 198 35 inbetalas.

530 1530 254 58 Åberopande
812 1541 75 35 vad
917 1540 158 36 sålunda
1104 1540 154 46 anförts,
1289 1540 220 36 hemställer
1537 1540 198 47 utskottet,

936 1632 53 30 att
1040 1626 252 37 förevarande
1339 1627 146 35 motion
1533 1626 155 37 II:234
1730 1627 83 36 icke
1858 1629 61 34 må
1960 1627 57 36 till

804 1681 129 46 någon
960 1678 227 49 riksdagens
1216 1678 136 49 åtgärd
1382 1678 206 36 föranleda.

207 1815 143 32 Angående
531 1801 75 46 2:0)
662 1799 16 36 I
707 1813 46 23 en
796 1800 103 35 inom
942 1799 117 37 andra
1101 1799 220 36 kammaren
1364 1799 112 36 väckt
1506 1800 144 36 motion
1679 1813 44 22 nr
1758 1801 45 34 61
1834 1800 70 35 har
1932 1799 87 37 herr

173 1851 81 66 fn
398 1853 169 35 Leander
608 1851 205 46 hemställt,
856 1852 85 36 »det
982 1851 207 48 riksdagen
1235 1851 87 36 ville
1365 1851 147 58 besluta
1556 1856 56 31 att
1641 1851 67 36 hos
1737 1851 145 58 Kungl.
1911 1851 108 58 Maj:t

181 1905 114 39 rörande
309 1903 66 48 pen-
398 1903 152 36 anhålla
579 1916 61 23 om
669 1903 208 48 utredning
906 1903 70 36 och
1006 1903 146 48 förslag
1180 1903 138 36 fortast
1346 1903 152 48 möjligt
1527 1903 198 48 angående
1744 1916 276 36 pensionering

178 1955 189 59 sionering
335 1950 39 68 av
399 1968 47 23 av
475 1955 119 36 änkor
622 1955 70 36 och
722 1955 257 49 minderåriga
1007 1955 95 36 barn
1131 1954 95 37 efter
1251 1955 152 36 avlidna
1423 1955 426 49 pensionsberättigade
1871 1955 148 36 förmän

172 1987 79 73 efter
268 1998 112 51 mlläke
400 2006 112 37 bland
544 2006 219 49 daglönare,
793 2007 247 48 sjukvaktare
1068 2007 72 36 och
1169 2007 135 47 övriga
1332 2007 209 48 daglönare
1568 2006 65 37 vid
1662 2007 200 36 marinen.»

167 2061 214 39 pensionsberät-
531 2058 73 36 Till
633 2059 85 36 stöd
748 2059 60 36 för
836 2058 334 49 framställningen
1198 2059 111 35 anför
1338 2058 249 36 motionären:

173 2096 88 30 tigade
274 2096 106 30 förmän

172 2131 75 63 rr
288 2130 94 66 kd
487 2189 5 5 .
537 2145 131 49 »Enligt
691 2145 108 32 beslut
820 2156 45 38 av
891 2146 83 48 1910
1008 2145 53 31 års
1085 2144 136 41 riksdag
1243 2145 91 53 samt
1354 2143 119 41 Kungl.
1497 2143 112 54 Maj:ts
1632 2143 197 50 kungörelse
1853 2144 168 40 angående

185 2201 65 23 dare
269 2200 46 24 och
334 2202 39 21 öv-
402 2200 231 32 pensionering
656 2199 41 22 av
731 2189 39 32 de
794 2189 57 31 vid
874 2199 147 21 marinen
1045 2188 164 32 anställda
1231 2188 130 32 förmän
1384 2187 99 32 bland
1507 2187 186 41 daglönare,
1718 2187 217 41 sjukvaktare
1959 2187 63 33 och

173 2236 59 31 riga
245 2235 139 30 daglönare
403 2233 116 41 övriga
552 2233 177 40 daglönare
763 2232 62 32 den
858 2234 42 29 25
934 2232 178 32 november
1149 2233 84 30 1910
1265 2236 65 36 äga
1364 2231 141 32 nämnda
1528 2231 327 41 befattningshavare
1879 2233 69 31 rätt
1969 2231 54 33 till

183 2270 44 23 vid
245 2270 129 24 marinen.
401 2277 146 42 pension,
583 2277 111 31 därest
727 2277 39 31 de
791 2277 141 41 uppnått
964 2275 68 32 viss
1067 2276 91 32 ålder
1181 2275 61 33 och
1265 2275 110 41 tjänat
1398 2276 109 31 staten
1530 2274 11 32 i
1564 2274 101 33 minst
1689 2275 40 31 25
1754 2276 46 31 år.
1851 2275 170 32 Pensions-
