1906 2844
263 217 116 31 Första
399 219 203 31 kammarens
623 220 138 32 andra
784 220 165 39 tilljälliga
970 221 131 30 utskotts
1125 221 160 31 utlåtande
1305 232 40 20 nr
1366 222 28 31 8.
1563 225 21 30 5

125 306 57 30 Då
203 307 56 30 det
280 308 30 38 ej
342 316 97 29 synes
460 309 68 37 mig
547 309 155 38 lämpligt
722 312 54 28 att
794 310 12 29 i
827 310 95 30 detta
943 311 244 38 sammanhang
1206 314 153 28 närmare
1379 312 77 38 ingå
1475 312 46 38 på
1537 323 45 20 en

82 352 187 29 medieinsk
291 352 188 31 diskussion
502 362 44 20 av
567 354 95 29 fallet
684 354 43 38 X,
751 355 58 28 vill
830 355 57 38 jag
906 355 122 30 endast
1049 355 142 30 relatera
1212 356 158 38 följande.

128 396 17 29 I
161 405 42 20 en
218 396 52 30 till
286 397 125 38 Kungl.
428 398 101 38 Maj:t
546 398 102 30 ställd
664 399 98 30 skrift
778 407 44 21 av
838 399 66 30 den
920 400 19 29 8
956 400 60 37 juli
1032 400 84 29 1930
1134 400 86 30 hade
1237 401 33 29 X
1286 400 131 38 påtalat
1433 402 89 30 vissa
1539 411 42 21 av

82 440 139 30 läkaren
238 441 58 29 vid
307 442 64 29 det
389 441 229 31 »småländska
635 443 241 38 sjukhemmet»
892 444 163 38 vidtagna
1073 443 155 39 åtgärder
1242 446 108 29 under
1367 446 63 30 X:s
1448 447 133 29 vistelse

81 485 189 30 därstädes.

127 539 122 30 Vidare
264 539 86 31 hade
365 540 33 29 X
413 541 11 28 i
438 549 41 21 en
493 541 52 29 till
560 541 125 38 Kungl.
701 542 101 38 Maj:t
817 542 111 38 ställd,
944 551 44 21 av
1003 543 217 30 överläkaren
1234 544 59 29 vid
1307 544 149 37 Uppsala
1471 545 108 38 hospi-

81 583 51 29 tal
152 584 62 28 och
233 584 72 37 asyl
322 585 40 29 A.
383 584 122 31 Petrén
523 586 78 29 med
619 586 157 30 skrivelse
796 587 64 29 den
879 588 40 28 16
939 587 189 37 september
1146 589 83 28 1930
1249 589 216 29 överlämnad
1483 590 98 29 skrift

82 627 115 30 anfört
214 628 168 38 klagomål
397 630 142 30 rörande
556 630 65 30 den
636 630 205 39 behandling
857 630 94 31 såväl
968 632 32 29 X
1018 640 70 21 som
1106 632 106 29 andra
1226 640 157 29 personer
1399 634 182 38 undergått

81 671 23 30 å
122 674 125 28 tvenne
266 681 44 21 av
328 674 55 28 fru
402 674 34 29 C.
456 675 192 29 innehavda
668 675 164 38 sjukhem.

127 716 110 30 Sedan
258 717 124 39 Kungl.
404 719 101 38 Maj:t
526 719 164 30 anbefallt
709 720 342 38 medicinalstyrelsen
1072 722 122 36 avgiva
1214 721 176 31 utlåtande
1410 723 12 28 i
1441 724 140 29 ärendet

81 761 192 30 anmodade
290 763 162 37 styrelsen
468 764 68 37 mig
553 765 53 28 att
622 764 172 30 inkomma
811 765 77 29 med
904 765 161 37 yttrande
1082 765 172 38 angående
1272 767 40 29 de
1329 773 44 23 av
1389 767 33 29 X
1439 767 138 30 anförda

84 805 221 38 klagomålen.

127 851 79 29 Med
223 851 181 39 anledning
423 852 106 30 härav
546 853 122 30 avlade
687 853 56 38 jag
763 854 65 29 den
848 855 41 28 18
910 854 140 30 oktober
1070 856 83 28 1930
1173 855 105 30 besök
1297 855 20 30 å
1337 856 56 29 det
1413 856 165 38 sjukhem,

83 895 56 28 fru
153 894 33 31 C.
203 898 111 27 senast
327 870 146 69 innehade
495 898 18 29 i
505 907 11 19 i
532 887 248 65 Östergötland.
808 898 66 30 Vid
888 899 64 29 den
965 899 259 38 undersökning,
1239 900 57 38 jag
1309 899 43 30 då
1365 901 213 38 verkställde,

82 939 174 30 biträddes
285 940 57 38 jag
364 950 45 20 av
431 950 168 21 assessorn
620 943 12 28 i
655 942 211 31 Stockholms
891 942 222 40 Rådhusrätt,
1137 944 44 29 H.
1207 945 200 37 Lundquist.
1443 946 66 37 Jag
1531 947 47 28 in-

83 984 161 30 hämtade
263 984 101 31 också
382 986 242 38 upplysningar
642 986 75 30 från
736 987 40 30 de
795 987 124 39 läkare,
940 996 70 21 som
1030 966 83 51 haft
1124 989 77 29 med
1220 989 225 38 sjukhemmet
1464 990 61 29 och
1546 990 32 29 X

78 1030 59 28 att
160 1031 89 35 göra.

126 1082 66 29 Vid
212 1083 64 29 den
296 1084 249 38 undersökning
560 1084 61 39 jag
641 1084 140 30 sålunda
801 1085 213 39 verkställde,
1036 1086 83 29 fann
1138 1087 57 38 jag
1215 1087 29 38 ej
1267 1087 117 38 belägg
1403 1088 51 29 för
1475 1088 40 30 de
1536 1097 43 20 av

82 1126 35 29 X
135 1125 168 38 påstådda
321 1130 236 36 övergreppen,
577 1129 114 29 varför
707 1129 57 39 jag
780 1130 12 29 i
809 1139 42 21 en
867 1131 53 28 till
938 1131 341 38 medicinalstyrelsen
1296 1132 172 29 inlämnad
1484 1133 94 29 redo-

80 1171 128 37 görelse
228 1172 207 39 hemställde,
456 1175 53 28 att
529 1174 64 29 X:s
613 1173 167 38 klagomål
799 1174 73 30 icke
892 1174 107 30 måtte
1018 1175 173 30 föranleda
1210 1176 115 30 vidare
1344 1175 129 39 åtgärd.

126 1215 17 29 I
164 1216 209 39 underdånig
394 1218 157 30 skrivelse
572 1218 66 30 den
659 1220 19 27 4
699 1219 183 30 november
902 1220 83 28 1930
1008 1220 198 30 hemställde
1227 1221 350 38 medicinalstyrelsen,

77 1261 60 28 att
156 1260 64 30 X:s
239 1261 168 38 klagomål
424 1263 73 29 icke
516 1262 108 31 måtte
643 1262 52 30 till
712 1261 111 40 någon
843 1262 124 39 Kungl.
988 1264 117 38 Maj:ts
1126 1264 120 39 åtgärd
1264 1265 171 30 föranleda
1457 1267 120 36 (3847).

126 1305 63 29 Ett
211 1305 124 39 Kungl,
358 1306 83 30 brev
463 1307 65 30 den
549 1308 41 29 19
613 1308 175 30 december
809 1309 84 29 1930
916 1309 180 35 meddelar,
1120 1311 54 28 att
1195 1309 125 38 Kungl.
1343 1310 101 38 Maj:t
1465 1310 114 30 funnit

77 1348 225 32 förevarande
324 1351 248 39 framställning
593 1352 74 30 icke
688 1352 174 30 föranleda
884 1352 111 38 någon
1018 1354 126 37 Kungl.
1168 1354 118 38 Maj:ts
1310 1354 114 31 vidåre
1447 1354 130 38 åtgärd.

125 1393 55 30 Då
195 1395 248 31 motionärerna
458 1397 52 29 för
526 1397 51 29 sin
593 1397 130 29 motion
738 1397 77 30 sökt
831 1398 79 29 stöd
924 1406 45 20 av
984 1397 95 30 fallet
1096 1398 33 29 X
1144 1398 97 30 torde
1257 1399 157 38 möjligen
1429 1399 149 38 följande

81 1439 194 37 ytterligare
297 1440 81 30 data
399 1449 82 21 vara
501 1449 44 21 av
565 1441 150 30 intresse,

125 1483 115 38 Enligt
263 1484 64 30 den
350 1484 171 38 angående
544 1486 124 29 honom
691 1485 20 30 å
733 1485 188 31 Ulleråkers
945 1486 140 38 sjukhus
1107 1487 97 29 förda
1226 1487 175 38 journalen
1422 1488 156 30 utskrevs

81 1527 69 29 han
175 1528 65 29 den
264 1526 97 42 29/11
388 1531 83 28 1930
497 1529 110 30 såsom
632 1530 214 38 tillfrisknad,
872 1531 52 28 för
948 1532 53 28 att
1027 1532 160 37 övertaga
1211 1530 332 39 föreståndarskapet
1568 1534 10 27 i

78 1574 55 27 ett
154 1573 230 30 ämbetsverks
405 1574 12 29 i
439 1574 195 29 Stockholm
656 1583 165 29 museum;
846 1575 67 29 han
934 1574 183 39 återintogs
1141 1576 64 29 den
1227 1573 75 42 28/1
1326 1577 81 28 1931
1429 1576 45 37 på
1495 1585 82 29 egen

79 1617 165 38 ansökan;
268 1618 155 30 utskrevs
447 1619 64 29 den
533 1616 76 42 20/3
633 1620 96 37 1931;
754 1619 172 30 hurudant
948 1619 83 30 hans
1054 1619 153 30 tillstånd
1230 1629 61 20 var
1312 1620 59 29 vid
1393 1621 109 29 denna
1524 1624 52 26 ut-

81 1661 173 39 skrivning
272 1664 38 27 är
329 1663 73 29 icke
422 1663 148 38 angivet;
591 1663 111 38 intogs
723 1663 87 38 ånyo
831 1664 65 29 den
917 1661 54 42 2/8
991 1663 45 38 på
1055 1673 83 28 egen
1157 1664 158 38 begäran;
1337 1665 154 30 utskrevs
1512 1666 65 29 den

79 1703 99 42 20/10
205 1706 108 31 såsom
338 1707 92 30 frisk.
468 1708 75 29 Den
568 1705 98 42 16/11
692 1707 76 31 blev
793 1709 68 28 han
886 1709 319 37 myndigförklarad.
1244 1709 75 30 Den
1344 1707 96 42 19/12
1466 1710 110 37 intogs

79 1750 68 29 han
170 1750 45 38 på
237 1753 81 36 nytt
340 1752 64 29 och
427 1753 155 29 utskrevs
607 1753 65 29 den
696 1750 97 42 31/12
819 1752 109 30 såsom
952 1753 214 30 tillfrisknad.

122 1796 115 37 Enligt
255 1796 219 31 meddelande
491 1796 75 30 från
586 1797 57 30 det
661 1797 82 30 verk
761 1798 34 28 X
813 1798 114 29 tillhör
944 1797 86 30 hade
1049 1798 83 30 hans
1150 1798 93 30 förut
1260 1798 190 30 innehavda
1468 1799 109 38 tjänst

78 1840 174 37 indragits.
284 1841 71 29 När
373 1842 33 28 X
425 1842 11 28 i
455 1842 103 29 slutet
577 1850 43 20 av
639 1841 37 30 år
694 1843 83 28 1930
797 1850 44 21 av
859 1842 85 37 prof.
965 1842 122 30 Petrén
1105 1842 180 31 förklarats
1304 1842 72 30 åter
1394 1843 115 29 kunna
1527 1844 48 28 in-

77 1884 101 29 träda
195 1885 12 28 i
225 1885 117 38 tjänst,
362 1885 108 30 måste
488 1886 68 29 han
574 1886 114 29 därför
705 1886 138 30 beredas
862 1887 204 37 anställning
1085 1886 19 29 å
1122 1888 106 28 annat
1246 1886 77 39 håll,
1343 1888 62 28 och
1424 1888 66 28 han
1508 1888 69 28 fick

78 1928 45 37 på
145 1929 114 30 försök
281 1929 189 38 tjänstgöra
493 1929 21 30 å
536 1930 134 29 verkets
694 1939 152 21 museum
870 1931 62 28 och
955 1931 275 37 modellsamling.
1266 1932 120 28 Denna
1408 1931 169 37 placering

79 1982 61 20 var
157 1973 126 30 avsedd
300 1976 53 27 att
370 1974 87 37 gälla
473 1974 121 29 endast
610 1974 107 30 under
734 1975 63 29 X:s
814 1974 302 30 konvalescenstid.
1147 1975 79 29 Han
1244 1975 167 38 tjänstgör
1428 1976 149 38 alltjämt

75 2017 24 29 å
117 2018 148 29 nämnda
284 2027 163 20 museum.
479 2017 263 38 Ifrågavarande
760 2018 193 38 befattning
971 2018 20 30 å
1009 2021 130 28 museet
1156 2020 186 29 inrättades
1362 2020 214 29 uteslutande

77 2062 53 29 för
157 2062 63 30 X:s
246 2062 142 38 räkning
414 2063 62 29 och
502 2062 106 30 skulle
633 2063 73 29 icke
732 2062 223 31 återbesättas
981 2063 78 30 med
1085 2071 113 22 annan
1223 2064 212 36 innehavare,
1464 2064 111 30 därest

79 2107 34 28 X
135 2114 44 21 av
201 2105 109 39 någon
333 2107 180 38 anledning
533 2107 157 30 lämnade
713 2107 205 30 densamma.

121 2151 67 37 Jag
209 2151 151 30 kommer
383 2150 36 31 så
435 2152 51 29 till
502 2152 188 29 motionens
707 2152 166 37 egentliga
890 2152 98 38 syfte,
1006 2152 106 29 vilket
1128 2152 38 38 ju
1181 2154 47 35 är,
1246 2155 53 27 att
1316 2153 56 29 det
1388 2153 106 29 under
1510 2154 65 28 alla

78 2194 232 31 förhållanden
334 2195 108 30 måtte
465 2196 129 29 fordras
620 2196 133 29 särskilt
774 2195 154 30 tillstånd
946 2204 43 21 av
1006 2196 342 38 medicinalstyrelsen
1365 2197 51 29 för
1433 2199 54 27 att
1504 2199 72 27 mot

77 2239 175 37 betalning
268 2240 78 29 eller
371 2240 97 38 eljest
493 2240 11 28 i
529 2240 244 37 förvärvssyfte
799 2241 10 28 i
836 2240 129 30 enskild
991 2239 85 30 vård
1102 2242 153 36 mottaga
1281 2241 219 38 sinnessjuka.

122 2283 67 29 Det
210 2285 36 27 är
265 2284 74 29 litet
360 2283 93 30 svårt
473 2285 52 27 att
545 2283 117 38 förstå,
683 2285 113 28 varför
814 2285 95 29 fallet
930 2285 32 28 X
981 2284 175 30 refererats
1176 2285 11 28 i
1207 2285 95 29 detta
1322 2285 252 35 sammanhang,

78 2329 40 35 ty
140 2327 40 29 de
201 2328 164 37 sjukhem,
388 2327 20 29 å
427 2328 91 28 vilka
539 2328 33 28 X
593 2327 164 30 vårdades
778 2337 81 20 voro
881 2327 136 38 sådana,
1039 2328 92 29 vilka
1151 2329 105 29 skulle
1277 2329 88 28 hava
1385 2329 188 29 medicinal-

79 2372 179 36 styrelsens
282 2371 163 38 tillstånd,
469 2372 112 28 fastän
604 2372 229 29 innehavarna
857 2373 88 28 varit
967 2373 195 36 försumliga
1185 2373 77 29 med
1284 2375 52 27 att
1359 2375 79 34 göra
1461 2373 113 29 veder-

79 2416 107 36 börlig
208 2416 159 29 ansökan.
403 2416 172 29 Motionen
598 2416 105 29 siktar
724 2415 45 38 på
791 2416 87 37 hem,
902 2416 60 29 där
984 2417 18 28 5
1025 2416 78 29 eller
1124 2417 87 29 färre
1234 2416 97 38 sjuka
1353 2416 121 30 vårdas
1499 2418 75 35 (gim-

79 2460 298 37 nessjukstadgans
401 2460 61 29 125
486 2461 38 36 $).
560 2460 168 29 Anmälan
751 2460 116 29 härom
891 2460 83 30 skall
997 2460 57 30 ske
1078 2461 50 28 till
1151 2461 340 37 medicinalstyrelsen
1514 2462 59 27 och

79 2504 276 37 tjänsteläkaren.
388 2504 140 30 Särskilt
547 2503 154 31 tillstånd
720 2504 169 30 meddelas
907 2505 185 29 emellertid
1111 2505 29 38 ej
1162 2514 42 20 av
1224 2505 349 37 medicinalstyrelsen.
