1879 2845
245 209 38 32 18
424 206 187 32 Allmänna
637 203 399 43 beredningsutskottets
1063 200 178 33 utlåtande
1266 209 42 20 nr
1335 198 38 31 10
1398 198 39 30 år
1464 196 83 31 1970

241 290 189 37 gränsning
451 289 144 30 innebär
617 297 74 22 som
712 288 128 30 bekant
862 288 9 29 i
892 286 195 34 huvudsak,
1110 287 50 28 att
1182 285 41 30 de
1245 283 139 37 statliga
1405 275 321 47 monopolbolagen,

241 345 74 21 som
342 335 258 30 omhänderhar
625 334 46 30 all
697 333 221 39 partihandel
944 332 65 30 och
1036 329 263 37 utminutering,
1327 328 71 30 inte
1425 327 60 37 gör
1511 325 134 30 reklam
1672 323 55 29 för

241 381 246 38 spritdrycker.
512 381 72 29 Mot
608 389 96 20 mera
729 378 205 41 ingripande
958 376 297 39 inskränkningar
1281 375 63 29 har
1370 372 76 30 med
1472 371 86 31 visst
1585 370 56 37 fog
1667 378 60 20 an-

242 427 87 29 förts
345 426 254 37 invändningar
614 425 80 30 från
708 422 419 39 tryckfrihetssynpunkt.

284 508 64 30 Vid
375 508 83 30 1964
481 507 57 30 års
561 507 142 36 riksdag
726 506 141 30 väcktes
891 504 171 30 motioner
1085 502 79 30 med
1187 500 158 39 yrkande
1369 508 56 22 om
1451 497 186 36 utredning
1661 495 64 30 och

243 563 128 40 förslag
391 562 51 30 till
464 563 55 39 lag
539 571 57 20 om
616 561 126 30 förbud
763 562 72 28 mot
856 558 269 31 tobaksreklam.
1147 556 217 30 Motionerna
1386 553 135 36 avslogs
1544 552 10 28 i
1575 550 151 39 enlighet

241 617 77 30 med
341 617 65 30 vad
431 616 109 31 andra
565 615 226 38 lagutskottet
817 613 184 31 förordade
1025 613 10 29 i
1062 612 59 29 sitt
1144 609 180 32 utlåtande
1350 617 41 20 nr
1416 607 50 30 23.
1493 607 12 28 I
1531 604 195 31 utlåtandet

240 671 200 31 redovisade
461 671 170 29 utskottet
651 669 322 30 finansministerns
994 665 179 32 uttalande
1194 665 10 29 i
1225 661 394 39 interpellationssvaret
1643 657 78 31 1961

239 728 50 28 att
311 725 214 31 totalförbud
547 734 61 21 var
628 723 194 40 betänkligt
844 732 41 20 ur
907 718 409 41 tryckfrihetssynpunkt
1338 716 65 30 och
1426 717 49 28 att
1499 723 43 21 en
1564 713 161 37 begräns-

240 781 81 37 ning
346 790 42 20 av
413 780 122 30 enbart
561 778 294 36 Tobaksbolagets
881 776 134 30 reklam
1041 775 75 29 icke
1143 773 112 30 skulle
1280 771 44 30 ha
1352 769 139 39 åsyftad
1519 767 120 30 effekt.
1666 766 59 30 Ut-

242 836 128 30 skottet
386 835 171 30 fortsatte.

282 898 71 28 Mot
374 898 47 28 ett
440 895 215 30 totalförbud
674 895 80 33 kan,
776 895 86 27 även
882 893 105 35 enligt
1007 892 188 28 utskottets
1215 891 149 34 mening,
1387 889 77 29 med
1486 889 75 28 skäl
1582 888 142 29 anföras

238 942 275 39 betänkligheter
536 950 41 21 ur
599 936 419 41 tryckfrihetssynpunkt.
1041 936 176 30 Utskottet
1238 934 60 30 vill
1320 934 11 29 i
1354 933 94 30 detta
1472 931 253 39 sammanhang

239 988 114 29 erinra
374 996 56 21 om
452 987 41 29 de
515 984 262 38 överväganden
800 992 73 21 som
896 982 155 37 föregick
1071 980 345 36 inskränkningarna
1439 978 11 30 i
1472 977 253 31 alkoholrekla-

239 1042 79 20 men
344 1032 56 30 vid
432 1032 81 29 1954
540 1031 57 29 års
625 1030 130 29 reform
783 1038 42 20 av
852 1026 480 39 nykterhetslagstiftningen.
1363 1023 278 30 Statsmakterna
1670 1031 55 20 av-

238 1077 117 31 visade
379 1077 57 30 vid
461 1077 94 29 detta
580 1075 137 31 tillfälle
742 1084 42 20 av
807 1071 388 39 tryckfrihetsrättsliga
1221 1070 75 29 skäl
1322 1078 43 20 en
1390 1068 137 39 lösning
1552 1067 81 29 med
1657 1066 68 37 lag-

240 1123 137 37 stadgat
398 1121 214 31 totalförbud
635 1122 73 28 mot
729 1117 287 32 alkoholreklam.
1040 1116 119 30 Såsom
1182 1115 259 29 motionärerna
1466 1122 100 28 synes
1589 1113 43 28 ha
1656 1120 69 20 me-

240 1171 59 27 nat
320 1168 97 30 torde
438 1169 48 28 ett
505 1164 265 32 reklamförbud
791 1164 54 29 för
866 1162 277 39 Tobaksbolaget
1163 1161 174 36 knappast
1359 1159 44 29 ha
1425 1158 113 37 någon
1560 1158 165 28 konsum-

238 1212 305 31 tionshämmande
571 1210 121 31 effekt.
720 1210 65 29 Det
812 1209 110 29 måste
951 1206 191 31 emellertid
1170 1214 101 21 anses
1299 1204 166 30 önskvärt
1494 1204 50 28 att
1572 1202 153 36 bolagets

238 1259 133 29 reklam
396 1259 71 28 inte
492 1265 57 29 ges
574 1266 43 20 en
643 1255 108 30 sådan
776 1253 218 36 utformning
1020 1252 81 29 eller
1126 1250 211 36 omfattning
1363 1251 51 27 att
1441 1248 66 29 den
1532 1247 117 30 bidrar
1676 1248 49 28 att

239 1304 118 37 sprida
380 1301 252 33 tobaksbruket
656 1300 106 30 bland
787 1299 208 37 ungdomen.
1021 1297 175 30 Utskottet
1221 1295 101 39 utgår
1348 1293 79 30 från
1452 1295 50 27 att
1527 1291 199 30 Tobaksbo-

239 1349 89 39 laget
342 1348 93 29 visar
450 1348 67 28 den
530 1345 286 31 återhållsamhet
831 1353 74 20 som
920 1343 11 29 i
946 1343 93 29 detta
1054 1340 197 31 hänseende
1267 1340 38 29 är
1320 1334 206 48 nödvändig.

285 1430 75 29 Den
377 1429 37 30 17
431 1428 180 30 december
629 1426 83 30 1969
732 1426 76 33 (AK
823 1426 87 38 prot.
926 1423 55 30 43:
1000 1422 59 30 100
1076 1422 38 34 d)
1135 1422 81 30 sade
1233 1419 187 31 statsrådet
1438 1416 184 32 Sven-Eric
1637 1416 88 29 Nils-

242 1493 63 21 son
321 1485 11 29 i
350 1483 111 30 andra
477 1482 206 30 kammaren
702 1489 75 21 som
796 1488 78 21 svar
891 1478 45 40 på
953 1487 43 20 en
1014 1475 99 31 enkel
1134 1475 100 39 fråga
1252 1473 176 40 angående
1448 1470 215 32 tillsättande
1684 1479 41 20 av

238 1537 126 37 begärd
394 1535 186 39 utredning
608 1544 57 20 om
692 1533 160 37 åtgärder
882 1532 54 29 för
964 1533 50 27 att
1042 1529 139 30 minska
1209 1526 399 32 tobakskonsumtionen
1636 1524 89 30 bl.a.

238 1593 50 28 att
314 1590 213 40 regeringen,
555 1589 79 29 med
661 1588 137 36 hänsyn
824 1586 53 30 till
904 1581 489 41 tryckfrihetsförordningen,
1423 1581 113 29 ansett
1565 1580 50 28 att
1643 1586 82 21 man

238 1645 105 31 borde
373 1644 244 30 åstadkomma
648 1640 273 39 begränsningar
952 1648 42 20 av
1024 1638 179 29 reklamen
1234 1643 123 29 genom
1389 1632 336 31 överenskommelse

239 1700 77 29 med
338 1700 41 29 de
399 1696 340 31 marknadsförande
761 1695 179 35 företagen
960 1693 65 29 och
1046 1694 50 27 att
1117 1700 84 20 man
1220 1691 95 28 inom
1336 1688 202 37 regeringen
1559 1686 89 30 hade
1670 1685 54 30 för

238 1752 114 31 avsikt
370 1754 51 28 att
439 1751 148 30 avvakta
606 1749 181 30 resultatet
806 1757 42 21 av
867 1747 100 29 dessa
986 1743 355 32 överenskommelser
1362 1743 107 28 innan
1489 1741 66 29 den
1575 1739 150 40 begärda

239 1807 230 36 utredningen
484 1805 171 30 tillsättes.

894 1883 176 32 Utskottet

281 1967 258 30 Motionärerna
563 1964 201 31 hemställer
788 1972 56 21 om
869 1971 43 21 en
936 1961 190 37 skyndsam
1151 1959 186 37 utredning
1362 1958 177 38 angående
1563 1957 161 40 åtgärder

238 2021 54 30 för
307 2023 50 28 att
372 2020 108 37 skapa
495 2021 48 28 ett
559 2021 128 35 system
703 2017 54 30 för
772 2015 207 31 motreklam
995 2015 10 29 i
1019 2014 76 30 vårt
1110 2013 92 30 land.

282 2075 81 31 Som
381 2083 89 21 ovan
488 2074 141 29 nämnts
647 2070 206 31 hemställde
873 2069 186 39 riksdagen
1076 2086 45 3 —
1138 2067 78 29 med
1235 2066 188 36 anledning
1442 2075 43 20 av
1503 2065 221 39 bevillnings-

237 2129 188 30 utskottets
444 2126 220 31 betänkande
683 2135 41 19 nr
743 2125 40 29 56
802 2124 39 29 år
862 2123 82 30 1968
961 2140 44 4 —
1023 2122 9 29 i
1053 2121 164 30 skrivelse
1237 2121 52 29 till
1309 2120 125 36 Kungl.
1454 2119 105 36 Maj:t
1579 2127 56 21 om
1656 2118 68 30 för-

239 2184 72 36 slag
332 2183 53 29 till
409 2181 82 30 1969
514 2181 57 29 års
592 2179 141 36 riksdag
755 2176 221 31 beträffande
1000 2175 125 30 förbud
1148 2177 73 27 mot
1243 2174 133 29 reklam
1399 2173 55 29 för
1478 2168 245 46 spritdrycker.

237 2236 143 37 Förslag
405 2245 57 20 om
487 2234 128 30 förbud
639 2233 63 30 har
729 2232 88 30 dock
842 2231 71 30 inte
938 2230 166 39 förelagts
1129 2228 197 37 riksdagen.
1353 2227 132 30 Chefen
1511 2226 54 29 för
1591 2225 133 30 finans-

237 2291 275 37 departementet
534 2287 146 31 anförde
702 2287 11 29 i
737 2295 77 20 svar
836 2285 43 37 på
902 2284 103 29 enkla
1027 2283 117 36 frågor
1167 2283 10 28 i
1200 2281 110 31 andra
1332 2281 206 29 kammaren
1561 2280 73 29 dels
1657 2279 67 29 den

240 2344 42 32 24
303 2344 99 41 april,
426 2343 72 30 dels
521 2342 67 30 den
613 2342 36 29 11
675 2340 180 30 december
880 2338 82 30 1969
986 2340 49 28 att
1059 2338 56 29 det
1139 2336 106 39 enligt
1269 2335 221 39 regeringens
1513 2332 211 39 bedömning

237 2399 107 29 mötte
372 2396 125 31 hinder
526 2396 80 29 från
634 2391 409 40 tryckfrihetssynpunkt
1073 2391 50 30 att
1152 2388 350 39 lagstiftningsvägen
1531 2387 116 30 införa
1676 2388 49 28 ett

241 2452 164 41 generellt
421 2450 128 31 förbud
564 2451 72 28 mot
653 2447 224 41 spritreklam
894 2446 65 30 och
975 2447 50 28 att
1040 2444 115 39 någon
1172 2442 217 42 proposition
1404 2442 11 29 i
1433 2443 117 29 ämnet
1566 2441 71 30 inte
1655 2440 69 29 för-

238 2506 178 31 bereddes.

280 2558 227 31 Beträffande
538 2556 126 30 förbud
694 2557 73 28 mot
797 2552 306 32 tobaksreklamen
1134 2550 154 31 uttalade
1321 2548 186 31 statsrådet
1540 2548 183 30 Sven-Eric
