2216 2693
451 222 19 30 2
903 214 289 35 Bankoutskottets
1212 213 164 33 memorial
1398 212 52 32 Nr
1472 213 50 31 17.

410 308 64 38 det
516 311 21 34 å
574 307 94 38 sista
708 305 119 38 raden
854 303 316 40 förekommande
1206 302 110 38 ordet
1345 300 258 39 »tvåhundra»
1631 299 149 50 utbytts
1808 302 80 33 mot
1917 303 100 33 »tre-

410 359 187 38 hundra».

510 412 58 37 Då
608 411 137 49 frågan
786 408 161 39 sålunda
989 411 121 34 måste
1153 407 156 49 afgöras
1341 419 141 36 genom
1510 416 225 38 gemensam
1764 401 252 51 omröstning,

410 464 59 37 får
496 463 190 37 utskottet
712 460 142 39 föreslå
881 459 170 50 följande
1075 456 456 52 voteringsproposition:

513 566 119 47 »Den,
673 578 82 24 som
795 564 12 37 i
844 563 122 37 likhet
1005 562 88 38 med
1129 562 138 37 Första
1305 561 236 46 kammaren,
1568 558 67 38 vill
1663 562 55 34 att
1744 556 276 51 Riksdagen,
1999 552 26 65 i

411 617 210 49 anledning
649 616 41 38 af
714 614 254 40 förevarande
995 614 157 49 motion,
1181 616 61 35 må
1269 612 208 50 medgifva,
1502 615 56 34 att
1577 614 37 34 åt
1633 610 101 38 förre
1754 608 266 39 distinktions-

410 669 208 50 korpralen
645 668 128 38 Johan
799 667 131 37 Hallin
957 666 84 38 från
1068 666 191 50 Eggvena
1285 663 229 50 församling
1533 666 60 34 må
1611 663 86 36 från
1716 661 72 38 och
1807 661 88 37 med
1914 660 107 38 inne-

412 720 170 37 varande
610 723 41 33 år
678 723 21 33 å
727 719 192 36 allmänna
945 717 387 49 indragningsstaten
1359 715 122 36 under
1508 715 96 36 hans
1634 712 241 39 återstående
1899 711 123 38 lifstid

414 774 95 47 utgå
548 784 48 24 en
637 769 97 51 årlig
765 768 161 52 pension
954 768 57 37 till
1040 771 41 35 så
1108 772 98 33 stort
1232 766 154 51 belopp,
1415 770 55 33 att
1493 765 225 38 densamma
1740 763 121 50 jämte
1888 762 132 38 Hallin

413 822 292 39 tillkommande
744 820 203 38 underhåll
986 820 85 37 från
1110 819 199 39 Vadstena
1345 816 413 52 krigsmanshuskassa
1785 817 151 49 uppgår
1962 813 59 38 till

414 874 217 38 tvåhundra
657 873 153 48 kronor,
837 877 125 32 röstar

1185 921 64 48 Ja;

514 1028 86 38 Den
628 1027 65 38 det
716 1027 34 50 ej
778 1026 78 49 vill,
884 1031 125 33 röstar

1173 1126 90 49 Nej;

514 1232 146 39 Vinner
699 1231 76 50 nej,
815 1231 69 37 har
911 1230 235 49 Riksdagen,
1173 1229 13 37 i
1213 1228 121 37 likhet
1361 1227 87 38 med
1475 1227 133 37 Andra
1635 1227 223 37 kammaren
1881 1224 142 38 bifallit

413 1285 210 37 utskottets
663 1282 226 38 hemställan
925 1282 88 37 med
1041 1281 74 37 den
1143 1279 176 50 ändring,
1349 1284 55 32 att
1431 1279 66 37 det
1522 1278 13 37 i
1563 1279 93 37 sista
1683 1277 119 38 raden
1829 1276 193 38 förekom-

416 1337 138 36 mande
583 1335 109 37 ordet
718 1334 256 37 »tvåhundra»
1001 1333 149 50 utbytts
1178 1336 80 33 mot
1287 1330 269 38 »trehundra».

1189 1488 70 34 2:0.

519 1590 143 50 Kungl.
690 1590 107 49 Maj:t
820 1589 99 37 hade
942 1588 12 36 i
978 1602 47 23 en
1052 1588 57 36 till
1136 1587 222 49 Riksdagen
1386 1587 75 36 den
1489 1588 47 35 23
1564 1584 170 38 februari
1762 1586 95 35 1912
1886 1584 140 37 aflåten

418 1642 252 51 proposition,
694 1655 45 23 nr
766 1643 60 44 49,
855 1639 200 50 föreslagit
1081 1639 223 49 Riksdagen
1329 1637 208 49 medgifva,
1566 1641 56 32 att
1645 1641 109 32 extra
1776 1636 251 49 tjänsteman-

418 1708 77 23 nen
534 1697 20 33 å
588 1691 401 51 järnvägsstyrelsens
1030 1690 172 49 banbyrå
1245 1690 137 43 Gustaf
1408 1691 105 35 Elias
1539 1690 190 35 Erdmann
1756 1690 61 34 må
1844 1687 85 37 från
1956 1687 73 36 och

419 1745 89 37 med
545 1744 191 38 månaden
776 1747 88 33 näst
903 1742 99 37 efter
1043 1742 84 45 den,
1166 1741 48 37 då
1242 1739 284 49 anställningen
1553 1739 65 36 vid
1646 1743 146 32 statens
1816 1738 212 49 järnvägar

419 1796 164 50 upphör,
611 1795 122 37 under
762 1794 58 37 sin
848 1792 241 39 återstående
1116 1792 124 37 lifstid
1269 1791 147 49 åtnjuta
1440 1804 47 24 en
1511 1790 98 49 årlig
1622 1788 407 51 pension
1801 1784 17 66 å
1842 1788 187 51 allmänna

419 1847 389 49 indragningsstaten
835 1844 58 37 till
920 1844 141 49 belopp
1090 1844 41 36 af
1157 1844 109 45 1,000
1294 1843 152 36 kronor.

521 1899 18 37 I
567 1896 207 50 anledning
803 1895 113 38 häraf
940 1895 100 37 hade
1067 1894 188 37 utskottet
1282 1893 12 37 i
1318 1896 110 44 punkt
1456 1896 77 34 31:0
1555 1892 35 44 b)
1619 1891 42 38 af
1685 1891 65 37 sitt
1777 1890 253 38 förenämnda

421 1949 199 38 utlåtande
648 1947 208 47 hemställt,
885 1951 55 32 att
966 1946 222 49 Riksdagen
1208 1949 62 34 må
1288 1944 209 50 medgifva,
1518 1949 55 32 att
1592 1947 108 33 extra
1717 1942 313 49 tjänstemannen

424 2004 21 34 å
475 1998 402 52 järnvägsstyrelsens
917 1997 172 49 banbyrå
1122 1997 143 37 Gustaf
1290 1996 106 37 Elias
1423 1995 198 37 Erdmann
1650 1997 60 34 må
1733 1995 84 35 från
1847 1993 71 37 och
1942 1993 88 37 med

424 2052 189 37 månaden
641 2055 87 32 näst
755 2050 99 37 efter
882 2050 86 46 den,
997 2049 47 36 då
1072 2050 96 35 hans
1197 2047 234 49 anställning
1454 2046 64 37 vid
1546 2050 147 33 statens
1707 2045 213 49 järnvägar
1935 2058 96 35 upp-

424 2104 82 46 hör,
546 2102 122 37 under
701 2101 59 37 sin
788 2100 242 37 återstående
1057 2099 122 37 lifstid
1208 2102 21 34 å
1257 2097 191 39 allmänna
1471 2096 385 50 indragningsstaten
1884 2095 146 49 åtnjuta

424 2167 47 24 en
499 2154 97 48 årlig
623 2152 163 50 pension
814 2152 42 37 af
881 2156 152 32 ettusen
1060 2151 152 36 kronor.

524 2204 138 38 Första
697 2204 223 36 kammaren
955 2203 68 36 har
1062 2201 141 37 bifallit
1243 2200 101 37 hvad
1382 2200 188 37 utskottet
1596 2198 207 47 hemställt,
1832 2198 200 36 hvaremot

423 2256 132 37 Andra
582 2256 224 36 kammaren
834 2254 157 49 afslagit
1018 2253 106 38 såväl
1151 2252 208 38 utskottets
1389 2251 229 38 hemställan
1638 2264 82 24 som
1739 2249 145 49 Kungl.
1904 2248 126 51 Maj:ts

424 2306 288 49 framställning
738 2305 12 37 i
778 2311 139 33 ämnet,
