2180 2608
422 155 18 31 6
832 152 115 30 Andra
970 151 216 42 lagutskottets
1206 149 166 31 utlåtande
1389 148 54 31 Nr
1463 148 50 31 16.

381 241 55 29 ort
457 239 52 31 för
531 235 249 34 sammanträde
803 234 82 32 eller
907 245 64 31 syn
995 233 58 33 och
1077 233 67 32 låte
1166 231 203 44 kungörelse
1385 231 115 31 därom
1515 230 105 31 minst
1635 229 125 43 fjorton
1777 229 105 41 dagar
1897 227 92 31 förut

381 280 162 42 uppläsas
576 279 12 31 i
619 278 210 40 tingslagets
864 276 83 32 eller
981 276 137 31 stadens
1142 274 129 43 kyrkor
1299 275 88 30 samt
1409 273 134 41 intagas
1567 274 11 28 i
1600 272 139 41 tidning
1761 272 91 31 inom
1875 272 111 35 orten;

382 324 200 29 underrätte
604 320 61 32 ock
686 320 12 31 i
720 319 66 42 god
809 318 51 32 tid
884 318 55 31 det
962 318 190 31 allmännas
1175 316 125 32 ombud
1323 326 52 21 om
1392 313 265 33 sammanträdet
1672 314 82 31 eller
1771 324 115 32 synen.
1920 311 70 33 Vid

382 362 249 34 sammanträde
653 361 61 33 och
737 360 59 32 vid
819 371 66 31 syn
908 359 89 32 skall
1019 357 169 46 protokoll
1212 358 91 32 föras
1326 356 300 33 av-lantmätaren.

1151 477 17 31 6
1192 478 30 38 8.

520 564 108 33 Sedan
654 562 200 42 erforderlig
876 561 185 42 utredning
1083 560 98 32 blivit
1209 559 7 32 i
1240 559 142 32 ärendet
1403 557 182 42 förebragt,
1609 557 120 41 avgive
1751 556 238 41 förrättnings-

386 612 152 33 männen,
562 605 141 33 särskilt
725 606 52 31 för
799 604 96 42 varje
916 603 153 41 tingslag
1092 602 83 32 eller
1197 601 86 38 stad,
1307 601 254 40 förrättningen
1584 609 116 31 angar,
1724 597 177 32 utlåtande
1917 597 74 32 med

387 649 198 42 angivande,
614 649 12 30 i
648 648 95 31 vilka
766 647 94 31 delar
882 657 42 21 av
947 645 75 42 sjön
1045 643 270 33 vattenområdet
1338 642 55 32 må
1415 652 96 21 anses
1534 641 13 31 i
1570 641 74 31 dess
1666 639 115 33 helhet
1803 639 189 33 tillkomma

386 691 249 41 strandägarna
667 693 98 34 samt,
802 689 53 31 för
891 690 117 39 övriga
1046 686 93 32 delar
1165 686 117 37 därav,
1306 684 88 32 huru
1416 684 98 41 långt
1536 686 39 28 ut
1597 683 12 31 i
1631 682 72 43 sjön
1727 682 263 41 strandägarnas

386 733 156 32 områden
565 731 94 33 skola
683 731 138 32 sträcka
844 730 61 42 sig.

521 773 203 32 Utlåtandet
754 772 104 33 varde
891 783 43 20 av
968 771 226 31 lantmätaren
1231 768 163 32 tillställt
1428 769 131 30 rättens
1593 765 202 33 ordförande
1818 765 53 32 för
1893 767 55 29 att
1972 766 20 30 å

386 820 77 28 näst
487 815 184 33 infallande
693 813 271 43 rättegångsdag
986 813 160 42 uppläsas
1169 811 61 32 och
1255 811 12 31 i
1292 809 185 33 domboken
1499 808 145 42 intagas,
1667 808 58 32 och
1750 807 104 32 varde
1876 807 116 32 tillika

389 859 39 31 de
451 858 59 32 vid
533 857 248 33 sammanträde
804 855 83 32 eller
909 866 63 31 syn
997 855 89 31 inom
1111 853 184 42 tingslaget
1318 851 83 32 eller
1423 851 117 31 staden
1557 851 94 31 förda
1666 849 171 43 protokoll
1853 849 140 42 ingivna

387 900 58 32 till
468 903 130 29 rättens
621 898 199 33 ordförande
844 899 53 31 att
920 896 101 32 bland
1045 897 129 30 rättens
1196 893 207 43 handlingar
1424 893 162 32 förvaras.

1155 1006 70 38 78.

522 1084 69 32 Till
629 1083 210 41 Konungens
876 1079 362 43 befallningshavande
1275 1079 12 31 i
1324 1079 68 37 län,
1419 1089 69 20 som
1512 1088 43 21 av
1577 1077 252 41 förrättningen
1852 1077 141 38 beröres,

390 1126 139 32 insände
561 1127 227 30 lantmätaren
823 1123 147 33 avskrift
1003 1134 43 20 av
1069 1121 194 32 utlåtandet
1285 1124 49 29 för
1357 1119 95 43 varje
1474 1119 58 32 till
1554 1119 94 33 länet
1670 1119 149 32 hörande
1842 1119 153 41 tingslag

390 1169 85 32 eller
497 1168 77 32 stad
596 1172 54 27 att
673 1168 12 30 i
707 1165 343 42 länskungörelserna
1072 1164 145 41 intagas.

1158 1282 19 31 8
1200 1283 29 38 8.

525 1369 51 32 Är
599 1368 221 41 strandägare
844 1366 162 42 missnöjd
1029 1365 75 32 med
1126 1364 391 41 förrättningsmännens
1530 1362 187 38 utlåtande,
1735 1367 62 37 äge
1814 1362 76 38 han,
1907 1363 89 31 inom

393 1413 51 31 ett
477 1413 37 30 är
546 1411 77 31 från
649 1411 58 31 det
730 1409 192 32 utlåtandet
944 1407 58 32 vid
1026 1410 114 29 rätten
1163 1406 184 42 upplästes,
1361 1406 84 31 efter
1467 1404 175 41 stämning
1664 1405 20 30 å
1706 1404 131 32 kronan
1860 1405 137 41 påkalla

392 1454 167 72 prövning
593 1464 42 20 av
658 1453 62 31 sitt
743 1451 156 43 anspråk.
944 1450 140 31 Kronan
1107 1459 78 21 vare
1208 1448 61 32 ock
1292 1450 101 40 öppet
1415 1449 54 29 att
1492 1447 89 32 inom
1603 1446 61 39 tid,
1687 1457 71 20 som
1781 1457 47 20 nu
1851 1451 37 26 är
1910 1449 86 38 sagt,

391 1498 74 30 föra
497 1498 93 29 talan
626 1497 70 29 mot
729 1493 199 32 utlåtandet
959 1492 86 31 efter
1068 1490 182 42 stämning,
1274 1500 80 28 som,
1378 1489 60 31 där
1459 1488 209 32 svarandena
1690 1493 57 26 äro
1772 1488 79 32 flere
1874 1492 40 27 än
1938 1489 57 37 tio,

392 1540 75 71 mån
479 1537 151 42 delgivas
665 1536 44 43 på
732 1538 71 29 sätt
826 1535 60 32 och
908 1534 91 31 inom
1022 1533 63 38 tid,
1108 1544 68 20 som
1199 1532 12 32 i
1236 1534 37 29 11
1298 1532 77 42 kap.
1400 1533 38 29 12
1461 1530 62 33 och
1547 1532 39 31 25
1610 1533 39 38 $$
1671 1530 323 42 rättegångsbalken

392 1583 149 28 stadgas.

471 1591 22 30 5
527 1620 167 33 Försittes
716 1619 53 32 tid
792 1619 51 32 för
865 1618 106 38 talan,
994 1617 98 32 lände
1114 1615 198 33 utlåtandet
1335 1614 56 32 till
1413 1614 231 33 efterrättelse.

1162 1735 17 31 9
1204 1736 28 38 8.

527 1821 157 33 Kostnad
721 1821 52 31 för
809 1819 222 42 förrättning,
1065 1829 70 21 som
1170 1819 13 30 i
1216 1818 111 31 denna
1360 1817 57 41 lag
1439 1827 107 29 avses,
1571 1816 88 32 skall
1680 1815 169 33 bestridas
1872 1826 42 21 av
1936 1814 63 33 all-

395 1870 125 26 männa
542 1864 116 32 medel.

529 1998 121 32 Denna
672 1997 58 42 lag
752 1995 114 34 träder
888 1997 13 30 i
923 1996 94 32 kraft
1038 1995 64 32 den
1126 1997 17 30 1
1163 1995 140 42 januari
1327 1995 91 31 1922.
