1882 2778
404 169 405 41 Bevillningsutskottets
828 167 219 31 betänkande
1064 176 43 21 nr
1124 167 41 30 58
1182 167 39 29 år
1240 166 80 30 1961
1600 164 14 30 1

795 547 59 40 Nr
880 547 51 40 58

338 651 405 39 Bevillningsutskottets
772 648 218 30 betänkande
1019 648 10 29 i
1056 646 189 40 anledning
1271 655 41 20 av
1339 644 127 40 Kungl.
1494 644 124 39 Maj:ts

559 699 216 41 proposition
797 699 81 30 med
898 698 133 40 förslag
1056 698 51 29 till
1128 696 206 40 förordning
1356 705 56 20 om
1436 694 149 40 ändring
1609 694 10 29 i

562 751 170 29 tulltaxan
752 750 66 30 den
840 750 40 29 12
900 748 197 40 september
1118 748 84 29 1958
1226 748 60 34 (nr
1306 746 96 36 475),
1422 755 46 20 m.
1489 755 45 20 m.

161 855 12 28 I
197 863 43 21 en
263 854 65 29 den
353 854 15 29 7
394 853 88 39 april
509 853 80 29 1961
615 851 227 40 dagtecknad,
867 850 51 30 till
943 849 380 39 bevillningsutskottet
1346 847 172 30 hänvisad
1541 855 77 30 pro-

116 904 163 39 position,
297 913 41 20 nr
357 904 71 34 152,
446 904 65 29 har
528 902 124 39 Kungl.
671 902 116 39 Maj:t,
805 901 112 30 under
934 900 220 39 åberopande
1173 909 41 19 av
1231 898 263 40 propositionen
1511 897 106 39 bilagt

117 955 125 38 utdrag
261 963 42 20 av
322 953 382 39 statsrådsprotokollet
721 953 81 29 över
820 951 276 30 finansärenden
1116 950 54 30 för
1190 958 134 21 samma
1342 949 76 39 dag,
1439 947 178 39 föreslagit

117 1005 188 38 riksdagen
324 1006 49 28 att

161 1054 73 30 dels
253 1056 126 37 antaga
394 1054 59 30 vid
471 1053 262 40 propositionen
752 1052 123 40 fogade
895 1051 132 39 förslag
1044 1051 52 30 till

164 1105 34 33 1)
229 1104 205 40 förordning
457 1113 58 21 om
539 1103 148 40 ändring
710 1104 11 28 i
745 1103 173 30 tulltaxan
942 1103 67 28 den
1036 1102 38 30 12
1100 1101 194 39 september
1320 1100 84 30 1958
1433 1100 59 34 (nr
1515 1099 100 35 475);

117 1157 91 28 samt

162 1205 36 34 2)
228 1205 205 39 förordning
454 1204 178 40 angående
652 1204 148 39 ändring
819 1204 11 29 i
850 1203 252 39 förordningen
1121 1203 68 29 den
1211 1203 13 29 1
1248 1201 181 30 december
1452 1200 83 30 1959
1560 1200 58 33 (nr

118 1256 80 34 507)
225 1265 57 21 om
303 1256 130 29 allmän
453 1255 199 37 varuskatt;

162 1306 74 30 dels
253 1306 186 39 godkänna
456 1306 41 30 de
515 1305 189 39 ändringar
720 1305 12 29 i
748 1304 260 30 konventionen
1025 1303 149 30 rörande
1191 1302 248 30 nomenklatur
1456 1301 55 31 för
1527 1301 92 30 klas-

119 1356 179 40 sificering
323 1366 41 20 av
388 1365 104 21 varor
517 1356 10 29 i
554 1355 253 30 tulltarifferna
832 1355 66 29 och
923 1355 68 29 den
1016 1354 122 29 därvid
1165 1353 124 39 fogade
1315 1352 303 34 nomenklaturen,

119 1416 75 21 som
214 1406 197 39 föreslagits
430 1416 43 20 av
491 1406 110 30 Rådet
619 1405 54 30 för
693 1405 193 30 samarbete
905 1405 46 39 på
969 1404 225 29 tullområdet
1212 1411 123 32 genom
1355 1402 265 30 rekommenda-

120 1457 112 29 tioner
249 1457 67 29 den
336 1457 38 29 16
392 1456 79 39 juni
490 1456 65 29 och
573 1456 67 29 den
658 1456 19 29 8
695 1455 181 30 december
897 1454 99 36 1960;

163 1506 74 30 dels
262 1507 64 29 ock
351 1506 210 39 bemyndiga
584 1506 125 39 Kungl.
735 1505 106 39 Maj:t
866 1507 51 27 att
941 1505 140 38 vidtaga
1107 1504 132 30 sådana
1263 1503 189 39 ändringar
1478 1503 10 29 i
1515 1503 105 38 regle-

118 1556 399 40 ringsförfattningarna
537 1557 45 39 på
600 1556 226 39 jordbrukets
847 1555 153 34 område,
1020 1555 95 29 vilka
1136 1554 197 30 föranledes
1354 1563 42 20 av
1417 1553 203 39 ändringar-

119 1617 47 21 na
182 1608 11 29 i
211 1608 182 29 tulltaxan.

164 1706 228 31 Beträffande
408 1706 282 40 propositionens
707 1706 258 39 huvudsakliga
984 1706 155 29 innehåll
1155 1706 57 30 må
1228 1706 63 29 här
1308 1706 131 37 återges
1458 1705 164 37 följande.

166 1759 13 29 I
197 1757 262 40 propositionen
477 1757 147 30 föreslås
642 1756 257 40 godkännande
915 1757 55 29 för
989 1756 155 39 Sveriges
1161 1756 53 29 del
1233 1765 42 20 av
1289 1755 94 30 vissa
1400 1755 219 29 rekommen-

120 1808 160 29 dationer
304 1808 79 29 från
406 1807 377 30 Tullsamarbetsrådet
807 1807 11 29 i
842 1807 139 39 Bryssel
1006 1807 148 29 rörande
1179 1806 188 39 ändringar
1390 1806 11 29 i
1426 1806 68 29 den
1518 1805 104 29 inter-

122 1858 190 29 nationella
335 1857 292 30 nomenklaturen
651 1857 55 30 för
729 1857 259 39 klassificering
1012 1866 42 20 av
1076 1866 103 20 varor
1201 1857 10 28 i
1236 1856 263 29 tulltarifferna.
1525 1856 95 30 Sam-

123 1908 100 39 tidigt
243 1907 210 39 framlägges
473 1907 131 40 förslag
624 1908 50 29 till
694 1908 108 29 därav
820 1907 206 30 föranledda
1046 1907 189 38 ändringar
1254 1906 11 29 i
1284 1906 65 29 den
1372 1906 149 30 svenska
1541 1906 79 29 tull-

123 1959 116 29 taxan.
265 1957 253 40 Ändringarna,
546 1967 74 20 som
644 1958 217 38 väsentligen
887 1958 38 29 är
950 1967 43 20 av
1017 1956 207 30 tullteknisk
1250 1956 64 30 och
1340 1956 138 30 formell
1505 1958 114 31 natur,

124 2007 147 31 föreslås
291 2008 99 30 träda
409 2009 11 29 i
438 2007 97 31 kraft
564 2008 9 30 å
591 2008 66 39 dag
677 2017 75 21 som
771 2008 126 39 Kungl.
918 2007 106 40 Maj:t
1042 2007 222 30 bestämmer.

168 2059 127 31 Vidare
318 2059 157 35 föreslås,
499 2062 50 27 att
571 2060 174 29 tullfrihet
767 2060 132 29 införes
923 2059 55 30 för
1002 2069 25 20 s.
1051 2059 33 29 k.
1108 2057 427 31 kimröks-master-batch
1563 2057 60 33 (en

125 2110 123 29 råvara
268 2110 54 29 för
340 2110 330 39 gummiindustrin)
694 2110 64 30 och
778 2112 50 28 att
848 2109 109 30 tullen
977 2109 54 29 för
1050 2109 86 30 visst
1155 2109 371 38 kondensatorpapper
1546 2108 77 30 sän-

125 2160 62 30 kes
207 2160 78 29 från
305 2160 19 29 6
344 2160 50 30 till
427 2160 7 29 3
459 2160 32 33 Z
516 2169 42 20 av
575 2161 131 28 värdet.
726 2159 183 39 Härjämte
930 2160 161 29 förordas
1112 2160 66 29 den
1200 2158 192 39 ändringen
1414 2160 10 29 i
1447 2158 98 39 fråga
1566 2166 56 21 om

125 2210 66 29 den
217 2210 322 38 schablonmässiga
562 2219 25 20 s.
611 2210 32 28 k.
668 2209 259 30 resandetullen
951 2209 43 39 på
1020 2209 227 30 tobaksvaror
1271 2210 90 28 samt
1387 2207 237 40 spritdrycker

125 2260 66 30 och
211 2260 68 33 vin,
301 2262 49 27 att
369 2260 66 29 den
457 2260 178 29 allmänna
653 2259 239 33 varuskatten,
915 2267 74 21 som
1011 2267 47 20 nu
1080 2257 102 39 utgår
1201 2259 57 29 vid
1279 2258 100 30 sidan
1401 2267 42 20 av
1464 2257 161 30 resande-

128 2310 119 34 tullen,
267 2309 175 31 inarbetas
461 2311 11 29 i
491 2310 115 29 denna
624 2309 74 29 tull.
718 2308 52 29 Nu
791 2308 155 30 nämnda
965 2308 191 38 ändringar
1175 2317 98 20 avses
1293 2308 100 29 träda
1411 2309 11 29 i
1442 2307 96 30 kraft
1558 2307 67 30 den

130 2361 11 29 1
162 2360 67 40 juli
250 2359 92 30 1961.

173 2411 12 28 I
201 2409 111 39 övrigt
328 2409 211 39 framlägges
555 2407 129 40 förslag
699 2407 52 30 till
767 2407 92 30 vissa
873 2406 228 40 jämkningar
1116 2406 11 29 i
1143 2406 110 30 tullen
1268 2405 43 40 på
1327 2406 190 39 pälsvaror,
1535 2415 89 21 sam-

155 2477 13 25 1
213 2477 110 29 Bihang
343 2477 45 23 till
407 2476 169 29 ril:sdagens
595 2476 146 29 protokoll
761 2475 64 23 1961.
855 2475 14 22 7
888 2475 83 22 saml.
993 2476 40 23 Nr
1046 2474 32 23 58
