1892 2782
381 182 403 40 Bevillningsutskotlets
803 179 219 31 betänkande
1039 188 43 20 nr
1100 179 41 29 58
1158 178 39 30 år
1216 177 80 30 1961
1554 175 36 30 19

625 322 91 41 Kap.
741 322 50 30 76.
814 320 238 32 Aluminium

91 420 280 36 Anmärkningar

94 481 23 23 1.
137 480 141 30 Följande
299 479 117 30 uttryck
437 478 37 24 ha
495 478 9 24 i
525 478 80 23 detta
625 476 110 31 kapitel
756 475 96 24 nedan
873 474 123 31 angiven
1017 472 164 31 betydelse:

137 563 28 28 ec)
188 563 66 24 Plåt
272 563 53 24 och
347 562 77 25 band
447 563 50 27 (nr
518 560 107 29 76.03):

191 597 92 31 platta
305 596 160 31 produkter
489 595 105 28 (andra
616 595 38 23 än
675 592 193 25 obearbetade
890 591 168 32 produkter,
1078 589 168 31 hänförliga
1267 589 48 24 till
1337 596 35 16 nr
1395 587 102 29 76.01),
1518 589 73 22 även

192 632 9 23 i
220 630 93 24 rullar
332 630 72 24 eller
422 630 108 29 ringar,
548 629 65 23 med
634 629 41 23 ett
695 628 106 23 största
820 626 142 24 tvärmått
981 632 35 17 av
1035 631 62 17 mer
1116 625 38 23 än
1174 624 14 24 6
1208 630 59 16 mm
1287 622 54 24 och
1359 622 65 24 med
1443 628 36 17 en
1498 621 93 30 tjock-

191 664 46 25 lek
254 672 35 16 av
306 671 62 17 mer
384 665 39 23 än
437 663 59 28 0,20
514 669 68 21 mm,
598 661 73 24 dock
687 661 62 24 icke
766 659 203 31 överstigande
987 666 34 16 en
1038 657 113 25 tiondel
1167 664 35 17 av
1219 656 137 24 bredden.

192 698 57 24 Till
270 705 34 16 nr
326 697 76 25 76.03
424 696 141 25 hänföras
586 697 74 23 även
680 694 62 31 plåt
763 694 54 23 och
837 693 88 28 band,
945 692 169 27 tillskurna,
1136 698 35 17 av
1193 697 98 17 annan
1312 690 77 23 form
1411 690 38 23 än
1470 688 122 24 kvadra-

193 732 57 25 tisk
269 732 72 24 eller
359 731 196 30 rektangulär,
575 731 74 22 samt
667 729 62 30 plåt
747 728 53 24 och
818 728 87 27 band,
925 726 194 31 perforerade,
1138 724 203 31 korrugerade,
1360 723 136 28 räfflade,
1515 722 79 31 pole-

194 767 68 23 rade
282 766 72 24 eller
374 765 137 24 försedda
531 764 64 23 med
616 763 147 30 överdrag,
784 762 94 23 under
898 760 212 29 förutsättning
1132 761 43 22 att
1196 765 124 18 varorna
1342 757 61 24 icke
1424 763 102 24 genom
1547 755 48 24 be-

192 800 190 30 arbetningen
401 798 119 25 erhållit
537 797 139 24 karaktär
693 804 34 16 av
745 796 48 24 till
812 796 90 23 annat
920 801 134 17 nummer
1071 792 168 30 hänförliga
1257 798 95 18 varor.

97 899 96 31 76.04
240 899 113 30 Folier
379 908 42 21 av
446 897 220 35 aluminium,
692 897 87 29 även
803 893 335 41 mönsterpressade,
1164 892 198 35 tillskurna,
1388 900 75 31 per-

241 941 170 35 forerade,
433 940 164 30 försedda
617 939 79 30 med
716 938 179 38 överdrag,
917 936 138 40 tryckta
1075 935 83 30 eller
1178 935 136 29 fästade
1335 934 45 40 på
1400 943 64 20 un-

241 983 118 40 derlag
380 992 43 21 av
443 990 141 32 papper,
605 989 103 31 papp,
729 980 92 40 plast
843 989 28 22 e.
893 979 44 35 d.,
957 978 80 30 med
1058 987 44 20 en
1123 977 154 40 tjocklek
1299 986 42 20 av
1362 976 102 39 högst

241 1027 73 34 0,20
342 1035 73 20 mm
447 1024 185 40 (underlag
659 1023 76 30 icke
761 1021 185 34 inräknat)
985 1043 271 8 ..........«..-
1273 1042 116 7 rrese
1406 1042 50 6 rer
1509 1018 18 30 5
1558 1017 32 34 z

98 1111 96 29 76.10
241 1111 73 34 Fat,
337 1109 143 36 burkar,
504 1109 144 35 flaskor,
672 1108 104 29 askar
799 1107 66 29 och
886 1105 167 30 liknande
1075 1104 176 30 behållare
1275 1112 42 21 av
1340 1102 124 30 alumi-

242 1153 109 34 nium,
373 1152 56 30 för
449 1152 178 38 transport
648 1149 81 30 eller
750 1147 234 40 förpackning
1005 1157 43 20 av
1064 1155 114 26 varor,
1199 1144 266 41 förpacknings-

241 1195 58 29 rör
315 1195 67 29 och
398 1192 354 41 förpackningstuber
768 1190 180 31 härunder
964 1189 222 40 inbegripna:

720 1383 93 41 Kap.
838 1383 50 30 78.
913 1381 69 42 Bly

99 1480 281 37 Anmärkningar

101 1541 24 24 1.
145 1539 143 32 Följande
306 1538 118 31 uttryck
442 1538 37 25 ha
499 1538 8 24 i
527 1538 80 23 detta
625 1536 111 31 kapitel
756 1536 95 24 nedan
871 1535 124 30 angiven
1014 1533 164 31 betydelse:

198 1708 57 23 Till
276 1715 35 16 nr
334 1707 75 24 78.03
431 1706 141 24 hänföras
593 1706 74 23 även
687 1704 62 31 plåt
770 1704 54 23 och
844 1703 88 28 band,
953 1702 169 27 tillskurna,
1144 1708 34 17 av
1200 1708 98 16 annan
1320 1700 76 24 form
1419 1701 38 23 än
1478 1699 122 24 kvadra-

198 1742 58 23 tisk
277 1741 72 24 eller
369 1739 198 31 rektangulär,
589 1740 76 22 samt
685 1738 62 31 plåt
768 1737 53 24 och
842 1737 87 27 band,
951 1735 196 32 perforerade,
1168 1734 203 31 korrugerade,
1392 1733 137 28 räfflade,
1551 1739 48 24 po-

199 1775 97 24 lerade
321 1774 72 24 eller
417 1773 136 24 försedda
578 1773 65 23 med
668 1771 148 30 överdrag,
840 1770 93 24 under
958 1769 213 29 förutsättning
1194 1769 43 23 att
1261 1774 125 17 varorna
1412 1767 61 24 icke
1498 1773 102 24 genom

199 1808 229 30 bearbetningen
449 1807 119 24 erhållit
588 1805 139 25 karaktär
747 1812 35 17 av
803 1804 48 24 till
873 1805 91 23 annat
984 1810 135 16 nummer
1139 1802 168 30 hänförliga
1328 1808 94 17 varor.

712 1995 93 41 Kap.
830 1995 51 30 79.
904 1993 91 31 Zink

103 2092 280 37 Anmärkningar

106 2153 23 23 1.
150 2152 141 30 Följande
310 2150 117 31 uttryck
446 2150 36 24 ha
504 2150 8 24 i
531 2150 80 23 detta
630 2148 109 31 kapitel
759 2148 96 23 nedan
875 2147 124 30 angiven
1017 2145 164 31 betydelse:

149 2227 28 27 ce)
200 2226 73 28 Plåt,
295 2226 76 24 band
391 2226 51 23 och
462 2225 89 30 folier
573 2224 49 27 (nr
643 2223 107 28 79.08):

203 2260 92 30 platta
318 2258 159 31 produkter
501 2258 106 27 (andra
629 2258 35 23 än
688 2256 193 24 obearbetade
903 2254 167 31 produkter,
1092 2253 167 30 hänförliga
1282 2253 46 23 till
1352 2260 34 16 nr
1409 2252 102 28 79.01),
1532 2253 72 23 även

205 2294 6 23 i
232 2293 93 23 rullar
342 2293 72 23 eller
432 2293 107 28 ringar,
557 2291 64 23 med
641 2291 40 23 ett
700 2291 106 22 största
825 2289 141 23 tvärmått
985 2295 35 16 av
1039 2294 62 17 mer
1118 2289 37 22 än
1174 2287 14 23 6
1208 2294 58 16 mm
1285 2286 52 24 och
1355 2286 65 24 med
1439 2285 166 30 tjockleken

206 2326 59 24 icke
286 2326 203 29 överstigande
509 2332 34 16 en
563 2324 110 23 tiondel
696 2330 34 16 av
750 2323 138 23 bredden.

204 2360 55 24 Till
284 2367 34 16 nr
343 2359 76 24 79.03
443 2358 141 24 hänföras
608 2358 72 23 även
704 2356 70 31 plåt,
797 2356 77 23 band
899 2355 53 23 och
975 2354 95 30 folier,
1094 2353 168 28 tillskurna,
1287 2361 34 16 av
1346 2359 97 17 annan
1468 2352 75 23 form
1568 2353 36 23 än

205 2393 170 24 kvadratisk
397 2392 71 24 eller
488 2391 196 30 rektangulär,
707 2391 75 22 samt
804 2389 70 31 plåt,
896 2388 76 24 band
995 2388 51 23 och
1069 2388 96 27 folier,
1187 2387 194 30 perforerade,
1403 2386 202 29 korrugernde,

204 2427 137 27 räfflade,
359 2426 136 31 polerade
513 2424 70 25 eller
600 2424 135 24 försedda
754 2424 64 23 med
838 2422 148 30 överdrag,
1003 2422 93 23 under
1111 2420 213 30 förutsättning
1342 2421 42 22 att
1403 2426 122 17 varorna
1544 2419 61 24 icke

205 2467 100 23 genom
330 2459 228 29 bearbetningen
583 2457 118 25 erhållit
724 2456 139 25 karaktär
886 2463 35 17 av
945 2455 45 24 till
1014 2457 90 22 annat
1129 2461 133 17 nummer
1285 2453 167 30 hänförliga
1476 2460 93 16 varor.
