1900 2854
221 164 243 32 Sammansatt
487 164 225 37 bevillnings-
735 163 66 33 och
824 163 345 38 jordbruksutskotts
1191 163 185 32 utlåtande
1399 162 52 32 Nr
1475 165 29 29 1.
1558 164 14 30 1

804 497 58 39 Nr
891 497 35 39 1.

621 607 110 23 Ankom
752 607 43 23 till
816 605 163 33 riksdagens
999 606 91 24 kansli
1111 605 54 25 den
1185 607 14 22 4
1220 613 75 16 mars
1317 607 65 23 1930
1402 606 36 24 kl.
1460 607 29 23 11
1511 607 17 22 f.
1549 614 36 16 m.

225 692 191 31 Utlåtande
439 694 13 29 i
474 692 192 36 anledning
688 702 44 21 av
757 692 130 36 Kungl.
912 691 123 37 Maj:ts
1057 692 223 36 proposition
1303 692 179 37 angående
1505 692 115 37 åtgär-

419 746 61 30 der
518 745 58 35 för
614 746 66 29 den
718 744 185 31 inhemska
936 744 388 37 sockerbetsodlingens
1357 744 263 37 uppehållande

419 798 111 35 jämte
553 798 14 29 i
589 798 120 30 ämnet
731 797 128 31 väckta
883 798 183 29 motioner.

154 893 128 30 Genom
305 903 43 20 en
372 893 64 31 den
461 894 17 29 7
503 892 152 31 februari
679 892 85 31 1930
788 892 214 36 dagtecknad
1025 892 219 36 proposition,
1268 902 43 21 nr
1335 893 51 35 82,
1403 892 118 31 vilken
1537 892 83 31 hän-

107 946 109 30 visats
240 945 55 31 till
318 945 390 36 bevillningsutskottet,
733 945 63 30 har
821 945 132 36 Kungl.
978 944 110 37 Maj:t,
1111 945 108 30 under
1242 944 212 36 åberopande
1477 955 46 20 av
1547 955 73 26 pro-

109 998 192 35 positionen
336 998 110 36 bilagt
478 997 127 37 utdrag
639 1008 43 20 av
715 996 368 37 statsrådsprotokollet
1105 999 81 28 över
1209 996 335 37 jordbruksärenden
1568 997 52 30 för

108 1060 133 21 samma
264 1050 77 36 dag,
366 1050 178 36 föreslagit
567 1050 184 36 riksdagen
776 1050 143 35 besluta,
942 1050 52 29 att
1017 1049 54 31 för
1093 1049 128 36 socker,
1246 1049 193 36 hänförligt
1462 1049 57 31 till
1543 1049 79 31 tull-

108 1105 243 28 taxenummer
374 1103 62 30 120
460 1103 13 30 i
497 1102 63 31 den
584 1102 60 31 vid
667 1102 395 35 tul!taxeförordningen
1085 1102 64 31 den
1174 1103 18 29 4
1213 1101 142 31 oktober
1372 1102 84 30 1929
1474 1103 56 37 (nr
1546 1097 75 36 316)

108 1155 121 35 fogade
263 1155 160 36 tulltaxa,
447 1155 89 30 skall
561 1155 108 30 under
691 1154 96 32 tiden
810 1155 81 30 från
913 1155 63 30 och
1000 1154 75 31 med
1100 1154 65 31 den
1189 1155 40 30 11
1254 1164 94 20 mars
1371 1154 84 31 1930
1480 1154 55 31 till
1559 1155 62 31 och

107 1207 77 31 med
218 1208 64 30 den
317 1208 41 30 28
394 1207 152 31 februari
581 1207 84 31 1931
698 1207 84 31 eller
805 1207 65 31 den
893 1207 147 35 tidigare
1063 1206 67 36 dag
1153 1207 13 30 i
1190 1206 153 31 februari
1369 1206 94 36 1931,
1487 1206 133 37 Kungl.

107 1259 101 37 Maj:t
241 1260 216 35 bestämmer,
491 1260 112 31 tullen
637 1261 83 35 utgå
753 1260 79 31 med
866 1259 40 32 13
941 1260 127 30 kronor
1099 1259 53 30 för
1175 1259 63 31 100
1263 1259 171 36 kilogram
1457 1260 91 30 samt
1569 1261 52 29 att

107 1312 237 31 bestämmelse
368 1312 119 31 härom
511 1312 91 31 skall
625 1313 111 30 såsom
761 1322 42 21 en
819 1312 235 36 anmärkning
1070 1312 56 31 till
1142 1311 154 31 nämnda
1311 1311 310 32 tulltaxenummer

107 1365 136 35 intagas
266 1365 12 29 i
302 1364 187 31 tulltaxan.

152 1461 16 29 I
203 1460 164 31 samband
402 1460 77 31 med
514 1461 113 30 denna
649 1461 212 35 proposition
884 1461 63 30 har
970 1460 165 31 utskottet
1157 1460 56 30 till
1237 1460 209 37 behandling
1470 1460 149 31 förehaft

107 1512 154 37 följande
284 1512 49 31 tio
356 1513 95 30 inom
474 1512 184 36 riksdagen
681 1513 125 30 väckta
829 1513 178 35 motioner,
1031 1513 97 30 vilka
1151 1512 63 31 här
1238 1512 111 31 nedan
1372 1513 147 36 angivas
1542 1513 77 31 med

103 1564 229 36 återgivande
355 1575 45 20 av
424 1564 40 31 de
487 1566 86 29 utav
598 1564 253 32 vederbörande
873 1565 209 30 motionärer
1105 1564 121 37 gjorda
1249 1565 187 36 yrkanden.

150 1625 177 32 Motioner
349 1626 128 31 väckta
500 1627 98 30 inom
620 1626 112 36 första
755 1626 223 31 kammaren:

150 1688 46 20 av
219 1678 122 31 herrar
363 1678 84 36 Elof
470 1678 204 31 Andersson
697 1679 63 30 och
785 1678 160 32 Leander
967 1678 39 37 (I:
1020 1678 87 38 236),
1131 1678 76 31 däri
1232 1679 203 36 hemställts,
1458 1680 52 30 att
1533 1679 86 31 riks-

103 1729 113 36 dagen
250 1731 106 30 måtte
391 1731 53 30 för
466 1730 202 37 budgetåret
692 1729 185 43 1930/1931
902 1731 107 31 under
1032 1731 125 31 nionde
1181 1731 223 31 huvudtiteln
1427 1732 121 30 anvisa
1571 1733 48 30 ett

105 1783 99 29 extra
228 1782 267 37 förslagsanslag
519 1793 45 20 av
588 1783 170 36 3,800,000
776 1784 126 31 kronor
917 1785 53 29 att
984 1783 179 31 användas
1179 1784 53 31 för
1247 1784 372 36 sockerbetsodlingens

104 1834 272 31 säkerställande
411 1835 107 30 under
552 1837 40 29 år
627 1835 82 30 1930
744 1837 13 29 i
792 1835 234 36 huvudsaklig
1058 1837 339 30 överensstämmelse
1431 1836 77 31 med
1527 1830 35 47 de
1592 1838 25 30 i

105 1887 354 36 sockersakkunnigas
483 1887 186 36 utredning
691 1889 21 29 å
735 1888 63 31 sid.
824 1888 58 31 ”11
907 1888 61 30 och
992 1888 58 30 "12
1074 1889 154 35 angivna
1251 1888 166 36 grunder;

148 1948 45 20 av
225 1940 181 30 desamma
430 1940 38 36 (I:
484 1939 86 37 237),
594 1939 76 31 däri
694 1940 201 36 hemställts,
919 1941 52 29 att
994 1940 183 36 riksdagen
1200 1941 84 30 ville
1307 1941 99 30 avslå
1429 1941 56 30 det
1508 1941 12 30 i
1544 1951 73 25 pro-

103 1991 193 35 positionen
320 2001 43 20 nr
387 1992 39 29 82
452 1991 218 31 framställda
694 1992 162 36 förslaget
880 2002 56 21 om
960 1992 145 36 höjning
1129 2002 44 21 av
1197 1993 112 30 tullen
1333 1993 20 29 å
1375 1993 132 35 socker;

149 2053 45 19 av
228 2043 81 30 herr
344 2042 201 37 Löfvander
579 2053 45 21 m.
659 2044 39 35 fl.
734 2044 140 38 (I:2388),
898 2044 75 31 däri
998 2044 203 36 hemställts,
1225 2047 54 28 att
1303 2044 183 37 riksdagen
1511 2046 106 30 måtte

105 2095 140 36 vidtaga
269 2095 66 30 den
358 2095 149 36 ändring
530 2106 46 20 av
599 2096 131 36 Kungl.
755 2096 119 36 Maj:ts
889 2097 211 35 proposition
1117 2106 42 21 nr
1183 2097 51 36 82,
1259 2098 51 29 att
1333 2098 49 29 ett
1405 2098 211 35 minimipris

104 2157 44 20 av
173 2148 17 29 2
215 2147 128 31 kronor
367 2148 40 30 50
428 2149 55 29 öre
506 2158 58 25 per
588 2149 61 29 100
673 2149 173 35 kilogram
870 2150 319 35 sextonprocentiga
1211 2150 215 30 sockerbetor
1442 2160 45 20 av
1504 2151 111 29 staten

103 2201 198 34 garanteras
336 2199 143 31 odlarna
513 2200 54 31 för
601 2200 78 31 hela
712 2201 66 31 den
814 2202 289 35 kontraktsenligt
1132 2202 119 31 odlade
1275 2202 148 35 arealen,
1446 2205 94 28 samt
1563 2205 53 28 att

105 2251 181 35 riksdagen
321 2252 54 29 för
409 2252 91 30 detta
534 2252 161 31 ändamål
731 2254 106 30 måtte
871 2254 122 30 anvisa
1027 2255 49 29 ett
1108 2254 266 36 förslagsanslag
1398 2255 21 29 å
1443 2255 172 35 4,100,000

104 2304 140 32 kronor;

147 2365 44 20 av
225 2355 79 30 herr
338 2355 147 31 Pålsson
519 2356 39 36 (I:
572 2357 87 36 244),
692 2356 76 30 däri
792 2356 201 35 hemställts,
1017 2358 51 29 att
1092 2356 183 36 riksdagen
1300 2357 84 30 ville
1408 2357 207 37 bemyndiga

103 2406 131 36 Kungl.
270 2407 100 36 Maj:t
405 2408 48 29 att
485 2407 117 30 lämna
624 2408 489 36 sockerfabriksaktiebolagen
1136 2409 158 30 tillstånd
1318 2410 52 30 att
1394 2409 148 31 tullfritt
1565 2410 50 30 in-

105 2458 71 30 föra
199 2460 156 30 råsocker
379 2459 53 31 till
456 2459 107 31 sådan
587 2460 215 36 myckenhet,
826 2460 85 31 dock
935 2461 99 35 högst
1057 2461 232 36 sammanlagt
1314 2462 116 35 60,000
1455 2463 69 34 ton,
1542 2471 71 21 som

107 2518 108 32 Bihang
236 2520 41 23 till
298 2521 164 30 riksdagens
483 2521 146 31 protokoll
653 2522 71 24 1930.
765 2525 13 21 7
798 2524 81 23 saml.
918 2524 15 23 2
952 2524 61 23 avd.
1055 2524 12 23 1
1088 2524 67 29 häft.
1194 2524 51 25 (Nr
1268 2522 35 27 1.)
1566 2523 8 22 1

1638 896 210 30 Propositionen.

1673 1462 143 24 Motioner.
