2075 2659
738 216 212 38 Lagutskottets
979 217 153 32 Utlåtande
1156 220 55 30 N:o
1237 222 28 28 1.
1782 229 16 26 9

311 295 32 35 3.
373 292 173 38 Inträffar
576 295 173 46 konkurs,
780 296 95 37 skall
906 298 265 39 underrättelse
1191 314 59 23 om
1272 301 70 36 den
1358 301 190 52 offentliga
1564 306 234 50 stämningen

201 348 191 48 samtidigt
434 349 85 36 med
561 350 242 49 kungörelsen
833 351 128 37 derom
992 367 133 35 genom
1154 361 137 31 rättens
1319 357 92 36 eller
1437 357 194 38 domarens
1658 359 143 52 försorg

201 400 169 38 afsändas
399 403 58 35 till
486 404 521 52 registreringsmyndigheten
1037 407 56 37 för
1123 415 54 30 att
1205 410 197 37 inskrifvas
1427 413 11 34 i
1461 409 334 59 handelsregistret.

200 455 119 37 Sådan
350 458 223 49 anteckning
602 459 95 36 skall
727 459 142 47 afföras,
901 461 45 35 då
974 463 222 48 gäldenären
1228 466 105 43 visar,
1364 471 54 30 att
1447 467 72 35 han
1549 480 85 36 eger
1663 468 36 36 få
1729 469 69 36 den

199 509 171 37 afträdda
408 512 226 48 egendomen
677 514 59 35 till
780 515 52 48 sig
875 514 185 47 återstäld,
1097 518 90 35 eller
1222 524 54 31 att
1305 520 209 37 konkursen
1544 523 104 48 eljest
1677 530 40 28 är
1745 529 54 30 att

201 578 84 22 anse
315 564 57 37 för
401 565 172 37 afslutad.

945 681 47 34 22
1023 678 28 49 &.

307 763 55 35 Då
390 765 107 35 firma
526 767 172 44 anmäles,
727 767 94 36 skall
850 781 45 23 en
924 769 102 45 hvar,
1048 783 78 23 som
1146 777 39 30 är
1206 772 205 49 berättigad
1432 779 54 31 att
1505 775 130 36 teckna
1655 777 144 45 firman,

200 817 46 49 på
279 830 139 23 samma
452 818 96 50 gång
581 821 246 50 egenhändigt
859 822 179 37 inskrifva
1071 825 331 50 firmateckningen
1436 828 11 34 i
1476 825 322 58 handelsregistret

200 872 89 34 eller
318 872 10 34 i
357 878 52 29 ett
437 874 173 35 särskildt
639 875 137 50 bihang
805 876 58 35 till
893 876 110 46 detta,
1032 877 37 37 så
1097 879 85 36 vida
1210 880 80 36 icke
1319 882 218 49 teckningen
1563 885 193 36 verkstälts
1775 885 21 36 å

198 926 385 49 anmälningsskriften
618 929 67 35 och
719 929 126 37 blifvit
877 930 40 36 af
947 932 143 36 vittnen
1119 935 128 48 styrkt.
1304 934 51 37 På
1382 937 191 36 enahanda
1601 944 70 30 sätt
1699 939 95 36 skall

197 978 167 47 förfaras,
403 981 45 36 då
481 983 171 35 anmälan
687 984 81 36 sker
797 984 136 46 derom,
962 991 54 31 att
1044 986 119 51 någon
1193 987 125 38 blifvit
1347 990 206 50 berättigad
1582 997 55 30 att
1664 994 130 35 teckna

197 1033 99 37 förut
325 1036 150 36 anmäld
503 1037 117 35 firma.

947 1141 46 35 23
1024 1139 28 49 &.

304 1224 233 37 Försummas
565 1227 181 44 anmälan,
775 1241 76 22 som
881 1227 110 37 ofvan
1019 1228 244 48 föreskrifves,
1291 1234 91 34 eller
1410 1234 76 45 har,
1511 1233 94 38 efter
1624 1236 61 36 det
1704 1238 90 48 regi-

196 1279 156 49 strering
381 1278 40 36 af
446 1280 107 35 firma
579 1287 146 42 vägrats
746 1283 90 35 eller
856 1283 186 49 upphäfts,
1063 1284 68 36 den
1152 1287 402 50 anmälningsskyldige
1574 1288 219 39 försummat

195 1339 87 42 göra
323 1346 50 36 ny
407 1335 183 44 anmälan,
626 1335 44 35 då
706 1336 94 35 skall
835 1338 141 35 enskild
1010 1339 286 49 näringsidkare,
1330 1342 227 49 bolagsman,
1590 1344 162 36 ledamot
1781 1346 11 34 i

195 1387 282 49 bolagsstyrelse
506 1389 90 35 eller
624 1402 132 33 annan,
787 1403 77 23 som
883 1392 60 35 till
963 1391 110 37 sådan
1093 1392 168 38 förseelse
1281 1396 97 48 gjort
1398 1397 53 48 sig
1471 1398 158 49 skyldig,
1649 1399 143 36 straffas

194 1441 85 35 med
307 1441 105 36 böter
441 1441 80 36 från
550 1443 68 36 och
648 1444 81 36 med
760 1444 74 36 fem
863 1446 59 35 till
951 1447 67 35 och
1047 1447 84 36 med
1159 1449 199 36 etthundra
1387 1450 144 37 kronor.

943 1574 48 35 24
1022 1572 27 49 &.

300 1656 191 47 Förseelse,
520 1671 77 23 som
627 1660 11 34 i
667 1658 217 52 föregående
913 1661 18 49 $
961 1668 39 30 är
1029 1664 83 35 med
1142 1677 131 24 ansvar
1302 1667 145 49 belagd,
1476 1668 95 35 skall
1591 1668 115 38 åtalas
1726 1671 64 36 hos

193 1711 255 48 polisdomstol
477 1713 11 34 i
518 1713 69 35 den
616 1720 68 39 ort,
713 1715 64 36 der
805 1716 71 35 den
904 1714 279 52 ifrågavarande
1208 1721 160 35 rörelsen
1388 1721 146 46 drifves,
1554 1736 60 22 om
1635 1725 155 36 särskild

193 1764 111 36 sådan
333 1766 159 36 domstol
522 1774 39 29 är
589 1769 63 35 der
675 1769 172 46 inrättad,
867 1783 83 23 men
971 1772 104 47 eljest
1094 1773 64 35 hos
1178 1774 284 48 poliskammare
1482 1777 100 44 eller,
1602 1791 59 22 om
1683 1780 106 46 polis-

193 1819 190 36 kammare
416 1821 79 35 icke
528 1822 125 45 finnes,
688 1823 61 35 vid
784 1825 139 34 allmän
958 1825 174 46 domstol;
1167 1828 66 35 och
1263 1829 97 48 gälle
1389 1830 10 34 i
1429 1828 102 51 fråga
1562 1844 57 23 om
1652 1832 136 49 klagan

192 1871 102 38 öfver
329 1874 177 36 domstols
542 1876 88 35 eller
659 1878 304 47 poliskammares
992 1880 121 36 beslut
1142 1882 10 34 i
1182 1881 101 37 dessa
1311 1882 76 36 mål
1416 1884 98 36 hvad
1543 1885 11 34 i
1584 1886 204 37 allmänhet

192 1934 39 28 är
260 1927 186 49 angående
476 1930 129 35 besvär
633 1931 12 34 i
675 1931 178 37 brottmål
882 1933 180 49 stadgadt.

297 1981 120 46 Böter,
460 1996 77 23 som
572 1983 147 38 ådömas
752 1987 115 48 enligt
910 1989 47 35 23
1002 1987 28 49 $,
1073 1988 153 37 tillfalla
1254 1991 152 36 kronan.
1464 1991 137 38 Saknas
1629 1990 158 59 tillgång

191 2036 59 34 till
280 2035 170 38 böternas
478 2036 96 37 fulla
603 2039 192 49 gäldande,
823 2039 212 38 förvandlas
1063 2043 44 35 de
1136 2045 116 48 enligt
1280 2046 137 35 allmän
1447 2046 180 51 strafflag.

279 2361 68 29 Bih.
373 2362 46 28 till
445 2362 102 30 Riksd.
575 2364 79 30 Prot.
682 2366 97 29 1887.
805 2365 50 31 B.
903 2369 18 27 7
948 2368 91 30 Saml.
1066 2370 15 28 1
1109 2371 86 37 Häåft.
1719 2378 16 31 2
