1918 2828
296 185 18 28 S
749 185 248 26 Statsutskottets
1020 185 157 26 utlåtande
1201 185 41 27 Nr
1266 187 64 24 200.

295 264 239 38 demisjukhus
552 265 143 29 innebär
713 265 197 29 försämrad
927 264 176 38 sjukvård,
1123 264 113 29 vilken
1254 265 270 38 uppenbarligen
1544 266 73 28 icke
1634 266 62 28 bör
1715 275 72 28 pre-

296 309 122 29 mieras
438 317 123 29 genom
581 309 215 38 statsbidrag.

341 352 114 38 Ifråga
481 362 57 20 om
565 354 53 29 det
645 353 108 29 första
780 353 156 30 villkoret
962 353 55 30 för
1044 353 82 30 ökat
1152 353 216 38 statsbidrag,
1397 356 48 27 att
1471 353 317 38 epidemidistriktet

297 397 87 29 skall
400 407 100 20 anses
517 398 88 29 hava
623 397 141 38 vidtagit
781 398 64 29 och
863 396 252 31 vidmakthålla
1131 397 44 39 på
1193 397 193 30 detsamma
1403 398 257 29 ankommande
1677 397 110 39 åtgär-

296 441 59 30 der
376 441 54 29 för
451 441 266 37 tillgodoseende
738 451 42 20 av
803 440 370 40 epidemisjukvården,
1197 451 101 20 anser
1320 441 50 39 sig
1391 442 164 38 styrelsen
1576 442 84 29 böra
1682 441 105 30 fram-

298 485 100 35 hålla,
419 488 48 27 att
487 485 37 30 så
543 485 54 30 för
616 486 217 29 närvarande
852 487 116 37 tyvärr
987 486 74 30 icke
1080 486 10 29 i
1108 486 66 29 alla
1194 486 58 29 län
1271 487 39 28 är
1329 485 105 33 fallet,
1454 487 86 28 även
1560 496 56 19 om
1635 486 156 30 samlade

296 530 128 29 antalet
445 530 183 38 godkända
651 530 127 38 platser
805 529 217 39 (inberäknat
1043 531 40 29 35
1106 530 218 38 nyinrättade
1346 530 126 38 platser
1493 530 56 29 vid
1571 530 217 30 Stockholms

296 573 295 39 epidemisjukhus
614 575 62 29 och
703 575 40 29 59
768 574 127 38 platser
918 574 56 30 vid
998 575 56 29 det
1078 574 221 39 nyuppförda
1324 574 330 38 epidemisjukhuset
1678 574 8 29 i
1712 574 77 29 Kal-

296 627 84 26 mar,
402 618 91 30 vilka
513 618 93 30 inom
626 619 66 29 den
712 620 175 28 närmaste
906 618 188 31 framtiden
1115 619 96 29 torde
1231 620 142 28 komma
1394 622 47 26 att
1464 617 212 39 godkännas)
1704 628 84 28 upp-

298 661 58 39 går
381 662 49 30 till
454 663 161 37 omkring
639 664 15 28 6
671 664 73 34 450,
772 663 103 29 vilket
900 664 99 38 utgör
1025 662 104 40 något
1154 673 72 20 mer
1252 664 43 28 än
1325 664 9 27 1
1366 672 62 29 pro
1453 663 92 29 mille
1570 672 41 20 av
1637 663 151 38 Sveriges

296 706 212 39 befolkning.
535 707 12 28 I
572 707 305 30 Västernorrlands
902 708 57 29 län
984 709 38 28 är
1047 708 93 29 ännu
1166 708 40 28 20
1231 707 39 29 år
1295 707 85 30 efter
1404 707 264 38 epidemilagens
1694 709 95 27 anta-

298 751 109 38 gande
424 751 423 39 epidemisjukhusfrågan
865 752 95 29 olöst.
981 752 12 29 I
1013 752 109 29 länets
1141 761 102 20 norra
1263 751 63 31 del,
1347 751 215 30 omfattande
1581 746 207 43 Ängerman-

297 796 90 29 land,
407 795 113 30 finnes
540 796 54 30 för
613 796 217 30 närvarande
849 796 143 30 allenast
1011 799 47 27 ett
1076 806 41 19 av
1136 796 352 37 medicinalstyrelsen
1508 796 152 38 godkänt
1679 795 109 38 epide-

297 839 205 38 misjukhus,
525 840 9 29 i
557 840 240 30 Grundsunda,
821 850 56 20 om
899 841 39 29 25
960 839 224 39 vårdplatser.
1209 840 66 29 Om
1297 839 265 30 förhållandena
1584 840 93 29 inom
1699 840 91 29 detta

297 884 56 30 län
374 885 77 29 med
473 885 168 29 avseende
661 884 43 39 på
726 883 278 39 epidemivården
1026 883 54 31 får
1102 885 164 37 styrelsen
1288 884 145 30 hänvisa
1454 884 48 29 till
1523 884 137 38 bilagda
1682 884 108 29 hand-

298 928 108 38 lingar
431 928 73 34 (Bil.
527 928 74 38 III).
623 929 143 29 Särskilt
786 929 186 38 belysande
992 929 9 29 i
1022 928 92 31 detta
1135 929 168 29 avseende
1323 930 38 28 är
1381 928 105 29 förste
1507 928 283 38 provinsialläka-

298 982 76 20 rens
396 973 162 29 skrivelse
578 973 64 29 den
663 974 40 28 29
725 973 192 38 september
940 974 80 29 1937
1050 973 72 36 (Bil.
1144 972 71 38 IV).
1237 972 64 30 Det
1321 973 70 29 kan
1412 973 173 37 knappast
1605 982 98 20 anses
1724 972 66 29 rik-

298 1017 68 38 tigt.
389 1020 47 27 att
457 1018 90 28 detta
569 1018 57 29 län
647 1017 9 29 i
676 1016 99 39 fråga
796 1027 57 20 om
873 1018 67 29 rätt
960 1017 49 30 till
1030 1018 82 29 ökat
1133 1017 208 37 statsbidrag
1362 1017 48 29 till
1431 1016 358 39 epidemisjukvården

298 1061 87 30 skall
409 1061 168 30 likställas
602 1062 77 29 med
705 1062 117 37 övriga
848 1061 66 35 län,
941 1071 75 20 som
1041 1062 79 29 med
1146 1061 226 29 ekonomiska
1398 1060 243 39 uppoffringar
1667 1061 122 29 ordnat

299 1106 51 29 sin
366 1105 242 39 epidemivård.
628 1106 80 30 Län,
727 1105 92 30 vilka
836 1106 9 29 i
861 1106 66 29 viss
943 1115 80 20 men
1040 1106 88 29 dock
1145 1106 73 29 icke
1234 1105 163 38 tillbörlig
1413 1105 238 38 utsträckning
1668 1105 123 29 ordnat

299 1150 51 30 sin
368 1149 323 39 epidemisjukvård,
713 1151 69 29 äro,
803 1160 56 19 om
878 1151 136 37 hänsyn
1033 1153 93 34 tages
1146 1150 48 29 till
1212 1150 180 29 beslutade
1410 1148 167 39 åtgärder,
1596 1149 197 38 ytterligare

298 1203 66 21 sex,
391 1194 173 38 nämligen
592 1189 269 42 Östergötlands.
890 1194 227 36 Kronobergs,
1146 1194 150 29 Kalmar,
1327 1193 253 30 Kristianstads,
1610 1189 183 39 Älvsborgs

299 1239 63 29 och
381 1238 216 30 Värmlands.

343 1284 348 38 Medicinalstyrelsen
711 1284 146 29 föreslår
877 1284 143 30 sålunda
1043 1294 41 19 en
1105 1284 146 37 ändring
1271 1284 9 28 i
1301 1284 115 37 kungl.
1438 1284 230 38 kungörelsen
1689 1284 64 29 den
1776 1284 14 27 7

299 1329 191 37 september
512 1329 82 29 1920
613 1328 178 38 angående
811 1329 206 38 statsbidrag
1035 1328 55 30 för
1110 1328 126 30 driften
1256 1338 41 19 av
1318 1327 296 39 epidemisjukhus
1640 1327 42 38 (S.
1705 1328 35 29 F.
1763 1327 30 28 S.

298 1372 91 37 668),
410 1373 113 30 vilken
545 1373 108 29 skulle
673 1373 174 38 tillämpas
867 1372 42 39 på
930 1372 94 31 vård,
1046 1373 182 29 meddelad
1249 1372 78 29 från
1349 1373 63 28 och
1433 1372 77 29 med
1532 1372 65 29 den
1620 1373 13 28 1
1656 1371 137 38 januari

302 1418 90 29 1938.
429 1417 179 38 Ingenting
631 1427 99 28 synes
754 1417 66 30 tala
846 1420 89 27 emot
958 1420 49 27 att
1030 1417 8 29 i
1062 1427 46 19 nu
1131 1416 235 38 föreliggande
1390 1416 69 29 fall,
1485 1426 73 19 som
1581 1415 180 30 framförts
1785 1415 7 29 i

299 1462 215 30 remitterade
540 1462 167 29 motioner
732 1471 56 19 om
815 1462 135 29 särskilt
976 1461 207 37 statsbidrag
1208 1461 55 29 för
1288 1460 38 30 år
1353 1461 91 29 1937.
1472 1460 84 38 följa
1582 1460 40 29 de
1648 1459 144 30 sålunda

299 1506 195 38 uppställda
522 1506 227 38 principerna.
779 1506 246 38 Föreliggande
1053 1505 160 30 situation
1240 1506 8 28 i
1275 1506 41 29 de
1341 1504 91 30 båda
1459 1505 208 38 nordligaste
1692 1505 102 28 länen

299 1551 69 29 kan
389 1551 8 29 i
418 1551 66 29 viss
506 1551 84 37 grad
609 1551 185 29 betecknas
817 1549 111 31 såsom
950 1553 46 26 ett
1016 1550 238 38 exceptionellt
1275 1549 282 37 undantagsläge.
1579 1549 136 29 Antalet
1735 1557 58 20 an-

300 1595 114 29 mälda
435 1594 386 30 scharlakansfeberfall
843 1594 109 30 under
972 1593 38 31 år
1034 1595 79 29 1937
1135 1593 159 39 utgjorde
1315 1594 8 29 i
1344 1594 256 29 Västerbottens
1620 1593 58 29 län
1698 1593 19 28 3
1733 1592 61 29 586

300 1640 62 28 och
383 1639 9 29 i
411 1639 224 30 Norrbottens
654 1639 56 29 län
730 1640 19 28 3
764 1639 73 29 931,
858 1639 231 37 sammanlagt
1109 1639 14 28 7
1141 1640 75 28 517:
1236 1638 77 30 hela
1335 1638 128 29 antalet
1482 1637 162 30 anmälda
1665 1636 129 30 sådana

301 1683 245 38 sjukdomsfall
567 1683 157 38 utgjorde
745 1684 9 28 i
775 1683 78 29 hela
874 1683 86 29 riket
981 1682 55 30 för
1057 1683 110 38 övrigt
1189 1684 14 27 7
1220 1683 73 29 084.
1328 1682 63 29 Det
1412 1683 56 28 rör
1490 1682 48 38 sig
1559 1691 56 20 om
1637 1690 42 21 en
1701 1680 92 38 sjuk-

300 1728 90 34 dom,
411 1727 54 30 för
483 1727 114 30 vilken
616 1727 272 38 isoleringstiden
907 1728 38 29 är
963 1726 82 40 lång
1063 1728 63 29 och
1148 1736 73 20 som
1241 1727 84 37 tagit
1344 1736 40 20 en
1405 1726 105 30 sedan
1529 1725 266 39 epidemilagens

301 1773 194 37 antagande
516 1774 9 29 i
546 1771 75 30 vårt
642 1772 80 29 land
745 1772 75 29 icke
841 1771 287 30 förekommande
1149 1770 218 38 utbredning.
1391 1770 64 30 Det
1476 1769 57 30 må
1555 1779 99 20 anses
1676 1768 118 31 förlåt-

300 1816 68 38 ligt,
387 1826 56 20 om
460 1816 258 30 vederbörande
734 1816 240 38 myndigheter
991 1815 75 30 icke
1083 1815 87 30 varit
1185 1815 151 30 beredda
1355 1818 47 26 att
1420 1815 93 29 möta
1531 1814 203 30 densamma
1752 1812 41 39 på

300 1861 97 29 bästa
426 1862 110 28 sättet.
566 1856 186 34 Ävenledes
779 1860 107 37 ligger
913 1860 55 29 det
997 1859 147 39 sanning
1172 1859 9 29 i
1210 1859 194 29 motionens
1433 1857 214 40 påpekande,
1677 1861 49 26 att
1754 1866 41 20 en

301 1904 108 30 sådan
427 1904 147 39 epidemi
593 1905 74 29 icke
685 1905 123 29 enbart
827 1903 107 39 angår
952 1907 45 27 ett
1016 1904 83 30 visst
1117 1904 58 30 län
1194 1907 84 26 utan
1299 1903 164 29 fastmera
1483 1903 77 29 hela
1579 1902 96 30 riket.
1697 1901 97 30 Ovan

301 1948 217 31 framställda
549 1952 68 27 sats
646 1949 149 29 rörande
825 1948 152 30 lättande
1006 1958 43 20 av
1080 1948 247 38 skattetrycket
1357 1955 123 29 genom
1511 1946 207 37 statsbidrag
1747 1944 49 31 till

300 1992 324 39 epidemisjukvård,
663 1993 96 29 torde
795 1993 74 29 icke
892 1993 135 29 behöva
1053 1994 99 35 göras
1178 1992 159 37 gällande
1363 1994 171 34 gentemot
1559 1993 45 27 ett
1630 1989 165 39 engångs-

300 2038 111 29 beslut
429 2038 8 28 i
457 2040 47 27 ett
521 2038 282 37 undantagsläge.

346 2082 97 29 Huru
467 2085 85 26 stort
574 2081 215 38 statsbidrag.
815 2091 73 20 som
911 2081 105 38 enligt
1038 2080 195 38 föreslagna
1258 2080 171 39 principer
1453 2081 108 29 skulle
1583 2081 143 29 komma
1749 2083 48 27 att

301 2125 81 39 utgå
404 2126 48 29 till
475 2126 224 30 Norrbottens
721 2126 68 30 län,
811 2125 86 30 låter
919 2125 49 39 sig
989 2125 80 30 med
1090 2124 262 39 utgångspunkt
1374 2124 78 30 från
1475 2125 8 28 i
1506 2125 175 29 motionen
1703 2124 93 30 med-

301 2170 120 30 delade
446 2170 119 30 siffror
590 2170 30 38 ej
648 2171 113 29 säkert
787 2170 164 30 beräkna.
990 2169 116 39 Enligt
1131 2170 65 29 vad
1223 2169 351 38 medicinalstyrelsen
1601 2168 119 30 erfarit
1746 2171 50 26 ut-

302 2216 96 36 göres
416 2224 41 20 en
475 2215 166 29 avsevärd
658 2215 54 29 del
729 2224 43 20 av
790 2214 56 30 det
863 2214 93 30 antal
974 2212 312 40 underhållsdagar
1303 2213 44 38 på
1365 2213 171 30 ordinarie
1554 2212 242 39 epidemisjuk-

301 2259 74 29 hus,
417 2269 73 20 som
531 2259 7 29 i
572 2258 367 38 »Sammanställning>
971 2258 50 30 till
1049 2257 174 31 motionen
1254 2258 119 29 I1:131
1406 2257 157 37 felaktigt
1590 2257 207 29 rubricerats

303 2302 113 31 såsom
445 2303 119 30 »Antal
589 2302 150 30 vårdade
764 2302 166 39 patienter
955 2302 112 30 under
1091 2301 38 31 år
1156 2302 114 29 1937»,
1298 2302 8 29 i
1332 2301 108 38 själva
1465 2302 117 29 verket
1606 2310 42 21 av
1673 2300 123 30 under-

302 2346 197 40 hållsdagar
520 2346 20 31 å
561 2347 231 38 provisoriska
813 2347 173 34 anstalter,
1008 2346 208 39 upprättade
1237 2346 9 29 i
1267 2345 200 38 anslutning
1487 2346 49 29 till
1558 2344 130 31 sådana
1710 2343 87 30 ordi-

303 2391 93 30 narie
420 2391 147 39 sjukhus
597 2386 148 43 (Öjebyn
769 2391 65 29 och
859 2389 126 39 Kalix).
1011 2389 108 31 Såvitt
1143 2390 166 38 styrelsen
1332 2390 79 29 med
1435 2390 139 38 ledning
1598 2399 41 20 av
1663 2388 134 30 inhäm-

302 2435 77 30 tade
404 2435 273 39 approximativa
703 2434 177 39 uppgifter
903 2436 135 28 kunnat
1062 2434 158 31 bedöma,
1247 2433 135 40 uppgår
1407 2434 128 29 antalet
1560 2432 195 38 vårddagar
1779 2431 18 30 å

301 2479 230 39 provisoriska
571 2479 317 39 sjukvårdslokaler
925 2479 50 29 till
1013 2478 161 39 omkring
1201 2479 128 34 21100,
1358 2478 243 29 motsvarande
1627 2480 47 27 ett
1701 2479 97 27 stats-

301 2524 121 37 bidrag
442 2524 105 38 enligt
568 2524 195 37 föreslagna
786 2523 149 38 grunder
956 2533 41 20 av
1019 2522 161 39 omkring
1201 2523 35 29 31
1257 2523 63 29 650
1342 2523 137 28 kronor.
