2128 2675
99 428 97 31 Kungl.
216 427 91 32 Maj:ts

126 463 81 24 beslut
226 471 58 23 ang.

124 500 159 30 afvittrings-

121 553 2 2 -
145 536 122 23 arbetena

110 572 84 23 under
212 578 90 16 senare

188 606 39 25 år.

366 179 41 32 24
577 179 236 32 Sammansatta
836 179 103 34 Stats-
961 178 69 41 (och
1053 178 249 43 Lag)utskottets
1332 177 168 34 Utlåtande
1525 178 60 32 N:o
1610 179 51 31 12.

326 265 54 32 att
422 273 39 24 se
503 260 128 48 saken,
675 259 337 48 diskvalificerade,
1055 258 70 38 och
1168 264 54 31 att
1263 258 85 37 hela
1391 257 284 50 allmänningen
1717 256 60 37 för
1805 256 116 36 sådan

324 312 183 38 händelse
534 312 127 37 blefve
690 326 60 23 res
778 312 149 37 nullius.

455 418 17 36 I
514 417 175 37 ärendets
723 420 39 33 så
791 417 217 36 beskaffade
1038 416 108 37 skick
1176 416 79 36 blef
1279 416 209 36 detsamma
1516 415 100 36 inför
1645 414 141 48 Kungl.
1816 413 108 50 Maj:t

326 471 221 47 föredraget
576 470 74 37 den
680 472 18 33 7
729 483 100 23 mars
861 470 109 47 1902,
1001 469 132 36 därvid
1161 468 142 49 Kungl.
1333 468 118 49 Maj:t,
1480 467 86 37 med
1594 466 254 47 förklarande,
1870 470 54 32 att

326 523 144 49 Kungl.
501 522 110 50 Maj:t
630 522 89 37 ville
739 522 203 37 framdeles
963 523 94 35 fatta
1077 521 125 38 beslut
1219 520 237 38 beträffande
1477 518 447 38 norrlandskommitténs

327 576 287 48 framställning
654 575 161 36 rörande
858 574 164 37 ändrade
1065 574 167 49 grunder
1273 574 59 36 för
1373 573 201 48 afvittring
1602 567 70 41 och
1700 571 224 58 nybygges-

327 628 286 50 anläggningar
653 628 13 36 1
711 627 286 38 Västerbottens
1039 604 70 60 och
1142 626 254 37 Norrbottens
1424 626 82 36 läns
1534 601 148 74 lappma
1667 624 120 48 arker,
1817 624 13 36 i
1858 637 65 23 an-

326 682 159 47 ledning
515 683 41 34 af
579 680 333 48 framställningen
940 680 12 36 i
980 680 118 48 öfrigt
1127 679 241 47 förordnade,

457 711 52 57 att
537 733 147 35 arbetet
712 732 84 35 med
826 710 201 69 atvittring
1030 744 46 22 en
1103 731 103 34 inom
1228 709 148 57 Sorsele
1397 730 139 35 socken
1556 729 120 35 skulle
1696 728 77 35 tills
1793 728 131 34 vidare

326 785 190 50 upphöra;

456 842 52 31 att
537 836 404 48 afvittringsarbetena
969 836 102 36 inom
1103 835 173 36 Stensele
1306 835 70 36 och
1405 835 126 35 Tärna
1560 833 201 36 socknar
1740 827 34 61 ej
1803 831 121 37 skulle

326 890 129 48 fortgå
482 889 149 48 längre,
661 894 48 31 än
736 888 59 36 till
824 888 85 36 dess
938 887 304 49 ägotaxeringen
1271 892 67 43 ägt
1366 900 83 22 rum
1479 891 98 31 samt
1605 884 126 38 därtill
1757 883 169 37 hörande

326 920 130 58 kartor
485 941 70 37 och
583 941 229 47 handlingar
839 918 156 71 upprätt
1000 945 67 42 ats,
1098 926 97 50 samt

456 999 52 31 att
553 994 84 35 med
686 993 248 47 afvittringen
978 993 57 35 för
1081 991 490 50 nybyggesanläggningar
1613 992 20 33 å
1675 988 251 50 odisponerad

327 1046 329 49 öfverloppsmark
697 1046 104 36 inom
843 1045 254 36 Norrbottens
1140 1044 82 36 läns
1265 1043 243 50 lappmarker
1541 1042 121 37 skulle
1690 1042 78 36 tills
1796 1040 129 37 vidare

329 1101 119 35 anstå.

448 1150 242 37 Beträffande
732 1149 422 49 afvittringsarbetenas
1195 1149 185 48 fortgång
1417 1148 98 36 efter
1542 1146 165 37 nämnda
1734 1145 57 37 tid
1819 1145 108 36 torde

324 1204 69 48 jag
420 1203 38 35 få
488 1202 123 36 erinra
640 1215 61 23 om
730 1202 170 47 följande
930 1201 40 36 af
994 1201 142 48 Kungl.
1166 1201 108 47 Maj:t
1301 1200 144 35 fattade
1475 1199 134 36 beslut.

457 1255 75 36 För
574 1253 405 48 afvittringsarbetena
1016 1253 12 35 i
1056 1229 253 60 Norrbottens
1337 1252 64 36 län
1430 1252 67 36 har
1526 1250 141 48 Kungl.
1698 1249 109 49 Maj:t
1835 1248 91 37 fast-

330 1307 103 37 ställt
478 1306 192 49 årsplaner
712 1282 73 60 den
823 1308 20 34 2
873 1305 72 49 maj
979 1306 110 46 1902,
1121 1304 74 37 den
1224 1306 45 34 17
1301 1304 97 49 april
1429 1304 95 36 1903
1555 1280 84 58 och
1654 1301 72 37 den
1757 1302 46 35 15
1834 1300 93 49 april

333 1361 109 35 1904.
497 1358 135 48 Enligt
671 1358 107 36 dessa
813 1358 132 49 planer
977 1335 116 58 hafva
1121 1356 221 49 göromålen
1372 1356 178 36 omfattat
1578 1354 133 36 endast
1739 1353 188 49 komplet-

330 1411 172 49 teringar
544 1388 70 59 och
654 1409 351 47 kollationeringar,
1048 1385 209 70 Äfrenseka,
1301 1408 122 48 enligt
1450 1407 141 49 planen
1619 1407 58 35 för
1706 1409 41 32 år
1778 1407 150 34 1904—

330 1441 125 59 sedan
488 1463 139 48 Kungl.
658 1462 107 47 Maj:t
808 1462 71 35 den
924 1463 45 34 26
1011 1461 166 36 februari
1217 1461 98 35 1904
1344 1459 113 36 fattat
1484 1459 124 36 beslut
1636 1458 106 36 öfver
1771 1456 158 37 anförda

329 1516 138 36 besvär
507 1492 159 59 rörande
707 1476 240 86 Fanleasjärv
989 1513 159 37 sockens
1177 1512 201 48 afvittring
1406 1533 50 4 —
1485 1509 443 48 områdesutstakningar

330 1569 103 35 inom
462 1567 119 48 sagda
609 1566 150 47 socken,
790 1554 70 47 där
887 1568 39 33 så
955 1565 208 49 lämpligen
1192 1565 147 35 kunnat
1348 1539 98 76 "ske.

459 1619 18 36 I
505 1605 128 61 fråga
679 1632 61 22 om
786 1617 406 48 afvittringsarbetena
1234 1616 13 36 i
1295 1615 291 38 Västerbottens
1627 1615 63 35 län
1730 1613 198 48 behagade

331 1672 142 47 Kungl.
504 1670 108 49 Maj:t
641 1670 73 36 den
744 1672 45 34 23
821 1670 71 47 maj
927 1643 109 79 1902,
1067 1669 87 36 med
1174 1668 208 49 anledning
1402 1668 40 36 af
1458 1667 131 36 därom
1610 1667 39 36 af
1665 1642 261 60 landtmäteri-

331 1700 188 73 styrelsen
560 1722 112 49 gjord
713 1722 297 48 framställning,
1029 1699 193 69 "förklara,
1252 1725 67 42 att,
1348 1725 91 31 utan
1469 1719 134 37 hinder
1631 1719 41 36 af
1695 1718 140 49 nådiga
1865 1718 61 36 be-

332 1766 115 46 slutet
475 1775 75 36 den
560 1736 38 74 7
630 1787 101 23 mars
761 1787 141 23 samma
931 1776 51 45 år,
1003 1751 55 59 'de
1088 1750 145 59 afvittri
1237 1750 340 71 ogslandtmätare,
1608 1784 80 24 som
1709 1747 218 73 sysselsatts

331 1828 85 36 med
458 1827 282 48 åbodelningen
780 1826 103 36 inom
920 1803 149 59 Sorsele
1098 1822 149 57 socken,
1258 1798 142 80 "skulle
1427 1801 162 72 fullfölja
1618 1824 109 36 dessa
1757 1823 168 46 arbeten,

330 1880 100 36 intill
472 1880 86 35 dess
601 1879 72 36 alla
714 1878 130 37 kartor
873 1878 69 36 och
970 1878 230 48 handlingar
1228 1883 98 30 samt
1353 1876 156 50 publika
1537 1875 279 44 renovationer,
1846 1887 81 23 som

332 1931 168 49 anginge
529 1931 180 47 socknen,
739 1930 299 49 kompletterats,
1069 1932 41 34 så
1131 1907 67 58 att
1227 1929 45 37 de
1300 1942 92 23 vore
1420 1927 250 49 fullständiga
1698 1930 48 46 på
1773 1927 154 36 förrätt-

331 1984 167 48 ningens
527 1960 217 59 dåvarande
773 1982 234 49 ståndpunkt
1028 1982 70 36 och
1119 1981 191 48 arbetena,
1332 1981 46 36 då
1399 1981 46 36 de
1464 1984 98 45 ånyo
1579 1956 204 73 upptoges,
1802 1978 126 36 kunde

332 2014 115 57 äfven
490 2035 39 36 af
564 2048 48 23 en
638 2035 58 35 till
725 2035 198 48 äfventyrs
952 2048 51 35 ny
1032 2034 305 67 arbetspersonal
1365 2021 191 60 fullföljas.
1613 2032 195 49 Därjämte
1836 2031 92 36 fast-

333 2087 154 37 ställdes
524 2087 91 50 plan
643 2087 59 36 för
730 2086 222 49 göromålen
980 2086 121 36 under
1130 2089 40 33 år
1200 2087 109 46 1902,
1340 2084 261 38 innefattande
1629 2082 300 58 komplettering

334 2140 40 36 af
411 2140 129 36 kartor
582 2139 71 37 och
694 2117 229 70 handlingar
958 2138 197 49 angående
1185 2115 149 59 Sorsele
1364 2138 152 46 socken,
1545 2134 384 59 nedtransportering

333 2191 70 37 och
432 2191 205 49 kopiering
665 2191 42 36 af
725 2191 129 36 kartor
853 2167 220 72 angående
1095 2190 170 37 Stensele
1286 2190 71 35 och
1377 2190 149 35 Tärna
1522 2188 172 48 socknar,
1715 2187 213 48 mätnings-

333 2243 199 37 arbetenas
561 2243 239 49 fullföljande
830 2243 101 36 inom
962 2243 125 36 Tärna
1115 2242 151 48 socken,
1293 2241 306 37 sammanträden
1618 2240 85 37 med
1725 2220 203 68 delägarne

333 2296 68 36 och
444 2295 367 49 lappbefolkningen
852 2296 12 35 i
894 2295 171 37 Stensele
1103 2295 71 36 och
1202 2272 126 59 Tärna
1356 2294 160 37 socknar
1544 2293 59 37 för
1630 2270 233 72 påbörjande
1891 2291 41 37 ar
