2166 2659
415 178 238 34 Sammansatta
676 180 99 33 Stats-
798 182 69 40 (och
890 182 247 43 Lag)utskottets
1165 183 169 33 Utlåtande
1356 186 62 30 N:o
1449 185 51 32 12.
1717 187 41 31 29

198 257 97 49 slag,
331 257 95 37 dock
460 263 53 31 att
542 258 112 37 bland
684 260 46 36 de
759 262 339 49 omständigheter,
1128 276 81 23 som
1239 263 126 37 kunde
1394 264 192 37 föranleda
1616 265 135 50 afdrag
1780 269 20 33 å

197 323 48 22 en
273 310 194 48 ägofigurs
496 312 112 47 areal,
638 312 117 37 borde
784 318 189 45 upptagas
1003 315 113 36 äfven
1145 316 254 36 förhållandet
1427 316 140 37 mellan
1588 317 122 37 betes-
1731 319 69 36 och

199 362 238 48 skogsmark.
493 363 16 36 I
551 364 176 36 afseende
770 368 20 33 å
823 370 116 32 sättet
970 367 60 36 för
1060 367 420 50 afdragsberäkningen
1509 370 68 35 och
1607 370 192 49 afdragets

563 416 3 1 -
805 418 5 6 .
1055 419 6 6 .
1297 421 9 15 7
1614 422 10 9 7
1691 427 14 5 .
1775 424 5 4 .

200 414 143 36 storlek
391 415 113 37 hafva
550 416 141 48 Kungl.
734 417 129 48 Maj:ts
905 418 428 50 befallningshafvande
1375 426 123 31 ansett
1538 422 261 37 landtmäteri-

199 466 208 48 styrelsens
454 468 144 48 förslag
645 473 73 44 äga
765 470 191 36 företräde
1002 471 159 37 framför
1209 472 537 50 afvittringsstyresmannens
1788 475 11 35 i

205 518 286 37 Västerbottens
520 520 74 35 län.

327 622 82 36 Den
445 624 19 34 6
500 637 99 22 mars
643 625 97 35 1903
784 624 127 37 blefvo
954 626 177 49 samtliga
1173 627 107 37 dessa
1323 628 166 37 ärenden
1525 629 101 36 inför
1655 630 141 49 Kungl.

199 673 109 49 Maj:t
332 674 240 49 föredragna,
594 676 70 35 och
683 677 149 36 täcktes
852 677 141 49 Kungl.
1018 679 106 48 Maj:t
1144 680 47 35 då
1211 680 188 36 anbefalla
1419 681 379 49 kammarkollegium

199 725 70 36 och
316 725 328 49 domänstyrelsen
689 734 54 30 att
783 729 13 35 i
837 729 191 40 desamma
1074 731 145 49 afgifva
1261 738 239 42 gemensamt
1541 734 258 49 underdånigt

197 777 206 37 utlåtande.
460 778 66 38 Uti
567 780 135 36 sådant
743 781 194 36 utlåtande
979 783 39 35 af
1057 783 72 36 den
1159 786 21 33 2
1205 784 85 48 juni
1333 786 96 34 1903
1473 785 114 36 hafva
1626 785 172 37 bemälda

199 829 245 37 ämbetsverk
474 831 125 36 anfört
627 832 181 48 följande.

326 881 103 37 Intill
471 883 84 36 dess
597 884 96 36 efter
735 884 271 49 afvittringens
1050 886 212 49 afslutning
1304 887 153 37 säkrare
1493 888 215 37 kännedom
1738 903 60 22 om

198 933 312 49 lappmarkernas
543 936 490 50 utvecklingsmöjligheter
1060 940 156 35 vunnits
1245 939 71 36 och
1344 945 92 31 enär
1465 940 62 36 det
1554 940 83 37 icke
1668 946 130 44 syntes

198 985 129 36 kunna
368 987 248 48 förebyggas,
660 994 55 30 att
744 989 63 36 vid
836 989 285 38 bestämmande
1151 992 39 35 af
1216 991 45 36 de
1289 992 184 36 särskilda
1504 993 295 48 fastigheternas

197 1037 309 50 husbehofsskog
535 1040 74 36 den
636 1040 61 36 del
727 1041 40 35 af
792 1041 304 50 skogsanslaget,
1127 1056 80 23 som
1236 1043 59 36 för
1336 1044 260 36 husbehofvets
1621 1045 177 49 tillgodo-

198 1090 140 36 seende
381 1090 121 37 skulle
545 1092 169 48 afsättas,
760 1092 122 37 blefve
925 1094 184 49 antingen
1150 1095 59 36 för
1242 1095 148 49 knappt
1419 1096 91 36 eller
1540 1098 57 35 för
1625 1097 174 49 rundligt

198 1141 189 49 tilltagen,
431 1143 137 36 hvaraf
597 1144 122 36 skulle
748 1145 103 49 följa,
883 1145 12 35 i
922 1146 103 36 förra
1053 1146 116 48 fallet,
1201 1152 55 31 att
1285 1147 287 50 allmänningen
1601 1149 103 49 finge
1734 1163 63 22 an-

197 1193 86 36 litas
320 1194 147 48 jämväl
509 1195 58 36 för
608 1196 168 48 fyllande
805 1197 39 36 af
870 1198 197 48 delägares
1095 1199 193 36 husbehof
1312 1200 42 35 af
1379 1200 105 36 virke
1515 1201 80 46 och,
1625 1201 12 35 i
1666 1214 131 23 senare

196 1245 117 48 fallet,
357 1251 55 31 att
455 1247 234 48 fastigheten
730 1249 120 36 skulle
891 1249 117 37 blifva
1050 1264 80 23 mer
1163 1251 176 49 begärlig
1379 1252 60 36 för
1474 1254 324 36 trävarurörelsen

197 1297 71 36 och
312 1298 157 36 sålunda
511 1300 197 36 motverka
750 1300 58 37 sin
850 1302 194 48 egentliga
1084 1303 155 49 uppgift
1281 1308 55 31 att
1378 1317 89 23 vara
1494 1304 58 36 till
1580 1318 107 35 gagn
1715 1310 82 32 ute-

198 1349 173 37 slutande
412 1350 58 36 för
511 1351 73 36 den
609 1352 286 49 jordbrukande
923 1354 289 49 befolkningen,
1243 1358 141 46 ansåge
1414 1356 294 37 ämbetsverken
1737 1358 61 36 det

197 1400 129 37 kunna
358 1402 253 49 ifrågasättas,
646 1404 188 37 huruvida
869 1405 83 36 icke
986 1406 85 36 hela
1100 1407 293 48 skogsanslaget
1421 1408 115 36 borde
1566 1409 231 37 åtminstone

197 1452 78 37 tills
317 1454 130 36 vidare
488 1454 207 38 bibehållas
729 1459 121 34 såsom
881 1470 46 23 en
957 1457 58 37 för
1043 1459 180 48 samtliga
1246 1459 365 49 jordinnehafvarne
1640 1474 157 35 gemen-

198 1518 81 23 sam
309 1505 238 50 allmänning
575 1508 86 36 med
689 1513 76 31 rätt
792 1509 59 36 för
880 1509 204 49 delägarne
1113 1516 55 31 att
1196 1511 168 36 därifrån
1388 1511 95 37 efter
1501 1512 187 49 utsyning
1708 1513 88 37 eller

199 1557 206 49 anvisning
433 1559 203 36 bekomma
665 1560 136 49 nödigt
829 1561 328 37 husbehofsvirke.
1215 1562 148 37 Genom
1392 1577 45 22 en
1458 1563 104 49 dylik
1583 1565 214 48 anordning

197 1609 133 47 skulle,
376 1610 120 49 enligt
538 1611 312 38 ämbetsverkens
888 1613 260 49 förmenande,
1174 1614 146 50 jämväl
1347 1615 134 37 vinnas
1511 1615 72 37 den
1612 1615 183 48 fördelen,

198 1666 53 30 att
287 1661 492 51 husbehofsafverkningen
807 1665 12 35 i
847 1665 277 49 fjälltrakterna
1160 1668 31 48 ej
1228 1667 198 36 bedrefves
1463 1670 51 45 så,
1544 1673 54 31 att
1627 1668 82 37 fara
1737 1669 60 36 för

198 1713 271 49 fjällgränsens
498 1715 227 49 nedgående
753 1718 200 48 uppstode.

325 1766 110 36 Hvad
477 1767 127 37 vidare
647 1769 168 48 anginge
857 1769 273 50 dispositionen
1168 1771 39 35 af
1231 1771 106 48 dylik
1366 1771 255 49 allmännings
1651 1772 144 37 afkast-

196 1816 96 49 ning
319 1818 150 37 utöfver
496 1819 346 50 husbehofsvirket,
870 1824 142 46 ansåge
1032 1822 295 37 ämbetsverken
1347 1823 219 37 densamma
1585 1824 209 49 lämpligen

195 1868 92 37 böra
330 1870 157 37 afsättas
515 1871 58 37 till
601 1872 178 37 bildande
808 1874 41 35 af
876 1873 403 50 allmänningsfonder,
1309 1875 85 36 från
1422 1875 129 37 hvilka
1579 1876 121 36 skulle
1729 1876 64 37 be-

197 1921 137 36 stridas
362 1922 13 35 i
403 1923 157 36 främsta
601 1929 165 32 rummet
806 1924 257 38 kostnaderna
1097 1926 58 37 för
1192 1927 254 48 allmännings
1475 1927 221 49 bevakning
1725 1929 69 36 och

196 1972 46 36 de
280 1974 189 47 åtgärder,
509 1988 82 22 som
623 1976 117 36 borde
768 1976 176 50 vidtagas
972 1978 60 36 för
1059 1978 232 50 främjandet
1320 1979 39 36 af
1384 1979 167 49 skogens
1580 1983 174 33 återväxt
1782 1980 10 36 i

196 2023 396 40 öfverensstämmelse
634 2028 86 35 med
762 2028 371 51 hushållvingsplan.
1189 2031 178 36 Härefter
1408 2031 119 36 skulle
1562 2032 41 35 af
1633 2032 161 36 fondens

195 2075 213 38 inkomster
449 2079 210 48 godtgöras
701 2082 20 33 å
764 2080 224 49 delägarnes
1025 2082 439 49 jordbruksfastigheter
1495 2083 212 49 belöpande
1735 2089 58 30 ut-

196 2127 156 49 skylder
394 2129 67 36 och
504 2143 125 36 onera,
671 2134 124 34 såsom
832 2132 431 50 fastighetsbevillning,
1295 2134 332 49 landstingsskatt,
1655 2136 139 48 bidrag

198 2179 58 36 till
284 2182 305 49 prästerskapets
610 2183 180 50 aflöning,
810 2185 181 47 vägskatt
1011 2185 68 36 och
1099 2186 284 47 vägunderhåll.
1427 2186 163 37 Därnäst
1608 2187 128 37 kunde
1758 2188 40 36 af

195 2231 165 37 fondens
389 2234 289 49 årsafkastning
705 2239 94 45 utgå
827 2236 137 49 bidrag
992 2237 54 36 till
1077 2238 60 35 för
1165 2237 205 49 delägarne
1396 2238 12 35 i
1428 2238 205 37 allmänhet
1652 2239 142 49 nödiga

196 2283 70 36 och
308 2285 208 49 gagneliga
557 2287 244 37 kommunala
834 2288 187 48 ändamål,
1051 2292 123 34 såsom
1202 2290 213 47 läkarvård,
1445 2290 221 48 fattigvård,
1696 2291 97 36 folk-

1830 626 138 24 Utlåtande
1992 628 27 29 af

1858 662 127 23 kammar-

1818 696 136 31 kollegium
1978 698 45 23 och

1866 732 104 23 domän-

1853 767 132 30 styrelsen.
