1860 2782
248 127 39 30 78
636 130 125 31 Första
782 130 247 40 lagutskottets
1051 132 180 33 utlåtande
1251 143 44 21 nr
1314 135 54 30 34.

390 212 143 40 (Kungl.
553 214 127 39 Maj:ts
698 215 170 39 förslag:)
1170 218 214 35 (Utskottets
1404 220 168 40 förslag:)

294 279 20 29 2
334 288 106 22 mom.
463 281 71 30 Där
554 281 12 30 i
586 283 225 40 moderbolag
833 284 46 40 på
901 285 160 35 stämma,
1084 295 75 21 som
1180 296 98 21 avses
1300 287 11 30 i
1335 287 62 30 113
1421 287 27 37 8,
1469 289 158 38 yrkande
1648 290 108 30 fram-

251 329 118 31 ställes
388 339 57 21 om
462 332 183 40 utdelning
661 342 42 21 av
719 333 93 31 vinst
829 335 122 29 utöver
967 336 66 29 vad
1052 336 11 29 i
1082 336 446 41 förvaltningsberättelsen
1546 339 208 40 föreslagits,

251 379 99 35 skall,
371 389 58 21 om
446 381 57 30 det
521 382 149 31 sålunda
686 383 223 32 framställda
925 385 174 40 yrkandet
1117 387 203 39 godkännes
1338 397 42 21 av
1399 390 185 34 stämman,
1603 391 80 29 med
1699 391 57 29 be-

250 429 69 30 slut
340 430 12 30 i
373 430 125 41 frågan
521 433 102 30 anstå
642 433 54 30 till
718 434 111 30 sådan
851 435 142 31 fortsatt
1015 437 151 31 stämma
1187 446 75 22 som
1285 438 11 30 i
1322 439 15 29 1
1361 448 105 21 mom.
1489 441 88 38 sägs.
1599 441 67 29 Till
1687 441 68 30 den

249 479 166 32 fortsatta
441 482 176 31 stämman
646 484 99 30 skola
772 485 162 40 samtliga
962 487 338 38 styrelseledamöter
1327 489 66 30 och
1419 490 259 31 verkställande
1704 492 51 29 di-

248 530 165 31 rektören
435 532 38 30 så
494 533 66 29 ock
581 533 219 32 revisorerna
823 535 121 40 avgiva
969 537 173 38 yttrande,
1165 538 175 31 huruvida
1362 540 67 29 den
1451 541 132 38 yrkade
1605 541 150 30 vinstut-

248 580 188 40 delningen
453 583 80 29 med
550 583 138 40 hänsyn
704 585 53 29 till
773 585 220 32 koncernens
1011 586 167 42 ställning
1194 589 66 30 och
1275 589 183 31 resultatet
1476 600 43 21 av
1535 591 219 31 koncernens

248 631 223 31 verksamhet
489 633 12 29 i
518 633 80 31 dess
615 634 117 31 helhet
750 635 57 30 får
825 645 103 22 anses
946 637 54 30 stå
1019 637 11 30 i
1050 638 86 30 strid
1155 641 73 28 mot
1246 640 66 39 god
1330 640 186 31 affärssed.
1535 641 26 30 Å
1582 642 67 30 den
1668 643 86 29 fort-

248 683 92 29 satta
361 683 175 30 stämman
555 684 59 30 må
633 684 114 31 beslut
768 685 31 40 ej
825 686 108 31 fattas
953 696 57 21 om
1032 688 106 40 högre
1160 689 183 41 utdelning
1363 691 45 29 än
1430 700 74 21 som
1528 692 148 31 sålunda
1698 702 56 30 yr-

246 731 90 31 kats.

944 788 62 31 119
1029 788 28 38 8.

292 850 176 39 Styrelsen
486 852 66 29 och
568 853 260 31 verkställande
846 855 201 31 direktören
1065 866 80 21 vare
1164 857 147 40 pliktiga
1330 861 51 28 att
1411 859 8 30 å
1439 859 67 30 den
1524 860 229 40 bolagsstäm-

246 908 68 26 ma,
332 909 122 22 varom
471 902 167 32 förmäles
655 904 12 30 i
687 904 61 31 113
770 908 28 37 8,
818 905 11 30 i
849 905 68 30 den
934 906 83 30 mån
1036 907 58 30 det
1114 917 42 21 av
1173 908 199 40 aktieägare
1391 910 104 30 äskas
1515 911 65 29 och
1600 911 72 30 kan
1691 911 60 30 ske

246 951 85 29 utan
355 951 143 40 förfång
520 952 56 31 för
598 953 147 41 bolaget,
771 955 161 32 meddela
954 957 52 29 till
1031 957 89 31 buds
1145 958 143 31 stående
1311 960 163 30 närmare
1497 961 255 40 upplysningar

245 1000 180 39 angående
451 1002 256 37 förhållanden,
736 1014 75 21 som
838 1006 123 32 kunna
988 1007 146 31 inverka
1161 1008 45 40 på
1232 1009 233 31 bedömandet
1491 1020 43 21 av
1560 1012 121 30 värdet
1709 1021 43 21 av

245 1050 156 40 bolagets
419 1052 196 41 tillgångar,
637 1063 43 22 av
698 1055 79 30 dess
800 1056 167 40 ställning
984 1057 12 30 i
1015 1058 112 39 övrigt
1146 1059 64 29 och
1230 1068 43 21 av
1291 1060 181 30 resultatet
1492 1071 43 20 av
1553 1062 80 30 dess
1652 1063 100 29 verk-

246 1101 136 30 samhet
403 1105 90 27 samt
516 1112 42 22 av
579 1104 189 39 styrelsens
788 1106 66 30 och
874 1106 259 32 verkställande
1154 1108 221 32 direktörens
1397 1110 214 41 förvaltning
1631 1122 42 21 av
1693 1113 58 29 bo-

243 1150 110 40 lagets
381 1153 299 39 angelägenheter.
709 1155 375 42 Upplysningsplikten
1111 1168 98 21 avser
1236 1160 86 30 även
1348 1161 155 40 bolagets
1529 1162 221 31 förhållande

243 1201 53 30 till
317 1202 269 41 koncernbolag.

287 1252 66 30 Det
374 1252 129 40 åligger
525 1255 170 38 styrelsen
716 1256 66 30 och
802 1257 259 32 verkställande
1082 1259 201 31 direktören
1304 1263 51 28 att
1377 1261 132 40 jämväl
1530 1263 101 40 eljest
1653 1264 20 30 å
1692 1264 59 30 bo-

243 1301 229 40 lagsstämma
488 1305 160 31 meddela
664 1306 199 39 aktieägare
880 1308 215 40 upplysning
1111 1309 88 30 efter
1217 1311 66 30 vad
1301 1320 48 21 nu
1367 1313 38 28 är
1424 1314 74 38 sagt
1514 1313 12 30 i
1542 1315 170 29 avseende
1730 1315 20 30 å

243 1352 139 35 ärende,
404 1362 75 21 som
500 1355 89 29 skall
610 1355 221 32 förekomma
851 1357 20 30 å
893 1359 186 30 stämman.

287 1401 67 31 Om
376 1403 56 30 för
454 1403 187 33 lämnande
665 1415 43 21 av
730 1405 129 40 begärd
881 1408 215 41 upplysning
1117 1410 177 32 erfordras
1316 1412 188 40 uppgifter,
1532 1423 74 21 som
1630 1415 30 39 ej
1689 1416 60 29 äro

241 1452 217 42 tillgängliga
477 1455 20 30 å
516 1456 186 35 stämman,
725 1457 89 30 skall
837 1458 259 41 upplysningen
1115 1461 96 30 inom
1230 1462 59 30 två
1308 1463 127 30 veckor
1456 1464 154 31 därefter
1630 1466 119 30 skrift-

242 1503 92 39 ligen
356 1504 64 30 hos
441 1505 135 40 bolaget
598 1506 113 31 hållas
732 1508 195 40 tillgänglig
947 1510 55 29 för
1024 1510 227 40 aktieägarna
1272 1513 166 30 ävensom
1462 1515 212 31 översändas
1695 1516 54 30 till

243 1554 209 40 aktieägare,
474 1565 75 20 som
567 1556 191 32 framställt
777 1558 151 39 begäran
947 1569 56 21 om
1023 1561 216 31 densamma.

285 1604 132 31 Finner
441 1606 169 39 styrelsen
633 1609 50 28 att
704 1607 130 40 begärd
856 1609 214 41 upplysning
1093 1611 76 31 icke
1192 1613 71 30 kan
1285 1623 43 21 av
1350 1615 170 39 styrelsen
1542 1616 84 30 eller
1649 1618 100 29 verk-

242 1653 173 32 ställande
433 1655 201 31 direktören
653 1659 86 29 utan
757 1658 145 41 förfång
919 1660 56 30 för
994 1661 136 40 bolaget
1149 1662 137 32 lämnas
1306 1664 20 30 å
1346 1665 186 35 stämman,
1553 1667 89 30 skall
1662 1676 87 32 upp-

240 1704 186 41 lysningen
449 1706 12 30 i
486 1707 114 30 stället
622 1707 137 31 lämnas
781 1709 54 29 till
858 1709 154 40 bolagets
1038 1712 170 30 revisorer
1233 1713 97 31 inom
1353 1715 59 30 två
1433 1717 127 29 veckor
1583 1718 164 30 därefter.

242 1755 231 32 Revisorerna
491 1757 99 31 skola
608 1758 96 30 inom
721 1768 43 21 en
781 1760 131 30 månad
929 1761 88 30 efter
1037 1763 175 30 stämman
1229 1764 53 30 till
1301 1766 170 38 styrelsen
1488 1767 122 39 avgiva
1628 1768 120 30 skrift-

240 1805 62 39 ligt
328 1807 174 38 yttrande,
529 1808 176 31 huruvida
731 1810 68 30 den
825 1810 152 40 begärda
1003 1812 258 41 upplysningen
1288 1815 153 31 lämnats
1468 1817 53 29 till
1548 1818 79 30 dem
1656 1821 91 28 samt

239 1854 177 33 huruvida
441 1857 258 41 upplysningen
725 1859 108 40 enligt
855 1860 102 32 deras
979 1862 144 41 mening
1144 1863 77 31 bort
1245 1865 184 31 föranleda
1454 1867 149 41 ändring
1626 1869 12 29 i
1660 1869 88 31 revi-

241 1905 307 33 sionsberättelsen
572 1909 83 30 eller
679 1909 101 40 eljest
808 1910 94 40 giver
926 1912 190 41 anledning
1139 1914 52 30 till
1216 1915 153 31 erinran.
1396 1917 71 29 Där
1491 1918 58 30 det
1574 1920 40 29 är
1637 1919 108 35 fallet,

240 1956 89 31 skall
353 1958 195 39 ändringen
570 1959 83 30 eller
676 1960 201 40 erinringen
900 1962 143 40 angivas
1065 1964 12 29 i
1100 1965 188 38 yttrandet.
1312 1966 249 33 Revisorernas
1578 1966 168 47 yttrande

240 2006 90 31 skall
352 2016 43 21 av
417 2007 169 40 styrelsen
608 2009 113 31 hållas
741 2011 65 30 hos
826 2011 136 40 bolaget
982 2012 209 42 tillgängligt
1215 2015 56 30 för
1294 2016 227 41 aktieägarna
1543 2022 90 28 samt
1656 2021 11 29 i
1689 2030 57 21 av-

240 2057 105 31 skrift
369 2059 212 30 översändas
603 2060 53 29 till
678 2061 210 40 aktieägare,
911 2072 75 21 som
1010 2064 191 32 framställt
1222 2066 153 40 begäran
1397 2077 57 21 om
1475 2070 269 41 upplysningen.

240 2174 64 30 Om
336 2175 96 31 talan
461 2178 74 28 mot
563 2177 313 40 styrelseledamot,
906 2180 258 33 verkställande
1193 2183 213 39 direktören,
1435 2186 148 40 stiftare,
1613 2188 132 30 revisor

832 2229 83 31 eller
943 2231 211 40 aktieägare.

932 2306 61 31 120
1019 2307 29 37 8.

281 2367 265 33 Ansvarsfrihet
565 2370 59 30 må
644 2371 31 39 ej
698 2381 102 22 anses
820 2382 85 21 vara
927 2374 298 39 styrelseledamot
1245 2377 84 30 eller
1350 2379 259 32 verkställande
1629 2382 115 30 direk-

236 2417 100 31 tören
360 2418 163 41 beviljad,
549 2420 148 32 såframt
724 2422 200 40 aktieägare
950 2425 80 29 med
1054 2427 49 28 ett
1130 2428 234 40 sammanlagt
1390 2430 230 41 aktiebelopp,
1645 2433 98 39 utgö-

236 2468 109 31 rande
368 2469 109 32 minst
499 2479 43 22 en
563 2470 131 32 tiondel
717 2482 42 21 av
781 2473 80 31 hela
883 2474 275 41 aktiekapitalet,
1180 2478 110 30 röstat
1311 2479 169 31 däremot.
