1856 2780
263 115 40 29 26
651 117 125 31 Första
798 117 246 39 lagutskottets
1067 119 179 32 utlåtande
1267 130 43 21 nr
1331 122 52 29 34.

264 199 104 37 gräns
390 198 221 31 beträffande
633 200 386 41 försäkringsbolagens
1042 211 88 31 egna
1152 204 216 39 fastigheter,
1390 206 71 29 kan
1483 207 170 29 utskottet
1674 207 11 29 i
1708 217 64 20 nu-

264 249 153 29 varande
449 249 75 39 läge
555 250 75 30 icke
664 251 179 39 tillstyrka
876 262 42 20 en
950 254 445 39 undantagsbestämmelse
1427 256 221 31 beträffande
1680 258 90 30 dem.

264 299 177 30 Utskottet
465 300 59 29 vill
549 301 11 28 i
585 301 94 30 detta
705 303 256 39 sammanhang
985 304 116 30 erinra
1126 314 56 20 om
1208 306 67 29 den
1299 306 136 30 lättnad
1461 317 74 20 som
1560 308 128 31 beretts
1713 309 58 29 bo-

263 348 101 39 lagen
383 357 123 31 genom
526 351 67 29 den
611 360 42 21 av
670 353 172 30 utskottet
861 353 184 31 förordade
1065 355 249 38 utvidgningen
1332 366 43 20 av
1393 357 65 29 den
1477 357 68 30 fria
1563 359 208 37 placerings-

261 400 123 29 rätten.
402 400 119 30 Denna
540 401 68 29 kan
629 403 122 29 väntas
773 403 37 29 få
829 403 53 30 sin
901 404 255 38 huvudsakliga
1172 407 175 36 betydelse
1366 407 218 31 beträffande
1605 409 74 39 just
1700 409 71 30 fas-

262 449 284 39 tighetskrediter
573 453 80 29 över
677 453 218 39 ”/;-gränsen.

954 531 62 30 295
1045 531 28 37 8.

306 593 13 28 I
339 594 211 39 paragrafen
568 597 171 38 upptagas
761 597 111 39 regler
893 598 178 39 angående
1091 599 143 40 frivillig
1253 601 202 30 överlåtelse
1475 611 42 21 av
1535 602 235 40 försäkrings-

261 642 147 31 bestånd
431 645 80 29 från
536 647 48 27 ett
607 646 101 40 bolag
730 647 53 29 till
808 650 48 27 ett
878 651 117 28 annat.

306 694 176 31 Utskottet
505 695 117 30 finner
645 697 76 30 icke
745 698 190 40 anledning
960 700 52 29 till
1038 701 141 29 erinran
1202 704 73 27 mot
1300 702 320 31 bestämmelserna.
1647 704 122 30 Såsom

260 744 156 39 framgår
438 755 41 20 av
499 747 67 29 vad
588 756 74 20 som
684 748 142 30 anföres
849 750 57 29 vid
932 750 14 29 1
973 750 15 37 $
1012 751 382 40 promulgationslagen
1417 753 147 31 föreslår
1587 755 181 34 utskottet,

260 796 50 28 att
333 796 67 29 vad
423 796 11 29 i
454 796 229 32 förevarande
703 800 167 38 paragraf
894 801 139 39 stadgas
1056 802 88 29 skall
1167 803 64 38 äga
1253 803 225 40 tillämpning
1500 804 80 30 från
1602 805 65 29 och
1688 806 80 29 med

259 845 68 29 den
348 846 14 29 1
384 846 67 39 juli
474 847 93 30 1948.

955 927 63 30 302
1040 928 28 37 8.

303 989 13 28 I
334 991 211 38 paragrafen
564 992 139 39 stadgas
725 994 197 39 skyldighet
942 995 55 30 för
1017 996 170 38 styrelsen
1207 997 65 29 och
1290 998 258 30 verkställande
1567 999 201 30 direktören

257 1041 51 28 att
334 1041 172 30 övervaka
531 1044 50 27 att
605 1044 277 39 anskaffningen
908 1055 42 20 av
974 1046 243 40 försäkringar
1242 1048 80 29 sker
1346 1048 45 40 på
1416 1050 68 29 sätt
1509 1058 74 21 som
1608 1051 160 29 överens-

259 1091 167 29 stämmer
453 1093 80 29 med
563 1094 65 37 god
658 1094 293 40 försäkringssed.
982 1097 196 39 Konungen
1207 1098 89 30 skall
1325 1099 64 39 äga
1417 1100 159 30 meddela
1604 1101 163 29 närmare

256 1140 264 32 bestämmelser
540 1143 133 31 härom.

304 1192 227 31 Beträffande
560 1195 114 30 denna
701 1197 167 38 paragraf
893 1198 57 29 må
976 1198 166 30 hänvisas
1170 1200 53 29 till
1248 1200 243 35 förenämnda,
1517 1202 52 29 till
1598 1203 170 29 utskottet

258 1242 246 31 överlämnade
525 1246 234 37 promemoria
784 1247 80 29 från
886 1248 284 30 överdirektören
1192 1250 39 29 O.
1255 1250 38 30 A.
1316 1250 157 30 Åkesson
1500 1251 52 33 (se
1573 1252 152 40 Bilaga).

300 1292 14 29 I
333 1293 67 29 den
422 1294 178 34 situation,
620 1304 74 20 som
714 1296 125 30 inträtt
859 1304 123 32 genom
1002 1299 266 39 uppsägningen
1287 1310 43 19 av
1347 1301 126 29 hittills
1492 1301 159 39 gällande
1671 1303 96 29 över-

255 1343 277 30 enskommelser
558 1345 129 30 mellan
716 1346 157 39 bolagen,
903 1348 156 30 anmäler
1088 1349 51 39 sig
1166 1350 89 30 först
1283 1351 136 38 frågan,
1446 1351 175 31 huruvida
1649 1353 118 30 anled-

255 1393 85 40 ning
363 1394 153 39 alltjämt
539 1395 116 30 finnes
678 1396 55 30 för
754 1398 58 29 det
833 1397 178 32 allmänna
1033 1401 51 28 att
1104 1400 12 28 i
1137 1409 43 21 en
1202 1400 83 30 eller
1308 1411 118 20 annan
1447 1402 91 30 form
1560 1404 64 28 öva
1644 1403 121 40 tillsyn

254 1444 81 29 över
359 1445 362 32 ackvisitionsarbetet
745 1448 84 29 eller
853 1458 56 20 om
932 1449 115 30 denna
1073 1451 139 39 uppgift
1235 1452 72 29 kan
1330 1452 220 31 överlämnas
1573 1454 35 30 åt
1631 1453 135 40 bolags-

253 1494 230 40 ledningarna
505 1498 50 28 att
577 1497 111 39 själva
709 1498 210 40 ombesörja.
942 1500 112 30 Bland
1074 1501 407 40 försäkringsväsendets
1501 1504 175 30 målsmän
1696 1507 70 27 tor-

253 1545 42 29 de
314 1547 231 39 meningarna
566 1547 123 30 härom
709 1558 85 21 vara
816 1550 130 30 delade.
967 1551 65 29 Det
1053 1552 112 29 måste
1183 1570 45 3 —
1247 1553 104 30 såvitt
1374 1554 171 30 utskottet
1567 1555 71 29 kan
1661 1556 104 29 döma

252 1613 45 3 -—
320 1606 103 21 anses
448 1598 115 29 såsom
588 1600 48 29 ett
660 1609 42 20 av
729 1600 69 29 den
822 1601 159 30 enskilda
1007 1602 511 40 försäkringsverksamhetens
1543 1607 89 28 mest
1658 1606 107 30 vitala

252 1647 157 38 problem
432 1650 50 28 att
505 1648 77 39 giva
604 1650 362 31 ackvisitionsarbetet
990 1662 43 20 en
1056 1653 179 35 karaktär,
1260 1663 76 21 som
1359 1655 139 39 präglas
1523 1665 43 21 av
1590 1656 175 30 effektivi-

252 1699 49 28 tet
326 1707 81 20 men
433 1699 178 39 samtidigt
636 1709 42 20 av
704 1710 128 21 ansvar
859 1702 94 30 inför
977 1703 194 40 uppgiften.
1198 1705 72 29 Här
1294 1705 199 39 förskjutas
1518 1707 246 40 perspektiven

256 1748 89 30 efter
364 1749 95 30 hand
479 1751 112 29 under
612 1752 138 39 ständig
767 1752 178 39 påverkan
962 1753 80 30 från
1062 1754 66 29 den
1147 1755 128 30 sociala
1295 1756 65 29 och
1379 1757 230 30 ekonomiska
1626 1758 141 29 utveck-

251 1798 129 39 lingen,
406 1809 74 20 som
505 1800 128 40 skapar
655 1810 68 30 nya
745 1802 335 39 försäkringsbehov
1101 1813 81 21 men
1206 1806 107 29 också
1334 1807 135 38 öppnar
1491 1816 68 30 nya
1580 1803 184 48 möjlighe-

251 1850 52 27 ter
324 1851 50 28 att
395 1850 182 39 tillgodose
599 1852 88 29 dem.
710 1853 118 38 Enligt
849 1854 189 30 utskottets
1060 1855 142 39 mening
1221 1856 112 30 måste
1354 1857 159 39 lämpligt
1537 1859 154 38 avvägda
1711 1859 52 30 fö-

250 1900 185 29 reskrifter
455 1901 101 39 tjäna
577 1901 406 41 försäkringsväsendets
1005 1905 150 40 positiva
1179 1906 136 30 krafter
1338 1907 116 30 såsom
1478 1910 48 28 ett
1549 1909 214 30 instrument

251 1950 55 29 för
333 1951 178 39 skapande
536 1952 65 29 och
626 1954 310 38 upprätthållande
960 1965 43 20 av
1030 1957 113 29 sunda
1170 1957 247 30 förhållanden
1442 1959 11 29 i
1479 1959 284 31 ackvisitionsar-

250 2000 103 30 betet.
382 2002 78 29 Med
487 2002 138 40 hänsyn
650 2004 53 29 till
731 2004 145 39 frågans
902 2006 128 30 sociala
1054 2007 176 39 betydelse
1257 2009 112 29 måste
1395 2009 57 29 det
1480 2010 87 30 även
1593 2010 80 30 från
1700 2011 63 29 all-

250 2052 83 29 män
355 2054 180 38 synpunkt
556 2055 32 28 te
612 2054 50 39 sig
682 2056 169 30 önskvärt
874 2057 79 29 med
974 2066 43 20 en
1037 2057 71 30 viss
1129 2058 164 40 offentlig
1313 2059 154 30 kontroll
1488 2061 81 29 över
1590 2061 95 30 detta
1708 2071 54 20 ar-

251 2103 87 29 bete.
365 2103 370 32 Ackvisitionsarbetet
760 2106 130 29 företer
915 2108 112 29 starkt
1053 2108 177 30 skiftande
1254 2110 96 39 drag.
1376 2111 51 30 Av
1450 2111 310 31 bestämmelserna

251 2153 113 29 måste
383 2154 120 29 därför
522 2155 149 34 fordras,
692 2158 50 27 att
762 2157 180 30 desamma
960 2157 127 31 besitta
1106 2159 44 39 på
1169 2168 43 20 en
1231 2160 90 39 gång
1341 2161 174 39 stringens
1535 2163 65 29 och
1621 2163 140 39 smidig-

248 2202 68 30 het.
334 2204 63 29 Det
413 2204 105 38 ligger
536 2207 71 27 stor
623 2206 74 29 vikt
714 2207 46 36 på
778 2209 49 27 att
842 2207 265 38 möjligheterna
1123 2209 53 30 till
1193 2211 213 37 anpassning
1424 2211 87 30 efter
1527 2212 233 30 marknadens

251 2254 172 31 växlande
445 2256 369 41 problemställningar
839 2258 75 30 icke
938 2260 211 29 motverkas.

293 2305 235 30 Föreskrifter
551 2307 178 38 angående
752 2308 255 31 ackvisitionen
1031 2310 191 31 förutsätta
1245 2313 51 28 att
1319 2314 49 27 ett
1393 2313 142 29 särskilt
1560 2320 108 32 organ
1692 2312 68 30 fin-

248 2363 62 21 nes
339 2355 56 30 för
420 2358 50 28 att
496 2357 173 30 övervaka
693 2358 272 31 efterlevnaden.
992 2360 66 30 Det
1083 2361 72 29 kan
1184 2370 105 30 synas
1315 2363 177 39 praktiskt
1521 2365 50 28 att
1600 2363 159 31 anförtro

247 2405 116 30 denna
383 2407 138 39 uppgift
541 2408 34 30 åt
593 2408 479 42 försäkringsinspektionen.
1092 2412 203 30 Emellertid
1313 2413 112 30 måste
1443 2414 156 34 beaktas,
1619 2415 50 28 att
1689 2414 71 31 frå-
