1856 2782
258 125 39 29 40
649 125 123 29 Första
794 123 246 39 lagutskottets
1063 124 179 31 utlåtande
1264 135 42 19 nr
1326 125 52 30 34.

401 208 142 39 (Kungl.
564 208 127 39 Maj:ts
710 208 167 39 förslag:)
1181 209 213 34 (Utskottets
1414 209 168 40 förslag:)

308 266 131 29 Sådant
457 266 94 30 bevis
577 267 313 38 (teckningsbevis)
915 267 88 30 skall
1022 268 121 29 ställas
1160 268 52 29 till
1233 268 71 29 viss
1322 278 82 20 man
1423 269 64 29 och
1508 270 258 29 undertecknas

264 325 42 20 av
326 316 165 30 stiftarna
510 316 83 30 eller
613 326 42 20 av
678 317 168 39 styrelsen
866 317 88 29 efter
975 318 66 29 vad
1062 318 9 29 i
1092 318 41 30 30
1156 318 15 36 $
1193 319 38 29 är
1252 319 136 38 stadgat
1408 328 56 20 om
1485 319 179 30 aktiebrev
1684 320 83 29 eller

264 366 65 29 ock
347 374 123 31 genom
490 367 94 29 bank
600 367 45 39 på
666 368 67 29 sätt
753 367 11 29 i
780 367 112 30 första
909 368 134 39 stycket
1061 369 39 28 är
1117 369 208 29 föreskrivet
1345 378 56 20 om
1421 369 268 30 interimsbevis.
1707 370 60 29 Be-

263 416 97 34 viset,
383 417 76 29 däri
483 417 87 29 skall
594 417 143 39 angivas
760 417 154 39 bolagets
936 418 116 34 firma,
1076 419 112 29 akties
1210 419 190 30 nominella
1421 419 124 41 belopp
1568 420 66 29 och
1656 421 111 38 dagen

263 467 55 29 för
342 467 236 34 utfärdandet,
604 467 89 30 skall
715 468 175 30 innehålla
915 468 41 30 de
977 469 179 39 uppgifter
1179 478 74 20 som
1275 469 11 29 i
1308 469 41 29 30
1376 469 15 36 8
1418 470 109 30 andra
1550 471 135 38 stycket
1709 480 59 20 an-

265 517 106 38 givas.

308 568 26 29 Ä
353 568 257 30 interimsbevis
629 569 82 29 eller
730 569 280 39 teckningsbevis
1032 569 88 30 skall
1141 577 124 32 genom
1287 570 188 39 styrelsens
1494 570 138 39 försorg
1650 571 45 39 på
1714 570 55 30 be-

263 618 108 38 gäran
393 618 191 30 antecknas
606 618 124 40 belopp
752 628 73 20 som
846 619 164 30 inbetalts
1031 619 20 30 å
1071 620 129 29 aktien.

307 668 386 39 Teckningsrättsbevis
715 669 65 29 och
800 669 162 34 delbevis,
984 679 120 20 varom
1128 670 140 39 stadgas
1289 671 11 28 i
1322 671 51 33 51,
1397 671 40 29 59
1462 672 65 29 och
1550 671 64 30 334
1639 671 49 37 88,
1711 671 58 30 må

265 718 121 30 ställas
409 719 53 29 till
485 719 70 29 viss
580 728 84 20 man
688 719 82 29 eller
796 719 53 30 till
872 720 238 30 innehavaren
1133 721 66 29 och
1223 721 98 29 skola
1348 721 258 30 undertecknas
1631 722 45 39 på
1701 722 67 29 sätt

264 778 57 20 om
338 769 258 30 interimsbevis
615 769 11 29 i
646 769 112 30 första
778 770 135 39 stycket
931 771 38 28 är
986 770 219 30 föreskrivet.

966 871 40 30 32
1032 871 28 37 8.

311 937 14 28 1
350 945 105 21 mom.
488 937 71 29 Har
580 937 178 30 aktiebrev
781 937 97 30 blivit
902 947 41 21 av
965 938 125 39 någon,
1113 948 75 20 som
1209 939 89 30 hade
1320 939 58 30 det
1401 939 11 29 i
1435 940 144 34 händer,
1602 940 166 30 överlåtet

264 986 65 29 och
346 987 150 29 kommit
514 987 11 29 i
542 987 245 30 förvärvarens
804 988 205 39 besittning;
1032 989 118 29 finnes
1172 990 116 33 sedan,
1308 991 50 28 att
1376 990 67 29 den
1465 999 74 20 som
1557 990 211 30 verkställde

264 1037 229 29 överlåtelsen
514 1038 30 38 ej
569 1047 62 20 var
652 1039 89 28 rätte
763 1038 223 39 aktieägaren
1008 1039 83 29 eller
1112 1039 143 39 behörig
1276 1042 50 27 att
1348 1040 20 30 å
1391 1040 131 30 dennes
1546 1041 132 38 vägnar
1700 1041 69 29 för-

265 1087 80 38 foga
364 1088 81 29 över
464 1088 223 34 aktiebrevet,
708 1089 60 38 äge
789 1098 65 29 nye
875 1089 239 30 innehavaren
1133 1090 136 29 ändock
1287 1090 175 30 företräde
1481 1091 53 29 till
1555 1091 129 34 aktien,
1707 1091 62 29 där

264 1138 71 30 han
359 1148 62 20 var
443 1140 12 29 i
481 1140 63 38 god
567 1141 56 28 tro
646 1140 65 29 och
736 1140 216 29 överlåtaren
977 1140 119 30 kunde
1119 1140 54 30 till
1197 1141 77 29 stöd
1297 1140 55 30 för
1377 1141 53 29 sin
1455 1142 70 28 rätt
1548 1141 152 40 åberopa
1722 1141 48 39 ly-

264 1188 120 29 delsen
402 1197 42 20 av
462 1189 356 38 sammanhängande,
836 1189 53 29 till
908 1190 129 29 honom
1055 1190 205 39 fortgående
1282 1191 176 39 skriftliga
1476 1191 223 30 överlåtelser
1716 1191 53 30 till

264 1239 71 28 viss
352 1248 83 20 man
452 1239 82 29 eller
552 1239 37 29 in
608 1239 134 29 blanco.

309 1288 238 30 Förvärvaren
574 1289 90 29 skall
686 1298 101 21 anses
812 1289 90 30 hava
924 1290 89 30 varit
1035 1290 11 29 i
1068 1291 70 29 ond
1160 1292 65 33 tro,
1250 1291 30 39 ej
1306 1291 147 30 allenast
1476 1292 62 29 där
1560 1292 71 29 han
1653 1292 116 33 visste,

264 1341 50 28 att
334 1340 78 34 den,
434 1349 73 21 som
526 1340 212 30 verkställde
758 1340 238 35 överlåtelsen,
1016 1341 77 30 icke
1115 1350 62 20 var
1197 1341 76 34 den,
1294 1342 20 29 å
1335 1342 118 29 vilken
1471 1342 216 39 handlingen
1708 1351 62 21 var

265 1389 105 29 ställd
385 1389 83 30 eller
485 1391 116 28 senast
618 1390 187 34 överlåten,
823 1390 83 29 eller
920 1390 194 39 berättigad
1131 1393 50 27 att
1195 1391 131 30 handla
1342 1391 20 30 å
1377 1392 131 29 dennes
1523 1393 142 38 vägnar,
1684 1394 85 28 utan

263 1439 66 30 ock
352 1440 64 29 där
436 1440 69 29 han
526 1440 213 30 försummat
760 1442 49 28 att
830 1441 79 29 med
931 1441 111 39 skälig
1064 1449 140 31 omsorg
1226 1442 118 39 pröva,
1367 1442 175 30 huruvida
1564 1442 38 30 så
1622 1452 61 20 var
1707 1442 64 30 fal-

265 1490 56 29 let.
350 1490 182 30 Huruvida
557 1490 148 39 tidigare
731 1491 202 30 överlåtelse
960 1492 38 29 är
1024 1492 83 29 äkta
1132 1492 66 29 och
1225 1492 11 29 i
1261 1492 111 39 övrigt
1399 1492 106 39 giltig,
1530 1502 82 20 vare
1637 1493 134 29 förvär-

264 1549 107 20 varen
390 1540 31 39 ej
443 1540 124 40 pliktig
589 1543 51 27 att
661 1542 117 38 pröva,
799 1542 79 29 med
897 1541 137 30 mindre
1057 1542 150 30 särskild
1229 1543 188 39 anledning
1437 1543 117 30 därtill
1574 1543 195 39 föreligger.

309 1590 76 30 Vad
404 1599 48 20 nu
474 1591 37 29 är
531 1592 75 37 sagt
627 1600 58 20 om
705 1591 202 30 överlåtelse
926 1601 42 21 av
986 1591 179 31 aktiebrev
1184 1593 87 38 gälle
1290 1593 65 29 ock
1372 1593 12 29 i
1402 1593 100 39 fråga
1520 1603 57 20 om
1598 1594 173 39 pantsätt-

265 1641 84 38 ning
368 1650 42 20 av
427 1641 96 39 dylik
542 1641 180 39 handling.

308 1692 20 28 2
348 1700 106 21 mom.
475 1692 70 29 Har
568 1692 79 33 den,
669 1701 74 21 som
763 1692 51 29 till
837 1692 112 39 grund
969 1692 55 30 för
1045 1693 142 30 förvärv
1207 1703 42 20 av
1269 1693 178 30 aktiebrev
1469 1693 170 40 åberopar
1663 1695 107 28 annat

264 1741 85 39 fång
372 1742 45 29 än
444 1742 213 33 överlåtelse,
682 1742 96 29 blivit
804 1742 118 30 införd
946 1743 11 28 i
981 1743 220 34 aktieboken,
1226 1744 88 29 skall
1339 1744 58 29 vid
1421 1753 121 20 senare
1566 1743 204 30 överlåtelse

264 1791 83 29 eller
369 1792 245 39 pantsättning
639 1802 43 20 av
704 1792 212 30 aktiebrevet
938 1792 66 30 vad
1028 1793 11 29 i
1072 1794 7 28 I
1104 1802 106 20 mom.
1237 1794 38 29 är
1300 1794 137 38 stadgat
1460 1795 64 37 äga
1546 1794 225 39 tillämpning

262 1842 134 38 jämväl
417 1842 79 29 med
517 1842 170 30 avseende
708 1842 20 30 å
748 1843 245 29 förstnämnda
1013 1843 95 39 fång.

308 1892 20 29 3
351 1901 106 21 mom.
481 1893 74 29 Vad
579 1892 11 29 i
616 1893 14 28 1
658 1893 65 29 och
746 1893 18 29 2
786 1902 105 20 mom.
914 1894 38 28 är
977 1893 137 39 stadgat
1140 1902 57 20 om
1219 1893 178 30 aktiebrev
1420 1894 88 29 skall
1533 1895 64 38 äga
1619 1896 152 28 motsva-

264 1942 108 29 rande
396 1942 224 40 tillämpning
646 1943 11 29 i
680 1943 99 38 fråga
802 1952 56 20 om
883 1943 268 34 interimsbevis,
1177 1943 38 30 så
1238 1944 65 29 ock
1325 1943 223 31 beträffande
1571 1944 200 39 tecknings-

264 1992 187 30 rättsbevis
471 1993 64 29 och
552 1992 163 35 delbevis,
735 2002 73 21 som
826 2002 99 21 avses
942 1993 11 29 i
971 1994 115 29 denna
1104 1993 65 39 lag,
1189 1994 62 29 där
1268 1994 57 29 det
1343 1995 39 28 är
1403 1994 95 30 ställt
1517 1995 52 29 till
1587 1995 72 30 viss
1676 2003 92 21 man.

308 2042 46 29 Är
370 2043 372 39 teckningsrättsbevis
761 2043 83 30 eller
861 2043 152 31 delbevis
1033 2044 95 30 ställt
1146 2044 53 29 till
1216 2044 238 30 innehavaren
1471 2045 65 30 och
1552 2045 65 29 har
1633 2045 58 30 det
1708 2045 62 29 bli-

263 2093 48 29 vit
336 2102 43 21 av
399 2093 125 39 någon,
547 2102 76 21 som
647 2093 89 30 hade
759 2094 56 29 det
837 2094 11 29 i
869 2093 144 35 händer,
1038 2094 167 30 överlåtet
1231 2095 64 29 och
1317 2095 149 29 kommit
1488 2095 11 29 i
1522 2095 247 30 förvärvarens

264 2143 205 39 besittning;
491 2144 116 29 finnes
628 2144 117 33 sedan,
764 2145 50 28 att
832 2143 217 31 överlåtaren
1068 2144 31 39 ej
1120 2153 62 21 var
1203 2145 88 29 rätte
1311 2145 128 39 ägaren
1457 2145 83 30 eller
1558 2145 144 39 behörig
1720 2146 50 28 att

264 2195 19 29 å
301 2195 133 30 dennes
451 2196 130 38 vägnar
599 2195 139 39 förfoga
755 2196 80 29 över
853 2194 140 35 beviset,
1014 2196 62 37 äge
1094 2204 67 30 nye
1181 2195 238 30 innehavaren
1438 2195 137 30 ändock
1593 2195 176 29 företräde

262 2245 53 28 till
336 2245 141 33 beviset,
499 2246 86 28 utan
610 2244 39 30 så
669 2245 38 28 är
728 2246 49 28 att
798 2244 70 30 han
891 2244 116 34 visste,
1030 2246 50 28 att
1103 2245 67 29 den
1192 2245 107 29 andre
1322 2245 30 39 ej
1378 2246 84 38 ägde
1484 2245 155 30 överlåta
1660 2245 110 30 hand-

263 2295 127 37 lingen,
410 2295 82 29 eller
511 2295 71 29 han
602 2295 169 29 åsidosatt
792 2295 67 29 den
878 2295 199 29 aktsamhet
1097 2304 85 25 som,
1203 2295 89 30 efter
1313 2296 357 38 omständigheterna,
1692 2296 78 29 skä-

263 2344 91 39 ligen
378 2345 77 30 bort
481 2346 185 38 iakttagas.
690 2345 74 29 Vad
789 2354 47 20 nu
862 2346 38 28 är
925 2347 74 37 sagt
1022 2354 57 20 om
1106 2345 203 30 överlåtelse
1332 2355 43 20 av
1396 2345 373 40 teckningsrättsbevis

263 2396 65 29 och
350 2397 161 34 delbevis,
534 2406 75 20 som
631 2397 39 29 är
693 2396 94 31 ställt
808 2396 52 30 till
882 2396 248 34 innehavaren,
1154 2395 86 39 gälle
1263 2397 65 28 ock
1351 2396 222 30 beträffande
1597 2396 173 39 pantsätt-

263 2446 84 38 ning
367 2455 42 20 av
427 2446 111 39 dylikt
556 2445 106 30 bevis.
