1860 2788
478 125 124 30 Första
624 124 246 40 lagutskottets
893 123 180 33 utlåtande
1093 134 44 20 nr
1157 125 52 30 34.
1559 124 36 30 21

91 211 59 30 vid
174 219 42 21 en
241 211 194 38 avvägning
458 210 111 29 måste
595 210 60 29 ske
679 209 129 30 mellan
833 210 67 29 den
924 209 230 30 utträdandes
1179 209 65 30 och
1269 209 41 29 de
1335 209 261 30 kvarvarandes

92 262 158 29 intresse.
279 261 109 30 Dessa
416 261 355 38 beräkningsnormer
802 260 46 30 ha
878 260 53 29 sin
960 260 92 39 plats
1080 260 12 29 i
1121 260 41 29 de
1191 260 164 29 tekniska
1385 260 209 38 grunderna.

92 312 131 30 Genom
245 314 49 28 att
315 312 151 40 premier
487 312 64 29 och
572 311 250 40 premiereserv
843 311 173 29 beräknas
1038 311 79 29 med
1141 310 394 39 säkerhetsmarginaler
1558 311 38 28 är

92 364 57 29 det
165 363 88 39 sörjt
267 363 55 30 för
337 365 50 28 att
401 363 112 29 under
526 362 141 30 nomala
682 362 246 30 förhållanden
943 362 178 29 överskott
1137 361 128 40 uppstå
1280 361 11 29 i
1306 361 164 30 rörelsen.
1487 361 109 30 Dessa

91 414 178 30 överskott
294 414 85 30 böra
403 432 45 3 —
473 413 152 39 alltjämt
653 413 111 29 under
791 412 160 30 normala
975 412 247 30 förhållanden
1246 430 44 3 —
1316 421 82 21 vara
1426 412 173 39 tillfyllest

91 464 56 30 för
169 466 49 28 att
239 466 157 38 gottgöra
415 464 209 30 utträdande
644 463 340 39 försäkringstagare
1003 464 102 29 deras
1125 463 239 30 vinstandelar
1385 463 86 29 även
1492 463 106 29 sedan

95 516 67 29 den
185 516 10 29 i
216 516 99 39 lagen
339 515 219 30 föreskrivna
580 514 245 39 avsättningen
847 514 52 30 till
922 514 314 30 säkerhetsfonden
1260 514 101 29 skett.
1385 513 218 39 Ogynnsam-

93 576 59 20 ma
170 566 211 39 verkningar
401 575 42 21 av
460 565 257 30 fluktuationer
733 565 11 28 i
763 565 313 29 rörelseresultatet
1095 564 122 30 kunna
1236 564 10 29 i
1267 565 71 28 stor
1356 563 246 38 utsträckning

88 618 206 39 förebyggas
315 625 124 32 genom
460 617 299 38 ändamålsenliga
780 617 110 38 regler
911 616 54 29 för
987 616 226 38 användning
1234 625 42 20 av
1297 614 299 40 utjämningsfon-

89 667 68 29 den
178 667 65 29 och
260 666 330 38 regleringsfonden.
610 666 116 29 Skulle
746 665 19 30 å
784 665 109 29 andra
913 665 98 29 sidan
1029 682 41 3 —
1089 664 44 37 på
1151 664 111 37 grund
1282 673 41 20 av
1344 673 42 20 en
1407 671 192 30 ogynnsam

90 718 202 39 utveckling
318 727 42 21 av
386 717 250 39 riskförloppet
662 734 44 3 —
733 716 443 38 säkerhetsmarginalerna
1201 715 75 30 visa
1305 715 51 39 sig
1382 714 76 30 icke
1486 714 110 30 förslå

91 770 53 29 till
172 770 66 28 den
265 769 208 38 återbäring,
506 777 74 20 som
607 768 187 29 förutsatts
820 767 12 29 i
859 767 41 30 de
929 767 172 29 stadfästa
1130 766 209 39 grunderna,
1368 766 64 29 har
1460 765 136 39 bolaget

93 820 189 40 självfallet
304 822 50 28 att
375 820 166 40 upprätta
560 819 66 29 och
649 819 85 29 söka
756 818 221 30 stadfästelse
999 818 19 29 å
1039 827 68 30 nya
1131 817 162 39 grunder.
1316 817 14 29 I
1352 826 42 20 en
1418 816 177 34 situation,

90 872 45 29 då
155 871 154 30 rörelsen
329 870 204 40 fortgående
552 869 181 31 utvecklar
754 869 50 39 sig
823 869 11 29 i
854 877 194 31 ogynnsam
1068 868 168 39 riktning,
1258 869 38 28 är
1316 867 280 30 motionärernas

91 922 181 30 uttalande
291 922 131 39 riktigt,
442 923 50 28 att
510 921 269 39 tillämpningen
799 930 42 20 av
860 919 375 40 skälighetsprincipen
1254 919 66 29 blir
1340 918 194 39 begränsad
1555 927 42 21 av

90 973 374 39 beräkningsreglerna
483 972 55 29 för
558 972 41 29 de
621 971 385 39 försäkringstekniska
1026 970 184 34 fonderna,
1231 970 11 29 i
1263 970 66 29 den
1350 969 246 39 utsträckning

90 1024 227 39 nedsättning
336 1033 43 20 av
396 1023 118 39 dylika
534 1023 126 29 fonder
679 1022 55 29 för
753 1022 197 38 tilldelning
970 1031 42 20 av
1031 1021 201 39 återbäring
1250 1021 53 29 till
1323 1021 41 29 de
1384 1020 211 29 utträdande

91 1076 30 38 ej
149 1076 38 29 är
210 1075 151 34 tillåten;
389 1074 109 30 sådan
521 1073 227 39 nedsättning
771 1083 42 20 av
840 1073 40 29 de
905 1072 163 30 tekniska
1093 1072 173 29 fonderna
1291 1072 38 28 är
1354 1071 30 38 ej
1413 1070 182 39 medgiven

90 1126 108 39 enligt
222 1125 234 40 lagförslaget.
479 1125 80 29 Men
582 1124 96 29 detta
701 1124 97 29 torde
823 1124 75 29 icke
922 1124 123 29 kunna
1068 1125 99 36 tagas
1191 1122 52 30 till
1267 1122 115 29 intäkt
1407 1121 55 30 för
1486 1121 110 30 kritik

90 1179 73 28 mot
189 1177 56 29 det
269 1177 11 28 i
305 1176 224 39 lagförslaget
554 1175 202 40 uppställda
780 1174 387 39 försäkringstekniska
1194 1174 175 38 systemet.
1397 1172 65 30 Det
1488 1172 108 29 fram-

92 1228 72 30 står
185 1228 151 29 tvärtom
360 1236 74 20 som
455 1226 169 38 naturligt
650 1228 50 27 att
721 1226 11 29 i
754 1226 56 29 det
832 1225 241 39 nyssnämnda
1096 1224 91 39 läget
1209 1224 191 30 omtanken
1423 1233 56 20 om
1502 1223 94 29 bola-

91 1281 73 37 gets
188 1278 263 39 konsolidering
474 1278 160 29 kommer
659 1277 10 28 i
695 1277 148 29 främsta
869 1278 162 27 rummet.
1059 1276 52 29 En
1137 1275 226 38 nedsättning
1388 1284 41 20 av
1456 1275 40 28 de
1522 1274 74 29 tek-

90 1330 104 29 niska
214 1329 172 30 fonderna
405 1328 98 30 torde
523 1328 10 29 i
553 1328 115 29 denna
690 1327 166 30 situation
876 1327 11 29 i
907 1326 90 40 regel
1018 1326 85 30 böra
1123 1326 184 29 undvikas.
1329 1325 79 30 Helt
1429 1325 166 29 uteslutet

91 1382 38 28 är
149 1380 106 30 likväl
274 1380 76 29 icke
370 1381 50 28 att
441 1379 11 29 i
472 1379 147 29 enstaka
639 1378 62 30 fall
722 1378 173 30 särskilda
914 1377 248 30 förhållanden
1182 1377 122 29 kunna
1324 1376 169 29 motivera
1513 1375 83 30 ned-

91 1431 156 38 sättning
270 1440 42 20 av
334 1430 116 39 någon
472 1429 142 29 teknisk
637 1429 96 29 fond.
758 1429 65 29 Om
847 1428 271 38 nedsättningen
1143 1428 98 38 göres
1264 1426 171 30 beroende
1460 1435 42 21 av
1526 1426 70 29 för-

91 1481 429 39 säkringsinspektionens
543 1479 229 39 medgivande
795 1479 98 29 torde
916 1478 78 29 häri
1017 1478 91 39 ligga
1135 1487 43 20 en
1200 1477 234 39 betryggande
1460 1476 136 39 garanti

90 1534 74 28 mot
186 1532 189 29 missbruk.
399 1531 176 29 Utskottet
598 1530 158 33 föreslår,
781 1531 49 28 att
854 1538 43 20 en
920 1529 244 29 bestämmelse
1189 1538 42 20 av
1256 1537 47 20 nu
1329 1527 147 39 angiven
1499 1527 97 29 inne-

90 1583 87 30 börd
205 1584 169 38 upptages
401 1582 11 28 i
440 1581 62 29 272
532 1580 15 37 $
577 1580 113 30 första
718 1581 144 38 stycket.
891 1580 64 29 Det
983 1579 58 30 må
1069 1579 170 39 tilläggas,
1270 1580 50 28 att
1349 1578 106 39 enligt
1485 1578 110 29 andra

91 1633 135 40 stycket
251 1633 11 29 i
286 1632 155 30 nämnda
466 1631 165 40 paragraf
656 1630 469 40 försäkringsinspektionen
1151 1631 80 38 äger
1257 1629 159 40 medgiva
1442 1630 153 29 nedsätt-

90 1685 85 38 ning
202 1693 42 21 av
275 1683 314 30 säkerhetsfonden
617 1682 55 29 för
701 1682 256 29 extraordinärt
986 1681 175 30 ändamål.

787 1774 62 30 266
872 1774 28 37 8.

135 1827 214 38 Paragrafen
376 1826 195 29 innehåller
599 1834 43 20 en
669 1825 186 29 definition
883 1833 42 21 av
952 1824 186 39 begreppet
1166 1824 317 38 utjämningsfond.
1512 1824 86 29 Där-

89 1877 81 29 med
189 1877 129 28 förstås
338 1876 86 29 fond
444 1885 74 19 som
537 1876 37 28 är
594 1875 129 29 avsedd
742 1875 54 29 för
815 1874 202 39 utjämning
1035 1875 11 28 i
1065 1874 399 39 livförsäkringsrörelse
1484 1884 42 20 av
1546 1874 52 29 så-

89 1928 93 28 dana
207 1927 221 38 ojämnheter
454 1926 11 28 i
490 1926 56 28 det
572 1925 230 29 ekonomiska
828 1925 185 39 förloppet,
1041 1933 74 21 som
1142 1924 146 29 härröra
1314 1934 43 20 av
1381 1924 180 39 växlingar
1587 1924 9 29 i

89 1977 187 38 dödlighet,
300 1976 192 39 sjuklighet
514 1976 83 29 eller
618 1975 206 29 invaliditet.

137 2028 13 29 I
177 2028 41 29 de
245 2027 224 39 likalydande
495 2026 221 29 motionerna
745 2026 28 29 1:
791 2026 59 29 271
881 2026 64 29 och
973 2025 44 29 II:
1034 2025 61 29 421
1126 2025 46 30 ha
1200 2025 168 39 påyrkats
1395 2024 92 30 vissa
1517 2024 84 29 änd-

88 2079 119 37 ringar
228 2079 11 28 i
258 2077 229 39 paragrafens
508 2077 209 37 avfattning.
739 2076 348 38 Ändringsyrkandet
1111 2075 293 39 sammanhänger
1425 2076 79 29 med
1525 2084 71 20 mo-

89 2128 221 29 tionärernas
336 2128 132 37 förslag
493 2136 55 19 om
576 2135 44 20 en
647 2126 150 29 särskild
825 2126 308 38 utjämningsfond
1160 2126 54 30 för
1241 2126 96 38 varje
1364 2125 233 39 försäkrings-

89 2185 94 31 gren.
208 2178 185 33 Utskottet,
418 2186 74 20 som
515 2177 217 28 härutinnan
755 2177 55 28 får
832 2176 147 29 hänvisa
1001 2176 52 29 till
1076 2176 66 29 vad
1166 2185 74 20 som
1264 2176 136 29 anförts
1423 2176 55 29 vid
1503 2176 41 28 66
1569 2175 27 37 8,

89 2229 65 27 har
174 2228 118 28 funnit
314 2228 50 37 sig
384 2227 75 29 icke
479 2227 122 28 kunna
622 2226 137 29 biträda
779 2227 93 28 detta
893 2226 141 38 förslag.
1055 2226 65 28 Vid
1143 2226 124 29 sådant
1287 2226 220 29 förhållande
1527 2226 70 28 kan

89 2278 31 37 ej
146 2278 108 28 heller
276 2277 229 29 förevarande
528 2276 326 38 ändringsyrkande
878 2285 42 20 av
941 2276 170 28 utskottet
1134 2276 205 38 tillstyrkas.

134 2328 227 28 Beträffande
386 2326 436 39 begreppsbestämningen
847 2326 10 28 i
880 2326 210 39 paragrafen
1115 2325 64 29 har
1202 2326 11 28 i
1237 2327 48 27 ett
1309 2325 288 39 remissyttrande

91 2378 193 33 anmärkts,
304 2379 49 27 att
372 2377 250 37 livförsäkring
639 2376 11 28 i
670 2376 117 38 lagens
806 2376 141 37 mening
965 2375 186 30 baserades
1168 2375 131 39 jämväl
1318 2375 45 39 på
1382 2376 108 29 andra
1510 2375 88 29 risk-

90 2428 89 29 mått
198 2428 43 29 än
260 2429 40 28 de
319 2428 10 28 i
348 2427 231 29 definitionen
597 2427 160 38 angivna,
777 2426 115 30 såsom
912 2425 460 39 giftermålssannolikheter
1389 2426 64 29 och
1472 2425 126 40 pupill-
