1858 2782
254 144 60 31 132
642 141 123 30 Första
786 139 247 40 lagutskottets
1055 136 181 31 utlåtande
1256 146 43 20 nr
1319 135 52 30 34.

395 225 144 41 (Kungl.
560 225 126 40 Maj:ts
705 224 169 40 förslag:)
1176 223 213 35 (Utskottets
1409 222 169 41 förslag:)

352 312 52 30 Ill.
449 311 67 31 Om
539 310 373 41 försäkringsfonden
934 310 70 30 och
1027 310 131 39 övriga
1180 309 170 30 tekniska
1372 308 134 30 fonder
1527 306 43 32 så
1592 308 71 30 ock

589 370 60 22 om
673 360 166 41 grunder
860 360 60 30 för
941 358 483 41 försäkringsverksamhet.

952 442 63 30 262
1037 441 29 38 8.

303 512 14 29 1
344 521 105 20 mom.
475 511 13 30 I
513 510 342 40 försäkringsbolags
881 509 277 39 balansräkning
1183 508 89 30 skall
1297 507 116 31 såsom
1440 507 104 30 skuld
1570 506 112 30 under
1708 505 56 30 be-

256 562 214 39 nämningen
488 561 309 40 försäkringsfond
818 562 172 39 upptagas
1009 560 122 30 värdet
1149 558 237 40 balansdagen
1405 567 42 21 av
1464 557 157 40 bolagets
1642 564 123 22 ansva-

256 613 112 39 righet
390 613 44 40 på
456 612 113 40 grund
591 621 43 22 av

301 663 73 30 dels
396 663 192 30 inträffade
610 662 284 39 försäkringsfall
920 659 380 41 (ersättningsreserv),

302 714 74 31 dels
400 714 150 40 löpande
567 714 242 39 försäkringar
832 713 300 41 (premiereserv),

302 764 74 30 dels
394 764 76 36 ock,
492 764 63 30 där
575 763 154 30 rörelsen
750 772 100 21 avser
869 763 261 39 livförsäkring,
1149 762 156 31 tilldelad
1326 763 209 39 återbäring.

303 814 171 31 Tilldelad
502 814 211 39 återbäring,
742 823 75 21 som
843 813 150 31 förfallit
1021 814 54 30 till
1102 814 188 39 betalning,
1319 813 89 31 skall
1436 814 96 30 föras
1560 813 54 31 till
1644 814 123 30 ersätt-

259 865 276 39 ningsreserven.

304 916 20 29 2
346 925 104 20 mom.
475 916 98 30 Hava
599 915 59 31 två
679 915 83 30 eller
787 915 89 30 flera
899 914 333 40 försäkringsbolag,
1259 924 75 21 som
1358 914 107 40 enligt
1489 915 116 30 denna
1628 914 56 40 lag
1707 914 60 29 äro

260 966 213 39 berättigade
497 968 51 28 att
571 966 99 30 driva
692 965 362 39 försäkringsrörelse,
1079 966 169 39 övertagit
1272 965 201 39 försäkring
1496 965 112 30 under
1632 972 137 32 gemen-

261 1026 75 20 sam
355 1017 223 39 ansvarighet
596 1026 44 21 en
657 1017 55 30 för
732 1016 69 31 alla
819 1017 66 29 och
903 1016 67 30 alla
990 1016 55 30 för
1064 1025 54 25 en,
1139 1025 81 21 vare
1241 1018 48 28 ett
1306 1018 77 28 vart
1401 1025 42 21 av
1462 1016 146 39 bolagen
1627 1015 141 40 pliktigt

261 1069 50 28 att
329 1068 83 39 göra
427 1067 202 40 avsättning
646 1067 53 30 till
715 1067 307 39 försäkringsfond
1041 1067 148 30 allenast
1205 1067 56 29 för
1277 1066 38 31 så
1332 1068 71 29 stor
1420 1066 55 30 del
1493 1076 42 21 av
1552 1066 217 38 försäkring-

261 1126 43 21 en
325 1127 85 25 som,
430 1118 108 39 enligt
560 1118 93 30 avtal
673 1117 129 30 mellan
823 1117 156 40 bolagen,
999 1117 140 40 belöper
1158 1117 46 40 på
1225 1117 57 30 det
1304 1117 146 39 bolaget.

957 1201 63 31 263
1041 1201 29 37 8.

306 1270 50 30 De
379 1270 11 29 i
414 1270 19 30 9
460 1270 16 37 8
504 1270 113 30 första
640 1270 133 39 styeket
796 1269 66 31 och
888 1269 61 31 173
975 1269 16 37 8
1017 1269 113 30 första
1154 1269 134 39 stycket
1312 1268 234 30 omförmälda
1570 1267 200 40 grunderna

264 1320 99 30 skola
387 1330 79 21 avse
492 1323 51 28 att
568 1321 122 38 trygga
716 1320 155 39 bolagets
895 1320 159 39 förmåga
1082 1321 51 29 att
1157 1319 74 30 dels
1254 1319 152 39 fullgöra
1431 1319 77 30 sina
1532 1318 239 40 förpliktelser

263 1371 107 39 enligt
390 1371 178 39 ingångna
588 1370 326 39 försäkringsavtal,
934 1370 74 30 dels
1027 1370 128 30 bereda
1173 1370 202 39 försäkring
1396 1369 53 30 till
1469 1378 43 21 en
1532 1369 81 30 med
1632 1369 139 38 hänsyn

263 1422 53 29 till
339 1422 266 39 försäkringens
626 1425 54 28 art
702 1421 112 40 skälig
833 1421 162 30 kostnad.

309 1472 131 30 Finnas
458 1473 202 38 grunderna
679 1473 76 29 icke
773 1472 120 39 längre
914 1472 86 39 fylla
1019 1472 57 30 det
1097 1471 151 30 avsedda
1267 1470 209 34 ändamålet,
1496 1470 110 39 åligge
1626 1470 57 30 det
1703 1471 69 37 sty-

264 1523 114 30 relsen
399 1523 65 30 och
483 1523 259 30 verkställande
762 1522 202 30 direktören
984 1524 51 28 att
1056 1524 87 28 utan
1165 1521 170 39 dröjsmål
1355 1521 210 30 föranstalta
1585 1530 58 20 om
1664 1520 109 31 erfor-

264 1574 110 39 derlig
395 1574 149 39 ändring
567 1583 42 21 av
633 1574 209 38 grunderna.

963 1623 63 30 264
1048 1623 28 37 8.

312 1684 15 29 1
359 1693 105 20 mom.
494 1683 208 30 Grunderna
732 1683 56 30 för
817 1682 195 40 beräkning
1041 1692 43 20 av
1112 1681 372 41 försäkringspremier
1518 1680 256 41 (premiegrun-

264 1734 126 34 derna)
418 1734 65 30 och
506 1734 251 39 premiereserv
784 1732 487 40 (premiereservgrunderna)
1297 1732 56 30 för
1374 1730 400 39 livförsäkringsrörelse

267 1785 99 30 skola
388 1785 179 29 innehålla
589 1784 222 39 antaganden
833 1784 148 29 rörande
1003 1783 179 39 dödlighet
1205 1783 64 29 och
1292 1783 110 29 andra
1424 1782 175 34 riskmått,
1621 1781 154 29 räntefot

267 1837 91 28 samt
379 1835 261 30 omkostnader.
662 1835 207 30 Grunderna
892 1834 59 30 må
970 1834 76 34 ock,
1071 1834 63 29 där
1156 1833 38 30 så
1216 1833 117 30 finnes
1355 1832 303 39 ändamålsenligt,
1679 1831 97 29 inne-

267 1886 94 30 hålla
381 1886 223 29 föreskrifter
626 1895 56 20 om
705 1885 174 30 särskilda
902 1884 313 39 säkerhetstillägg.

312 1937 253 38 Antagandena
593 1936 149 30 rörande
767 1935 179 40 dödlighet
971 1935 66 30 och
1064 1935 111 30 andra
1200 1934 174 34 riskmått,
1403 1933 154 30 räntefot
1583 1935 91 28 samt
1703 1942 73 21 om-

269 1988 190 30 kostnader
482 1987 100 30 skola
602 1987 113 39 väljas
738 1987 47 34 så,
808 1988 51 29 att
880 1987 42 29 de
943 1987 122 29 kunna
1089 1995 102 21 anses
1212 1987 77 28 vart
1312 1986 55 29 för
1390 1985 51 39 sig
1462 1985 234 39 betryggande
1719 1984 56 29 för

268 2038 68 28 den
358 2039 54 28 art
434 2046 42 21 av
499 2036 352 39 försäkringsrörelse
874 2045 121 21 varom
1019 2035 100 40 fråga
1144 2036 53 34 är;
1223 2035 88 30 dock
1334 2035 59 30 må
1419 2034 173 30 avvikelse
1615 2033 161 30 härifrån

270 2088 60 30 ske
357 2088 11 29 i
392 2088 67 29 den
484 2088 84 29 mån
593 2087 12 29 i
630 2087 199 39 grunderna
852 2086 170 40 ingående
1049 2086 222 30 föreskrifter
1296 2095 58 20 om
1381 2085 172 30 särskilda
1581 2084 196 30 säkerhets-

272 2139 120 40 tillägg
411 2138 184 31 föranleda
615 2138 128 31 därtill.

315 2190 20 29 2
365 2198 106 21 mom.
500 2188 458 40 Premiereservgrunderna
985 2187 99 30 skola
1112 2196 84 21 vara
1226 2186 38 31 så
1292 2186 187 34 avfattade,
1508 2188 50 28 att
1585 2186 59 30 vid
1671 2194 106 21 envar

270 2240 167 39 tidpunkt
460 2239 296 39 premiereserven
779 2239 102 38 utgör
905 2238 198 30 skillnaden
1128 2237 129 30 mellan
1279 2236 255 40 kapitalvärdet
1558 2246 42 20 av
1623 2236 155 37 bolagets

271 2291 168 30 framtida
460 2290 146 39 utgifter
627 2290 56 30 för
702 2290 149 40 löpande
872 2289 242 39 försäkringar
1135 2288 65 30 och
1222 2287 256 40 kapitalvärdet
1501 2296 42 21 av
1563 2287 42 30 de
1628 2286 151 40 premier

272 2341 135 39 bolaget
430 2341 58 30 må
511 2341 91 30 hava
626 2343 50 28 att
697 2340 201 39 ytterligare
920 2339 159 40 uppbära
1102 2339 56 30 för
1181 2339 101 30 dessa
1306 2338 252 39 försäkringar,
1584 2337 92 30 ökad
1699 2336 79 30 med

272 2392 58 29 det
355 2392 134 40 belopp,
519 2401 76 21 som
623 2401 102 21 anses
750 2390 221 40 erforderligt
996 2390 55 30 för
1078 2390 165 30 mötande
1270 2399 41 20 av
1338 2389 126 30 förlust
1493 2396 123 31 genom
1643 2387 136 31 försäk-

274 2442 136 40 ringars
439 2443 231 40 upphörande
700 2442 11 30 i
741 2442 118 30 förtid.
888 2441 72 30 Där
987 2440 333 41 premiegrunderna
1348 2440 178 29 innehålla
1557 2439 222 30 föreskrifter

274 2502 57 20 om
357 2494 173 30 särskilda
555 2492 313 40 säkerhetstillägg,
895 2492 99 30 skola
1019 2491 451 41 premiereservgrunderna
1496 2490 125 39 angiva
1645 2490 45 40 på
1714 2488 66 30 vad
