2222 2624
745 157 273 31 Lankvutsivuttets
1043 158 161 30 utlåtande
1229 158 51 30 Nr
1305 161 49 28 46.
1765 159 37 30 15

372 234 70 34 Til
473 236 82 35 stöd
588 236 55 34 för
673 235 156 37 berörda
858 235 223 36 hemställan
1110 236 169 35 anföres:

375 301 129 33 >Under
526 303 204 40 åberopande
755 314 41 20 av
819 303 170 32 närslutna
1011 303 193 40 handlingar
1228 304 10 30 i
1263 304 142 31 avskrift
1428 304 51 31 får
1499 305 59 40 jag
1576 305 133 31 härmed
1727 305 119 32 föreslå

240 344 173 41 riksdagen
449 348 50 29 att
532 346 121 40 bevilja
688 347 174 32 understöd
896 347 78 31 eller
998 347 132 40 pension
1154 349 36 29 åt
1213 347 108 32 änkan
1344 348 83 31 efter
1450 348 21 31 f.
1497 348 28 32 d.
1551 348 211 32 artilleristen
1786 349 60 31 och

241 388 217 32 skomakaren
493 390 52 30 vid
573 390 109 39 kungl.
709 390 169 31 Smålands
903 390 326 41 artilleriregemente
1254 391 35 31 O.
1316 391 193 38 Andersson,
1535 391 51 32 fru
1612 392 111 31 Elvira
1746 392 98 32 Fred-

241 431 71 32 rika
336 432 185 31 Andersson
545 432 10 31 i
578 432 196 41 Jönköping.

372 475 185 32 Andersson
580 475 133 41 började
737 487 70 21 som
831 475 170 33 artillerist
1024 476 55 31 vid
1102 478 204 37 regementet
1329 477 60 31 den
1413 478 41 30 30
1477 478 178 31 november
1681 478 81 30 1875
1785 478 60 31 och

240 518 66 31 fick
330 518 60 31 den
415 520 40 30 30
480 519 175 31 november
681 520 81 30 1887
788 520 123 31 avsked
935 520 71 31 med
1031 519 135 36 vitsord,
1191 522 52 29 att
1265 520 65 31 han
1353 520 50 40 sig
1426 522 109 38 troget
1551 521 59 31 och
1629 521 147 31 utmärkt
1791 522 54 30 väl

240 562 156 31 förhållit.
432 562 152 32 Därefter
607 562 59 32 har
690 563 185 31 Andersson
900 564 174 31 oavbrutet
1095 564 194 40 tjänstgjort
1305 574 68 21 som
1391 564 149 32 arbetare
1557 564 54 31 vid
1627 565 219 39 nyssnämnda

242 607 204 38 regementes
481 606 392 39 skomakariverkstäder,
909 607 101 31 därav
1048 608 37 30 15
1114 608 37 30 år
1174 617 70 21 som
1268 607 409 39 verkstadsföreståndare,
1703 608 60 32 och
1786 619 60 21 var

240 649 65 32 han
328 650 84 31 intill
437 650 38 31 de
498 650 82 31 sista
603 650 145 40 dagarna
771 650 70 32 före
864 650 50 31 sin
938 651 71 36 död,
1034 661 69 22 som
1127 651 172 31 inträffade
1323 651 60 32 den
1407 652 39 31 21
1469 651 131 42 januari
1627 653 92 38 1917,
1744 652 10 31 i
1771 652 75 32 fullt

243 694 112 31 arbete
378 693 54 31 vid
456 696 202 38 regementet
680 695 72 31 med
777 704 38 22 en
839 694 203 41 timpenning
1065 705 41 21 av
1130 696 41 30 36
1197 699 64 27 öre.

370 737 128 40 Frågan
530 748 53 20 om
611 738 135 40 pension
769 739 35 30 åt
827 738 108 31 änkan
958 738 112 31 Elvira
1094 738 158 32 Fredrika
1274 738 186 32 Andersson
1483 738 60 32 har
1565 738 141 41 tidigare
1728 749 117 30 genom

240 782 152 29 översten
415 781 61 31 och
499 780 115 32 chefen
637 781 51 31 för
711 781 110 40 kungl.
847 781 169 32 Smålands
1040 781 325 40 artilleriregemente
1383 781 125 41 Ludvig
1524 782 38 31 R.
1579 782 267 32 Hammarskiöld

239 822 212 32 underställts
484 823 119 40 Kungl.
639 824 111 41 Maj:ts
785 824 169 40 prövning,
989 835 72 21 men
1096 825 73 31 blev
1200 825 42 31 då
1266 825 163 40 avslagen.
1476 825 119 32 Skälen
1619 826 113 31 härför
1754 827 91 31 torde

238 866 130 40 framgå
403 877 41 21 av
476 869 49 29 ett
559 870 79 28 utav
670 867 350 41 arméförvaltningens
1043 867 433 42 intendenturdepartement
1499 869 62 31 den
1585 870 41 30 23
1649 880 88 20 mars
1764 870 80 31 1917

240 909 133 40 avgivet
396 910 167 32 utlåtande
587 915 78 27 över
688 911 232 39 ansökningen.
957 911 61 31 Vid
1043 911 200 41 avgivandet
1259 923 41 20 av
1316 912 251 40 ifrågavarande
1583 913 154 40 yttrande
1753 913 92 32 torde

239 954 182 32 emellertid
454 954 242 33 vederbörande
723 954 87 32 hava
832 954 154 32 förbisett
1008 955 78 32 eller
1110 955 100 32 också
1233 955 74 33 icke
1330 956 194 40 tillräckligt
1548 956 144 40 beaktat,
1717 958 51 30 att
1790 957 54 31 be-

239 998 106 31 mälde
379 997 36 33 O.
451 998 187 32 Andersson
673 999 117 32 avlidit
821 999 42 41 på
886 999 103 40 grund
1014 1009 40 21 av
1078 999 160 41 sjukdom,
1263 1010 69 21 som
1355 999 64 32 han
1443 999 130 42 ådragit
1596 1000 51 41 sig
1670 1001 100 31 under
1793 1002 51 30 ut-

240 1041 126 32 övande
390 1052 41 21 av
454 1042 50 32 sin
527 1042 104 40 tjänst
653 1042 55 32 vid
732 1044 212 39 regementet.
978 1043 100 32 Detta
1093 1044 147 39 framgår
1255 1043 121 41 tydligt
1392 1054 41 21 av
1449 1044 396 41 regementsintendenten

238 1085 74 31 Nils
336 1085 120 33 Gustaf
475 1085 173 40 Carlborgs
672 1086 10 31 i
707 1086 141 32 avskrift
871 1086 152 41 bifogade
1046 1086 102 42 intyg.
1174 1087 65 32 Det
1254 1098 60 21 var
1330 1087 162 41 nämligen
1510 1088 100 32 under
1626 1099 39 21 en
1677 1089 167 31 kommen-

239 1129 112 40 dering
386 1140 40 21 av
462 1132 202 38 regementet
686 1130 51 32 till
762 1141 105 21 annan
891 1130 96 41 plats,
1011 1141 68 21 som
1105 1131 187 32 Andersson
1315 1131 194 33 beordrades
1533 1134 51 30 att
1606 1132 155 42 medfölja
1784 1132 60 32 och

240 1172 42 32 då
306 1173 99 31 under
427 1173 207 41 synnerligen
657 1175 98 30 svåra
778 1174 398 32 väderleksförhållanden
1201 1174 61 32 och
1285 1175 10 31 i
1319 1186 39 21 en
1382 1175 208 41 synnerligen
1613 1176 97 40 dålig,
1734 1176 110 41 provi-

238 1216 107 32 sorisk
379 1217 152 31 verkstad
560 1217 64 31 fick
649 1218 110 31 utföra
781 1218 59 31 siit
863 1218 112 31 arbete
999 1217 51 32 för
1073 1220 219 39 regementets
1316 1219 147 40 räkning,
1488 1230 70 21 som
1582 1220 65 31 han
1671 1220 101 40 ådrog
1794 1218 52 42 sig

239 1260 61 32 den
334 1259 159 41 sjukdom,
528 1260 148 32 varifrån
711 1261 65 31 han
810 1261 106 40 aldrig
938 1261 107 32 kunde
1069 1262 188 32 återhämta
1277 1262 59 41 sig.
1384 1262 141 32 Särskilt
1548 1263 73 32 med
1644 1263 126 41 hänsyn
1793 1263 52 32 till

238 1304 221 40 nyssnämnda
492 1303 203 44 förhållande
728 1304 61 32 och
814 1304 100 32 under
938 1305 203 41 åberopande
1165 1317 41 20 av
1230 1306 124 31 änkans
1377 1308 91 30 stora
1492 1306 105 32 behov
1620 1317 41 21 av
1685 1307 98 41 hjälp,
1808 1311 37 27 är

239 1346 56 32 det
328 1357 70 21 som
429 1347 59 40 jag
521 1347 115 32 tillåtit
668 1347 68 41 mig
758 1348 185 41 framlägga
965 1348 101 32 saken
1090 1349 51 31 för
1164 1349 184 40 riksdagen.
1395 1349 69 32 Den
1487 1349 141 41 tidigare
1650 1350 51 32 till
1724 1350 118 40 Kungl.

238 1390 96 42 Maj:t
355 1391 116 41 gjorda
493 1390 285 42 framställningen
801 1392 73 31 blev
898 1392 100 32 också
1022 1403 41 21 av
1086 1392 409 42 arméfördelningschefen
1517 1393 194 42 tillstyrkt.»

369 1479 237 36 Beträffande
646 1479 63 37 vid
752 1480 193 36 motionen
987 1480 138 48 fogade
1167 1481 111 49 intyg
1305 1481 57 36 får
1390 1481 184 37 utskottet
1602 1482 158 37 hänvisa
1787 1482 57 36 till

240 1531 205 36 motionen.

360 1634 52 36 På
453 1634 187 37 anmodan
683 1648 47 23 av
764 1636 273 36 statskontoret
1070 1636 69 36 har
1167 1636 411 49 arméförvaltningens
1608 1637 232 37 intendents-

240 1687 261 48 departement
529 1687 11 35 i
569 1687 154 48 avgivet
751 1688 180 47 yttrande
959 1688 139 36 anfört:

374 1767 13 16 »
393 1754 58 33 Uti
475 1755 215 40 underdånigt
712 1756 154 40 yttrande
889 1756 61 32 den
974 1757 41 31 23
1039 1767 87 21 mars
1164 1758 79 30 1917
1267 1757 11 31 i
1302 1757 173 40 anledning
1498 1768 41 21 av
1563 1768 39 22 en
1626 1759 79 31 utav
1728 1758 114 33 chefen

238 1798 52 32 för
312 1798 136 32 berörda
472 1801 185 38 regemente
680 1799 94 41 gjord
798 1800 200 41 underdånig
1020 1800 242 42 framställning
1285 1811 50 21 om
1362 1801 202 33 utverkande
1588 1812 42 21 av
1652 1802 135 41 pension
1807 1803 35 31 åt

239 1842 148 32 bemälda
421 1843 85 31 änka
529 1843 193 32 hemställde
746 1843 456 42 intendentsdepartementet,
1226 1855 68 22 som
1320 1845 129 41 ansåge,
1475 1848 51 30 att
1549 1846 61 32 den
1634 1846 206 41 anställning,

238 1886 188 32 Andersson
459 1886 55 32 vid
548 1889 203 38 regementet
785 1887 157 36 innehaft,
976 1888 73 32 icke
1082 1888 89 33 varit
1203 1899 41 21 av
1274 1889 101 32 sådan
1397 1891 107 36 natur,
1530 1892 51 30 att
1603 1892 110 30 staten
1736 1890 106 32 kunde

239 1940 95 22 anses
368 1930 85 31 hava
487 1930 375 42 underhållsskyldighet
896 1934 79 39 gent
1008 1934 88 30 emot
1129 1932 82 32 hans
1243 1932 234 33 efterlämnade
1501 1934 95 35 änka,
1621 1934 73 32 med
1716 1933 127 42 hänsyn

236 1973 125 42 jämväl
394 1973 119 40 därtill,
550 1977 50 29 att
632 1977 49 29 ett
705 1975 90 32 bifall
819 1975 50 32 till
894 1976 283 40 framställningen
1200 1976 169 41 lätteligen
1392 1977 105 32 skulle
1521 1977 147 32 medföra
1690 1977 152 33 liknande

240 2018 219 40 ansökningar
492 2018 73 32 från
600 2019 101 31 andra
735 2019 76 39 håll,
841 2021 51 30 att
915 2020 224 41 ansökningen
1162 2020 73 32 icke
1258 2021 103 31 måtte
1385 2020 50 32 till
1458 2021 108 41 någon
1589 2021 118 41 Kungl.
1731 2022 111 41 Maj:ts

240 2062 115 40 ätgärd
379 2061 176 33 föranleda.

370 2105 105 32 Sedan
497 2105 240 32 statskontoret
760 2105 127 42 avgivit
911 2107 166 32 utlåtande
1100 2107 11 32 i
1135 2107 144 39 ärendet,
1303 2107 78 33 fann
1403 2107 118 41 Kungl.
1548 2108 95 42 Maj:t
1666 2108 100 32 under
1781 2109 61 31 den

239 2150 20 30 4
283 2149 64 41 maj
378 2150 77 31 1917
481 2149 282 41 framställningen
787 2150 72 32 icke
883 2150 167 33 föranleda
1076 2152 108 40 någon
1207 2152 118 40 Kungl.
1350 2152 110 41 Maj:ts
1483 2152 113 32 vidare
1620 2153 125 41 åtgärd.

371 2193 204 32 Beträffande
610 2194 186 32 Andersson
830 2194 61 32 har
914 2195 47 32 uti
985 2195 164 32 motionen
1173 2195 176 42 uppgivits,
1374 2199 51 29 att
1448 2195 64 33 han
1536 2196 116 32 avlidit
1674 2197 42 41 på
1739 2196 103 41 grund

240 2247 42 21 av
304 2236 149 42 sjukdom
489 2237 221 42 (förkylning),
745 2249 69 21 som
848 2237 66 34 han
945 2239 104 32 skulle
1082 2240 87 32 hava
1193 2240 129 41 ådragit
1344 2239 51 42 sig
1417 2240 101 32 under
1541 2241 163 32 utövande
1727 2251 41 21 av
1791 2240 50 32 sin

1868 1648 188 30 Arméförvalt-

1859 1682 111 32 ningens
1987 1682 82 25 inten-

1867 1718 98 23 dent:d.
1973 1720 85 28 parte-

1912 1754 78 22 ment.
