1906 2776
299 130 18 30 6
674 129 284 31 Statsutskottets
975 130 178 30 utlåtande
1169 139 43 21 nr
1228 130 41 29 85
1285 130 39 30 år
1341 130 83 30 1960

971 456 60 40 Nr
1056 456 50 41 85

525 556 184 30 Utlåtande
738 556 11 30 i
776 556 189 41 anledning
992 566 43 21 av
1062 557 127 40 Kungl.
1218 557 125 39 Maj:ts
1371 558 217 39 proposition
1618 558 178 40 angående

744 607 157 40 Sveriges
931 607 204 40 anslutning
1167 608 52 29 till
1248 608 286 30 Internationella
1566 608 231 40 utvecklings-

743 657 131 40 fonden
904 658 127 35 (IDA).

1557 709 74 35 (5:e
1655 709 93 35 avd.)

348 810 12 29 I
380 809 264 39 propositionen
665 819 42 19 nr
730 809 60 30 105
811 810 65 29 har
896 810 125 39 Kungl.
1042 810 116 39 Maj:t,
1179 811 113 29 under
1312 810 220 40 åberopande
1554 821 42 20 av
1616 811 108 39 bilagt
1745 812 54 28 ut-

303 858 84 40 drag
405 868 43 20 av
467 858 383 40 statsrådsprotokollet
867 860 81 29 över
965 859 276 31 finansärenden
1259 860 56 30 för
1332 860 68 30 den
1421 861 37 29 11
1479 869 96 21 mars
1593 861 94 35 1960,
1708 860 89 30 före-

304 908 100 39 slagit
429 908 188 40 riksdagen
640 911 52 28 att
716 909 73 30 dels
813 909 210 40 bemyndiga
1045 910 127 39 Kungl.
1197 910 106 40 Maj:t
1329 912 51 28 att
1402 911 141 39 vidtaga
1568 911 42 30 de
1636 911 161 39 åtgärder

305 968 73 20 som
397 959 178 31 erfordras
592 960 56 30 för
665 960 155 39 Sveriges
839 960 204 40 anslutning
1059 961 54 30 till
1131 961 287 30 Internationella
1434 961 363 40 utvecklingsfonden,

303 1009 72 30 dels
398 1010 182 39 uppdraga
601 1010 35 30 åt
657 1010 216 31 riksbanken
894 1013 50 28 att
965 1011 197 40 tjänstgöra
1185 1011 115 30 såsom
1323 1011 324 40 förbindelseorgan
1668 1012 130 29 mellan

304 1060 150 30 svenska
477 1062 114 28 staten
615 1061 65 30 och
706 1061 285 30 Internationella
1015 1062 361 39 utvecklingsfonden,
1403 1062 73 30 dels
1502 1062 65 29 ock
1591 1062 53 30 till
1671 1062 127 39 Bidrag

304 1109 51 30 till
376 1110 286 31 Internationella
683 1112 351 39 utvecklingsfonden
1056 1112 55 31 för
1131 1112 206 39 budgetåret
1360 1113 147 36 1960/61
1533 1112 112 30 under
1666 1112 132 30 fonden

287 1161 71 29 «för
379 1160 273 31 låneunderstöd
674 1162 122 30 anvisa
819 1165 48 27 ett
887 1162 355 40 investeringsanslag
1264 1172 42 21 av
1331 1163 39 30 12
1385 1163 62 30 006
1463 1163 62 30 000
1547 1163 141 31 kronor.

347 1263 13 29 I
379 1262 264 40 propositionen
662 1262 157 36 föreslås,
839 1266 51 27 att
909 1264 189 39 riksdagen
1116 1264 109 30 måtte
1244 1264 211 39 bemyndiga
1474 1265 126 39 Kungl.
1620 1264 108 39 Maj:t
1747 1266 51 28 att

303 1312 141 40 vidtaga
463 1313 43 29 de
526 1312 170 40 åtgärder,
719 1323 75 21 som
814 1313 178 31 erfordras
1011 1314 55 30 för
1088 1314 155 40 Sveriges
1264 1315 205 39 anslutning
1489 1314 52 30 till
1562 1323 43 21 en
1626 1324 46 30 ny
1691 1314 107 30 inter-

303 1363 166 30 nationell
494 1364 462 40 finansieringsinstitution,
982 1366 285 30 Internationella
1291 1365 352 40 utvecklingsfonden
1672 1364 126 35 (IDA).

303 1413 143 29 Fonden
461 1413 66 30 har
541 1413 52 30 till
610 1414 140 39 uppgift
766 1416 50 28 att
839 1414 5 30 i
861 1415 87 29 nära
963 1415 209 30 samverkan
1189 1415 79 30 med
1286 1415 266 31 Världsbanken
1570 1415 133 39 främja
1718 1415 80 29 eko-

303 1462 140 31 nomisk
463 1464 200 40 utveckling
684 1465 66 29 och
772 1465 68 30 öka
860 1465 299 39 produktiviteten
1180 1466 11 29 i
1213 1465 136 30 mindre
1372 1466 207 29 utvecklade
1599 1466 123 29 länder
1744 1473 54 31 ge-

303 1521 83 21 nom
405 1515 51 29 att
476 1513 269 32 tillhandahålla
764 1515 133 40 kapital
918 1515 45 40 på
983 1515 212 40 förmånliga
1215 1516 136 30 villkor.
1373 1516 66 30 Det
1460 1515 157 35 föreslås,
1638 1518 51 28 att
1709 1516 90 29 riks-

303 1563 111 40 dagen
434 1564 108 30 måtte
563 1565 55 30 för
639 1565 200 31 ändamålet
857 1566 122 30 anvisa
999 1568 49 28 ett
1066 1566 356 40 investeringsanslag
1442 1576 42 20 av
1506 1567 39 29 12
1560 1566 63 31 006
1637 1566 63 31 000
1719 1566 79 30 kro-

303 1624 62 21 nor
385 1619 90 27 samt
494 1618 49 28 att
562 1617 34 30 åt
614 1617 213 31 riksbanken
847 1618 193 37 uppdrages
1061 1620 48 29 att
1129 1618 193 38 tjänstgöra
1343 1618 115 30 såsom
1478 1617 320 39 förbindelseorgan

303 1664 128 30 mellan
458 1666 150 29 svenska
634 1667 115 29 staten
775 1666 65 30 och
867 1666 362 40 utvecklingsfonden.

347 1716 13 29 I
385 1716 101 39 fråga
510 1725 57 21 om
590 1716 255 39 motiveringen
871 1716 56 31 för
951 1716 166 40 förslaget
1142 1717 129 30 tiliåter
1298 1717 52 40 sig
1374 1718 171 29 utskottet
1571 1717 149 30 hänvisa
1746 1717 51 29 till

304 1766 392 40 statsrådsprotokollet.

346 1867 186 30 Utskottet.
553 1868 126 39 Kungl.
701 1868 124 40 Maj:ts
846 1868 12 30 i
880 1868 229 30 förevarande
1130 1869 217 39 proposition
1368 1869 197 39 framlagda
1585 1868 132 40 förslag
1737 1877 61 21 an-

302 1917 131 39 gående
453 1918 163 39 åtgärder
636 1918 57 30 för
716 1919 155 39 Sveriges
892 1919 204 39 anslutning
1118 1919 53 30 till
1193 1919 287 30 internationella
1500 1918 298 40 utvecklingsfon-

301 1968 68 30 den
390 1968 112 35 (IDA)
522 1968 200 31 föranleder
736 1969 73 30 inte
824 1969 115 39 någon
954 1969 142 30 erinran
1112 1969 82 30 från
1209 1970 189 29 utskottets
1416 1969 85 31 sida.
1520 1969 13 30 I
1549 1969 153 40 enlighet
1718 1969 80 30 här-

301 2019 78 29 med
400 2019 203 30 hemställer
623 2019 182 36 utskottet,

652 2071 52 29 att
725 2070 190 40 riksdagen
935 2070 60 31 må

654 2121 37 35 a)
719 2120 211 40 bemyndiga
952 2121 126 39 Kungl.
1103 2121 106 40 Maj:t
1233 2123 51 28 att
1306 2121 142 40 vidtaga
1469 2121 42 30 de
1536 2120 162 40 åtgärder
1721 2129 76 21 som

610 2170 178 31 erfordras
807 2171 55 31 för
882 2172 154 39 Sveriges
1056 2171 205 40 anslutning
1279 2171 52 30 till
1352 2171 286 30 Internationella
1656 2171 142 30 utveck-

604 2221 241 40 lingsfonden;

653 2272 39 35 b)
722 2272 183 40 uppdraga
930 2273 35 29 åt
988 2272 215 30 riksbanken
1228 2274 51 29 att
1303 2272 197 40 tjänstgöra
1524 2271 116 31 såsom
1665 2272 133 30 förbin-

610 2322 205 40 delseorgan
845 2323 130 30 mellan
1006 2323 149 30 svenska
1186 2324 113 29 staten
1330 2323 65 30 och
1427 2322 286 31 Internationella
1743 2324 54 27 ut-

608 2373 327 40 vecklingsfonden;
