1894 2810
307 162 104 27 Första
436 163 181 25 kammarens
644 161 127 26 andra
797 159 146 34 tillfälliga
969 160 124 26 utskotts
1120 159 147 27 utlåtande
1294 158 43 27 Nr
1361 159 24 25 2.
1578 158 15 26 3

104 245 163 38 ningarna
290 245 42 38 på
353 244 225 38 landsbygden
601 250 80 26 samt
706 247 46 27 att
776 253 39 21 en
838 242 276 39 genomgripande
1139 241 201 38 förbättring
1363 251 39 20 av
1424 241 167 30 lantbrev-

104 290 226 38 bäringsnätet
347 289 10 30 i
374 290 140 30 främsta
530 294 140 27 rummet
685 287 99 33 borde
800 288 248 38 ifrågakomma.

147 334 143 31 Behovet
308 344 41 21 av
367 334 75 31 ökat
460 335 91 30 antal
568 337 94 28 turer
680 334 18 30 å
715 332 434 38 lantbrevbäringslinjerna
1167 332 60 30 har
1243 333 143 36 stegrats
1404 331 37 30 år
1459 330 77 31 från
1557 330 34 30 år

105 379 158 32 beroende
284 379 69 32 icke
373 379 100 30 minst
493 378 104 38 därpå
618 383 49 28 att
689 387 114 29 genom
823 377 64 31 den
907 377 148 38 ständigt
1075 376 101 32 ökade
1198 376 200 32 snabbheten
1418 376 11 30 i
1450 375 63 31 den
1535 375 58 30 all-

104 426 121 30 männa
260 424 219 31 samfärdseln
517 424 39 30 de
583 423 132 39 dagliga
740 422 423 38 huvudstadstidningarna
1188 422 120 31 vunnit
1336 431 39 20 en
1403 421 58 31 allt
1488 422 104 30 större

105 469 175 40 spridning
302 470 42 37 på
367 468 227 39 landsbygden
614 473 84 28 samt
720 472 50 27 att
792 468 124 38 jämväl
938 467 206 31 landsortens
1166 466 173 38 tidningar
1362 466 58 32 allt
1442 476 70 21 mer
1534 466 57 30 och

103 525 69 21 mer
188 515 77 31 från
282 519 49 27 att
346 515 86 31 hava
447 513 173 33 utkommit
637 513 73 31 med
726 514 17 29 3
760 514 79 31 eller
855 513 19 29 4
890 522 150 21 nummer
1056 513 9 30 i
1081 512 122 31 veckan
1221 512 150 37 övergått
1388 511 52 31 till
1458 510 134 38 utvidg-

104 560 81 38 ning
207 570 39 20 av
267 559 251 39 söckendagliga
540 568 158 22 nummer.
733 558 240 38 Poststyrelsen
995 557 82 32 hade
1101 557 81 31 dock
1204 556 142 39 tidigare
1369 556 106 31 under
1497 555 95 31 beak-

105 605 100 31 tande
232 615 40 21 av
299 605 40 31 de
366 604 206 38 ålägganden
600 608 48 28 att
676 603 179 32 inskränka
881 602 195 39 utgifterna,
1105 612 67 21 som
1200 602 63 30 den
1290 602 51 30 tid
1368 601 87 32 efter
1482 610 109 22 annan

105 650 141 37 erhållit,
271 653 107 28 ansett
400 649 52 39 sig
475 649 69 31 icke
567 649 79 31 böra
668 647 136 40 vidtaga
827 647 156 39 åtgärder
1007 648 10 29 i
1043 647 142 38 angivna
1209 645 184 32 hänseende
1418 647 10 29 i
1453 646 64 31 den
1540 648 53 28 ut-

105 695 200 38 sträckning,
328 704 68 21 som
415 694 88 31 varit
525 694 164 31 önskvärt.
721 693 16 29 I
760 693 57 31 sitt
840 692 217 33 förenämnda
1077 692 156 38 yttrande
1255 691 64 31 den
1341 691 39 30 20
1402 701 87 20 mars
1512 690 80 30 1936

105 739 188 32 meddelade
329 738 377 39 generalpoststyrelsen,
741 741 49 28 att
824 748 38 20 en
897 737 162 38 utökning
1082 747 40 20 av
1145 736 183 32 turantalet
1352 737 42 37 på
1417 736 177 38 befintliga

105 784 353 39 landsvägspostlinjer
479 784 10 30 i
510 783 103 31 sådan
633 783 211 37 omfattning,
868 787 49 28 att
938 782 40 31 de
998 782 125 32 komme
1146 785 49 28 att
1216 785 164 27 motsvara
1402 780 118 32 nutida
1540 780 53 31 bhe-

104 829 164 39 rättigade
295 830 81 30 krav
404 829 18 30 å
449 829 102 31 snabb
577 828 264 38 postbefordran,
870 828 104 30 skulle
1001 826 151 32 medföra
1179 836 40 21 en
1246 826 279 38 kostnadsökning
1553 836 40 20 av

105 874 150 39 omkring
282 874 164 30 1.500.000
472 874 120 30 kronor
619 883 58 28 per
703 873 45 31 år.
787 873 68 30 För
878 872 125 32 sådana
1030 872 197 37 ändringars
1253 872 183 30 eventuella
1465 880 128 28 genom-

106 919 138 32 förande
264 920 102 38 ansåg
383 919 161 38 styrelsen
563 919 79 31 böra
660 918 160 31 beräknas
840 928 39 20 en
899 917 147 38 tidrymd
1067 928 40 20 av
1127 917 17 30 5
1165 917 45 30 år.
1242 916 114 31 Under
1375 920 74 28 vart
1469 916 59 31 och
1546 919 47 27 ett

104 975 40 20 av
160 965 77 30 åren
255 964 205 30 1937—1941
477 964 104 30 skulle
597 962 124 32 således
736 962 53 32 för
803 972 46 22 nu
866 962 144 39 angivna
1025 962 153 31 ändamål
1194 961 169 32 erfordras
1379 971 39 21 en
1435 960 159 31 successiv

105 1009 122 38 ökning
249 1020 40 20 av
312 1009 148 38 anslaget
484 1009 52 31 till
559 1007 254 40 postbefordran
837 1009 18 30 å
879 1006 161 39 landsväg
1062 1006 75 31 med
1160 1006 133 31 300.000
1317 1007 122 30 kronor
1462 1016 60 28 per
1546 1005 46 31 år.

106 1054 107 32 Sedan
232 1054 122 38 Kungl.
375 1053 104 38 Maj:t
497 1054 10 30 i
525 1053 205 38 postverkets
748 1051 325 33 driftskostnadsstat
1093 1051 52 31 för
1164 1052 37 30 år
1219 1051 80 30 1937
1319 1051 54 30 för
1391 1050 60 32 här
1470 1050 124 38 ifråga-

104 1099 144 32 varande
270 1099 154 31 ändamål
446 1099 136 37 beviljat
607 1109 39 20 av
670 1097 368 40 generalpoststyrelsen
1061 1097 144 38 begärda
1227 1096 134 30 300.000
1383 1097 130 36 kronor,
1537 1096 56 37 på-

104 1144 137 39 började
260 1144 368 39 generalpoststyrelsen
647 1142 199 33 omedelbart
865 1141 272 40 genomförandet
1155 1152 40 20 av
1213 1151 40 21 en
1271 1152 39 20 av
1329 1142 159 36 styrelsen
1506 1151 87 28 upp-

104 1189 97 39 gjord
219 1190 79 38 plan
317 1190 53 30 för
390 1188 343 39 postförhållandenas
752 1188 203 37 förbättring
974 1188 9 29 i
1001 1187 144 31 nämnda
1164 1186 166 32 avseende.
1352 1185 107 33 Sedan
1478 1187 10 29 i
1508 1189 86 34 post-

104 1235 130 31 verkets
256 1233 326 32 driftskostnadsstat
608 1233 52 31 för
683 1233 38 31 år
745 1233 80 30 1938
850 1232 195 38 ytterligare
1069 1232 132 30 300.000
1224 1232 123 30 kronor
1371 1232 146 30 anvisats
1541 1231 53 30 för

105 1279 194 38 ändamålet,
317 1280 43 30 ha
377 1280 156 30 fortsatta
549 1278 156 38 åtgärder
721 1278 54 30 för
792 1278 138 38 planens
947 1276 255 39 genomförande
1218 1276 169 38 vidtagits.
1415 1276 67 31 Vid
1499 1276 93 30 sidan

104 1335 40 21 av
161 1325 38 30 de
216 1334 79 22 rena
310 1324 265 38 turökningarna
591 1324 18 31 å
626 1323 175 38 befintliga
817 1323 217 38 postförings-
1052 1323 58 30 och
1129 1321 389 38 lantbrevbäringslinjer
1534 1322 60 29 har

106 1369 370 39 generalpoststyrelsen
499 1368 100 32 sedan
624 1369 104 38 några
753 1369 38 30 år
816 1368 138 31 tillbaka
979 1368 70 31 sökt
1076 1367 9 30 i
1112 1367 185 38 möjligaste
1321 1367 76 30 mån
1424 1367 53 30 för
1503 1369 90 35 post-

104 1413 180 33 befordran
302 1414 154 38 utnyttja
474 1413 62 31 den
557 1413 106 31 under
679 1413 102 31 snabb
801 1412 191 38 utveckling
1008 1411 146 31 varande
1175 1412 170 37 reguljära
1364 1411 229 37 linjetrafiken

105 1460 19 30 å
157 1459 251 38 landsvägarna.
456 1458 76 31 Med
554 1458 206 31 omnibussar
784 1458 58 30 och
868 1456 215 31 automobiler
1107 1456 10 30 i
1142 1455 190 38 linjetrafik
1356 1455 165 32 anordnas
1545 1456 49 30 så-

104 1504 104 31 lunda
228 1503 181 32 befordran
430 1513 40 20 av
491 1502 174 31 brevlådor
686 1502 53 31 för
760 1501 166 39 avgående
949 1504 82 35 post,
1053 1500 330 39 tidningsbefordran
1406 1501 58 31 och
1487 1500 107 31 befor-

105 1549 83 31 dran
207 1560 39 20 av
265 1548 166 32 lösväskor
448 1548 53 31 till
520 1547 147 32 enskilda
684 1546 298 39 korrespondenter
1001 1546 78 31 eller
1097 1555 89 22 mera
1204 1545 159 32 isolerade
1381 1545 83 38 byar
1482 1545 111 31 utmed

105 1595 109 37 linjer,
239 1594 60 31 där
322 1593 271 38 lantbrevbäring
617 1593 69 30 icke
711 1592 109 31 finnes
843 1591 158 37 inrättad,
1026 1591 79 31 eller
1128 1591 59 30 ock
1210 1591 105 30 såsom
1339 1590 255 38 komplettering

104 1639 52 31 till
172 1638 112 39 dylika
298 1638 111 39 linjer,
426 1638 19 30 å
459 1638 89 31 vilka
564 1637 310 38 postbefordringen
891 1636 192 38 uppehålles
1098 1635 74 31 med
1188 1639 47 28 ett
1250 1635 127 31 mindre
1394 1636 92 30 antal
1501 1639 93 26 turer

104 1685 11 29 i
129 1684 131 32 veckan.
288 1684 102 31 Dessa
405 1682 300 39 postanordningar
718 1682 97 31 ställa
831 1682 50 38 sig
895 1680 163 39 betydligt
1072 1680 150 39 billigare
1239 1681 42 30 än
1296 1680 63 31 den
1376 1679 217 38 fullständiga

105 1728 322 38 lantbrevbäringen.
462 1727 106 31 Sedan
592 1728 80 30 1937
694 1726 152 32 bedriver
868 1725 369 39 generalpoststyrelsen
1258 1725 125 32 således
1404 1725 125 31 arbetet
1552 1725 41 37 på

105 1774 243 38 förbättringar
368 1783 40 22 av
427 1772 242 38 landsbygdens
688 1771 308 38 postförhållanden
1016 1771 10 30 i
1046 1770 118 32 sådant
1182 1773 119 35 tempo,
1321 1773 50 29 att
1390 1770 204 38 berättigade

105 1819 81 31 krav
207 1819 41 37 på
268 1818 194 38 ytterligare
483 1817 156 39 åtgärder
659 1817 68 31 icke
748 1817 54 31 för
821 1814 208 33 närvarande
1050 1825 98 28 synas
1167 1816 112 30 kunna
1302 1815 189 31 framföras.

146 1863 76 31 Med
240 1863 126 38 utgång
386 1862 78 30 från
483 1862 252 31 förhållandena
752 1861 56 31 vid
829 1861 81 29 1936
930 1861 53 30 års
1001 1860 66 31 slut
1087 1860 60 30 har
1166 1860 156 31 hitintills
1341 1859 180 39 turökning
1540 1860 54 30 be-

103 1907 114 39 viljats
234 1908 41 38 på
292 1908 90 31 cirka
399 1907 89 30 1.100
505 1907 110 37 linjer,
632 1916 101 20 varav
750 1906 150 37 omkring
916 1905 60 30 750
993 1905 129 30 erhållit
1140 1904 302 38 söckendagsturer.
1472 1904 122 31 Genom

105 1953 92 31 dessa
216 1952 220 38 turökningar
457 1952 59 30 har
535 1952 125 31 antalet
680 1950 242 38 poststationer,
944 1960 66 20 som
1031 1950 67 32 icke
1120 1950 60 30 har
1199 1948 277 39 postförbindelse
1495 1949 99 30 minst

106 1998 93 37 varje
224 1997 191 37 söckendag,
442 1996 215 37 nedbringats
683 1996 76 30 från
785 1995 152 38 omkring
961 1994 60 29 240
1047 1994 52 30 till
1126 1993 150 38 omkring
1303 1994 48 36 50,
1378 2004 100 20 varav
1504 1993 90 31 cirka

107 2042 37 30 15
168 2046 50 32 st.,
242 2042 139 38 belägna
405 2042 9 30 i
439 2040 210 38 skärgården,
675 2041 84 31 hava
783 2039 134 37 dagliga
941 2039 219 30 förbindelser
1183 2037 108 32 under
1314 2038 278 37 seglationstiden.

106 2088 171 30 Dessutom
298 2087 61 30 har
379 2086 98 31 sedan
497 2085 145 31 nämnda
661 2085 50 31 tid
731 2084 229 38 nyanordnats
980 2084 150 37 omkring
1150 2083 38 30 40
1210 2087 37 27 st.
1270 2083 263 38 brevlådslinjer,
1556 2084 38 29 35

105 2131 471 39 tidningsbefordringslinjer,
603 2130 61 30 300
689 2129 442 37 lösväskbefordringslinjer
1157 2133 83 27 samt
1267 2128 152 31 anställts
1443 2128 151 38 omkring

107 2177 58 29 160
183 2179 37 28 st.
239 2175 205 39 postombud,
462 2176 162 37 varjämte
642 2177 47 28 ett
707 2174 103 31 40-tal
828 2174 232 37 poststationer
1080 2173 212 37 nyinrättats.
1336 2173 46 31 Ett
1401 2174 91 29 antal
1510 2172 85 31 lant-

105 2221 317 38 brevbäringslinjer
455 2220 60 30 har
548 2219 169 38 samtidigt
752 2218 164 38 indragits
939 2219 56 29 och
1021 2221 118 27 ersatts
1162 2218 73 31 med
1259 2218 334 36 lösväskebefordran,

107 2266 71 31 ofta
198 2266 6 29 i
227 2266 154 37 förening
401 2264 72 31 med
495 2264 201 38 postombud.

147 2347 75 31 Med
239 2347 180 37 anledning
435 2358 38 19 av
493 2347 59 30 vad
573 2348 6 29 i
599 2347 162 30 motionen
779 2348 73 36 sägs
869 2357 49 19 om
937 2346 191 37 lokalportot
1152 2346 55 29 vill
1226 2345 366 38 generalpoststyrelsen

106 2393 109 30 erinra
234 2403 50 19 om
304 2395 46 28 att
372 2391 170 35 riksdagen
565 2392 55 30 vid
640 2391 191 38 upprepade
851 2391 157 30 tillfällen
1028 2391 73 29 haft
1120 2394 43 26 att
1189 2391 39 36 på
1249 2390 107 36 grund
1377 2400 39 19 av
1436 2390 159 30 motioner

107 2437 187 37 sysselsätta
313 2437 49 36 sig
383 2437 68 30 med
474 2437 103 30 denna
602 2436 103 36 fråga.
747 2437 8 27 I
780 2436 38 30 de
842 2436 92 30 flesta
958 2435 57 30 fall
1038 2435 37 30 ha
1099 2435 203 30 motionerna
1325 2435 173 29 föranletts
1518 2433 76 31 där-

107 2493 47 26 av,
176 2486 42 26 att
246 2482 190 37 lokalportot
462 2485 122 26 ansetts
605 2491 73 20 vara
701 2492 35 19 en
764 2480 135 31 förmån,
921 2490 64 19 som
1009 2480 5 29 i
1037 2479 111 32 endast
1174 2479 89 36 ringa
1287 2479 202 37 omfattning
1509 2479 85 30 kom-
