1882 2780
409 164 404 40 Bevillningsutskottets
836 164 218 30 betänkande
1076 173 42 20 nr
1139 165 41 29 30
1201 164 39 30 år
1265 164 81 29 1963
1593 164 37 29 21

754 248 240 29 Närvarande:

170 315 79 29 från
284 315 167 30 första
486 315 220 31 kammaren:
732 315 121 30 herrar
876 315 93 30 John
993 315 172 34 Ericsson,
1191 315 165 38 Hagberg,
1380 315 106 30 Einar
1510 315 115 29 Eriks-

127 364 73 29 son,
227 357 125 31 fröken
378 357 189 35 Ranmark,
594 357 121 30 herrar
742 357 196 35 Stefanson,
965 356 109 31 Oscar
1100 357 172 36 Carlsson,
1299 356 126 31 Gustaf
1451 356 173 34 Elofsson,

126 399 203 40 Waärnberg,
348 399 215 31 Lundström
582 400 65 30 och
665 400 105 30 Gösta
787 399 208 37 Jacobsson;
1017 401 90 28 samt

171 458 79 30 från
284 458 155 30 andra
474 458 220 31 kammaren:
721 459 121 29 herrar
866 458 190 30 Gustafson
1082 459 9 29 i
1117 458 179 40 Göteborg,
1322 458 222 35 Kärrlander,
1570 458 56 30 Vi-

126 500 147 39 gelsbo",
300 501 180 40 Engkvist,
508 501 225 30 Christenson
758 501 12 30 i
797 501 139 36 Malmö,
964 501 213 40 Magnusson
1204 502 10 29 i
1241 501 118 34 Borås,
1387 500 200 30 Andersson
1615 499 9 29 i

127 543 135 36 Essvik,
284 543 57 30 fru
362 544 208 40 Holmqvist,
591 544 81 30 herr
692 543 170 40 Forsberg
883 544 65 30 och
969 544 57 29 fru
1048 543 235 30 Kristensson.

174 601 88 26 "Icke
280 602 131 24 närvarit
430 603 48 23 vid
495 602 145 31 justering
659 610 34 16 av
711 602 206 24 betänkandet.

741 724 267 34 Reservationer

125 804 227 40 Beträffande
372 804 374 41 omsättningsskatten
765 804 56 40 för
838 804 89 40 sprit
945 804 64 30 och
1029 804 56 30 vin
1103 813 46 20 m.
1168 813 45 20 m.

173 864 31 33 I)
233 873 42 20 av
291 864 124 30 herrar
430 864 187 39 Stefanson
637 864 66 30 och
721 863 189 41 Gustafson
930 863 11 30 i
960 863 181 40 Göteborg,
1160 863 95 30 vilka
1273 863 46 30 bl.
1339 872 30 20 a.
1390 862 79 30 med
1490 863 135 38 hänsyn

128 914 52 30 till
206 914 402 40 inkomstutvecklingen
635 914 11 30 i
674 914 184 30 samhället
884 915 114 29 ansett
1026 923 42 20 en
1097 914 110 29 större
1236 912 264 40 skattehöjning
1527 912 100 30 moti-

130 965 104 29 verad
253 965 45 29 än
318 965 78 34 den,
418 973 75 23 som
515 964 146 31 föreslås
682 964 11 30 i
712 964 274 40 propositionen,
1008 964 66 30 och
1095 966 50 28 att
1167 963 187 40 riksdagen
1377 963 120 30 därför
1519 962 107 31 måtte

128 1017 127 37 antaga
274 1015 41 30 de
333 1014 59 31 vid
411 1015 219 30 motionerna
651 1015 28 30 I:
696 1014 60 30 641
779 1024 41 20 av
838 1015 81 29 herr
938 1015 175 38 Bengtson
1133 1023 46 20 m.
1199 1013 36 30 fl.
1256 1014 65 29 och
1341 1013 45 30 II:
1404 1013 61 30 795
1486 1022 42 21 av
1546 1013 80 29 herr

130 1065 229 31 Rimmerfors
378 1074 46 21 m.
444 1065 37 30 fl.
502 1065 123 40 fogade
645 1065 408 40 författningsförslagen
1073 1065 11 29 i
1104 1064 113 30 nedan
1237 1064 148 30 berörda
1404 1063 107 34 delar,
1531 1063 95 30 inne-

127 1116 153 29 bärande
299 1125 43 20 en
362 1115 149 40 höjning
531 1125 42 20 av
593 1116 41 30 de
655 1115 201 30 nuvarande
877 1114 159 40 priserna
1058 1114 44 40 på
1122 1114 237 40 spritdrycker
1379 1114 80 29 med
1479 1113 147 40 ungefär

129 1166 41 30 25
191 1168 145 38 procent
358 1166 65 30 och
446 1166 86 30 även
555 1175 42 21 en
621 1165 148 40 höjning
792 1175 42 21 av
856 1165 220 40 vinpriserna
1102 1166 119 29 utöver
1246 1164 166 40 förslaget
1436 1164 11 30 i
1471 1164 156 40 proposi-

128 1217 129 30 tionen.

172 1267 175 30 Utskottet
368 1267 90 30 hade
482 1267 131 30 således
636 1267 111 30 under
769 1266 158 40 punkten
950 1265 46 35 A)
1023 1266 78 30 bort
1123 1265 195 35 hemställa,

481 1317 45 35 A)
556 1319 49 28 att
643 1317 186 39 riksdagen
869 1317 79 29 med
986 1315 100 31 bifall
1115 1316 52 30 till
1196 1315 230 31 förenämnda
1455 1315 170 30 motioner

435 1368 11 29 i
464 1368 117 29 denna
596 1368 57 29 del
671 1367 108 30 måtte

483 1418 72 30 dels
577 1417 137 31 besluta
736 1419 49 28 att
818 1417 9 30 2
853 1417 16 37 8
896 1417 14 29 1
937 1425 104 21 mom.
1067 1416 36 34 a)
1131 1417 66 29 och
1218 1416 38 34 b)
1285 1416 250 39 förordningen
1560 1416 64 29 den

439 1467 41 30 24
497 1467 70 40 maj
590 1467 81 30 1957
696 1468 58 33 (nr
771 1466 80 34 209)
874 1476 57 21 om
951 1467 93 30 skatt
1062 1466 45 39 på
1126 1466 87 40 sprit
1231 1466 66 29 och
1313 1466 59 29 vin
1392 1466 88 30 skall
1499 1466 45 29 ha
1563 1466 63 29 föl-

437 1518 106 39 jande
565 1518 144 40 lydelse:

174 1568 57 32 »a)
261 1568 54 30 för
339 1568 87 39 sprit
450 1568 73 30 dels
548 1568 78 30 med
650 1576 43 21 en
717 1567 224 40 grundavgift
966 1566 55 31 för
1046 1567 77 29 liter
1149 1566 245 31 motsvarande
1421 1566 40 30 30
1488 1567 57 29 öre
1572 1566 54 30 för

128 1618 97 40 varje
244 1618 54 30 hel
318 1619 262 39 volymprocent
601 1618 150 34 alkohol,
772 1618 88 29 dock
881 1617 108 30 minst
1010 1617 19 30 9
1049 1617 141 34 kronor,
1212 1617 72 30 dels
1306 1617 79 30 med
1406 1626 45 20 en
1470 1619 156 37 procent-

129 1668 109 40 avgift
258 1669 246 30 motsvarande
525 1667 40 31 54
585 1671 144 37 procent
750 1677 42 21 av
812 1667 399 40 utminuteringspriset;
1237 1669 90 28 samt

173 1719 38 33 b)
242 1718 55 31 för
315 1719 59 29 vin
396 1719 73 30 dels
491 1719 77 29 med
591 1728 41 20 en
656 1718 235 40 grundavgift,
914 1717 104 31 såvitt
1040 1727 99 21 avser
1161 1717 57 30 vin
1242 1718 79 30 med
1344 1727 42 20 en
1411 1718 214 29 alkoholhalt

129 1769 241 39 överstigande
394 1768 40 30 14
453 1769 262 39 volymprocent
741 1768 208 34 (starkvin),
972 1777 42 20 av
1036 1768 18 29 3
1076 1768 130 29 kronor
1228 1767 40 30 60
1292 1768 57 29 öre
1373 1767 55 31 för
1451 1768 79 29 liter
1552 1768 74 33 och,

129 1819 103 30 såvitt
254 1828 98 21 avser
375 1821 107 27 annat
503 1819 57 29 vin
588 1818 173 34 (lättvin),
780 1827 45 21 av
847 1817 41 31 48
910 1819 58 29 öre
991 1817 55 30 för
1066 1818 79 29 liter
1166 1817 72 30 dels
1260 1818 78 29 med
1361 1827 42 20 en
1425 1819 200 37 procentav-

130 1868 65 40 gift
214 1869 246 30 motsvarande
481 1869 40 29 36
541 1872 143 36 procent
705 1877 41 21 av
767 1867 413 39 utminuteringspriset.»

483 1919 73 29 dels
574 1919 65 29 ock
656 1920 127 37 antaga
801 1918 156 39 följande

802 2001 144 39 Förslag

850 2069 50 29 till

765 2135 218 38 Förordning

305 2211 54 20 om
386 2202 149 39 ändring
559 2202 10 29 i
595 2201 170 30 lulltaxan
789 2201 67 30 den
884 2202 39 28 12
947 2201 195 39 seplember
1169 2201 82 29 1958
1280 2201 60 33 (nr
1365 2201 81 33 475)

176 2269 209 38 Härigenom
405 2268 195 34 förordnas,
619 2270 51 28 att
688 2268 170 30 tulltaxan
878 2268 68 29 den
967 2268 38 29 12
1025 2268 194 39 september
1241 2267 82 30 1958
1344 2268 88 29 skall
1453 2268 9 28 i
1482 2268 143 38 angiven

131 2318 52 29 del
200 2318 131 29 erhålla
347 2318 133 29 ändrad
498 2318 128 38 lydelse
642 2318 44 39 på
703 2318 66 29 sätt
787 2317 157 39 framgår
959 2326 41 20 av
1016 2317 122 29 härvid
1157 2316 102 40 fogad
1277 2317 123 39 bilaga.

177 2419 121 28 Denna
321 2418 205 39 förordning
549 2418 116 29 träder
687 2417 10 29 i
719 2417 95 30 kraft
837 2417 110 39 dagen
970 2416 89 30 efter
1081 2417 78 33 den,
1182 2416 44 30 då
1249 2416 249 40 förordningen
1524 2417 105 38 enligt

133 2467 84 31 därå
236 2468 181 30 meddelad
437 2467 138 40 uppgift
596 2467 183 30 utkommit
803 2467 78 30 från
903 2467 134 38 trycket
1056 2467 11 29 i
1087 2466 131 30 Svensk
1240 2466 389 39 författningssamling.
