<?xml version="1.0" encoding="UTF-8"?>
<alto xmlns="http://www.loc.gov/standards/alto/ns-v3#" xmlns:xlink="http://www.w3.org/1999/xlink" xmlns:xsi="http://www.w3.org/2001/XMLSchema-instance" xsi:schemaLocation="http://www.loc.gov/standards/alto/ns-v3# http://www.loc.gov/alto/v3/alto-3-0.xsd">
	<Description>
		<MeasurementUnit>pixel</MeasurementUnit>
		<sourceImageInformation>
			<fileName>/tmp/tess_trekvw4d_input.PNG</fileName>
		</sourceImageInformation>
		<OCRProcessing ID="OCR_0">
			<ocrProcessingStep>
				<processingSoftware>
					<softwareName>tesseract 5.3.0</softwareName>
				</processingSoftware>
			</ocrProcessingStep>
		</OCRProcessing>
	</Description>
	<Layout>
		<Page WIDTH="1888" HEIGHT="2778" PHYSICAL_IMG_NR="0" ID="page_0">
			<PrintSpace HPOS="0" VPOS="0" WIDTH="1888" HEIGHT="2778">
				<ComposedBlock ID="cblock_0" HPOS="399" VPOS="158" WIDTH="1216" HEIGHT="41">
					<TextBlock ID="block_0" HPOS="399" VPOS="158" WIDTH="1216" HEIGHT="41">
						<TextLine ID="line_0" HPOS="399" VPOS="158" WIDTH="1216" HEIGHT="41">
							<String ID="string_0" HPOS="399" VPOS="159" WIDTH="405" HEIGHT="40" WC="0.91" CONTENT="Bevillningsutskottets"/><SP WIDTH="21" VPOS="159" HPOS="804"/>
							<String ID="string_1" HPOS="825" VPOS="158" WIDTH="218" HEIGHT="30" WC="0.96" CONTENT="betänkande"/><SP WIDTH="18" VPOS="158" HPOS="1043"/>
							<String ID="string_2" HPOS="1061" VPOS="167" WIDTH="43" HEIGHT="21" WC="0.96" CONTENT="nr"/><SP WIDTH="18" VPOS="167" HPOS="1104"/>
							<String ID="string_3" HPOS="1122" VPOS="159" WIDTH="41" HEIGHT="29" WC="0.96" CONTENT="30"/><SP WIDTH="17" VPOS="159" HPOS="1163"/>
							<String ID="string_4" HPOS="1180" VPOS="158" WIDTH="40" HEIGHT="30" WC="0.96" CONTENT="år"/><SP WIDTH="19" VPOS="158" HPOS="1220"/>
							<String ID="string_5" HPOS="1239" VPOS="158" WIDTH="83" HEIGHT="30" WC="0.96" CONTENT="1963"/><SP WIDTH="256" VPOS="158" HPOS="1322"/>
							<String ID="string_6" HPOS="1578" VPOS="159" WIDTH="37" HEIGHT="31" WC="0.95" CONTENT="13"/>
						</TextLine>
					</TextBlock>
				</ComposedBlock>
				<ComposedBlock ID="cblock_1" HPOS="115" VPOS="242" WIDTH="1502" HEIGHT="492">
					<TextBlock ID="block_1" HPOS="115" VPOS="242" WIDTH="1502" HEIGHT="492">
						<TextLine ID="line_1" HPOS="115" VPOS="242" WIDTH="1500" HEIGHT="41">
							<String ID="string_7" HPOS="115" VPOS="243" WIDTH="269" HEIGHT="40" WC="0.93" CONTENT="beskattningen"/><SP WIDTH="27" VPOS="243" HPOS="384"/>
							<String ID="string_8" HPOS="411" VPOS="244" WIDTH="173" HEIGHT="39" WC="0.92" CONTENT="anknytes"/><SP WIDTH="27" VPOS="244" HPOS="584"/>
							<String ID="string_9" HPOS="611" VPOS="244" WIDTH="51" HEIGHT="29" WC="0.96" CONTENT="till"/><SP WIDTH="27" VPOS="244" HPOS="662"/>
							<String ID="string_10" HPOS="689" VPOS="243" WIDTH="258" HEIGHT="30" WC="0.92" CONTENT="vederbörande"/><SP WIDTH="29" VPOS="243" HPOS="947"/>
							<String ID="string_11" HPOS="976" VPOS="243" WIDTH="217" HEIGHT="40" WC="0.92" CONTENT="spritdrycks"/><SP WIDTH="28" VPOS="243" HPOS="1193"/>
							<String ID="string_12" HPOS="1221" VPOS="242" WIDTH="216" HEIGHT="30" WC="0.95" CONTENT="alkoholhalt"/><SP WIDTH="28" VPOS="242" HPOS="1437"/>
							<String ID="string_13" HPOS="1465" VPOS="242" WIDTH="79" HEIGHT="29" WC="0.96" CONTENT="med"/><SP WIDTH="28" VPOS="242" HPOS="1544"/>
							<String ID="string_14" HPOS="1572" VPOS="251" WIDTH="43" HEIGHT="20" WC="0.96" CONTENT="en"/>
						</TextLine>
						<TextLine ID="line_2" HPOS="117" VPOS="292" WIDTH="1499" HEIGHT="41">
							<String ID="string_15" HPOS="117" VPOS="294" WIDTH="160" HEIGHT="39" WC="0.96" CONTENT="glidande"/><SP WIDTH="24" VPOS="294" HPOS="277"/>
							<String ID="string_16" HPOS="301" VPOS="294" WIDTH="107" HEIGHT="29" WC="0.95" CONTENT="skala."/><SP WIDTH="25" VPOS="294" HPOS="408"/>
							<String ID="string_17" HPOS="433" VPOS="294" WIDTH="47" HEIGHT="29" WC="0.96" CONTENT="På"/><SP WIDTH="24" VPOS="294" HPOS="480"/>
							<String ID="string_18" HPOS="504" VPOS="294" WIDTH="118" HEIGHT="39" WC="0.96" CONTENT="längre"/><SP WIDTH="25" VPOS="294" HPOS="622"/>
							<String ID="string_19" HPOS="647" VPOS="294" WIDTH="69" HEIGHT="30" WC="0.96" CONTENT="sikt"/><SP WIDTH="24" VPOS="294" HPOS="716"/>
							<String ID="string_20" HPOS="740" VPOS="294" WIDTH="97" HEIGHT="29" WC="0.96" CONTENT="torde"/><SP WIDTH="24" VPOS="294" HPOS="837"/>
							<String ID="string_21" HPOS="861" VPOS="293" WIDTH="94" HEIGHT="30" WC="0.96" CONTENT="detta"/><SP WIDTH="24" VPOS="293" HPOS="955"/>
							<String ID="string_22" HPOS="979" VPOS="293" WIDTH="187" HEIGHT="30" WC="0.95" CONTENT="medverka"/><SP WIDTH="22" VPOS="293" HPOS="1166"/>
							<String ID="string_23" HPOS="1188" VPOS="293" WIDTH="52" HEIGHT="29" WC="0.96" CONTENT="till"/><SP WIDTH="25" VPOS="293" HPOS="1240"/>
							<String ID="string_24" HPOS="1265" VPOS="302" WIDTH="41" HEIGHT="20" WC="0.96" CONTENT="en"/><SP WIDTH="25" VPOS="302" HPOS="1306"/>
							<String ID="string_25" HPOS="1331" VPOS="292" WIDTH="166" HEIGHT="30" WC="0.93" CONTENT="avsevärd"/><SP WIDTH="23" VPOS="292" HPOS="1497"/>
							<String ID="string_26" HPOS="1520" VPOS="292" WIDTH="96" HEIGHT="29" WC="0.89" CONTENT="över-"/>
						</TextLine>
						<TextLine ID="line_3" HPOS="117" VPOS="341" WIDTH="1499" HEIGHT="43">
							<String ID="string_27" HPOS="117" VPOS="344" WIDTH="88" HEIGHT="40" WC="0.96" CONTENT="gång"/><SP WIDTH="20" VPOS="344" HPOS="205"/>
							<String ID="string_28" HPOS="225" VPOS="343" WIDTH="80" HEIGHT="30" WC="0.96" CONTENT="från"/><SP WIDTH="20" VPOS="343" HPOS="305"/>
							<String ID="string_29" HPOS="325" VPOS="344" WIDTH="187" HEIGHT="39" WC="0.95" CONTENT="starksprit"/><SP WIDTH="21" VPOS="344" HPOS="512"/>
							<String ID="string_30" HPOS="533" VPOS="344" WIDTH="52" HEIGHT="29" WC="0.96" CONTENT="till"/><SP WIDTH="19" VPOS="344" HPOS="585"/>
							<String ID="string_31" HPOS="604" VPOS="344" WIDTH="124" HEIGHT="29" WC="0.96" CONTENT="lättare"/><SP WIDTH="20" VPOS="344" HPOS="728"/>
							<String ID="string_32" HPOS="748" VPOS="343" WIDTH="97" HEIGHT="30" WC="0.96" CONTENT="viner"/><SP WIDTH="20" VPOS="343" HPOS="845"/>
							<String ID="string_33" HPOS="865" VPOS="344" WIDTH="65" HEIGHT="29" WC="0.96" CONTENT="och"/><SP WIDTH="20" VPOS="344" HPOS="930"/>
							<String ID="string_34" HPOS="950" VPOS="343" WIDTH="43" HEIGHT="30" WC="0.96" CONTENT="öl."/><SP WIDTH="21" VPOS="343" HPOS="993"/>
							<String ID="string_35" HPOS="1014" VPOS="343" WIDTH="260" HEIGHT="29" WC="0.96" CONTENT="Motionärerna"/><SP WIDTH="22" VPOS="343" HPOS="1274"/>
							<String ID="string_36" HPOS="1296" VPOS="343" WIDTH="115" HEIGHT="29" WC="0.96" CONTENT="finner"/><SP WIDTH="20" VPOS="343" HPOS="1411"/>
							<String ID="string_37" HPOS="1431" VPOS="343" WIDTH="58" HEIGHT="29" WC="0.96" CONTENT="det"/><SP WIDTH="20" VPOS="343" HPOS="1489"/>
							<String ID="string_38" HPOS="1509" VPOS="341" WIDTH="107" HEIGHT="30" WC="0.96" CONTENT="också"/>
						</TextLine>
						<TextLine ID="line_4" HPOS="118" VPOS="392" WIDTH="1498" HEIGHT="42">
							<String ID="string_39" HPOS="118" VPOS="394" WIDTH="130" HEIGHT="40" WC="0.96" CONTENT="riktigt,"/><SP WIDTH="27" VPOS="394" HPOS="248"/>
							<String ID="string_40" HPOS="275" VPOS="396" WIDTH="50" HEIGHT="27" WC="0.96" CONTENT="att"/><SP WIDTH="26" VPOS="396" HPOS="325"/>
							<String ID="string_41" HPOS="351" VPOS="403" WIDTH="82" HEIGHT="20" WC="0.95" CONTENT="man"/><SP WIDTH="26" VPOS="403" HPOS="433"/>
							<String ID="string_42" HPOS="459" VPOS="403" WIDTH="48" HEIGHT="20" WC="0.95" CONTENT="nu"/><SP WIDTH="28" VPOS="403" HPOS="507"/>
							<String ID="string_43" HPOS="535" VPOS="394" WIDTH="116" HEIGHT="39" WC="0.96" CONTENT="slopar"/><SP WIDTH="26" VPOS="394" HPOS="651"/>
							<String ID="string_44" HPOS="677" VPOS="394" WIDTH="66" HEIGHT="29" WC="0.96" CONTENT="den"/><SP WIDTH="27" VPOS="394" HPOS="743"/>
							<String ID="string_45" HPOS="770" VPOS="393" WIDTH="55" HEIGHT="29" WC="0.96" CONTENT="för"/><SP WIDTH="26" VPOS="393" HPOS="825"/>
							<String ID="string_46" HPOS="851" VPOS="395" WIDTH="246" HEIGHT="37" WC="0.96" CONTENT="restauranger"/><SP WIDTH="27" VPOS="395" HPOS="1097"/>
							<String ID="string_47" HPOS="1124" VPOS="393" WIDTH="158" HEIGHT="39" WC="0.96" CONTENT="gällande"/><SP WIDTH="29" VPOS="393" HPOS="1282"/>
							<String ID="string_48" HPOS="1311" VPOS="392" WIDTH="172" HEIGHT="30" WC="0.93" CONTENT="särskilda"/><SP WIDTH="27" VPOS="392" HPOS="1483"/>
							<String ID="string_49" HPOS="1510" VPOS="392" WIDTH="106" HEIGHT="39" WC="0.92" CONTENT="regle-"/>
						</TextLine>
						<TextLine ID="line_5" HPOS="118" VPOS="442" WIDTH="1499" HEIGHT="42">
							<String ID="string_50" HPOS="118" VPOS="444" WIDTH="121" HEIGHT="40" WC="0.96" CONTENT="ringen"/><SP WIDTH="27" VPOS="444" HPOS="239"/>
							<String ID="string_51" HPOS="266" VPOS="453" WIDTH="42" HEIGHT="21" WC="0.93" CONTENT="av"/><SP WIDTH="28" VPOS="453" HPOS="308"/>
							<String ID="string_52" HPOS="336" VPOS="444" WIDTH="394" HEIGHT="40" WC="0.91" CONTENT="spritutskänkningens"/><SP WIDTH="27" VPOS="444" HPOS="730"/>
							<String ID="string_53" HPOS="757" VPOS="443" WIDTH="230" HEIGHT="31" WC="0.96" CONTENT="ekonomiska"/><SP WIDTH="28" VPOS="443" HPOS="987"/>
							<String ID="string_54" HPOS="1015" VPOS="443" WIDTH="128" HEIGHT="29" WC="0.95" CONTENT="villkor"/><SP WIDTH="27" VPOS="443" HPOS="1143"/>
							<String ID="string_55" HPOS="1170" VPOS="443" WIDTH="65" HEIGHT="30" WC="0.96" CONTENT="och"/><SP WIDTH="29" VPOS="443" HPOS="1235"/>
							<String ID="string_56" HPOS="1264" VPOS="445" WIDTH="50" HEIGHT="27" WC="0.93" CONTENT="att"/><SP WIDTH="28" VPOS="445" HPOS="1314"/>
							<String ID="string_57" HPOS="1342" VPOS="442" WIDTH="275" HEIGHT="39" WC="0.92" CONTENT="utskänknings-"/>
						</TextLine>
						<TextLine ID="line_6" HPOS="117" VPOS="492" WIDTH="1499" HEIGHT="42">
							<String ID="string_58" HPOS="117" VPOS="495" WIDTH="139" HEIGHT="29" WC="0.96" CONTENT="skatten"/><SP WIDTH="27" VPOS="495" HPOS="256"/>
							<String ID="string_59" HPOS="283" VPOS="494" WIDTH="191" HEIGHT="31" WC="0.96" CONTENT="avskaffas."/><SP WIDTH="29" VPOS="494" HPOS="474"/>
							<String ID="string_60" HPOS="503" VPOS="495" WIDTH="183" HEIGHT="39" WC="0.96" CONTENT="Samtidigt"/><SP WIDTH="27" VPOS="495" HPOS="686"/>
							<String ID="string_61" HPOS="713" VPOS="494" WIDTH="62" HEIGHT="30" WC="0.96" CONTENT="bör"/><SP WIDTH="27" VPOS="494" HPOS="775"/>
							<String ID="string_62" HPOS="802" VPOS="494" WIDTH="105" HEIGHT="30" WC="0.96" CONTENT="också"/><SP WIDTH="27" VPOS="494" HPOS="907"/>
							<String ID="string_63" HPOS="934" VPOS="493" WIDTH="216" HEIGHT="40" WC="0.96" CONTENT="regleringen"/><SP WIDTH="28" VPOS="493" HPOS="1150"/>
							<String ID="string_64" HPOS="1178" VPOS="502" WIDTH="41" HEIGHT="20" WC="0.93" CONTENT="av"/><SP WIDTH="27" VPOS="502" HPOS="1219"/>
							<String ID="string_65" HPOS="1246" VPOS="492" WIDTH="370" HEIGHT="39" WC="0.92" CONTENT="utskänkningspriset"/>
						</TextLine>
						<TextLine ID="line_7" HPOS="120" VPOS="542" WIDTH="1496" HEIGHT="42">
							<String ID="string_66" HPOS="120" VPOS="545" WIDTH="53" HEIGHT="29" WC="0.96" CONTENT="för"/><SP WIDTH="23" VPOS="545" HPOS="173"/>
							<String ID="string_67" HPOS="196" VPOS="545" WIDTH="132" HEIGHT="30" WC="0.96" CONTENT="starköl"/><SP WIDTH="25" VPOS="545" HPOS="328"/>
							<String ID="string_68" HPOS="353" VPOS="546" WIDTH="125" HEIGHT="38" WC="0.96" CONTENT="slopas."/><SP WIDTH="25" VPOS="546" HPOS="478"/>
							<String ID="string_69" HPOS="503" VPOS="546" WIDTH="58" HEIGHT="28" WC="0.96" CONTENT="Ett"/><SP WIDTH="25" VPOS="546" HPOS="561"/>
							<String ID="string_70" HPOS="586" VPOS="544" WIDTH="271" HEIGHT="40" WC="0.95" CONTENT="genomförande"/><SP WIDTH="25" VPOS="544" HPOS="857"/>
							<String ID="string_71" HPOS="882" VPOS="554" WIDTH="42" HEIGHT="20" WC="0.96" CONTENT="av"/><SP WIDTH="24" VPOS="554" HPOS="924"/>
							<String ID="string_72" HPOS="948" VPOS="544" WIDTH="101" HEIGHT="29" WC="0.95" CONTENT="dessa"/><SP WIDTH="25" VPOS="544" HPOS="1049"/>
							<String ID="string_73" HPOS="1074" VPOS="543" WIDTH="131" HEIGHT="39" WC="0.95" CONTENT="förslag"/><SP WIDTH="25" VPOS="543" HPOS="1205"/>
							<String ID="string_74" HPOS="1230" VPOS="543" WIDTH="112" HEIGHT="30" WC="0.95" CONTENT="skulle"/><SP WIDTH="24" VPOS="543" HPOS="1342"/>
							<String ID="string_75" HPOS="1366" VPOS="543" WIDTH="122" HEIGHT="29" WC="0.96" CONTENT="kunna"/><SP WIDTH="24" VPOS="543" HPOS="1488"/>
							<String ID="string_76" HPOS="1512" VPOS="542" WIDTH="37" HEIGHT="30" WC="0.96" CONTENT="få"/><SP WIDTH="24" VPOS="542" HPOS="1549"/>
							<String ID="string_77" HPOS="1573" VPOS="551" WIDTH="43" HEIGHT="21" WC="0.96" CONTENT="en"/>
						</TextLine>
						<TextLine ID="line_8" HPOS="117" VPOS="592" WIDTH="1500" HEIGHT="43">
							<String ID="string_78" HPOS="117" VPOS="595" WIDTH="196" HEIGHT="40" WC="0.96" CONTENT="betydande"/><SP WIDTH="20" VPOS="595" HPOS="313"/>
							<String ID="string_79" HPOS="333" VPOS="595" WIDTH="111" HEIGHT="30" WC="0.93" CONTENT="effekt"/><SP WIDTH="20" VPOS="595" HPOS="444"/>
							<String ID="string_80" HPOS="464" VPOS="594" WIDTH="367" HEIGHT="40" WC="0.92" CONTENT="nykterhetspolitiskt"/><SP WIDTH="22" VPOS="594" HPOS="831"/>
							<String ID="string_81" HPOS="853" VPOS="596" WIDTH="76" HEIGHT="28" WC="0.96" CONTENT="sett."/><SP WIDTH="22" VPOS="596" HPOS="929"/>
							<String ID="string_82" HPOS="951" VPOS="594" WIDTH="65" HEIGHT="30" WC="0.96" CONTENT="Det"/><SP WIDTH="23" VPOS="594" HPOS="1016"/>
							<String ID="string_83" HPOS="1039" VPOS="603" WIDTH="102" HEIGHT="30" WC="0.96" CONTENT="synes"/><SP WIDTH="21" VPOS="603" HPOS="1141"/>
							<String ID="string_84" HPOS="1162" VPOS="593" WIDTH="185" HEIGHT="39" WC="0.96" CONTENT="väsentligt"/><SP WIDTH="22" VPOS="593" HPOS="1347"/>
							<String ID="string_85" HPOS="1369" VPOS="595" WIDTH="50" HEIGHT="28" WC="0.93" CONTENT="att"/><SP WIDTH="22" VPOS="595" HPOS="1419"/>
							<String ID="string_86" HPOS="1441" VPOS="592" WIDTH="176" HEIGHT="40" WC="0.92" CONTENT="åtgärder-"/>
						</TextLine>
						<TextLine ID="line_9" HPOS="116" VPOS="641" WIDTH="1498" HEIGHT="41">
							<String ID="string_87" HPOS="116" VPOS="652" WIDTH="45" HEIGHT="22" WC="0.96" CONTENT="na"/><SP WIDTH="20" VPOS="652" HPOS="161"/>
							<String ID="string_88" HPOS="181" VPOS="645" WIDTH="55" HEIGHT="29" WC="0.96" CONTENT="får"/><SP WIDTH="20" VPOS="645" HPOS="236"/>
							<String ID="string_89" HPOS="256" VPOS="645" WIDTH="107" HEIGHT="30" WC="0.96" CONTENT="verka"/><SP WIDTH="19" VPOS="645" HPOS="363"/>
							<String ID="string_90" HPOS="382" VPOS="645" WIDTH="57" HEIGHT="29" WC="0.96" CONTENT="vid"/><SP WIDTH="21" VPOS="645" HPOS="439"/>
							<String ID="string_91" HPOS="460" VPOS="644" WIDTH="215" HEIGHT="30" WC="0.96" CONTENT="oförändrad"/><SP WIDTH="21" VPOS="644" HPOS="675"/>
							<String ID="string_92" HPOS="696" VPOS="644" WIDTH="131" HEIGHT="30" WC="0.96" CONTENT="allmän"/><SP WIDTH="21" VPOS="644" HPOS="827"/>
							<String ID="string_93" HPOS="848" VPOS="642" WIDTH="158" HEIGHT="40" WC="0.96" CONTENT="prisnivå"/><SP WIDTH="19" VPOS="642" HPOS="1006"/>
							<String ID="string_94" HPOS="1025" VPOS="643" WIDTH="12" HEIGHT="30" WC="0.96" CONTENT="i"/><SP WIDTH="22" VPOS="643" HPOS="1037"/>
							<String ID="string_95" HPOS="1059" VPOS="642" WIDTH="99" HEIGHT="40" WC="0.96" CONTENT="fråga"/><SP WIDTH="22" VPOS="642" HPOS="1158"/>
							<String ID="string_96" HPOS="1180" VPOS="652" WIDTH="56" HEIGHT="21" WC="0.93" CONTENT="om"/><SP WIDTH="23" VPOS="652" HPOS="1236"/>
							<String ID="string_97" HPOS="1259" VPOS="642" WIDTH="294" HEIGHT="40" WC="0.91" CONTENT="spritdryckerna,"/><SP WIDTH="23" VPOS="642" HPOS="1553"/>
							<String ID="string_98" HPOS="1576" VPOS="641" WIDTH="38" HEIGHT="30" WC="0.96" CONTENT="så"/>
						</TextLine>
						<TextLine ID="line_10" HPOS="118" VPOS="692" WIDTH="1499" HEIGHT="42">
							<String ID="string_99" HPOS="118" VPOS="697" WIDTH="51" HEIGHT="28" WC="0.93" CONTENT="att"/><SP WIDTH="18" VPOS="697" HPOS="169"/>
							<String ID="string_100" HPOS="187" VPOS="695" WIDTH="178" HEIGHT="39" WC="0.92" CONTENT="möjligast"/><SP WIDTH="18" VPOS="695" HPOS="365"/>
							<String ID="string_101" HPOS="383" VPOS="695" WIDTH="224" HEIGHT="39" WC="0.95" CONTENT="tillförlitliga"/><SP WIDTH="18" VPOS="695" HPOS="607"/>
							<String ID="string_102" HPOS="625" VPOS="694" WIDTH="238" HEIGHT="30" WC="0.96" CONTENT="erfarenheter"/><SP WIDTH="19" VPOS="694" HPOS="863"/>
							<String ID="string_103" HPOS="882" VPOS="694" WIDTH="70" HEIGHT="29" WC="0.96" CONTENT="kan"/><SP WIDTH="20" VPOS="694" HPOS="952"/>
							<String ID="string_104" HPOS="972" VPOS="694" WIDTH="151" HEIGHT="29" WC="0.96" CONTENT="erhållas"/><SP WIDTH="20" VPOS="694" HPOS="1123"/>
							<String ID="string_105" HPOS="1143" VPOS="693" WIDTH="148" HEIGHT="30" WC="0.96" CONTENT="rörande"/><SP WIDTH="20" VPOS="693" HPOS="1291"/>
							<String ID="string_106" HPOS="1311" VPOS="694" WIDTH="101" HEIGHT="29" WC="0.96" CONTENT="deras"/><SP WIDTH="19" VPOS="694" HPOS="1412"/>
							<String ID="string_107" HPOS="1431" VPOS="692" WIDTH="186" HEIGHT="39" WC="0.96" CONTENT="betydelse."/>
						</TextLine>
					</TextBlock>
				</ComposedBlock>
				<ComposedBlock ID="cblock_2" HPOS="116" VPOS="766" WIDTH="1503" HEIGHT="990">
					<TextBlock ID="block_2" HPOS="117" VPOS="766" WIDTH="1499" HEIGHT="396">
						<TextLine ID="line_11" HPOS="159" VPOS="766" WIDTH="1455" HEIGHT="43">
							<String ID="string_108" HPOS="159" VPOS="770" WIDTH="67" HEIGHT="29" WC="0.95" CONTENT="Till"/><SP WIDTH="23" VPOS="770" HPOS="226"/>
							<String ID="string_109" HPOS="249" VPOS="770" WIDTH="77" HEIGHT="30" WC="0.96" CONTENT="stöd"/><SP WIDTH="23" VPOS="770" HPOS="326"/>
							<String ID="string_110" HPOS="349" VPOS="770" WIDTH="54" HEIGHT="30" WC="0.96" CONTENT="för"/><SP WIDTH="21" VPOS="770" HPOS="403"/>
							<String ID="string_111" HPOS="424" VPOS="770" WIDTH="174" HEIGHT="39" WC="0.96" CONTENT="yrkandet"/><SP WIDTH="21" VPOS="770" HPOS="598"/>
							<String ID="string_112" HPOS="619" VPOS="770" WIDTH="12" HEIGHT="29" WC="0.96" CONTENT="i"/><SP WIDTH="20" VPOS="770" HPOS="631"/>
							<String ID="string_113" HPOS="651" VPOS="768" WIDTH="180" HEIGHT="31" WC="0.96" CONTENT="motionen"/><SP WIDTH="22" VPOS="768" HPOS="831"/>
							<String ID="string_114" HPOS="853" VPOS="769" WIDTH="31" HEIGHT="29" WC="0.39" CONTENT="I:"/><SP WIDTH="15" VPOS="769" HPOS="884"/>
							<String ID="string_115" HPOS="899" VPOS="769" WIDTH="64" HEIGHT="29" WC="0.39" CONTENT="642"/><SP WIDTH="23" VPOS="769" HPOS="963"/>
							<String ID="string_116" HPOS="986" VPOS="768" WIDTH="141" HEIGHT="30" WC="0.92" CONTENT="anföres"/><SP WIDTH="23" VPOS="768" HPOS="1127"/>
							<String ID="string_117" HPOS="1150" VPOS="770" WIDTH="50" HEIGHT="28" WC="0.96" CONTENT="att"/><SP WIDTH="23" VPOS="770" HPOS="1200"/>
							<String ID="string_118" HPOS="1223" VPOS="768" WIDTH="66" HEIGHT="30" WC="0.96" CONTENT="den"/><SP WIDTH="23" VPOS="768" HPOS="1289"/>
							<String ID="string_119" HPOS="1312" VPOS="768" WIDTH="178" HEIGHT="29" WC="0.93" CONTENT="allmänna"/><SP WIDTH="23" VPOS="768" HPOS="1490"/>
							<String ID="string_120" HPOS="1513" VPOS="766" WIDTH="101" HEIGHT="40" WC="0.92" CONTENT="sprit-"/>
						</TextLine>
						<TextLine ID="line_12" HPOS="117" VPOS="817" WIDTH="1497" HEIGHT="43">
							<String ID="string_121" HPOS="117" VPOS="820" WIDTH="180" HEIGHT="40" WC="0.96" CONTENT="prisnivån"/><SP WIDTH="21" VPOS="820" HPOS="297"/>
							<String ID="string_122" HPOS="318" VPOS="821" WIDTH="107" HEIGHT="29" WC="0.96" CONTENT="redan"/><SP WIDTH="21" VPOS="821" HPOS="425"/>
							<String ID="string_123" HPOS="446" VPOS="829" WIDTH="48" HEIGHT="21" WC="0.96" CONTENT="nu"/><SP WIDTH="22" VPOS="829" HPOS="494"/>
							<String ID="string_124" HPOS="516" VPOS="821" WIDTH="38" HEIGHT="29" WC="0.96" CONTENT="är"/><SP WIDTH="21" VPOS="821" HPOS="554"/>
							<String ID="string_125" HPOS="575" VPOS="820" WIDTH="38" HEIGHT="30" WC="0.96" CONTENT="så"/><SP WIDTH="20" VPOS="820" HPOS="613"/>
							<String ID="string_126" HPOS="633" VPOS="820" WIDTH="66" HEIGHT="39" WC="0.96" CONTENT="hög"/><SP WIDTH="22" VPOS="820" HPOS="699"/>
							<String ID="string_127" HPOS="721" VPOS="822" WIDTH="50" HEIGHT="28" WC="0.96" CONTENT="att"/><SP WIDTH="21" VPOS="822" HPOS="771"/>
							<String ID="string_128" HPOS="792" VPOS="829" WIDTH="43" HEIGHT="20" WC="0.97" CONTENT="en"/><SP WIDTH="20" VPOS="829" HPOS="835"/>
							<String ID="string_129" HPOS="855" VPOS="819" WIDTH="200" HEIGHT="40" WC="0.96" CONTENT="ytterligare"/><SP WIDTH="20" VPOS="819" HPOS="1055"/>
							<String ID="string_130" HPOS="1075" VPOS="818" WIDTH="149" HEIGHT="40" WC="0.96" CONTENT="höjning"/><SP WIDTH="21" VPOS="818" HPOS="1224"/>
							<String ID="string_131" HPOS="1245" VPOS="819" WIDTH="70" HEIGHT="29" WC="0.96" CONTENT="inte"/><SP WIDTH="22" VPOS="819" HPOS="1315"/>
							<String ID="string_132" HPOS="1337" VPOS="818" WIDTH="69" HEIGHT="29" WC="0.95" CONTENT="kan"/><SP WIDTH="22" VPOS="818" HPOS="1406"/>
							<String ID="string_133" HPOS="1428" VPOS="817" WIDTH="186" HEIGHT="30" WC="0.96" CONTENT="motiveras"/>
						</TextLine>
						<TextLine ID="line_13" HPOS="117" VPOS="868" WIDTH="1498" HEIGHT="42">
							<String ID="string_134" HPOS="117" VPOS="881" WIDTH="42" HEIGHT="20" WC="0.93" CONTENT="av"/><SP WIDTH="15" VPOS="881" HPOS="159"/>
							<String ID="string_135" HPOS="174" VPOS="871" WIDTH="371" HEIGHT="39" WC="0.92" CONTENT="nykterhetspolitiska"/><SP WIDTH="18" VPOS="871" HPOS="545"/>
							<String ID="string_136" HPOS="563" VPOS="871" WIDTH="86" HEIGHT="29" WC="0.95" CONTENT="skäl."/><SP WIDTH="16" VPOS="871" HPOS="649"/>
							<String ID="string_137" HPOS="665" VPOS="871" WIDTH="74" HEIGHT="29" WC="0.96" CONTENT="Vad"/><SP WIDTH="18" VPOS="871" HPOS="739"/>
							<String ID="string_138" HPOS="757" VPOS="870" WIDTH="108" HEIGHT="39" WC="0.93" CONTENT="angår"/><SP WIDTH="17" VPOS="870" HPOS="865"/>
							<String ID="string_139" HPOS="882" VPOS="869" WIDTH="358" HEIGHT="40" WC="0.91" CONTENT="spritmissbrukarna"/><SP WIDTH="15" VPOS="869" HPOS="1240"/>
							<String ID="string_140" HPOS="1255" VPOS="869" WIDTH="221" HEIGHT="39" WC="0.93" CONTENT="ifrågasätter"/><SP WIDTH="17" VPOS="869" HPOS="1476"/>
							<String ID="string_141" HPOS="1493" VPOS="868" WIDTH="122" HEIGHT="29" WC="0.91" CONTENT="motio-"/>
						</TextLine>
						<TextLine ID="line_14" HPOS="118" VPOS="918" WIDTH="1497" HEIGHT="42">
							<String ID="string_142" HPOS="118" VPOS="923" WIDTH="159" HEIGHT="32" WC="0.92" CONTENT="närerna,"/><SP WIDTH="18" VPOS="923" HPOS="277"/>
							<String ID="string_143" HPOS="295" VPOS="931" WIDTH="55" HEIGHT="20" WC="0.96" CONTENT="om"/><SP WIDTH="18" VPOS="931" HPOS="350"/>
							<String ID="string_144" HPOS="368" VPOS="922" WIDTH="66" HEIGHT="29" WC="0.96" CONTENT="den"/><SP WIDTH="17" VPOS="922" HPOS="434"/>
							<String ID="string_145" HPOS="451" VPOS="921" WIDTH="198" HEIGHT="39" WC="0.96" CONTENT="föreslagna"/><SP WIDTH="16" VPOS="921" HPOS="649"/>
							<String ID="string_146" HPOS="665" VPOS="921" WIDTH="194" HEIGHT="39" WC="0.96" CONTENT="höjningen"/><SP WIDTH="16" VPOS="921" HPOS="859"/>
							<String ID="string_147" HPOS="875" VPOS="921" WIDTH="64" HEIGHT="29" WC="0.96" CONTENT="har"/><SP WIDTH="18" VPOS="921" HPOS="939"/>
							<String ID="string_148" HPOS="957" VPOS="920" WIDTH="114" HEIGHT="40" WC="0.96" CONTENT="någon"/><SP WIDTH="17" VPOS="920" HPOS="1071"/>
							<String ID="string_149" HPOS="1088" VPOS="920" WIDTH="131" HEIGHT="39" WC="0.96" CONTENT="verklig"/><SP WIDTH="17" VPOS="920" HPOS="1219"/>
							<String ID="string_150" HPOS="1236" VPOS="919" WIDTH="184" HEIGHT="39" WC="0.96" CONTENT="betydelse."/><SP WIDTH="18" VPOS="919" HPOS="1420"/>
							<String ID="string_151" HPOS="1438" VPOS="920" WIDTH="65" HEIGHT="30" WC="0.96" CONTENT="Det"/><SP WIDTH="17" VPOS="920" HPOS="1503"/>
							<String ID="string_152" HPOS="1520" VPOS="918" WIDTH="95" HEIGHT="29" WC="0.95" CONTENT="finns"/>
						</TextLine>
						<TextLine ID="line_15" HPOS="118" VPOS="969" WIDTH="1498" HEIGHT="42">
							<String ID="string_153" HPOS="118" VPOS="981" WIDTH="141" HEIGHT="21" WC="0.96" CONTENT="snarare"/><SP WIDTH="22" VPOS="981" HPOS="259"/>
							<String ID="string_154" HPOS="281" VPOS="972" WIDTH="188" HEIGHT="39" WC="0.96" CONTENT="anledning"/><SP WIDTH="22" VPOS="972" HPOS="469"/>
							<String ID="string_155" HPOS="491" VPOS="971" WIDTH="161" HEIGHT="31" WC="0.95" CONTENT="förmoda"/><SP WIDTH="21" VPOS="971" HPOS="652"/>
							<String ID="string_156" HPOS="673" VPOS="974" WIDTH="50" HEIGHT="27" WC="0.95" CONTENT="att"/><SP WIDTH="21" VPOS="974" HPOS="723"/>
							<String ID="string_157" HPOS="744" VPOS="971" WIDTH="102" HEIGHT="30" WC="0.96" CONTENT="dessa"/><SP WIDTH="21" VPOS="971" HPOS="846"/>
							<String ID="string_158" HPOS="867" VPOS="971" WIDTH="253" HEIGHT="29" WC="0.96" CONTENT="konsumenter"/><SP WIDTH="21" VPOS="971" HPOS="1120"/>
							<String ID="string_159" HPOS="1141" VPOS="970" WIDTH="112" HEIGHT="30" WC="0.96" CONTENT="skulle"/><SP WIDTH="22" VPOS="970" HPOS="1253"/>
							<String ID="string_160" HPOS="1275" VPOS="970" WIDTH="70" HEIGHT="29" WC="0.96" CONTENT="låta"/><SP WIDTH="20" VPOS="970" HPOS="1345"/>
							<String ID="string_161" HPOS="1365" VPOS="970" WIDTH="79" HEIGHT="29" WC="0.93" CONTENT="hela"/><SP WIDTH="21" VPOS="970" HPOS="1444"/>
							<String ID="string_162" HPOS="1465" VPOS="969" WIDTH="151" HEIGHT="39" WC="0.91" CONTENT="prishöj-"/>
						</TextLine>
						<TextLine ID="line_16" HPOS="119" VPOS="1019" WIDTH="1496" HEIGHT="43">
							<String ID="string_163" HPOS="119" VPOS="1023" WIDTH="126" HEIGHT="39" WC="0.96" CONTENT="ningen"/><SP WIDTH="26" VPOS="1023" HPOS="245"/>
							<String ID="string_164" HPOS="271" VPOS="1022" WIDTH="42" HEIGHT="39" WC="0.96" CONTENT="gå"/><SP WIDTH="24" VPOS="1022" HPOS="313"/>
							<String ID="string_165" HPOS="337" VPOS="1025" WIDTH="37" HEIGHT="27" WC="0.96" CONTENT="ut"/><SP WIDTH="26" VPOS="1025" HPOS="374"/>
							<String ID="string_166" HPOS="400" VPOS="1024" WIDTH="80" HEIGHT="28" WC="0.96" CONTENT="över"/><SP WIDTH="25" VPOS="1024" HPOS="480"/>
							<String ID="string_167" HPOS="505" VPOS="1031" WIDTH="116" HEIGHT="20" WC="0.96" CONTENT="annan"/><SP WIDTH="25" VPOS="1031" HPOS="621"/>
							<String ID="string_168" HPOS="646" VPOS="1021" WIDTH="239" HEIGHT="30" WC="0.95" CONTENT="konsumtion."/><SP WIDTH="25" VPOS="1021" HPOS="885"/>
							<String ID="string_169" HPOS="910" VPOS="1020" WIDTH="228" HEIGHT="30" WC="0.92" CONTENT="Beträffande"/><SP WIDTH="26" VPOS="1020" HPOS="1138"/>
							<String ID="string_170" HPOS="1164" VPOS="1020" WIDTH="328" HEIGHT="39" WC="0.90" CONTENT="familjeförsörjare"/><SP WIDTH="26" VPOS="1020" HPOS="1492"/>
							<String ID="string_171" HPOS="1518" VPOS="1019" WIDTH="97" HEIGHT="30" WC="0.96" CONTENT="torde"/>
						</TextLine>
						<TextLine ID="line_17" HPOS="118" VPOS="1070" WIDTH="1498" HEIGHT="42">
							<String ID="string_172" HPOS="118" VPOS="1074" WIDTH="56" HEIGHT="29" WC="0.96" CONTENT="det"/><SP WIDTH="20" VPOS="1074" HPOS="174"/>
							<String ID="string_173" HPOS="194" VPOS="1073" WIDTH="46" HEIGHT="29" WC="0.96" CONTENT="bli"/><SP WIDTH="21" VPOS="1073" HPOS="240"/>
							<String ID="string_174" HPOS="261" VPOS="1073" WIDTH="161" HEIGHT="39" WC="0.96" CONTENT="familjen"/><SP WIDTH="20" VPOS="1073" HPOS="422"/>
							<String ID="string_175" HPOS="442" VPOS="1082" WIDTH="73" HEIGHT="20" WC="0.96" CONTENT="som"/><SP WIDTH="22" VPOS="1082" HPOS="515"/>
							<String ID="string_176" HPOS="537" VPOS="1072" WIDTH="120" HEIGHT="34" WC="0.96" CONTENT="sådan,"/><SP WIDTH="21" VPOS="1072" HPOS="657"/>
							<String ID="string_177" HPOS="678" VPOS="1081" WIDTH="75" HEIGHT="21" WC="0.96" CONTENT="som"/><SP WIDTH="20" VPOS="1081" HPOS="753"/>
							<String ID="string_178" HPOS="773" VPOS="1071" WIDTH="54" HEIGHT="31" WC="0.96" CONTENT="får"/><SP WIDTH="19" VPOS="1071" HPOS="827"/>
							<String ID="string_179" HPOS="846" VPOS="1071" WIDTH="171" HEIGHT="40" WC="0.96" CONTENT="begränsa"/><SP WIDTH="21" VPOS="1071" HPOS="1017"/>
							<String ID="string_180" HPOS="1038" VPOS="1071" WIDTH="55" HEIGHT="29" WC="0.96" CONTENT="sin"/><SP WIDTH="19" VPOS="1071" HPOS="1093"/>
							<String ID="string_181" HPOS="1112" VPOS="1070" WIDTH="238" HEIGHT="34" WC="0.96" CONTENT="konsumtion,"/><SP WIDTH="21" VPOS="1070" HPOS="1350"/>
							<String ID="string_182" HPOS="1371" VPOS="1071" WIDTH="85" HEIGHT="29" WC="0.96" CONTENT="även"/><SP WIDTH="21" VPOS="1071" HPOS="1456"/>
							<String ID="string_183" HPOS="1477" VPOS="1070" WIDTH="62" HEIGHT="29" WC="0.96" CONTENT="där"/><SP WIDTH="21" VPOS="1070" HPOS="1539"/>
							<String ID="string_184" HPOS="1560" VPOS="1070" WIDTH="56" HEIGHT="29" WC="0.96" CONTENT="det"/>
						</TextLine>
						<TextLine ID="line_18" HPOS="118" VPOS="1122" WIDTH="1018" HEIGHT="40">
							<String ID="string_185" HPOS="118" VPOS="1125" WIDTH="57" HEIGHT="28" WC="0.96" CONTENT="rör"/><SP WIDTH="20" VPOS="1125" HPOS="175"/>
							<String ID="string_186" HPOS="195" VPOS="1123" WIDTH="50" HEIGHT="39" WC="0.96" CONTENT="sig"/><SP WIDTH="20" VPOS="1123" HPOS="245"/>
							<String ID="string_187" HPOS="265" VPOS="1133" WIDTH="56" HEIGHT="20" WC="0.96" CONTENT="om"/><SP WIDTH="21" VPOS="1133" HPOS="321"/>
							<String ID="string_188" HPOS="342" VPOS="1124" WIDTH="40" HEIGHT="29" WC="0.96" CONTENT="de"/><SP WIDTH="20" VPOS="1124" HPOS="382"/>
							<String ID="string_189" HPOS="402" VPOS="1125" WIDTH="89" HEIGHT="28" WC="0.96" CONTENT="mest"/><SP WIDTH="20" VPOS="1125" HPOS="491"/>
							<String ID="string_190" HPOS="511" VPOS="1123" WIDTH="211" HEIGHT="30" WC="0.93" CONTENT="elementära"/><SP WIDTH="21" VPOS="1123" HPOS="722"/>
							<String ID="string_191" HPOS="743" VPOS="1122" WIDTH="393" HEIGHT="30" WC="0.92" CONTENT="levnadskostnaderna."/>
						</TextLine>
					</TextBlock>
					<TextBlock ID="block_3" HPOS="116" VPOS="1170" WIDTH="1503" HEIGHT="586">
						<TextLine ID="line_19" HPOS="162" VPOS="1170" WIDTH="1455" HEIGHT="43">
							<String ID="string_192" HPOS="162" VPOS="1174" WIDTH="92" HEIGHT="30" WC="0.96" CONTENT="Från"/><SP WIDTH="23" VPOS="1174" HPOS="254"/>
							<String ID="string_193" HPOS="277" VPOS="1173" WIDTH="106" HEIGHT="30" WC="0.96" CONTENT="fiskal"/><SP WIDTH="24" VPOS="1173" HPOS="383"/>
							<String ID="string_194" HPOS="407" VPOS="1174" WIDTH="180" HEIGHT="39" WC="0.96" CONTENT="synpunkt"/><SP WIDTH="24" VPOS="1174" HPOS="587"/>
							<String ID="string_195" HPOS="611" VPOS="1174" WIDTH="37" HEIGHT="29" WC="0.93" CONTENT="är"/><SP WIDTH="24" VPOS="1174" HPOS="648"/>
							<String ID="string_196" HPOS="672" VPOS="1172" WIDTH="309" HEIGHT="40" WC="0.91" CONTENT="skattehöjningen"/><SP WIDTH="23" VPOS="1172" HPOS="981"/>
							<String ID="string_197" HPOS="1004" VPOS="1172" WIDTH="132" HEIGHT="29" WC="0.96" CONTENT="varken"/><SP WIDTH="24" VPOS="1172" HPOS="1136"/>
							<String ID="string_198" HPOS="1160" VPOS="1171" WIDTH="192" HEIGHT="30" WC="0.96" CONTENT="motiverad"/><SP WIDTH="23" VPOS="1171" HPOS="1352"/>
							<String ID="string_199" HPOS="1375" VPOS="1171" WIDTH="82" HEIGHT="29" WC="0.93" CONTENT="eller"/><SP WIDTH="24" VPOS="1171" HPOS="1457"/>
							<String ID="string_200" HPOS="1481" VPOS="1170" WIDTH="136" HEIGHT="40" WC="0.90" CONTENT="angelä-"/>
						</TextLine>
						<TextLine ID="line_20" HPOS="119" VPOS="1221" WIDTH="1499" HEIGHT="43">
							<String ID="string_201" HPOS="119" VPOS="1232" WIDTH="74" HEIGHT="32" WC="0.96" CONTENT="gen,"/><SP WIDTH="21" VPOS="1232" HPOS="193"/>
							<String ID="string_202" HPOS="214" VPOS="1224" WIDTH="165" HEIGHT="30" WC="0.96" CONTENT="eftersom"/><SP WIDTH="20" VPOS="1224" HPOS="379"/>
							<String ID="string_203" HPOS="399" VPOS="1224" WIDTH="118" HEIGHT="39" WC="0.93" CONTENT="övriga"/><SP WIDTH="21" VPOS="1224" HPOS="517"/>
							<String ID="string_204" HPOS="538" VPOS="1224" WIDTH="284" HEIGHT="29" WC="0.92" CONTENT="statsinkomster"/><SP WIDTH="20" VPOS="1224" HPOS="822"/>
							<String ID="string_205" HPOS="842" VPOS="1224" WIDTH="38" HEIGHT="29" WC="0.96" CONTENT="är"/><SP WIDTH="20" VPOS="1224" HPOS="880"/>
							<String ID="string_206" HPOS="900" VPOS="1222" WIDTH="81" HEIGHT="30" WC="0.96" CONTENT="fullt"/><SP WIDTH="19" VPOS="1222" HPOS="981"/>
							<String ID="string_207" HPOS="1000" VPOS="1222" WIDTH="210" HEIGHT="39" WC="0.96" CONTENT="tillräckliga"/><SP WIDTH="20" VPOS="1222" HPOS="1210"/>
							<String ID="string_208" HPOS="1230" VPOS="1222" WIDTH="54" HEIGHT="30" WC="0.96" CONTENT="för"/><SP WIDTH="21" VPOS="1222" HPOS="1284"/>
							<String ID="string_209" HPOS="1305" VPOS="1224" WIDTH="49" HEIGHT="27" WC="0.96" CONTENT="att"/><SP WIDTH="20" VPOS="1224" HPOS="1354"/>
							<String ID="string_210" HPOS="1374" VPOS="1222" WIDTH="103" HEIGHT="29" WC="0.93" CONTENT="täcka"/><SP WIDTH="19" VPOS="1222" HPOS="1477"/>
							<String ID="string_211" HPOS="1496" VPOS="1221" WIDTH="122" HEIGHT="30" WC="0.92" CONTENT="beräk-"/>
						</TextLine>
						<TextLine ID="line_21" HPOS="120" VPOS="1271" WIDTH="1498" HEIGHT="43">
							<String ID="string_212" HPOS="120" VPOS="1275" WIDTH="88" HEIGHT="30" WC="0.96" CONTENT="nade"/><SP WIDTH="18" VPOS="1275" HPOS="208"/>
							<String ID="string_213" HPOS="226" VPOS="1275" WIDTH="147" HEIGHT="39" WC="0.96" CONTENT="löpande"/><SP WIDTH="19" VPOS="1275" HPOS="373"/>
							<String ID="string_214" HPOS="392" VPOS="1274" WIDTH="155" HEIGHT="40" WC="0.96" CONTENT="utgifter."/><SP WIDTH="20" VPOS="1274" HPOS="547"/>
							<String ID="string_215" HPOS="567" VPOS="1274" WIDTH="49" HEIGHT="30" WC="0.95" CONTENT="På"/><SP WIDTH="18" VPOS="1274" HPOS="616"/>
							<String ID="string_216" HPOS="634" VPOS="1274" WIDTH="113" HEIGHT="39" WC="0.96" CONTENT="grund"/><SP WIDTH="18" VPOS="1274" HPOS="747"/>
							<String ID="string_217" HPOS="765" VPOS="1274" WIDTH="110" HEIGHT="29" WC="0.96" CONTENT="härav"/><SP WIDTH="17" VPOS="1274" HPOS="875"/>
							<String ID="string_218" HPOS="892" VPOS="1274" WIDTH="183" HEIGHT="29" WC="0.96" CONTENT="motsätter"/><SP WIDTH="20" VPOS="1274" HPOS="1075"/>
							<String ID="string_219" HPOS="1095" VPOS="1273" WIDTH="51" HEIGHT="39" WC="0.96" CONTENT="sig"/><SP WIDTH="18" VPOS="1273" HPOS="1146"/>
							<String ID="string_220" HPOS="1164" VPOS="1272" WIDTH="259" HEIGHT="30" WC="0.96" CONTENT="motionärerna"/><SP WIDTH="20" VPOS="1272" HPOS="1423"/>
							<String ID="string_221" HPOS="1443" VPOS="1272" WIDTH="66" HEIGHT="29" WC="0.92" CONTENT="den"/><SP WIDTH="20" VPOS="1272" HPOS="1509"/>
							<String ID="string_222" HPOS="1529" VPOS="1271" WIDTH="89" HEIGHT="30" WC="0.90" CONTENT="före-"/>
						</TextLine>
						<TextLine ID="line_22" HPOS="118" VPOS="1322" WIDTH="1496" HEIGHT="42">
							<String ID="string_223" HPOS="118" VPOS="1326" WIDTH="120" HEIGHT="38" WC="0.93" CONTENT="slagna"/><SP WIDTH="20" VPOS="1326" HPOS="238"/>
							<String ID="string_224" HPOS="258" VPOS="1325" WIDTH="307" HEIGHT="39" WC="0.91" CONTENT="skattehöjningen"/><SP WIDTH="21" VPOS="1325" HPOS="565"/>
							<String ID="string_225" HPOS="586" VPOS="1334" WIDTH="80" HEIGHT="20" WC="0.96" CONTENT="men"/><SP WIDTH="20" VPOS="1334" HPOS="666"/>
							<String ID="string_226" HPOS="686" VPOS="1333" WIDTH="102" HEIGHT="21" WC="0.95" CONTENT="anser"/><SP WIDTH="20" VPOS="1333" HPOS="788"/>
							<String ID="string_227" HPOS="808" VPOS="1323" WIDTH="166" HEIGHT="40" WC="0.96" CONTENT="förslaget"/><SP WIDTH="20" VPOS="1323" HPOS="974"/>
							<String ID="string_228" HPOS="994" VPOS="1326" WIDTH="50" HEIGHT="27" WC="0.95" CONTENT="att"/><SP WIDTH="20" VPOS="1326" HPOS="1044"/>
							<String ID="string_229" HPOS="1064" VPOS="1326" WIDTH="35" HEIGHT="27" WC="0.95" CONTENT="ta"/><SP WIDTH="19" VPOS="1326" HPOS="1099"/>
							<String ID="string_230" HPOS="1118" VPOS="1322" WIDTH="77" HEIGHT="30" WC="0.93" CONTENT="bort"/><SP WIDTH="20" VPOS="1322" HPOS="1195"/>
							<String ID="string_231" HPOS="1215" VPOS="1322" WIDTH="399" HEIGHT="39" WC="0.91" CONTENT="utskänkningsskatten"/>
						</TextLine>
						<TextLine ID="line_23" HPOS="116" VPOS="1372" WIDTH="1500" HEIGHT="40">
							<String ID="string_232" HPOS="116" VPOS="1375" WIDTH="55" HEIGHT="29" WC="0.96" CONTENT="väl"/><SP WIDTH="19" VPOS="1375" HPOS="171"/>
							<String ID="string_233" HPOS="190" VPOS="1375" WIDTH="193" HEIGHT="30" WC="0.96" CONTENT="motiverat."/><SP WIDTH="20" VPOS="1375" HPOS="383"/>
							<String ID="string_234" HPOS="403" VPOS="1375" WIDTH="258" HEIGHT="29" WC="0.96" CONTENT="Motionärerna"/><SP WIDTH="18" VPOS="1375" HPOS="661"/>
							<String ID="string_235" HPOS="679" VPOS="1374" WIDTH="97" HEIGHT="30" WC="0.96" CONTENT="delar"/><SP WIDTH="17" VPOS="1374" HPOS="776"/>
							<String ID="string_236" HPOS="793" VPOS="1375" WIDTH="86" HEIGHT="29" WC="0.93" CONTENT="även"/><SP WIDTH="19" VPOS="1375" HPOS="879"/>
							<String ID="string_237" HPOS="898" VPOS="1373" WIDTH="404" HEIGHT="39" WC="0.91" CONTENT="departementschefens"/><SP WIDTH="19" VPOS="1373" HPOS="1302"/>
							<String ID="string_238" HPOS="1321" VPOS="1372" WIDTH="226" HEIGHT="40" WC="0.96" CONTENT="uppfattning"/><SP WIDTH="19" VPOS="1372" HPOS="1547"/>
							<String ID="string_239" HPOS="1566" VPOS="1374" WIDTH="50" HEIGHT="28" WC="0.96" CONTENT="att"/>
						</TextLine>
						<TextLine ID="line_24" HPOS="118" VPOS="1422" WIDTH="1498" HEIGHT="41">
							<String ID="string_240" HPOS="118" VPOS="1433" WIDTH="42" HEIGHT="20" WC="0.96" CONTENT="en"/><SP WIDTH="18" VPOS="1433" HPOS="160"/>
							<String ID="string_241" HPOS="178" VPOS="1424" WIDTH="162" HEIGHT="39" WC="0.96" CONTENT="glidande"/><SP WIDTH="19" VPOS="1424" HPOS="340"/>
							<String ID="string_242" HPOS="359" VPOS="1424" WIDTH="98" HEIGHT="30" WC="0.96" CONTENT="skala"/><SP WIDTH="17" VPOS="1424" HPOS="457"/>
							<String ID="string_243" HPOS="474" VPOS="1425" WIDTH="64" HEIGHT="29" WC="0.96" CONTENT="bör"/><SP WIDTH="18" VPOS="1425" HPOS="538"/>
							<String ID="string_244" HPOS="556" VPOS="1423" WIDTH="177" HEIGHT="40" WC="0.96" CONTENT="tillämpas"/><SP WIDTH="18" VPOS="1423" HPOS="733"/>
							<String ID="string_245" HPOS="751" VPOS="1424" WIDTH="11" HEIGHT="29" WC="0.96" CONTENT="i"/><SP WIDTH="20" VPOS="1424" HPOS="762"/>
							<String ID="string_246" HPOS="782" VPOS="1423" WIDTH="99" HEIGHT="39" WC="0.96" CONTENT="fråga"/><SP WIDTH="19" VPOS="1423" HPOS="881"/>
							<String ID="string_247" HPOS="900" VPOS="1432" WIDTH="57" HEIGHT="20" WC="0.92" CONTENT="om"/><SP WIDTH="20" VPOS="1432" HPOS="957"/>
							<String ID="string_248" HPOS="977" VPOS="1422" WIDTH="358" HEIGHT="41" WC="0.91" CONTENT="spritbeskattningen"/><SP WIDTH="19" VPOS="1422" HPOS="1335"/>
							<String ID="string_249" HPOS="1354" VPOS="1422" WIDTH="79" HEIGHT="30" WC="0.92" CONTENT="med"/><SP WIDTH="20" VPOS="1422" HPOS="1433"/>
							<String ID="string_250" HPOS="1453" VPOS="1422" WIDTH="163" HEIGHT="39" WC="0.91" CONTENT="utgångs-"/>
						</TextLine>
						<TextLine ID="line_25" HPOS="118" VPOS="1472" WIDTH="1499" HEIGHT="42">
							<String ID="string_251" HPOS="118" VPOS="1475" WIDTH="112" HEIGHT="39" WC="0.95" CONTENT="punkt"/><SP WIDTH="23" VPOS="1475" HPOS="230"/>
							<String ID="string_252" HPOS="253" VPOS="1474" WIDTH="79" HEIGHT="30" WC="0.95" CONTENT="från"/><SP WIDTH="22" VPOS="1474" HPOS="332"/>
							<String ID="string_253" HPOS="354" VPOS="1475" WIDTH="271" HEIGHT="29" WC="0.95" CONTENT="alkoholhalten."/><SP WIDTH="22" VPOS="1475" HPOS="625"/>
							<String ID="string_254" HPOS="647" VPOS="1474" WIDTH="118" HEIGHT="30" WC="0.96" CONTENT="Under"/><SP WIDTH="22" VPOS="1474" HPOS="765"/>
							<String ID="string_255" HPOS="787" VPOS="1473" WIDTH="131" HEIGHT="30" WC="0.96" CONTENT="sådana"/><SP WIDTH="22" VPOS="1473" HPOS="918"/>
							<String ID="string_256" HPOS="940" VPOS="1473" WIDTH="245" HEIGHT="31" WC="0.96" CONTENT="förhållanden"/><SP WIDTH="21" VPOS="1473" HPOS="1185"/>
							<String ID="string_257" HPOS="1206" VPOS="1473" WIDTH="62" HEIGHT="29" WC="0.96" CONTENT="bör"/><SP WIDTH="21" VPOS="1473" HPOS="1268"/>
							<String ID="string_258" HPOS="1289" VPOS="1472" WIDTH="214" HEIGHT="40" WC="0.96" CONTENT="justeringar"/><SP WIDTH="22" VPOS="1472" HPOS="1503"/>
							<String ID="string_259" HPOS="1525" VPOS="1472" WIDTH="60" HEIGHT="29" WC="0.96" CONTENT="ske"/><SP WIDTH="22" VPOS="1472" HPOS="1585"/>
							<String ID="string_260" HPOS="1607" VPOS="1472" WIDTH="10" HEIGHT="29" WC="0.96" CONTENT="i"/>
						</TextLine>
						<TextLine ID="line_26" HPOS="119" VPOS="1522" WIDTH="1498" HEIGHT="34">
							<String ID="string_261" HPOS="119" VPOS="1526" WIDTH="41" HEIGHT="29" WC="0.96" CONTENT="de"/><SP WIDTH="24" VPOS="1526" HPOS="160"/>
							<String ID="string_262" HPOS="184" VPOS="1525" WIDTH="201" HEIGHT="29" WC="0.93" CONTENT="nuvarande"/><SP WIDTH="24" VPOS="1525" HPOS="385"/>
							<String ID="string_263" HPOS="409" VPOS="1524" WIDTH="437" HEIGHT="30" WC="0.91" CONTENT="skattebestämmelserna."/><SP WIDTH="25" VPOS="1524" HPOS="846"/>
							<String ID="string_264" HPOS="871" VPOS="1524" WIDTH="259" HEIGHT="29" WC="0.95" CONTENT="Motionärerna"/><SP WIDTH="24" VPOS="1524" HPOS="1130"/>
							<String ID="string_265" HPOS="1154" VPOS="1523" WIDTH="146" HEIGHT="30" WC="0.96" CONTENT="föreslår"/><SP WIDTH="25" VPOS="1523" HPOS="1300"/>
							<String ID="string_266" HPOS="1325" VPOS="1523" WIDTH="53" HEIGHT="30" WC="0.96" CONTENT="för"/><SP WIDTH="24" VPOS="1523" HPOS="1378"/>
							<String ID="string_267" HPOS="1402" VPOS="1523" WIDTH="55" HEIGHT="29" WC="0.96" CONTENT="sin"/><SP WIDTH="22" VPOS="1523" HPOS="1457"/>
							<String ID="string_268" HPOS="1479" VPOS="1522" WIDTH="65" HEIGHT="34" WC="0.96" CONTENT="del,"/><SP WIDTH="25" VPOS="1522" HPOS="1544"/>
							<String ID="string_269" HPOS="1569" VPOS="1524" WIDTH="48" HEIGHT="28" WC="0.96" CONTENT="att"/>
						</TextLine>
						<TextLine ID="line_27" HPOS="120" VPOS="1573" WIDTH="1498" HEIGHT="41">
							<String ID="string_270" HPOS="120" VPOS="1574" WIDTH="268" HEIGHT="40" WC="0.91" CONTENT="grundavgiften"/><SP WIDTH="24" VPOS="1574" HPOS="388"/>
							<String ID="string_271" HPOS="412" VPOS="1575" WIDTH="54" HEIGHT="30" WC="0.96" CONTENT="för"/><SP WIDTH="23" VPOS="1575" HPOS="466"/>
							<String ID="string_272" HPOS="489" VPOS="1575" WIDTH="88" HEIGHT="39" WC="0.96" CONTENT="sprit"/><SP WIDTH="23" VPOS="1575" HPOS="577"/>
							<String ID="string_273" HPOS="600" VPOS="1574" WIDTH="190" HEIGHT="31" WC="0.96" CONTENT="fastställes"/><SP WIDTH="23" VPOS="1574" HPOS="790"/>
							<String ID="string_274" HPOS="813" VPOS="1574" WIDTH="52" HEIGHT="30" WC="0.95" CONTENT="till"/><SP WIDTH="23" VPOS="1574" HPOS="865"/>
							<String ID="string_275" HPOS="888" VPOS="1574" WIDTH="41" HEIGHT="30" WC="0.96" CONTENT="28"/><SP WIDTH="22" VPOS="1574" HPOS="929"/>
							<String ID="string_276" HPOS="951" VPOS="1575" WIDTH="59" HEIGHT="29" WC="0.96" CONTENT="öre"/><SP WIDTH="22" VPOS="1575" HPOS="1010"/>
							<String ID="string_277" HPOS="1032" VPOS="1574" WIDTH="11" HEIGHT="29" WC="0.96" CONTENT="i"/><SP WIDTH="23" VPOS="1574" HPOS="1043"/>
							<String ID="string_278" HPOS="1066" VPOS="1574" WIDTH="115" HEIGHT="29" WC="0.96" CONTENT="stället"/><SP WIDTH="23" VPOS="1574" HPOS="1181"/>
							<String ID="string_279" HPOS="1204" VPOS="1573" WIDTH="54" HEIGHT="30" WC="0.96" CONTENT="för"/><SP WIDTH="24" VPOS="1573" HPOS="1258"/>
							<String ID="string_280" HPOS="1282" VPOS="1583" WIDTH="41" HEIGHT="20" WC="0.93" CONTENT="av"/><SP WIDTH="22" VPOS="1583" HPOS="1323"/>
							<String ID="string_281" HPOS="1345" VPOS="1573" WIDTH="273" HEIGHT="39" WC="0.91" CONTENT="departements-"/>
						</TextLine>
						<TextLine ID="line_28" HPOS="119" VPOS="1623" WIDTH="1499" HEIGHT="42">
							<String ID="string_282" HPOS="119" VPOS="1626" WIDTH="123" HEIGHT="29" WC="0.96" CONTENT="chefen"/><SP WIDTH="21" VPOS="1626" HPOS="242"/>
							<String ID="string_283" HPOS="263" VPOS="1625" WIDTH="197" HEIGHT="40" WC="0.96" CONTENT="föreslagna"/><SP WIDTH="21" VPOS="1625" HPOS="460"/>
							<String ID="string_284" HPOS="481" VPOS="1625" WIDTH="40" HEIGHT="30" WC="0.95" CONTENT="30"/><SP WIDTH="21" VPOS="1625" HPOS="521"/>
							<String ID="string_285" HPOS="542" VPOS="1626" WIDTH="57" HEIGHT="29" WC="0.96" CONTENT="öre"/><SP WIDTH="22" VPOS="1626" HPOS="599"/>
							<String ID="string_286" HPOS="621" VPOS="1624" WIDTH="54" HEIGHT="31" WC="0.96" CONTENT="för"/><SP WIDTH="18" VPOS="1624" HPOS="675"/>
							<String ID="string_287" HPOS="693" VPOS="1625" WIDTH="97" HEIGHT="39" WC="0.96" CONTENT="varje"/><SP WIDTH="20" VPOS="1625" HPOS="790"/>
							<String ID="string_288" HPOS="810" VPOS="1625" WIDTH="56" HEIGHT="29" WC="0.96" CONTENT="hel"/><SP WIDTH="20" VPOS="1625" HPOS="866"/>
							<String ID="string_289" HPOS="886" VPOS="1624" WIDTH="262" HEIGHT="40" WC="0.96" CONTENT="volymprocent"/><SP WIDTH="21" VPOS="1624" HPOS="1148"/>
							<String ID="string_290" HPOS="1169" VPOS="1624" WIDTH="150" HEIGHT="34" WC="0.95" CONTENT="alkohol,"/><SP WIDTH="21" VPOS="1624" HPOS="1319"/>
							<String ID="string_291" HPOS="1340" VPOS="1624" WIDTH="88" HEIGHT="39" WC="0.96" CONTENT="lägst"/><SP WIDTH="21" VPOS="1624" HPOS="1428"/>
							<String ID="string_292" HPOS="1449" VPOS="1623" WIDTH="19" HEIGHT="30" WC="0.96" CONTENT="8"/><SP WIDTH="20" VPOS="1623" HPOS="1468"/>
							<String ID="string_293" HPOS="1488" VPOS="1623" WIDTH="130" HEIGHT="30" WC="0.95" CONTENT="kronor"/>
						</TextLine>
						<TextLine ID="line_29" HPOS="119" VPOS="1673" WIDTH="1500" HEIGHT="42">
							<String ID="string_294" HPOS="119" VPOS="1676" WIDTH="41" HEIGHT="30" WC="0.96" CONTENT="40"/><SP WIDTH="19" VPOS="1676" HPOS="160"/>
							<String ID="string_295" HPOS="179" VPOS="1677" WIDTH="67" HEIGHT="29" WC="0.95" CONTENT="öre."/><SP WIDTH="20" VPOS="1677" HPOS="246"/>
							<String ID="string_296" HPOS="266" VPOS="1676" WIDTH="211" HEIGHT="39" WC="0.96" CONTENT="Härigenom"/><SP WIDTH="20" VPOS="1676" HPOS="477"/>
							<String ID="string_297" HPOS="497" VPOS="1685" WIDTH="102" HEIGHT="30" WC="0.96" CONTENT="synes"/><SP WIDTH="19" VPOS="1685" HPOS="599"/>
							<String ID="string_298" HPOS="618" VPOS="1685" WIDTH="42" HEIGHT="20" WC="0.96" CONTENT="en"/><SP WIDTH="21" VPOS="1685" HPOS="660"/>
							<String ID="string_299" HPOS="681" VPOS="1675" WIDTH="186" HEIGHT="40" WC="0.93" CONTENT="tillräcklig"/><SP WIDTH="20" VPOS="1675" HPOS="867"/>
							<String ID="string_300" HPOS="887" VPOS="1675" WIDTH="355" HEIGHT="39" WC="0.91" CONTENT="säkerhetsmarginal"/><SP WIDTH="18" VPOS="1675" HPOS="1242"/>
							<String ID="string_301" HPOS="1260" VPOS="1674" WIDTH="184" HEIGHT="39" WC="0.91" CONTENT="tillskapas"/><SP WIDTH="20" VPOS="1674" HPOS="1444"/>
							<String ID="string_302" HPOS="1464" VPOS="1674" WIDTH="65" HEIGHT="29" WC="0.93" CONTENT="vad"/><SP WIDTH="21" VPOS="1674" HPOS="1529"/>
							<String ID="string_303" HPOS="1550" VPOS="1673" WIDTH="69" HEIGHT="40" WC="0.91" CONTENT="gäl-"/>
						</TextLine>
						<TextLine ID="line_30" HPOS="120" VPOS="1726" WIDTH="412" HEIGHT="30">
							<String ID="string_304" HPOS="120" VPOS="1727" WIDTH="49" HEIGHT="29" WC="0.93" CONTENT="ler"/><SP WIDTH="22" VPOS="1727" HPOS="169"/>
							<String ID="string_305" HPOS="191" VPOS="1726" WIDTH="341" HEIGHT="30" WC="0.91" CONTENT="statsinkomsterna."/>
						</TextLine>
					</TextBlock>
				</ComposedBlock>
				<ComposedBlock ID="cblock_3" HPOS="119" VPOS="1799" WIDTH="1501" HEIGHT="688">
					<TextBlock ID="block_4" HPOS="119" VPOS="1799" WIDTH="1501" HEIGHT="688">
						<TextLine ID="line_31" HPOS="165" VPOS="1799" WIDTH="1454" HEIGHT="40">
							<String ID="string_306" HPOS="165" VPOS="1801" WIDTH="12" HEIGHT="29" WC="0.96" CONTENT="I"/><SP WIDTH="22" VPOS="1801" HPOS="177"/>
							<String ID="string_307" HPOS="199" VPOS="1801" WIDTH="177" HEIGHT="30" WC="0.96" CONTENT="motionen"/><SP WIDTH="24" VPOS="1801" HPOS="376"/>
							<String ID="string_308" HPOS="400" VPOS="1801" WIDTH="46" HEIGHT="30" WC="0.47" CONTENT="II:"/><SP WIDTH="17" VPOS="1801" HPOS="446"/>
							<String ID="string_309" HPOS="463" VPOS="1801" WIDTH="63" HEIGHT="30" WC="0.91" CONTENT="752"/><SP WIDTH="23" VPOS="1801" HPOS="526"/>
							<String ID="string_310" HPOS="549" VPOS="1801" WIDTH="140" HEIGHT="30" WC="0.91" CONTENT="anföres"/><SP WIDTH="23" VPOS="1801" HPOS="689"/>
							<String ID="string_311" HPOS="712" VPOS="1801" WIDTH="10" HEIGHT="29" WC="0.96" CONTENT="i"/><SP WIDTH="23" VPOS="1801" HPOS="722"/>
							<String ID="string_312" HPOS="745" VPOS="1801" WIDTH="188" HEIGHT="29" WC="0.96" CONTENT="huvudsak"/><SP WIDTH="23" VPOS="1801" HPOS="933"/>
							<String ID="string_313" HPOS="956" VPOS="1800" WIDTH="168" HEIGHT="39" WC="0.95" CONTENT="följande."/><SP WIDTH="22" VPOS="1800" HPOS="1124"/>
							<String ID="string_314" HPOS="1146" VPOS="1800" WIDTH="68" HEIGHT="30" WC="0.96" CONTENT="För"/><SP WIDTH="23" VPOS="1800" HPOS="1214"/>
							<String ID="string_315" HPOS="1237" VPOS="1800" WIDTH="96" HEIGHT="39" WC="0.96" CONTENT="varje"/><SP WIDTH="23" VPOS="1800" HPOS="1333"/>
							<String ID="string_316" HPOS="1356" VPOS="1799" WIDTH="90" HEIGHT="39" WC="0.91" CONTENT="gång"/><SP WIDTH="22" VPOS="1799" HPOS="1446"/>
							<String ID="string_317" HPOS="1468" VPOS="1799" WIDTH="151" HEIGHT="39" WC="0.91" CONTENT="prishöj-"/>
						</TextLine>
						<TextLine ID="line_32" HPOS="120" VPOS="1849" WIDTH="1499" HEIGHT="41">
							<String ID="string_318" HPOS="120" VPOS="1851" WIDTH="83" HEIGHT="39" WC="0.96" CONTENT="ning"/><SP WIDTH="19" VPOS="1851" HPOS="203"/>
							<String ID="string_319" HPOS="222" VPOS="1851" WIDTH="88" HEIGHT="30" WC="0.96" CONTENT="skall"/><SP WIDTH="19" VPOS="1851" HPOS="310"/>
							<String ID="string_320" HPOS="329" VPOS="1851" WIDTH="157" HEIGHT="39" WC="0.96" CONTENT="vidtagas"/><SP WIDTH="20" VPOS="1851" HPOS="486"/>
							<String ID="string_321" HPOS="506" VPOS="1851" WIDTH="120" HEIGHT="30" WC="0.93" CONTENT="anförs"/><SP WIDTH="20" VPOS="1851" HPOS="626"/>
							<String ID="string_322" HPOS="646" VPOS="1850" WIDTH="408" HEIGHT="40" WC="0.90" CONTENT="nykterhetsfrämjande"/><SP WIDTH="19" VPOS="1850" HPOS="1054"/>
							<String ID="string_323" HPOS="1073" VPOS="1850" WIDTH="118" HEIGHT="36" WC="0.96" CONTENT="motiv,"/><SP WIDTH="19" VPOS="1850" HPOS="1191"/>
							<String ID="string_324" HPOS="1210" VPOS="1850" WIDTH="111" HEIGHT="29" WC="0.96" CONTENT="ehuru"/><SP WIDTH="20" VPOS="1850" HPOS="1321"/>
							<String ID="string_325" HPOS="1341" VPOS="1850" WIDTH="56" HEIGHT="29" WC="0.96" CONTENT="det"/><SP WIDTH="20" VPOS="1850" HPOS="1397"/>
							<String ID="string_326" HPOS="1417" VPOS="1849" WIDTH="97" HEIGHT="30" WC="0.92" CONTENT="finns"/><SP WIDTH="19" VPOS="1849" HPOS="1514"/>
							<String ID="string_327" HPOS="1533" VPOS="1851" WIDTH="86" HEIGHT="27" WC="0.91" CONTENT="star-"/>
						</TextLine>
						<TextLine ID="line_33" HPOS="119" VPOS="1899" WIDTH="1498" HEIGHT="40">
							<String ID="string_328" HPOS="119" VPOS="1900" WIDTH="46" HEIGHT="29" WC="0.96" CONTENT="ka"/><SP WIDTH="19" VPOS="1900" HPOS="165"/>
							<String ID="string_329" HPOS="184" VPOS="1900" WIDTH="74" HEIGHT="29" WC="0.96" CONTENT="skäl"/><SP WIDTH="18" VPOS="1900" HPOS="258"/>
							<String ID="string_330" HPOS="276" VPOS="1901" WIDTH="128" HEIGHT="38" WC="0.96" CONTENT="antaga"/><SP WIDTH="17" VPOS="1901" HPOS="404"/>
							<String ID="string_331" HPOS="421" VPOS="1902" WIDTH="51" HEIGHT="28" WC="0.96" CONTENT="att"/><SP WIDTH="18" VPOS="1902" HPOS="472"/>
							<String ID="string_332" HPOS="490" VPOS="1901" WIDTH="68" HEIGHT="29" WC="0.96" CONTENT="den"/><SP WIDTH="18" VPOS="1901" HPOS="558"/>
							<String ID="string_333" HPOS="576" VPOS="1900" WIDTH="77" HEIGHT="30" WC="0.96" CONTENT="icke"/><SP WIDTH="16" VPOS="1900" HPOS="653"/>
							<String ID="string_334" HPOS="669" VPOS="1901" WIDTH="65" HEIGHT="30" WC="0.96" CONTENT="har"/><SP WIDTH="18" VPOS="1901" HPOS="734"/>
							<String ID="string_335" HPOS="752" VPOS="1909" WIDTH="43" HEIGHT="21" WC="0.93" CONTENT="en"/><SP WIDTH="19" VPOS="1909" HPOS="795"/>
							<String ID="string_336" HPOS="814" VPOS="1899" WIDTH="463" HEIGHT="31" WC="0.91" CONTENT="konsumtionshämmande"/><SP WIDTH="17" VPOS="1899" HPOS="1277"/>
							<String ID="string_337" HPOS="1294" VPOS="1899" WIDTH="131" HEIGHT="30" WC="0.96" CONTENT="verkan"/><SP WIDTH="19" VPOS="1899" HPOS="1425"/>
							<String ID="string_338" HPOS="1444" VPOS="1900" WIDTH="64" HEIGHT="29" WC="0.96" CONTENT="hos"/><SP WIDTH="20" VPOS="1900" HPOS="1508"/>
							<String ID="string_339" HPOS="1528" VPOS="1899" WIDTH="89" HEIGHT="33" WC="0.96" CONTENT="dem,"/>
						</TextLine>
						<TextLine ID="line_34" HPOS="121" VPOS="1949" WIDTH="1498" HEIGHT="40">
							<String ID="string_340" HPOS="121" VPOS="1959" WIDTH="73" HEIGHT="21" WC="0.96" CONTENT="som"/><SP WIDTH="19" VPOS="1959" HPOS="194"/>
							<String ID="string_341" HPOS="213" VPOS="1950" WIDTH="177" HEIGHT="39" WC="0.96" CONTENT="verkligen"/><SP WIDTH="19" VPOS="1950" HPOS="390"/>
							<String ID="string_342" HPOS="409" VPOS="1950" WIDTH="149" HEIGHT="30" WC="0.96" CONTENT="behöver"/><SP WIDTH="18" VPOS="1950" HPOS="558"/>
							<String ID="string_343" HPOS="576" VPOS="1950" WIDTH="99" HEIGHT="39" WC="0.96" CONTENT="hjälp"/><SP WIDTH="18" VPOS="1950" HPOS="675"/>
							<String ID="string_344" HPOS="693" VPOS="1951" WIDTH="79" HEIGHT="29" WC="0.96" CONTENT="med"/><SP WIDTH="19" VPOS="1951" HPOS="772"/>
							<String ID="string_345" HPOS="791" VPOS="1952" WIDTH="49" HEIGHT="28" WC="0.96" CONTENT="ett"/><SP WIDTH="19" VPOS="1952" HPOS="840"/>
							<String ID="string_346" HPOS="859" VPOS="1949" WIDTH="309" HEIGHT="40" WC="0.96" CONTENT="alkoholproblem."/><SP WIDTH="20" VPOS="1949" HPOS="1168"/>
							<String ID="string_347" HPOS="1188" VPOS="1950" WIDTH="105" HEIGHT="38" WC="0.93" CONTENT="Varje"/><SP WIDTH="20" VPOS="1950" HPOS="1293"/>
							<String ID="string_348" HPOS="1313" VPOS="1949" WIDTH="237" HEIGHT="39" WC="0.91" CONTENT="sprithöjning"/><SP WIDTH="18" VPOS="1949" HPOS="1550"/>
							<String ID="string_349" HPOS="1568" VPOS="1949" WIDTH="51" HEIGHT="29" WC="0.92" CONTENT="in-"/>
						</TextLine>
						<TextLine ID="line_35" HPOS="121" VPOS="1999" WIDTH="1499" HEIGHT="41">
							<String ID="string_350" HPOS="121" VPOS="2000" WIDTH="116" HEIGHT="35" WC="0.92" CONTENT="nebär,"/><SP WIDTH="20" VPOS="2000" HPOS="237"/>
							<String ID="string_351" HPOS="257" VPOS="2002" WIDTH="50" HEIGHT="28" WC="0.96" CONTENT="att"/><SP WIDTH="20" VPOS="2002" HPOS="307"/>
							<String ID="string_352" HPOS="327" VPOS="2010" WIDTH="82" HEIGHT="20" WC="0.96" CONTENT="man"/><SP WIDTH="18" VPOS="2010" HPOS="409"/>
							<String ID="string_353" HPOS="427" VPOS="2001" WIDTH="201" HEIGHT="39" WC="0.96" CONTENT="ytterligare"/><SP WIDTH="21" VPOS="2001" HPOS="628"/>
							<String ID="string_354" HPOS="649" VPOS="2000" WIDTH="185" HEIGHT="40" WC="0.96" CONTENT="fördjupar"/><SP WIDTH="21" VPOS="2000" HPOS="834"/>
							<String ID="string_355" HPOS="855" VPOS="2000" WIDTH="67" HEIGHT="30" WC="0.96" CONTENT="den"/><SP WIDTH="20" VPOS="2000" HPOS="922"/>
							<String ID="string_356" HPOS="942" VPOS="2000" WIDTH="128" HEIGHT="30" WC="0.96" CONTENT="sociala"/><SP WIDTH="21" VPOS="2000" HPOS="1070"/>
							<String ID="string_357" HPOS="1091" VPOS="2000" WIDTH="125" HEIGHT="33" WC="0.95" CONTENT="nöden,"/><SP WIDTH="20" VPOS="2000" HPOS="1216"/>
							<String ID="string_358" HPOS="1236" VPOS="1999" WIDTH="165" HEIGHT="40" WC="0.96" CONTENT="ångesten"/><SP WIDTH="20" VPOS="1999" HPOS="1401"/>
							<String ID="string_359" HPOS="1421" VPOS="2000" WIDTH="65" HEIGHT="29" WC="0.93" CONTENT="och"/><SP WIDTH="20" VPOS="2000" HPOS="1486"/>
							<String ID="string_360" HPOS="1506" VPOS="1999" WIDTH="114" HEIGHT="39" WC="0.92" CONTENT="hjälp-"/>
						</TextLine>
						<TextLine ID="line_36" HPOS="121" VPOS="2049" WIDTH="1498" HEIGHT="41">
							<String ID="string_361" HPOS="121" VPOS="2051" WIDTH="156" HEIGHT="30" WC="0.92" CONTENT="lösheten"/><SP WIDTH="19" VPOS="2051" HPOS="277"/>
							<String ID="string_362" HPOS="296" VPOS="2050" WIDTH="105" HEIGHT="30" WC="0.93" CONTENT="bland"/><SP WIDTH="21" VPOS="2050" HPOS="401"/>
							<String ID="string_363" HPOS="422" VPOS="2050" WIDTH="322" HEIGHT="40" WC="0.92" CONTENT="spritmissbrukets"/><SP WIDTH="20" VPOS="2050" HPOS="744"/>
							<String ID="string_364" HPOS="764" VPOS="2050" WIDTH="93" HEIGHT="30" WC="0.96" CONTENT="offer"/><SP WIDTH="18" VPOS="2050" HPOS="857"/>
							<String ID="string_365" HPOS="875" VPOS="2050" WIDTH="66" HEIGHT="30" WC="0.96" CONTENT="och"/><SP WIDTH="19" VPOS="2050" HPOS="941"/>
							<String ID="string_366" HPOS="960" VPOS="2050" WIDTH="101" HEIGHT="30" WC="0.96" CONTENT="deras"/><SP WIDTH="21" VPOS="2050" HPOS="1061"/>
							<String ID="string_367" HPOS="1082" VPOS="2049" WIDTH="164" HEIGHT="40" WC="0.96" CONTENT="familjer."/><SP WIDTH="21" VPOS="2049" HPOS="1246"/>
							<String ID="string_368" HPOS="1267" VPOS="2050" WIDTH="47" HEIGHT="30" WC="0.92" CONTENT="Ur"/><SP WIDTH="20" VPOS="2050" HPOS="1314"/>
							<String ID="string_369" HPOS="1334" VPOS="2050" WIDTH="285" HEIGHT="38" WC="0.91" CONTENT="nykterhetssyn-"/>
						</TextLine>
						<TextLine ID="line_37" HPOS="121" VPOS="2099" WIDTH="1498" HEIGHT="41">
							<String ID="string_370" HPOS="121" VPOS="2101" WIDTH="112" HEIGHT="39" WC="0.96" CONTENT="punkt"/><SP WIDTH="20" VPOS="2101" HPOS="233"/>
							<String ID="string_371" HPOS="253" VPOS="2101" WIDTH="110" HEIGHT="30" WC="0.96" CONTENT="måste"/><SP WIDTH="20" VPOS="2101" HPOS="363"/>
							<String ID="string_372" HPOS="383" VPOS="2110" WIDTH="82" HEIGHT="20" WC="0.95" CONTENT="man"/><SP WIDTH="19" VPOS="2110" HPOS="465"/>
							<String ID="string_373" HPOS="484" VPOS="2101" WIDTH="156" HEIGHT="39" WC="0.95" CONTENT="beklaga,"/><SP WIDTH="20" VPOS="2101" HPOS="640"/>
							<String ID="string_374" HPOS="660" VPOS="2103" WIDTH="50" HEIGHT="27" WC="0.93" CONTENT="att"/><SP WIDTH="20" VPOS="2103" HPOS="710"/>
							<String ID="string_375" HPOS="730" VPOS="2100" WIDTH="267" HEIGHT="40" WC="0.91" CONTENT="spritprisernas"/><SP WIDTH="20" VPOS="2100" HPOS="997"/>
							<String ID="string_376" HPOS="1017" VPOS="2100" WIDTH="85" HEIGHT="39" WC="0.96" CONTENT="höjd"/><SP WIDTH="22" VPOS="2100" HPOS="1102"/>
							<String ID="string_377" HPOS="1124" VPOS="2101" WIDTH="36" HEIGHT="28" WC="0.96" CONTENT="är"/><SP WIDTH="21" VPOS="2101" HPOS="1160"/>
							<String ID="string_378" HPOS="1181" VPOS="2100" WIDTH="65" HEIGHT="29" WC="0.93" CONTENT="den"/><SP WIDTH="21" VPOS="2100" HPOS="1246"/>
							<String ID="string_379" HPOS="1267" VPOS="2099" WIDTH="226" HEIGHT="31" WC="0.91" CONTENT="alkoholvård"/><SP WIDTH="22" VPOS="2099" HPOS="1493"/>
							<String ID="string_380" HPOS="1515" VPOS="2108" WIDTH="74" HEIGHT="21" WC="0.96" CONTENT="som"/><SP WIDTH="21" VPOS="2108" HPOS="1589"/>
							<String ID="string_381" HPOS="1610" VPOS="2099" WIDTH="9" HEIGHT="29" WC="0.96" CONTENT="i"/>
						</TextLine>
						<TextLine ID="line_38" HPOS="122" VPOS="2149" WIDTH="1498" HEIGHT="41">
							<String ID="string_382" HPOS="122" VPOS="2153" WIDTH="86" HEIGHT="28" WC="0.96" CONTENT="stort"/><SP WIDTH="24" VPOS="2153" HPOS="208"/>
							<String ID="string_383" HPOS="232" VPOS="2153" WIDTH="66" HEIGHT="28" WC="0.96" CONTENT="sett"/><SP WIDTH="23" VPOS="2153" HPOS="298"/>
							<String ID="string_384" HPOS="321" VPOS="2151" WIDTH="105" HEIGHT="38" WC="0.93" CONTENT="bjuds"/><SP WIDTH="24" VPOS="2151" HPOS="426"/>
							<String ID="string_385" HPOS="450" VPOS="2151" WIDTH="151" HEIGHT="39" WC="0.91" CONTENT="spritens"/><SP WIDTH="24" VPOS="2151" HPOS="601"/>
							<String ID="string_386" HPOS="625" VPOS="2150" WIDTH="100" HEIGHT="30" WC="0.96" CONTENT="offer."/><SP WIDTH="25" VPOS="2150" HPOS="725"/>
							<String ID="string_387" HPOS="750" VPOS="2150" WIDTH="175" HEIGHT="39" WC="0.95" CONTENT="Anslagen"/><SP WIDTH="24" VPOS="2150" HPOS="925"/>
							<String ID="string_388" HPOS="949" VPOS="2150" WIDTH="51" HEIGHT="30" WC="0.92" CONTENT="till"/><SP WIDTH="25" VPOS="2150" HPOS="1000"/>
							<String ID="string_389" HPOS="1025" VPOS="2149" WIDTH="328" HEIGHT="39" WC="0.91" CONTENT="alkoholforskning"/><SP WIDTH="23" VPOS="2149" HPOS="1353"/>
							<String ID="string_390" HPOS="1376" VPOS="2150" WIDTH="64" HEIGHT="29" WC="0.92" CONTENT="och"/><SP WIDTH="24" VPOS="2150" HPOS="1440"/>
							<String ID="string_391" HPOS="1464" VPOS="2149" WIDTH="156" HEIGHT="30" WC="0.90" CONTENT="alkohol-"/>
						</TextLine>
						<TextLine ID="line_39" HPOS="121" VPOS="2198" WIDTH="1497" HEIGHT="41">
							<String ID="string_392" HPOS="121" VPOS="2199" WIDTH="169" HEIGHT="38" WC="0.96" CONTENT="sjukvård"/><SP WIDTH="22" VPOS="2199" HPOS="290"/>
							<String ID="string_393" HPOS="312" VPOS="2200" WIDTH="111" HEIGHT="38" WC="0.95" CONTENT="glöms"/><SP WIDTH="21" VPOS="2200" HPOS="423"/>
							<String ID="string_394" HPOS="444" VPOS="2200" WIDTH="120" HEIGHT="30" WC="0.95" CONTENT="alltför"/><SP WIDTH="21" VPOS="2200" HPOS="564"/>
							<String ID="string_395" HPOS="585" VPOS="2200" WIDTH="74" HEIGHT="30" WC="0.96" CONTENT="ofta"/><SP WIDTH="21" VPOS="2200" HPOS="659"/>
							<String ID="string_396" HPOS="680" VPOS="2200" WIDTH="87" HEIGHT="34" WC="0.96" CONTENT="bort,"/><SP WIDTH="23" VPOS="2200" HPOS="767"/>
							<String ID="string_397" HPOS="790" VPOS="2200" WIDTH="65" HEIGHT="29" WC="0.93" CONTENT="och"/><SP WIDTH="24" VPOS="2200" HPOS="855"/>
							<String ID="string_398" HPOS="879" VPOS="2199" WIDTH="413" HEIGHT="40" WC="0.92" CONTENT="spritprisdiskussionen"/><SP WIDTH="22" VPOS="2199" HPOS="1292"/>
							<String ID="string_399" HPOS="1314" VPOS="2199" WIDTH="196" HEIGHT="29" WC="0.96" CONTENT="förblindar"/><SP WIDTH="21" VPOS="2199" HPOS="1510"/>
							<String ID="string_400" HPOS="1531" VPOS="2198" WIDTH="87" HEIGHT="30" WC="0.95" CONTENT="både"/>
						</TextLine>
						<TextLine ID="line_40" HPOS="123" VPOS="2248" WIDTH="1496" HEIGHT="40">
							<String ID="string_401" HPOS="123" VPOS="2250" WIDTH="210" HEIGHT="38" WC="0.92" CONTENT="nykterister"/><SP WIDTH="18" VPOS="2250" HPOS="333"/>
							<String ID="string_402" HPOS="351" VPOS="2250" WIDTH="64" HEIGHT="29" WC="0.96" CONTENT="och"/><SP WIDTH="18" VPOS="2250" HPOS="415"/>
							<String ID="string_403" HPOS="433" VPOS="2250" WIDTH="110" HEIGHT="29" WC="0.96" CONTENT="andra"/><SP WIDTH="19" VPOS="2250" HPOS="543"/>
							<String ID="string_404" HPOS="562" VPOS="2250" WIDTH="39" HEIGHT="29" WC="0.96" CONTENT="så"/><SP WIDTH="17" VPOS="2250" HPOS="601"/>
							<String ID="string_405" HPOS="618" VPOS="2252" WIDTH="49" HEIGHT="27" WC="0.96" CONTENT="att"/><SP WIDTH="19" VPOS="2252" HPOS="667"/>
							<String ID="string_406" HPOS="686" VPOS="2259" WIDTH="82" HEIGHT="20" WC="0.96" CONTENT="man"/><SP WIDTH="19" VPOS="2259" HPOS="768"/>
							<String ID="string_407" HPOS="787" VPOS="2250" WIDTH="168" HEIGHT="38" WC="0.96" CONTENT="glömmer"/><SP WIDTH="18" VPOS="2250" HPOS="955"/>
							<String ID="string_408" HPOS="973" VPOS="2251" WIDTH="50" HEIGHT="28" WC="0.96" CONTENT="att"/><SP WIDTH="18" VPOS="2251" HPOS="1023"/>
							<String ID="string_409" HPOS="1041" VPOS="2249" WIDTH="122" HEIGHT="39" WC="0.96" CONTENT="hjälpa"/><SP WIDTH="18" VPOS="2249" HPOS="1163"/>
							<String ID="string_410" HPOS="1181" VPOS="2249" WIDTH="79" HEIGHT="29" WC="0.96" CONTENT="dem"/><SP WIDTH="18" VPOS="2249" HPOS="1260"/>
							<String ID="string_411" HPOS="1278" VPOS="2258" WIDTH="74" HEIGHT="20" WC="0.96" CONTENT="som"/><SP WIDTH="18" VPOS="2258" HPOS="1352"/>
							<String ID="string_412" HPOS="1370" VPOS="2248" WIDTH="180" HEIGHT="39" WC="0.93" CONTENT="verkligen"/><SP WIDTH="16" VPOS="2248" HPOS="1550"/>
							<String ID="string_413" HPOS="1566" VPOS="2248" WIDTH="53" HEIGHT="29" WC="0.92" CONTENT="be-"/>
						</TextLine>
						<TextLine ID="line_41" HPOS="123" VPOS="2298" WIDTH="1496" HEIGHT="40">
							<String ID="string_414" HPOS="123" VPOS="2300" WIDTH="105" HEIGHT="29" WC="0.96" CONTENT="höver"/><SP WIDTH="26" VPOS="2300" HPOS="228"/>
							<String ID="string_415" HPOS="254" VPOS="2299" WIDTH="35" HEIGHT="30" WC="0.96" CONTENT="få"/><SP WIDTH="24" VPOS="2299" HPOS="289"/>
							<String ID="string_416" HPOS="313" VPOS="2299" WIDTH="108" HEIGHT="39" WC="0.95" CONTENT="hjälp."/><SP WIDTH="27" VPOS="2299" HPOS="421"/>
							<String ID="string_417" HPOS="448" VPOS="2300" WIDTH="48" HEIGHT="29" WC="0.96" CONTENT="De"/><SP WIDTH="25" VPOS="2300" HPOS="496"/>
							<String ID="string_418" HPOS="521" VPOS="2299" WIDTH="109" HEIGHT="39" WC="0.93" CONTENT="höjda"/><SP WIDTH="25" VPOS="2299" HPOS="630"/>
							<String ID="string_419" HPOS="655" VPOS="2299" WIDTH="249" HEIGHT="39" WC="0.92" CONTENT="spritpriserna"/><SP WIDTH="26" VPOS="2299" HPOS="904"/>
							<String ID="string_420" HPOS="930" VPOS="2298" WIDTH="149" HEIGHT="39" WC="0.91" CONTENT="tillgrips"/><SP WIDTH="25" VPOS="2298" HPOS="1079"/>
							<String ID="string_421" HPOS="1104" VPOS="2307" WIDTH="74" HEIGHT="21" WC="0.96" CONTENT="som"/><SP WIDTH="26" VPOS="2307" HPOS="1178"/>
							<String ID="string_422" HPOS="1204" VPOS="2308" WIDTH="42" HEIGHT="20" WC="0.93" CONTENT="en"/><SP WIDTH="26" VPOS="2308" HPOS="1246"/>
							<String ID="string_423" HPOS="1272" VPOS="2298" WIDTH="189" HEIGHT="30" WC="0.91" CONTENT="avledande"/><SP WIDTH="27" VPOS="2298" HPOS="1461"/>
							<String ID="string_424" HPOS="1488" VPOS="2298" WIDTH="131" HEIGHT="38" WC="0.95" CONTENT="åtgärd,"/>
						</TextLine>
						<TextLine ID="line_42" HPOS="122" VPOS="2347" WIDTH="1498" HEIGHT="40">
							<String ID="string_425" HPOS="122" VPOS="2351" WIDTH="87" HEIGHT="27" WC="0.96" CONTENT="trots"/><SP WIDTH="21" VPOS="2351" HPOS="209"/>
							<String ID="string_426" HPOS="230" VPOS="2351" WIDTH="50" HEIGHT="28" WC="0.95" CONTENT="att"/><SP WIDTH="21" VPOS="2351" HPOS="280"/>
							<String ID="string_427" HPOS="301" VPOS="2348" WIDTH="86" HEIGHT="31" WC="0.93" CONTENT="både"/><SP WIDTH="22" VPOS="2348" HPOS="387"/>
							<String ID="string_428" HPOS="409" VPOS="2349" WIDTH="211" HEIGHT="38" WC="0.92" CONTENT="nykterister"/><SP WIDTH="19" VPOS="2349" HPOS="620"/>
							<String ID="string_429" HPOS="639" VPOS="2349" WIDTH="65" HEIGHT="29" WC="0.96" CONTENT="och"/><SP WIDTH="22" VPOS="2349" HPOS="704"/>
							<String ID="string_430" HPOS="726" VPOS="2349" WIDTH="109" HEIGHT="29" WC="0.96" CONTENT="andra"/><SP WIDTH="21" VPOS="2349" HPOS="835"/>
							<String ID="string_431" HPOS="856" VPOS="2348" WIDTH="105" HEIGHT="30" WC="0.96" CONTENT="borde"/><SP WIDTH="21" VPOS="2348" HPOS="961"/>
							<String ID="string_432" HPOS="982" VPOS="2350" WIDTH="89" HEIGHT="32" WC="0.96" CONTENT="veta,"/><SP WIDTH="21" VPOS="2350" HPOS="1071"/>
							<String ID="string_433" HPOS="1092" VPOS="2350" WIDTH="49" HEIGHT="28" WC="0.96" CONTENT="att"/><SP WIDTH="21" VPOS="2350" HPOS="1141"/>
							<String ID="string_434" HPOS="1162" VPOS="2349" WIDTH="57" HEIGHT="29" WC="0.96" CONTENT="det"/><SP WIDTH="20" VPOS="2349" HPOS="1219"/>
							<String ID="string_435" HPOS="1239" VPOS="2348" WIDTH="71" HEIGHT="30" WC="0.96" CONTENT="inte"/><SP WIDTH="22" VPOS="2348" HPOS="1310"/>
							<String ID="string_436" HPOS="1332" VPOS="2348" WIDTH="37" HEIGHT="29" WC="0.96" CONTENT="är"/><SP WIDTH="21" VPOS="2348" HPOS="1369"/>
							<String ID="string_437" HPOS="1390" VPOS="2348" WIDTH="108" HEIGHT="38" WC="0.93" CONTENT="höjda"/><SP WIDTH="21" VPOS="2348" HPOS="1498"/>
							<String ID="string_438" HPOS="1519" VPOS="2347" WIDTH="101" HEIGHT="39" WC="0.92" CONTENT="sprit-"/>
						</TextLine>
						<TextLine ID="line_43" HPOS="122" VPOS="2397" WIDTH="1498" HEIGHT="41">
							<String ID="string_439" HPOS="122" VPOS="2399" WIDTH="121" HEIGHT="39" WC="0.96" CONTENT="priser,"/><SP WIDTH="18" VPOS="2399" HPOS="243"/>
							<String ID="string_440" HPOS="261" VPOS="2399" WIDTH="78" HEIGHT="29" WC="0.96" CONTENT="med"/><SP WIDTH="19" VPOS="2399" HPOS="339"/>
							<String ID="string_441" HPOS="358" VPOS="2399" WIDTH="105" HEIGHT="29" WC="0.96" CONTENT="därav"/><SP WIDTH="21" VPOS="2399" HPOS="463"/>
							<String ID="string_442" HPOS="484" VPOS="2398" WIDTH="155" HEIGHT="40" WC="0.96" CONTENT="följande"/><SP WIDTH="19" VPOS="2398" HPOS="639"/>
							<String ID="string_443" HPOS="658" VPOS="2398" WIDTH="105" HEIGHT="30" WC="0.96" CONTENT="social"/><SP WIDTH="19" VPOS="2398" HPOS="763"/>
							<String ID="string_444" HPOS="782" VPOS="2399" WIDTH="64" HEIGHT="29" WC="0.96" CONTENT="och"/><SP WIDTH="19" VPOS="2399" HPOS="846"/>
							<String ID="string_445" HPOS="865" VPOS="2398" WIDTH="207" HEIGHT="30" WC="0.96" CONTENT="ekonomisk"/><SP WIDTH="19" VPOS="2398" HPOS="1072"/>
							<String ID="string_446" HPOS="1091" VPOS="2398" WIDTH="82" HEIGHT="39" WC="0.96" CONTENT="pina"/><SP WIDTH="19" VPOS="2398" HPOS="1173"/>
							<String ID="string_447" HPOS="1192" VPOS="2397" WIDTH="53" HEIGHT="30" WC="0.93" CONTENT="för"/><SP WIDTH="19" VPOS="2397" HPOS="1245"/>
							<String ID="string_448" HPOS="1264" VPOS="2397" WIDTH="356" HEIGHT="40" WC="0.91" CONTENT="spritmissbrukarna"/>
						</TextLine>
						<TextLine ID="line_44" HPOS="122" VPOS="2447" WIDTH="1497" HEIGHT="40">
							<String ID="string_449" HPOS="122" VPOS="2449" WIDTH="63" HEIGHT="29" WC="0.96" CONTENT="och"/><SP WIDTH="24" VPOS="2449" HPOS="185"/>
							<String ID="string_450" HPOS="209" VPOS="2449" WIDTH="100" HEIGHT="29" WC="0.96" CONTENT="deras"/><SP WIDTH="25" VPOS="2449" HPOS="309"/>
							<String ID="string_451" HPOS="334" VPOS="2448" WIDTH="164" HEIGHT="39" WC="0.96" CONTENT="familjer,"/><SP WIDTH="24" VPOS="2448" HPOS="498"/>
							<String ID="string_452" HPOS="522" VPOS="2458" WIDTH="74" HEIGHT="20" WC="0.95" CONTENT="som"/><SP WIDTH="24" VPOS="2458" HPOS="596"/>
							<String ID="string_453" HPOS="620" VPOS="2448" WIDTH="138" HEIGHT="30" WC="0.96" CONTENT="behövs."/><SP WIDTH="24" VPOS="2448" HPOS="758"/>
							<String ID="string_454" HPOS="782" VPOS="2448" WIDTH="71" HEIGHT="29" WC="0.96" CONTENT="Här"/><SP WIDTH="23" VPOS="2448" HPOS="853"/>
							<String ID="string_455" HPOS="876" VPOS="2448" WIDTH="111" HEIGHT="30" WC="0.96" CONTENT="måste"/><SP WIDTH="24" VPOS="2448" HPOS="987"/>
							<String ID="string_456" HPOS="1011" VPOS="2448" WIDTH="114" HEIGHT="39" WC="0.95" CONTENT="gamla"/><SP WIDTH="24" VPOS="2448" HPOS="1125"/>
							<String ID="string_457" HPOS="1149" VPOS="2447" WIDTH="179" HEIGHT="31" WC="0.96" CONTENT="fördomar"/><SP WIDTH="22" VPOS="2447" HPOS="1328"/>
							<String ID="string_458" HPOS="1350" VPOS="2447" WIDTH="118" HEIGHT="39" WC="0.96" CONTENT="brytas"/><SP WIDTH="23" VPOS="2447" HPOS="1468"/>
							<String ID="string_459" HPOS="1491" VPOS="2448" WIDTH="64" HEIGHT="29" WC="0.96" CONTENT="och"/><SP WIDTH="24" VPOS="2448" HPOS="1555"/>
							<String ID="string_460" HPOS="1579" VPOS="2457" WIDTH="40" HEIGHT="20" WC="0.96" CONTENT="en"/>
						</TextLine>
					</TextBlock>
				</ComposedBlock>
			</PrintSpace>
		</Page>
	</Layout>
</alto>
