1884 2772
263 142 37 29 10
551 144 406 40 Bevillningsutskottets
976 147 217 32 betänkande
1212 159 42 20 nr
1271 152 42 29 30
1330 151 40 30 år
1389 152 84 30 1963

263 224 148 39 angivna
427 226 89 30 båda
531 227 152 40 vägarna
699 228 54 30 för
768 229 253 41 aktualisering
1035 241 41 20 av
1091 232 118 40 frågor
1224 234 147 30 rörande
1388 235 207 42 förändring
1610 247 42 20 av
1667 239 96 30 alko-

264 273 328 43 holbeskattningen
610 277 39 30 är
669 278 189 38 självfallet
878 280 182 40 betingade
1079 292 43 19 av
1140 283 67 29 den
1228 293 42 20 av
1289 285 117 30 kända
1427 286 75 30 skäl
1523 288 163 40 ömtåliga
1707 290 57 29 be-

264 324 247 32 skaffenheten
529 337 42 20 av
589 328 96 30 detta
702 328 396 42 beskattningsområde.

305 374 65 31 Det
389 375 71 31 kan
480 377 106 40 enligt
606 379 279 31 motionärernas
905 382 141 39 mening
1066 383 70 29 inte
1156 393 84 20 vara
1260 393 68 31 nog
1348 388 50 27 att
1419 387 181 39 realpriset
1620 389 45 39 på
1686 399 75 20 rus-

261 424 147 38 drycker
429 426 194 32 återställes
644 430 65 28 och
731 429 275 32 konsumtionen
1027 442 41 20 av
1090 433 131 30 sådana
1243 435 148 39 drycker
1411 437 203 40 härigenom
1637 440 123 30 endast

260 474 160 32 bromsas
437 477 55 29 för
509 480 50 28 att
577 480 125 29 stanna
720 480 56 30 vid
793 483 49 27 ett
860 481 85 40 läge,
965 491 73 21 som
1056 483 70 30 inte
1145 484 159 31 kommer
1322 488 51 27 att
1390 487 160 31 medföra
1568 498 42 20 en
1627 490 134 40 verklig

260 525 254 42 nedpressning
527 536 42 21 av
582 529 275 32 konsumtionen
870 532 66 29 och
951 542 41 20 en
1010 533 193 31 förbättrad
1219 535 273 40 folknykterhet.
1509 538 251 32 Skatteinstru-

259 577 131 29 mentet
412 576 63 31 bör
498 578 120 30 därför
641 581 178 30 användas
845 582 10 28 i
880 582 93 30 klart
995 583 365 41 nykterhetspolitiskt
1386 587 90 39 syfte
1501 596 122 31 genom
1650 590 108 30 sådan

256 625 131 41 ökning
404 636 43 21 av
463 628 470 42 rusdrycksbeskattningen,
951 635 51 28 att
1017 634 386 32 konsumtionskurvan
1419 639 131 29 vänder
1568 640 104 30 nedåt
1689 642 65 28 och

259 674 268 43 beskattningen
544 678 10 29 i
574 679 271 41 fortsättningen
862 682 57 30 vid
937 683 110 30 behov
1063 684 155 39 justeras
1236 686 10 29 i
1265 696 135 21 samma
1418 688 100 39 syfte.
1537 690 74 28 Den
1630 690 129 30 skatte-

259 724 156 41 höjning,
435 736 74 21 som
526 729 177 31 erfordras
721 731 54 29 för
792 733 50 29 att
859 733 96 29 detta
973 734 89 38 syfte
1080 735 89 29 skall
1187 737 147 38 uppnås,
1353 738 40 29 är
1409 738 260 31 motionärerna
1686 740 71 31 inte

258 774 10 27 i
288 775 102 31 stånd
409 779 51 28 att
479 778 182 39 precisera,
682 780 260 31 Motionärerna
962 784 100 39 utgår
1079 785 89 30 dock
1187 785 93 31 ifrån
1300 789 49 28 att
1369 789 171 30 utskottet
1559 791 79 29 med
1658 791 99 40 hjälp

255 835 42 19 av
313 826 192 42 tillgänglig
521 830 150 39 expertis
688 831 70 29 kan
773 832 157 31 beräkna
945 834 66 30 den
1028 835 122 30 härför
1165 836 228 41 erforderliga
1410 839 175 30 storleken
1601 850 41 20 av
1660 842 93 29 skat-

254 875 238 41 tehöjningen.

300 950 13 29 I
326 951 179 31 motionen
520 955 47 28 II:
582 955 74 37 302,
672 956 73 29 vari
761 957 198 31 hemställts
975 968 57 20 om
1047 961 187 40 utredning
1249 962 178 40 angående
1445 964 138 30 skatten
1600 966 44 39 på
1660 966 95 30 alko-

255 999 128 32 holfria
398 1003 156 39 drycker,
570 1005 141 31 anföres
725 1006 43 30 bl.
784 1017 29 20 a.
829 1008 274 41 Beskattningen
1118 1020 42 20 av
1174 1011 275 42 alkoholhaltiga
1463 1015 65 29 och
1543 1015 212 31 alkoholfria

254 1050 147 39 drycker
419 1052 65 30 har
502 1054 190 32 utformats
710 1057 109 30 under
839 1058 94 30 olika
952 1059 229 40 tidsperioder
1199 1062 65 30 och
1284 1063 111 30 under
1414 1064 196 40 inflytande
1630 1076 42 20 av
1690 1066 64 31 vitt

255 1100 113 32 skilda
383 1102 181 32 önskemål
581 1106 65 29 och
663 1107 116 30 motiv.
796 1108 378 41 Nykterhetspolitiska
1191 1114 219 38 synpunkter
1425 1115 65 29 har
1506 1116 122 30 endast
1645 1117 109 30 delvis

254 1151 146 39 anlagts.
416 1154 70 29 När
501 1155 56 30 det
573 1156 107 39 gäller
696 1157 275 42 alkoholhaltiga
986 1161 146 38 drycker
1149 1162 69 30 kan
1235 1163 57 30 det
1308 1164 9 29 i
1335 1166 49 29 ett
1401 1165 82 30 land
1500 1166 62 29 där
1579 1167 56 29 det
1652 1167 101 30 råder

254 1201 253 41 statsmonopol
531 1205 43 38 på
598 1205 139 40 import,
764 1207 261 43 framställning
1047 1212 64 29 och
1136 1212 212 42 försäljning
1372 1223 42 21 av
1440 1215 130 31 sådana
1595 1213 158 48 drycker,

253 1251 223 40 ifrågasättas
498 1264 55 20 om
573 1256 57 30 det
650 1257 81 30 över
750 1258 118 31 huvud
890 1262 93 38 taget
1002 1262 38 28 är
1060 1262 131 40 rimligt
1211 1266 49 27 att
1281 1265 152 39 uppdela
1452 1266 268 42 beskattningen
1741 1270 12 28 i

252 1301 115 36 tullar,
386 1303 403 43 tillverkningsavgifter,
810 1310 149 39 avgifter
977 1311 11 29 i
1006 1312 129 30 kronor
1153 1322 61 30 per
1233 1314 78 30 liter
1330 1316 65 29 och
1414 1316 148 40 avgifter
1580 1318 10 29 i
1609 1321 143 36 procent

252 1360 42 20 av
312 1352 56 31 det
389 1353 319 42 framkalkylerade
728 1359 118 38 priset.
868 1361 66 29 Det
954 1361 104 31 borde
1078 1372 84 21 vara
1182 1364 137 40 möjligt
1340 1368 51 28 att
1411 1366 45 39 på
1476 1369 48 28 ett
1545 1368 116 31 enkelt
1683 1370 68 29 sätt

249 1402 174 32 fastställa
448 1405 275 33 skattesatserna
745 1409 11 29 i
779 1409 132 31 kronor
934 1420 61 31 per
1018 1412 78 30 liter
1119 1414 45 38 på
1188 1414 41 29 de
1253 1415 275 41 alkoholhaltiga
1552 1418 195 40 dryckerna

251 1452 111 30 under
377 1453 309 43 hänsynstagande
705 1459 51 30 till
774 1460 102 30 deras
893 1461 331 41 berusningseffekt.
1244 1465 184 41 Samtidigt
1446 1467 62 29 bör
1526 1477 80 21 man
1624 1469 126 30 beakta

248 1504 281 32 önskvärdheten
548 1517 43 20 av
609 1510 50 28 att
679 1508 124 32 bruket
823 1520 43 20 av
885 1512 99 39 goda,
1003 1513 71 30 helt
1094 1514 211 31 alkoholfria
1324 1516 148 39 drycker
1492 1518 209 32 stimuleras.

293 1552 52 31 En
369 1554 10 30 i
404 1556 177 31 motionen
606 1557 141 40 intagen
772 1561 240 42 uppställning
1036 1563 134 31 utvisar
1191 1564 107 40 några
1323 1567 147 30 resultat
1496 1578 42 19 av
1562 1569 56 30 det
1643 1579 107 21 nuva-

249 1603 106 31 rande
372 1604 421 43 beskattningssystemet.
813 1611 115 30 Därav
947 1612 153 41 framgår
1118 1614 44 30 bl.
1181 1624 29 20 a.
1230 1617 49 29 att
1297 1617 41 29 de
1357 1617 212 31 alkoholfria
1587 1616 162 49 drycker-

248 1661 46 22 na
312 1654 179 33 beskattas
512 1658 85 30 nära
617 1660 52 29 tre
690 1660 127 39 gånger
838 1662 38 29 så
896 1662 84 40 högt
998 1673 61 30 per
1079 1664 78 30 liter
1179 1674 73 21 som
1274 1667 109 31 lättöl.
1406 1669 64 29 Det
1491 1669 38 29 är
1550 1670 106 39 enligt
1676 1679 72 21 mo-

249 1703 218 34 tionärernas
487 1708 141 41 mening
649 1710 178 40 angeläget
849 1714 52 28 att
922 1712 129 41 främja
1072 1714 215 41 övergången
1310 1717 79 30 från
1413 1719 157 31 starkare
1593 1721 156 29 alkohol-

247 1754 148 38 drycker
413 1756 53 31 till
484 1767 141 31 svagare
644 1760 64 30 och
726 1760 150 32 framför
893 1763 62 30 allt
973 1764 79 30 från
1069 1764 274 43 alkoholhaltiga
1362 1768 149 39 drycker
1528 1779 43 20 av
1588 1770 67 30 alla
1675 1771 73 39 slag

247 1804 51 30 till
322 1805 211 33 alkoholfria
557 1808 157 39 drycker.
740 1811 80 30 Som
843 1815 49 28 ett
917 1813 111 31 första
1052 1817 73 38 steg
1146 1816 11 29 i
1182 1816 113 31 denna
1320 1818 158 41 riktning
1500 1819 63 30 bör
1586 1820 161 40 åtgärder

245 1854 156 38 vidtagas
420 1857 56 31 för
495 1861 48 28 att
561 1860 10 29 i
592 1860 269 36 prishänseende
880 1863 83 37 höja
984 1865 39 30 de
1042 1865 70 30 helt
1132 1867 211 32 alkoholfria
1363 1869 210 37 dryckernas
1594 1872 153 30 konkur-

246 1905 189 30 renskraft.

290 1979 80 31 Som
389 1982 210 42 motivering
618 1985 56 30 för
692 1986 173 38 yrkandet
886 1997 57 21 om
964 1989 147 42 höjning
1131 2000 43 21 av
1194 1992 72 30 vin-
1287 1994 65 29 och
1373 1995 248 39 spritpriserna
1641 1997 11 29 i
1673 2006 74 21 mo-

245 2030 116 31 tionen
380 2032 49 30 II:
444 2034 63 29 440
528 2033 204 34 framhålles
752 2039 50 29 att
821 2038 75 29 vin-
915 2040 66 30 och
1001 2040 247 40 spritpriserna
1268 2044 108 30 sedan
1396 2045 81 40 lång
1497 2046 50 30 tid
1568 2046 145 31 tillbaka
1733 2048 11 29 i

243 2079 187 33 huvudsak
452 2082 81 41 följt
554 2084 295 42 förändringarna
870 2089 11 29 i
903 2089 99 40 fråga
1024 2100 55 20 om
1101 2092 68 30 den
1191 2094 284 41 genomsnittliga
1496 2096 169 31 timlönen
1689 2097 55 30 för

243 2130 321 34 industriarbetare.
590 2135 117 31 Under
731 2137 40 30 de
797 2141 138 29 senaste
958 2140 82 30 åren
1066 2142 64 30 har
1154 2144 192 31 emellertid
1371 2145 115 40 någon
1511 2147 175 40 justering
1709 2148 32 40 ej

243 2180 91 31 skett
353 2191 43 22 av
414 2182 74 31 vin-
507 2186 64 29 och
591 2186 249 40 spritpriserna
860 2198 76 21 som
956 2193 195 29 motsvarar
1170 2193 299 42 löneuppgången.
1491 2197 193 31 Resultatet
1704 2199 39 31 är

241 2231 52 29 att
312 2231 292 42 alkoholdrycker
624 2236 137 32 relativt
782 2241 66 28 sett
870 2240 138 39 sjunkit
1029 2242 9 29 i
1060 2242 71 39 pris
1152 2244 111 30 under
1284 2245 102 30 dessa
1407 2246 49 30 år.
1479 2247 119 39 Någon
1621 2248 122 30 stimu-

243 2279 75 31 lans
333 2282 52 29 till
400 2283 93 31 ökad
506 2285 234 43 förbrukning
754 2289 71 30 kan
838 2290 145 39 givetvis
998 2292 75 30 icke
1087 2302 42 21 ur
1144 2294 128 31 sociala
1288 2296 220 39 synpunkter
1521 2306 103 21 anses
1638 2298 105 31 önsk-

240 2330 95 31 värd.
357 2332 259 34 Motionärerna
639 2345 102 23 anser
762 2339 121 31 därför
904 2350 43 21 en
969 2341 222 43 prishöjning
1214 2345 208 41 nödvändig,
1446 2356 56 20 om
1525 2347 71 30 inte
1618 2348 125 31 allvar-

240 2379 68 40 liga
330 2381 322 44 skadeverkningar
674 2388 89 30 skall
787 2390 138 39 uppstå.
