1868 2794
471 157 126 34 Första
616 158 254 42 lagutskottets
890 159 185 35 utlåtande
1096 172 42 21 nr
1157 163 52 31 39.
1539 165 40 30 19

92 239 55 29 att
172 235 121 43 intaga
316 248 42 21 en
383 248 74 21 mer
480 238 187 41 utpräglad
693 238 224 43 särställning
939 239 10 33 i
972 238 219 35 förhållande
1215 240 52 33 till
1291 240 120 43 övriga
1434 241 145 33 försam-

92 289 112 42 lingar
221 292 45 30 än
283 289 53 34 för
353 291 231 33 närvarande.
602 291 56 33 De
676 303 119 21 senare
814 295 39 30 är
869 292 175 42 nämligen
1061 313 46 4 —
1123 293 115 34 såsom
1255 293 95 34 förut
1368 294 210 33 framhållits

90 363 46 3 —
154 343 73 33 helt
245 343 265 35 konstituerade
530 345 47 42 på
597 345 396 43 tvångsanslutningens
1012 347 148 42 princip,
1179 347 128 34 medan
1327 348 43 33 de
1389 348 190 34 nationella

92 396 290 43 församlingarna
414 402 131 38 ytterst
576 398 111 34 skulle
720 399 69 33 vila
820 400 48 42 på
898 399 266 43 frivillighetens
1195 401 124 42 grund.
1352 401 228 34 Sistnämnda

91 449 218 36 förhållande
327 451 110 34 skulle
455 452 54 33 för
527 452 101 34 dessa
646 452 246 43 församlingar
911 453 119 34 vidare
1049 454 170 41 medföra,
1239 459 55 29 att
1314 456 264 42 anslutningens

92 503 217 44 omfattning
326 505 99 34 bleve
444 505 104 43 högst
565 506 135 34 osäker.
719 506 87 34 Med
824 507 139 43 hänsyn
981 507 53 34 till
1054 508 42 34 de
1115 508 229 34 ekonomiska
1361 509 218 33 konsekven-

91 568 101 23 serna
213 557 110 34 härav
346 559 65 34 och
432 558 135 42 jämväl
589 572 46 21 av
658 564 56 29 att
736 560 80 43 inga
839 561 150 33 svenska
1011 562 228 42 medborgare
1261 562 186 34 framdeles
1469 563 110 33 skulle

92 611 141 34 tillhöra
256 613 156 33 nämnda
436 612 244 44 församlingar
703 613 166 34 framstår
892 615 60 33 det
975 626 76 22 som
1073 616 212 42 uppenbart,
1308 621 55 28 att
1388 617 100 33 dessa
1511 616 68 34 för-

91 666 189 41 samlingar
300 666 75 34 icke
396 667 70 32 kan
488 666 193 34 bibehållas
702 672 87 28 utan
812 672 55 29 att
888 668 183 43 samtidigt
1092 681 85 21 vara
1199 670 166 33 anslutna
1385 670 53 33 till
1460 671 119 32 veder-

93 718 155 34 börande
269 720 160 42 kyrkliga
450 720 237 43 samfällighet
707 721 80 33 eller
808 721 258 35 tillförsäkrade
1087 723 251 33 motsvarande
1357 723 224 34 ekonomiskt

93 773 92 34 stöd.
208 773 69 34 Till
301 774 183 42 belysning
505 786 45 21 av
572 775 62 33 det
656 775 108 42 sagda
786 775 71 33 kan
880 775 215 41 framhållas,
1119 781 55 28 att
1197 776 108 43 enligt
1328 789 42 21 en
1394 789 46 21 av
1463 778 116 33 utred-

91 827 256 42 ningsmannen
374 828 193 34 verkställd
593 829 263 42 undersökning
883 829 163 42 samtliga
1074 830 151 33 svenska
1251 831 245 42 medborgares
1524 835 55 29 ut-

92 881 100 33 träde
216 893 41 21 ur
281 881 266 43 ifrågavarande
571 881 244 43 församlingar
840 882 110 34 skulle
973 883 171 40 medföra,
1169 888 55 29 att
1247 883 332 44 skatteunderlagen

91 935 109 42 enligt
221 938 86 31 1945
327 936 54 32 års
399 935 159 43 taxering
575 936 111 33 skulle
706 936 139 33 minska
864 936 54 33 för
938 936 117 34 finska
1074 936 248 43 församlingen
1342 938 11 32 i
1372 937 205 34 Stockholm

90 989 82 33 med
192 992 42 30 72
255 993 156 38 procent,
432 989 54 33 för
505 989 106 42 tyska
632 989 250 43 församlingen
903 990 63 34 där
984 991 81 33 med
1086 994 42 30 78
1148 996 146 37 procent
1314 991 66 34 och
1400 991 54 33 för
1473 991 106 43 tyska

90 1041 249 43 församlingen
362 1043 10 33 i
397 1042 180 43 Göteborg
599 1043 82 34 med
705 1047 42 29 89
770 1048 157 38 procent.
951 1044 74 33 Det
1046 1044 71 33 kan
1142 1044 198 43 visserligen
1364 1044 215 40 framhållas,

93 1100 56 28 att
169 1096 135 33 antalet
323 1096 115 33 finska
458 1096 66 34 och
544 1096 107 43 tyska
671 1097 228 41 medborgare
920 1097 10 33 i
952 1097 100 34 dessa
1073 1098 118 33 städer
1211 1098 108 33 sedan
1339 1098 152 42 angivna
1512 1099 68 33 tid-

90 1149 117 42 punkt
226 1150 190 42 väsentligt
436 1149 114 41 ökats,
569 1162 82 21 men
670 1150 183 42 samtidigt
873 1151 64 33 bör
955 1151 265 42 understrykas,
1239 1156 55 29 att
1314 1152 114 33 denna
1449 1152 130 42 ökning

91 1203 193 43 säkerligen
312 1203 294 43 sammanhänger
633 1204 81 33 med
742 1204 324 34 arbetsmarknads-
1095 1205 67 33 och
1189 1205 110 34 andra
1325 1205 255 41 förhållanden,

93 1269 79 21 vars
193 1256 157 35 fortvaro
371 1257 113 33 måste
504 1257 168 33 bedömas
694 1257 114 34 såsom
829 1262 131 37 ytterst
980 1258 104 33 oviss.

137 1311 56 32 Av
216 1311 70 33 vad
308 1310 60 43 jag
390 1310 97 34 förut
508 1310 119 34 anfört
650 1310 164 43 framgår,
838 1316 56 28 att
918 1311 120 34 starka
1061 1312 214 43 principiella
1299 1312 65 34 och
1387 1313 192 42 praktiskt-

92 1364 285 34 administrativa
399 1364 76 34 skäl
495 1364 71 33 kan
590 1365 170 42 åberopas
782 1370 76 28 mot
880 1366 43 33 de
944 1365 192 34 nationella
1157 1366 307 42 församlingarnas
1485 1367 95 33 bibe-

93 1417 163 34 hållande
273 1418 115 34 såsom
406 1418 160 42 speciella
583 1418 244 42 församlingar
844 1418 54 33 för
916 1418 93 33 vissa
1026 1419 191 33 utländska
1233 1420 239 41 medborgare.
1490 1420 90 33 Här-

92 1471 53 33 till
163 1471 159 33 kommer
341 1476 56 28 att
416 1471 100 33 dessa
536 1471 245 42 församlingar
799 1471 75 33 icke
892 1471 71 33 kan
984 1472 127 33 tänkas
1132 1473 10 32 i
1160 1472 275 43 fortsättningen
1454 1476 126 39 utgöra

93 1525 256 42 självständiga
372 1525 142 33 enheter
539 1525 10 33 i
574 1525 224 33 ekonomiskt
821 1525 199 34 hänseende
1045 1530 88 29 utan
1158 1526 80 33 med
1263 1530 73 30 stor
1359 1526 223 34 sannolikhet

91 1578 114 33 mäste
223 1578 247 42 understödjas
487 1578 81 34 med
587 1578 245 40 skattemedel,
850 1583 151 37 uttagna
1019 1591 46 21 av
1083 1579 110 34 andra
1211 1582 45 30 än
1272 1579 308 43 församlingarnas

92 1644 89 31 egna
200 1632 238 33 medlemmar.
459 1632 92 33 Från
572 1644 49 21 nu
641 1632 152 42 angivna
814 1631 222 43 synpunkter
1056 1635 39 31 är
1113 1632 61 43 jag
1194 1632 118 34 därför
1332 1633 84 42 böjd
1437 1638 55 29 att
1512 1633 68 33 för-

93 1686 87 33 orda
198 1686 42 33 de
259 1686 190 33 nationella
467 1685 309 43 församlingarnas
793 1686 223 42 upplösning,
1035 1689 89 30 även
1143 1699 57 21 om
1218 1687 100 33 detta
1336 1699 45 21 av
1399 1687 86 40 skäl,
1504 1699 76 21 var-

93 1739 51 33 till
166 1739 61 43 jag
249 1740 10 32 i
281 1740 60 33 det
363 1739 155 42 följande
541 1739 247 40 återkommer,
810 1739 76 33 icke
907 1739 70 33 kan
1002 1739 60 34 ske
1084 1740 229 34 omedelbart.
1337 1740 18 33 I
1377 1740 203 43 anslutning

92 1793 53 33 till
169 1793 101 33 detta
294 1793 83 33 mitt
401 1793 339 42 ställningstagande
763 1793 60 33 vill
846 1792 61 43 jag
929 1793 193 33 emellertid
1145 1793 198 41 framhålla,
1365 1798 56 29 att
1444 1807 45 20 av
1513 1794 67 33 för-

92 1846 252 42 samlingarnas
364 1846 212 43 upplösning
595 1846 31 42 ej
650 1845 112 42 följer,
782 1850 57 29 att
858 1846 171 33 särskilda
1051 1847 236 41 anordningar
1306 1848 80 32 med
1408 1848 172 33 avseende

92 1900 22 32 å
135 1899 204 43 gudstjänst
361 1899 76 34 icke
460 1899 110 33 skulle
593 1899 123 34 kunna
738 1899 163 42 vidtagas
925 1899 53 33 för
1000 1899 65 34 här
1087 1900 156 33 avsedda
1265 1899 108 34 finsk-
1395 1901 66 32 och
1482 1901 98 41 tysk-

93 1953 164 42 språkiga
275 1953 235 42 utlänningar.
529 1953 138 42 Frågan
685 1965 59 21 om
762 1952 122 43 dylika
903 1953 253 42 anordningars
1174 1953 214 42 vidtagande
1407 1953 54 33 får
1478 1954 102 33 emel-

93 2006 102 34 lertid
218 2010 128 38 prövas
368 2006 109 33 under
500 2006 200 34 beaktande
722 2018 45 21 av
789 2006 87 33 flera
896 2006 94 33 olika
1009 2006 312 43 omständigheter,
1342 2007 106 34 bland
1471 2012 110 29 annat

94 2060 267 43 ifrågavarande
391 2059 390 43 befolkningsgruppers
812 2059 169 34 framtida
1010 2059 142 34 storlek.
1181 2060 230 34 Beträffande
1441 2061 140 42 frågans

92 2114 297 41 organisatoriska
415 2113 75 33 sida
517 2113 60 34 vill
601 2113 61 42 jag
688 2114 9 32 i
725 2114 101 32 detta
851 2113 256 42 sammanhang
1133 2113 190 34 inskränka
1350 2114 72 41 mig
1445 2114 53 33 till
1525 2119 55 28 att

93 2167 90 42 peka
201 2168 47 41 på
266 2168 59 32 det
343 2170 84 36 sätt,
445 2167 111 42 varpå
572 2167 252 32 motsvarande
844 2166 98 42 fråga
962 2166 84 33 lösts
1073 2167 3 32 i
1133 2167 199 33 Norrbottens
1352 2167 228 42 tvåspråkiga

93 2220 254 41 församlingar,
368 2220 11 32 i
400 2219 94 33 vilka
516 2220 114 32 finnes
652 2220 176 32 anställda
849 2222 136 39 präster
1006 2219 155 42 kunniga
1183 2220 10 32 i
1215 2220 97 33 såväl
1335 2221 150 32 svenska
1506 2233 72 21 som

93 2273 116 33 finska
233 2273 153 42 språket.

140 2327 122 32 Såsom
280 2326 60 42 jag
359 2326 8 33 1
386 2326 71 32 min
476 2326 215 41 redogörelse
709 2325 53 33 för
780 2326 42 32 de
841 2325 191 33 nationella
1049 2325 308 42 församlingarnas
1376 2327 205 33 nuvarande

93 2379 238 41 organisation
357 2378 204 40 framhållit,
586 2378 145 33 innehar
757 2379 41 33 de
826 2379 8 32 i
860 2379 100 33 dessa
986 2379 244 42 församlingar
1255 2380 175 33 anställda
1455 2380 126 42 kyrko-

93 2433 173 33 herdarna
294 2445 45 21 av
368 2432 131 42 Kungl.
528 2432 111 41 Maj:t
668 2432 187 33 utfärdade
886 2432 203 33 fullmakter
1119 2433 20 32 å
1168 2432 76 33 sina
1272 2432 161 42 tjänster.
1463 2434 16 31 I
1511 2434 67 32 den
