1874 2778
269 163 20 30 8
577 163 119 30 Andra
721 163 246 39 lagutskottets
990 163 180 31 utlåtande
1192 172 43 20 nr
1256 162 42 31 37
1322 162 39 31 år
1384 162 85 31 1956

319 248 69 29 När
405 247 122 39 frågan
546 256 57 20 om
622 247 215 39 ratificering
855 256 43 20 av
914 247 269 34 konventionen,
1201 246 109 30 innan
1329 247 66 30 den
1413 247 258 31 underställdes
1692 249 82 30 1952

273 298 57 29 års
352 298 151 39 riksdag,
526 297 241 30 remitterades
789 297 52 30 till
864 297 93 30 olika
979 297 243 39 myndigheter
1243 297 65 29 och
1330 297 278 40 organisationer
1632 298 54 30 för
1707 300 68 38 ytt-

273 348 119 34 rande,
417 348 117 30 visade
561 348 57 30 det
644 348 60 40 sig,
730 349 50 28 att
804 348 139 39 enighet
967 347 134 40 förelåg
1126 356 56 21 om
1207 349 49 29 att
1281 347 261 31 konventionen
1566 348 77 31 icke
1668 349 106 30 borde

272 399 156 30 biträdas
451 408 42 20 av
515 398 148 39 Sverige,
687 398 149 30 framför
859 398 62 30 allt
942 398 78 30 med
1043 399 138 38 hänsyn
1206 398 51 30 till
1282 400 51 28 att
1355 408 43 20 en
1420 398 219 40 ratificering
1662 399 112 30 skulle

273 449 167 29 innebära
462 451 47 27 ett
530 448 213 40 frångående
764 458 43 20 av
827 449 67 30 den
915 448 125 30 hittills
1062 449 147 30 allmänt
1229 449 173 39 godtagna
1422 449 183 39 principen
1627 459 57 20 om
1704 451 70 28 rätt

273 500 56 29 för
351 499 354 30 arbetsmarknadens
727 500 118 38 parter
867 500 52 29 att
940 500 86 29 utan
1048 498 178 40 påverkan
1250 498 80 30 från
1353 500 275 29 statsmakterna
1651 507 124 32 genom

273 550 69 30 fria
365 549 379 40 avtalsförhandlingar
767 549 109 30 träffa
898 550 358 29 överenskommelser
1277 559 56 20 om
1355 549 338 31 löneförhållanden.
1716 551 59 29 Ut-

274 600 129 30 skottet
426 600 130 30 uttalar
581 600 53 29 sin
659 599 203 40 anslutning
886 599 52 31 till
961 600 155 30 nämnda
1140 599 134 40 princip
1299 600 64 29 och
1387 600 71 29 kan
1481 600 104 30 alltså
1607 600 77 30 icke
1707 600 68 30 till-

274 650 131 39 styrka,
427 652 49 29 att
499 651 275 29 statsmakterna
795 650 113 30 skulle
927 650 140 40 ingripa
1087 650 11 29 i
1120 650 246 39 lönefrågorna
1386 650 45 40 på
1451 651 67 29 den
1540 650 137 40 privata
1699 651 75 30 sek-

274 702 80 28 torn
376 710 41 20 av
438 700 346 32 arbetsmarknaden.
808 700 117 40 Enligt
948 701 189 30 utskottets
1159 700 141 40 mening
1320 702 40 28 är
1382 700 283 40 arbetstagarnas
1687 709 88 31 egna

275 751 277 39 organisationer
573 751 79 30 bäst
674 751 131 39 ägnade
828 752 51 29 att
901 750 181 40 tillgodose
1105 751 215 29 kvinnornas
1343 751 172 30 intressen
1537 752 11 29 i
1571 760 49 21 nu
1643 751 133 30 föreva-

275 802 107 29 rande
403 802 206 30 avseenden.

320 852 109 30 Såvitt
448 861 98 21 avser
567 852 58 30 det
645 852 136 39 statliga
803 851 158 31 området
979 852 142 39 medger
1141 851 157 39 gällande
1318 851 150 39 ordning
1485 853 14 29 i
1515 852 80 29 vårt
1614 852 92 34 land,
1724 853 51 29 att

275 903 273 29 statsmakterna
577 902 211 30 bestämmer
816 902 145 30 lönerna
989 902 65 29 och
1084 902 132 30 således
1246 903 86 29 även
1360 903 51 29 att
1439 902 336 40 likalönsprincipen

274 952 230 39 genomföres.
529 953 53 29 En
605 952 216 40 ratificering
847 962 43 21 av
912 952 260 30 konventionen
1195 952 147 30 innebär
1364 953 66 30 här
1451 952 105 30 alltså
1579 953 108 39 enligt
1709 953 67 30 den

274 1011 89 21 ovan
387 1003 178 39 återgivna
589 1003 124 30 artikel
738 1004 29 33 2,
792 1005 51 29 att
867 1003 275 29 statsmakterna
1166 1002 116 40 åtager
1307 1003 51 39 sig
1382 1004 50 28 att
1458 1004 143 39 »trygga
1625 1003 151 40 tillämp-

273 1053 149 38 ningen>
448 1063 42 20 av
513 1054 155 29 nämnda
691 1052 147 41 princip.
863 1053 117 40 Enligt
1003 1062 43 21 en
1070 1063 43 20 av
1134 1053 68 30 den
1225 1062 25 21 s.
1275 1053 33 31 k.
1333 1053 364 30 likalönskommittén
1722 1061 55 32 ge-

274 1104 163 29 nomförd
467 1104 274 39 undersökning,
772 1104 119 30 vilken
922 1104 192 30 redovisats
1144 1103 11 29 i
1185 1103 228 31 kommitténs
1443 1103 38 31 år
1514 1104 83 31 1953
1629 1103 146 40 avgivna

275 1154 230 35 betänkande,
540 1155 113 29 skulle
686 1154 354 40 likalönsprincipens
1074 1154 229 39 fullständiga
1336 1154 273 39 genomförande
1642 1154 45 40 på
1719 1155 57 29 det

275 1204 139 40 statliga
438 1204 158 31 området
621 1205 11 29 i
656 1205 76 29 vårt
756 1205 82 29 land
862 1204 168 31 innebära
1056 1214 42 20 en
1124 1204 131 39 ökning
1280 1214 43 20 av
1348 1206 131 28 statens
1505 1205 191 29 kostnader
1721 1204 54 31 för

274 1256 106 33 löner,
398 1255 180 31 beräknad
597 1255 88 30 efter
703 1255 198 30 dåvarande
920 1255 256 35 förhållanden,
1196 1264 42 21 av
1255 1256 38 29 51
1316 1255 163 38 miljoner
1498 1255 132 30 kronor
1647 1264 60 31 per
1725 1255 49 30 år.

273 1306 69 30 För
372 1306 160 39 samtliga
562 1306 138 39 statliga
730 1306 64 29 och
824 1306 229 29 kommunala
1083 1306 149 39 tjänster
1262 1305 112 31 skulle
1404 1304 274 40 löneutgifterna
1707 1306 68 29 öka

273 1356 80 30 med
379 1356 61 31 144
463 1356 166 40 miljoner
653 1356 139 33 kronor,
815 1355 69 31 Till
907 1356 94 30 detta
1024 1356 127 40 belopp
1175 1356 139 30 komme
1339 1357 86 29 även
1448 1356 113 31 ökade
1584 1356 191 30 kostnader

274 1407 56 30 för
353 1407 195 39 pensioner,
573 1406 349 40 övertidsersättning
945 1416 44 21 m.
1014 1416 45 20 m.
1084 1407 60 29 Ett
1167 1406 272 39 genomförande
1462 1415 43 21 av
1527 1406 249 40 likalönsprin-

273 1457 102 39 cipen
399 1457 44 40 på
468 1457 56 30 det
549 1457 140 39 statliga
713 1456 158 31 området
896 1457 112 29 skulle
1031 1456 120 32 vidare
1176 1456 143 40 givetvis
1344 1456 37 30 få
1403 1457 261 30 konsekvenser
1689 1457 86 29 även

274 1509 55 28 för
352 1508 56 30 det
430 1508 137 39 privata
589 1508 236 38 näringslivet.

319 1558 76 30 Med
419 1558 137 40 hänsyn
580 1558 94 30 såväl
698 1558 51 29 till
773 1558 154 31 nämnda
949 1558 192 29 kostnader
1163 1566 73 21 som
1260 1557 51 29 till
1333 1556 182 41 principen
1537 1566 59 21 om
1618 1558 67 29 den
1707 1557 69 40 pri-

273 1612 81 26 vata
381 1609 353 31 arbetsmarknadens
762 1608 107 30 frihet
896 1608 70 30 kan
992 1608 171 31 utskottet
1190 1608 75 29 icke
1292 1607 175 40 tillstyrka
1494 1610 51 27 att
1571 1607 206 30 konventio-

275 1668 68 21 nen
365 1668 46 21 nu
432 1659 207 30 ratificeras.

319 1710 175 30 Utskottet
515 1709 61 30 vill
600 1709 190 30 emellertid
811 1709 246 40 understryka,
1080 1711 51 27 att
1154 1709 187 30 utskottets
1365 1708 336 40 ställningstagande
1723 1708 53 30 till

274 1760 124 39 frågan
430 1769 56 20 om
519 1760 127 31 svensk
678 1759 216 40 ratificering
926 1769 42 21 av
987 1759 415 30 likalönskonventionen
1421 1758 76 32 icke
1517 1759 102 30 berör
1640 1758 134 41 frågan,

274 1810 172 30 huruvida
469 1820 41 20 en
533 1810 175 30 successiv
729 1810 148 39 höjning
899 1819 42 20 av
962 1809 216 30 kvinnornas
1201 1810 96 29 löner
1318 1809 63 30 bör
1403 1809 233 40 genomföras.
1658 1810 13 29 I
1694 1809 82 30 den-

274 1870 45 21 na
347 1861 97 39 fråga
470 1861 132 30 uttalar
629 1861 169 29 utskottet
825 1860 194 31 emellertid
1047 1860 54 30 sin
1128 1860 303 30 tillfredsställelse
1459 1861 80 29 över
1568 1861 50 28 att
1646 1859 129 30 arbets-

275 1912 236 29 marknadens
540 1913 118 38 parter
686 1911 90 29 visat
805 1912 48 29 ett
883 1910 142 40 positivt
1055 1910 148 30 intresse
1233 1910 55 30 för
1317 1910 290 39 genomförandet
1637 1919 42 22 av
1706 1909 70 30 för-

273 1962 195 38 bättringar
490 1963 92 28 samt
605 1963 51 28 att
677 1962 65 30 den
764 1961 148 39 tidigare
933 1960 297 41 eftersläpningen
1253 1970 42 20 av
1315 1960 216 30 kvinnornas
1554 1960 98 30 löner
1673 1959 11 30 i
1707 1959 69 30 för-

274 2012 162 30 hållande
460 2012 52 30 till
533 2013 172 29 männens
729 2012 138 29 alltmer
889 2011 166 31 minskat.
1078 2010 93 31 Från
1193 2011 281 39 arbetstagarnas
1497 2010 278 40 organisationer

274 2063 64 28 har
362 2062 104 29 också
491 2062 10 29 i
527 2062 170 29 samband
722 2062 78 29 med
826 2062 41 29 de
893 2061 108 40 årliga
1026 2060 395 40 löneförhandlingarna
1444 2061 12 29 i
1480 2061 94 30 olika
1600 2069 176 21 samman-

274 2113 93 39 hang
390 2113 109 39 gjorts
522 2113 206 29 uttalanden
752 2122 42 20 av
816 2111 180 38 innebörd,
1021 2113 50 28 att
1095 2111 150 31 särskild
1269 2112 315 39 uppmärksamhet
1608 2111 88 30 skall
1720 2112 57 38 äg-

275 2172 63 21 nas
362 2163 215 29 kvinnornas
602 2162 207 39 lönefrågor.
834 2163 81 29 Man
939 2162 63 30 har
1027 2162 107 39 enligt
1157 2162 188 30 utskottets
1370 2161 141 40 mening
1535 2162 79 29 med
1637 2162 138 39 hänsyn

274 2214 52 29 till
356 2214 65 30 vad
451 2223 75 20 som
558 2213 147 30 sålunda
736 2212 226 31 förekommit
991 2212 189 39 anledning
1210 2214 137 37 antaga,
1378 2213 50 29 att
1456 2212 245 39 utvecklingen
1730 2211 45 40 på

273 2264 299 29 lönemarknaden
596 2264 85 28 även
704 2263 8 29 i
736 2262 273 40 fortsättningen
1032 2263 90 30 skall
1145 2262 41 40 gå
1207 2262 11 29 i
1240 2272 42 20 en
1304 2262 55 30 för
1380 2262 198 30 kvinnorna
1602 2270 171 32 gynnsam

273 2314 166 40 riktning.
