2212 2624
390 207 18 30 6
907 201 238 40 Lagutskottets
1169 199 162 31 memorial
1354 198 52 31 Nr
1427 198 54 30 25.

1143 314 44 35 15
1217 311 30 50 $.

496 405 78 36 Har
615 403 212 48 utlänning,
869 415 79 22 som
987 399 152 49 jämlikt
1176 398 123 36 denna
1327 398 64 47 lag
1419 396 106 36 blivit
1554 395 165 36 härifrån
1747 393 160 47 utvisad,
1936 393 56 36 till

392 457 96 36 riket
517 458 170 33 återvänt
714 459 93 31 utan
835 451 169 37 tillstånd
1032 464 47 23 av
1107 450 226 48 Konungen,
1363 448 146 36 straffes
1538 446 83 37 med
1651 446 171 48 fängelse
1849 444 12 36 i
1879 444 114 49 högst

394 522 65 23 sex
487 506 188 38 månader.
732 504 124 38 fHedan
884 503 249 49 utlänningen
1160 501 203 49 undergått
1391 499 116 48 straff,
1536 497 113 37 varde
1668 497 76 36 han
1764 495 228 38 omedelbart

396 560 81 37 förd
504 574 43 22 ur
573 559 112 45 riket;
715 558 69 37 och
812 557 157 36 förfares
998 554 129 38 därvid
1155 554 118 47 enligt
1302 552 45 37 de
1374 552 12 36 i
1417 553 44 35 12
1492 550 21 50 $
1542 550 166 50 angivna
1736 548 174 50 grunder.

497 613 94 45 Den,
634 624 79 23 som
756 609 172 48 skäligen
969 606 227 37 misstänkes
1237 605 57 36 för
1330 604 112 47 brott,
1470 616 128 23 varom
1627 602 11 35 i
1667 601 122 36 denna
1816 600 181 49 paragraf

396 669 100 43 sägs,
526 662 95 37 skall
650 662 12 35 i
690 661 115 36 häkte
832 666 121 42 tagas.

501 818 133 37 Denna
662 817 65 48 lag
754 815 125 37 träder
905 815 11 36 i
944 814 116 36 kraft:
1094 811 82 50 18$
1205 814 21 33 å
1254 810 72 37 den
1356 809 76 49 dag
1452 808 213 50 Konungen
1685 806 196 38 förordnar
1900 809 97 32 samt

398 872 111 47 lagen
550 870 10 36 i
603 869 123 48 övrigt
767 868 72 37 den
870 869 16 34 1
918 866 73 49 maj
1026 865 109 36 1915.
1190 863 45 48 Ej
1267 865 60 33 må
1356 861 96 37 dock
1479 861 197 46 utvisning
1703 859 66 36 ske
1797 858 58 36 för
1882 853 113 58 brott,

399 935 80 23 som
519 922 12 35 i
574 920 61 49 6$
676 920 120 36 under
837 918 36 49 3)
914 923 100 42 sägs,
1058 916 67 36 där
1165 915 209 36 detsamma
1401 913 107 36 blivit
1536 912 191 48 begånget
1759 910 78 35 före
1865 909 132 48 lagens

399 971 309 38 ikraftträdande.

504 1040 219 37 Stockholm
753 1039 72 36 den
858 1040 43 34 11
932 1036 151 50 augusti
1114 1036 110 35 1914.

917 1140 53 35 På
1007 1138 272 49 lagutskottets
1316 1141 164 42 vägnar:

930 1241 199 38 ALBERT
1157 1237 304 40 PETERSSON.

1083 1655 250 34 Reservation:

513 1776 47 22 av
588 1761 128 37 herrar
744 1759 213 48 Lindhagen
986 1758 70 36 och
1083 1758 150 36 Persson
1261 1755 13 36 i
1302 1753 255 50 Norrköping.

907 2322 162 27 Stockholm,
1083 2322 31 20 K.
1129 2321 27 21 L.
1170 2320 145 22 Beckmans
1334 2319 99 25 Boktr.,
1450 2319 71 20 1914.
