<?xml version="1.0" encoding="UTF-8"?>
<alto xmlns="http://www.loc.gov/standards/alto/ns-v3#" xmlns:xlink="http://www.w3.org/1999/xlink" xmlns:xsi="http://www.w3.org/2001/XMLSchema-instance" xsi:schemaLocation="http://www.loc.gov/standards/alto/ns-v3# http://www.loc.gov/alto/v3/alto-3-0.xsd">
	<Description>
		<MeasurementUnit>pixel</MeasurementUnit>
		<sourceImageInformation>
			<fileName>/tmp/tess_g32hqf81_input.PNG</fileName>
		</sourceImageInformation>
		<OCRProcessing ID="OCR_0">
			<ocrProcessingStep>
				<processingSoftware>
					<softwareName>tesseract 5.3.0</softwareName>
				</processingSoftware>
			</ocrProcessingStep>
		</OCRProcessing>
	</Description>
	<Layout>
		<Page WIDTH="2190" HEIGHT="2624" PHYSICAL_IMG_NR="0" ID="page_0">
			<PrintSpace HPOS="0" VPOS="0" WIDTH="2190" HEIGHT="2624">
				<ComposedBlock ID="cblock_0" HPOS="724" VPOS="169" WIDTH="1072" HEIGHT="33">
					<TextBlock ID="block_0" HPOS="724" VPOS="169" WIDTH="1072" HEIGHT="33">
						<TextLine ID="line_0" HPOS="724" VPOS="169" WIDTH="1072" HEIGHT="33">
							<String ID="string_0" HPOS="724" VPOS="169" WIDTH="232" HEIGHT="31" WC="0.89" CONTENT="Statsutskottets"/><SP WIDTH="23" VPOS="169" HPOS="956"/>
							<String ID="string_1" HPOS="979" VPOS="174" WIDTH="147" HEIGHT="27" WC="0.95" CONTENT="memorial"/><SP WIDTH="24" VPOS="174" HPOS="1126"/>
							<String ID="string_2" HPOS="1150" VPOS="174" WIDTH="46" HEIGHT="27" WC="0.95" CONTENT="Nr"/><SP WIDTH="27" VPOS="174" HPOS="1196"/>
							<String ID="string_3" HPOS="1223" VPOS="173" WIDTH="65" HEIGHT="29" WC="0.93" CONTENT="122."/><SP WIDTH="490" VPOS="173" HPOS="1288"/>
							<String ID="string_4" HPOS="1778" VPOS="173" WIDTH="18" HEIGHT="29" WC="0.96" CONTENT="9"/>
						</TextLine>
					</TextBlock>
				</ComposedBlock>
				<ComposedBlock ID="cblock_1" HPOS="185" VPOS="246" WIDTH="1616" HEIGHT="1961">
					<TextBlock ID="block_1" HPOS="185" VPOS="246" WIDTH="1612" HEIGHT="246">
						<TextLine ID="line_1" HPOS="284" VPOS="246" WIDTH="1513" HEIGHT="49">
							<String ID="string_5" HPOS="284" VPOS="246" WIDTH="38" HEIGHT="45" WC="0.93" CONTENT="b)"/><SP WIDTH="43" VPOS="246" HPOS="322"/>
							<String ID="string_6" HPOS="365" VPOS="248" WIDTH="168" HEIGHT="47" WC="0.89" CONTENT="medgiva"/><SP WIDTH="35" VPOS="248" HPOS="533"/>
							<String ID="string_7" HPOS="568" VPOS="253" WIDTH="53" HEIGHT="30" WC="0.93" CONTENT="att"/><SP WIDTH="40" VPOS="253" HPOS="621"/>
							<String ID="string_8" HPOS="661" VPOS="248" WIDTH="219" HEIGHT="47" WC="0.92" CONTENT="avlöningen"/><SP WIDTH="40" VPOS="248" HPOS="880"/>
							<String ID="string_9" HPOS="920" VPOS="248" WIDTH="56" HEIGHT="35" WC="0.96" CONTENT="för"/><SP WIDTH="27" VPOS="248" HPOS="976"/>
							<String ID="string_10" HPOS="1003" VPOS="248" WIDTH="183" HEIGHT="36" WC="0.96" CONTENT="laborator"/><SP WIDTH="28" VPOS="248" HPOS="1186"/>
							<String ID="string_11" HPOS="1214" VPOS="249" WIDTH="61" HEIGHT="35" WC="0.96" CONTENT="vid"/><SP WIDTH="24" VPOS="249" HPOS="1275"/>
							<String ID="string_12" HPOS="1299" VPOS="249" WIDTH="282" HEIGHT="37" WC="0.96" CONTENT="farmaceutiska"/><SP WIDTH="28" VPOS="249" HPOS="1581"/>
							<String ID="string_13" HPOS="1609" VPOS="252" WIDTH="188" HEIGHT="34" WC="0.96" CONTENT="institutet"/>
						</TextLine>
						<TextLine ID="line_2" HPOS="185" VPOS="298" WIDTH="1610" HEIGHT="47">
							<String ID="string_14" HPOS="185" VPOS="302" WIDTH="69" HEIGHT="39" WC="0.96" CONTENT="må,"/><SP WIDTH="42" VPOS="302" HPOS="254"/>
							<String ID="string_15" HPOS="296" VPOS="299" WIDTH="10" HEIGHT="34" WC="0.95" CONTENT="i"/><SP WIDTH="41" VPOS="299" HPOS="306"/>
							<String ID="string_16" HPOS="347" VPOS="298" WIDTH="123" HEIGHT="35" WC="0.95" CONTENT="stället"/><SP WIDTH="40" VPOS="298" HPOS="470"/>
							<String ID="string_17" HPOS="510" VPOS="298" WIDTH="57" HEIGHT="35" WC="0.96" CONTENT="för"/><SP WIDTH="36" VPOS="298" HPOS="567"/>
							<String ID="string_18" HPOS="603" VPOS="298" WIDTH="69" HEIGHT="36" WC="0.96" CONTENT="vad"/><SP WIDTH="28" VPOS="298" HPOS="672"/>
							<String ID="string_19" HPOS="700" VPOS="298" WIDTH="125" HEIGHT="35" WC="0.96" CONTENT="därom"/><SP WIDTH="30" VPOS="298" HPOS="825"/>
							<String ID="string_20" HPOS="855" VPOS="311" WIDTH="51" HEIGHT="22" WC="0.96" CONTENT="nu"/><SP WIDTH="28" VPOS="311" HPOS="906"/>
							<String ID="string_21" HPOS="934" VPOS="306" WIDTH="40" HEIGHT="27" WC="0.96" CONTENT="är"/><SP WIDTH="28" VPOS="306" HPOS="974"/>
							<String ID="string_22" HPOS="1002" VPOS="299" WIDTH="155" HEIGHT="46" WC="0.96" CONTENT="stadgat,"/><SP WIDTH="31" VPOS="299" HPOS="1157"/>
							<String ID="string_23" HPOS="1188" VPOS="299" WIDTH="221" HEIGHT="36" WC="0.95" CONTENT="bestämmas"/><SP WIDTH="32" VPOS="299" HPOS="1409"/>
							<String ID="string_24" HPOS="1441" VPOS="301" WIDTH="57" HEIGHT="34" WC="0.91" CONTENT="till"/><SP WIDTH="21" VPOS="301" HPOS="1498"/>
							<String ID="string_25" HPOS="1519" VPOS="302" WIDTH="110" HEIGHT="42" WC="0.91" CONTENT="4,500"/><SP WIDTH="21" VPOS="302" HPOS="1629"/>
							<String ID="string_26" HPOS="1650" VPOS="302" WIDTH="145" HEIGHT="41" WC="0.96" CONTENT="kronor,"/>
						</TextLine>
						<TextLine ID="line_3" HPOS="185" VPOS="348" WIDTH="1611" HEIGHT="50">
							<String ID="string_27" HPOS="185" VPOS="348" WIDTH="110" HEIGHT="35" WC="0.92" CONTENT="därav"/><SP WIDTH="33" VPOS="348" HPOS="295"/>
							<String ID="string_28" HPOS="328" VPOS="350" WIDTH="110" HEIGHT="42" WC="0.91" CONTENT="3,000"/><SP WIDTH="33" VPOS="350" HPOS="438"/>
							<String ID="string_29" HPOS="471" VPOS="349" WIDTH="134" HEIGHT="35" WC="0.96" CONTENT="kronor"/><SP WIDTH="40" VPOS="349" HPOS="605"/>
							<String ID="string_30" HPOS="645" VPOS="349" WIDTH="61" HEIGHT="34" WC="0.96" CONTENT="lön"/><SP WIDTH="34" VPOS="349" HPOS="706"/>
							<String ID="string_31" HPOS="740" VPOS="349" WIDTH="68" HEIGHT="34" WC="0.92" CONTENT="och"/><SP WIDTH="44" VPOS="349" HPOS="808"/>
							<String ID="string_32" HPOS="852" VPOS="351" WIDTH="108" HEIGHT="41" WC="0.91" CONTENT="1,500"/><SP WIDTH="33" VPOS="351" HPOS="960"/>
							<String ID="string_33" HPOS="993" VPOS="349" WIDTH="136" HEIGHT="35" WC="0.93" CONTENT="kronor"/><SP WIDTH="27" VPOS="349" HPOS="1129"/>
							<String ID="string_34" HPOS="1156" VPOS="350" WIDTH="489" HEIGHT="48" WC="0.90" CONTENT="tjänstgöringspenningar,"/><SP WIDTH="29" VPOS="350" HPOS="1645"/>
							<String ID="string_35" HPOS="1674" VPOS="352" WIDTH="122" HEIGHT="34" WC="0.95" CONTENT="vartill"/>
						</TextLine>
						<TextLine ID="line_4" HPOS="185" VPOS="398" WIDTH="1610" HEIGHT="50">
							<String ID="string_36" HPOS="185" VPOS="399" WIDTH="124" HEIGHT="34" WC="0.96" CONTENT="kunna"/><SP WIDTH="40" VPOS="399" HPOS="309"/>
							<String ID="string_37" HPOS="349" VPOS="400" WIDTH="95" HEIGHT="34" WC="0.96" CONTENT="efter"/><SP WIDTH="28" VPOS="400" HPOS="444"/>
							<String ID="string_38" HPOS="472" VPOS="399" WIDTH="206" HEIGHT="47" WC="0.96" CONTENT="respektive"/><SP WIDTH="30" VPOS="399" HPOS="678"/>
							<String ID="string_39" HPOS="708" VPOS="398" WIDTH="71" HEIGHT="35" WC="0.96" CONTENT="fem"/><SP WIDTH="30" VPOS="398" HPOS="779"/>
							<String ID="string_40" HPOS="809" VPOS="399" WIDTH="66" HEIGHT="35" WC="0.96" CONTENT="och"/><SP WIDTH="29" VPOS="399" HPOS="875"/>
							<String ID="string_41" HPOS="904" VPOS="399" WIDTH="51" HEIGHT="35" WC="0.96" CONTENT="tio"/><SP WIDTH="28" VPOS="399" HPOS="955"/>
							<String ID="string_42" HPOS="983" VPOS="402" WIDTH="39" HEIGHT="32" WC="0.96" CONTENT="år"/><SP WIDTH="28" VPOS="402" HPOS="1022"/>
							<String ID="string_43" HPOS="1050" VPOS="400" WIDTH="145" HEIGHT="34" WC="0.96" CONTENT="komma"/><SP WIDTH="27" VPOS="400" HPOS="1195"/>
							<String ID="string_44" HPOS="1222" VPOS="404" WIDTH="59" HEIGHT="31" WC="0.93" CONTENT="två"/><SP WIDTH="28" VPOS="404" HPOS="1281"/>
							<String ID="string_45" HPOS="1309" VPOS="400" WIDTH="253" HEIGHT="48" WC="0.90" CONTENT="ålderstillägg"/><SP WIDTH="27" VPOS="400" HPOS="1562"/>
							<String ID="string_46" HPOS="1589" VPOS="402" WIDTH="57" HEIGHT="34" WC="0.96" CONTENT="till"/><SP WIDTH="29" VPOS="402" HPOS="1646"/>
							<String ID="string_47" HPOS="1675" VPOS="403" WIDTH="120" HEIGHT="41" WC="0.96" CONTENT="lönen,"/>
						</TextLine>
						<TextLine ID="line_5" HPOS="185" VPOS="448" WIDTH="495" HEIGHT="44">
							<String ID="string_48" HPOS="185" VPOS="448" WIDTH="168" HEIGHT="35" WC="0.90" CONTENT="vartdera"/><SP WIDTH="26" VPOS="448" HPOS="353"/>
							<String ID="string_49" HPOS="379" VPOS="451" WIDTH="20" HEIGHT="32" WC="0.92" CONTENT="å"/><SP WIDTH="29" VPOS="451" HPOS="399"/>
							<String ID="string_50" HPOS="428" VPOS="449" WIDTH="72" HEIGHT="34" WC="0.96" CONTENT="500"/><SP WIDTH="29" VPOS="449" HPOS="500"/>
							<String ID="string_51" HPOS="529" VPOS="450" WIDTH="151" HEIGHT="42" WC="0.96" CONTENT="kronor;"/>
						</TextLine>
					</TextBlock>
					<TextBlock ID="block_2" HPOS="185" VPOS="497" WIDTH="1613" HEIGHT="244">
						<TextLine ID="line_6" HPOS="285" VPOS="497" WIDTH="1512" HEIGHT="49">
							<String ID="string_52" HPOS="285" VPOS="497" WIDTH="33" HEIGHT="45" WC="0.92" CONTENT="c)"/><SP WIDTH="28" VPOS="497" HPOS="318"/>
							<String ID="string_53" HPOS="346" VPOS="497" WIDTH="169" HEIGHT="47" WC="0.91" CONTENT="medgiva"/><SP WIDTH="28" VPOS="497" HPOS="515"/>
							<String ID="string_54" HPOS="543" VPOS="503" WIDTH="52" HEIGHT="30" WC="0.92" CONTENT="att"/><SP WIDTH="20" VPOS="503" HPOS="595"/>
							<String ID="string_55" HPOS="615" VPOS="501" WIDTH="20" HEIGHT="32" WC="0.92" CONTENT="å"/><SP WIDTH="19" VPOS="501" HPOS="635"/>
							<String ID="string_56" HPOS="654" VPOS="498" WIDTH="207" HEIGHT="34" WC="0.96" CONTENT="institutets"/><SP WIDTH="21" VPOS="498" HPOS="861"/>
							<String ID="string_57" HPOS="882" VPOS="503" WIDTH="72" HEIGHT="30" WC="0.96" CONTENT="stat"/><SP WIDTH="24" VPOS="503" HPOS="954"/>
							<String ID="string_58" HPOS="978" VPOS="502" WIDTH="59" HEIGHT="31" WC="0.96" CONTENT="må"/><SP WIDTH="21" VPOS="502" HPOS="1037"/>
							<String ID="string_59" HPOS="1058" VPOS="498" WIDTH="174" HEIGHT="48" WC="0.96" CONTENT="uppföras"/><SP WIDTH="18" VPOS="498" HPOS="1232"/>
							<String ID="string_60" HPOS="1250" VPOS="499" WIDTH="217" HEIGHT="47" WC="0.96" CONTENT="ytterligare"/><SP WIDTH="20" VPOS="499" HPOS="1467"/>
							<String ID="string_61" HPOS="1487" VPOS="513" WIDTH="44" HEIGHT="22" WC="0.96" CONTENT="en"/><SP WIDTH="19" VPOS="513" HPOS="1531"/>
							<String ID="string_62" HPOS="1550" VPOS="502" WIDTH="247" HEIGHT="34" WC="0.94" CONTENT="vaktmästare"/>
						</TextLine>
						<TextLine ID="line_7" HPOS="185" VPOS="547" WIDTH="1613" HEIGHT="46">
							<String ID="string_63" HPOS="185" VPOS="547" WIDTH="82" HEIGHT="35" WC="0.96" CONTENT="med"/><SP WIDTH="41" VPOS="547" HPOS="267"/>
							<String ID="string_64" HPOS="308" VPOS="560" WIDTH="44" HEIGHT="22" WC="0.86" CONTENT="en"/><SP WIDTH="42" VPOS="560" HPOS="352"/>
							<String ID="string_65" HPOS="394" VPOS="548" WIDTH="172" HEIGHT="45" WC="0.86" CONTENT="avlöning"/><SP WIDTH="45" VPOS="548" HPOS="566"/>
							<String ID="string_66" HPOS="611" VPOS="560" WIDTH="43" HEIGHT="22" WC="0.92" CONTENT="av"/><SP WIDTH="48" VPOS="560" HPOS="654"/>
							<String ID="string_67" HPOS="702" VPOS="549" WIDTH="104" HEIGHT="43" WC="0.76" CONTENT="1,900"/><SP WIDTH="39" VPOS="549" HPOS="806"/>
							<String ID="string_68" HPOS="845" VPOS="549" WIDTH="148" HEIGHT="41" WC="0.96" CONTENT="kronor,"/><SP WIDTH="30" VPOS="549" HPOS="993"/>
							<String ID="string_69" HPOS="1023" VPOS="548" WIDTH="109" HEIGHT="35" WC="0.93" CONTENT="därav"/><SP WIDTH="34" VPOS="548" HPOS="1132"/>
							<String ID="string_70" HPOS="1166" VPOS="551" WIDTH="103" HEIGHT="39" WC="0.91" CONTENT="1,100"/><SP WIDTH="29" VPOS="551" HPOS="1269"/>
							<String ID="string_71" HPOS="1298" VPOS="549" WIDTH="136" HEIGHT="35" WC="0.96" CONTENT="kronor"/><SP WIDTH="27" VPOS="549" HPOS="1434"/>
							<String ID="string_72" HPOS="1461" VPOS="551" WIDTH="72" HEIGHT="42" WC="0.95" CONTENT="lön,"/><SP WIDTH="31" VPOS="551" HPOS="1533"/>
							<String ID="string_73" HPOS="1564" VPOS="553" WIDTH="71" HEIGHT="32" WC="0.96" CONTENT="650"/><SP WIDTH="29" VPOS="553" HPOS="1635"/>
							<String ID="string_74" HPOS="1664" VPOS="551" WIDTH="134" HEIGHT="35" WC="0.96" CONTENT="kronor"/>
						</TextLine>
						<TextLine ID="line_8" HPOS="185" VPOS="597" WIDTH="1612" HEIGHT="49">
							<String ID="string_75" HPOS="185" VPOS="598" WIDTH="477" HEIGHT="47" WC="0.91" CONTENT="tjänstgöringspenningar"/><SP WIDTH="41" VPOS="598" HPOS="662"/>
							<String ID="string_76" HPOS="703" VPOS="597" WIDTH="67" HEIGHT="36" WC="0.95" CONTENT="och"/><SP WIDTH="44" VPOS="597" HPOS="770"/>
							<String ID="string_77" HPOS="814" VPOS="598" WIDTH="70" HEIGHT="34" WC="0.93" CONTENT="150"/><SP WIDTH="42" VPOS="598" HPOS="884"/>
							<String ID="string_78" HPOS="926" VPOS="599" WIDTH="133" HEIGHT="34" WC="0.78" CONTENT="kronor"/><SP WIDTH="40" VPOS="599" HPOS="1059"/>
							<String ID="string_79" HPOS="1099" VPOS="599" WIDTH="218" HEIGHT="47" WC="0.78" CONTENT="ortstillägg,"/><SP WIDTH="42" VPOS="599" HPOS="1317"/>
							<String ID="string_80" HPOS="1359" VPOS="600" WIDTH="123" HEIGHT="35" WC="0.96" CONTENT="vartill"/><SP WIDTH="21" VPOS="600" HPOS="1482"/>
							<String ID="string_81" HPOS="1503" VPOS="600" WIDTH="125" HEIGHT="35" WC="0.65" CONTENT="kanna"/><SP WIDTH="24" VPOS="600" HPOS="1628"/>
							<String ID="string_82" HPOS="1652" VPOS="601" WIDTH="145" HEIGHT="35" WC="0.95" CONTENT="komma"/>
						</TextLine>
						<TextLine ID="line_9" HPOS="185" VPOS="646" WIDTH="1611" HEIGHT="51">
							<String ID="string_83" HPOS="185" VPOS="652" WIDTH="56" HEIGHT="30" WC="0.88" CONTENT="tre"/><SP WIDTH="39" VPOS="652" HPOS="241"/>
							<String ID="string_84" HPOS="280" VPOS="646" WIDTH="254" HEIGHT="49" WC="0.88" CONTENT="ålderstillägg"/><SP WIDTH="26" VPOS="646" HPOS="534"/>
							<String ID="string_85" HPOS="560" VPOS="648" WIDTH="56" HEIGHT="34" WC="0.96" CONTENT="till"/><SP WIDTH="29" VPOS="648" HPOS="616"/>
							<String ID="string_86" HPOS="645" VPOS="648" WIDTH="120" HEIGHT="42" WC="0.95" CONTENT="lönen,"/><SP WIDTH="29" VPOS="648" HPOS="765"/>
							<String ID="string_87" HPOS="794" VPOS="653" WIDTH="80" HEIGHT="29" WC="0.96" CONTENT="vart"/><SP WIDTH="27" VPOS="653" HPOS="874"/>
							<String ID="string_88" HPOS="901" VPOS="648" WIDTH="68" HEIGHT="34" WC="0.96" CONTENT="och"/><SP WIDTH="30" VPOS="648" HPOS="969"/>
							<String ID="string_89" HPOS="999" VPOS="653" WIDTH="52" HEIGHT="30" WC="0.93" CONTENT="ett"/><SP WIDTH="28" VPOS="653" HPOS="1051"/>
							<String ID="string_90" HPOS="1079" VPOS="651" WIDTH="19" HEIGHT="31" WC="0.91" CONTENT="å"/><SP WIDTH="31" VPOS="651" HPOS="1098"/>
							<String ID="string_91" HPOS="1129" VPOS="650" WIDTH="68" HEIGHT="33" WC="0.96" CONTENT="100"/><SP WIDTH="34" VPOS="650" HPOS="1197"/>
							<String ID="string_92" HPOS="1231" VPOS="649" WIDTH="145" HEIGHT="43" WC="0.96" CONTENT="kronor,"/><SP WIDTH="31" VPOS="649" HPOS="1376"/>
							<String ID="string_93" HPOS="1407" VPOS="649" WIDTH="94" HEIGHT="36" WC="0.96" CONTENT="efter"/><SP WIDTH="27" VPOS="649" HPOS="1501"/>
							<String ID="string_94" HPOS="1528" VPOS="651" WIDTH="207" HEIGHT="46" WC="0.96" CONTENT="respektive"/><SP WIDTH="29" VPOS="651" HPOS="1735"/>
							<String ID="string_95" HPOS="1764" VPOS="653" WIDTH="32" HEIGHT="41" WC="0.95" CONTENT="3,"/>
						</TextLine>
						<TextLine ID="line_10" HPOS="187" VPOS="697" WIDTH="250" HEIGHT="44">
							<String ID="string_96" HPOS="187" VPOS="701" WIDTH="19" HEIGHT="32" WC="0.95" CONTENT="6"/><SP WIDTH="29" VPOS="701" HPOS="206"/>
							<String ID="string_97" HPOS="235" VPOS="697" WIDTH="67" HEIGHT="36" WC="0.95" CONTENT="och"/><SP WIDTH="30" VPOS="697" HPOS="302"/>
							<String ID="string_98" HPOS="332" VPOS="698" WIDTH="20" HEIGHT="34" WC="0.96" CONTENT="9"/><SP WIDTH="30" VPOS="698" HPOS="352"/>
							<String ID="string_99" HPOS="382" VPOS="700" WIDTH="55" HEIGHT="41" WC="0.95" CONTENT="år;"/>
						</TextLine>
					</TextBlock>
					<TextBlock ID="block_3" HPOS="186" VPOS="744" WIDTH="1612" HEIGHT="147">
						<TextLine ID="line_11" HPOS="286" VPOS="744" WIDTH="1511" HEIGHT="52">
							<String ID="string_100" HPOS="286" VPOS="744" WIDTH="37" HEIGHT="48" WC="0.93" CONTENT="d)"/><SP WIDTH="43" VPOS="744" HPOS="323"/>
							<String ID="string_101" HPOS="366" VPOS="746" WIDTH="57" HEIGHT="37" WC="0.96" CONTENT="för"/><SP WIDTH="40" VPOS="746" HPOS="423"/>
							<String ID="string_102" HPOS="463" VPOS="746" WIDTH="291" HEIGHT="48" WC="0.96" CONTENT="genomförande"/><SP WIDTH="41" VPOS="746" HPOS="754"/>
							<String ID="string_103" HPOS="795" VPOS="761" WIDTH="42" HEIGHT="22" WC="0.96" CONTENT="av"/><SP WIDTH="41" VPOS="761" HPOS="837"/>
							<String ID="string_104" HPOS="878" VPOS="749" WIDTH="159" HEIGHT="46" WC="0.96" CONTENT="angivna"/><SP WIDTH="27" VPOS="749" HPOS="1037"/>
							<String ID="string_105" HPOS="1064" VPOS="748" WIDTH="259" HEIGHT="48" WC="0.96" CONTENT="förändringar"/><SP WIDTH="28" VPOS="748" HPOS="1323"/>
							<String ID="string_106" HPOS="1351" VPOS="751" WIDTH="10" HEIGHT="33" WC="0.92" CONTENT="i"/><SP WIDTH="21" VPOS="751" HPOS="1361"/>
							<String ID="string_107" HPOS="1382" VPOS="750" WIDTH="203" HEIGHT="35" WC="0.92" CONTENT="institutets"/><SP WIDTH="28" VPOS="750" HPOS="1585"/>
							<String ID="string_108" HPOS="1613" VPOS="749" WIDTH="184" HEIGHT="37" WC="0.96" CONTENT="ordinarie"/>
						</TextLine>
						<TextLine ID="line_12" HPOS="186" VPOS="797" WIDTH="1612" HEIGHT="48">
							<String ID="string_109" HPOS="186" VPOS="803" WIDTH="72" HEIGHT="30" WC="0.96" CONTENT="stat"/><SP WIDTH="39" VPOS="803" HPOS="258"/>
							<String ID="string_110" HPOS="297" VPOS="798" WIDTH="85" HEIGHT="47" WC="0.96" CONTENT="höja"/><SP WIDTH="45" VPOS="798" HPOS="382"/>
							<String ID="string_111" HPOS="427" VPOS="798" WIDTH="61" HEIGHT="35" WC="0.95" CONTENT="det"/><SP WIDTH="41" VPOS="798" HPOS="488"/>
							<String ID="string_112" HPOS="529" VPOS="797" WIDTH="186" HEIGHT="36" WC="0.95" CONTENT="ordinarie"/><SP WIDTH="40" VPOS="797" HPOS="715"/>
							<String ID="string_113" HPOS="755" VPOS="799" WIDTH="164" HEIGHT="46" WC="0.96" CONTENT="anslaget"/><SP WIDTH="41" VPOS="799" HPOS="919"/>
							<String ID="string_114" HPOS="960" VPOS="799" WIDTH="57" HEIGHT="34" WC="0.96" CONTENT="till"/><SP WIDTH="29" VPOS="799" HPOS="1017"/>
							<String ID="string_115" HPOS="1046" VPOS="798" WIDTH="281" HEIGHT="36" WC="0.95" CONTENT="farmaceutiska"/><SP WIDTH="28" VPOS="798" HPOS="1327"/>
							<String ID="string_116" HPOS="1355" VPOS="801" WIDTH="198" HEIGHT="43" WC="0.96" CONTENT="institutet,"/><SP WIDTH="29" VPOS="801" HPOS="1553"/>
							<String ID="string_117" HPOS="1582" VPOS="814" WIDTH="49" HEIGHT="22" WC="0.92" CONTENT="nu"/><SP WIDTH="33" VPOS="814" HPOS="1631"/>
							<String ID="string_118" HPOS="1664" VPOS="802" WIDTH="134" HEIGHT="42" WC="0.91" CONTENT="62,000"/>
						</TextLine>
						<TextLine ID="line_13" HPOS="186" VPOS="848" WIDTH="992" HEIGHT="43">
							<String ID="string_119" HPOS="186" VPOS="848" WIDTH="146" HEIGHT="42" WC="0.95" CONTENT="kronor,"/><SP WIDTH="30" VPOS="848" HPOS="332"/>
							<String ID="string_120" HPOS="362" VPOS="848" WIDTH="84" HEIGHT="35" WC="0.93" CONTENT="med"/><SP WIDTH="29" VPOS="848" HPOS="446"/>
							<String ID="string_121" HPOS="475" VPOS="850" WIDTH="109" HEIGHT="40" WC="0.91" CONTENT="6,100"/><SP WIDTH="29" VPOS="850" HPOS="584"/>
							<String ID="string_122" HPOS="613" VPOS="849" WIDTH="136" HEIGHT="34" WC="0.96" CONTENT="kronor"/><SP WIDTH="26" VPOS="849" HPOS="749"/>
							<String ID="string_123" HPOS="775" VPOS="849" WIDTH="56" HEIGHT="34" WC="0.93" CONTENT="till"/><SP WIDTH="32" VPOS="849" HPOS="831"/>
							<String ID="string_124" HPOS="863" VPOS="849" WIDTH="135" HEIGHT="42" WC="0.91" CONTENT="68,100"/><SP WIDTH="28" VPOS="849" HPOS="998"/>
							<String ID="string_125" HPOS="1026" VPOS="850" WIDTH="152" HEIGHT="41" WC="0.96" CONTENT="kronor;"/>
						</TextLine>
					</TextBlock>
					<TextBlock ID="block_4" HPOS="185" VPOS="895" WIDTH="1613" HEIGHT="151">
						<TextLine ID="line_14" HPOS="286" VPOS="895" WIDTH="1510" HEIGHT="51">
							<String ID="string_126" HPOS="286" VPOS="895" WIDTH="33" HEIGHT="46" WC="0.92" CONTENT="e)"/><SP WIDTH="30" VPOS="895" HPOS="319"/>
							<String ID="string_127" HPOS="349" VPOS="896" WIDTH="211" HEIGHT="44" WC="0.96" CONTENT="föreskriva,"/><SP WIDTH="30" VPOS="896" HPOS="560"/>
							<String ID="string_128" HPOS="590" VPOS="903" WIDTH="53" HEIGHT="29" WC="0.96" CONTENT="att"/><SP WIDTH="19" VPOS="903" HPOS="643"/>
							<String ID="string_129" HPOS="662" VPOS="897" WIDTH="44" HEIGHT="35" WC="0.96" CONTENT="de"/><SP WIDTH="19" VPOS="897" HPOS="706"/>
							<String ID="string_130" HPOS="725" VPOS="910" WIDTH="132" HEIGHT="33" WC="0.96" CONTENT="genom"/><SP WIDTH="20" VPOS="910" HPOS="857"/>
							<String ID="string_131" HPOS="877" VPOS="899" WIDTH="246" HEIGHT="46" WC="0.96" CONTENT="kungörelsen"/><SP WIDTH="21" VPOS="899" HPOS="1123"/>
							<String ID="string_132" HPOS="1144" VPOS="899" WIDTH="70" HEIGHT="35" WC="0.96" CONTENT="den"/><SP WIDTH="21" VPOS="899" HPOS="1214"/>
							<String ID="string_133" HPOS="1235" VPOS="901" WIDTH="44" HEIGHT="33" WC="0.93" CONTENT="22"/><SP WIDTH="17" VPOS="901" HPOS="1279"/>
							<String ID="string_134" HPOS="1296" VPOS="900" WIDTH="184" HEIGHT="46" WC="0.75" CONTENT="junil911"/><SP WIDTH="23" VPOS="900" HPOS="1480"/>
							<String ID="string_135" HPOS="1503" VPOS="897" WIDTH="66" HEIGHT="48" WC="0.93" CONTENT="(sv."/><SP WIDTH="20" VPOS="897" HPOS="1569"/>
							<String ID="string_136" HPOS="1589" VPOS="900" WIDTH="207" HEIGHT="36" WC="0.90" CONTENT="förf.-saml."/>
						</TextLine>
						<TextLine ID="line_15" HPOS="185" VPOS="946" WIDTH="1613" HEIGHT="52">
							<String ID="string_137" HPOS="185" VPOS="947" WIDTH="75" HEIGHT="36" WC="0.91" CONTENT="bih."/><SP WIDTH="29" VPOS="947" HPOS="260"/>
							<String ID="string_138" HPOS="289" VPOS="961" WIDTH="44" HEIGHT="21" WC="0.95" CONTENT="nr"/><SP WIDTH="28" VPOS="961" HPOS="333"/>
							<String ID="string_139" HPOS="361" VPOS="946" WIDTH="62" HEIGHT="46" WC="0.94" CONTENT="37)"/><SP WIDTH="30" VPOS="946" HPOS="423"/>
							<String ID="string_140" HPOS="453" VPOS="947" WIDTH="206" HEIGHT="36" WC="0.93" CONTENT="fastställda"/><SP WIDTH="28" VPOS="947" HPOS="659"/>
							<String ID="string_141" HPOS="687" VPOS="949" WIDTH="328" HEIGHT="46" WC="0.91" CONTENT="avlöningsvillkor"/><SP WIDTH="41" VPOS="949" HPOS="1015"/>
							<String ID="string_142" HPOS="1056" VPOS="948" WIDTH="228" HEIGHT="36" WC="0.96" CONTENT="fortfarande"/><SP WIDTH="28" VPOS="948" HPOS="1284"/>
							<String ID="string_143" HPOS="1312" VPOS="952" WIDTH="59" HEIGHT="32" WC="0.96" CONTENT="må"/><SP WIDTH="27" VPOS="952" HPOS="1371"/>
							<String ID="string_144" HPOS="1398" VPOS="957" WIDTH="68" HEIGHT="38" WC="0.96" CONTENT="äga"/><SP WIDTH="26" VPOS="957" HPOS="1466"/>
							<String ID="string_145" HPOS="1492" VPOS="951" WIDTH="183" HEIGHT="47" WC="0.96" CONTENT="giltighet,"/><SP WIDTH="30" VPOS="951" HPOS="1675"/>
							<String ID="string_146" HPOS="1705" VPOS="951" WIDTH="93" HEIGHT="35" WC="0.96" CONTENT="dock"/>
						</TextLine>
						<TextLine ID="line_16" HPOS="185" VPOS="997" WIDTH="1000" HEIGHT="49">
							<String ID="string_147" HPOS="185" VPOS="997" WIDTH="84" HEIGHT="36" WC="0.96" CONTENT="med"/><SP WIDTH="28" VPOS="997" HPOS="269"/>
							<String ID="string_148" HPOS="297" VPOS="997" WIDTH="163" HEIGHT="47" WC="0.96" CONTENT="följande"/><SP WIDTH="28" VPOS="997" HPOS="460"/>
							<String ID="string_149" HPOS="488" VPOS="997" WIDTH="200" HEIGHT="47" WC="0.96" CONTENT="ändringar"/><SP WIDTH="27" VPOS="997" HPOS="688"/>
							<String ID="string_150" HPOS="715" VPOS="999" WIDTH="67" HEIGHT="35" WC="0.96" CONTENT="och"/><SP WIDTH="28" VPOS="999" HPOS="782"/>
							<String ID="string_151" HPOS="810" VPOS="999" WIDTH="145" HEIGHT="47" WC="0.96" CONTENT="tillägg,"/><SP WIDTH="29" VPOS="999" HPOS="955"/>
							<String ID="string_152" HPOS="984" VPOS="1000" WIDTH="201" HEIGHT="46" WC="0.95" CONTENT="nämligen:"/>
						</TextLine>
					</TextBlock>
					<TextBlock ID="block_5" HPOS="185" VPOS="1047" WIDTH="1609" HEIGHT="101">
						<TextLine ID="line_17" HPOS="285" VPOS="1047" WIDTH="1509" HEIGHT="50">
							<String ID="string_153" HPOS="285" VPOS="1050" WIDTH="53" HEIGHT="34" WC="0.78" CONTENT="att"/><SP WIDTH="40" VPOS="1050" HPOS="338"/>
							<String ID="string_154" HPOS="378" VPOS="1048" WIDTH="12" HEIGHT="35" WC="0.65" CONTENT="i"/><SP WIDTH="42" VPOS="1048" HPOS="390"/>
							<String ID="string_155" HPOS="432" VPOS="1047" WIDTH="104" HEIGHT="48" WC="0.96" CONTENT="fråga"/><SP WIDTH="38" VPOS="1047" HPOS="536"/>
							<String ID="string_156" HPOS="574" VPOS="1061" WIDTH="59" HEIGHT="22" WC="0.96" CONTENT="om"/><SP WIDTH="42" VPOS="1061" HPOS="633"/>
							<String ID="string_157" HPOS="675" VPOS="1049" WIDTH="12" HEIGHT="34" WC="0.95" CONTENT="i"/><SP WIDTH="40" VPOS="1049" HPOS="687"/>
							<String ID="string_158" HPOS="727" VPOS="1053" WIDTH="120" HEIGHT="31" WC="0.93" CONTENT="staten"/><SP WIDTH="37" VPOS="1053" HPOS="847"/>
							<String ID="string_159" HPOS="884" VPOS="1048" WIDTH="195" HEIGHT="48" WC="0.92" CONTENT="medgiven"/><SP WIDTH="41" VPOS="1048" HPOS="1079"/>
							<String ID="string_160" HPOS="1120" VPOS="1048" WIDTH="216" HEIGHT="49" WC="0.96" CONTENT="förhöjning"/><SP WIDTH="41" VPOS="1048" HPOS="1336"/>
							<String ID="string_161" HPOS="1377" VPOS="1063" WIDTH="42" HEIGHT="23" WC="0.96" CONTENT="av"/><SP WIDTH="40" VPOS="1063" HPOS="1419"/>
							<String ID="string_162" HPOS="1459" VPOS="1051" WIDTH="109" HEIGHT="35" WC="0.96" CONTENT="lönen"/><SP WIDTH="33" VPOS="1051" HPOS="1568"/>
							<String ID="string_163" HPOS="1601" VPOS="1050" WIDTH="94" HEIGHT="37" WC="0.96" CONTENT="efter"/><SP WIDTH="27" VPOS="1050" HPOS="1695"/>
							<String ID="string_164" HPOS="1722" VPOS="1052" WIDTH="72" HEIGHT="35" WC="0.96" CONTENT="viss"/>
						</TextLine>
						<TextLine ID="line_18" HPOS="185" VPOS="1098" WIDTH="1180" HEIGHT="50">
							<String ID="string_165" HPOS="185" VPOS="1098" WIDTH="73" HEIGHT="35" WC="0.96" CONTENT="tids"/><SP WIDTH="28" VPOS="1098" HPOS="258"/>
							<String ID="string_166" HPOS="286" VPOS="1098" WIDTH="150" HEIGHT="36" WC="0.93" CONTENT="fortsatt"/><SP WIDTH="27" VPOS="1098" HPOS="436"/>
							<String ID="string_167" HPOS="463" VPOS="1098" WIDTH="256" HEIGHT="36" WC="0.92" CONTENT="innehavande"/><SP WIDTH="28" VPOS="1098" HPOS="719"/>
							<String ID="string_168" HPOS="747" VPOS="1112" WIDTH="43" HEIGHT="22" WC="0.96" CONTENT="av"/><SP WIDTH="27" VPOS="1112" HPOS="790"/>
							<String ID="string_169" HPOS="817" VPOS="1098" WIDTH="213" HEIGHT="49" WC="0.96" CONTENT="befattning"/><SP WIDTH="26" VPOS="1098" HPOS="1030"/>
							<String ID="string_170" HPOS="1056" VPOS="1100" WIDTH="222" HEIGHT="48" WC="0.96" CONTENT="tidpunkten"/><SP WIDTH="29" VPOS="1100" HPOS="1278"/>
							<String ID="string_171" HPOS="1307" VPOS="1099" WIDTH="58" HEIGHT="37" WC="0.96" CONTENT="för"/>
						</TextLine>
					</TextBlock>
					<TextBlock ID="block_6" HPOS="187" VPOS="1147" WIDTH="1613" HEIGHT="354">
						<TextLine ID="line_19" HPOS="287" VPOS="1147" WIDTH="1512" HEIGHT="52">
							<String ID="string_172" HPOS="287" VPOS="1148" WIDTH="115" HEIGHT="36" WC="0.96" CONTENT="första"/><SP WIDTH="42" VPOS="1148" HPOS="402"/>
							<String ID="string_173" HPOS="444" VPOS="1147" WIDTH="262" HEIGHT="50" WC="0.96" CONTENT="förhöjningen"/><SP WIDTH="33" VPOS="1147" HPOS="706"/>
							<String ID="string_174" HPOS="739" VPOS="1150" WIDTH="222" HEIGHT="35" WC="0.96" CONTENT="bestämmes"/><SP WIDTH="42" VPOS="1150" HPOS="961"/>
							<String ID="string_175" HPOS="1003" VPOS="1155" WIDTH="53" HEIGHT="30" WC="0.95" CONTENT="att"/><SP WIDTH="36" VPOS="1155" HPOS="1056"/>
							<String ID="string_176" HPOS="1092" VPOS="1151" WIDTH="144" HEIGHT="35" WC="0.96" CONTENT="inträda"/><SP WIDTH="27" VPOS="1151" HPOS="1236"/>
							<String ID="string_177" HPOS="1263" VPOS="1150" WIDTH="57" HEIGHT="36" WC="0.97" CONTENT="för"/><SP WIDTH="27" VPOS="1150" HPOS="1320"/>
							<String ID="string_178" HPOS="1347" VPOS="1164" WIDTH="120" HEIGHT="22" WC="0.86" CONTENT="annan"/><SP WIDTH="38" VPOS="1164" HPOS="1467"/>
							<String ID="string_179" HPOS="1505" VPOS="1151" WIDTH="294" HEIGHT="48" WC="0.86" CONTENT="befattningsha-"/>
						</TextLine>
						<TextLine ID="line_20" HPOS="187" VPOS="1198" WIDTH="1613" HEIGHT="48">
							<String ID="string_180" HPOS="187" VPOS="1211" WIDTH="85" HEIGHT="23" WC="0.96" CONTENT="vare"/><SP WIDTH="32" VPOS="1211" HPOS="272"/>
							<String ID="string_181" HPOS="304" VPOS="1205" WIDTH="46" HEIGHT="29" WC="0.96" CONTENT="än"/><SP WIDTH="27" VPOS="1205" HPOS="350"/>
							<String ID="string_182" HPOS="377" VPOS="1199" WIDTH="245" HEIGHT="36" WC="0.96" CONTENT="vaktmästare"/><SP WIDTH="27" VPOS="1199" HPOS="622"/>
							<String ID="string_183" HPOS="649" VPOS="1198" WIDTH="94" HEIGHT="37" WC="0.96" CONTENT="efter"/><SP WIDTH="27" VPOS="1198" HPOS="743"/>
							<String ID="string_184" HPOS="770" VPOS="1198" WIDTH="74" HEIGHT="37" WC="0.96" CONTENT="fem"/><SP WIDTH="29" VPOS="1198" HPOS="844"/>
							<String ID="string_185" HPOS="873" VPOS="1203" WIDTH="40" HEIGHT="32" WC="0.96" CONTENT="år"/><SP WIDTH="27" VPOS="1203" HPOS="913"/>
							<String ID="string_186" HPOS="940" VPOS="1200" WIDTH="68" HEIGHT="35" WC="0.96" CONTENT="och"/><SP WIDTH="29" VPOS="1200" HPOS="1008"/>
							<String ID="string_187" HPOS="1037" VPOS="1200" WIDTH="58" HEIGHT="36" WC="0.96" CONTENT="för"/><SP WIDTH="26" VPOS="1200" HPOS="1095"/>
							<String ID="string_188" HPOS="1121" VPOS="1202" WIDTH="246" HEIGHT="34" WC="0.96" CONTENT="vaktmästare"/><SP WIDTH="29" VPOS="1202" HPOS="1367"/>
							<String ID="string_189" HPOS="1396" VPOS="1201" WIDTH="94" HEIGHT="36" WC="0.96" CONTENT="efter"/><SP WIDTH="26" VPOS="1201" HPOS="1490"/>
							<String ID="string_190" HPOS="1516" VPOS="1207" WIDTH="56" HEIGHT="30" WC="0.96" CONTENT="tre"/><SP WIDTH="28" VPOS="1207" HPOS="1572"/>
							<String ID="string_191" HPOS="1600" VPOS="1205" WIDTH="50" HEIGHT="41" WC="0.96" CONTENT="år,"/><SP WIDTH="30" VPOS="1205" HPOS="1650"/>
							<String ID="string_192" HPOS="1680" VPOS="1202" WIDTH="120" HEIGHT="36" WC="0.96" CONTENT="under"/>
						</TextLine>
						<TextLine ID="line_21" HPOS="187" VPOS="1250" WIDTH="1611" HEIGHT="50">
							<String ID="string_193" HPOS="187" VPOS="1250" WIDTH="131" HEIGHT="34" WC="0.96" CONTENT="villkor"/><SP WIDTH="40" VPOS="1250" HPOS="318"/>
							<String ID="string_194" HPOS="358" VPOS="1254" WIDTH="54" HEIGHT="30" WC="0.96" CONTENT="att"/><SP WIDTH="39" VPOS="1254" HPOS="412"/>
							<String ID="string_195" HPOS="451" VPOS="1250" WIDTH="249" HEIGHT="35" WC="0.96" CONTENT="innehavaren"/><SP WIDTH="39" VPOS="1250" HPOS="700"/>
							<String ID="string_196" HPOS="739" VPOS="1250" WIDTH="118" HEIGHT="36" WC="0.96" CONTENT="under"/><SP WIDTH="36" VPOS="1250" HPOS="857"/>
							<String ID="string_197" HPOS="893" VPOS="1263" WIDTH="78" HEIGHT="22" WC="0.96" CONTENT="mer"/><SP WIDTH="27" VPOS="1263" HPOS="971"/>
							<String ID="string_198" HPOS="998" VPOS="1257" WIDTH="46" HEIGHT="28" WC="0.95" CONTENT="än"/><SP WIDTH="28" VPOS="1257" HPOS="1044"/>
							<String ID="string_199" HPOS="1072" VPOS="1250" WIDTH="81" HEIGHT="50" WC="0.95" CONTENT="fyra"/><SP WIDTH="27" VPOS="1250" HPOS="1153"/>
							<String ID="string_200" HPOS="1180" VPOS="1251" WIDTH="219" HEIGHT="36" WC="0.96" CONTENT="femtedelar"/><SP WIDTH="27" VPOS="1251" HPOS="1399"/>
							<String ID="string_201" HPOS="1426" VPOS="1265" WIDTH="43" HEIGHT="22" WC="0.96" CONTENT="av"/><SP WIDTH="28" VPOS="1265" HPOS="1469"/>
							<String ID="string_202" HPOS="1497" VPOS="1252" WIDTH="70" HEIGHT="35" WC="0.96" CONTENT="den"/><SP WIDTH="27" VPOS="1252" HPOS="1567"/>
							<String ID="string_203" HPOS="1594" VPOS="1253" WIDTH="204" HEIGHT="46" WC="0.96" CONTENT="tjänstetid,"/>
						</TextLine>
						<TextLine ID="line_22" HPOS="188" VPOS="1298" WIDTH="1611" HEIGHT="51">
							<String ID="string_204" HPOS="188" VPOS="1312" WIDTH="77" HEIGHT="23" WC="0.96" CONTENT="som"/><SP WIDTH="41" VPOS="1312" HPOS="265"/>
							<String ID="string_205" HPOS="306" VPOS="1298" WIDTH="185" HEIGHT="37" WC="0.95" CONTENT="erfordras"/><SP WIDTH="28" VPOS="1298" HPOS="491"/>
							<String ID="string_206" HPOS="519" VPOS="1299" WIDTH="57" HEIGHT="36" WC="0.96" CONTENT="för"/><SP WIDTH="26" VPOS="1299" HPOS="576"/>
							<String ID="string_207" HPOS="602" VPOS="1305" WIDTH="55" HEIGHT="30" WC="0.96" CONTENT="att"/><SP WIDTH="27" VPOS="1305" HPOS="657"/>
							<String ID="string_208" HPOS="684" VPOS="1301" WIDTH="111" HEIGHT="34" WC="0.96" CONTENT="vinna"/><SP WIDTH="27" VPOS="1301" HPOS="795"/>
							<String ID="string_209" HPOS="822" VPOS="1300" WIDTH="160" HEIGHT="36" WC="0.96" CONTENT="nämnda"/><SP WIDTH="29" VPOS="1300" HPOS="982"/>
							<String ID="string_210" HPOS="1011" VPOS="1300" WIDTH="224" HEIGHT="49" WC="0.96" CONTENT="förhöjning,"/><SP WIDTH="30" VPOS="1300" HPOS="1235"/>
							<String ID="string_211" HPOS="1265" VPOS="1302" WIDTH="83" HEIGHT="36" WC="0.96" CONTENT="med"/><SP WIDTH="28" VPOS="1302" HPOS="1348"/>
							<String ID="string_212" HPOS="1376" VPOS="1307" WIDTH="81" HEIGHT="42" WC="0.96" CONTENT="gott"/><SP WIDTH="26" VPOS="1307" HPOS="1457"/>
							<String ID="string_213" HPOS="1483" VPOS="1302" WIDTH="141" HEIGHT="36" WC="0.96" CONTENT="vitsord"/><SP WIDTH="26" VPOS="1302" HPOS="1624"/>
							<String ID="string_214" HPOS="1650" VPOS="1303" WIDTH="149" HEIGHT="35" WC="0.96" CONTENT="bestritt"/>
						</TextLine>
						<TextLine ID="line_23" HPOS="187" VPOS="1350" WIDTH="1613" HEIGHT="50">
							<String ID="string_215" HPOS="187" VPOS="1351" WIDTH="57" HEIGHT="34" WC="0.96" CONTENT="sin"/><SP WIDTH="49" VPOS="1351" HPOS="244"/>
							<String ID="string_216" HPOS="293" VPOS="1362" WIDTH="91" HEIGHT="35" WC="0.96" CONTENT="egen"/><SP WIDTH="50" VPOS="1362" HPOS="384"/>
							<String ID="string_217" HPOS="434" VPOS="1350" WIDTH="100" HEIGHT="43" WC="0.95" CONTENT="eller,"/><SP WIDTH="42" VPOS="1350" HPOS="534"/>
							<String ID="string_218" HPOS="576" VPOS="1353" WIDTH="47" HEIGHT="44" WC="0.96" CONTENT="på"/><SP WIDTH="39" VPOS="1353" HPOS="623"/>
							<String ID="string_219" HPOS="662" VPOS="1350" WIDTH="123" HEIGHT="47" WC="0.96" CONTENT="grund"/><SP WIDTH="42" VPOS="1350" HPOS="785"/>
							<String ID="string_220" HPOS="827" VPOS="1364" WIDTH="44" HEIGHT="22" WC="0.96" CONTENT="av"/><SP WIDTH="41" VPOS="1364" HPOS="871"/>
							<String ID="string_221" HPOS="912" VPOS="1350" WIDTH="258" HEIGHT="45" WC="0.96" CONTENT="förordnande,"/><SP WIDTH="42" VPOS="1350" HPOS="1170"/>
							<String ID="string_222" HPOS="1212" VPOS="1364" WIDTH="120" HEIGHT="23" WC="0.96" CONTENT="annan"/><SP WIDTH="42" VPOS="1364" HPOS="1332"/>
							<String ID="string_223" HPOS="1374" VPOS="1357" WIDTH="138" HEIGHT="31" WC="0.95" CONTENT="statens"/><SP WIDTH="44" VPOS="1357" HPOS="1512"/>
							<String ID="string_224" HPOS="1556" VPOS="1353" WIDTH="115" HEIGHT="47" WC="0.93" CONTENT="tjänst"/><SP WIDTH="40" VPOS="1353" HPOS="1671"/>
							<String ID="string_225" HPOS="1711" VPOS="1355" WIDTH="89" HEIGHT="34" WC="0.96" CONTENT="eller"/>
						</TextLine>
						<TextLine ID="line_24" HPOS="189" VPOS="1399" WIDTH="1610" HEIGHT="49">
							<String ID="string_226" HPOS="189" VPOS="1399" WIDTH="172" HEIGHT="48" WC="0.96" CONTENT="fullgjort"/><SP WIDTH="40" VPOS="1399" HPOS="361"/>
							<String ID="string_227" HPOS="401" VPOS="1405" WIDTH="113" HEIGHT="30" WC="0.96" CONTENT="annat"/><SP WIDTH="40" VPOS="1405" HPOS="514"/>
							<String ID="string_228" HPOS="554" VPOS="1399" WIDTH="188" HEIGHT="49" WC="0.96" CONTENT="offentligt"/><SP WIDTH="41" VPOS="1399" HPOS="742"/>
							<String ID="string_229" HPOS="783" VPOS="1401" WIDTH="182" HEIGHT="47" WC="0.95" CONTENT="uppdrag,"/><SP WIDTH="29" VPOS="1401" HPOS="965"/>
							<String ID="string_230" HPOS="994" VPOS="1401" WIDTH="93" HEIGHT="35" WC="0.96" CONTENT="dock"/><SP WIDTH="27" VPOS="1401" HPOS="1087"/>
							<String ID="string_231" HPOS="1114" VPOS="1406" WIDTH="51" HEIGHT="31" WC="0.96" CONTENT="att"/><SP WIDTH="27" VPOS="1406" HPOS="1165"/>
							<String ID="string_232" HPOS="1192" VPOS="1402" WIDTH="131" HEIGHT="36" WC="0.96" CONTENT="härvid"/><SP WIDTH="36" VPOS="1402" HPOS="1323"/>
							<String ID="string_233" HPOS="1359" VPOS="1403" WIDTH="78" HEIGHT="34" WC="0.96" CONTENT="icke"/><SP WIDTH="33" VPOS="1403" HPOS="1437"/>
							<String ID="string_234" HPOS="1470" VPOS="1405" WIDTH="59" HEIGHT="33" WC="0.96" CONTENT="må"/><SP WIDTH="17" VPOS="1405" HPOS="1529"/>
							<String ID="string_235" HPOS="1546" VPOS="1402" WIDTH="99" HEIGHT="36" WC="0.96" CONTENT="föras"/><SP WIDTH="19" VPOS="1402" HPOS="1645"/>
							<String ID="string_236" HPOS="1664" VPOS="1404" WIDTH="135" HEIGHT="35" WC="0.96" CONTENT="honom"/>
						</TextLine>
						<TextLine ID="line_25" HPOS="189" VPOS="1449" WIDTH="1610" HEIGHT="52">
							<String ID="string_237" HPOS="189" VPOS="1451" WIDTH="57" HEIGHT="34" WC="0.95" CONTENT="till"/><SP WIDTH="40" VPOS="1451" HPOS="246"/>
							<String ID="string_238" HPOS="286" VPOS="1451" WIDTH="70" HEIGHT="34" WC="0.96" CONTENT="last"/><SP WIDTH="40" VPOS="1451" HPOS="356"/>
							<String ID="string_239" HPOS="396" VPOS="1449" WIDTH="83" HEIGHT="36" WC="0.87" CONTENT="den"/><SP WIDTH="28" VPOS="1449" HPOS="479"/>
							<String ID="string_240" HPOS="507" VPOS="1450" WIDTH="65" HEIGHT="43" WC="0.87" CONTENT="tid,"/><SP WIDTH="43" VPOS="1450" HPOS="572"/>
							<String ID="string_241" HPOS="615" VPOS="1451" WIDTH="72" HEIGHT="35" WC="0.91" CONTENT="han"/><SP WIDTH="29" VPOS="1451" HPOS="687"/>
							<String ID="string_242" HPOS="716" VPOS="1451" WIDTH="154" HEIGHT="46" WC="0.91" CONTENT="åtnjutit"/><SP WIDTH="26" VPOS="1451" HPOS="870"/>
							<String ID="string_243" HPOS="896" VPOS="1450" WIDTH="166" HEIGHT="48" WC="0.96" CONTENT="ledighet"/><SP WIDTH="27" VPOS="1450" HPOS="1062"/>
							<String ID="string_244" HPOS="1089" VPOS="1451" WIDTH="57" HEIGHT="36" WC="0.96" CONTENT="för"/><SP WIDTH="28" VPOS="1451" HPOS="1146"/>
							<String ID="string_245" HPOS="1174" VPOS="1451" WIDTH="232" HEIGHT="49" WC="0.96" CONTENT="fullgörande"/><SP WIDTH="28" VPOS="1451" HPOS="1406"/>
							<String ID="string_246" HPOS="1434" VPOS="1466" WIDTH="44" HEIGHT="23" WC="0.95" CONTENT="av"/><SP WIDTH="26" VPOS="1466" HPOS="1478"/>
							<String ID="string_247" HPOS="1504" VPOS="1454" WIDTH="197" HEIGHT="47" WC="0.95" CONTENT="värnplikt,"/><SP WIDTH="30" VPOS="1454" HPOS="1701"/>
							<String ID="string_248" HPOS="1731" VPOS="1454" WIDTH="68" HEIGHT="35" WC="0.96" CONTENT="och"/>
						</TextLine>
					</TextBlock>
					<TextBlock ID="block_7" HPOS="188" VPOS="1499" WIDTH="1610" HEIGHT="100">
						<TextLine ID="line_26" HPOS="288" VPOS="1499" WIDTH="1510" HEIGHT="52">
							<String ID="string_249" HPOS="288" VPOS="1499" WIDTH="59" HEIGHT="37" WC="0.96" CONTENT="för"/><SP WIDTH="40" VPOS="1499" HPOS="347"/>
							<String ID="string_250" HPOS="387" VPOS="1500" WIDTH="115" HEIGHT="36" WC="0.95" CONTENT="andra"/><SP WIDTH="36" VPOS="1500" HPOS="502"/>
							<String ID="string_251" HPOS="538" VPOS="1499" WIDTH="274" HEIGHT="50" WC="0.95" CONTENT="förhöjningen,"/><SP WIDTH="35" VPOS="1499" HPOS="812"/>
							<String ID="string_252" HPOS="847" VPOS="1501" WIDTH="65" HEIGHT="35" WC="0.96" CONTENT="där"/><SP WIDTH="23" VPOS="1501" HPOS="912"/>
							<String ID="string_253" HPOS="935" VPOS="1502" WIDTH="113" HEIGHT="35" WC="0.96" CONTENT="sådan"/><SP WIDTH="20" VPOS="1502" HPOS="1048"/>
							<String ID="string_254" HPOS="1068" VPOS="1501" WIDTH="255" HEIGHT="46" WC="0.95" CONTENT="förekommer,"/><SP WIDTH="21" VPOS="1501" HPOS="1323"/>
							<String ID="string_255" HPOS="1344" VPOS="1502" WIDTH="95" HEIGHT="37" WC="0.96" CONTENT="efter"/><SP WIDTH="26" VPOS="1502" HPOS="1439"/>
							<String ID="string_256" HPOS="1465" VPOS="1504" WIDTH="218" HEIGHT="47" WC="0.96" CONTENT="ytterligare"/><SP WIDTH="28" VPOS="1504" HPOS="1683"/>
							<String ID="string_257" HPOS="1711" VPOS="1503" WIDTH="87" HEIGHT="45" WC="0.96" CONTENT="fem,"/>
						</TextLine>
						<TextLine ID="line_27" HPOS="188" VPOS="1551" WIDTH="843" HEIGHT="48">
							<String ID="string_258" HPOS="188" VPOS="1551" WIDTH="205" HEIGHT="48" WC="0.96" CONTENT="respektive"/><SP WIDTH="27" VPOS="1551" HPOS="393"/>
							<String ID="string_259" HPOS="420" VPOS="1556" WIDTH="57" HEIGHT="31" WC="0.96" CONTENT="tre"/><SP WIDTH="20" VPOS="1556" HPOS="477"/>
							<String ID="string_260" HPOS="497" VPOS="1554" WIDTH="39" HEIGHT="32" WC="0.96" CONTENT="år"/><SP WIDTH="19" VPOS="1554" HPOS="536"/>
							<String ID="string_261" HPOS="555" VPOS="1555" WIDTH="46" HEIGHT="44" WC="0.96" CONTENT="på"/><SP WIDTH="19" VPOS="1555" HPOS="601"/>
							<String ID="string_262" HPOS="620" VPOS="1564" WIDTH="140" HEIGHT="23" WC="0.95" CONTENT="samma"/><SP WIDTH="15" VPOS="1564" HPOS="760"/>
							<String ID="string_263" HPOS="775" VPOS="1552" WIDTH="144" HEIGHT="43" WC="0.96" CONTENT="villkor,"/><SP WIDTH="17" VPOS="1552" HPOS="919"/>
							<String ID="string_264" HPOS="936" VPOS="1558" WIDTH="95" HEIGHT="30" WC="0.96" CONTENT="samt"/>
						</TextLine>
					</TextBlock>
					<TextBlock ID="block_8" HPOS="188" VPOS="1600" WIDTH="1611" HEIGHT="100">
						<TextLine ID="line_28" HPOS="288" VPOS="1600" WIDTH="1511" HEIGHT="53">
							<String ID="string_265" HPOS="288" VPOS="1600" WIDTH="57" HEIGHT="37" WC="0.95" CONTENT="för"/><SP WIDTH="52" VPOS="1600" HPOS="345"/>
							<String ID="string_266" HPOS="397" VPOS="1601" WIDTH="120" HEIGHT="48" WC="0.87" CONTENT="tredje"/><SP WIDTH="50" VPOS="1601" HPOS="517"/>
							<String ID="string_267" HPOS="567" VPOS="1601" WIDTH="275" HEIGHT="48" WC="0.95" CONTENT="förhöjningen,"/><SP WIDTH="42" VPOS="1601" HPOS="842"/>
							<String ID="string_268" HPOS="884" VPOS="1602" WIDTH="230" HEIGHT="36" WC="0.96" CONTENT="beträffande"/><SP WIDTH="40" VPOS="1602" HPOS="1114"/>
							<String ID="string_269" HPOS="1154" VPOS="1604" WIDTH="256" HEIGHT="43" WC="0.96" CONTENT="vaktmästare,"/><SP WIDTH="42" VPOS="1604" HPOS="1410"/>
							<String ID="string_270" HPOS="1452" VPOS="1603" WIDTH="95" HEIGHT="37" WC="0.96" CONTENT="efter"/><SP WIDTH="36" VPOS="1603" HPOS="1547"/>
							<String ID="string_271" HPOS="1583" VPOS="1606" WIDTH="216" HEIGHT="47" WC="0.96" CONTENT="ytterligare"/>
						</TextLine>
						<TextLine ID="line_29" HPOS="188" VPOS="1652" WIDTH="766" HEIGHT="48">
							<String ID="string_272" HPOS="188" VPOS="1658" WIDTH="56" HEIGHT="29" WC="0.96" CONTENT="tre"/><SP WIDTH="27" VPOS="1658" HPOS="244"/>
							<String ID="string_273" HPOS="271" VPOS="1654" WIDTH="50" HEIGHT="40" WC="0.93" CONTENT="år,"/><SP WIDTH="29" VPOS="1654" HPOS="321"/>
							<String ID="string_274" HPOS="350" VPOS="1652" WIDTH="193" HEIGHT="36" WC="0.93" CONTENT="ävenledes"/><SP WIDTH="28" VPOS="1652" HPOS="543"/>
							<String ID="string_275" HPOS="571" VPOS="1655" WIDTH="46" HEIGHT="45" WC="0.96" CONTENT="på"/><SP WIDTH="27" VPOS="1655" HPOS="617"/>
							<String ID="string_276" HPOS="644" VPOS="1665" WIDTH="139" HEIGHT="23" WC="0.96" CONTENT="samma"/><SP WIDTH="28" VPOS="1665" HPOS="783"/>
							<String ID="string_277" HPOS="811" VPOS="1653" WIDTH="143" HEIGHT="44" WC="0.96" CONTENT="villkor,"/>
						</TextLine>
					</TextBlock>
					<TextBlock ID="block_9" HPOS="189" VPOS="1702" WIDTH="1611" HEIGHT="193">
						<TextLine ID="line_30" HPOS="289" VPOS="1702" WIDTH="1511" HEIGHT="52">
							<String ID="string_278" HPOS="289" VPOS="1702" WIDTH="119" HEIGHT="35" WC="0.96" CONTENT="under"/><SP WIDTH="37" VPOS="1702" HPOS="408"/>
							<String ID="string_279" HPOS="445" VPOS="1703" WIDTH="247" HEIGHT="47" WC="0.92" CONTENT="iakttagande,"/><SP WIDTH="41" VPOS="1703" HPOS="692"/>
							<String ID="string_280" HPOS="733" VPOS="1703" WIDTH="69" HEIGHT="36" WC="0.96" CONTENT="vad"/><SP WIDTH="43" VPOS="1703" HPOS="802"/>
							<String ID="string_281" HPOS="845" VPOS="1716" WIDTH="64" HEIGHT="23" WC="0.96" CONTENT="var"/><SP WIDTH="37" VPOS="1716" HPOS="909"/>
							<String ID="string_282" HPOS="946" VPOS="1704" WIDTH="68" HEIGHT="35" WC="0.96" CONTENT="och"/><SP WIDTH="29" VPOS="1704" HPOS="1014"/>
							<String ID="string_283" HPOS="1043" VPOS="1716" WIDTH="46" HEIGHT="23" WC="0.96" CONTENT="en"/><SP WIDTH="27" VPOS="1716" HPOS="1089"/>
							<String ID="string_284" HPOS="1116" VPOS="1717" WIDTH="42" HEIGHT="22" WC="0.93" CONTENT="av"/><SP WIDTH="28" VPOS="1717" HPOS="1158"/>
							<String ID="string_285" HPOS="1186" VPOS="1703" WIDTH="244" HEIGHT="37" WC="0.92" CONTENT="omförmälda"/><SP WIDTH="26" VPOS="1703" HPOS="1430"/>
							<String ID="string_286" HPOS="1456" VPOS="1704" WIDTH="344" HEIGHT="50" WC="0.91" CONTENT="löneförhöjningar"/>
						</TextLine>
						<TextLine ID="line_31" HPOS="189" VPOS="1753" WIDTH="1611" HEIGHT="50">
							<String ID="string_287" HPOS="189" VPOS="1754" WIDTH="124" HEIGHT="46" WC="0.96" CONTENT="angår,"/><SP WIDTH="42" VPOS="1754" HPOS="313"/>
							<String ID="string_288" HPOS="355" VPOS="1755" WIDTH="55" HEIGHT="33" WC="0.95" CONTENT="att"/><SP WIDTH="27" VPOS="1755" HPOS="410"/>
							<String ID="string_289" HPOS="437" VPOS="1753" WIDTH="71" HEIGHT="35" WC="0.96" CONTENT="den"/><SP WIDTH="40" VPOS="1753" HPOS="508"/>
							<String ID="string_290" HPOS="548" VPOS="1754" WIDTH="114" HEIGHT="47" WC="0.93" CONTENT="högre"/><SP WIDTH="40" VPOS="1754" HPOS="662"/>
							<String ID="string_291" HPOS="702" VPOS="1754" WIDTH="219" HEIGHT="47" WC="0.91" CONTENT="avlöningen"/><SP WIDTH="43" VPOS="1754" HPOS="921"/>
							<String ID="string_292" HPOS="964" VPOS="1754" WIDTH="32" HEIGHT="47" WC="0.95" CONTENT="ej"/><SP WIDTH="30" VPOS="1754" HPOS="996"/>
							<String ID="string_293" HPOS="1026" VPOS="1757" WIDTH="53" HEIGHT="32" WC="0.93" CONTENT="får"/><SP WIDTH="27" VPOS="1757" HPOS="1079"/>
							<String ID="string_294" HPOS="1106" VPOS="1753" WIDTH="183" HEIGHT="37" WC="0.92" CONTENT="tillträdas"/><SP WIDTH="42" VPOS="1753" HPOS="1289"/>
							<String ID="string_295" HPOS="1331" VPOS="1754" WIDTH="123" HEIGHT="36" WC="0.96" CONTENT="förrän"/><SP WIDTH="42" VPOS="1754" HPOS="1454"/>
							<String ID="string_296" HPOS="1496" VPOS="1755" WIDTH="63" HEIGHT="35" WC="0.96" CONTENT="vid"/><SP WIDTH="39" VPOS="1755" HPOS="1559"/>
							<String ID="string_297" HPOS="1598" VPOS="1756" WIDTH="130" HEIGHT="47" WC="0.96" CONTENT="början"/><SP WIDTH="28" VPOS="1756" HPOS="1728"/>
							<String ID="string_298" HPOS="1756" VPOS="1770" WIDTH="44" HEIGHT="22" WC="0.96" CONTENT="av"/>
						</TextLine>
						<TextLine ID="line_32" HPOS="189" VPOS="1802" WIDTH="1611" HEIGHT="52">
							<String ID="string_299" HPOS="189" VPOS="1802" WIDTH="255" HEIGHT="36" WC="0.96" CONTENT="kalenderåret"/><SP WIDTH="27" VPOS="1802" HPOS="444"/>
							<String ID="string_300" HPOS="471" VPOS="1809" WIDTH="82" HEIGHT="29" WC="0.96" CONTENT="näst"/><SP WIDTH="27" VPOS="1809" HPOS="553"/>
							<String ID="string_301" HPOS="580" VPOS="1803" WIDTH="95" HEIGHT="36" WC="0.95" CONTENT="efter"/><SP WIDTH="27" VPOS="1803" HPOS="675"/>
							<String ID="string_302" HPOS="702" VPOS="1803" WIDTH="73" HEIGHT="45" WC="0.95" CONTENT="det,"/><SP WIDTH="29" VPOS="1803" HPOS="775"/>
							<String ID="string_303" HPOS="804" VPOS="1804" WIDTH="184" HEIGHT="35" WC="0.96" CONTENT="varunder"/><SP WIDTH="27" VPOS="1804" HPOS="988"/>
							<String ID="string_304" HPOS="1015" VPOS="1804" WIDTH="71" HEIGHT="36" WC="0.96" CONTENT="den"/><SP WIDTH="32" VPOS="1804" HPOS="1086"/>
							<String ID="string_305" HPOS="1118" VPOS="1804" WIDTH="174" HEIGHT="48" WC="0.93" CONTENT="stadgade"/><SP WIDTH="19" VPOS="1804" HPOS="1292"/>
							<String ID="string_306" HPOS="1311" VPOS="1805" WIDTH="248" HEIGHT="47" WC="0.92" CONTENT="tjänståldern"/><SP WIDTH="19" VPOS="1805" HPOS="1559"/>
							<String ID="string_307" HPOS="1578" VPOS="1806" WIDTH="109" HEIGHT="36" WC="0.93" CONTENT="blivit"/><SP WIDTH="20" VPOS="1806" HPOS="1687"/>
							<String ID="string_308" HPOS="1707" VPOS="1820" WIDTH="93" HEIGHT="34" WC="0.92" CONTENT="upp-"/>
						</TextLine>
						<TextLine ID="line_33" HPOS="190" VPOS="1852" WIDTH="113" HEIGHT="43">
							<String ID="string_309" HPOS="190" VPOS="1852" WIDTH="113" HEIGHT="43" WC="0.95" CONTENT="nådd;"/>
						</TextLine>
					</TextBlock>
					<TextBlock ID="block_10" HPOS="188" VPOS="1903" WIDTH="1612" HEIGHT="202">
						<TextLine ID="line_34" HPOS="289" VPOS="1903" WIDTH="1511" HEIGHT="49">
							<String ID="string_310" HPOS="289" VPOS="1905" WIDTH="53" HEIGHT="34" WC="0.95" CONTENT="att"/><SP WIDTH="39" VPOS="1905" HPOS="342"/>
							<String ID="string_311" HPOS="381" VPOS="1903" WIDTH="129" HEIGHT="36" WC="0.95" CONTENT="därvid"/><SP WIDTH="40" VPOS="1903" HPOS="510"/>
							<String ID="string_312" HPOS="550" VPOS="1903" WIDTH="187" HEIGHT="49" WC="0.96" CONTENT="professor"/><SP WIDTH="42" VPOS="1903" HPOS="737"/>
							<String ID="string_313" HPOS="779" VPOS="1907" WIDTH="58" HEIGHT="32" WC="0.94" CONTENT="må"/><SP WIDTH="39" VPOS="1907" HPOS="837"/>
							<String ID="string_314" HPOS="876" VPOS="1904" WIDTH="291" HEIGHT="48" WC="0.94" CONTENT="tillgodoräknas"/><SP WIDTH="41" VPOS="1904" HPOS="1167"/>
							<String ID="string_315" HPOS="1208" VPOS="1905" WIDTH="71" HEIGHT="35" WC="0.96" CONTENT="den"/><SP WIDTH="24" VPOS="1905" HPOS="1279"/>
							<String ID="string_316" HPOS="1303" VPOS="1906" WIDTH="66" HEIGHT="43" WC="0.96" CONTENT="tid,"/><SP WIDTH="22" VPOS="1906" HPOS="1369"/>
							<String ID="string_317" HPOS="1391" VPOS="1906" WIDTH="72" HEIGHT="35" WC="0.96" CONTENT="han"/><SP WIDTH="28" VPOS="1906" HPOS="1463"/>
							<String ID="string_318" HPOS="1491" VPOS="1909" WIDTH="58" HEIGHT="32" WC="0.95" CONTENT="må"/><SP WIDTH="36" VPOS="1909" HPOS="1549"/>
							<String ID="string_319" HPOS="1585" VPOS="1907" WIDTH="93" HEIGHT="35" WC="0.96" CONTENT="hava"/><SP WIDTH="27" VPOS="1907" HPOS="1678"/>
							<String ID="string_320" HPOS="1705" VPOS="1908" WIDTH="95" HEIGHT="34" WC="0.96" CONTENT="varit"/>
						</TextLine>
						<TextLine ID="line_35" HPOS="188" VPOS="1953" WIDTH="1612" HEIGHT="51">
							<String ID="string_321" HPOS="188" VPOS="1953" WIDTH="187" HEIGHT="49" WC="0.96" CONTENT="professor"/><SP WIDTH="25" VPOS="1953" HPOS="375"/>
							<String ID="string_322" HPOS="400" VPOS="1954" WIDTH="63" HEIGHT="35" WC="0.96" CONTENT="vid"/><SP WIDTH="28" VPOS="1954" HPOS="463"/>
							<String ID="string_323" HPOS="491" VPOS="1956" WIDTH="218" HEIGHT="35" WC="0.96" CONTENT="universitet"/><SP WIDTH="27" VPOS="1956" HPOS="709"/>
							<String ID="string_324" HPOS="736" VPOS="1956" WIDTH="88" HEIGHT="34" WC="0.96" CONTENT="eller"/><SP WIDTH="23" VPOS="1956" HPOS="824"/>
							<String ID="string_325" HPOS="847" VPOS="1955" WIDTH="210" HEIGHT="36" WC="0.95" CONTENT="karolinska"/><SP WIDTH="19" VPOS="1955" HPOS="1057"/>
							<String ID="string_326" HPOS="1076" VPOS="1957" WIDTH="197" HEIGHT="43" WC="0.96" CONTENT="institutet,"/><SP WIDTH="22" VPOS="1957" HPOS="1273"/>
							<String ID="string_327" HPOS="1295" VPOS="1961" WIDTH="95" HEIGHT="30" WC="0.96" CONTENT="samt"/><SP WIDTH="15" VPOS="1961" HPOS="1390"/>
							<String ID="string_328" HPOS="1405" VPOS="1955" WIDTH="185" HEIGHT="49" WC="0.96" CONTENT="professor"/><SP WIDTH="19" VPOS="1955" HPOS="1590"/>
							<String ID="string_329" HPOS="1609" VPOS="1957" WIDTH="68" HEIGHT="36" WC="0.93" CONTENT="och"/><SP WIDTH="19" VPOS="1957" HPOS="1677"/>
							<String ID="string_330" HPOS="1696" VPOS="1957" WIDTH="104" HEIGHT="36" WC="0.92" CONTENT="labo-"/>
						</TextLine>
						<TextLine ID="line_36" HPOS="188" VPOS="2004" WIDTH="1612" HEIGHT="51">
							<String ID="string_331" HPOS="188" VPOS="2010" WIDTH="100" HEIGHT="30" WC="0.92" CONTENT="rator"/><SP WIDTH="39" VPOS="2010" HPOS="288"/>
							<String ID="string_332" HPOS="327" VPOS="2004" WIDTH="289" HEIGHT="48" WC="0.95" CONTENT="tillgodoräknas"/><SP WIDTH="44" VPOS="2004" HPOS="616"/>
							<String ID="string_333" HPOS="660" VPOS="2006" WIDTH="71" HEIGHT="35" WC="0.95" CONTENT="den"/><SP WIDTH="39" VPOS="2006" HPOS="731"/>
							<String ID="string_334" HPOS="770" VPOS="2005" WIDTH="67" HEIGHT="43" WC="0.96" CONTENT="tid,"/><SP WIDTH="35" VPOS="2005" HPOS="837"/>
							<String ID="string_335" HPOS="872" VPOS="2018" WIDTH="79" HEIGHT="23" WC="0.96" CONTENT="som"/><SP WIDTH="29" VPOS="2018" HPOS="951"/>
							<String ID="string_336" HPOS="980" VPOS="2005" WIDTH="78" HEIGHT="36" WC="0.96" CONTENT="före"/><SP WIDTH="32" VPOS="2005" HPOS="1058"/>
							<String ID="string_337" HPOS="1090" VPOS="2006" WIDTH="44" HEIGHT="35" WC="0.96" CONTENT="de"/><SP WIDTH="27" VPOS="2006" HPOS="1134"/>
							<String ID="string_338" HPOS="1161" VPOS="2019" WIDTH="73" HEIGHT="35" WC="0.93" CONTENT="nya"/><SP WIDTH="27" VPOS="2019" HPOS="1234"/>
							<String ID="string_339" HPOS="1261" VPOS="2007" WIDTH="539" HEIGHT="48" WC="0.91" CONTENT="avlöningsbestämmelsernas"/>
						</TextLine>
						<TextLine ID="line_37" HPOS="189" VPOS="2054" WIDTH="1542" HEIGHT="51">
							<String ID="string_340" HPOS="189" VPOS="2054" WIDTH="296" HEIGHT="36" WC="0.92" CONTENT="ikraftträdande"/><SP WIDTH="40" VPOS="2054" HPOS="485"/>
							<String ID="string_341" HPOS="525" VPOS="2055" WIDTH="161" HEIGHT="36" WC="0.92" CONTENT="förflutit"/><SP WIDTH="28" VPOS="2055" HPOS="686"/>
							<String ID="string_342" HPOS="714" VPOS="2055" WIDTH="82" HEIGHT="36" WC="0.96" CONTENT="från"/><SP WIDTH="28" VPOS="2055" HPOS="796"/>
							<String ID="string_343" HPOS="824" VPOS="2056" WIDTH="91" HEIGHT="35" WC="0.96" CONTENT="hans"/><SP WIDTH="28" VPOS="2056" HPOS="915"/>
							<String ID="string_344" HPOS="943" VPOS="2056" WIDTH="165" HEIGHT="35" WC="0.96" CONTENT="tillträde"/><SP WIDTH="28" VPOS="2056" HPOS="1108"/>
							<String ID="string_345" HPOS="1136" VPOS="2057" WIDTH="57" HEIGHT="35" WC="0.93" CONTENT="till"/><SP WIDTH="28" VPOS="2057" HPOS="1193"/>
							<String ID="string_346" HPOS="1221" VPOS="2057" WIDTH="256" HEIGHT="36" WC="0.91" CONTENT="innehavande"/><SP WIDTH="27" VPOS="2057" HPOS="1477"/>
							<String ID="string_347" HPOS="1504" VPOS="2057" WIDTH="227" HEIGHT="48" WC="0.96" CONTENT="befattning;"/>
						</TextLine>
					</TextBlock>
					<TextBlock ID="block_11" HPOS="190" VPOS="2106" WIDTH="1611" HEIGHT="101">
						<TextLine ID="line_38" HPOS="290" VPOS="2106" WIDTH="1510" HEIGHT="48">
							<String ID="string_348" HPOS="290" VPOS="2108" WIDTH="53" HEIGHT="33" WC="0.85" CONTENT="att"/><SP WIDTH="38" VPOS="2108" HPOS="343"/>
							<String ID="string_349" HPOS="381" VPOS="2106" WIDTH="112" HEIGHT="35" WC="0.96" CONTENT="likväl"/><SP WIDTH="39" VPOS="2106" HPOS="493"/>
							<String ID="string_350" HPOS="532" VPOS="2107" WIDTH="200" HEIGHT="47" WC="0.95" CONTENT="löntagare,"/><SP WIDTH="29" VPOS="2107" HPOS="732"/>
							<String ID="string_351" HPOS="761" VPOS="2118" WIDTH="89" HEIGHT="32" WC="0.96" CONTENT="som,"/><SP WIDTH="30" VPOS="2118" HPOS="850"/>
							<String ID="string_352" HPOS="880" VPOS="2106" WIDTH="46" HEIGHT="36" WC="0.96" CONTENT="då"/><SP WIDTH="28" VPOS="2106" HPOS="926"/>
							<String ID="string_353" HPOS="954" VPOS="2107" WIDTH="71" HEIGHT="35" WC="0.93" CONTENT="han"/><SP WIDTH="27" VPOS="2107" HPOS="1025"/>
							<String ID="string_354" HPOS="1052" VPOS="2108" WIDTH="160" HEIGHT="46" WC="0.92" CONTENT="intjänat"/><SP WIDTH="27" VPOS="2108" HPOS="1212"/>
							<String ID="string_355" HPOS="1239" VPOS="2107" WIDTH="154" HEIGHT="47" WC="0.96" CONTENT="stadgad"/><SP WIDTH="28" VPOS="2107" HPOS="1393"/>
							<String ID="string_356" HPOS="1421" VPOS="2107" WIDTH="54" HEIGHT="36" WC="0.96" CONTENT="tid"/><SP WIDTH="29" VPOS="2107" HPOS="1475"/>
							<String ID="string_357" HPOS="1504" VPOS="2107" WIDTH="57" HEIGHT="36" WC="0.96" CONTENT="för"/><SP WIDTH="27" VPOS="2107" HPOS="1561"/>
							<String ID="string_358" HPOS="1588" VPOS="2107" WIDTH="212" HEIGHT="37" WC="0.96" CONTENT="erhållande"/>
						</TextLine>
						<TextLine ID="line_39" HPOS="190" VPOS="2155" WIDTH="1611" HEIGHT="52">
							<String ID="string_359" HPOS="190" VPOS="2169" WIDTH="42" HEIGHT="23" WC="0.96" CONTENT="av"/><SP WIDTH="23" VPOS="2169" HPOS="232"/>
							<String ID="string_360" HPOS="255" VPOS="2155" WIDTH="312" HEIGHT="49" WC="0.96" CONTENT="löneförhöjning,"/><SP WIDTH="29" VPOS="2155" HPOS="567"/>
							<String ID="string_361" HPOS="596" VPOS="2157" WIDTH="113" HEIGHT="35" WC="0.96" CONTENT="redan"/><SP WIDTH="29" VPOS="2157" HPOS="709"/>
							<String ID="string_362" HPOS="738" VPOS="2160" WIDTH="159" HEIGHT="45" WC="0.96" CONTENT="uppnått"/><SP WIDTH="19" VPOS="2160" HPOS="897"/>
							<String ID="string_363" HPOS="916" VPOS="2156" WIDTH="71" HEIGHT="36" WC="0.93" CONTENT="den"/><SP WIDTH="28" VPOS="2156" HPOS="987"/>
							<String ID="string_364" HPOS="1015" VPOS="2157" WIDTH="262" HEIGHT="44" WC="0.90" CONTENT="levnadsålder,"/><SP WIDTH="41" VPOS="2157" HPOS="1277"/>
							<String ID="string_365" HPOS="1318" VPOS="2157" WIDTH="61" HEIGHT="36" WC="0.96" CONTENT="vid"/><SP WIDTH="41" VPOS="2157" HPOS="1379"/>
							<String ID="string_366" HPOS="1420" VPOS="2158" WIDTH="124" HEIGHT="36" WC="0.94" CONTENT="vilken"/><SP WIDTH="40" VPOS="2158" HPOS="1544"/>
							<String ID="string_367" HPOS="1584" VPOS="2159" WIDTH="73" HEIGHT="35" WC="0.96" CONTENT="han"/><SP WIDTH="29" VPOS="2159" HPOS="1657"/>
							<String ID="string_368" HPOS="1686" VPOS="2160" WIDTH="115" HEIGHT="47" WC="0.96" CONTENT="enligt"/>
						</TextLine>
					</TextBlock>
				</ComposedBlock>
				<ComposedBlock ID="cblock_2" HPOS="273" VPOS="2264" WIDTH="1486" HEIGHT="41">
					<TextBlock ID="block_12" HPOS="273" VPOS="2264" WIDTH="1486" HEIGHT="41">
						<TextLine ID="line_40" HPOS="273" VPOS="2264" WIDTH="1486" HEIGHT="41">
							<String ID="string_369" HPOS="273" VPOS="2264" WIDTH="116" HEIGHT="38" WC="0.90" CONTENT="Bihang"/><SP WIDTH="23" VPOS="2264" HPOS="389"/>
							<String ID="string_370" HPOS="412" VPOS="2265" WIDTH="44" HEIGHT="27" WC="0.96" CONTENT="till"/><SP WIDTH="20" VPOS="2265" HPOS="456"/>
							<String ID="string_371" HPOS="476" VPOS="2264" WIDTH="168" HEIGHT="38" WC="0.96" CONTENT="riksdagens"/><SP WIDTH="18" VPOS="2264" HPOS="644"/>
							<String ID="string_372" HPOS="662" VPOS="2265" WIDTH="147" HEIGHT="36" WC="0.95" CONTENT="protokoll"/><SP WIDTH="22" VPOS="2265" HPOS="809"/>
							<String ID="string_373" HPOS="831" VPOS="2266" WIDTH="88" HEIGHT="28" WC="0.95" CONTENT="1920."/><SP WIDTH="46" VPOS="2266" HPOS="919"/>
							<String ID="string_374" HPOS="965" VPOS="2266" WIDTH="18" HEIGHT="27" WC="0.95" CONTENT="6"/><SP WIDTH="21" VPOS="2266" HPOS="983"/>
							<String ID="string_375" HPOS="1004" VPOS="2266" WIDTH="83" HEIGHT="28" WC="0.95" CONTENT="saml."/><SP WIDTH="46" VPOS="2266" HPOS="1087"/>
							<String ID="string_376" HPOS="1133" VPOS="2267" WIDTH="36" HEIGHT="27" WC="0.92" CONTENT="51"/><SP WIDTH="21" VPOS="2267" HPOS="1169"/>
							<String ID="string_377" HPOS="1190" VPOS="2266" WIDTH="74" HEIGHT="37" WC="0.88" CONTENT="häft."/><SP WIDTH="45" VPOS="2266" HPOS="1264"/>
							<String ID="string_378" HPOS="1309" VPOS="2264" WIDTH="66" HEIGHT="39" WC="0.93" CONTENT="(Nr"/><SP WIDTH="22" VPOS="2264" HPOS="1375"/>
							<String ID="string_379" HPOS="1397" VPOS="2265" WIDTH="186" HEIGHT="40" WC="0.87" CONTENT="122—123.)"/><SP WIDTH="157" VPOS="2265" HPOS="1583"/>
							<String ID="string_380" HPOS="1740" VPOS="2266" WIDTH="19" HEIGHT="29" WC="0.95" CONTENT="2"/>
						</TextLine>
					</TextBlock>
				</ComposedBlock>
			</PrintSpace>
		</Page>
	</Layout>
</alto>
