2220 2634
776 195 258 33 Statsutskottets
1055 193 167 32 utlåtande
1244 191 53 32 Nr
1319 194 28 28 6.
1802 187 41 30 43

351 284 14 37 [
407 284 109 49 fråga
544 296 62 23 om
633 281 259 49 utredningen
920 280 13 36 i
961 283 128 33 ämnet
1125 277 181 38 hänvisas
1334 274 58 38 till
1421 270 424 53 statsrådsprotokollet

247 336 83 49 (sid.
365 334 226 45 159—160).

349 412 209 46 Utskottet,
596 423 82 24 som
705 409 85 37 icke
819 408 82 36 haft
928 409 119 45 något
1075 410 55 32 att
1157 404 126 36 erinra
1310 408 82 31 mot
1420 402 138 48 Kungl.
1588 400 128 49 Maj:ts
1745 400 100 36 före-

247 464 167 37 varande
444 461 302 48 framställning,
777 460 58 36 får
864 458 111 37 alltså
1003 455 210 48 hemställa,

752 533 56 30 att
836 526 207 48 riksdagen
1070 527 60 34 må
1157 524 83 35 från
1269 523 71 36 och
1370 521 84 37 med
1482 524 40 33 år
1554 522 96 34 1918
1675 517 89 48 höja
1782 517 65 37 det

650 583 21 33 å
698 578 186 37 ordinarie
916 583 76 31 stat
1018 575 190 50 uppförda
1240 572 341 49 förslagsanslaget
1608 571 56 36 till
1696 570 151 47 skydds-

649 630 312 49 koppympningen
988 628 85 36 med
1116 627 137 47 65,000
1291 626 140 36 kronor
1459 624 91 36 eller
1578 623 82 36 från
1683 622 163 46 175,000

650 683 142 36 kronor
827 680 58 38 till
914 681 164 47 240,000
1106 679 150 36 kronor.

352 787 101 50 49:0)
493 786 131 39 Under
664 785 122 50 punkt
828 785 47 36 54
916 784 68 36 har
1024 781 141 49 Kungl.
1194 780 110 48 Maj:t
1331 777 197 50 föreslagit
1556 776 206 48 riksdagen
1790 779 57 32 att

248 840 144 49 bevilja
420 845 54 31 ett
501 838 136 49 anslag
665 851 47 22 av
741 837 165 46 200,000
935 835 142 36 kronor
1105 836 123 34 såsom
1257 831 138 48 bidrag
1423 830 56 36 till
1496 829 117 49 inköp
1634 841 47 23 av
1699 827 147 37 radium

249 893 61 36 för
338 891 164 37 svenska
543 888 386 47 cancerföreningens
967 882 473 48 Stockholmsavdelnings
1468 881 176 49 sjukhem
1671 879 11 36 i
1712 878 135 37 Stock-

248 944 104 37 holm
382 948 97 32 samt
507 942 116 36 därav
650 943 49 47 på
727 945 107 31 extra
863 943 77 31 stat
966 938 58 36 för
1052 939 39 34 år
1113 937 97 35 1918
1230 934 132 37 anvisa
1382 938 56 31 ett
1456 932 138 49 belopp
1613 945 47 23 av
1683 931 163 46 100,000

249 996 142 36 kronor
431 994 86 37 med
557 998 77 32 rätt
662 992 59 37 för
748 990 144 49 Kungl.
922 990 107 48 Maj:t
1056 993 56 32 att
1139 1001 46 22 av
1213 985 247 50 tillgängliga
1488 984 124 36 medel
1639 982 208 38 förskotts-

249 1047 59 37 vis
335 1047 118 37 redan
480 1045 121 37 under
629 1047 40 34 år
699 1045 97 35 1917
826 1041 213 37 utanordna
1066 1039 190 49 beloppet.
1594 1070 7 11 ,

354 1097 239 38 Beträffande
634 1095 253 48 utredningen
929 1093 57 37 får
1026 1092 189 36 utskottet
1255 1089 161 37 hänvisa
1456 1087 59 37 till
1546 1087 72 37 vad
1648 1085 202 37 statsråds-

250 1150 233 51 protokollet
511 1149 85 49 (sid.
629 1146 207 49 161—169)
865 1146 13 36 i
905 1150 128 31 ämnet
1060 1142 220 38 innehåller.

355 1227 197 38 Utskottet
593 1226 69 36 har
703 1228 129 33 ansett
874 1222 60 47 sig
973 1221 93 37 böra
1097 1219 147 38 biträda
1273 1218 141 49 Kungl.
1443 1217 128 49 Maj:ts
1601 1213 249 39 förevarande

252 1280 145 48 förslag
425 1279 71 37 och
523 1278 58 37 får
609 1277 111 37 alltså
748 1274 213 45 hemställa,

756 1349 57 31 att
839 1342 205 47 riksdagen
1076 1343 61 33 må
1167 1338 141 49 bevilja
1345 1343 55 32 ett
1433 1337 136 48 anslag
1605 1348 46 24 av
1685 1335 165 46 200,000

652 1396 143 36 kronor
827 1397 125 33 såsom
982 1394 126 48 bidrag
1136 1392 54 36 till
1217 1392 108 46 inköp
1355 1403 45 23 av
1427 1390 146 35 radium
1600 1389 65 48 för
1704 1386 147 37 svenska

654 1447 350 50 cancerföreningens
1044 1442 431 47 Stockholmsavdelnings
1514 1440 157 49 sjukhem
1698 1440 15 35 i
1731 1438 120 37 Stock-

654 1501 94 36 holm
776 1503 97 32 samt
901 1497 117 37 därav
1036 1499 48 46 på
1112 1502 106 30 extra
1247 1499 76 32 stat
1349 1493 61 37 för
1437 1495 41 34 år
1508 1493 98 35 1918
1635 1490 131 37 anvisa
1795 1492 57 34 så-

654 1565 83 23 som
765 1548 394 48 reservationsanslag
1187 1552 54 32 ett
1268 1545 141 50 belopp
1437 1557 46 24 av
1514 1544 162 46 100,000
1696 1542 156 45 kronor,

654 1603 86 37 med
780 1607 77 32 rätt
899 1601 60 37 för
991 1599 140 50 Kungl.
1161 1598 107 49 Maj:t
1296 1603 55 31 att
1383 1610 46 24 av
1456 1595 245 49 tillgängliga
1730 1593 122 37 medel

654 1653 247 40 förskottsvis
929 1653 116 37 redan
1072 1651 121 37 under
1221 1653 40 34 år
1292 1652 96 35 1917
1418 1648 214 37 utanordna
1662 1646 189 49 beloppet.

359 1758 98 51 50:0)
497 1759 18 36 I
543 1758 171 50 enlighet
750 1756 87 37 med
874 1755 142 48 Kungl.
1045 1754 127 49 Maj:ts
1199 1752 121 37 under
1347 1751 122 50 punkt
1497 1751 48 35 55
1567 1750 130 36 därom
1715 1747 138 51 gjorda

253 1810 283 51 framställning
566 1810 56 37 får
649 1809 187 37 utskottet
864 1807 211 47 hemställa,

756 1881 57 33 att
840 1876 205 49 riksdagen
1064 1877 71 42 må,
1156 1873 12 37 i
1186 1873 122 37 likhet
1326 1872 86 37 med
1431 1871 72 37 vad
1523 1871 58 36 för
1598 1868 255 39 innevarande

655 1933 40 33 år
721 1934 68 44 ägt
816 1942 93 30 rum,
933 1930 67 48 för
1027 1927 225 37 bestridande
1279 1938 45 23 av
1353 1924 237 37 kostnaderna
1612 1924 65 48 för
1703 1921 151 37 skötseln

654 1995 45 24 av
727 1983 68 35 den
823 1982 25 36 å
873 1979 375 38 karantänsanstalten
1272 1978 53 47 på
1348 1978 125 35 Känsö
1492 1975 181 49 befintliga
1694 1973 160 38 koloxid-

655 2040 199 42 apparaten
895 2036 49 45 på
986 2037 106 31 extra
1133 2035 75 32 stat
1249 2029 58 37 för
1335 2031 41 34 år
1407 2029 97 35 1918
1534 2027 131 36 anvisa
1693 2031 57 32 ett
1776 2025 77 37 för-

655 2084 256 50 slagsanslag,
940 2084 116 48 högst
1087 2083 109 48 1,000
1225 2081 152 37 kronor.

359 2189 99 50 51:0)
498 2190 52 36 På
576 2188 127 50 grund
736 2201 47 24 av
811 2186 143 50 Kungl.
983 2186 127 49 Maj:ts
1138 2185 12 37 i
1179 2184 121 50 punkt
1329 2184 47 36 56
1405 2182 137 50 gjorda
1570 2179 284 50 framställning

254 2241 221 40 hemställer
501 2241 200 48 utskottet,

1883 784 99 31 Anslag
2001 783 43 24 till

1915 819 110 23 svenska

1917 861 102 16 cancer-

1885 888 169 30 föreningens

1883 922 171 24 Stockholms-

1895 956 148 30 avdelning.

1924 998 94 46 [54.]

1891 1755 166 24 Karantäns-

1909 1789 132 24 anstalten

1867 1823 39 32 på
1923 1824 93 24 Känsö
2033 1823 44 30 för

1889 1858 115 24 skötseln
2023 1865 31 17 av

1916 1892 117 24 koloxid-

1898 1929 153 29 apparaten.

1928 1969 95 47 [55.]

1900 2184 151 31 Personligt

1882 2219 151 31 lönetillägg
2049 2219 27 24 åt

1897 2255 154 23 karantäns-

1873 2289 107 24 läkaren
2000 2288 29 24 G.
2043 2288 33 23 E-

1897 2323 161 32 Hjortzberg.

1928 2365 93 47 [56.]
