<?xml version="1.0" encoding="UTF-8"?>
<alto xmlns="http://www.loc.gov/standards/alto/ns-v3#" xmlns:xlink="http://www.w3.org/1999/xlink" xmlns:xsi="http://www.w3.org/2001/XMLSchema-instance" xsi:schemaLocation="http://www.loc.gov/standards/alto/ns-v3# http://www.loc.gov/alto/v3/alto-3-0.xsd">
	<Description>
		<MeasurementUnit>pixel</MeasurementUnit>
		<sourceImageInformation>
			<fileName>/tmp/tess_yd982ln6_input.PNG</fileName>
		</sourceImageInformation>
		<OCRProcessing ID="OCR_0">
			<ocrProcessingStep>
				<processingSoftware>
					<softwareName>tesseract 5.3.0</softwareName>
				</processingSoftware>
			</ocrProcessingStep>
		</OCRProcessing>
	</Description>
	<Layout>
		<Page WIDTH="2220" HEIGHT="2634" PHYSICAL_IMG_NR="0" ID="page_0">
			<PrintSpace HPOS="0" VPOS="0" WIDTH="2220" HEIGHT="2634">
				<ComposedBlock ID="cblock_0" HPOS="738" VPOS="189" WIDTH="1086" HEIGHT="40">
					<TextBlock ID="block_0" HPOS="738" VPOS="189" WIDTH="1086" HEIGHT="40">
						<TextLine ID="line_0" HPOS="738" VPOS="189" WIDTH="1086" HEIGHT="40">
							<String ID="string_0" HPOS="738" VPOS="196" WIDTH="258" HEIGHT="33" WC="0.88" CONTENT="Statsutskottets"/><SP WIDTH="21" VPOS="196" HPOS="996"/>
							<String ID="string_1" HPOS="1017" VPOS="194" WIDTH="165" HEIGHT="32" WC="0.96" CONTENT="utlåtande"/><SP WIDTH="23" VPOS="194" HPOS="1182"/>
							<String ID="string_2" HPOS="1205" VPOS="193" WIDTH="52" HEIGHT="31" WC="0.96" CONTENT="Nr"/><SP WIDTH="25" VPOS="193" HPOS="1257"/>
							<String ID="string_3" HPOS="1282" VPOS="196" WIDTH="20" HEIGHT="28" WC="0.95" CONTENT="6"/><SP WIDTH="480" VPOS="196" HPOS="1302"/>
							<String ID="string_4" HPOS="1782" VPOS="189" WIDTH="42" HEIGHT="30" WC="0.96" CONTENT="53"/>
						</TextLine>
					</TextBlock>
				</ComposedBlock>
				<ComposedBlock ID="cblock_1" HPOS="226" VPOS="274" WIDTH="1612" HEIGHT="2079">
					<TextBlock ID="block_1" HPOS="226" VPOS="274" WIDTH="1604" HEIGHT="665">
						<TextLine ID="line_1" HPOS="226" VPOS="274" WIDTH="1599" HEIGHT="55">
							<String ID="string_5" HPOS="226" VPOS="285" WIDTH="121" HEIGHT="36" WC="0.96" CONTENT="första"/><SP WIDTH="29" VPOS="285" HPOS="347"/>
							<String ID="string_6" HPOS="376" VPOS="283" WIDTH="103" HEIGHT="37" WC="0.96" CONTENT="tiden"/><SP WIDTH="29" VPOS="283" HPOS="479"/>
							<String ID="string_7" HPOS="508" VPOS="296" WIDTH="46" HEIGHT="23" WC="0.95" CONTENT="av"/><SP WIDTH="29" VPOS="296" HPOS="554"/>
							<String ID="string_8" HPOS="583" VPOS="282" WIDTH="59" HEIGHT="37" WC="0.95" CONTENT="sin"/><SP WIDTH="28" VPOS="282" HPOS="642"/>
							<String ID="string_9" HPOS="670" VPOS="280" WIDTH="235" HEIGHT="49" WC="0.96" CONTENT="anställning"/><SP WIDTH="27" VPOS="280" HPOS="905"/>
							<String ID="string_10" HPOS="932" VPOS="279" WIDTH="64" HEIGHT="37" WC="0.93" CONTENT="vid"/><SP WIDTH="26" VPOS="279" HPOS="996"/>
							<String ID="string_11" HPOS="1022" VPOS="277" WIDTH="398" HEIGHT="52" WC="0.90" CONTENT="yrkesinspektionen,"/><SP WIDTH="29" VPOS="277" HPOS="1420"/>
							<String ID="string_12" HPOS="1449" VPOS="276" WIDTH="82" HEIGHT="37" WC="0.96" CONTENT="icke"/><SP WIDTH="20" VPOS="276" HPOS="1531"/>
							<String ID="string_13" HPOS="1551" VPOS="276" WIDTH="66" HEIGHT="35" WC="0.94" CONTENT="allt"/><SP WIDTH="14" VPOS="276" HPOS="1617"/>
							<String ID="string_14" HPOS="1631" VPOS="275" WIDTH="60" HEIGHT="36" WC="0.94" CONTENT="för"/><SP WIDTH="18" VPOS="275" HPOS="1691"/>
							<String ID="string_15" HPOS="1709" VPOS="274" WIDTH="116" HEIGHT="48" WC="0.96" CONTENT="länge"/>
						</TextLine>
						<TextLine ID="line_2" HPOS="228" VPOS="326" WIDTH="1597" HEIGHT="51">
							<String ID="string_16" HPOS="228" VPOS="336" WIDTH="116" HEIGHT="36" WC="0.96" CONTENT="borde"/><SP WIDTH="41" VPOS="336" HPOS="344"/>
							<String ID="string_17" HPOS="385" VPOS="336" WIDTH="39" HEIGHT="35" WC="0.96" CONTENT="få"/><SP WIDTH="40" VPOS="336" HPOS="424"/>
							<String ID="string_18" HPOS="464" VPOS="335" WIDTH="156" HEIGHT="36" WC="0.95" CONTENT="kvarstå"/><SP WIDTH="41" VPOS="335" HPOS="620"/>
							<String ID="string_19" HPOS="661" VPOS="333" WIDTH="12" HEIGHT="36" WC="0.96" CONTENT="i"/><SP WIDTH="33" VPOS="333" HPOS="673"/>
							<String ID="string_20" HPOS="706" VPOS="346" WIDTH="144" HEIGHT="23" WC="0.95" CONTENT="samma"/><SP WIDTH="28" VPOS="346" HPOS="850"/>
							<String ID="string_21" HPOS="878" VPOS="331" WIDTH="152" HEIGHT="38" WC="0.96" CONTENT="distrikt"/><SP WIDTH="28" VPOS="331" HPOS="1030"/>
							<String ID="string_22" HPOS="1058" VPOS="336" WIDTH="88" HEIGHT="31" WC="0.96" CONTENT="utan"/><SP WIDTH="29" VPOS="336" HPOS="1146"/>
							<String ID="string_23" HPOS="1175" VPOS="330" WIDTH="84" HEIGHT="36" WC="0.96" CONTENT="med"/><SP WIDTH="29" VPOS="330" HPOS="1259"/>
							<String ID="string_24" HPOS="1288" VPOS="328" WIDTH="180" HEIGHT="49" WC="0.96" CONTENT="lämpliga"/><SP WIDTH="29" VPOS="328" HPOS="1468"/>
							<String ID="string_25" HPOS="1497" VPOS="327" WIDTH="222" HEIGHT="37" WC="0.91" CONTENT="mellanrum"/><SP WIDTH="29" VPOS="327" HPOS="1719"/>
							<String ID="string_26" HPOS="1748" VPOS="326" WIDTH="77" HEIGHT="36" WC="0.91" CONTENT="för-"/>
						</TextLine>
						<TextLine ID="line_3" HPOS="227" VPOS="377" WIDTH="1599" HEIGHT="60">
							<String ID="string_27" HPOS="227" VPOS="388" WIDTH="129" HEIGHT="49" WC="0.95" CONTENT="flyttas"/><SP WIDTH="41" VPOS="388" HPOS="356"/>
							<String ID="string_28" HPOS="397" VPOS="388" WIDTH="85" HEIGHT="35" WC="0.96" CONTENT="från"/><SP WIDTH="42" VPOS="388" HPOS="482"/>
							<String ID="string_29" HPOS="524" VPOS="386" WIDTH="64" HEIGHT="36" WC="0.96" CONTENT="det"/><SP WIDTH="33" VPOS="386" HPOS="588"/>
							<String ID="string_30" HPOS="621" VPOS="398" WIDTH="72" HEIGHT="24" WC="0.94" CONTENT="ena"/><SP WIDTH="28" VPOS="398" HPOS="693"/>
							<String ID="string_31" HPOS="721" VPOS="384" WIDTH="195" HEIGHT="36" WC="0.96" CONTENT="distriktet"/><SP WIDTH="27" VPOS="384" HPOS="916"/>
							<String ID="string_32" HPOS="943" VPOS="383" WIDTH="56" HEIGHT="36" WC="0.96" CONTENT="till"/><SP WIDTH="29" VPOS="383" HPOS="999"/>
							<String ID="string_33" HPOS="1028" VPOS="383" WIDTH="64" HEIGHT="36" WC="0.96" CONTENT="det"/><SP WIDTH="28" VPOS="383" HPOS="1092"/>
							<String ID="string_34" HPOS="1120" VPOS="382" WIDTH="129" HEIGHT="36" WC="0.95" CONTENT="andra."/><SP WIDTH="55" VPOS="382" HPOS="1249"/>
							<String ID="string_35" HPOS="1304" VPOS="380" WIDTH="83" HEIGHT="37" WC="0.93" CONTENT="Vad"/><SP WIDTH="29" VPOS="380" HPOS="1387"/>
							<String ID="string_36" HPOS="1416" VPOS="379" WIDTH="224" HEIGHT="37" WC="0.96" CONTENT="kommittén"/><SP WIDTH="28" VPOS="379" HPOS="1640"/>
							<String ID="string_37" HPOS="1668" VPOS="377" WIDTH="158" HEIGHT="37" WC="0.96" CONTENT="sålunda"/>
						</TextLine>
						<TextLine ID="line_4" HPOS="227" VPOS="430" WIDTH="1599" HEIGHT="58">
							<String ID="string_38" HPOS="227" VPOS="444" WIDTH="122" HEIGHT="44" WC="0.96" CONTENT="yttrat"/><SP WIDTH="41" VPOS="444" HPOS="349"/>
							<String ID="string_39" HPOS="390" VPOS="451" WIDTH="114" HEIGHT="36" WC="0.96" CONTENT="synes"/><SP WIDTH="42" VPOS="451" HPOS="504"/>
							<String ID="string_40" HPOS="546" VPOS="437" WIDTH="79" HEIGHT="47" WC="0.96" CONTENT="mig"/><SP WIDTH="41" VPOS="437" HPOS="625"/>
							<String ID="string_41" HPOS="666" VPOS="436" WIDTH="236" HEIGHT="36" WC="0.93" CONTENT="fortfarande"/><SP WIDTH="42" VPOS="436" HPOS="902"/>
							<String ID="string_42" HPOS="944" VPOS="439" WIDTH="74" HEIGHT="44" WC="0.96" CONTENT="äga"/><SP WIDTH="33" VPOS="439" HPOS="1018"/>
							<String ID="string_43" HPOS="1051" VPOS="433" WIDTH="253" HEIGHT="49" WC="0.95" CONTENT="tillämpning."/><SP WIDTH="55" VPOS="433" HPOS="1304"/>
							<String ID="string_44" HPOS="1359" VPOS="432" WIDTH="75" HEIGHT="36" WC="0.95" CONTENT="Det"/><SP WIDTH="36" VPOS="432" HPOS="1434"/>
							<String ID="string_45" HPOS="1470" VPOS="431" WIDTH="109" HEIGHT="36" WC="0.96" CONTENT="torde"/><SP WIDTH="29" VPOS="431" HPOS="1579"/>
							<String ID="string_46" HPOS="1608" VPOS="430" WIDTH="140" HEIGHT="45" WC="0.96" CONTENT="därför,"/><SP WIDTH="29" VPOS="430" HPOS="1748"/>
							<String ID="string_47" HPOS="1777" VPOS="431" WIDTH="49" HEIGHT="46" WC="0.96" CONTENT="på"/>
						</TextLine>
						<TextLine ID="line_5" HPOS="229" VPOS="481" WIDTH="1598" HEIGHT="54">
							<String ID="string_48" HPOS="229" VPOS="495" WIDTH="77" HEIGHT="32" WC="0.93" CONTENT="sätt"/><SP WIDTH="28" VPOS="495" HPOS="306"/>
							<String ID="string_49" HPOS="334" VPOS="496" WIDTH="25" HEIGHT="29" WC="0.93" CONTENT="t."/><SP WIDTH="31" VPOS="496" HPOS="359"/>
							<String ID="string_50" HPOS="390" VPOS="502" WIDTH="57" HEIGHT="23" WC="0.96" CONTENT="ex."/><SP WIDTH="30" VPOS="502" HPOS="447"/>
							<String ID="string_51" HPOS="477" VPOS="489" WIDTH="59" HEIGHT="36" WC="0.96" CONTENT="för"/><SP WIDTH="19" VPOS="489" HPOS="536"/>
							<String ID="string_52" HPOS="555" VPOS="489" WIDTH="101" HEIGHT="35" WC="0.93" CONTENT="vissa"/><SP WIDTH="28" VPOS="489" HPOS="656"/>
							<String ID="string_53" HPOS="684" VPOS="486" WIDTH="377" HEIGHT="49" WC="0.92" CONTENT="befattningshavare"/><SP WIDTH="28" VPOS="486" HPOS="1061"/>
							<String ID="string_54" HPOS="1089" VPOS="485" WIDTH="64" HEIGHT="36" WC="0.93" CONTENT="vid"/><SP WIDTH="27" VPOS="485" HPOS="1153"/>
							<String ID="string_55" HPOS="1180" VPOS="484" WIDTH="204" HEIGHT="36" WC="0.91" CONTENT="tullverket"/><SP WIDTH="29" VPOS="484" HPOS="1384"/>
							<String ID="string_56" HPOS="1413" VPOS="487" WIDTH="42" HEIGHT="31" WC="0.96" CONTENT="är"/><SP WIDTH="19" VPOS="487" HPOS="1455"/>
							<String ID="string_57" HPOS="1474" VPOS="482" WIDTH="240" HEIGHT="45" WC="0.96" CONTENT="föreskrivet,"/><SP WIDTH="21" VPOS="482" HPOS="1714"/>
							<String ID="string_58" HPOS="1735" VPOS="481" WIDTH="92" HEIGHT="35" WC="0.96" CONTENT="böra"/>
						</TextLine>
						<TextLine ID="line_6" HPOS="228" VPOS="532" WIDTH="1600" HEIGHT="53">
							<String ID="string_59" HPOS="228" VPOS="541" WIDTH="236" HEIGHT="37" WC="0.96" CONTENT="beträffande"/><SP WIDTH="42" VPOS="541" HPOS="464"/>
							<String ID="string_60" HPOS="506" VPOS="540" WIDTH="46" HEIGHT="35" WC="0.93" CONTENT="de"/><SP WIDTH="43" VPOS="540" HPOS="552"/>
							<String ID="string_61" HPOS="595" VPOS="542" WIDTH="21" HEIGHT="33" WC="0.92" CONTENT="å"/><SP WIDTH="45" VPOS="542" HPOS="616"/>
							<String ID="string_62" HPOS="661" VPOS="538" WIDTH="188" HEIGHT="37" WC="0.96" CONTENT="ordinarie"/><SP WIDTH="46" VPOS="538" HPOS="849"/>
							<String ID="string_63" HPOS="895" VPOS="542" WIDTH="74" HEIGHT="32" WC="0.96" CONTENT="stat"/><SP WIDTH="44" VPOS="542" HPOS="969"/>
							<String ID="string_64" HPOS="1013" VPOS="535" WIDTH="188" HEIGHT="50" WC="0.85" CONTENT="uppförda"/><SP WIDTH="42" VPOS="535" HPOS="1201"/>
							<String ID="string_65" HPOS="1243" VPOS="535" WIDTH="271" HEIGHT="36" WC="0.85" CONTENT="assistenterna"/><SP WIDTH="46" VPOS="535" HPOS="1514"/>
							<String ID="string_66" HPOS="1560" VPOS="532" WIDTH="169" HEIGHT="47" WC="0.95" CONTENT="stadgas,"/><SP WIDTH="43" VPOS="532" HPOS="1729"/>
							<String ID="string_67" HPOS="1772" VPOS="536" WIDTH="56" HEIGHT="30" WC="0.96" CONTENT="att"/>
						</TextLine>
						<TextLine ID="line_7" HPOS="229" VPOS="584" WIDTH="1598" HEIGHT="52">
							<String ID="string_68" HPOS="229" VPOS="594" WIDTH="114" HEIGHT="35" WC="0.96" CONTENT="dessa"/><SP WIDTH="33" VPOS="594" HPOS="343"/>
							<String ID="string_69" HPOS="376" VPOS="592" WIDTH="106" HEIGHT="36" WC="0.96" CONTENT="skola"/><SP WIDTH="28" VPOS="592" HPOS="482"/>
							<String ID="string_70" HPOS="510" VPOS="604" WIDTH="90" HEIGHT="23" WC="0.96" CONTENT="vara"/><SP WIDTH="27" VPOS="604" HPOS="600"/>
							<String ID="string_71" HPOS="627" VPOS="589" WIDTH="283" HEIGHT="37" WC="0.96" CONTENT="underkastade"/><SP WIDTH="28" VPOS="589" HPOS="910"/>
							<String ID="string_72" HPOS="938" VPOS="587" WIDTH="220" HEIGHT="49" WC="0.96" CONTENT="skyldighet"/><SP WIDTH="27" VPOS="587" HPOS="1158"/>
							<String ID="string_73" HPOS="1185" VPOS="590" WIDTH="56" HEIGHT="32" WC="0.96" CONTENT="att"/><SP WIDTH="27" VPOS="590" HPOS="1241"/>
							<String ID="string_74" HPOS="1268" VPOS="586" WIDTH="76" HEIGHT="36" WC="0.96" CONTENT="låta"/><SP WIDTH="28" VPOS="586" HPOS="1344"/>
							<String ID="string_75" HPOS="1372" VPOS="585" WIDTH="60" HEIGHT="48" WC="0.96" CONTENT="sig"/><SP WIDTH="28" VPOS="585" HPOS="1432"/>
							<String ID="string_76" HPOS="1460" VPOS="584" WIDTH="190" HEIGHT="48" WC="0.96" CONTENT="förflyttas"/><SP WIDTH="28" VPOS="584" HPOS="1650"/>
							<String ID="string_77" HPOS="1678" VPOS="586" WIDTH="49" HEIGHT="45" WC="0.96" CONTENT="på"/><SP WIDTH="28" VPOS="586" HPOS="1727"/>
							<String ID="string_78" HPOS="1755" VPOS="586" WIDTH="72" HEIGHT="32" WC="0.96" CONTENT="sätt"/>
						</TextLine>
						<TextLine ID="line_8" HPOS="230" VPOS="634" WIDTH="1598" HEIGHT="56">
							<String ID="string_79" HPOS="230" VPOS="658" WIDTH="50" HEIGHT="23" WC="0.96" CONTENT="nu"/><SP WIDTH="27" VPOS="658" HPOS="280"/>
							<String ID="string_80" HPOS="307" VPOS="648" WIDTH="163" HEIGHT="32" WC="0.93" CONTENT="nämnts."/><SP WIDTH="54" VPOS="648" HPOS="470"/>
							<String ID="string_81" HPOS="524" VPOS="641" WIDTH="232" HEIGHT="49" WC="0.90" CONTENT="Billigheten"/><SP WIDTH="29" VPOS="641" HPOS="756"/>
							<String ID="string_82" HPOS="785" VPOS="640" WIDTH="106" HEIGHT="37" WC="0.96" CONTENT="torde"/><SP WIDTH="28" VPOS="640" HPOS="891"/>
							<String ID="string_83" HPOS="919" VPOS="639" WIDTH="97" HEIGHT="37" WC="0.96" CONTENT="dock"/><SP WIDTH="28" VPOS="639" HPOS="1016"/>
							<String ID="string_84" HPOS="1044" VPOS="639" WIDTH="128" HEIGHT="47" WC="0.95" CONTENT="kräva,"/><SP WIDTH="30" VPOS="639" HPOS="1172"/>
							<String ID="string_85" HPOS="1202" VPOS="642" WIDTH="56" HEIGHT="31" WC="0.96" CONTENT="att"/><SP WIDTH="28" VPOS="642" HPOS="1258"/>
							<String ID="string_86" HPOS="1286" VPOS="637" WIDTH="87" HEIGHT="36" WC="0.96" CONTENT="med"/><SP WIDTH="28" VPOS="637" HPOS="1373"/>
							<String ID="string_87" HPOS="1401" VPOS="636" WIDTH="107" HEIGHT="49" WC="0.95" CONTENT="dylik"/><SP WIDTH="16" VPOS="636" HPOS="1508"/>
							<String ID="string_88" HPOS="1524" VPOS="634" WIDTH="221" HEIGHT="50" WC="0.96" CONTENT="skyldighet"/><SP WIDTH="14" VPOS="634" HPOS="1745"/>
							<String ID="string_89" HPOS="1759" VPOS="634" WIDTH="69" HEIGHT="35" WC="0.96" CONTENT="bör"/>
						</TextLine>
						<TextLine ID="line_9" HPOS="229" VPOS="685" WIDTH="1599" HEIGHT="59">
							<String ID="string_90" HPOS="229" VPOS="696" WIDTH="93" HEIGHT="48" WC="0.96" CONTENT="följa"/><SP WIDTH="28" VPOS="696" HPOS="322"/>
							<String ID="string_91" HPOS="350" VPOS="700" WIDTH="76" HEIGHT="31" WC="0.96" CONTENT="rätt"/><SP WIDTH="27" VPOS="700" HPOS="426"/>
							<String ID="string_92" HPOS="453" VPOS="694" WIDTH="57" HEIGHT="36" WC="0.96" CONTENT="till"/><SP WIDTH="28" VPOS="694" HPOS="510"/>
							<String ID="string_93" HPOS="538" VPOS="693" WIDTH="216" HEIGHT="47" WC="0.96" CONTENT="ersättning"/><SP WIDTH="30" VPOS="693" HPOS="754"/>
							<String ID="string_94" HPOS="784" VPOS="693" WIDTH="57" HEIGHT="35" WC="0.90" CONTENT="för"/><SP WIDTH="27" VPOS="693" HPOS="841"/>
							<String ID="string_95" HPOS="868" VPOS="689" WIDTH="378" HEIGHT="51" WC="0.90" CONTENT="flyttningskostnad,"/><SP WIDTH="18" VPOS="689" HPOS="1246"/>
							<String ID="string_96" HPOS="1264" VPOS="692" WIDTH="41" HEIGHT="33" WC="0.96" CONTENT="så"/><SP WIDTH="28" VPOS="692" HPOS="1305"/>
							<String ID="string_97" HPOS="1333" VPOS="688" WIDTH="87" HEIGHT="36" WC="0.96" CONTENT="vida"/><SP WIDTH="15" VPOS="688" HPOS="1420"/>
							<String ID="string_98" HPOS="1435" VPOS="686" WIDTH="293" HEIGHT="50" WC="0.96" CONTENT="förflyttningen"/><SP WIDTH="15" VPOS="686" HPOS="1728"/>
							<String ID="string_99" HPOS="1743" VPOS="685" WIDTH="85" HEIGHT="36" WC="0.94" CONTENT="icke"/>
						</TextLine>
						<TextLine ID="line_10" HPOS="231" VPOS="737" WIDTH="1599" HEIGHT="57">
							<String ID="string_100" HPOS="231" VPOS="748" WIDTH="89" HEIGHT="37" WC="0.96" CONTENT="sker"/><SP WIDTH="45" VPOS="748" HPOS="320"/>
							<String ID="string_101" HPOS="365" VPOS="747" WIDTH="97" HEIGHT="37" WC="0.92" CONTENT="efter"/><SP WIDTH="45" VPOS="747" HPOS="462"/>
							<String ID="string_102" HPOS="507" VPOS="745" WIDTH="425" HEIGHT="49" WC="0.90" CONTENT="befattningshavarens"/><SP WIDTH="47" VPOS="745" HPOS="932"/>
							<String ID="string_103" HPOS="979" VPOS="743" WIDTH="170" HEIGHT="36" WC="0.94" CONTENT="ansökan"/><SP WIDTH="46" VPOS="743" HPOS="1149"/>
							<String ID="string_104" HPOS="1195" VPOS="741" WIDTH="92" HEIGHT="36" WC="0.94" CONTENT="eller"/><SP WIDTH="45" VPOS="741" HPOS="1287"/>
							<String ID="string_105" HPOS="1332" VPOS="740" WIDTH="10" HEIGHT="35" WC="0.96" CONTENT="i"/><SP WIDTH="47" VPOS="740" HPOS="1342"/>
							<String ID="string_106" HPOS="1389" VPOS="739" WIDTH="209" HEIGHT="48" WC="0.95" CONTENT="anledning"/><SP WIDTH="45" VPOS="739" HPOS="1598"/>
							<String ID="string_107" HPOS="1643" VPOS="751" WIDTH="46" HEIGHT="23" WC="0.96" CONTENT="av"/><SP WIDTH="45" VPOS="751" HPOS="1689"/>
							<String ID="string_108" HPOS="1734" VPOS="737" WIDTH="96" HEIGHT="36" WC="0.96" CONTENT="hans"/>
						</TextLine>
						<TextLine ID="line_11" HPOS="230" VPOS="789" WIDTH="1599" HEIGHT="58">
							<String ID="string_109" HPOS="230" VPOS="800" WIDTH="130" HEIGHT="36" WC="0.96" CONTENT="därom"/><SP WIDTH="38" VPOS="800" HPOS="360"/>
							<String ID="string_110" HPOS="398" VPOS="798" WIDTH="192" HEIGHT="49" WC="0.96" CONTENT="uttryckta"/><SP WIDTH="28" VPOS="798" HPOS="590"/>
							<String ID="string_111" HPOS="618" VPOS="797" WIDTH="157" HEIGHT="36" WC="0.93" CONTENT="önskan."/><SP WIDTH="46" VPOS="797" HPOS="775"/>
							<String ID="string_112" HPOS="821" VPOS="796" WIDTH="138" HEIGHT="36" WC="0.92" CONTENT="Därest"/><SP WIDTH="27" VPOS="796" HPOS="959"/>
							<String ID="string_113" HPOS="986" VPOS="795" WIDTH="12" HEIGHT="35" WC="0.96" CONTENT="i"/><SP WIDTH="29" VPOS="795" HPOS="998"/>
							<String ID="string_114" HPOS="1027" VPOS="793" WIDTH="222" HEIGHT="38" WC="0.96" CONTENT="Stockholm"/><SP WIDTH="29" VPOS="793" HPOS="1249"/>
							<String ID="string_115" HPOS="1278" VPOS="791" WIDTH="232" HEIGHT="37" WC="0.96" CONTENT="stationerad"/><SP WIDTH="34" VPOS="791" HPOS="1510"/>
							<String ID="string_116" HPOS="1544" VPOS="790" WIDTH="178" HEIGHT="37" WC="0.93" CONTENT="assistent"/><SP WIDTH="32" VPOS="790" HPOS="1722"/>
							<String ID="string_117" HPOS="1754" VPOS="789" WIDTH="75" HEIGHT="36" WC="0.93" CONTENT="för-"/>
						</TextLine>
						<TextLine ID="line_12" HPOS="230" VPOS="840" WIDTH="1599" HEIGHT="59">
							<String ID="string_118" HPOS="230" VPOS="851" WIDTH="131" HEIGHT="48" WC="0.96" CONTENT="flyttas"/><SP WIDTH="27" VPOS="851" HPOS="361"/>
							<String ID="string_119" HPOS="388" VPOS="850" WIDTH="58" HEIGHT="36" WC="0.95" CONTENT="till"/><SP WIDTH="28" VPOS="850" HPOS="446"/>
							<String ID="string_120" HPOS="474" VPOS="862" WIDTH="124" HEIGHT="24" WC="0.92" CONTENT="annan"/><SP WIDTH="29" VPOS="862" HPOS="598"/>
							<String ID="string_121" HPOS="627" VPOS="848" WIDTH="233" HEIGHT="47" WC="0.92" CONTENT="stationsort,"/><SP WIDTH="30" VPOS="848" HPOS="860"/>
							<String ID="string_122" HPOS="890" VPOS="846" WIDTH="95" HEIGHT="37" WC="0.96" CONTENT="skall"/><SP WIDTH="28" VPOS="846" HPOS="985"/>
							<String ID="string_123" HPOS="1013" VPOS="845" WIDTH="166" HEIGHT="50" WC="0.96" CONTENT="givetvis"/><SP WIDTH="29" VPOS="845" HPOS="1179"/>
							<String ID="string_124" HPOS="1208" VPOS="844" WIDTH="95" HEIGHT="36" WC="0.96" CONTENT="hans"/><SP WIDTH="24" VPOS="844" HPOS="1303"/>
							<String ID="string_125" HPOS="1327" VPOS="848" WIDTH="76" HEIGHT="31" WC="0.96" CONTENT="rätt"/><SP WIDTH="28" VPOS="848" HPOS="1403"/>
							<String ID="string_126" HPOS="1431" VPOS="843" WIDTH="56" HEIGHT="36" WC="0.93" CONTENT="till"/><SP WIDTH="20" VPOS="843" HPOS="1487"/>
							<String ID="string_127" HPOS="1507" VPOS="841" WIDTH="218" HEIGHT="48" WC="0.90" CONTENT="ortstillägg"/><SP WIDTH="21" VPOS="841" HPOS="1725"/>
							<String ID="string_128" HPOS="1746" VPOS="840" WIDTH="83" HEIGHT="36" WC="0.92" CONTENT="där-"/>
						</TextLine>
						<TextLine ID="line_13" HPOS="231" VPOS="901" WIDTH="294" HEIGHT="38">
							<String ID="string_129" HPOS="231" VPOS="903" WIDTH="87" HEIGHT="36" WC="0.93" CONTENT="med"/><SP WIDTH="19" VPOS="903" HPOS="318"/>
							<String ID="string_130" HPOS="337" VPOS="901" WIDTH="188" HEIGHT="38" WC="0.91" CONTENT="bortfalla."/>
						</TextLine>
					</TextBlock>
					<TextBlock ID="block_2" HPOS="232" VPOS="943" WIDTH="1599" HEIGHT="112">
						<TextLine ID="line_14" HPOS="337" VPOS="943" WIDTH="1494" HEIGHT="54">
							<String ID="string_131" HPOS="337" VPOS="954" WIDTH="56" HEIGHT="36" WC="0.96" CONTENT="De"/><SP WIDTH="41" VPOS="954" HPOS="393"/>
							<String ID="string_132" HPOS="434" VPOS="955" WIDTH="64" HEIGHT="34" WC="0.96" CONTENT="två"/><SP WIDTH="42" VPOS="955" HPOS="498"/>
							<String ID="string_133" HPOS="540" VPOS="952" WIDTH="235" HEIGHT="45" WC="0.96" CONTENT="assistenter,"/><SP WIDTH="44" VPOS="952" HPOS="775"/>
							<String ID="string_134" HPOS="819" VPOS="962" WIDTH="81" HEIGHT="24" WC="0.96" CONTENT="som"/><SP WIDTH="33" VPOS="962" HPOS="900"/>
							<String ID="string_135" HPOS="933" VPOS="949" WIDTH="33" HEIGHT="48" WC="0.96" CONTENT="ej"/><SP WIDTH="31" VPOS="949" HPOS="966"/>
							<String ID="string_136" HPOS="997" VPOS="948" WIDTH="122" HEIGHT="36" WC="0.96" CONTENT="skulle"/><SP WIDTH="28" VPOS="948" HPOS="1119"/>
							<String ID="string_137" HPOS="1147" VPOS="947" WIDTH="181" HEIGHT="49" WC="0.93" CONTENT="uppföras"/><SP WIDTH="28" VPOS="947" HPOS="1328"/>
							<String ID="string_138" HPOS="1356" VPOS="948" WIDTH="20" HEIGHT="34" WC="0.92" CONTENT="å"/><SP WIDTH="29" VPOS="948" HPOS="1376"/>
							<String ID="string_139" HPOS="1405" VPOS="944" WIDTH="187" HEIGHT="37" WC="0.96" CONTENT="ordinarie"/><SP WIDTH="29" VPOS="944" HPOS="1592"/>
							<String ID="string_140" HPOS="1621" VPOS="948" WIDTH="87" HEIGHT="43" WC="0.95" CONTENT="stat,"/><SP WIDTH="29" VPOS="948" HPOS="1708"/>
							<String ID="string_141" HPOS="1737" VPOS="943" WIDTH="94" HEIGHT="36" WC="0.95" CONTENT="böra"/>
						</TextLine>
						<TextLine ID="line_15" HPOS="232" VPOS="998" WIDTH="1224" HEIGHT="57">
							<String ID="string_142" HPOS="232" VPOS="1006" WIDTH="165" HEIGHT="49" WC="0.95" CONTENT="givetvis"/><SP WIDTH="27" VPOS="1006" HPOS="397"/>
							<String ID="string_143" HPOS="424" VPOS="1004" WIDTH="209" HEIGHT="37" WC="0.96" CONTENT="bibehållas"/><SP WIDTH="28" VPOS="1004" HPOS="633"/>
							<String ID="string_144" HPOS="661" VPOS="1002" WIDTH="63" HEIGHT="37" WC="0.96" CONTENT="vid"/><SP WIDTH="29" VPOS="1002" HPOS="724"/>
							<String ID="string_145" HPOS="753" VPOS="1015" WIDTH="50" HEIGHT="23" WC="0.96" CONTENT="nu"/><SP WIDTH="28" VPOS="1015" HPOS="803"/>
							<String ID="string_146" HPOS="831" VPOS="1001" WIDTH="191" HEIGHT="49" WC="0.93" CONTENT="utgående"/><SP WIDTH="29" VPOS="1001" HPOS="1022"/>
							<String ID="string_147" HPOS="1051" VPOS="998" WIDTH="405" HEIGHT="49" WC="0.91" CONTENT="avlöningsförmåner."/>
						</TextLine>
					</TextBlock>
					<TextBlock ID="block_3" HPOS="231" VPOS="1048" WIDTH="1605" HEIGHT="991">
						<TextLine ID="line_16" HPOS="338" VPOS="1048" WIDTH="1493" HEIGHT="56">
							<String ID="string_148" HPOS="338" VPOS="1056" WIDTH="138" HEIGHT="38" WC="0.96" CONTENT="Vidare"/><SP WIDTH="29" VPOS="1056" HPOS="476"/>
							<String ID="string_149" HPOS="505" VPOS="1056" WIDTH="67" HEIGHT="36" WC="0.96" CONTENT="har"/><SP WIDTH="20" VPOS="1056" HPOS="572"/>
							<String ID="string_150" HPOS="592" VPOS="1054" WIDTH="189" HEIGHT="50" WC="0.95" CONTENT="styrelsen"/><SP WIDTH="19" VPOS="1054" HPOS="781"/>
							<String ID="string_151" HPOS="800" VPOS="1052" WIDTH="200" HEIGHT="49" WC="0.96" CONTENT="föreslagit"/><SP WIDTH="19" VPOS="1052" HPOS="1000"/>
							<String ID="string_152" HPOS="1019" VPOS="1052" WIDTH="238" HEIGHT="49" WC="0.96" CONTENT="uppförande"/><SP WIDTH="21" VPOS="1052" HPOS="1257"/>
							<String ID="string_153" HPOS="1278" VPOS="1052" WIDTH="48" HEIGHT="47" WC="0.96" CONTENT="på"/><SP WIDTH="19" VPOS="1052" HPOS="1326"/>
							<String ID="string_154" HPOS="1345" VPOS="1048" WIDTH="188" HEIGHT="38" WC="0.96" CONTENT="ordinarie"/><SP WIDTH="21" VPOS="1048" HPOS="1533"/>
							<String ID="string_155" HPOS="1554" VPOS="1052" WIDTH="75" HEIGHT="32" WC="0.96" CONTENT="stat"/><SP WIDTH="19" VPOS="1052" HPOS="1629"/>
							<String ID="string_156" HPOS="1648" VPOS="1060" WIDTH="47" HEIGHT="23" WC="0.93" CONTENT="av"/><SP WIDTH="20" VPOS="1060" HPOS="1695"/>
							<String ID="string_157" HPOS="1715" VPOS="1050" WIDTH="116" HEIGHT="33" WC="0.91" CONTENT="samt-"/>
						</TextLine>
						<TextLine ID="line_17" HPOS="231" VPOS="1097" WIDTH="1601" HEIGHT="61">
							<String ID="string_158" HPOS="231" VPOS="1109" WIDTH="78" HEIGHT="49" WC="0.96" CONTENT="liga"/><SP WIDTH="45" VPOS="1109" HPOS="309"/>
							<String ID="string_159" HPOS="354" VPOS="1123" WIDTH="51" HEIGHT="22" WC="0.96" CONTENT="nu"/><SP WIDTH="32" VPOS="1123" HPOS="405"/>
							<String ID="string_160" HPOS="437" VPOS="1111" WIDTH="49" HEIGHT="46" WC="0.96" CONTENT="på"/><SP WIDTH="28" VPOS="1111" HPOS="486"/>
							<String ID="string_161" HPOS="514" VPOS="1112" WIDTH="107" HEIGHT="32" WC="0.96" CONTENT="extra"/><SP WIDTH="28" VPOS="1112" HPOS="621"/>
							<String ID="string_162" HPOS="649" VPOS="1112" WIDTH="76" HEIGHT="31" WC="0.96" CONTENT="stat"/><SP WIDTH="27" VPOS="1112" HPOS="725"/>
							<String ID="string_163" HPOS="752" VPOS="1110" WIDTH="196" HEIGHT="45" WC="0.93" CONTENT="upptagna"/><SP WIDTH="28" VPOS="1110" HPOS="948"/>
							<String ID="string_164" HPOS="976" VPOS="1101" WIDTH="610" HEIGHT="51" WC="0.55" CONTENT="underinspektörsbefattningar,"/><SP WIDTH="30" VPOS="1101" HPOS="1586"/>
							<String ID="string_165" HPOS="1616" VPOS="1097" WIDTH="216" HEIGHT="50" WC="0.96" CONTENT="utgörande"/>
						</TextLine>
						<TextLine ID="line_18" HPOS="232" VPOS="1149" WIDTH="1599" HEIGHT="56">
							<String ID="string_166" HPOS="232" VPOS="1160" WIDTH="58" HEIGHT="38" WC="0.96" CONTENT="till"/><SP WIDTH="28" VPOS="1160" HPOS="290"/>
							<String ID="string_167" HPOS="318" VPOS="1161" WIDTH="143" HEIGHT="36" WC="0.94" CONTENT="antalet"/><SP WIDTH="44" VPOS="1161" HPOS="461"/>
							<String ID="string_168" HPOS="505" VPOS="1161" WIDTH="57" HEIGHT="35" WC="0.94" CONTENT="18."/><SP WIDTH="56" VPOS="1161" HPOS="562"/>
							<String ID="string_169" HPOS="618" VPOS="1158" WIDTH="269" HEIGHT="47" WC="0.95" CONTENT="Anledningen"/><SP WIDTH="28" VPOS="1158" HPOS="887"/>
							<String ID="string_170" HPOS="915" VPOS="1156" WIDTH="58" HEIGHT="37" WC="0.96" CONTENT="till"/><SP WIDTH="29" VPOS="1156" HPOS="973"/>
							<String ID="string_171" HPOS="1002" VPOS="1161" WIDTH="54" HEIGHT="31" WC="0.96" CONTENT="att"/><SP WIDTH="28" VPOS="1161" HPOS="1056"/>
							<String ID="string_172" HPOS="1084" VPOS="1155" WIDTH="109" HEIGHT="36" WC="0.96" CONTENT="dessa"/><SP WIDTH="28" VPOS="1155" HPOS="1193"/>
							<String ID="string_173" HPOS="1221" VPOS="1153" WIDTH="261" HEIGHT="49" WC="0.96" CONTENT="befattningar"/><SP WIDTH="26" VPOS="1153" HPOS="1482"/>
							<String ID="string_174" HPOS="1508" VPOS="1152" WIDTH="86" HEIGHT="36" WC="0.96" CONTENT="icke"/><SP WIDTH="28" VPOS="1152" HPOS="1594"/>
							<String ID="string_175" HPOS="1622" VPOS="1151" WIDTH="119" HEIGHT="36" WC="0.96" CONTENT="redan"/><SP WIDTH="27" VPOS="1151" HPOS="1741"/>
							<String ID="string_176" HPOS="1768" VPOS="1149" WIDTH="63" HEIGHT="37" WC="0.96" CONTENT="vid"/>
						</TextLine>
						<TextLine ID="line_19" HPOS="231" VPOS="1202" WIDTH="1603" HEIGHT="61">
							<String ID="string_177" HPOS="231" VPOS="1212" WIDTH="406" HEIGHT="51" WC="0.91" CONTENT="yrkesinspektionens"/><SP WIDTH="28" VPOS="1212" HPOS="637"/>
							<String ID="string_178" HPOS="665" VPOS="1209" WIDTH="325" HEIGHT="50" WC="0.96" CONTENT="omorganisation"/><SP WIDTH="27" VPOS="1209" HPOS="990"/>
							<String ID="string_179" HPOS="1017" VPOS="1207" WIDTH="207" HEIGHT="50" WC="0.93" CONTENT="uppfördes"/><SP WIDTH="27" VPOS="1207" HPOS="1224"/>
							<String ID="string_180" HPOS="1251" VPOS="1208" WIDTH="21" HEIGHT="34" WC="0.92" CONTENT="å"/><SP WIDTH="28" VPOS="1208" HPOS="1272"/>
							<String ID="string_181" HPOS="1300" VPOS="1205" WIDTH="189" HEIGHT="37" WC="0.96" CONTENT="ordinarie"/><SP WIDTH="22" VPOS="1205" HPOS="1489"/>
							<String ID="string_182" HPOS="1511" VPOS="1208" WIDTH="76" HEIGHT="32" WC="0.96" CONTENT="stat"/><SP WIDTH="19" VPOS="1208" HPOS="1587"/>
							<String ID="string_183" HPOS="1606" VPOS="1202" WIDTH="109" HEIGHT="37" WC="0.96" CONTENT="torde"/><SP WIDTH="19" VPOS="1202" HPOS="1715"/>
							<String ID="string_184" HPOS="1734" VPOS="1202" WIDTH="100" HEIGHT="36" WC="0.96" CONTENT="hava"/>
						</TextLine>
						<TextLine ID="line_20" HPOS="233" VPOS="1253" WIDTH="1598" HEIGHT="60">
							<String ID="string_185" HPOS="233" VPOS="1265" WIDTH="110" HEIGHT="48" WC="0.95" CONTENT="varit,"/><SP WIDTH="22" VPOS="1265" HPOS="343"/>
							<String ID="string_186" HPOS="365" VPOS="1269" WIDTH="56" HEIGHT="32" WC="0.95" CONTENT="att"/><SP WIDTH="19" VPOS="1269" HPOS="421"/>
							<String ID="string_187" HPOS="440" VPOS="1264" WIDTH="74" HEIGHT="36" WC="0.96" CONTENT="den"/><SP WIDTH="19" VPOS="1264" HPOS="514"/>
							<String ID="string_188" HPOS="533" VPOS="1262" WIDTH="256" HEIGHT="46" WC="0.96" CONTENT="verksamhet,"/><SP WIDTH="18" VPOS="1262" HPOS="789"/>
							<String ID="string_189" HPOS="807" VPOS="1274" WIDTH="80" HEIGHT="23" WC="0.93" CONTENT="som"/><SP WIDTH="22" VPOS="1274" HPOS="887"/>
							<String ID="string_190" HPOS="909" VPOS="1260" WIDTH="127" HEIGHT="37" WC="0.91" CONTENT="ålades"/><SP WIDTH="20" VPOS="1260" HPOS="1036"/>
							<String ID="string_191" HPOS="1056" VPOS="1258" WIDTH="427" HEIGHT="48" WC="0.90" CONTENT="underinspektörerna,"/><SP WIDTH="17" VPOS="1258" HPOS="1483"/>
							<String ID="string_192" HPOS="1500" VPOS="1256" WIDTH="46" HEIGHT="35" WC="0.96" CONTENT="då"/><SP WIDTH="19" VPOS="1256" HPOS="1546"/>
							<String ID="string_193" HPOS="1565" VPOS="1268" WIDTH="67" HEIGHT="23" WC="0.96" CONTENT="var"/><SP WIDTH="20" VPOS="1268" HPOS="1632"/>
							<String ID="string_194" HPOS="1652" VPOS="1253" WIDTH="179" HEIGHT="50" WC="0.96" CONTENT="oprövad,"/>
						</TextLine>
						<TextLine ID="line_21" HPOS="234" VPOS="1305" WIDTH="1599" HEIGHT="56">
							<String ID="string_195" HPOS="234" VPOS="1317" WIDTH="71" HEIGHT="36" WC="0.96" CONTENT="och"/><SP WIDTH="42" VPOS="1317" HPOS="305"/>
							<String ID="string_196" HPOS="347" VPOS="1321" WIDTH="56" HEIGHT="31" WC="0.96" CONTENT="att"/><SP WIDTH="39" VPOS="1321" HPOS="403"/>
							<String ID="string_197" HPOS="442" VPOS="1328" WIDTH="88" HEIGHT="23" WC="0.96" CONTENT="man"/><SP WIDTH="41" VPOS="1328" HPOS="530"/>
							<String ID="string_198" HPOS="571" VPOS="1314" WIDTH="178" HEIGHT="37" WC="0.95" CONTENT="befarade"/><SP WIDTH="37" VPOS="1314" HPOS="749"/>
							<String ID="string_199" HPOS="786" VPOS="1312" WIDTH="238" HEIGHT="49" WC="0.96" CONTENT="svårigheter"/><SP WIDTH="47" VPOS="1312" HPOS="1024"/>
							<String ID="string_200" HPOS="1071" VPOS="1316" WIDTH="55" HEIGHT="31" WC="0.94" CONTENT="att"/><SP WIDTH="44" VPOS="1316" HPOS="1126"/>
							<String ID="string_201" HPOS="1170" VPOS="1309" WIDTH="143" HEIGHT="37" WC="0.96" CONTENT="erhålla"/><SP WIDTH="45" VPOS="1309" HPOS="1313"/>
							<String ID="string_202" HPOS="1358" VPOS="1308" WIDTH="221" HEIGHT="45" WC="0.91" CONTENT="tillräckligt"/><SP WIDTH="45" VPOS="1308" HPOS="1579"/>
							<String ID="string_203" HPOS="1624" VPOS="1306" WIDTH="102" HEIGHT="36" WC="0.95" CONTENT="antal"/><SP WIDTH="46" VPOS="1306" HPOS="1726"/>
							<String ID="string_204" HPOS="1772" VPOS="1305" WIDTH="61" HEIGHT="35" WC="0.96" CONTENT="för"/>
						</TextLine>
						<TextLine ID="line_22" HPOS="235" VPOS="1356" WIDTH="1599" HEIGHT="58">
							<String ID="string_205" HPOS="235" VPOS="1369" WIDTH="125" HEIGHT="36" WC="0.96" CONTENT="denna"/><SP WIDTH="39" VPOS="1369" HPOS="360"/>
							<String ID="string_206" HPOS="399" VPOS="1366" WIDTH="246" HEIGHT="37" WC="0.96" CONTENT="verksamhet"/><SP WIDTH="26" VPOS="1366" HPOS="645"/>
							<String ID="string_207" HPOS="671" VPOS="1364" WIDTH="184" HEIGHT="50" WC="0.96" CONTENT="lämpliga"/><SP WIDTH="28" VPOS="1364" HPOS="855"/>
							<String ID="string_208" HPOS="883" VPOS="1376" WIDTH="190" HEIGHT="37" WC="0.96" CONTENT="personer."/><SP WIDTH="55" VPOS="1376" HPOS="1073"/>
							<String ID="string_209" HPOS="1128" VPOS="1362" WIDTH="59" HEIGHT="36" WC="0.96" CONTENT="Av"/><SP WIDTH="28" VPOS="1362" HPOS="1187"/>
							<String ID="string_210" HPOS="1215" VPOS="1360" WIDTH="214" HEIGHT="37" WC="0.96" CONTENT="dåvarande"/><SP WIDTH="29" VPOS="1360" HPOS="1429"/>
							<String ID="string_211" HPOS="1458" VPOS="1359" WIDTH="156" HEIGHT="36" WC="0.95" CONTENT="chefens"/><SP WIDTH="29" VPOS="1359" HPOS="1614"/>
							<String ID="string_212" HPOS="1643" VPOS="1357" WIDTH="59" HEIGHT="37" WC="0.92" CONTENT="för"/><SP WIDTH="29" VPOS="1357" HPOS="1702"/>
							<String ID="string_213" HPOS="1731" VPOS="1356" WIDTH="103" HEIGHT="37" WC="0.92" CONTENT="civil-"/>
						</TextLine>
						<TextLine ID="line_23" HPOS="236" VPOS="1404" WIDTH="1598" HEIGHT="65">
							<String ID="string_214" HPOS="236" VPOS="1420" WIDTH="301" HEIGHT="49" WC="0.96" CONTENT="departementet"/><SP WIDTH="40" VPOS="1420" HPOS="537"/>
							<String ID="string_215" HPOS="577" VPOS="1418" WIDTH="105" HEIGHT="36" WC="0.96" CONTENT="förut"/><SP WIDTH="32" VPOS="1418" HPOS="682"/>
							<String ID="string_216" HPOS="714" VPOS="1430" WIDTH="47" HEIGHT="23" WC="0.96" CONTENT="av"/><SP WIDTH="28" VPOS="1430" HPOS="761"/>
							<String ID="string_217" HPOS="789" VPOS="1416" WIDTH="79" HEIGHT="48" WC="0.96" CONTENT="mig"/><SP WIDTH="28" VPOS="1416" HPOS="868"/>
							<String ID="string_218" HPOS="896" VPOS="1415" WIDTH="199" HEIGHT="49" WC="0.96" CONTENT="återgivna"/><SP WIDTH="27" VPOS="1415" HPOS="1095"/>
							<String ID="string_219" HPOS="1122" VPOS="1412" WIDTH="180" HEIGHT="50" WC="0.96" CONTENT="yttrande"/><SP WIDTH="29" VPOS="1412" HPOS="1302"/>
							<String ID="string_220" HPOS="1331" VPOS="1412" WIDTH="56" HEIGHT="36" WC="0.96" CONTENT="till"/><SP WIDTH="28" VPOS="1412" HPOS="1387"/>
							<String ID="string_221" HPOS="1415" VPOS="1404" WIDTH="419" HEIGHT="58" WC="0.92" CONTENT="statsrådsprotokollet"/>
						</TextLine>
						<TextLine ID="line_24" HPOS="235" VPOS="1462" WIDTH="1601" HEIGHT="58">
							<String ID="string_222" HPOS="235" VPOS="1472" WIDTH="74" HEIGHT="36" WC="0.96" CONTENT="den"/><SP WIDTH="23" VPOS="1472" HPOS="309"/>
							<String ID="string_223" HPOS="332" VPOS="1474" WIDTH="45" HEIGHT="34" WC="0.96" CONTENT="12"/><SP WIDTH="26" VPOS="1474" HPOS="377"/>
							<String ID="string_224" HPOS="403" VPOS="1471" WIDTH="94" HEIGHT="49" WC="0.96" CONTENT="april"/><SP WIDTH="26" VPOS="1471" HPOS="497"/>
							<String ID="string_225" HPOS="523" VPOS="1472" WIDTH="96" HEIGHT="34" WC="0.96" CONTENT="1912"/><SP WIDTH="18" VPOS="1472" HPOS="619"/>
							<String ID="string_226" HPOS="637" VPOS="1470" WIDTH="168" HEIGHT="48" WC="0.96" CONTENT="framgår"/><SP WIDTH="15" VPOS="1470" HPOS="805"/>
							<String ID="string_227" HPOS="820" VPOS="1467" WIDTH="221" HEIGHT="46" WC="0.96" CONTENT="emellertid,"/><SP WIDTH="17" VPOS="1467" HPOS="1041"/>
							<String ID="string_228" HPOS="1058" VPOS="1470" WIDTH="56" HEIGHT="33" WC="0.96" CONTENT="att"/><SP WIDTH="15" VPOS="1470" HPOS="1114"/>
							<String ID="string_229" HPOS="1129" VPOS="1479" WIDTH="88" HEIGHT="23" WC="0.96" CONTENT="man"/><SP WIDTH="13" VPOS="1479" HPOS="1217"/>
							<String ID="string_230" HPOS="1230" VPOS="1464" WIDTH="116" HEIGHT="37" WC="0.96" CONTENT="redan"/><SP WIDTH="17" VPOS="1464" HPOS="1346"/>
							<String ID="string_231" HPOS="1363" VPOS="1464" WIDTH="85" HEIGHT="36" WC="0.96" CONTENT="från"/><SP WIDTH="15" VPOS="1464" HPOS="1448"/>
							<String ID="string_232" HPOS="1463" VPOS="1463" WIDTH="133" HEIGHT="48" WC="0.93" CONTENT="början"/><SP WIDTH="15" VPOS="1463" HPOS="1596"/>
							<String ID="string_233" HPOS="1611" VPOS="1462" WIDTH="138" HEIGHT="47" WC="0.90" CONTENT="åsyftat"/><SP WIDTH="29" VPOS="1462" HPOS="1749"/>
							<String ID="string_234" HPOS="1778" VPOS="1464" WIDTH="58" HEIGHT="32" WC="0.96" CONTENT="att"/>
						</TextLine>
						<TextLine ID="line_25" HPOS="234" VPOS="1512" WIDTH="1600" HEIGHT="61">
							<String ID="string_235" HPOS="234" VPOS="1523" WIDTH="164" HEIGHT="50" WC="0.93" CONTENT="uppföra"/><SP WIDTH="22" VPOS="1523" HPOS="398"/>
							<String ID="string_236" HPOS="420" VPOS="1522" WIDTH="309" HEIGHT="48" WC="0.90" CONTENT="befattningarna"/><SP WIDTH="24" VPOS="1522" HPOS="729"/>
							<String ID="string_237" HPOS="753" VPOS="1523" WIDTH="21" HEIGHT="33" WC="0.92" CONTENT="å"/><SP WIDTH="24" VPOS="1523" HPOS="774"/>
							<String ID="string_238" HPOS="798" VPOS="1520" WIDTH="187" HEIGHT="36" WC="0.96" CONTENT="ordinarie"/><SP WIDTH="15" VPOS="1520" HPOS="985"/>
							<String ID="string_239" HPOS="1000" VPOS="1523" WIDTH="86" HEIGHT="43" WC="0.96" CONTENT="stat,"/><SP WIDTH="17" VPOS="1523" HPOS="1086"/>
							<String ID="string_240" HPOS="1103" VPOS="1518" WIDTH="128" HEIGHT="36" WC="0.96" CONTENT="därest"/><SP WIDTH="16" VPOS="1518" HPOS="1231"/>
							<String ID="string_241" HPOS="1247" VPOS="1516" WIDTH="46" HEIGHT="36" WC="0.97" CONTENT="de"/><SP WIDTH="16" VPOS="1516" HPOS="1293"/>
							<String ID="string_242" HPOS="1309" VPOS="1516" WIDTH="129" HEIGHT="36" WC="0.96" CONTENT="visade"/><SP WIDTH="16" VPOS="1516" HPOS="1438"/>
							<String ID="string_243" HPOS="1454" VPOS="1515" WIDTH="60" HEIGHT="47" WC="0.96" CONTENT="sig"/><SP WIDTH="15" VPOS="1515" HPOS="1514"/>
							<String ID="string_244" HPOS="1529" VPOS="1514" WIDTH="93" HEIGHT="49" WC="0.96" CONTENT="fylla"/><SP WIDTH="15" VPOS="1514" HPOS="1622"/>
							<String ID="string_245" HPOS="1637" VPOS="1514" WIDTH="66" HEIGHT="36" WC="0.93" CONTENT="sitt"/><SP WIDTH="15" VPOS="1514" HPOS="1703"/>
							<String ID="string_246" HPOS="1718" VPOS="1512" WIDTH="116" HEIGHT="37" WC="0.91" CONTENT="ända-"/>
						</TextLine>
						<TextLine ID="line_26" HPOS="236" VPOS="1564" WIDTH="1598" HEIGHT="58">
							<String ID="string_247" HPOS="236" VPOS="1576" WIDTH="84" HEIGHT="36" WC="0.95" CONTENT="mål."/><SP WIDTH="31" VPOS="1576" HPOS="320"/>
							<String ID="string_248" HPOS="351" VPOS="1575" WIDTH="57" HEIGHT="36" WC="0.96" CONTENT="Då"/><SP WIDTH="21" VPOS="1575" HPOS="408"/>
							<String ID="string_249" HPOS="429" VPOS="1573" WIDTH="289" HEIGHT="49" WC="0.96" CONTENT="ifrågavarande"/><SP WIDTH="24" VPOS="1573" HPOS="718"/>
							<String ID="string_250" HPOS="742" VPOS="1577" WIDTH="60" HEIGHT="31" WC="0.96" CONTENT="art"/><SP WIDTH="16" VPOS="1577" HPOS="802"/>
							<String ID="string_251" HPOS="818" VPOS="1586" WIDTH="47" HEIGHT="22" WC="0.92" CONTENT="av"/><SP WIDTH="14" VPOS="1586" HPOS="865"/>
							<String ID="string_252" HPOS="879" VPOS="1568" WIDTH="486" HEIGHT="52" WC="0.90" CONTENT="inspektionsverksamhet"/><SP WIDTH="14" VPOS="1568" HPOS="1365"/>
							<String ID="string_253" HPOS="1379" VPOS="1581" WIDTH="48" HEIGHT="23" WC="0.96" CONTENT="nu"/><SP WIDTH="17" VPOS="1581" HPOS="1427"/>
							<String ID="string_254" HPOS="1444" VPOS="1566" WIDTH="121" HEIGHT="37" WC="0.96" CONTENT="under"/><SP WIDTH="15" VPOS="1566" HPOS="1565"/>
							<String ID="string_255" HPOS="1580" VPOS="1570" WIDTH="55" HEIGHT="32" WC="0.96" CONTENT="ett"/><SP WIDTH="15" VPOS="1570" HPOS="1635"/>
							<String ID="string_256" HPOS="1650" VPOS="1564" WIDTH="122" HEIGHT="38" WC="0.95" CONTENT="flertal"/><SP WIDTH="20" VPOS="1564" HPOS="1772"/>
							<String ID="string_257" HPOS="1792" VPOS="1567" WIDTH="42" HEIGHT="33" WC="0.96" CONTENT="år"/>
						</TextLine>
						<TextLine ID="line_27" HPOS="235" VPOS="1616" WIDTH="1599" HEIGHT="60">
							<String ID="string_258" HPOS="235" VPOS="1628" WIDTH="111" HEIGHT="36" WC="0.93" CONTENT="blivit"/><SP WIDTH="40" VPOS="1628" HPOS="346"/>
							<String ID="string_259" HPOS="386" VPOS="1626" WIDTH="145" HEIGHT="50" WC="0.93" CONTENT="prövad"/><SP WIDTH="41" VPOS="1626" HPOS="531"/>
							<String ID="string_260" HPOS="572" VPOS="1630" WIDTH="108" HEIGHT="41" WC="0.96" CONTENT="samt,"/><SP WIDTH="43" VPOS="1630" HPOS="680"/>
							<String ID="string_261" HPOS="723" VPOS="1624" WIDTH="122" HEIGHT="49" WC="0.95" CONTENT="enligt"/><SP WIDTH="42" VPOS="1624" HPOS="845"/>
							<String ID="string_262" HPOS="887" VPOS="1624" WIDTH="72" HEIGHT="36" WC="0.96" CONTENT="vad"/><SP WIDTH="33" VPOS="1624" HPOS="959"/>
							<String ID="string_263" HPOS="992" VPOS="1621" WIDTH="304" HEIGHT="49" WC="0.95" CONTENT="socialstyrelsen"/><SP WIDTH="30" VPOS="1621" HPOS="1296"/>
							<String ID="string_264" HPOS="1326" VPOS="1618" WIDTH="202" HEIGHT="47" WC="0.93" CONTENT="meddelat,"/><SP WIDTH="29" VPOS="1618" HPOS="1528"/>
							<String ID="string_265" HPOS="1557" VPOS="1616" WIDTH="277" HEIGHT="50" WC="0.91" CONTENT="underinspek-"/>
						</TextLine>
						<TextLine ID="line_28" HPOS="236" VPOS="1669" WIDTH="1599" HEIGHT="56">
							<String ID="string_266" HPOS="236" VPOS="1685" WIDTH="153" HEIGHT="31" WC="0.91" CONTENT="törerna"/><SP WIDTH="40" VPOS="1685" HPOS="389"/>
							<String ID="string_267" HPOS="429" VPOS="1678" WIDTH="97" HEIGHT="37" WC="0.96" CONTENT="visat"/><SP WIDTH="46" VPOS="1678" HPOS="526"/>
							<String ID="string_268" HPOS="572" VPOS="1678" WIDTH="61" HEIGHT="47" WC="0.95" CONTENT="sig"/><SP WIDTH="44" VPOS="1678" HPOS="633"/>
							<String ID="string_269" HPOS="677" VPOS="1677" WIDTH="62" HEIGHT="35" WC="0.96" CONTENT="väl"/><SP WIDTH="40" VPOS="1677" HPOS="739"/>
							<String ID="string_270" HPOS="779" VPOS="1677" WIDTH="128" HEIGHT="35" WC="0.96" CONTENT="kunna"/><SP WIDTH="48" VPOS="1677" HPOS="907"/>
							<String ID="string_271" HPOS="955" VPOS="1674" WIDTH="94" HEIGHT="50" WC="0.95" CONTENT="fylla"/><SP WIDTH="45" VPOS="1674" HPOS="1049"/>
							<String ID="string_272" HPOS="1094" VPOS="1674" WIDTH="46" HEIGHT="36" WC="0.96" CONTENT="de"/><SP WIDTH="44" VPOS="1674" HPOS="1140"/>
							<String ID="string_273" HPOS="1184" VPOS="1672" WIDTH="199" HEIGHT="50" WC="0.93" CONTENT="uppgifter"/><SP WIDTH="44" VPOS="1672" HPOS="1383"/>
							<String ID="string_274" HPOS="1427" VPOS="1671" WIDTH="57" HEIGHT="36" WC="0.95" CONTENT="till"/><SP WIDTH="44" VPOS="1671" HPOS="1484"/>
							<String ID="string_275" HPOS="1528" VPOS="1669" WIDTH="213" HEIGHT="49" WC="0.96" CONTENT="främjande"/><SP WIDTH="47" VPOS="1669" HPOS="1741"/>
							<String ID="string_276" HPOS="1788" VPOS="1681" WIDTH="47" HEIGHT="23" WC="0.94" CONTENT="av"/>
						</TextLine>
						<TextLine ID="line_29" HPOS="236" VPOS="1720" WIDTH="1598" HEIGHT="56">
							<String ID="string_277" HPOS="236" VPOS="1732" WIDTH="168" HEIGHT="36" WC="0.95" CONTENT="arbetets"/><SP WIDTH="46" VPOS="1732" HPOS="404"/>
							<String ID="string_278" HPOS="450" VPOS="1730" WIDTH="188" HEIGHT="46" WC="0.96" CONTENT="säkerhet,"/><SP WIDTH="47" VPOS="1730" HPOS="638"/>
							<String ID="string_279" HPOS="685" VPOS="1741" WIDTH="81" HEIGHT="24" WC="0.93" CONTENT="som"/><SP WIDTH="46" VPOS="1741" HPOS="766"/>
							<String ID="string_280" HPOS="812" VPOS="1727" WIDTH="125" HEIGHT="49" WC="0.89" CONTENT="ålegat"/><SP WIDTH="45" VPOS="1727" HPOS="937"/>
							<String ID="string_281" HPOS="982" VPOS="1726" WIDTH="97" HEIGHT="47" WC="0.96" CONTENT="dem,"/><SP WIDTH="47" VPOS="1726" HPOS="1079"/>
							<String ID="string_282" HPOS="1126" VPOS="1738" WIDTH="115" HEIGHT="36" WC="0.96" CONTENT="synas"/><SP WIDTH="46" VPOS="1738" HPOS="1241"/>
							<String ID="string_283" HPOS="1287" VPOS="1724" WIDTH="79" HEIGHT="48" WC="0.96" CONTENT="mig"/><SP WIDTH="35" VPOS="1724" HPOS="1366"/>
							<String ID="string_284" HPOS="1401" VPOS="1722" WIDTH="310" HEIGHT="48" WC="0.96" CONTENT="betänkligheter"/><SP WIDTH="40" VPOS="1722" HPOS="1711"/>
							<String ID="string_285" HPOS="1751" VPOS="1720" WIDTH="83" HEIGHT="36" WC="0.96" CONTENT="icke"/>
						</TextLine>
						<TextLine ID="line_30" HPOS="235" VPOS="1772" WIDTH="1599" HEIGHT="60">
							<String ID="string_286" HPOS="235" VPOS="1784" WIDTH="133" HEIGHT="48" WC="0.96" CONTENT="längre"/><SP WIDTH="41" VPOS="1784" HPOS="368"/>
							<String ID="string_287" HPOS="409" VPOS="1783" WIDTH="127" HEIGHT="35" WC="0.96" CONTENT="kunna"/><SP WIDTH="45" VPOS="1783" HPOS="536"/>
							<String ID="string_288" HPOS="581" VPOS="1781" WIDTH="152" HEIGHT="37" WC="0.96" CONTENT="anföras"/><SP WIDTH="45" VPOS="1781" HPOS="733"/>
							<String ID="string_289" HPOS="778" VPOS="1785" WIDTH="79" HEIGHT="31" WC="0.95" CONTENT="mot"/><SP WIDTH="44" VPOS="1785" HPOS="857"/>
							<String ID="string_290" HPOS="901" VPOS="1784" WIDTH="55" HEIGHT="31" WC="0.93" CONTENT="att"/><SP WIDTH="39" VPOS="1784" HPOS="956"/>
							<String ID="string_291" HPOS="995" VPOS="1778" WIDTH="310" HEIGHT="47" WC="0.91" CONTENT="befattningarna"/><SP WIDTH="40" VPOS="1778" HPOS="1305"/>
							<String ID="string_292" HPOS="1345" VPOS="1775" WIDTH="183" HEIGHT="49" WC="0.96" CONTENT="uppföras"/><SP WIDTH="42" VPOS="1775" HPOS="1528"/>
							<String ID="string_293" HPOS="1570" VPOS="1776" WIDTH="48" HEIGHT="46" WC="0.96" CONTENT="på"/><SP WIDTH="27" VPOS="1776" HPOS="1618"/>
							<String ID="string_294" HPOS="1645" VPOS="1772" WIDTH="189" HEIGHT="37" WC="0.95" CONTENT="ordinarie"/>
						</TextLine>
						<TextLine ID="line_31" HPOS="237" VPOS="1824" WIDTH="1599" HEIGHT="57">
							<String ID="string_295" HPOS="237" VPOS="1840" WIDTH="88" HEIGHT="32" WC="0.95" CONTENT="stat."/><SP WIDTH="55" VPOS="1840" HPOS="325"/>
							<String ID="string_296" HPOS="380" VPOS="1834" WIDTH="53" HEIGHT="37" WC="0.95" CONTENT="På"/><SP WIDTH="40" VPOS="1834" HPOS="433"/>
							<String ID="string_297" HPOS="473" VPOS="1833" WIDTH="126" HEIGHT="48" WC="0.96" CONTENT="grund"/><SP WIDTH="41" VPOS="1833" HPOS="599"/>
							<String ID="string_298" HPOS="640" VPOS="1833" WIDTH="118" HEIGHT="36" WC="0.96" CONTENT="härav"/><SP WIDTH="42" VPOS="1833" HPOS="758"/>
							<String ID="string_299" HPOS="800" VPOS="1831" WIDTH="71" HEIGHT="37" WC="0.96" CONTENT="och"/><SP WIDTH="28" VPOS="1831" HPOS="871"/>
							<String ID="string_300" HPOS="899" VPOS="1831" WIDTH="46" HEIGHT="36" WC="0.96" CONTENT="då"/><SP WIDTH="22" VPOS="1831" HPOS="945"/>
							<String ID="string_301" HPOS="967" VPOS="1831" WIDTH="70" HEIGHT="48" WC="0.96" CONTENT="jag"/><SP WIDTH="27" VPOS="1831" HPOS="1037"/>
							<String ID="string_302" HPOS="1064" VPOS="1830" WIDTH="13" HEIGHT="36" WC="0.96" CONTENT="i"/><SP WIDTH="31" VPOS="1830" HPOS="1077"/>
							<String ID="string_303" HPOS="1108" VPOS="1829" WIDTH="123" HEIGHT="36" WC="0.96" CONTENT="likhet"/><SP WIDTH="28" VPOS="1829" HPOS="1231"/>
							<String ID="string_304" HPOS="1259" VPOS="1827" WIDTH="86" HEIGHT="37" WC="0.96" CONTENT="med"/><SP WIDTH="29" VPOS="1827" HPOS="1345"/>
							<String ID="string_305" HPOS="1374" VPOS="1825" WIDTH="310" HEIGHT="50" WC="0.95" CONTENT="socialstyrelsen"/><SP WIDTH="28" VPOS="1825" HPOS="1684"/>
							<String ID="string_306" HPOS="1712" VPOS="1824" WIDTH="124" HEIGHT="36" WC="0.96" CONTENT="finner"/>
						</TextLine>
						<TextLine ID="line_32" HPOS="236" VPOS="1877" WIDTH="1599" HEIGHT="58">
							<String ID="string_307" HPOS="236" VPOS="1886" WIDTH="431" HEIGHT="49" WC="0.91" CONTENT="underinspektörernas"/><SP WIDTH="36" VPOS="1886" HPOS="667"/>
							<String ID="string_308" HPOS="703" VPOS="1883" WIDTH="233" HEIGHT="38" WC="0.96" CONTENT="omfattande"/><SP WIDTH="28" VPOS="1883" HPOS="936"/>
							<String ID="string_309" HPOS="964" VPOS="1881" WIDTH="244" HEIGHT="38" WC="0.96" CONTENT="verksamhet"/><SP WIDTH="27" VPOS="1881" HPOS="1208"/>
							<String ID="string_310" HPOS="1235" VPOS="1880" WIDTH="85" HEIGHT="36" WC="0.96" CONTENT="icke"/><SP WIDTH="28" VPOS="1880" HPOS="1320"/>
							<String ID="string_311" HPOS="1348" VPOS="1879" WIDTH="127" HEIGHT="36" WC="0.93" CONTENT="kunna"/><SP WIDTH="28" VPOS="1879" HPOS="1475"/>
							<String ID="string_312" HPOS="1503" VPOS="1877" WIDTH="177" HEIGHT="49" WC="0.92" CONTENT="medgiva"/><SP WIDTH="27" VPOS="1877" HPOS="1680"/>
							<String ID="string_313" HPOS="1707" VPOS="1879" WIDTH="128" HEIGHT="44" WC="0.96" CONTENT="någon"/>
						</TextLine>
						<TextLine ID="line_33" HPOS="236" VPOS="1927" WIDTH="1599" HEIGHT="59">
							<String ID="string_314" HPOS="236" VPOS="1938" WIDTH="280" HEIGHT="48" WC="0.95" CONTENT="inskränkning"/><SP WIDTH="27" VPOS="1938" HPOS="516"/>
							<String ID="string_315" HPOS="543" VPOS="1937" WIDTH="12" HEIGHT="36" WC="0.96" CONTENT="i"/><SP WIDTH="29" VPOS="1937" HPOS="555"/>
							<String ID="string_316" HPOS="584" VPOS="1937" WIDTH="110" HEIGHT="37" WC="0.96" CONTENT="deras"/><SP WIDTH="29" VPOS="1937" HPOS="694"/>
							<String ID="string_317" HPOS="723" VPOS="1936" WIDTH="114" HEIGHT="47" WC="0.96" CONTENT="antal,"/><SP WIDTH="29" VPOS="1936" HPOS="837"/>
							<String ID="string_318" HPOS="866" VPOS="1935" WIDTH="68" HEIGHT="37" WC="0.96" CONTENT="har"/><SP WIDTH="23" VPOS="1935" HPOS="934"/>
							<String ID="string_319" HPOS="957" VPOS="1934" WIDTH="71" HEIGHT="49" WC="0.96" CONTENT="jag"/><SP WIDTH="28" VPOS="1934" HPOS="1028"/>
							<String ID="string_320" HPOS="1056" VPOS="1938" WIDTH="124" HEIGHT="32" WC="0.95" CONTENT="ansett"/><SP WIDTH="24" VPOS="1938" HPOS="1180"/>
							<String ID="string_321" HPOS="1204" VPOS="1932" WIDTH="79" HEIGHT="49" WC="0.96" CONTENT="mig"/><SP WIDTH="18" VPOS="1932" HPOS="1283"/>
							<String ID="string_322" HPOS="1301" VPOS="1932" WIDTH="94" HEIGHT="36" WC="0.96" CONTENT="böra"/><SP WIDTH="18" VPOS="1932" HPOS="1395"/>
							<String ID="string_323" HPOS="1413" VPOS="1930" WIDTH="192" HEIGHT="49" WC="0.96" CONTENT="tillstyrka"/><SP WIDTH="19" VPOS="1930" HPOS="1605"/>
							<String ID="string_324" HPOS="1624" VPOS="1927" WIDTH="211" HEIGHT="50" WC="0.95" CONTENT="styrelsens"/>
						</TextLine>
						<TextLine ID="line_34" HPOS="237" VPOS="1989" WIDTH="437" HEIGHT="50">
							<String ID="string_325" HPOS="237" VPOS="1991" WIDTH="146" HEIGHT="48" WC="0.96" CONTENT="förslag"/><SP WIDTH="27" VPOS="1991" HPOS="383"/>
							<String ID="string_326" HPOS="410" VPOS="1990" WIDTH="11" HEIGHT="36" WC="0.96" CONTENT="1"/><SP WIDTH="30" VPOS="1990" HPOS="421"/>
							<String ID="string_327" HPOS="451" VPOS="1990" WIDTH="124" HEIGHT="36" WC="0.95" CONTENT="denna"/><SP WIDTH="29" VPOS="1990" HPOS="575"/>
							<String ID="string_328" HPOS="604" VPOS="1989" WIDTH="70" HEIGHT="36" WC="0.96" CONTENT="del."/>
						</TextLine>
					</TextBlock>
					<TextBlock ID="block_4" HPOS="238" VPOS="2031" WIDTH="1600" HEIGHT="322">
						<TextLine ID="line_35" HPOS="344" VPOS="2031" WIDTH="1493" HEIGHT="60">
							<String ID="string_329" HPOS="344" VPOS="2041" WIDTH="319" HEIGHT="50" WC="0.96" CONTENT="Socialstyrelsen"/><SP WIDTH="40" VPOS="2041" HPOS="663"/>
							<String ID="string_330" HPOS="703" VPOS="2040" WIDTH="70" HEIGHT="36" WC="0.96" CONTENT="har"/><SP WIDTH="22" VPOS="2040" HPOS="773"/>
							<String ID="string_331" HPOS="795" VPOS="2038" WIDTH="144" HEIGHT="50" WC="0.93" CONTENT="jämväl"/><SP WIDTH="36" VPOS="2038" HPOS="939"/>
							<String ID="string_332" HPOS="975" VPOS="2036" WIDTH="203" HEIGHT="47" WC="0.89" CONTENT="hemställt,"/><SP WIDTH="29" VPOS="2036" HPOS="1178"/>
							<String ID="string_333" HPOS="1207" VPOS="2040" WIDTH="56" HEIGHT="32" WC="0.96" CONTENT="att"/><SP WIDTH="37" VPOS="2040" HPOS="1263"/>
							<String ID="string_334" HPOS="1300" VPOS="2035" WIDTH="2" HEIGHT="36" WC="0.95" CONTENT="i"/><SP WIDTH="31" VPOS="2035" HPOS="1302"/>
							<String ID="string_335" HPOS="1333" VPOS="2034" WIDTH="184" HEIGHT="37" WC="0.96" CONTENT="samband"/><SP WIDTH="27" VPOS="2034" HPOS="1517"/>
							<String ID="string_336" HPOS="1544" VPOS="2032" WIDTH="85" HEIGHT="38" WC="0.93" CONTENT="med"/><SP WIDTH="28" VPOS="2032" HPOS="1629"/>
							<String ID="string_337" HPOS="1657" VPOS="2031" WIDTH="180" HEIGHT="37" WC="0.92" CONTENT="underin-"/>
						</TextLine>
						<TextLine ID="line_36" HPOS="239" VPOS="2084" WIDTH="1597" HEIGHT="59">
							<String ID="string_338" HPOS="239" VPOS="2095" WIDTH="268" HEIGHT="48" WC="0.75" CONTENT="spektörernas"/><SP WIDTH="41" VPOS="2095" HPOS="507"/>
							<String ID="string_339" HPOS="548" VPOS="2091" WIDTH="236" HEIGHT="51" WC="0.93" CONTENT="uppförande"/><SP WIDTH="42" VPOS="2091" HPOS="784"/>
							<String ID="string_340" HPOS="826" VPOS="2094" WIDTH="20" HEIGHT="33" WC="0.87" CONTENT="å"/><SP WIDTH="33" VPOS="2094" HPOS="846"/>
							<String ID="string_341" HPOS="879" VPOS="2090" WIDTH="186" HEIGHT="37" WC="0.96" CONTENT="ordinarie"/><SP WIDTH="28" VPOS="2090" HPOS="1065"/>
							<String ID="string_342" HPOS="1093" VPOS="2093" WIDTH="75" HEIGHT="32" WC="0.96" CONTENT="stat"/><SP WIDTH="28" VPOS="2093" HPOS="1168"/>
							<String ID="string_343" HPOS="1196" VPOS="2088" WIDTH="109" HEIGHT="36" WC="0.93" CONTENT="deras"/><SP WIDTH="30" VPOS="2088" HPOS="1305"/>
							<String ID="string_344" HPOS="1335" VPOS="2084" WIDTH="355" HEIGHT="39" WC="0.90" CONTENT="löneförhållanden"/><SP WIDTH="28" VPOS="2084" HPOS="1690"/>
							<String ID="string_345" HPOS="1718" VPOS="2085" WIDTH="118" HEIGHT="35" WC="0.94" CONTENT="måtte"/>
						</TextLine>
						<TextLine ID="line_37" HPOS="238" VPOS="2134" WIDTH="1600" HEIGHT="58">
							<String ID="string_346" HPOS="238" VPOS="2146" WIDTH="218" HEIGHT="37" WC="0.95" CONTENT="förbättras."/><SP WIDTH="55" VPOS="2146" HPOS="456"/>
							<String ID="string_347" HPOS="511" VPOS="2145" WIDTH="143" HEIGHT="36" WC="0.95" CONTENT="Därvid"/><SP WIDTH="43" VPOS="2145" HPOS="654"/>
							<String ID="string_348" HPOS="697" VPOS="2144" WIDTH="68" HEIGHT="36" WC="0.96" CONTENT="har"/><SP WIDTH="41" VPOS="2144" HPOS="765"/>
							<String ID="string_349" HPOS="806" VPOS="2142" WIDTH="190" HEIGHT="50" WC="0.96" CONTENT="styrelsen"/><SP WIDTH="41" VPOS="2142" HPOS="996"/>
							<String ID="string_350" HPOS="1037" VPOS="2140" WIDTH="201" HEIGHT="47" WC="0.95" CONTENT="föreslagit"/><SP WIDTH="37" VPOS="2140" HPOS="1238"/>
							<String ID="string_351" HPOS="1275" VPOS="2152" WIDTH="47" HEIGHT="24" WC="0.96" CONTENT="en"/><SP WIDTH="30" VPOS="2152" HPOS="1322"/>
							<String ID="string_352" HPOS="1352" VPOS="2138" WIDTH="163" HEIGHT="49" WC="0.96" CONTENT="höjning"/><SP WIDTH="27" VPOS="2138" HPOS="1515"/>
							<String ID="string_353" HPOS="1542" VPOS="2150" WIDTH="48" HEIGHT="24" WC="0.96" CONTENT="av"/><SP WIDTH="27" VPOS="2150" HPOS="1590"/>
							<String ID="string_354" HPOS="1617" VPOS="2134" WIDTH="221" HEIGHT="39" WC="0.95" CONTENT="nuvarande"/>
						</TextLine>
						<TextLine ID="line_38" HPOS="238" VPOS="2188" WIDTH="1600" HEIGHT="55">
							<String ID="string_355" HPOS="238" VPOS="2199" WIDTH="116" HEIGHT="36" WC="0.96" CONTENT="lönen"/><SP WIDTH="41" VPOS="2199" HPOS="354"/>
							<String ID="string_356" HPOS="395" VPOS="2198" WIDTH="86" HEIGHT="36" WC="0.96" CONTENT="med"/><SP WIDTH="43" VPOS="2198" HPOS="481"/>
							<String ID="string_357" HPOS="524" VPOS="2198" WIDTH="73" HEIGHT="35" WC="0.93" CONTENT="300"/><SP WIDTH="30" VPOS="2198" HPOS="597"/>
							<String ID="string_358" HPOS="627" VPOS="2197" WIDTH="151" HEIGHT="46" WC="0.96" CONTENT="kronor,"/><SP WIDTH="29" VPOS="2197" HPOS="778"/>
							<String ID="string_359" HPOS="807" VPOS="2194" WIDTH="221" HEIGHT="49" WC="0.93" CONTENT="varigenom"/><SP WIDTH="27" VPOS="2194" HPOS="1028"/>
							<String ID="string_360" HPOS="1055" VPOS="2190" WIDTH="474" HEIGHT="51" WC="0.91" CONTENT="begynnelseavlöningen"/><SP WIDTH="32" VPOS="2190" HPOS="1529"/>
							<String ID="string_361" HPOS="1561" VPOS="2188" WIDTH="121" HEIGHT="38" WC="0.96" CONTENT="skulle"/><SP WIDTH="28" VPOS="2188" HPOS="1682"/>
							<String ID="string_362" HPOS="1710" VPOS="2189" WIDTH="128" HEIGHT="47" WC="0.96" CONTENT="uppgå"/>
						</TextLine>
						<TextLine ID="line_39" HPOS="239" VPOS="2240" WIDTH="1599" HEIGHT="56">
							<String ID="string_363" HPOS="239" VPOS="2251" WIDTH="57" HEIGHT="36" WC="0.93" CONTENT="till"/><SP WIDTH="30" VPOS="2251" HPOS="296"/>
							<String ID="string_364" HPOS="326" VPOS="2251" WIDTH="112" HEIGHT="45" WC="0.92" CONTENT="2,500"/><SP WIDTH="30" VPOS="2251" HPOS="438"/>
							<String ID="string_365" HPOS="468" VPOS="2250" WIDTH="150" HEIGHT="46" WC="0.96" CONTENT="kronor,"/><SP WIDTH="29" VPOS="2250" HPOS="618"/>
							<String ID="string_366" HPOS="647" VPOS="2261" WIDTH="116" HEIGHT="24" WC="0.93" CONTENT="varav"/><SP WIDTH="30" VPOS="2261" HPOS="763"/>
							<String ID="string_367" HPOS="793" VPOS="2248" WIDTH="111" HEIGHT="46" WC="0.90" CONTENT="1,800"/><SP WIDTH="29" VPOS="2248" HPOS="904"/>
							<String ID="string_368" HPOS="933" VPOS="2246" WIDTH="142" HEIGHT="36" WC="0.96" CONTENT="kronor"/><SP WIDTH="28" VPOS="2246" HPOS="1075"/>
							<String ID="string_369" HPOS="1103" VPOS="2245" WIDTH="65" HEIGHT="36" WC="0.96" CONTENT="lön"/><SP WIDTH="21" VPOS="2245" HPOS="1168"/>
							<String ID="string_370" HPOS="1189" VPOS="2243" WIDTH="71" HEIGHT="37" WC="0.96" CONTENT="och"/><SP WIDTH="21" VPOS="2243" HPOS="1260"/>
							<String ID="string_371" HPOS="1281" VPOS="2244" WIDTH="73" HEIGHT="35" WC="0.95" CONTENT="700"/><SP WIDTH="21" VPOS="2244" HPOS="1354"/>
							<String ID="string_372" HPOS="1375" VPOS="2242" WIDTH="142" HEIGHT="36" WC="0.93" CONTENT="kronor"/><SP WIDTH="19" VPOS="2242" HPOS="1517"/>
							<String ID="string_373" HPOS="1536" VPOS="2240" WIDTH="302" HEIGHT="50" WC="0.91" CONTENT="tjänstgörings-"/>
						</TextLine>
						<TextLine ID="line_40" HPOS="239" VPOS="2294" WIDTH="1599" HEIGHT="59">
							<String ID="string_374" HPOS="239" VPOS="2303" WIDTH="224" HEIGHT="50" WC="0.93" CONTENT="penningar."/><SP WIDTH="56" VPOS="2303" HPOS="463"/>
							<String ID="string_375" HPOS="519" VPOS="2300" WIDTH="137" HEIGHT="37" WC="0.93" CONTENT="Därtill"/><SP WIDTH="41" VPOS="2300" HPOS="656"/>
							<String ID="string_376" HPOS="697" VPOS="2298" WIDTH="120" HEIGHT="38" WC="0.95" CONTENT="skulle"/><SP WIDTH="40" VPOS="2298" HPOS="817"/>
							<String ID="string_377" HPOS="857" VPOS="2299" WIDTH="150" HEIGHT="36" WC="0.96" CONTENT="komma"/><SP WIDTH="27" VPOS="2299" HPOS="1007"/>
							<String ID="string_378" HPOS="1034" VPOS="2302" WIDTH="57" HEIGHT="32" WC="0.93" CONTENT="tre"/><SP WIDTH="29" VPOS="2302" HPOS="1091"/>
							<String ID="string_379" HPOS="1120" VPOS="2295" WIDTH="265" HEIGHT="49" WC="0.91" CONTENT="ålderstillägg"/><SP WIDTH="27" VPOS="2295" HPOS="1385"/>
							<String ID="string_380" HPOS="1412" VPOS="2297" WIDTH="21" HEIGHT="33" WC="0.89" CONTENT="å"/><SP WIDTH="28" VPOS="2297" HPOS="1433"/>
							<String ID="string_381" HPOS="1461" VPOS="2294" WIDTH="74" HEIGHT="37" WC="0.96" CONTENT="300"/><SP WIDTH="30" VPOS="2294" HPOS="1535"/>
							<String ID="string_382" HPOS="1565" VPOS="2294" WIDTH="144" HEIGHT="35" WC="0.93" CONTENT="kronor"/><SP WIDTH="27" VPOS="2294" HPOS="1709"/>
							<String ID="string_383" HPOS="1736" VPOS="2295" WIDTH="102" HEIGHT="33" WC="0.92" CONTENT="vart-"/>
						</TextLine>
					</TextBlock>
				</ComposedBlock>
			</PrintSpace>
		</Page>
	</Layout>
</alto>
