1890 2846
76 2464 137 23 Utskottets

78 2499 129 29 yttrande.

247 178 18 24 8
721 175 232 29 Statsutskottets
975 174 149 28 utlåtande
1145 174 48 27 Nr
1215 175 50 27 26.

249 250 150 42 aktligen
433 252 113 39 uppgå
579 250 54 31 till
666 250 134 37 464,435
833 250 127 31 kronor
993 250 38 30 27
1057 251 66 36 öre,
1147 249 165 31 beräknat
1334 250 44 40 på
1401 258 83 31 nyss
1508 247 138 42 angivet
1670 248 80 34 sätt,

248 301 81 31 eller
362 302 103 39 något
499 300 132 31 mindre
662 302 42 29 än
734 300 129 31 hälften
887 311 40 20 av
950 302 131 29 statens
1104 299 78 31 hela
1204 299 147 31 fordran.

301 352 67 30 Till
403 351 156 31 säkerhet
592 351 53 31 för
679 351 56 31 det
768 362 66 30 nya
860 351 93 31 lånet
976 352 18 29 å
1017 350 136 38 500,000
1176 350 126 31 kronor
1325 349 110 32 skulle
1459 349 106 41 enligt
1587 349 165 40 förslaget

248 403 131 30 lämnas
414 401 73 31 dels
520 401 237 40 inteckningar
790 401 10 31 i
834 401 155 41 bolagets
1021 401 179 41 järnvägar
1233 400 77 31 med
1340 400 222 31 förmånsrätt
1589 399 85 31 efter
1696 400 57 29 två

248 452 235 40 inteckningar
506 454 18 28 å
547 452 146 40 tillhopa
718 452 132 36 100,000
872 452 135 36 kronor,
1031 451 90 31 vilka
1144 451 137 41 bolaget
1304 450 110 31 skulle
1437 450 33 31 få
1493 450 186 40 disponera
1700 449 53 31 för

248 504 49 30 att
331 502 140 32 därmed
502 502 128 31 erhålla
664 502 177 41 möjlighet
874 502 53 30 till
960 502 191 41 upplåning
1180 513 40 19 av
1244 500 216 41 erforderligt
1482 499 269 42 rörelsekapital,

249 553 73 32 dels
346 553 64 31 ock
432 553 127 41 borgen
583 564 40 19 av
647 552 236 32 beskaffenhet
906 554 50 29 att
978 552 116 31 kunna
1116 551 199 42 godkännas
1339 562 39 20 av
1401 550 213 41 fullmäktige
1637 550 12 31 i
1672 550 81 31 riks-

249 603 267 42 gäldskontoret.
551 603 119 41 Enligt
692 603 118 41 gjorda
832 602 191 42 åtaganden
1048 602 110 31 skulle
1181 602 130 41 borgen
1334 602 136 31 komma
1493 603 49 29 att
1564 601 133 31 lämnas
1714 611 40 20 av

249 654 160 31 städerna
425 653 220 42 Norrköping
662 654 63 30 och
743 653 248 41 Söderköping,
1004 653 278 32 Valdemarsviks
1298 652 128 41 köping
1443 654 88 29 samt
1546 651 207 42 Ringarums

250 705 173 37 kommun,
448 716 39 19 av
511 715 102 20 envar
635 704 161 31 kommun
820 704 12 30 i
847 704 213 31 förhållande
1077 704 53 30 till
1147 703 79 31 dess
1243 703 146 31 innehav
1405 714 40 19 av
1461 702 108 31 aktier
1581 702 11 31 i
1605 702 147 41 bolaget.

302 755 68 31 För
394 766 84 30 egen
503 755 55 31 del
581 755 62 30 har
667 754 339 41 departementschefen
1029 754 112 31 anfört
1164 753 106 32 bland
1293 755 104 29 annat
1419 752 164 42 följande:

303 814 154 31 Givetvis
481 814 65 31 kan
569 814 11 30 i
605 814 64 31 och
692 814 52 31 för
767 814 51 40 sig
840 813 225 41 ifrågasättas,
1090 813 169 31 huruvida
1281 813 11 30 i
1308 812 108 31 första
1432 811 92 31 hand
1540 813 121 36 staten,
1680 822 73 20 som

250 857 143 30 innehar
417 856 157 32 säkerhet
597 856 78 31 med
699 856 97 31 bästa
818 856 220 31 förmånsrätt
1061 856 10 29 i
1096 855 41 31 de
1160 855 89 31 båda
1263 855 231 40 järnvägarna,
1512 854 63 31 bör
1590 854 92 31 bistå
1698 852 56 42 vid

250 899 185 41 företagets
468 898 259 41 konsolidering
759 909 122 29 genom
916 900 50 28 att
998 897 182 31 nedskriva
1208 897 53 31 sin
1284 897 138 30 fordran
1446 896 63 31 hos
1532 896 147 40 bolaget.
1725 895 30 31 A

251 941 104 31 andra
380 941 96 31 sidan
500 941 62 31 bör
586 940 191 31 emellertid
799 940 73 31 icke
895 939 133 31 frånses
1052 941 58 35 att,
1128 939 115 31 därest
1267 941 110 29 staten
1401 939 29 40 ej
1448 950 46 19 nu
1511 939 90 30 visar
1616 938 139 40 bolaget

250 983 306 41 tillmötesgående,
580 983 139 40 bolaget
743 982 28 40 ej
795 982 99 41 länge
918 982 96 31 torde
1039 981 114 31 kunna
1176 983 60 39 äga
1259 981 146 31 bestånd
1422 992 73 20 som
1513 980 241 41 självständigt

250 1026 139 40 företag,
413 1026 12 30 1
458 1025 84 40 följd
569 1036 101 20 varav
698 1026 111 29 staten
842 1025 11 30 i
877 1024 60 31 allt
959 1024 59 30 fall
1041 1024 88 30 lärer
1152 1025 94 30 snart
1269 1034 68 30 nog
1359 1023 33 30 få
1414 1025 78 38 taga
1515 1022 164 41 ställning
1702 1022 52 30 till

251 1068 115 41 frågan
401 1079 55 19 om
487 1068 156 40 bolagets
672 1066 322 31 skuldförhållande.
1042 1065 119 32 Under
1185 1065 125 32 sådana
1335 1064 294 42 omständigheter
1652 1075 103 30 synes

253 1110 57 31 det
332 1121 79 19 vara
433 1110 137 40 befogat
594 1111 50 29 att
668 1109 51 30 till
743 1108 216 31 undvikande
983 1119 40 20 av
1045 1108 52 31 för
1114 1110 111 29 staten
1243 1110 42 28 än
1302 1107 182 41 olägligare
1501 1106 255 32 konsekvenser

252 1152 104 31 redan
391 1163 46 19 nu
472 1151 155 41 medgiva
659 1151 136 41 bolaget
824 1151 66 31 den
913 1150 151 42 lindring
1086 1150 11 31 i
1121 1149 438 42 betalningsskyldigheten
1583 1149 52 31 för
1659 1151 97 28 stats-

253 1195 110 36 lånen,
389 1205 73 20 som
486 1196 54 28 må
562 1194 179 41 påfordras
764 1193 52 30 för
838 1193 156 40 bolagets
1017 1193 159 31 fortsatta
1199 1192 154 31 bestånd.
1378 1192 81 30 Med
1483 1192 134 40 hänsyn
1640 1190 117 31 härtill

254 1237 63 30 och
341 1237 43 30 då
407 1236 66 31 den
497 1236 193 40 föreslagna
714 1235 315 41 skuldregleringen
1051 1237 38 29 så
1104 1235 53 31 till
1174 1234 77 31 vida
1266 1234 144 31 innebär
1426 1234 92 31 vissa
1541 1233 149 31 fördelar
1705 1233 53 30 för

255 1281 121 35 staten,
412 1289 73 20 som
520 1278 66 31 den
610 1280 44 39 på
678 1277 109 41 grund
810 1289 39 19 av
873 1277 42 31 de
938 1277 149 31 avsedda
1110 1276 305 32 bestämmelserna
1438 1287 55 20 om
1516 1275 240 31 lånesäkerhet

254 1321 97 31 torde
386 1321 115 30 kunna
533 1321 175 30 betraktas
743 1331 72 20 som
850 1320 177 40 slutgiltig,
1059 1320 61 30 har
1141 1320 56 40 jag
1219 1321 114 29 ansett
1356 1319 69 41 mig
1447 1318 116 31 kunna
1585 1317 172 42 tillstyrka

254 1363 251 41 framställning
528 1363 52 30 till
603 1362 182 40 riksdagen
810 1373 54 20 om
889 1362 216 31 densammas
1128 1360 276 42 genomförande.

306 1405 18 31 I
358 1405 145 31 berörda
535 1405 129 40 förslag
697 1407 175 38 upptagna
894 1404 122 31 villkor
1039 1404 64 31 och
1127 1404 258 31 bestämmelser
1409 1403 10 30 i
1444 1402 109 41 övrigt
1575 1402 87 31 hava
1684 1401 74 31 icke

255 1448 83 41 givit
360 1448 70 40 mig
453 1447 185 40 anledning
661 1447 53 30 till
731 1447 144 30 erinran.
910 1446 40 41 Ej
977 1446 106 31 heller
1106 1446 62 31 har
1188 1446 56 41 jag
1259 1445 90 31 velat
1373 1447 162 29 motsätta
1558 1444 70 41 mig
1644 1444 58 31 det
1718 1455 40 19 av

256 1489 308 41 stadsfullmäktige
588 1490 11 30 i
623 1489 219 41 Norrköping
864 1489 197 40 ifrågasatta
1084 1488 163 41 tillägget,
1272 1490 49 28 att
1345 1487 65 31 den
1435 1487 107 41 enligt
1564 1486 154 42 punkten
1740 1487 19 29 5

256 1533 10 29 i
302 1532 163 41 förslaget
499 1534 111 28 staten
645 1531 213 31 förbehållna
885 1531 308 40 inlösningsrätten
1231 1530 110 31 skulle
1379 1530 157 41 upphöra
1574 1531 50 29 att
1661 1529 97 40 gälla,

258 1576 36 29 så
318 1577 95 28 snart
446 1574 137 40 bolaget
615 1573 52 31 till
700 1574 83 30 fullo
817 1573 111 41 guldit
962 1573 53 31 sin
1050 1573 100 31 skuld
1185 1573 52 30 till
1272 1574 122 35 staten,
1425 1575 87 28 samt
1545 1573 50 29 att
1621 1571 139 40 bolaget

259 1617 109 30 skulle
392 1619 62 38 äga
476 1618 67 29 rätt
566 1618 58 34 att,
643 1618 61 28 när
720 1616 57 30 det
793 1617 37 29 så
847 1615 160 38 önskade,
1025 1615 151 31 inbetala
1193 1615 154 31 skulden.
1380 1614 98 31 Dock
1494 1613 98 32 torde
1609 1613 149 41 angivas,

257 1661 49 28 att
341 1661 111 29 staten
486 1658 73 31 icke
593 1669 123 30 genom
751 1658 93 30 detta
878 1657 118 42 tillägg
1029 1659 113 30 avstår
1168 1657 73 31 från
1265 1657 66 31 den
1354 1656 273 41 inlösningsrätt,
1652 1655 109 32 som
1741 1651 24 52 i

258 1701 289 31 koncessionerna
570 1700 216 31 förbehållits
810 1702 122 29 staten.

311 1743 363 41 Utredningsmännen
698 1742 82 31 hava
805 1742 176 41 föreslagit
1003 1744 58 36 att,
1085 1742 115 31 därest
1220 1741 222 31 förenämnda
1457 1741 202 31 kommuner
1674 1739 87 31 teck-

259 1785 88 31 nade
371 1786 128 41 borgen
523 1786 52 30 för
597 1785 78 31 hela
699 1785 57 31 det
778 1796 66 30 nya
868 1784 187 38 statslånet,
1075 1784 128 31 ombud
1219 1784 52 31 för
1287 1786 112 29 staten
1415 1783 12 31 i
1442 1783 157 41 bolagets
1616 1782 144 41 styrelse

261 1830 87 29 samt
371 1828 57 31 vid
451 1827 196 32 revisionen
670 1838 39 20 av
733 1827 80 31 dess
836 1827 207 40 förvaltning
1066 1827 64 30 och
1157 1826 231 41 räkenskaper
1414 1825 73 31 icke
1510 1825 116 31 vidare
1650 1824 111 31 skulle

260 1872 104 29 utses.
390 1870 104 31 Detta
516 1870 137 40 förslag,
678 1872 71 29 mot
772 1869 104 31 vilket
900 1869 106 41 enligt
1028 1869 63 30 vad
1115 1869 56 40 jag
1193 1868 161 32 förvissat
1377 1868 69 40 mig
1469 1878 55 20 om
1547 1866 214 41 fullmäktige

259 1912 11 31 i
292 1913 332 39 riksgäldskontoret
647 1912 73 31 icke
744 1922 81 20 anse
849 1911 52 41 sig
923 1911 84 31 böra
1028 1911 188 31 framställa
1238 1911 145 36 erinran,
1407 1909 143 32 innebär
1574 1911 48 29 ett
1645 1911 118 38 avsteg

259 1955 73 30 från
356 1955 42 30 de
422 1955 130 37 villkor,
579 1965 73 20 som
677 1954 205 31 härutinnan
906 1953 125 32 hittills
1054 1953 84 41 gällt
1160 1953 53 31 för
1237 1953 155 40 bolagets
1417 1951 154 38 statslån,
1596 1951 64 31 och
1683 1951 79 41 jäm-

259 1997 53 30 väl
346 1997 74 30 från
454 2008 46 19 nu
527 1997 157 41 gällande
708 1996 170 31 allmänna
900 1996 122 31 villkor
1045 1996 64 30 och
1137 1995 259 31 bestämmelser
1423 1994 52 31 för
1497 1993 202 41 åtnjutande
1723 2004 39 20 av

259 2039 56 30 lån
338 2039 74 31 från
436 2039 169 31 allmänna
623 2038 379 42 järnvägslånefonden.
1034 2038 51 30 Då
1111 2037 190 31 emellertid
1323 2039 45 39 på
1391 2036 110 42 grund
1518 2047 39 20 av
1573 2036 189 31 lånesäker-

260 2081 122 31 hetens
410 2081 237 31 beskaffenhet
671 2083 130 29 statens
824 2081 172 30 intressen
1023 2080 73 31 icke
1120 2090 103 30 synas
1247 2079 276 41 oundgängligen
1547 2078 102 31 kräva
1671 2078 92 31 bibe-

261 2123 158 31 hållande
452 2135 38 19 av
514 2135 46 19 nu
583 2123 149 31 nämnda
755 2123 127 41 tillsyn,
907 2122 112 31 vilken
1044 2124 36 29 är
1102 2122 142 31 förenad
1267 2122 78 31 med
1367 2122 71 30 viss
1462 2120 147 32 kostnad
1632 2120 53 31 för
1707 2120 56 31 bo-

260 2166 99 41 laget,
384 2166 61 30 har
467 2166 55 41 jag
545 2166 109 31 ehuru
681 2166 72 30 icke
777 2168 80 28 utan
882 2165 121 31 tvekan
1027 2167 114 28 ansett
1164 2164 68 41 mig
1255 2164 115 31 kunna
1392 2163 135 32 biträda
1549 2162 214 41 utrednings-

261 2210 166 30 männens
452 2208 137 40 mening
612 2210 84 28 även
720 2207 11 31 i
754 2207 111 31 denna
889 2207 64 31 del.

312 2251 69 31 Vid
411 2250 95 32 bifall
529 2251 53 30 till
605 2250 65 31 vad
693 2250 60 31 här
776 2249 194 41 föreslagits
993 2249 88 31 lärer
1107 2248 58 32 det
1188 2250 32 30 få
1247 2249 181 30 ankomma
1450 2250 43 39 på
1516 2247 126 41 Kungl.
1666 2246 98 41 Maj:t

262 2294 48 29 att
339 2293 5 30 i
368 2292 228 41 huvudsaklig
623 2292 342 31 överensstämmelse
988 2291 77 31 med
1089 2291 95 31 detta
1206 2291 128 41 förslag
1357 2290 120 41 stadga
1501 2289 121 32 villkor
1645 2289 52 31 för
1720 2290 43 29 åt-

261 2334 165 41 njutande
461 2346 39 20 av
533 2335 58 30 det
618 2346 68 29 nya
714 2335 92 30 lånet
836 2336 160 29 ävensom
1023 2333 157 32 meddela
1202 2333 260 32 bestämmelser
1483 2332 147 31 rörande
1652 2331 111 31 lånets

262 2377 219 31 förräntande
505 2377 63 31 och
592 2376 250 41 återbetalning
865 2388 42 20 m.
932 2388 42 20 m.

314 2453 121 32 Under
468 2453 207 41 hänvisning
708 2453 52 31 till
788 2452 65 32 den
882 2452 10 31 i
916 2452 141 31 ärendet
1079 2451 157 32 lämnade
1260 2451 238 41 utredningen,
1522 2450 50 31 får
1595 2449 170 32 utskottet

261 2504 171 41 tillstyrka
455 2504 125 41 Kungl.
605 2503 117 41 Maj:ts
745 2502 221 32 förevarande
989 2503 136 41 förslag.
