1878 2780
265 122 39 30 28
571 123 387 31 Jordbruksutskottets
983 125 179 29 utlåtande
1186 135 42 19 nr
1251 126 39 29 31
1315 126 39 29 år
1379 126 81 29 1957

265 205 66 28 och
350 205 177 30 Mellansel
546 206 89 29 skall
652 206 71 29 helt
741 206 249 30 koncentreras
1008 207 55 29 till
1079 208 119 29 verket
1216 208 11 29 i
1246 208 156 30 Laholm.
1423 209 118 32 Stödet
1560 209 63 30 har
1643 210 123 30 därvid

263 255 204 38 begränsats
494 256 50 29 till
569 257 41 29 de
632 256 213 30 kvantiteter
867 257 151 34 linfiber,
1043 258 56 29 för
1120 258 94 29 vilka
1240 258 220 30 sistnämnda
1483 260 85 29 verk
1593 262 90 28 samt
1708 261 57 30 det

261 313 147 22 numera
432 307 78 28 med
539 306 271 30 laholmsverket
837 308 282 39 sammanslagna
1143 309 120 29 verket
1288 309 11 28 i
1324 309 110 39 Växjö
1460 310 147 39 tidigare
1632 313 130 28 avselts

262 355 100 29 skola
381 356 131 29 erhålla
531 357 204 40 pristillägg,
757 358 84 29 eller
861 358 50 29 till
932 359 235 39 sammanlagt
1189 359 97 30 1325
1304 361 71 28 ton.
1397 359 77 29 Med
1496 361 266 39 utgångspunkt

260 405 160 30 härifrån
442 408 91 27 samt
556 407 80 29 från
658 409 48 27 ett
728 408 10 28 i
763 408 220 30 förhållande
1006 409 53 28 till
1083 409 236 30 innevarande
1343 410 231 39 regleringsår
1597 411 163 30 oföränd-

259 458 55 26 rat
335 456 193 39 pristillägg
549 466 43 20 av
615 458 39 29 75
677 458 58 29 öre
757 459 56 28 för
835 458 171 39 kilogram
1028 459 64 30 har
1112 459 381 39 bidragskostnaderna
1516 461 54 29 för
1593 461 168 39 spånads-

260 505 51 29 lin
331 506 109 30 under
461 508 102 28 nästa
583 508 231 39 regleringsår
833 508 187 30 beräknats
1042 509 54 29 till
1116 509 61 30 993
1192 510 62 30 800
1276 510 139 29 kronor.

303 557 374 31 Jordbruksnämnden
696 559 65 29 har
778 560 10 29 i
807 560 54 30 sin
879 570 46 20 nu
943 561 267 40 ifrågavarande
1229 563 167 30 skrivelse
1414 565 162 39 påpekat,
1595 568 51 28 att
1662 575 102 30 nNyss-

257 606 156 30 nämnda
439 608 132 39 förslag
596 608 145 30 innebär
769 618 43 20 en
840 610 175 41 sänkning
1040 612 80 29 med
1146 613 139 30 225000
1312 613 129 29 kronor
1467 623 43 20 av
1536 615 56 29 det
1620 616 74 29 stöd
1723 616 34 30 ål

259 657 380 40 spånadslinodlingen,
664 660 144 29 varmed
833 661 176 29 nämnden
1033 661 156 31 räknade
1215 663 10 28 i
1250 663 78 30 sina
1353 664 124 29 hösten
1505 665 81 30 1956
1613 666 148 39 avgivna

257 707 334 38 anslagsäskanden,
616 709 49 29 Bl.
689 718 29 20 a.
745 711 79 29 med
849 710 136 40 hänsyn
1010 711 119 30 härtill
1153 713 64 29 har
1241 713 373 39 jordbruksnämnden
1639 716 119 29 funnit

257 756 52 39 sig
332 756 83 30 böra
436 758 139 29 biträda
598 768 42 21 en
663 768 42 20 av
729 760 277 30 Riksförbundet
1032 762 66 29 Lin
1119 763 65 29 och
1209 763 131 40 hampa
1364 764 196 40 föreslagen
1583 766 176 40 sänkning

257 815 44 20 av
321 807 178 40 riktpriset
520 808 55 30 för
597 809 146 29 linhalm
764 819 42 22 av
830 811 80 30 1957
931 811 56 30 års
1010 812 107 30 skörd
1138 813 78 29 med
1238 814 18 29 2
1279 815 58 28 öre
1359 814 54 30 för
1433 815 183 39 kilogram.
1637 816 121 40 Någon

255 856 150 40 ändring
427 867 41 20 av
489 859 230 39 pristillägget
742 860 55 30 för
822 861 140 31 linfiber
985 862 66 29 har
1075 863 75 30 icke
1174 863 215 40 ifrågasatts.
1414 865 125 39 Kungl.
1564 866 104 39 Maj:t
1692 867 65 29 har

255 908 80 29 med
354 907 95 30 bifall
471 909 49 28 till
540 909 390 38 jordbruksnämndens
949 912 133 40 förslag
1100 913 145 39 tidigare
1265 914 115 30 denna
1399 915 67 39 dag
1484 915 168 31 fastställt
1671 917 86 30 rikt-

253 958 111 39 priset
384 959 52 30 för
457 960 82 29 1957
561 960 56 30 års
638 961 104 30 skörd
763 971 43 20 av
826 962 146 30 linhalm
991 964 52 29 till
1064 964 40 31 22
1125 966 57 29 öre
1202 965 56 30 för
1277 966 182 39 kilogram.

299 1008 13 29 I
338 1008 97 39 fråga
458 1018 58 20 om
541 1010 57 29 det
623 1011 137 39 statliga
787 1012 113 29 stödet
924 1013 34 29 åt
1032 1015 357 39 hampodlingen
1424 1016 98 30 torde
1548 1016 36 30 få
1609 1017 147 34 erinras,

253 1059 52 28 alt
330 1058 92 30 detta
447 1059 108 39 enligt
582 1060 94 30 förut
701 1061 149 30 berörda
876 1062 112 31 beslut
1014 1073 43 19 av
1085 1065 81 29 1956
1192 1065 57 29 års
1276 1065 142 40 riksdag
1444 1066 10 29 i
1481 1066 274 41 fortsättningen

253 1108 91 29 skall
369 1110 80 38 utgå
471 1110 80 29 med
574 1112 48 28 ett
645 1111 50 29 till
720 1112 38 31 75
784 1113 59 30 öre
866 1113 54 29 för
941 1113 175 40 kilogram
1138 1116 208 29 maximerat
1369 1116 195 41 pristillägg
1586 1117 55 30 för
1664 1118 92 29 fiber

251 1169 43 21 av
317 1162 166 38 spinnbar
506 1163 156 30 kvalitet.
685 1164 127 31 Vidare
836 1165 96 29 torde
954 1165 86 29 böra
1063 1165 163 39 påpekas,
1251 1168 52 27 att
1326 1176 82 20 man
1432 1166 58 30 vid
1514 1167 239 40 beräkningen

251 1219 44 21 av
318 1211 237 31 kostnaderna
580 1213 54 30 för
659 1215 106 37 sagda
792 1215 77 29 stöd
893 1216 111 28 under
1029 1216 267 39 regleringsåret
1324 1217 150 36 1957/58
1498 1217 10 29 i
1533 1217 92 30 årets
1651 1220 105 28 stats-

249 1261 323 40 verksproposition
598 1264 112 38 utgått
733 1264 81 30 från
838 1266 48 28 ett
909 1265 195 39 pristillägg
1128 1275 42 20 av
1195 1267 38 29 75
1259 1268 59 28 öre
1342 1267 54 29 för
1420 1267 173 39 kilogram
1617 1268 137 30 stödbe-

250 1311 150 39 rättigad
421 1313 200 38 hampfiber
643 1316 89 27 samt
754 1314 81 29 från
857 1324 134 20 samma
1014 1316 294 39 stödberättigade
1332 1317 259 30 totalkvantitet
1614 1327 73 22 som
1713 1319 39 29 ti-

249 1361 119 39 digare
389 1363 79 29 eller
492 1363 63 30 720
577 1365 60 27 ton
658 1364 171 39 spinnbar
850 1365 207 40 hampfiber,
1081 1366 192 40 Riktpriset
1295 1367 45 39 på
1361 1367 205 39 hamphalm
1588 1368 64 29 har
1675 1369 77 29 allt-

248 1412 109 29 sedan
381 1413 36 29 år
441 1414 83 29 1954
548 1414 89 30 varit
661 1414 36 30 13
721 1416 58 28 öre
802 1415 55 30 för
879 1416 181 39 kilogram.

294 1468 81 29 Som
396 1469 161 28 närmare
581 1468 154 38 framgår
757 1477 44 20 av
822 1469 389 38 jordbruksnämndens
1235 1471 229 32 förevarande
1488 1473 263 40 framställning

247 1517 65 29 har
340 1517 283 40 hampodlingen,
652 1527 74 20 som
756 1528 148 20 numera
929 1519 160 31 bedrives
1118 1521 123 30 endast
1269 1522 46 39 på
1343 1522 157 35 Gotland,
1531 1524 111 29 under
1670 1525 78 29 sist-

246 1567 97 30 lidna
364 1568 37 29 år
422 1568 156 29 minskat
599 1570 68 28 rätt
688 1570 170 29 avsevärt.
880 1570 243 39 Anledningen
1144 1571 120 30 härtill
1287 1580 131 31 uppges
1440 1573 107 40 enligt
1571 1575 176 29 nämnden

245 1626 95 26 vara,
360 1620 49 28 att
426 1619 164 38 odlingen
608 1619 57 29 vid
683 1619 203 30 nuvarande
905 1620 145 40 riktpris
1069 1621 44 39 på
1130 1621 142 30 halmen
1290 1622 76 30 icke
1384 1623 163 30 bedömes
1566 1632 39 31 ge
1625 1626 123 28 nämn-

246 1668 77 29 värt
353 1668 223 30 ekonomiskt
606 1669 117 39 utbyte
754 1671 122 28 utöver
906 1671 174 39 hampans
1111 1672 282 31 förfruktsvärde
1423 1674 10 29 i
1467 1674 170 30 samband
1668 1676 77 29 med

244 1718 387 40 ogräsbekämpningen
651 1720 44 39 på
716 1721 268 38 myrmarkerna
1007 1724 92 27 samt
1120 1724 49 27 att
1191 1723 341 41 ogräsbekämpning
1552 1743 44 3 —
1617 1725 10 28 i
1648 1726 98 38 varje

245 1768 63 29 fall
325 1769 45 38 på
387 1769 76 29 kort
483 1769 70 29 sikt
569 1787 44 4 —
630 1770 88 29 visat
736 1770 52 41 sig
807 1771 121 39 möjlig
945 1772 148 29 medelst
1111 1772 44 40 på
1175 1782 123 21 senare
1317 1774 50 29 tid
1387 1774 180 31 saluförda
1585 1775 160 30 kemiska

244 1818 381 40 bekämpningsmedel.
646 1820 211 40 Nedgången
879 1821 10 29 i
910 1822 282 40 hampodlingen,
1215 1823 119 30 vilken
1355 1825 56 29 vid
1433 1825 205 30 oförändrat
1661 1826 85 29 rikt-

242 1868 74 39 pris
337 1869 46 38 på
402 1869 206 39 hamphalm
628 1871 123 29 väntas
773 1871 107 34 bestå,
903 1872 63 29 har
989 1873 153 31 medfört
1163 1882 42 20 en
1229 1874 213 40 försämring
1465 1885 42 19 av
1529 1876 214 30 driftsresul-

243 1919 87 28 tatet
353 1919 57 29 vid
432 1920 441 40 hampberedningsverket
896 1922 11 28 i
930 1922 116 39 Visby,
1071 1923 104 39 något
1198 1933 75 20 som
1298 1925 106 39 enligt
1427 1925 318 39 jordbruksnämn-

243 1968 68 29 den
327 1969 119 30 verket
461 1970 79 29 med
558 1970 136 39 hänsyn
711 1971 51 29 till
781 1972 55 30 sin
854 1980 102 31 svaga
972 1973 165 29 ekonomi
1154 1974 54 29 får
1228 1974 95 30 svårt
1340 1977 51 28 att
1409 1975 93 30 bära.
1521 1977 98 29 Efter
1638 1977 106 29 fram-

244 2019 167 39 ställning
435 2029 41 20 av
502 2020 166 30 Gotlands
693 2021 394 42 hampodlareförening
1111 2024 63 30 har
1199 2025 178 30 nämnden
1402 2025 120 31 därför
1549 2027 118 29 funnit
1693 2028 51 38 sig

241 2068 86 30 böra
349 2069 172 40 tillstyrka
540 2080 45 20 en
603 2071 146 40 höjning
769 2081 44 20 av
831 2073 179 39 riktpriset
1030 2074 45 39 på
1094 2074 206 40 hamphalm
1321 2085 42 19 av
1385 2076 80 30 1957
1487 2076 57 30 års
1564 2077 103 30 skörd
1691 2078 51 29 till

243 2119 37 30 15
305 2120 59 29 öre
387 2121 53 29 för
462 2121 183 39 kilogram,
669 2123 79 28 Som
771 2123 254 40 förutsättning
1049 2125 55 29 för
1126 2125 58 29 sitt
1208 2125 245 39 tillstyrkande
1477 2127 65 29 har
1565 2128 177 29 nämnden

241 2169 194 30 emellertid
454 2171 112 34 krävt,
587 2173 50 28 att
657 2172 207 40 föreningen
883 2175 109 29 under
1013 2184 43 19 en
1077 2175 254 40 femårsperiod
1353 2176 88 30 skall
1462 2179 184 37 garantera
1668 2187 42 20 en
1732 2179 9 28 i

242 2219 220 32 förhållande
491 2221 52 29 till
571 2222 348 40 beredningsverkets
948 2225 177 39 kapacitet
1153 2227 173 38 avpassad
1354 2226 242 40 odlingsareal.
1627 2228 116 39 Enligt

241 2269 126 31 hittills
396 2280 40 20 av
463 2272 207 39 föreningen
697 2273 81 29 från
806 2274 116 30 odlare
950 2275 260 30 införskaffade
1239 2277 372 37 garantiförbindelser
1639 2286 103 30 synes

240 2321 68 29 den
326 2321 250 32 eftersträvade
594 2324 137 30 arealen
748 2325 12 28 i
778 2327 88 28 stort
884 2328 65 27 sett
966 2327 110 29 redan
1093 2327 45 29 ha
1155 2328 180 39 uppnåtts.

284 2370 79 30 Med
383 2373 263 38 utgångspunkt
666 2374 79 29 från
766 2383 48 20 nu
835 2376 158 37 gällande
1012 2376 113 39 priser
1144 2378 43 37 på
1207 2377 200 40 hampfiber
1428 2378 70 29 kan
1519 2379 222 39 hampodlar-

241 2420 206 40 föreningen
474 2423 193 29 emellertid
696 2424 75 30 icke
801 2425 84 39 höja
911 2425 238 40 inköpspriset
1178 2428 54 28 för
1261 2427 206 40 hamphalm
1496 2429 79 29 med
1606 2429 134 29 mindre

239 2469 58 30 det
320 2471 9 28 i
352 2472 89 29 form
463 2482 41 20 av
527 2474 132 39 statligt
679 2475 196 40 pristillägg
897 2476 171 39 utgående
1092 2477 111 29 stödet
1223 2478 101 38 höjes
1345 2479 11 28 i
1378 2480 245 28 motsvarande
1646 2479 93 39 grad.
