1880 2818
559 158 274 28 Bankoutskottets
859 156 160 27 memorial
1042 155 43 27 Nr
1109 155 47 26 62.
1566 151 37 28 13

114 242 162 29 ävensom
302 243 49 27 att
376 247 122 31 genom
524 237 333 31 överenskommelse
883 236 78 29 med
986 232 216 39 fullmäktige
1227 232 10 30 i
1263 231 210 31 riksbanken
1499 231 103 30 träffa

114 294 221 38 erforderliga
361 294 159 29 närmare
545 292 258 30 bestämmelser
830 289 144 30 rörande
1001 286 394 32 skuldförbindelsernas
1423 285 100 36 form,
1549 287 53 29 be-

116 349 90 37 lopp,
232 347 137 39 löpetid,
396 347 181 38 myntslag,
604 344 133 31 inlösen
762 354 44 20 m.
832 353 44 20 m.

159 403 30 29 2.
216 400 388 39 Generalpoststyrelsen
630 400 78 37 äger
736 400 57 33 att,
820 397 56 30 vid
904 396 110 30 behov
1041 405 42 21 av
1111 395 109 30 medel
1249 394 54 31 för
1328 393 209 31 bedrivande
1564 403 40 21 av

117 453 406 39 postsparbanksrörelse,
551 451 9 30 i
584 450 331 38 riksgäldskontoret
938 447 240 39 tillgodonjuta
1204 445 110 31 kredit
1336 446 51 30 till
1411 449 47 26 ett
1482 445 123 37 belopp

117 517 40 21 av
180 508 99 37 högst
301 506 173 35 5,000,000
495 505 127 29 kronor
645 506 72 27 mot
738 503 210 38 gottgörelse,
971 501 242 30 motsvarande
1234 501 66 29 den
1321 499 165 30 effektiva
1507 499 97 29 ränta

117 561 104 39 jämte
244 559 274 34 lånekostnader,
543 567 73 21 som
641 556 329 38 riksgäldskontoret
993 553 105 39 enligt
1121 553 75 31 sina
1218 552 230 38 beräkningar
1472 552 62 29 har
1557 554 47 27 att

118 615 100 38 självt
242 612 114 39 utgiva
383 612 20 30 å
429 611 144 31 sålunda
600 610 206 31 försträckta
832 609 120 34 medel,
978 609 162 29 ävensom
1167 606 44 39 på
1237 607 42 29 de
1302 606 125 30 villkor
1453 606 9 29 i
1489 605 118 38 övrigt,

118 677 74 21 som
222 674 122 31 genom
375 664 333 31 överenskommelse
739 663 126 29 mellan
896 660 214 38 fullmäktige
1141 659 10 30 i
1182 659 329 38 riksgäldskontoret
1541 657 64 31 och

117 718 382 41 generalpoststyrelsen
527 718 106 29 varda
661 716 202 31 fastställda.

163 774 67 30 För
260 773 192 30 beredande
482 781 42 21 av
554 771 111 30 medel
695 770 50 30 till
775 768 320 39 ifrågakommande
1126 766 253 38 utbetalningar
1408 765 20 31 å
1455 765 150 30 nämnda

118 827 111 31 kredit
253 828 79 37 äger
356 825 330 39 riksgäldskontoret
714 823 5 30 i
744 822 81 31 mån
850 832 41 21 av
915 822 111 30 behov
1049 821 184 30 verkställa
1258 819 191 39 upplåning
1472 819 45 39 på
1541 820 64 29 sätt

118 881 146 30 rörande
287 877 339 39 kassaförstärkning
646 877 36 30 åt
701 877 202 30 statsverket
923 876 160 38 stadgats.

163 936 29 29 3.
221 935 83 29 1915
331 933 56 31 års
416 932 139 39 riksdag
585 932 64 29 har
678 929 172 40 medgivit,
881 932 48 27 att
960 928 54 31 för
1044 928 94 38 varje
1169 927 231 31 centralkassa
1432 926 54 30 för
1516 925 89 40 jord-

117 988 229 36 brukskredit,
369 997 74 21 som
465 987 120 29 vinner
605 984 252 40 godkännande
879 983 78 30 från
978 983 56 30 det
1055 982 193 30 allmännas
1270 981 83 35 sida,
1377 980 145 31 svenska
1545 982 62 28 sta-

118 1044 74 28 tens
221 1040 225 39 obligationer
474 1039 50 30 till
554 1039 103 30 värde
686 1047 42 21 av
761 1037 136 34 100,000
927 1036 128 30 kronor
1084 1034 56 30 må
1171 1033 78 31 från
1278 1033 329 39 riksgäldskontoret

116 1095 217 30 överlämnas
356 1093 50 31 till
430 1092 152 39 Sveriges
604 1091 167 31 riksbank
792 1093 50 28 att
862 1100 41 20 av
926 1090 112 30 denna
1060 1088 191 30 innehavas
1272 1087 113 31 såsom
1408 1096 43 21 en
1473 1094 133 31 gemen-

119 1158 74 21 sam
223 1151 83 36 pant
332 1148 54 30 för
417 1146 157 39 samtliga
604 1146 276 30 centralkassans
910 1143 236 35 förbindelser,
1176 1142 78 30 med
1283 1143 67 29 rätt
1381 1140 54 31 för
1464 1141 143 30 kassans

119 1202 275 39 fordringsägare
419 1204 49 27 att
494 1200 160 31 använda
680 1202 128 36 panten
834 1197 50 31 till
911 1197 169 31 täckande
1105 1205 41 21 av
1173 1195 74 31 sina
1274 1194 205 40 fordringar,
1506 1194 11 30 i
1542 1195 65 29 den

119 1255 82 31 mån
231 1256 143 30 kassans
405 1263 85 30 egna
520 1253 192 39 tillgångar,
742 1254 42 29 de
813 1253 124 38 belopp
968 1250 245 35 inberäknade,
1246 1259 73 21 som
1350 1248 44 39 på
1425 1249 110 38 grund
1566 1257 40 20 av

119 1310 289 30 medlemmarnas
432 1308 11 30 i
466 1308 126 30 kassan
616 1306 220 39 ansvarighet
859 1305 54 31 för
935 1306 76 29 dess
1035 1303 227 32 förbindelser
1286 1303 118 30 kunna
1430 1301 79 31 från
1530 1302 76 29 dem

117 1365 181 33 uttaxeras,
328 1362 115 30 därtill
472 1361 71 31 visa
574 1361 49 38 sig
652 1359 236 38 otillräckliga,
918 1359 65 31 och
1014 1359 109 30 under
1151 1357 135 36 villkor,
1316 1360 48 28 att
1393 1357 147 30 behovet
1568 1365 41 21 av

119 1419 146 37 pantens
292 1415 217 40 tillgripande
539 1415 87 30 skall
655 1414 136 39 styrkas
819 1421 123 31 genom
970 1412 96 39 intyg
1094 1421 42 21 av
1167 1412 56 30 det
1250 1410 139 35 ombud,
1421 1420 72 21 som
1524 1410 85 30 skall

119 1469 183 32 förordnas
325 1469 54 31 för
401 1468 117 40 tillsyn
541 1469 82 30 över
648 1467 143 30 kassans
815 1464 228 36 verksamhet,
1067 1467 49 28 att
1140 1463 225 39 medgivande
1390 1462 51 31 till
1465 1464 144 36 pantens

120 1524 229 30 användande
377 1523 87 31 skall
493 1523 135 29 lämnas
656 1531 42 20 av
728 1520 122 39 Kungl.
880 1519 118 39 Maj:ts
1024 1517 368 40 befallningshavande
1419 1516 11 30 i
1458 1517 56 30 det
1541 1517 68 34 län,

119 1579 62 30 där
200 1578 276 31 centralkassans
496 1577 140 39 styrelse
658 1575 63 31 har
741 1574 56 32 sitt
817 1576 79 33 säte,
918 1573 120 31 därvid
1060 1572 110 31 tillika
1192 1572 97 31 skola
1309 1571 176 30 meddelas
1504 1569 104 32 erfor-

118 1632 129 39 derliga
269 1630 213 33 föreskrifter
500 1629 178 40 angående
698 1630 100 30 sättet
819 1628 54 30 för
893 1630 145 37 pantens
1058 1626 293 39 tillgodogörande
1372 1625 65 31 och
1459 1624 53 31 för
1534 1625 75 29 där-

120 1685 134 40 igenom
283 1685 150 31 influtna
463 1685 129 30 medels
623 1682 194 40 fördelning
846 1683 127 29 mellan
1003 1680 313 39 fordringsägarna,
1347 1683 48 27 att
1426 1679 182 38 riksgälds-

119 1740 159 31 kontoret
300 1738 246 40 ofördröjligen
569 1738 227 34 underrättas,
819 1736 44 31 då
886 1735 111 40 dylikt
1019 1735 226 38 medgivande
1268 1735 158 34 lämnats,
1451 1736 87 28 samt
1562 1736 47 27 att

118 1793 272 40 obligationerna
414 1792 120 31 därvid
558 1791 110 31 tillika
693 1791 11 31 i
728 1791 105 31 första
857 1790 95 31 hand
975 1789 206 39 hembjudas
1206 1788 330 39 riksgäldskontoret
1559 1786 50 31 till

119 1847 143 32 inlösen.

164 1903 30 30 4.
223 1903 82 30 1925
322 1901 57 32 års
393 1902 138 38 riksdag
547 1901 64 30 har
627 1900 173 39 medgivit,
816 1902 49 28 att
881 1898 78 31 från
976 1898 330 38 riksgäldskontoret
1320 1895 58 32 må
1393 1896 50 31 till
1460 1896 152 38 Sveriges

119 1956 166 31 riksbank
308 1956 216 31 överlämnas
548 1954 144 32 svenska
719 1957 127 28 statens
869 1952 225 39 obligationer
1116 1951 51 31 till
1191 1954 46 28 ett
1258 1951 124 38 belopp
1407 1959 42 22 av
1475 1949 137 36 100,000

120 2011 129 30 kronor
272 2013 59 33 att,
356 2010 63 30 där
442 2008 290 40 jordbrukskassa
757 2007 81 31 eller
862 2006 232 31 centralkassa
1119 2005 56 31 för
1199 2003 299 41 jordbrukskredit
1522 2003 11 31 i
1556 2012 56 21 av-

121 2064 123 31 seende
261 2063 17 31 å
298 2064 289 30 medlemmarnas
603 2070 126 22 ansvar
747 2061 53 30 för
816 2061 143 30 kassans
976 2059 229 31 förbindelser
1221 2059 147 30 beslutat
1384 2057 229 39 nedsättning,

121 2127 74 22 som
220 2116 226 40 möjliggjorts
469 2124 123 31 genom
617 2114 196 39 ändringar,
838 2113 92 31 vilka
955 2112 159 39 vidtagits
1140 2113 10 30 i
1175 2112 158 38 gällande
1356 2111 258 31 bestämmelser

120 2171 178 39 angående
323 2170 253 39 godkännande
603 2178 43 21 av
676 2168 95 39 dylik
800 2168 100 30 kassa
930 2166 78 31 från
1037 2166 57 31 det
1121 2166 194 30 allmännas
1345 2165 83 36 sida,
1457 2174 41 21 av
1527 2164 85 31 riks-

121 2226 137 30 banken
281 2224 177 31 användas
480 2223 50 31 till
551 2222 172 31 täckande
744 2231 42 21 av
808 2221 133 35 förlust,
965 2230 74 21 som
1062 2220 11 30 i
1096 2219 87 39 följd
1205 2228 43 21 av
1271 2218 262 38 nedsättningen
1556 2217 57 30 må

122 2280 89 30 hava
238 2278 164 39 tillfogats
429 2277 123 39 någon,
580 2286 85 26 som,
693 2275 44 31 då
763 2275 145 31 beslutet
933 2274 121 31 därom
1082 2273 249 39 registrerades,
1359 2273 86 38 ägde
1472 2272 142 31 fordran

125 2334 64 30 hos
221 2334 137 34 kassan,
391 2331 110 31 under
532 2330 127 31 villkor
690 2333 49 27 att
769 2328 186 32 förlustens
985 2327 187 38 anledning
1206 2327 64 30 och
1305 2325 142 40 omfång
1481 2326 132 38 styrkes

122 2395 123 31 genom
275 2386 95 39 intyg
399 2394 43 21 av
470 2386 128 30 rättens
628 2383 231 31 ombudsman
888 2382 11 30 i
928 2382 144 30 kassans
1101 2381 155 31 konkurs
1286 2383 98 33 samt,
1413 2380 65 30 vad
1508 2379 106 39 angår

123 2441 242 35 centralkassa,
389 2439 128 39 jämväl
539 2447 43 21 av
607 2438 57 30 det
686 2437 174 30 allmänna
886 2435 140 36 ombud,
1052 2444 74 22 som
1152 2435 196 31 förordnats
1373 2436 48 29 att
1446 2434 132 38 deltaga
1604 2432 10 31 i

124 2494 252 39 förvaltningen
392 2502 41 21 av
448 2491 247 35 konkursboet,
711 2494 49 27 att
775 2489 225 40 medgivande
1016 2489 50 31 till
1083 2488 288 39 obligationernas
1388 2487 228 31 användande
