1906 2780
479 151 287 31 Statsutskottels
787 148 179 31 utlåtande
987 157 42 20 nr
1050 147 17 30 7
1089 147 39 30 år
1151 146 83 30 1960
1571 143 39 30 217

157 239 185 31 Utskottet.
365 236 237 40 Huvudsyftet
623 235 80 30 med
724 235 42 29 de
788 243 41 21 av
854 233 81 30 1957
961 233 56 30 års
1039 232 143 38 riksdag
1205 229 186 41 godkända
1411 227 200 42 grunderna

112 289 55 31 för
188 288 187 41 utgivande
396 297 41 21 av
459 286 210 39 statsbidrag
692 285 52 30 till
765 285 258 29 kommunerna
1043 283 11 29 i
1075 281 189 39 anledning
1285 289 41 21 av
1347 280 67 29 den
1434 278 44 31 då
1498 277 114 31 beslu-

112 340 79 30 tade
213 337 411 41 ortsavdragsreformen,
647 344 124 32 genom
792 335 118 30 vilken
932 334 42 29 de
995 332 230 31 kommunala
1244 330 250 39 ortsavdragen
1515 327 96 40 höjts

114 391 52 30 till
182 390 128 41 paritet
328 389 79 30 med
425 389 42 29 de
484 387 150 40 statliga,
651 387 65 30 har
732 385 90 31 varit
840 387 50 28 att
907 384 200 30 underlätta
1124 392 44 20 en
1185 381 214 41 anpassning
1417 379 80 30 från
1514 379 98 29 kom-

114 450 191 21 munernas
334 440 75 30 sida
436 439 53 29 till
520 438 57 30 det
606 446 42 21 av
675 436 177 31 reformen
881 434 207 31 föranledda
1118 429 493 41 skalteunderlagsbortfallet.

113 491 315 39 Bidragssystemet
449 489 74 35 har,
545 488 113 30 under
681 486 127 40 skäligt
829 484 309 41 hänsynstagande
1161 483 52 29 till
1236 483 275 29 kommunernas
1532 480 80 29 väx-

114 541 104 30 lande
241 539 467 41 anpassningsmöjligheter,
731 537 190 30 utformats
944 535 44 40 på
1011 535 57 29 det
1092 535 69 29 sätt
1184 535 50 28 att
1255 533 157 40 bidraget
1434 530 112 31 under
1570 539 43 21 en

115 592 111 31 första
250 590 243 41 övergångstid
515 599 42 20 av
579 591 52 28 tre
654 588 49 34 år,
728 586 227 37 1958-—1960,
979 585 89 30 skall
1093 584 199 30 tillkomma
1314 583 68 30 alla
1404 582 210 29 kommuner

115 642 66 30 och
205 642 45 30 då
274 641 169 30 innebära
467 640 64 29 full
556 638 270 40 kompensation
851 637 55 30 för
930 635 188 31 bortfallet.
1144 634 118 31 Under
1288 633 84 30 åren
1399 630 215 32 1961—1965

117 692 88 31 skall
230 692 156 39 bidraget
411 690 188 30 successivt
622 688 160 31 minskas
804 688 12 29 i
840 696 43 21 en
907 687 54 29 del
985 686 210 30 kommuner
1221 685 90 29 samt
1333 683 72 30 helt
1432 681 182 31 avvecklas

116 743 12 30 i
144 743 42 30 de
203 743 78 30 bäst
299 741 135 32 ställda.
452 740 135 40 Frågan
605 748 57 21 om
681 748 42 21 en
741 738 142 30 fortsatt
901 736 205 39 reducering
1124 735 82 29 eller
1223 733 202 39 avveckling
1443 742 42 20 av
1500 731 116 30 bidra-

118 796 55 38 get
198 793 53 30 till
277 793 42 29 de
343 793 220 33 kommuner,
592 790 55 31 för
669 789 96 30 vilka
791 789 196 30 detsamma
1011 787 58 30 vid
1097 785 83 30 1965
1207 785 57 30 års
1289 784 130 40 utgång
1444 783 72 29 inte
1542 781 73 31 helt

116 843 183 40 indragits,
318 852 98 21 avses
435 842 99 30 skola
551 841 126 39 prövas
697 849 42 21 av
759 838 83 31 1958
862 838 57 31 års
939 833 531 43 skatteutjämningskommitté.

161 894 14 30 I
196 893 152 40 enlighet
368 892 80 30 med
468 892 115 29 denna
602 891 84 39 plan
706 889 56 31 för
783 887 311 40 skatteersättning
1113 886 53 30 till
1187 886 257 30 kommunerna
1463 883 65 30 har
1549 882 67 30 den

121 944 12 30 i
166 944 127 39 Kungl.
325 943 125 44 Maj:ts
485 941 131 39 förslag
647 939 215 31 verkställda
895 936 382 41 anslagsberäkningen
1310 935 54 30 för
1395 935 104 29 nästa
1530 932 87 31 bud-

117 994 97 40 getår
233 994 111 40 gjorts
362 993 81 30 med
461 991 195 31 beaktande
676 990 74 31 dels
770 999 41 21 av
830 991 51 28 att
899 988 243 30 kalenderåret
1164 986 80 30 1961
1267 987 38 29 är
1324 985 57 30 det
1400 984 122 34 första,
1541 992 77 22 var-

117 1044 113 31 under
250 1053 42 21 en
311 1042 205 40 reducering
536 1051 41 21 av
598 1039 356 40 skatteersättningen
975 1038 88 30 skall
1086 1039 63 38 äga
1168 1046 90 25 rum,
1279 1036 73 30 dels
1372 1035 65 31 ock
1456 1044 43 20 av
1520 1034 98 29 kom-

118 1103 192 22 munernas
332 1092 366 40 utdebiteringssatser
721 1091 56 30 för
799 1089 243 31 kalenderåret
1067 1087 94 32 1960.

163 1143 228 32 Beträffande
415 1143 102 30 nästa
540 1141 171 41 budgetår
735 1140 140 40 belöper
899 1139 85 30 därå
1009 1139 74 29 dels
1107 1138 163 39 omkring
1298 1135 62 31 314
1375 1135 62 30 000
1451 1134 63 31 000
1539 1135 79 29 kro-

118 1205 75 25 nor,
214 1194 194 41 utgörande
429 1193 135 30 hälften
585 1201 43 21 av
648 1191 179 31 beräknad
850 1188 311 41 skatteersättning
1183 1187 54 31 för
1258 1186 242 31 kalenderåret
1523 1184 96 34 1960,

119 1246 74 30 dels
215 1243 354 40 skatteersättningen
589 1242 55 31 för
664 1241 112 31 första
795 1240 138 31 hälften
953 1249 42 20 av
1015 1238 243 31 kalenderåret
1280 1237 94 37 1961,
1394 1236 118 31 vilken
1532 1243 87 32 upp-

122 1298 151 30 skattats
290 1297 52 29 till
360 1297 11 29 i
389 1298 83 28 runt
490 1295 48 31 tal
557 1294 63 31 279
634 1293 63 30 000
712 1292 63 30 000
794 1294 141 29 kronor.
955 1291 166 40 Anslaget
1141 1289 147 31 föreslås
1307 1288 145 40 uppfört
1469 1287 81 31 med
1569 1288 48 29 ett

120 1346 174 30 avrundat
318 1345 125 39 belopp
469 1353 41 21 av
534 1343 63 30 595
611 1342 63 30 000
688 1341 63 31 000
777 1342 141 33 kronor,
943 1339 238 31 innebärande
1206 1348 42 20 en
1274 1335 346 42 anslagsminskning

117 1397 13 30 i
152 1395 221 32 förhållande
394 1395 53 30 till
469 1393 237 31 innevarande
727 1391 172 40 budgetår
920 1391 80 29 med
1024 1390 39 29 15
1077 1389 63 30 000
1155 1388 63 31 000
1240 1389 140 29 kronor.

165 1448 76 29 Den
260 1446 148 31 sålunda
426 1445 123 40 gjorda
567 1442 382 41 anslagsberäkningen
966 1441 65 30 har
1049 1440 73 32 inte
1140 1440 84 39 givit
1244 1439 170 30 utskottet
1433 1437 189 39 anledning

123 1498 53 30 till
206 1497 151 36 erinran,
385 1495 119 31 varför
532 1494 173 30 utskottet
734 1492 194 40 tillstyrker
956 1491 99 30 bifall
1087 1490 52 30 till
1169 1489 126 40 Kungl.
1326 1488 124 40 Maj:ts
1479 1486 143 41 förslag.

122 1549 117 30 Härav
262 1547 114 39 följer,
400 1547 51 29 att
472 1545 171 30 utskottet
665 1544 73 29 inte
761 1543 71 30 kan
854 1542 138 30 biträda
1015 1541 42 29 de
1080 1539 237 41 föreliggande
1340 1537 283 40 motionsyrkan-

122 1598 100 35 dena,
242 1597 95 30 vilka
353 1597 45 30 bl.
419 1606 29 20 a.
467 1596 172 38 anknyter
657 1594 53 30 till
729 1603 42 20 en
790 1593 54 30 del
862 1592 59 30 vid
942 1590 217 31 1957—1959
1177 1591 57 30 års
1254 1589 183 40 riksdagar
1454 1587 168 31 motions-

121 1649 111 38 vägen
252 1646 221 31 framställda
492 1645 141 39 förslag,
653 1654 75 21 som
747 1644 72 31 inte
837 1643 148 30 bifallits
1005 1651 41 21 av
1064 1641 199 39 riksdagen.

167 1697 226 40 Åberopande
413 1697 57 29 det
491 1696 149 30 anförda
660 1695 203 30 hemställer
883 1694 182 32 utskottet,

480 1747 27 29 1.
533 1748 51 28 att
609 1746 221 29 motionerna
855 1745 29 29 1:
900 1743 63 30 256
989 1743 65 30 och
1081 1743 46 30 II:
1145 1741 59 30 315
1231 1743 91 29 samt
1350 1741 28 29 I:
1395 1739 63 31 363
1484 1739 64 30 och
1575 1738 46 30 II:

434 1796 74 35 452,
535 1796 12 29 i
572 1796 68 30 vad
668 1796 42 29 de
737 1804 100 21 avser
864 1793 245 31 fastställande
1137 1801 43 21 av
1207 1791 153 30 ändrade
1389 1789 151 41 grunder
1568 1788 56 30 för

432 1845 355 40 skatteersättningen
807 1845 53 29 till
880 1845 258 29 kommunerna
1157 1842 12 29 i
1190 1841 152 40 enlighet
1361 1840 79 30 med
1463 1839 83 30 1958
1567 1838 58 30 års

435 1895 413 41 besparingsutrednings
876 1894 131 38 förslag
1035 1902 81 21 men
1143 1892 80 29 med
1254 1890 220 40 anknytning
1501 1889 52 30 till
1583 1889 42 29 de

435 1947 55 30 för
504 1947 38 30 år
560 1946 83 30 1959
659 1945 200 31 fastställda
875 1943 424 39 utdebiteringssatserna,
1315 1941 76 29 icke
1406 1940 58 29 må
1480 1949 41 21 av
1536 1938 89 31 riks-

435 1997 110 39 dagen
564 1996 156 36 bifallas;

480 2048 29 28 2,
531 2049 50 27 att
602 2046 188 39 riksdagen
811 2045 68 34 må,
901 2044 79 29 med
1002 2043 98 30 bifall
1124 2043 51 29 till
1201 2042 125 39 Kungl.
1349 2041 123 39 Maj:ts
1494 2038 132 41 förslag

436 2099 90 29 samt
543 2097 80 29 med
641 2097 119 38 avslag
778 2096 20 29 å
814 2094 221 30 motionerna
1053 2093 28 30 1:
1098 2093 64 30 256
1180 2093 64 29 och
1263 2091 45 30 II:
1325 2091 62 30 315
1406 2092 91 29 samt
1515 2089 29 30 I:
1561 2089 63 30 363

437 2148 64 29 och
527 2149 44 28 II:
588 2146 74 35 452,
688 2147 12 29 i
725 2146 67 30 vad
819 2146 41 29 de
887 2154 99 21 avser
1012 2143 375 39 medelsanvisningen,
1413 2141 52 30 till
1491 2140 137 31 Skatte-

436 2196 194 40 ersättning
657 2196 52 29 till
734 2196 257 29 kommunerna
1018 2194 54 29 för
1098 2193 204 39 budgetåret
1330 2191 146 36 1960/61
1507 2189 120 31 anvisa

435 2249 47 28 ett
503 2246 273 39 förslagsanslag
797 2255 42 19 av
859 2245 62 29 595
936 2244 62 29 000
1012 2243 63 30 000
1095 2244 145 34 kronor;

482 2297 28 29 3.
530 2298 51 28 att
599 2296 220 30 motionerna
839 2296 28 28 I:
884 2294 63 29 256
967 2294 64 29 och
1051 2294 44 28 II:
1113 2292 73 34 315,
1205 2293 11 28 i
1234 2291 67 30 vad
1320 2291 41 30 de
1380 2291 75 29 icke
1475 2289 153 31 behand-

437 2348 67 28 lats
523 2347 111 29 under
655 2346 28 29 1.
702 2345 65 30 och
786 2345 41 34 2.,
846 2344 77 30 icke
941 2343 59 30 må
1017 2343 183 30 föranleda
1219 2341 114 40 någon
1352 2340 205 39 riksdagens
1576 2339 50 30 åt-

439 2398 98 39 gärd;

481 2448 30 29 4,
537 2450 50 28 att
607 2447 179 30 motionen
808 2446 45 29 II:
870 2445 18 30 5
908 2445 77 30 icke
1006 2444 57 30 må
1084 2443 182 30 föranleda
1286 2442 114 39 någon
1421 2441 206 39 riksdagens

439 2499 132 39 åtgärd.
