2186 2628
399 221 19 30 8
908 223 271 30 Bankoutskottets
1204 223 161 31 Utlåtande
1388 224 58 29 N:o
1469 224 28 29 5.

559 299 126 35 Såsom
714 298 160 47 framgår
903 299 101 36 såväl
1032 299 40 35 af
1096 299 246 36 motionärens
1373 300 200 35 anförande
1594 310 76 25 som
1693 300 39 35 af
1746 294 251 53 fullmägtiges

399 352 109 36 ofvan
550 351 206 48 åberopade
784 351 229 46 uttalanden,
1043 353 110 46 utgår
1181 353 175 47 förslaget
1385 366 55 23 om
1470 356 62 33 två
1562 353 256 36 vikarierande
1849 352 147 49 depute-

397 406 88 35 rade
526 404 82 37 från
651 405 72 36 den
763 406 298 47 uppfattningen,
1107 408 54 34 att
1203 406 140 37 arbetet
1372 408 68 34 och
1470 406 247 48 åliggandena
1745 406 55 36 för
1829 408 45 35 de
1902 407 96 36 båda

399 460 276 46 deputeradena
717 464 60 31 äro
820 461 39 34 så
902 460 110 44 olika,
1056 463 54 33 att
1146 461 62 35 det
1239 460 142 36 fordras
1426 473 45 23 en
1514 457 159 39 särskild
1702 460 213 48 utbildning
1942 461 56 35 för

398 514 180 35 hvardera
608 513 40 35 af
673 514 106 35 dessa
806 513 262 47 befattningar,
1100 517 54 32 ett
1181 514 308 45 betraktelsesätt,
1521 527 77 23 som
1627 514 14 35 i
1670 515 200 48 synnerhet
1903 514 96 48 tagit

399 566 57 47 sig
496 567 151 48 uttryck
690 567 54 36 uti
784 567 251 47 fullmägtiges
1064 567 192 36 uttalande
1287 570 39 32 år
1358 570 111 42 1874,
1500 569 89 34 eller
1618 569 54 35 att
1700 567 44 36 de
1774 569 225 46 deputerade

397 620 83 35 icke
522 620 129 36 kunna
689 620 213 37 förutsättas
936 633 67 35 ega
1033 624 116 32 större
1178 621 209 36 kännedom
1418 633 56 24 om
1503 622 227 36 hvarandras
1759 623 164 46 göromål
1952 628 47 30 än

397 674 99 36 hvad
537 674 93 36 hvar
672 675 68 35 och
781 686 46 24 en
871 675 39 35 af
947 673 231 49 fullmägtige
1220 675 74 35 kan
1323 685 78 37 ega.
1458 675 63 36 Ett
1550 675 123 48 dylikt
1700 675 167 36 tillstånd
1895 676 103 36 torde

397 727 84 36 icke
522 727 130 37 kunna
695 739 106 25 anses
844 727 344 37 tillfredsställande
1230 729 88 35 eller
1360 728 228 48 bidragande
1625 729 57 36 till
1711 732 53 33 att
1792 735 89 41 göra
1909 730 90 35 riks-

397 781 396 48 banksförvaltningen
835 781 175 48 enhetlig,
1041 783 69 35 och
1145 782 118 36 skulle
1297 783 62 35 två
1389 782 258 36 vikarierande
1678 783 224 47 deputerade
1931 781 67 38 till-

398 838 124 41 sättas,
553 844 47 27 en
628 836 57 35 för
712 837 179 35 hvardera
921 836 40 35 af
985 837 44 34 de
1059 836 184 35 ordinarie
1272 835 236 48 deputerade,
1540 836 121 36 skulle
1691 835 99 37 detta
1810 837 190 36 sannolikt

399 889 130 36 endast
568 889 156 48 bidraga
760 889 57 36 till
846 893 54 32 att
936 889 69 36 öka
1033 889 105 36 faran
1167 890 56 35 för
1251 890 88 35 eller
1368 888 241 50 möjligheten
1639 890 40 35 af
1705 890 156 36 dualism
1891 890 11 35 i
1931 890 67 36 för-

396 942 229 47 valtningen.

556 996 129 36 Ehuru
728 997 181 36 utskottet
951 995 142 37 således
1137 1009 117 32 anser,
1298 1000 54 32 att
1392 999 62 34 två
1485 996 257 37 vikarierande
1772 998 226 46 deputerade

397 1051 83 36 icke
522 1051 87 35 böra
651 1050 278 47 ifrågakomma,
973 1053 46 44 på
1053 1053 73 32 sätt
1158 1049 85 36 herr
1269 1051 205 34 Lithander
1501 1049 13 36 i
1543 1051 57 35 sin
1630 1050 138 36 motion
1796 1051 201 47 föreslagit,

398 1105 183 35 erkänner
608 1104 192 44 utskottet,
832 1107 53 32 att
914 1104 83 34 med
1026 1104 73 34 den
1126 1104 214 35 nuvarande
1371 1102 311 48 organisationen,
1714 1105 45 34 då
1793 1105 72 35 den
1898 1105 100 36 vika-

396 1158 168 36 rierande
594 1157 225 48 deputerade
846 1157 84 36 icke
960 1160 111 44 egnat
1099 1157 85 35 hela
1213 1157 56 35 sin
1296 1157 55 35 tid
1381 1160 38 33 åt
1445 1156 241 46 riksbanken,
1709 1158 61 35 det
1788 1158 97 36 varit
1901 1159 99 36 svårt

396 1212 57 36 för
493 1213 135 35 honom
673 1214 52 33 att
767 1214 94 33 sätta
904 1210 56 47 sig
1001 1211 39 34 in
1072 1210 56 36 uti
1157 1211 71 34 alla
1257 1210 44 35 de
1331 1209 99 37 olika
1459 1211 174 46 göromål,
1666 1223 74 24 som
1772 1212 226 47 deputerade

396 1265 79 36 haft
504 1269 53 33 att
583 1266 222 46 handlägga,
836 1276 86 24 men
949 1265 67 34 har
1039 1264 182 36 utskottet
1248 1263 55 36 för
1332 1264 58 36 sin
1419 1265 59 34 del
1505 1266 101 43 trott,
1634 1268 53 32 att
1706 1263 100 37 detta
1828 1266 171 35 ändamål

395 1320 128 35 lättast
563 1319 127 36 kunde
720 1318 131 37 vinnas
882 1318 223 47 derigenom,
1137 1321 54 32 att
1219 1329 46 24 en
1293 1319 84 34 med
1406 1318 266 47 bankgöromål
1700 1317 84 37 fullt
1811 1317 188 49 förtrogen

398 1386 132 34 person
572 1373 109 36 alltid
719 1372 132 36 funnes
893 1371 213 48 tillgänglig
1149 1375 53 32 att
1242 1371 146 36 inträda
1420 1372 13 34 i
1463 1371 244 47 deputerades
1736 1371 116 37 ställe.
1911 1372 88 36 Med

399 1428 72 34 den
511 1427 229 46 utveckling,
784 1438 76 23 som
903 1423 229 38 riksbanken
1175 1425 131 36 vunnit
1338 1425 13 35 i
1381 1426 82 34 dess
1492 1425 100 36 olika
1620 1426 282 47 rörelsegrenar,
1933 1427 67 34 har

398 1481 181 35 utskottet
623 1483 122 32 ansett
787 1480 61 35 det
890 1479 250 47 fördelaktigt,
1186 1482 52 32 att
1279 1478 82 36 icke
1404 1478 93 36 blott
1533 1479 44 35 de
1612 1478 235 47 deputerade,
1880 1482 117 33 såsom

397 1534 143 45 hittills,
585 1534 143 47 egnade
771 1533 57 36 sin
861 1533 55 35 tid
944 1533 236 35 uteslutande
1209 1535 37 32 åt
1273 1533 140 35 vården
1442 1533 40 34 af
1504 1532 248 36 riksbankens
1782 1534 217 46 angelägen-

398 1589 114 43 heter,
542 1592 91 31 utan
663 1588 53 35 att
745 1587 107 35 äfven
882 1587 72 34 den
982 1585 258 37 vikarierande
1270 1584 244 49 deputerades
1542 1584 56 37 tid
1618 1585 131 51 kunde
1763 1587 236 35 uteslutande

398 1646 105 42 tagas
531 1641 12 35 i
573 1640 163 48 anspråk
776 1640 56 35 för
875 1651 137 24 samma
1055 1639 171 36 ändamål
1268 1642 94 33 samt
1405 1641 53 33 att
1492 1636 120 38 denne
1643 1638 129 46 derför,
1804 1643 101 32 utom
1935 1651 63 24 nu-

397 1695 161 35 varande
602 1694 197 47 åliggande
843 1697 54 32 att
937 1693 118 35 under
1099 1693 72 35 den
1213 1692 65 45 tid,
1316 1693 46 35 då
1392 1692 183 36 ordinarie
1605 1692 203 48 deputerad
1838 1693 163 48 åtnjuter

398 1748 175 47 ledighet,
605 1748 187 36 äfvensom
822 1747 63 35 vid
913 1746 179 46 tillfälligt
1120 1745 120 36 förfall
1268 1746 56 35 för
1351 1747 124 46 någon
1505 1746 40 35 af
1569 1746 236 47 deputerade,
1841 1746 159 48 fullgöra

399 1803 139 34 dennes
567 1799 235 49 åligganden,
829 1800 138 48 jemväl
996 1800 119 35 skulle
1145 1799 109 36 hafva
1283 1799 215 48 skyldighet
1527 1803 53 32 att
1608 1800 119 36 utföra
1752 1801 44 34 de
1817 1801 180 46 uppdrag,

399 1855 127 37 hvilka
554 1855 128 35 kunde
711 1855 133 35 honom
875 1854 40 35 af
938 1853 233 47 fullmägtige
1201 1853 190 36 anförtros.

558 1909 121 35 Jerate
722 1909 61 34 det
823 1907 183 36 utskottet
1047 1906 144 36 således
1224 1907 66 34 har
1318 1907 74 35 den
1420 1906 298 47 uppfattningen,
1750 1910 53 33 att
1831 1919 85 23 man
1946 1907 55 35 för

400 1962 240 36 undvikande
685 1962 39 35 af
759 1961 188 47 splittring
986 1961 12 35 i
1026 1960 248 36 riksbankens
1302 1960 226 47 förvaltning
1555 1960 13 35 i
1598 1960 123 36 stället
1747 1961 56 35 för
1830 1974 53 21 nu
1910 1960 89 36 före-

401 2016 128 46 slagna
556 2018 63 33 två
648 2015 259 36 vikarierande
938 2014 225 47 deputerade
1191 2012 225 37 fortfarande
1441 2016 118 33 såsom
1580 2012 132 37 hittills
1731 2014 66 35 bör
1816 2014 185 35 bibehålla

401 2082 46 22 en
489 2069 257 37 vikarierande
790 2069 213 47 deputerad,
1049 2080 110 35 synes
1203 2068 60 34 det
1291 2067 192 45 utskottet,
1519 2070 54 32 att
1606 2067 108 36 äfven
1743 2068 83 34 med
1854 2068 147 47 hänsyn

400 2123 57 35 till
499 2122 381 47 arbetsfördelningen
916 2122 134 35 mellan
1080 2122 45 34 de
1156 2122 222 45 deputerade
1409 2121 71 35 den
1509 2124 133 32 största
1671 2120 148 49 möjliga
1849 2122 112 34 enhet
1988 2121 13 34 i

399 2176 248 36 riksbankens
691 2176 151 48 styrelse
885 2174 65 36 bör
992 2174 282 36 åstadkommas.
1333 2174 125 36 Såsom
1490 2174 111 36 ofvan
1629 2175 148 43 anförts,
1808 2173 193 36 framhålla

400 2229 232 47 follmägtige
674 2230 13 34 i
730 2230 62 35 sitt
833 2230 173 47 yttrande
1048 2228 58 36 till
1152 2230 99 33 1900
1293 2230 57 33 års
1383 2227 280 46 bankoutskott,
1701 2231 52 33 att
1782 2226 118 48 enligt
1929 2227 72 36 den

403 2283 209 46 fördelning
654 2283 13 34 i
709 2283 211 46 göromålen
963 2281 135 36 mellan
1132 2280 45 36 de
1204 2282 62 35 två
1296 2281 183 36 ordinarie
1508 2281 235 47 deputerade,
1774 2293 76 24 som
1881 2280 121 36 blifvit
