1888 2816
524 176 277 27 Bankoutskottets
821 173 159 28 utlåtande
1002 182 36 17 nr
1059 173 45 26 29.
1545 170 16 28 7

741 410 68 39 Nr
841 408 66 41 29.

609 522 114 25 Ankom
744 522 43 25 till
809 521 169 31 riksdagens
999 520 95 25 kansli
1117 520 55 24 den
1192 520 15 24 2
1230 518 74 32 april
1327 519 67 24 1946
1417 517 37 24 kl.
1477 518 15 24 3
1514 524 53 16 em.

277 613 181 32 Utlåtande
487 615 10 28 i
523 611 186 40 anledning
737 621 41 21 av
805 610 236 38 fullmäktiges
1069 611 10 28 i
1106 607 333 39 riksgäldskontoret
1465 605 105 37 fram-

475 675 162 38 ställning
667 683 57 21 om
751 673 146 39 pension
926 672 35 30 åt
992 671 203 30 städerskan
1225 670 58 30 vid
1312 668 260 38 riksdagshuset

475 737 79 30 Elin
577 736 143 30 Matilda
744 735 161 38 Larsson,
928 734 88 37 född
1038 733 156 30 Persson.

123 848 14 29 I
161 846 163 31 skrivelse
345 845 52 31 till
418 845 284 29 bankoutskottet
722 843 69 30 den
814 843 39 29 21
880 851 93 21 mars
999 841 84 30 1946
1104 840 91 30 hava
1216 838 219 39 fullmäktige
1457 839 10 29 i
1488 837 86 30 riks-

79 899 259 40 gäldskontoret
370 898 188 35 hemställt,
593 900 52 27 att
676 897 171 29 utskottet
878 894 110 31 måtte
1019 893 131 31 föreslå
1182 893 190 38 riksdagen
1403 890 171 39 medgiva,

79 957 51 26 att
155 953 208 31 städerskan
387 952 58 30 vid
470 950 266 38 riksdagshuset
759 949 81 30 Elin
863 948 147 30 Matilda
1032 947 164 35 Larsson,
1221 946 88 30 född
1332 945 161 35 Persson,
1518 942 58 31 må

80 1007 81 30 från
184 1007 67 30 och
272 1006 82 30 med
377 1006 112 37 dagen
511 1005 80 29 näst
613 1003 89 30 efter
724 1003 78 35 den,
826 1001 46 31 då
895 1001 133 30 hennes
1053 999 215 39 anställning
1290 998 151 39 upphör,
1465 997 111 30 under

83 1060 53 30 sin
160 1059 221 31 återstående
405 1058 117 30 livstid
546 1067 44 20 av
613 1057 59 30 det
694 1056 113 30 under
830 1054 223 31 huvudtiteln
1077 1052 200 39 Riksdagen
1301 1052 68 30 och
1391 1052 78 30 dess
1493 1050 84 30 verk

81 1123 46 20 m.
155 1123 45 20 m.
226 1112 179 39 uppförda
430 1110 310 39 förslagsanslaget
765 1109 53 30 till
843 1107 189 40 pensioner
1057 1106 35 31 åt
1119 1106 23 30 f.
1170 1107 31 29 d.
1227 1104 351 39 befattningshavare

84 1176 45 20 m.
147 1166 38 30 fl.
205 1166 160 39 uppbära
384 1174 44 21 en
447 1164 87 38 årlig
552 1163 149 39 pension
719 1172 43 20 av
781 1162 64 30 300
863 1162 144 34 kronor,
1026 1159 85 31 varå
1129 1159 109 39 några
1257 1157 323 40 tilläggsförmåner

85 1220 32 39 ej
138 1219 58 31 må
217 1218 92 39 utgå.

128 1273 67 30 Till
218 1272 78 31 stöd
317 1271 125 31 härför
463 1271 90 29 hava
576 1268 223 40 fullmäktige
823 1268 120 31 anfört
965 1267 173 38 följande:

133 1335 97 30 »Med
251 1334 103 30 bifall
374 1333 55 30 till
451 1332 212 30 hemställan
687 1341 42 20 av
752 1330 293 30 bankoutskottet
1069 1329 10 30 i
1104 1327 181 31 utlåtande
1308 1337 44 20 nr
1375 1328 39 29 72
1436 1327 144 37 bemyn-

86 1379 124 39 digade
230 1379 83 29 1943
331 1378 56 30 års
405 1377 142 38 riksdag
566 1375 222 39 fullmäktige
806 1375 11 29 i
834 1374 341 39 riksgäldskontoret
1193 1375 50 27 att
1260 1372 11 30 i
1288 1370 294 32 förekommande

86 1424 62 29 fall
169 1423 136 30 besluta
326 1421 182 39 angående
528 1420 249 39 pensionering
798 1429 43 20 av
863 1419 160 29 arbetare
1044 1418 59 29 vid
1122 1417 351 38 riksgäldskontoret,
1495 1415 86 30 riks-

87 1468 130 38 dagens
239 1468 76 34 hus,
337 1465 368 39 riksdagsbiblioteket
728 1466 90 28 samt
840 1462 148 39 justitie-
1011 1462 66 30 och
1098 1460 485 37 militieombudsmansexpe-

86 1512 201 30 ditionerna
310 1511 108 37 enligt
439 1510 42 30 de
503 1509 163 39 grunder,
689 1518 76 20 som
786 1507 146 38 angivas
955 1507 11 29 i
986 1506 236 37 kungörelsen
1246 1505 68 29 den
1337 1505 41 29 30
1400 1504 76 39 juni
1500 1503 82 30 1942

92 1556 53 39 (nr
171 1556 74 38 696)
274 1556 81 29 med
380 1553 222 31 föreskrifter
629 1552 181 38 angående
836 1550 250 40 pensionering
1111 1559 43 21 av
1180 1549 69 30 viss
1277 1547 307 40 arbetarpersonal

90 1601 10 29 i
121 1604 130 27 statens
272 1600 119 38 tjänst.

135 1645 67 30 För
221 1644 204 30 erhållande
445 1653 43 20 av
506 1642 149 39 pension
675 1641 107 39 enligt
799 1640 153 30 berörda
970 1639 211 38 kungörelse
1200 1638 179 30 erfordras
1398 1637 107 30 bland
1525 1646 59 20 an-

91 1693 70 32 nat,
182 1692 50 27 att
250 1689 186 30 arbetaren
454 1687 112 30 under
582 1696 45 21 en
646 1686 51 30 tid
714 1695 42 20 av
775 1684 236 38 sammanlagt
1029 1684 108 29 minst
1155 1683 136 30 femton
1310 1682 39 30 år
1368 1682 89 30 efter
1475 1681 109 38 fyllda

91 1734 146 30 aderton
264 1733 39 30 år
330 1731 162 31 innehaft
519 1731 110 30 sådan
655 1729 214 38 anställning
897 1729 10 29 i
934 1731 131 28 statens
1091 1727 118 39 tjänst,
1238 1736 75 21 som
1339 1726 132 39 utgjort
1496 1726 89 29 hans

91 1777 257 38 huvudsakliga
373 1775 265 40 sysselsättning
665 1775 66 29 och
754 1773 268 31 förvärvskälla.
1059 1772 117 38 Enligt
1199 1772 68 29 vad
1288 1770 224 38 fullmäktige
1537 1770 49 29 in-

91 1823 137 29 hämtat
249 1822 91 29 lärer
360 1830 43 20 en
423 1819 215 38 anställning
659 1819 122 29 kunna
801 1827 103 21 anses
925 1826 84 21 vara
1031 1826 42 20 av
1096 1816 220 30 sistnämnda
1338 1818 105 27 natur
1464 1814 123 30 endast

93 1867 117 29 därest
229 1866 67 30 den
316 1865 139 38 dagliga
475 1863 215 31 arbetstiden
710 1862 132 39 utgjort
862 1861 108 30 minst
990 1856 62 41 4'/>
1073 1860 151 30 timmar.

138 1910 113 30 Sedan
275 1909 101 38 fråga
400 1918 48 20 nu
471 1907 226 39 uppkommit
722 1916 58 20 om
804 1905 149 39 pension
978 1904 35 30 åt
1038 1904 79 30 Elin
1144 1903 145 30 Matilda
1314 1904 163 34 Larsson,
1502 1902 86 30 född

93 1955 160 33 Persson,
276 1963 76 20 som
372 1953 112 29 under
504 1962 42 20 en
566 1951 90 38 följd
676 1961 42 19 av
738 1950 38 30 år
796 1950 90 29 varit
907 1949 152 30 anställd
1082 1948 116 29 såsom
1220 1948 182 29 städerska
1423 1947 58 29 vid
1502 1946 86 30 riks-

94 1999 189 38 dagshuset
310 1997 82 30 med
419 1996 114 38 daglig
561 1995 169 30 arbetstid
757 2004 43 20 av
828 1989 61 40 2!/2
919 1993 152 34 timmar,
1100 1992 37 30 få
1164 1991 233 38 fullmäktige,
1427 2001 74 20 som
1531 1990 58 29 vid

96 2052 89 20 ovan
212 2042 140 38 angivet
379 2040 223 30 förhållande
631 2039 75 30 icke
736 2048 83 21 anse
849 2038 50 38 sig
927 2036 257 38 bemyndigade
1213 2039 50 27 att
1292 2036 136 29 besluta
1457 2036 10 28 i
1494 2035 95 29 detta

96 2086 308 39 pensionsärende,
429 2084 191 38 hänskjuta
643 2084 195 29 detsamma
861 2083 52 29 till
936 2081 308 30 bankoutskottets
1267 2080 211 38 avgörande.

140 2131 79 29 Elin
240 2130 164 34 Larsson,
429 2139 74 19 som
526 2128 107 37 enligt
656 2127 165 37 bifogade
844 2125 220 38 åldersbetyg
1086 2126 39 28 är
1147 2125 85 29 född
1255 2125 67 29 den
1348 2125 38 28 12
1408 2124 63 38 juli
1496 2123 93 34 1884,

97 2177 38 27 är
157 2175 91 29 änka
272 2174 89 29 efter
383 2172 428 37 renhållningsarbetaren
834 2171 115 29 Johan
973 2170 83 29 Olof
1076 2170 162 33 Larsson,
1261 2169 118 29 vilken
1400 2168 100 29 avled
1523 2168 67 29 den

99 2220 38 28 14
163 2218 90 38 april
282 2219 93 28 1936.
414 2216 116 38 Enligt
553 2215 289 38 bouppteckning
870 2213 158 30 utvisade
1055 2213 169 29 dödsboet
1251 2222 41 20 en
1320 2212 202 38 behållning
1549 2221 42 20 av

98 2262 162 36 omkring
288 2263 63 28 600
378 2262 141 28 kronor.
560 2259 93 30 Från
683 2259 222 29 Stockholms
934 2258 77 28 stad
1039 2258 63 28 har
1130 2257 78 29 Elin
1238 2257 154 29 Larsson
1420 2255 171 30 alltsedan

98 2315 171 21 mannens
291 2305 69 29 död
383 2303 142 39 åtnjutit
548 2303 158 38 pension,
730 2312 75 20 som
829 2302 55 29 för
908 2300 221 30 närvarande
1151 2300 101 37 utgår
1274 2300 81 29 med
1376 2301 63 28 695
1460 2300 132 28 kronor

98 2350 56 29 för
178 2349 47 30 år.
264 2348 115 38 Några
402 2348 87 29 barn
514 2347 119 29 finnas
659 2347 75 29 icke
760 2346 9 29 i
794 2345 243 37 äktenskapet.

143 2393 177 30 Alltsedan
350 2393 83 28 1919
461 2392 65 28 har
552 2391 79 29 Elin
657 2390 153 29 Larsson
838 2389 162 29 innehaft
1026 2387 213 37 anställning
1268 2387 116 30 såsom
1412 2387 181 29 städerska

100 2438 11 29 i
136 2437 264 37 riksdagshuset
427 2436 110 29 under
563 2436 42 28 de
631 2434 97 35 tider,
755 2434 44 29 då
825 2433 188 35 riksdagen
1039 2431 88 30 varit
1153 2432 145 33 samlad,
1324 2431 171 38 varjämte
1522 2431 70 29 hon

101 2482 57 29 vid
188 2482 112 29 behov
333 2480 111 30 under
475 2480 141 28 kortare
650 2478 86 30 tider
767 2477 145 37 deltagit
945 2477 9 28 i
987 2475 327 40 rengöringsarbete
1347 2476 128 29 mellan
1508 2475 85 29 riks-
