2202 2632
413 186 20 36 2
895 190 236 40 Lagutskottets
1160 189 173 36 Utlåtande
1355 191 67 33 N:o
1448 192 32 32 8.

520 281 19 35 I
579 281 258 46 sammanhang
873 281 81 35 med
991 281 117 35 denna
1144 281 222 47 proposition
1399 282 66 35 har
1494 282 177 35 utskottet
1699 281 57 37 till
1783 282 222 48 behandling

413 334 157 36 förehaft
597 346 44 23 en
669 334 83 35 med
780 334 195 47 anledning
1002 334 41 35 af
1066 334 268 48 propositionen
1362 335 95 35 inom
1479 335 131 47 Andra
1629 336 219 35 Kammaren
1866 336 40 35 af
1921 336 85 35 herr

412 389 36 35 J.
489 388 124 36 Widén
639 387 164 48 afgifven
832 387 142 45 motion,
1005 400 60 23 n:o
1096 390 83 42 152,
1211 388 150 36 hvilken
1385 388 136 48 jemväl
1549 388 122 36 blifvit
1695 389 57 35 till
1771 389 235 47 lagutskottet

413 441 254 37 öfverlemnad.

519 495 280 46 Ifrågavarande
827 494 133 36 motion
989 500 40 30 är
1056 495 39 35 af
1119 494 159 49 följande
1306 495 152 47 lydelse:

528 564 10 15 »
547 548 63 35 Uti
645 547 111 48 nådig
793 547 231 48 proposition,
1060 561 59 22 n:o
1155 551 34 42 9,
1223 548 58 35 till
1308 548 244 36 innevarande
1580 551 57 33 års
1665 548 165 48 Riksdag
1857 549 149 35 föreslår

414 602 132 46 Kongl.
585 601 106 49 Maj:t
725 601 128 35 sådant
885 601 128 47 tillägg
1039 601 57 36 till
1123 602 121 46 kongl.
1277 601 257 48 förordningen
1562 602 70 35 den
1662 605 20 32 6
1713 602 160 35 februari
1904 605 99 33 1849

413 655 185 48 angående
638 654 75 37 viss
754 654 55 36 tid
850 655 54 35 för
944 655 153 35 klander
1132 655 40 35 af
1204 656 159 46 husesyn
1391 656 133 34 mellan
1553 655 143 35 enskild
1720 655 189 49 jordegare
1937 657 69 34 och

413 709 143 44 landbo,
599 711 53 33 att
692 708 97 36 hvad
830 708 12 35 i
882 709 157 34 nämnda
1072 708 212 47 förordning
1318 714 38 29 är
1384 709 167 46 stadgadt
1579 709 55 35 för
1662 710 61 34 det
1752 708 73 45 fall,
1855 712 53 33 att
1935 709 69 35 till-

414 763 86 35 eller
541 762 317 48 afträdeshusesyn
899 762 168 35 förrättas
1108 762 40 35 af
1171 765 62 33 två
1270 763 250 43 nämndemän,
1560 762 93 35 skall
1681 775 67 34 ega
1776 762 230 47 tillämpning

410 816 135 48 jemväl
573 816 63 37 der
663 816 112 35 sådan
804 828 66 35 syn
897 816 113 35 hålles
1039 815 39 35 af
1102 815 156 49 ojäfvige
1287 821 92 38 män,
1409 816 128 35 hvilka
1560 816 74 35 förr
1653 815 96 36 varit
1766 817 239 34 nämndemän

414 869 97 36 inom
540 869 61 35 det
627 868 169 48 tingslag,
827 870 62 34 der
916 881 116 35 synen
1059 881 82 35 eger
1168 882 92 31 rum,
1291 869 65 35 och
1383 869 63 35 vid
1474 869 101 35 tiden
1603 869 55 35 för
1686 881 134 36 synens
1839 869 166 35 hållande

414 928 60 30 äro
502 922 57 36 till
587 921 103 49 dylik
717 922 204 47 befattning
949 922 97 35 inom
1074 922 197 47 tingslaget
1298 922 154 36 valbare.

521 976 130 36 Denna
690 975 223 48 proposition
948 981 42 31 är
1026 975 185 41 föranledd
1244 976 41 35 af
1308 975 228 47 Riksdagens
1565 975 191 37 skrifvelse
1785 976 70 34 den
1884 978 21 32 8
1935 976 69 47 maj

418 1032 111 42 1900,
560 1029 55 35 uti
641 1028 152 48 hvilken
820 1029 142 47 begärts
991 1029 133 49 förslag
1145 1029 63 43 til
1234 1029 215 47 lagändring
1477 1030 13 34 i
1518 1029 107 36 ofvan
1649 1029 160 47 antydda
1827 1028 178 47 rigtning;

414 1084 66 34 och
522 1095 64 23 var
627 1081 118 36 denna
787 1081 188 39 skrifvelse
1013 1084 76 37 åter
1125 1081 188 36 föranledd
1340 1082 40 34 af
1404 1094 45 23 en
1477 1082 83 35 utaf
1584 1082 145 35 enskild
1757 1082 251 47 riksdagsman

414 1136 109 36 väckt
550 1135 134 36 motion
712 1135 14 35 i
753 1135 136 47 frågan.
946 1135 57 35 Af
1027 1135 102 35 dessa
1156 1134 168 48 framgår,
1355 1138 53 32 att
1436 1135 61 36 det
1516 1135 190 47 praktiska
1726 1135 175 45 ändamål,
1923 1147 85 23 man

414 1190 83 35 med
525 1190 60 35 det
611 1188 211 48 ifrågasatta
849 1189 272 46 lagstadgandet
1147 1188 97 36 velat
1270 1188 119 44 vinna,
1412 1194 39 29 är
1470 1191 53 33 att
1542 1188 160 49 afhjelpa
1721 1189 71 34 den
1811 1188 194 47 svårighet,

415 1256 74 22 som.
522 1256 61 31 nu,
614 1244 45 34 då
685 1242 217 36 valfriheten
930 1247 40 29 är
997 1241 194 36 inskränkt
1217 1241 68 36 till.
1302 1241 269 48 tjenstgörande
1598 1242 250 44 nämndemän,
1879 1242 128 34 under-

415 1297 167 35 stundom
611 1296 193 35 förefinnes
832 1299 51 32 att
910 1296 99 34 finna
1037 1295 82 35 fullt
1146 1295 171 47 lämplige
1345 1295 290 47 syneförrättare.

522 1351 73 34 Det
629 1349 118 47 gifves
782 1348 199 36 emellertid
1009 1361 45 22 en
1081 1361 119 22 annan
1228 1348 57 36 till
1313 1361 133 22 samma
1474 1349 72 35 mål
1574 1348 168 48 syftande
1771 1348 153 47 ändring
1952 1348 55 35 uti

414 1403 274 47 ifrågavarande
730 1403 231 46 stadganden,
1004 1402 108 36 hvars
1146 1401 218 47 vidtagande
1401 1402 186 47 samtidigt
1614 1414 108 35 synes
1751 1401 74 48 mig
1852 1401 156 49 förtjena

414 1461 102 43 tagas
557 1457 115 35 under
712 1456 278 47 öfvervägande:
1034 1455 256 47 upphäfvande
1327 1455 39 35 af
1397 1456 70 34 den
1499 1454 271 48 inskränkning
1798 1455 13 35 i
1838 1455 169 36 afseende

415 1513 46 44 på
502 1510 317 48 syneförrättarne,
862 1513 52 32 att
955 1510 44 34 de
1041 1508 100 36 skola
1174 1521 87 24 vara
1294 1509 80 35 från
1401 1510 61 34 det
1490 1509 112 35 härad
1630 1509 88 35 eller
1746 1508 166 48 tingslag,
1944 1509 65 35 der

415 1576 116 35 synen
559 1576 83 35 eger
669 1576 91 26 rum.

522 1618 19 34 I
577 1616 378 48 husesynsordningen
991 1616 40 35 af
1062 1616 68 35 den
1162 1618 46 33 18
1234 1615 71 48 juli
1337 1617 95 33 1681
1465 1615 206 44 föreskrefs,
1703 1618 63 41 att,
1798 1620 65 30 när
1890 1615 118 35 bonde

416 1671 86 35 eller
531 1683 119 23 annan
677 1670 67 35 åbo
773 1670 84 35 ville
884 1670 168 34 hemman
1079 1669 168 44 tillträda,
1279 1669 213 35 husbonden
1520 1670 89 46 egde
1628 1669 97 35 kalla
1752 1668 75 36 »till
1846 1667 155 37 vittnes»

415 1728 133 32 tvenne
588 1724 258 34 »nämndemän
874 1723 86 35 eller
988 1723 109 35 andre
1124 1722 206 46 trovärdige
1358 1723 239 43 dannemän»,
1628 1735 74 22 som
1733 1725 100 32 strax
1860 1721 148 48 tillsyna

416 1778 130 36 honom
589 1778 113 34 husen
740 1778 90 34 hvar
864 1777 54 34 för
946 1776 66 48 sig.
1069 1775 124 48 Enligt
1222 1776 98 35 detta
1348 1776 196 46 stadgande
1572 1776 100 35 torde
1702 1776 61 35 det
1790 1775 80 35 icke
1898 1774 111 36 hafva

416 1830 94 36 varit
552 1831 40 35 af
628 1833 119 44 någon
789 1830 193 48 betydelse,
1020 1842 55 23 om
1113 1829 304 48 syneförrättarne
1446 1829 87 35 eller
1568 1828 203 36 »vittnena»
1806 1828 93 36 varit
1926 1828 82 35 från

416 1885 60 34 det
504 1885 122 44 härad,
657 1884 64 35 der
749 1884 219 46 egendomen
997 1896 64 22 var
1087 1883 162 47 belägen,
1280 1882 101 35 alltid
1410 1883 44 34 de
1482 1882 104 48 eljest
1613 1882 94 36 varit
1736 1881 178 48 lämplige.

523 1939 18 34 I
573 1940 98 33 1734
701 1939 58 33 års
787 1937 67 46 lag,
885 1936 342 48 byggningabalken
1257 1936 81 47 kap.
1372 1938 45 33 27
1449 1936 22 46 8
1503 1939 21 32 8
1554 1935 244 45 föreskrifves,
1825 1939 52 32 att
1895 1935 112 35 sådan

416 1991 169 48 husesyn,
617 2004 72 23 som
719 1991 67 35 här
814 1996 39 29 är
879 1990 13 35 i
920 1990 112 47 fråga,
1063 1990 90 35 skall
1181 1990 115 35 hållas
1323 2002 125 34 genom
1488 1993 150 32 »tvenne
1666 1989 164 47 oveldige
1859 1994 82 30 män
1970 1988 42 34 af

415 2046 223 45 nämnden»;
668 2045 67 35 och
763 2044 13 35 i
804 2044 119 46 kongl.
955 2043 257 47 förordningen
1241 2043 70 35 den
1341 2046 20 31 6
1391 2042 161 36 februari
1575 2046 97 33 1849
1694 2042 194 47 återgifves
1908 2042 99 35 detta

415 2100 49 39 så,
509 2102 53 32 att
598 2099 60 34 det
694 2098 94 35 skall
817 2098 63 34 ske
908 2097 40 35 af
980 2099 80 33 »två
1086 2097 240 35 nämndemän
1354 2096 12 35 1
1394 2096 151 48 behörig
1573 2096 191 47 ordning».
1823 2096 71 34 Det
1922 2097 81 40 sätt,

415 2151 138 48 hvarpå
581 2152 101 35 dessa
711 2152 231 46 stadganden,
974 2150 171 36 särskildt
1173 2151 61 34 det
1262 2150 246 35 förstnämnda
1527 2150 40 35 af
1583 2150 89 44 dem,
1695 2149 170 43 affattats,
1887 2147 120 48 gifver

415 2205 58 35 väl
501 2206 63 35 vid
591 2206 154 43 handen,
777 2208 52 32 att
855 2204 226 47 lagstiftarne
1109 2203 105 36 tänkt
1243 2205 46 45 på
1316 2203 194 37 ledamöter
1538 2203 40 35 af
1603 2215 44 25 en
1676 2203 74 36 viss
1778 2202 143 44 nämnd,
1945 2201 61 36 det

415 2258 130 36 härads
573 2259 143 44 nämnd,
748 2259 64 34 der
840 2270 123 35 synen
981 2257 116 36 skulle
1125 2257 124 35 hållas.
1308 2257 95 44 Men,
1435 2257 178 35 måhända
1635 2259 116 33 såsom
1772 2255 233 36 reminiscens
