2173 2675
655 165 343 34 Jordbruksutskottets
1020 167 163 33 utlåtande
1205 169 51 31 Nr
1278 169 51 32 91.
1732 171 18 32 7

323 243 73 38 Till
437 244 159 38 berörda
639 246 376 50 statsrådsprotokoll
1063 248 69 36 har
1177 248 416 50 departementschefen
1636 252 12 36 i
1690 252 104 37 detta

196 296 137 38 ärende
362 297 126 37 anfört
516 297 182 50 följande:
1096 344 9 7 .

325 349 104 37 »Hos
474 350 141 49 Kungl.
663 350 107 49 Maj:t
814 351 69 37 har
928 357 127 32 västra
1084 353 289 50 Östergötlands
1402 355 393 39 andelsfrukttorkeri-

196 401 178 49 förening
414 416 36 22 u.
492 416 36 36 p.
572 416 31 23 a.
646 403 12 36 i
700 403 196 38 skrifvelse
937 404 73 37 den
1041 407 44 35 19
1109 406 152 49 januari
1291 408 96 35 1911
1432 408 165 48 anhållit,
1628 415 61 44 att
1709 410 85 37 från

193 453 140 50 Starby
365 454 311 50 kungsladugård
704 468 61 23 om
797 457 97 40 10/7
933 458 141 35 mantal
1101 458 102 36 inom
1233 458 56 37 S:t
1315 459 91 37 Pers
1435 460 138 37 socken
1602 461 41 36 af
1667 461 129 37 Öster-

192 505 180 49 götlands
412 506 62 37 län
515 509 117 35 måtte
673 506 57 38 till
766 508 225 50 föreningen
1019 510 118 37 under
1164 510 224 49 äganderätt
1415 513 174 49 upplåtas
1618 519 54 31 ett
1699 517 20 33 å
1747 528 47 23 en

193 558 265 50 ansökningen
490 558 170 52 bifogad,
690 560 40 36 af
760 560 447 39 distriktslandtmätaren
1236 562 45 37 G.
1311 563 58 37 W.
1399 564 200 50 Mäntzing
1626 568 40 34 år
1696 567 95 36 1911

193 610 107 37 öfver
326 616 149 31 »västra
503 611 291 48 Östergötlands
822 613 361 38 frukttorkeritomt»
1209 616 203 48 upprättad
1432 617 107 36 karta
1558 618 86 36 med
1662 618 132 49 blågrå

193 661 86 51 färg
306 663 166 37 utmärkt
500 664 161 36 område.

322 715 73 36 Till
438 716 84 36 stöd
564 716 58 37 för
665 717 261 50 ansökningen
967 717 68 38 har
1068 719 224 49 föreningen
1321 721 134 48 anfört,
1486 728 53 30 att
1567 722 226 50 föreningen

193 766 123 50 enligt
356 768 81 36 sina
479 768 156 50 stadgar
662 769 97 37 hade
787 770 57 36 till
872 770 174 37 ändamål
1076 777 53 31 att
1157 771 240 51 tillvarataga
1424 774 270 38 fruktskörden
1722 776 71 37 och

192 819 117 36 andra
327 820 319 49 trädgårdsalster
664 821 12 36 i
696 827 108 31 orten
823 827 98 31 samt
941 823 221 49 därigenom
1182 824 92 37 söka
1298 831 95 42 göra
1412 826 382 51 trädgårdsodlingen

193 884 103 23 mera
309 872 162 37 lönande
486 873 71 36 och
572 872 185 38 omfattad
772 874 83 37 med
874 879 120 33 större
1008 875 157 37 intresse
1181 876 113 37 bland
1309 877 285 51 befolkningen,
1611 885 54 31 ett
1680 880 111 49 syfte,

194 935 80 24 som
303 924 85 37 med
408 925 151 37 fullaste
576 929 77 33 rätt
672 926 105 37 torde
796 926 130 37 kunna
945 927 119 37 kallas
1084 927 298 52 allmännyttigt.
1420 930 57 37 Då
1494 944 51 23 nu
1565 931 227 50 föreningen

194 988 88 24 vore
310 976 13 36 i
350 976 119 37 behof
493 978 42 35 af
560 982 54 32 ett
642 979 151 36 område
813 979 58 36 för
891 979 82 37 sina
992 980 290 49 anläggningar,
1303 982 97 36 hade
1420 982 226 50 föreningen
1666 984 126 37 funnit

192 1026 72 38 den
305 1029 242 49 lämpligaste
575 1030 147 50 platsen
749 1044 91 23 vara
867 1031 106 37 invid
1001 1032 191 37 Vadstena
1221 1033 232 38 omedelbart
1480 1035 99 37 intill
1606 1036 186 49 landsväg

190 1080 71 35 och
284 1081 289 50 järnvägsspår.
630 1082 72 37 Det
729 1083 97 36 hade
854 1084 192 49 nämligen
1074 1084 100 37 visat
1202 1085 61 48 sig
1286 1086 237 49 nödvändigt
1544 1093 53 31 att
1617 1088 175 49 förlägga

191 1131 184 38 torkeriet
416 1136 51 44 så,
512 1138 57 31 att
601 1134 303 37 försändelserna
931 1136 55 36 dit
1014 1137 70 36 och
1113 1137 166 37 därifrån
1307 1138 126 37 kunde
1462 1139 66 37 ske
1556 1140 85 36 med
1669 1140 123 49 lägsta

191 1184 160 49 möjliga
378 1186 214 48 kostnader,
622 1200 61 22 om
711 1188 119 48 priset
857 1190 48 47 på
934 1188 74 36 den
1037 1189 191 36 förädlade
1251 1203 117 23 varan
1388 1191 119 37 skulle
1526 1192 129 36 kunna
1673 1192 118 37 hållas

190 1235 79 37 lika
296 1237 80 49 lågt
404 1251 81 23 som
514 1241 20 33 å
561 1239 179 36 utländsk
763 1240 186 49 jämngod
977 1240 113 37 frukt.
1134 1241 137 49 Någon
1300 1256 124 23 annan
1453 1246 40 34 så
1511 1244 162 48 belägen
1692 1245 99 49 plats

194 1287 139 38 funnes
362 1290 209 36 emellertid
599 1291 81 36 icke
710 1297 114 31 annat
852 1297 48 31 än
927 1295 49 46 på
1003 1293 161 36 berörda
1192 1294 320 49 kronoegendom.

320 1341 56 37 Af
399 1342 277 50 handlingarna
704 1344 12 35 1
744 1344 153 37 ärendet
925 1345 199 47 inhämtas,
1154 1345 114 37 bland
1299 1352 126 42 annat,
1455 1348 178 49 följande.

320 1393 297 50 Ifrågavarande
658 1396 58 36 till
743 1396 116 50 inköp
887 1397 224 49 ifrågasatta
1140 1398 161 49 område,
1331 1412 80 23 som
1440 1405 41 31 är
1508 1400 151 50 beläget
1686 1402 105 36 invid

193 1443 191 55 Vadstena
407 1447 330 49 järnvägsstation
766 1448 71 36 och
866 1449 191 36 allmänna
1083 1449 237 50 landsvägen
1348 1451 138 37 mellan
1512 1452 190 39 Vadstena
1721 1454 71 37 och

192 1499 191 51 Ödeshög,
426 1502 206 37 innehåller
673 1517 47 23 en
760 1504 101 36 areal
899 1505 40 36 af
978 1506 81 36 12.5
1101 1519 40 22 ar
1174 1506 70 36 och
1277 1512 40 31 är
1350 1510 20 33 å
1398 1521 46 23 en
1472 1509 42 35 af
1538 1513 103 32 extra
1669 1510 122 37 landt-

192 1557 172 32 mätaren
404 1554 35 36 J.
470 1554 216 50 Stånggren
727 1559 41 33 år
798 1558 98 35 1910
926 1557 106 37 öfver
1060 1557 159 37 berörda
1247 1558 312 51 kungsladugård
1588 1563 202 48 upprättad

193 1604 108 36 karta
327 1606 168 36 utmärkt
523 1609 124 34 såsom
675 1608 225 49 ägofiguren
928 1622 45 23 nr
1001 1611 85 34 323.

320 1657 397 38 Domänintendenten
758 1661 12 35 i
811 1661 101 36 länet
953 1662 67 35 har
1060 1662 12 35 i
1109 1662 156 36 ärendet
1292 1668 118 44 yttrat
1437 1664 114 37 bland
1581 1672 125 41 annat,
1737 1672 55 31 att

190 1707 159 38 berörda
385 1710 245 49 jordområde
658 1714 124 34 såsom
810 1712 151 49 beläget
988 1713 99 36 intill
1116 1713 192 38 Vadstena
1337 1715 311 39 stationsområde
1677 1720 114 35 onek-

190 1760 105 48 ligen
337 1762 121 36 skulle
484 1762 126 49 lämpa
638 1763 61 49 sig
726 1764 165 37 särdeles
919 1766 61 35 väl
1008 1766 58 35 för
1093 1766 291 48 ifrågavarande
1413 1768 174 37 ändamål
1614 1776 98 30 samt
1736 1776 56 31 att

193 1812 271 49 afsöndringen
492 1815 82 36 icke
601 1817 48 46 på
676 1818 118 46 något
823 1820 76 32 sätt
927 1823 129 43 syntes
1085 1818 161 48 menligt
1273 1819 156 37 inverka
1456 1823 48 46 på
1532 1821 123 50 öfriga
1684 1823 107 36 delen

190 1864 42 35 af
256 1865 246 48 egendomen.
557 1866 240 38 Beträffande
840 1868 72 36 den
953 1868 267 50 köpeskilling,
1263 1884 81 23 som
1378 1872 290 49 ifrågavarande
1695 1880 96 31 tomt

190 1916 175 49 skäligen
405 1917 117 38 borde
563 1919 168 49 betinga,
775 1923 39 33 så
854 1920 117 37 borde
1013 1921 218 37 densamma
1268 1923 84 36 med
1380 1924 150 49 hänsyn
1558 1925 57 36 till
1643 1931 148 44 gängse

190 1969 218 48 tomtpriser
435 1971 13 34 i
476 1975 106 31 orten
611 1971 228 37 bestämmas
869 1973 94 36 efter
990 1975 48 34 40
1069 1978 63 31 öre
1150 1987 67 36 per
1237 1974 280 39 kvadratmeter
1537 1978 89 36 eller
1646 1979 143 37 således

191 2019 59 36 för
277 2020 84 37 hela
388 2022 228 48 lägenheten
645 2023 56 36 till
730 2025 73 35 500
832 2024 150 37 kronor.
1134 2068 10 8 .

323 2073 139 49 Kungl.
492 2075 126 49 Maj:ts
646 2074 424 52 befallningshafvande
1089 2077 12 36 i
1122 2077 288 50 Östergötlands
1429 2080 63 36 län
1512 2081 68 36 har
1599 2082 192 37 hemställt

190 2137 62 22 om
281 2124 106 37 bifall
415 2126 57 36 till
501 2127 263 49 ansökningen
792 2132 49 46 på
869 2129 40 36 af
933 2129 384 38 domänintendenten
1346 2131 216 51 föreslagna
1589 2133 147 37 villkor.

320 2177 73 37 Till
435 2178 96 50 följd
573 2180 41 36 af
651 2180 117 49 nådig
808 2181 135 37 remiss
985 2182 69 36 har
1091 2182 329 51 domänstyrelsen
1453 2186 57 35 uti
1537 2186 253 49 underdånigt

187 2229 178 47 yttrande
392 2229 74 38 den
496 2233 20 34 3
547 2245 100 23 mars
674 2234 95 35 1911
792 2233 123 37 anfört
938 2234 175 49 följande.
1158 2234 291 49 Ifrågavarande
1467 2237 322 50 kronoegendom,

187 2278 142 52 Starby
357 2281 322 51 kungsladugård,
712 2298 90 24 vore
830 2286 269 37 utarrenderad
1128 2287 59 36 för
1215 2288 245 37 statsverkets
1487 2289 167 50 räkning
1676 2291 12 35 i
1708 2286 83 59 fyra
