2210 2634
695 225 255 33 Statsutskottets
980 222 172 35 Utlåtande
1174 224 64 32 N:o
1260 226 51 30 52.
1735 223 20 32 5

201 314 110 48 sund,
352 314 12 36 i
400 313 123 37 denna
563 312 192 50 egenskap
795 311 147 51 uppbär
977 310 169 50 aflöning
1186 310 95 38 efter
1321 324 47 24 en
1405 310 238 50 timpenning
1680 309 40 38 af
1744 309 48 36 45

201 371 75 43 öre,
315 366 69 37 och
421 370 53 32 att
501 365 94 37 hans
624 364 227 37 årsinkomst
878 364 75 37 kan
980 363 183 38 beräknas
1196 363 57 36 till
1286 362 175 50 omkring
1496 363 109 47 1,400
1642 362 150 44 kronor,

202 431 85 24 men
315 423 55 32 att
397 418 75 36 han
499 417 12 36 i
540 417 116 49 öfrigt
689 416 136 37 saknar
852 416 214 49 tillgångar.
1122 416 53 36 På
1202 415 124 49 grund
1367 414 111 37 häraf
1503 415 69 36 och
1601 414 45 37 då
1674 413 120 38 utsikt

201 471 60 36 för
290 470 139 37 Temén
457 474 55 32 att
538 470 116 35 vinna
681 471 128 46 någon
838 468 173 37 afsevärd
1040 467 230 50 förbättring
1296 468 13 35 i
1331 467 63 37 sin
1422 466 247 38 ekonomiska
1692 465 102 38 ställ-

201 523 96 49 ning
324 522 81 37 icke
433 534 112 37 synes
573 521 187 49 styrelsen
788 520 217 47 förefinnas,
1025 533 109 23 anser
1161 520 184 48 styrelsen
1374 524 141 32 statens
1543 518 155 39 fordran
1725 518 70 36 hos

202 575 142 36 Temén
380 573 172 38 värdelös
590 578 98 32 samt
720 578 53 32 ett
805 572 238 38 vidhållande
1071 572 42 36 af
1136 571 397 51 fordringsanspråket
1558 575 92 33 utan
1678 584 115 36 gagn.

202 627 86 37 Med
330 627 147 48 hänsyn
517 626 126 36 härtill
685 625 70 37 och
783 625 56 37 till
867 624 101 38 hvad
995 624 140 37 Temén
1163 624 11 37 i
1204 623 261 50 ansökningen
1494 623 124 37 anfört
1645 622 13 37 1
1686 623 110 48 fråga

203 693 60 23 om
306 679 45 37 de
391 678 231 49 verkningar
648 678 13 36 i
688 677 176 50 psykiskt
905 676 225 47 hänseende,
1168 676 94 37 hans
1289 675 286 50 ifrågavarande
1603 675 109 37 skuld
1739 675 57 36 till

202 736 124 32 staten
353 730 192 37 medförde
573 730 58 36 för
659 730 151 47 honom,
839 730 121 36 finner
987 729 185 48 styrelsen
1200 728 62 37 det
1289 742 90 23 vara
1407 727 215 48 önskvärdt,
1648 732 54 31 att
1722 732 73 31 sta-

202 789 83 31 tens
326 785 48 47 på
415 781 244 39 förenämnda
696 782 127 48 utslag
856 781 195 50 grundade
1079 780 152 38 fordran
1259 780 68 37 hos
1356 780 140 37 Temén
1523 779 269 38 efterskänkes.

306 834 126 38 Under
465 834 272 37 framhållande
764 834 180 36 hurusom
975 834 95 36 1867
1113 836 61 33 års
1203 832 168 49 Riksdag
1399 831 209 50 (skrifvelse
1635 845 59 23 n:r
1724 829 71 50 15),

201 890 50 47 på
280 886 279 49 framställning
587 885 40 37 af
651 885 144 50 Kungl.
824 885 108 50 Maj:t
960 884 249 51 (proposition
1237 898 58 23 n:r
1326 883 72 50 15),
1427 883 200 49 medgifvit
1647 883 150 37 afskrif-

202 940 96 48 ning
334 953 44 22 ur
412 939 305 49 räkenskaperna
753 938 41 36 af
829 937 45 37 de
903 937 99 38 förre
1029 936 357 39 lokomotivföraren
1415 935 44 37 G.
1496 936 44 36 A.
1574 935 93 38 Riex
1698 935 12 39 i
1742 939 55 32 ett

202 991 178 37 liknande
425 991 73 36 mål
518 990 170 48 ådömda,
722 990 41 36 af
787 989 189 37 allmänna
1004 989 119 37 medel
1155 988 191 39 bestridda
1374 988 255 49 ersättningar
1656 1001 48 24 m.
1735 1000 61 34 m.,

203 1044 68 36 har
294 1043 371 50 järnvägsstyrelsen
693 1042 128 37 därför
850 1042 201 46 hemställt,
1090 1045 53 32 att
1171 1041 120 36 Eders
1319 1040 142 49 Kungl.
1490 1040 107 50 Maj:t
1624 1039 89 37 ville
1741 1039 56 36 till

202 1096 217 49 Riksdagen
448 1095 109 37 aflåta
584 1094 117 50 nådig
728 1094 234 50 proposition
990 1093 140 48 därom,
1148 1099 54 31 att
1222 1093 45 37 de
1285 1106 50 23 nu
1354 1092 299 49 ifrågavarande,
1674 1096 124 33 staten

203 1147 224 38 tillerkända
467 1147 136 50 belopp
639 1147 104 49 finge
770 1160 44 23 ur
853 1146 304 50 räkenskaperna
1195 1145 199 37 afskrifvas
1424 1144 68 37 och
1521 1144 201 50 anspråket
1750 1146 49 47 på

203 1200 212 48 ersättning
444 1199 35 37 af
508 1199 141 37 'Temén
676 1198 60 37 för
763 1198 110 37 dessa
900 1198 138 50 belopp
1067 1197 159 37 förfalla.

307 1302 235 37 Beträffande
584 1302 161 36 Teméns
787 1301 292 48 framställning,
1108 1300 13 36 i
1148 1300 101 37 hvad
1292 1300 71 37 den
1404 1299 98 37 afser
1535 1298 177 38 befrielse
1740 1298 59 37 för

203 1356 140 36 honom
371 1355 84 36 från
484 1354 219 48 skyldighet
731 1359 54 30 att
812 1353 149 49 utgifva
985 1352 213 49 ersättning
1217 1353 59 36 för
1294 1352 100 36 hvad
1414 1351 41 37 af
1469 1351 189 37 allmänna
1677 1351 121 36 medel

203 1410 126 46 utgått
356 1406 90 37 eller
472 1406 75 36 kan
573 1406 151 36 komma
753 1410 54 31 att
825 1408 94 45 utgå
933 1405 56 36 till
1014 1405 36 36 de
1068 1404 8 37 i
1091 1405 114 36 målet
1219 1404 196 49 angående
1429 1403 141 37 Temén
1584 1403 118 37 hörda
1716 1416 83 36 per-

204 1473 123 34 soner,
355 1459 68 36 har
449 1458 119 37 Eders
588 1458 141 48 Kungl.
746 1457 127 49 Maj:ts
888 1456 444 50 befallningshafvande
1313 1451 20 60 i
1351 1455 283 38 Västerbottens
1649 1456 74 46 län,
1743 1455 56 36 till

205 1512 95 49 följd
328 1511 41 37 af
393 1511 116 49 nådig
535 1510 146 48 remiss,
698 1509 152 50 afgifvit
873 1509 254 48 underdånigt
1146 1508 193 38 utlåtande
1359 1508 70 37 och
1448 1508 131 36 därvid
1598 1507 199 47 meddelat,

205 1568 66 43 att,
302 1563 118 49 enligt
448 1562 99 37 hvad
576 1575 139 36 genom
743 1561 280 37 vederbörande
1051 1561 237 49 kronofogde
1316 1560 124 37 blifvit
1467 1560 167 49 upplyst,
1655 1560 63 37 det
1736 1559 63 37 be-

204 1617 103 48 lopp,
337 1628 79 23 som
445 1615 41 36 af
509 1615 189 36 allmänna
725 1614 122 36 medel
874 1616 126 46 utgått
1029 1613 88 37 eller
1145 1612 198 37 framdeles
1371 1613 76 36 kan
1465 1612 150 36 komma
1634 1617 54 31 att
1706 1615 93 45 utgå

204 1668 58 36 till
290 1667 46 37 de
362 1667 13 36 i
403 1667 111 36 målet
543 1665 194 50 angående
763 1665 142 37 Temén
933 1665 116 37 hörda
1076 1678 192 36 personer,
1296 1670 114 43 utgör
1427 1664 278 49 sammanlagdt
1725 1665 72 34 371

205 1720 140 35 kronor
371 1720 49 34 44
449 1723 74 42 öre,
566 1717 110 37 däraf
716 1717 99 36 dock
856 1717 134 36 hittills
1020 1716 40 36 af
1093 1717 188 35 allmänna
1313 1716 120 37 medel
1461 1715 178 37 utbetalts
1668 1715 131 37 endast

207 1773 71 34 337
309 1770 140 36 kronor
492 1771 46 35 14
567 1775 74 41 öre,
683 1769 121 36 under
841 1769 62 36 det
932 1774 53 31 att
1013 1768 63 36 det
1105 1768 234 36 återstående
1365 1767 189 49 beloppet,
1585 1768 48 35 34
1662 1767 138 36 kronor

207 1824 48 35 30
284 1828 73 41 öre,
387 1835 81 23 som
497 1821 41 36 af
561 1821 262 38 häradsrätten
851 1821 211 38 tillerkänts
1091 1826 52 30 ett
1171 1820 121 37 vittne
1320 1819 12 36 i
1360 1820 124 46 målet,
1514 1820 41 36 af
1570 1819 139 36 vittnet
1728 1819 71 36 hit-

205 1875 77 36 tills
311 1874 31 49 ej
374 1874 142 48 lyftats.
572 1873 103 36 Enär
701 1873 63 36 vid
793 1873 125 36 hållna
945 1872 330 48 undersökningar
1302 1872 140 36 Temén
1469 1870 193 38 befunnits
1682 1871 118 36 sakna

205 1926 330 49 utmätningsbara
562 1926 207 48 tillgångar
797 1925 56 36 till
881 1924 289 49 ifrågavarande
1190 1924 140 37 medels
1358 1923 187 50 gäldande
1574 1923 70 36 och
1673 1925 127 46 någon

206 1978 249 46 sannolikhet,
485 1977 118 50 enligt
630 1977 119 37 Eders
778 1977 141 48 Kungl.
940 1976 127 49 Maj:ts
1085 1975 438 49 befallningshafvandes
1545 1975 254 46 förmenande,

207 2030 31 48 ej
270 2031 120 35 finnes
419 2029 59 36 för
506 2034 52 31 att
585 2029 96 36 hans
706 2029 244 36 ekonomiska
978 2028 182 48 ställning
1186 2028 149 36 komme
1364 2032 54 31 att
1445 2027 11 36 i
1485 2030 127 45 någon
1627 2026 173 37 afsevärd

207 2084 87 34 mån
336 2081 210 47 förbättras,
589 2081 67 35 har
691 2080 121 36 Eders
841 2080 141 48 Kungl.
1012 2079 126 48 Maj:ts
1167 2079 429 48 befallningshafvande,
1622 2079 104 35 såväl
1753 2081 47 46 på

207 2133 124 48 grund
369 2132 108 36 däraf
505 2145 79 23 som
614 2131 69 37 ock
711 2134 48 47 på
787 2131 123 48 grund
939 2131 41 36 af
1004 2131 98 36 hvad
1130 2130 139 36 Temén
1297 2130 56 36 till
1381 2130 83 36 stöd
1494 2130 56 36 för
1578 2129 59 37 sin
1664 2129 136 36 under-

207 2184 139 49 dåniga
365 2184 167 36 ansökan
562 2183 134 47 anfört,
726 2183 200 44 hemställt,
957 2188 64 40 att,
1051 2182 122 36 såvidt
1201 2183 139 35 Temén
1367 2182 131 36 vinner
1524 2181 174 37 befrielse
1719 2181 81 41 från

208 2235 216 50 skyldighet
453 2240 53 31 att
533 2234 168 50 utgifva
722 2235 72 35 den
836 2235 139 36 honom
1004 2234 54 36 till
1082 2234 372 48 järnvägsstyrelsen
1483 2232 158 38 ådömda
1669 2232 131 37 skade-

209 2288 220 48 ersättning,
459 2287 74 36 han
557 2287 143 50 jämväl
729 2289 114 33 måtte
871 2286 137 36 befrias
1038 2286 82 37 från
1149 2285 187 49 gäldande
1364 2286 41 36 af
1428 2285 98 36 hvad
1554 2285 42 36 af
1613 2285 187 37 allmänna

210 2340 119 37 medel
368 2339 175 49 utgifvits
586 2339 88 36 eller
715 2339 74 36 kan
827 2339 149 35 komma
1018 2342 52 32 att
1107 2338 168 48 utgifvas
1304 2337 53 37 till
1386 2338 11 35 i
1427 2336 271 37 ofvanberörda
1727 2337 72 36 mål

208 2391 195 50 angående
430 2391 138 36 'Temén
597 2391 117 36 hörda
741 2403 186 37 personer.
