1945 2831
258 144 41 31 d2
566 144 124 38 Tredje
709 146 245 40 lagutskottets
974 148 179 31 utlåtande
1171 158 43 20 nr
1232 149 42 30 50
1293 150 39 30 år
1352 150 84 30 1968

258 223 115 30 städer
395 224 46 30 ha
461 224 89 31 varit
572 225 138 31 relativt
732 227 75 39 god.
830 227 218 40 Hyresnivån
1072 230 96 30 torde
1192 230 102 30 alltså
1315 231 70 30 inte
1415 232 4 29 i
1441 232 195 30 nämnvärd
1659 232 83 40 grad

257 278 45 30 ha
322 278 186 40 påverkats
531 289 42 21 av
593 280 251 41 bristbetingad
867 282 213 41 efterfrågan
1101 284 45 40 på
1167 284 172 31 bostäder.
1362 286 126 30 Vidare
1509 286 145 41 började
1676 287 66 30 den

257 332 251 32 framväxande
534 334 337 41 hyresgäströrelsen
898 339 49 28 att
974 337 36 30 få
1036 339 47 29 ett
1109 339 61 29 allt
1197 340 109 29 större
1333 341 195 39 inflytande
1555 341 44 40 på
1625 342 116 39 hyres-

256 387 227 31 marknaden.

300 442 49 30 De
369 442 237 31 erfarenheter
627 444 65 29 och
712 445 224 40 värderingar
958 455 74 21 som
1051 456 61 20 var
1132 448 213 39 vägledande
1366 449 54 29 för
1444 449 81 30 1939
1547 449 55 30 års
1624 450 117 39 hyres-

255 496 206 39 lagsreform
484 497 111 30 måste
620 500 99 28 antas
744 499 45 30 ha
811 500 90 29 varit
924 501 164 39 präglade
1113 511 42 20 av
1178 502 41 30 de
1243 503 152 39 ovanligt
1420 511 230 32 gynnsamma
1673 505 69 30 för-

254 550 188 31 hållanden
465 561 75 20 som
562 552 147 31 sålunda
731 553 107 30 rådde
859 554 45 39 på
924 554 373 32 bostadsmarknaden.
1319 558 71 28 Mot
1412 558 229 39 bakgrunden
1663 559 78 29 här-

257 614 42 21 av
323 605 38 30 är
386 606 56 30 det
466 606 11 29 i
501 606 65 30 och
592 606 54 30 för
671 607 51 40 sig
746 607 70 31 inte
842 609 103 39 ägnat
971 610 48 29 att
1045 609 146 31 förvåna
1217 612 49 28 att
1295 611 81 30 1939
1403 611 55 31 års
1484 612 221 40 lagstiftning
1729 613 12 29 i

254 659 187 31 huvudsak
465 660 151 31 bibehöll
643 661 66 30 den
735 662 89 30 fulla
849 663 282 31 avtalsfrihetens
1158 665 136 40 princip
1321 666 10 29 i
1357 665 41 31 de
1425 665 54 31 för
1504 667 237 39 hyresförhål-

254 714 118 30 landet
390 715 155 30 centrala
562 715 164 40 frågorna
745 725 57 21 om
819 717 70 29 rätt
908 717 53 30 för
980 718 226 40 hyresgästen
1225 721 49 28 att
1292 719 43 30 bo
1354 720 85 30 kvar
1458 720 10 30 i
1487 720 66 30 den
1573 721 167 40 förhyrda

254 768 206 40 lägenheten
479 769 88 30 efter
585 770 227 31 avtalstidens
831 771 130 41 utgång
979 772 65 30 och
1063 781 56 21 om
1138 773 391 41 hyresprissättningen.

298 823 65 30 Det
386 832 63 21 var
473 824 192 30 emellertid
689 825 72 29 inte
785 825 85 31 bara
897 825 201 32 1930-talets
1124 827 10 29 i
1159 828 186 30 huvudsak
1370 829 228 31 balanserade
1623 830 117 40 hyres-

255 877 173 29 marknad
454 886 74 20 som
554 878 122 38 gjorde
700 880 50 27 att
775 879 219 39 lagstiftaren
1019 880 58 29 vid
1103 881 66 29 den
1195 882 95 28 tiden
1316 883 122 28 avstod
1464 883 79 29 från
1570 885 50 27 att
1645 893 95 20 mera

254 929 110 30 aktivt
382 930 138 40 ingripa
535 931 202 40 reglerande
755 931 44 41 på
816 932 334 40 hyresmarknaden.
1169 934 58 30 Ett
1246 935 107 30 minst
1372 936 70 30 lika
1462 936 184 41 väsentligt
1665 937 75 30 skäl

253 993 62 21 var
335 986 50 28 att
407 994 82 21 man
511 986 152 39 alltjämt
686 986 108 39 ansåg
816 987 51 39 sig
887 987 171 31 beroende
1081 998 41 20 av
1145 989 56 29 det
1224 990 159 30 enskilda
1405 990 185 31 initiativet
1613 992 54 29 för
1690 993 49 29 att

253 1038 121 30 kunna
404 1039 239 39 upprätthålla
675 1049 41 21 en
747 1041 69 39 hög
846 1041 64 29 och
940 1041 99 40 jämn
1071 1042 368 40 bostadsproduktion.
1470 1044 128 30 Alltför
1630 1045 109 40 långt-

253 1092 130 40 gående
401 1093 144 40 ingrepp
564 1093 11 30 i
592 1094 265 31 avtalsfriheten
875 1096 117 30 kunde
1011 1096 137 30 befaras
1168 1097 158 31 medföra
1343 1099 51 29 att
1413 1098 66 30 den
1497 1099 136 40 privata
1652 1099 87 31 före-

252 1147 241 38 tagsamheten
512 1147 84 40 drog
615 1148 52 39 sig
683 1149 119 29 undan
821 1149 79 29 från
918 1150 363 30 bostadsmarknaden
1300 1152 78 29 med
1398 1152 40 30 de
1457 1153 179 39 allvarliga
1655 1154 83 29 kon-

253 1201 185 29 sekvenser
457 1201 93 30 detta
569 1202 117 30 kunde
705 1203 77 29 föra
801 1203 79 30 med
900 1204 59 39 sig.

296 1255 193 30 Resultatet
512 1265 41 20 av
580 1255 200 31 1930-talets
804 1257 250 31 reformarbete
1078 1259 76 29 blev
1177 1269 41 19 en
1242 1260 162 40 hyreslag
1428 1270 75 20 som
1527 1261 211 30 åtminstone

252 1308 87 30 efter
361 1309 44 30 då
426 1310 127 39 gängse
573 1309 282 32 betraktelsesätt
875 1311 118 30 kunde
1016 1312 146 40 fungera
1183 1313 56 30 väl
1260 1313 45 40 på
1326 1323 42 20 en
1389 1315 317 31 bostadsmarknad
1728 1316 11 29 i

251 1362 122 30 balans
394 1372 79 20 men
495 1372 74 21 som
589 1372 61 21 var
670 1364 72 30 helt
762 1365 209 40 otillräcklig
990 1366 58 30 vid
1068 1376 95 20 mera
1184 1367 179 40 allvarliga
1383 1368 215 40 rubbningar
1619 1370 11 28 i
1649 1369 88 40 jäm-

250 1416 196 40 viktsläget.
466 1417 189 40 Följderna
674 1418 110 30 härav
804 1419 111 30 skulle
934 1419 75 30 visa
1030 1420 51 39 sig
1101 1420 94 30 inom
1217 1421 37 29 så
1274 1421 79 30 kort
1373 1422 50 29 tid
1444 1424 50 28 att
1513 1423 223 40 hyreslagens

250 1470 46 39 på
327 1471 265 30 avtalsfriheten
626 1472 178 39 grundade
836 1473 357 40 besittningsskydds-
1227 1475 65 29 och
1325 1476 412 40 hyressättningssystem

251 1524 111 39 aldrig
382 1524 83 30 kom
485 1524 12 30 i
516 1525 196 30 nämnvärd
731 1526 162 39 praktisk
912 1527 233 40 tillämpning.

296 1577 79 31 Som
407 1587 42 21 en
480 1578 90 40 följd
601 1588 42 21 av
672 1579 421 41 bostadsproduktionens
1126 1582 255 30 sammranbrott
1412 1584 111 29 under
1554 1584 41 30 de
1627 1584 110 31 första

251 1631 182 40 krigsåren
464 1633 156 39 uppkom
651 1633 242 30 bostadsbrist.
925 1634 175 31 Eftersom
1133 1636 94 30 detta
1259 1636 117 30 kunde
1407 1637 139 30 befaras
1578 1638 159 30 medföra

249 1686 305 40 hyreshöjningar,
584 1687 109 39 ansåg
721 1688 50 39 sig
800 1689 273 29 statsmakterna
1102 1691 156 38 tvungna
1286 1692 50 28 att
1365 1691 114 30 införa
1508 1692 227 39 priskontroll

249 1739 45 39 på
316 1740 334 39 hyresmarknaden.
675 1740 81 30 Som
779 1743 48 28 ett
849 1741 239 40 komplement
1111 1743 51 29 till
1185 1744 274 39 priskontrollen
1483 1745 182 31 fordrades
1689 1748 47 28 ett

250 1793 112 40 skydd
386 1793 56 30 för
464 1794 182 40 hyresgäst
671 1796 71 28 mot
768 1795 138 40 obilliga
932 1796 270 40 uppsägningar.
1228 1798 276 31 Priskontrollen
1529 1800 65 30 och
1618 1800 118 30 besitt-

249 1846 253 40 ningsskyddet
522 1849 100 38 utgör
642 1848 106 29 också
769 1857 75 21 som
863 1850 141 29 nämnts
1026 1850 56 29 det
1102 1851 258 40 huvudsakliga
1379 1852 191 31 innehållet
1590 1854 10 28 i
1620 1854 116 39 hyres-

248 1901 302 39 regleringslagen,
572 1910 73 21 som
664 1902 122 30 trädde
804 1903 12 29 i
835 1902 97 30 kraft
951 1903 66 30 den
1037 1903 40 30 30
1096 1904 78 37 juni
1197 1905 93 30 1942.
1310 1906 161 39 Hyrorna
1490 1907 104 30 låstes
1613 1908 11 29 i
1643 1908 94 39 prin-

249 1954 53 40 cip
323 1955 58 29 vid
402 1955 57 30 det
479 1955 74 39 läge
576 1964 74 21 som
672 1956 107 30 rådde
799 1957 58 29 vid
878 1957 173 40 ingången
1073 1967 42 21 av
1136 1958 38 30 år
1197 1958 94 31 1942.
1312 1960 116 39 Lagen
1450 1969 64 31 gav
1534 1961 202 40 visserligen

247 2008 183 40 möjlighet
452 2010 50 28 att
524 2009 126 30 beakta
672 2009 344 41 kostnadsökningar
1038 2012 10 29 i
1072 2012 445 41 fastighetsförvaltningen
1541 2022 122 32 genom
1687 2017 49 28 att

247 2062 126 39 Kungl.
396 2063 106 36 Maj:t
524 2063 137 30 tillades
683 2064 70 29 rätt
776 2065 50 28 att
848 2064 168 30 förordna
1038 2074 55 21 om
1118 2067 148 38 generell
1289 2067 264 41 hyreshöjning.
1578 2069 83 39 Inga
1685 2069 51 30 så-

249 2116 91 29 dana
355 2117 114 29 beslut
484 2117 222 30 meddelades
723 2119 192 29 emellertid
931 2119 111 29 under
1058 2120 79 29 hela
1155 2120 194 30 1940-talet.
1367 2122 67 29 För
1451 2123 285 38 nytillkomman-

249 2170 40 30 de
305 2170 200 39 lägenheter
521 2171 148 30 krävdes
685 2172 11 29 i
712 2171 136 40 princip
866 2173 49 28 att
932 2173 204 39 myndighet
1154 2174 111 30 skulle
1282 2175 176 29 fastställa
1472 2176 123 39 hyran.
1613 2177 122 29 Denna

249 2224 111 30 skulle
395 2224 153 39 grundas
583 2224 45 41 på
661 2225 482 40 produktionskostnaderna,
1181 2227 71 30 dvs.
1289 2228 446 42 självkostnadsprincipen

248 2278 111 29 skulle
373 2278 187 40 tillämpas.

295 2332 258 39 Världskrigets
572 2333 69 28 slut
660 2333 64 29 och
743 2333 210 39 återgången
971 2334 53 29 till
1042 2335 197 29 normalare
1258 2335 246 31 förhållanden
1520 2338 13 28 i
1552 2338 182 29 samhälls-

249 2384 82 31 livet
355 2386 146 29 innebar
525 2386 72 30 inte
622 2388 51 28 att
698 2387 105 29 också
827 2387 364 31 bostadsmarknaden
1216 2389 302 31 normaliserades.
1542 2391 107 39 Läget
1674 2401 60 20 var

250 2439 176 40 nämligen
447 2448 48 21 nu
516 2441 48 29 ett
583 2440 73 30 helt
677 2442 107 28 annat
805 2441 45 29 än
870 2441 45 40 på
937 2441 195 31 1930-talet.
1152 2442 102 30 Flera
1274 2443 156 30 faktorer
1450 2444 122 40 bidrog
1592 2445 53 30 till
1667 2445 66 30 det.

250 2492 75 30 Den
345 2493 110 30 ökade
476 2493 214 40 efterfrågan
709 2494 46 39 på
774 2494 162 30 bostäder
958 2504 74 21 som
1052 2495 116 37 börjat
1188 2496 142 30 märkas
1351 2497 108 29 redan
1479 2498 112 30 under
1612 2507 121 21 senare
