1878 2823
447 162 123 36 Tredje
590 163 245 39 lagulskottets
855 165 178 30 utlåtande
1052 175 43 20 nr
1113 167 41 28 50
1174 169 39 27 år
1233 167 83 30 1968
1585 171 40 31 25

185 239 29 30 2.
239 240 226 40 hyresgästen
490 241 9 30 i
525 244 107 28 annat
657 242 61 31 fall
743 243 169 31 åsidosatt
937 245 76 30 sina
1038 246 234 39 förpliktelser
1298 248 10 29 i
1334 248 107 30 sådan
1467 249 81 30 mån
1573 252 50 27 att

139 284 234 40 hyresavtalet
394 286 155 40 skäligen
571 287 75 30 icke
666 287 61 30 bör
749 288 187 41 förlängas,

184 329 29 30 3.
237 330 102 30 huset
363 331 88 30 skall
474 332 92 30 rivas
590 333 64 29 och
679 333 56 30 det
758 334 30 39 ej
815 334 37 30 är
876 335 133 40 obilligt
1031 338 73 28 mot
1126 337 226 40 hyresgästen
1377 340 51 28 att
1449 339 174 40 hyresför-

139 374 179 31 hållandet
340 377 147 38 upphör,

182 420 30 29 4.
236 420 102 30 huset
362 421 89 30 skall
474 422 156 40 undergå
653 424 109 30 större
785 425 219 39 ombyggnad
1027 427 65 29 och
1115 426 56 30 det
1195 427 74 30 icke
1294 429 37 28 är
1355 429 194 39 uppenbart
1573 432 50 28 att

138 465 227 40 hyresgästen
386 466 71 30 kan
479 467 81 30 sitta
582 468 85 30 kvar
688 469 11 29 i
721 469 204 39 lägenheten
948 472 85 28 utan
1055 472 194 30 nämnvärd
1271 473 183 40 olägenhet
1477 474 53 30 för
1552 484 71 20 om-

138 510 223 39 byggnadens
384 512 273 38 genomförande
681 516 90 27 samt
794 514 56 30 det
873 515 30 40 ej
930 515 38 30 är
991 516 132 40 obilligt
1146 519 72 28 mot
1241 518 225 39 hyresgästen
1490 522 50 27 att
1563 520 60 39 hy-

138 555 294 31 resförhållandet
454 558 148 39 upphör,

183 600 29 29 9.
233 601 205 38 lägenheten
460 602 30 39 ej
513 602 118 31 vidare
653 604 89 29 skall
763 605 178 30 användas
963 605 54 30 för
1037 606 308 31 bostadsändamål
1366 609 64 29 och
1453 609 56 30 det
1530 611 30 38 ej
1586 611 36 28 är

138 645 133 40 obilligt
291 648 71 27 mot
382 646 227 40 hyresgästen
628 650 50 27 att
697 649 342 39 hyresförhållandet
1059 652 146 39 upphör,

181 690 30 30 6.
230 690 234 40 hyresavtalet
482 701 99 21 avser
599 693 160 40 lägenhet
778 694 11 29 i
808 703 56 20 en-
883 696 82 29 eller
983 695 264 42 tvåfamiljshus
1267 698 81 29 eller
1367 699 160 39 lägenhet
1548 709 74 20 som

137 735 209 40 upplåtaren
366 736 147 31 innehar
532 738 80 29 med
630 738 214 31 bostadsrätt
864 740 65 30 och
948 741 208 39 upplåtaren
1176 742 64 30 har
1261 742 124 31 sådant
1404 744 147 31 intresse
1571 747 51 28 att

137 780 140 40 förfoga
293 781 81 30 över
392 782 205 39 lägenheten
616 785 49 28 att
683 784 225 40 hyresgästen
929 786 154 39 skäligen
1102 787 61 29 bör
1182 787 112 40 flytta,

184 825 27 30 7.
233 825 341 40 hyresförhållandet
595 828 100 30 beror
716 838 41 21 av
780 829 107 30 sådan
909 831 214 40 anställning
1143 832 11 29 i
1176 833 116 39 statlig
1313 834 81 29 eller
1416 834 204 31 kommunal

136 870 224 31 verksamhet
388 880 74 22 som
490 873 37 29 är
554 873 146 30 förenad
728 874 78 30 med
833 875 249 41 bostadstvång
1108 877 82 29 eller
1218 887 42 20 av
1287 879 212 40 anställning
1526 880 95 29 inom

137 916 202 30 lantbruket
361 917 82 30 eller
465 917 54 30 för
543 918 128 30 skötsel
693 919 66 30 och
780 920 119 39 tillsyn
922 930 42 20 av
986 921 165 39 fastighet
1173 922 81 30 eller
1278 932 41 21 av
1341 933 116 20 annan
1480 925 141 29 anställ-

138 960 93 40 ning,
248 970 58 21 om
322 961 67 31 den
406 963 37 29 är
460 972 42 20 av
519 963 108 30 sådan
644 965 53 28 art
714 966 50 28 att
781 964 55 30 det
855 965 37 30 är
909 966 212 40 nödvändigt
1139 967 53 30 för
1210 968 257 39 arbetsgivaren
1485 971 49 28 att
1552 970 68 29 för-

137 1006 81 38 foga
237 1007 80 28 över
337 1007 206 39 lägenheten
564 1008 55 29 för
639 1009 193 39 upplåtelse
853 1010 35 29 åt
909 1011 277 40 anställningens
1208 1012 220 37 innehavare,
1452 1017 91 27 samt
1564 1024 59 20 an-

137 1050 211 40 ställningen
366 1051 64 30 har
448 1052 164 40 upphört,

181 1095 29 29 $.
232 1096 343 38 hyresförhållandet
594 1098 101 30 beror
716 1108 41 20 av
779 1108 116 21 annan
917 1101 214 40 anställning
1152 1110 74 21 som
1249 1103 152 39 upphört
1423 1104 65 29 och
1509 1104 57 30 det
1587 1105 30 39 ej

136 1140 38 29 är
200 1140 133 40 obilligt
361 1143 72 28 mot
459 1142 228 40 hyresgästen
712 1145 50 28 att
788 1144 87 30 även
901 1145 342 39 hyresförhållandet
1270 1148 137 38 upphör
1436 1151 99 32 samt,
1563 1158 57 21 om

135 1185 342 39 hyresförhållandet
500 1189 98 28 varat
621 1188 118 40 längre
762 1189 44 29 än
830 1190 52 29 tre
904 1189 48 35 år,
976 1190 235 40 hyresvärden
1235 1192 63 29 har
1323 1193 196 40 synnerliga
1545 1194 74 30 skäl

136 1230 54 29 för
210 1232 50 28 att
280 1231 148 39 upplösa
446 1232 352 39 hyresförhållandet,

181 1275 29 29 9.
228 1275 57 30 det
301 1277 12 29 i
331 1278 106 28 annat
456 1276 62 31 fall
535 1277 75 30 icke
629 1278 124 30 strider
771 1281 72 27 mot
862 1280 64 39 god
946 1280 58 30 sed
1023 1280 10 29 i
1050 1281 351 39 hyresförhållanden
1420 1283 81 30 eler
1519 1284 100 39 eljest

135 1320 38 28 är
195 1320 134 40 obilligt
351 1323 72 28 mot
444 1321 226 41 hyresgästen
693 1325 51 28 att
765 1323 341 40 hyresförhållandet
1129 1327 147 39 upphör.

178 1365 68 30 Om
269 1366 256 39 hyresvärdens
546 1367 147 31 intresse
715 1368 66 30 blir
803 1369 213 40 tillgodosett
1039 1379 123 31 genom
1186 1373 49 28 att
1258 1372 226 40 hyresgästen
1508 1375 111 28 avträ-

135 1409 60 30 der
217 1411 124 30 endast
364 1420 41 21 en
429 1412 53 29 del
505 1421 43 21 av
568 1413 206 39 lägenheten
796 1414 65 30 och
883 1415 234 39 hyresavtalet
1139 1416 187 40 lämpligen
1349 1418 70 29 kan
1443 1418 175 40 förlängas

136 1455 103 30 såvitl
263 1465 98 21 avser
385 1456 205 40 lägenheten
613 1458 13 29 i
648 1458 121 40 övrigt,
793 1459 64 30 har
881 1459 226 41 hyresgästen
1131 1463 84 28 utan
1240 1462 124 30 hinder
1389 1472 41 20 av
1453 1464 65 29 vad
1545 1473 74 20 som

136 1503 93 37 sagts
250 1501 145 39 tidigare
416 1502 10 29 i
446 1502 208 40 paragrafen
674 1504 70 29 rätt
763 1503 53 31 till
838 1504 107 31 sådan
967 1505 232 40 förlängning.

832 1585 40 30 47
898 1585 28 37 8.

179 1635 71 30 Har
273 1636 205 39 lägenheten
500 1637 98 40 hyrts
621 1647 41 20 av
685 1638 87 30 flera
794 1642 215 36 gemensamtl
1031 1641 65 29 och
1118 1641 63 29 har
1204 1641 41 30 de
1268 1642 44 39 på
1335 1643 111 38 grund
1469 1652 42 21 av
1534 1653 84 30 upp-

135 1680 156 40 sägning,
315 1690 75 21 som
413 1682 109 39 gjorts
546 1692 41 20 av
610 1692 42 20 en
675 1692 42 21 av
740 1684 88 34 dem,
852 1684 81 30 eller
956 1685 51 29 till
1032 1685 88 40 följd
1145 1695 40 20 av
1209 1696 116 20 annan
1349 1688 268 39 omständighet,

135 1734 76 20 som
229 1725 128 30 hänför
377 1726 50 39 sig
446 1727 51 29 till
517 1727 122 30 endast
659 1737 42 20 en
720 1738 41 20 av
779 1728 90 34 dem,
888 1729 30 39 ej
942 1732 215 37 gemensamt
1175 1731 69 29 rätt
1264 1731 51 29 till
1336 1732 222 40 förlängning
1577 1743 41 19 av

133 1770 244 38 hyresavtalet,
403 1772 37 28 är
465 1772 263 39 medhyresgäst
750 1773 194 40 berättigad
968 1775 51 28 till
1045 1775 232 39 förlängning,
1302 1785 57 20 om
1383 1777 234 39 hyresvärden

135 1815 157 39 skäligen
313 1815 71 29 kan
406 1815 139 37 ålnöjas
566 1817 79 29 med
667 1817 130 30 honom
820 1827 75 20 som
917 1818 192 40 hyresgäst.
1131 1820 76 29 Vad
1229 1830 74 20 som
1327 1824 93 36 sagts
1443 1831 47 20 nu
1514 1823 106 38 gäller

133 1859 30 39 ej
186 1860 64 28 när
269 1859 220 40 hyresrätten
510 1861 37 29 är
568 1860 186 31 förverkad
774 1862 81 30 eller
875 1863 232 39 hyresavtalet
1127 1865 69 29 kan
1218 1866 173 39 uppsägas
1412 1867 105 39 enligt
1537 1867 41 29 28
1601 1867 15 36 8

134 1906 87 27 utan
240 1906 50 28 att
309 1905 106 29 likväl
435 1905 236 40 hyresvärden
691 1910 149 36 uppsagt
860 1908 128 30 avtalet
1007 1909 45 39 på
1072 1909 114 39 någon
1208 1919 41 20 av
1270 1911 99 29 dessa
1392 1912 160 38 grunder.
1574 1912 46 29 Är

133 1949 309 39 medhyresgästen
463 1950 102 30 make
586 1950 51 30 till
658 1950 67 30 den
746 1960 74 21 som
841 1954 150 38 uppsagt
1010 1953 127 30 avtalet
1158 1954 82 30 eller
1261 1955 100 39 eljest
1383 1956 163 30 föranlett
1567 1959 50 27 att

133 1994 267 39 hyresgästerna
426 1995 29 39 ej
484 1997 216 37 gemensamt
724 1996 64 30 har
811 1997 70 30 rätt
905 1997 52 30 till
983 1998 222 41 förlängning
1230 2009 42 20 av
1297 2001 136 34 avtalet,
1459 2001 63 30 har
1547 2002 68 29 han

134 2038 66 30 den
222 2040 71 28 rätt
316 2048 74 21 som
414 2040 148 40 angivits
587 2041 85 30 även
696 2042 63 29 när
782 2042 219 39 hyresrätten
1026 2044 37 29 är
1088 2044 185 30 förverkad
1297 2045 44 39 på
1364 2055 116 20 annan
1505 2047 112 39 grund

132 2084 45 29 än
204 2083 170 41 dröjsmål
401 2086 78 29 med
505 2085 178 40 betalning
709 2096 42 20 av
776 2087 97 39 hyra.
900 2088 101 30 Detta
1029 2089 105 38 gäller
1161 2090 106 29 också
1293 2091 62 28 när
1383 2091 233 39 hyresvärden

133 2128 142 40 bringar
291 2129 234 39 hyresavtalet
542 2132 51 28 alt
609 2131 161 39 upphöra
785 2132 45 39 på
847 2133 113 38 grund
978 2142 41 20 av
1036 2134 258 30 förverkandelt.

178 2172 66 31 Om
266 2173 191 40 hyresgäst,
481 2183 74 21 som
576 2175 39 29 är
637 2175 63 39 gift
721 2176 66 30 och
806 2185 80 21 vars
907 2178 102 29 make
1032 2178 29 39 ej
1086 2179 63 29 har
1172 2179 53 29 del
1248 2179 10 29 i
1280 2180 228 39 hyresrätten,
1532 2190 84 31 upp-

134 2218 97 39 säger
255 2218 233 40 hyresavtalet
512 2220 81 29 eller
617 2220 154 40 vidtager
795 2231 117 20 annan
936 2222 118 40 åtgärd
1081 2223 53 29 för
1159 2225 49 28 att
1231 2224 122 40 bringa
1378 2226 55 29 det
1458 2227 49 28 att
1531 2235 85 31 upp-

133 2263 86 30 höra
241 2264 82 29 eller
345 2272 56 21 om
423 2264 70 30 han
515 2265 10 29 i
548 2267 107 28 annat
677 2266 61 29 fall
760 2266 30 39 ej
815 2266 64 30 har
900 2268 69 28 rätt
991 2268 51 29 till
1066 2268 222 40 förlängning
1310 2279 41 20 av
1373 2270 242 39 hyresavtalet,

132 2308 38 28 är
192 2308 138 34 maken,
351 2317 57 21 om
429 2309 71 30 han
520 2309 64 30 har
607 2309 53 30 sin
680 2310 124 30 bostad
825 2311 11 30 i
856 2311 216 40 lägenheten,
1093 2313 194 40 berättigad
1309 2315 51 29 till
1383 2315 232 40 förlängning,

133 2353 120 29 såvida
275 2353 237 39 hyresvärden
535 2355 157 39 skäligen
715 2356 70 29 kan
809 2356 138 37 åtnöjas
972 2358 78 28 med
1074 2358 129 29 honom
1230 2368 73 20 som
1328 2360 191 40 hyresgäst.
1544 2362 74 29 Vad

133 2406 73 21 som
233 2399 92 38 sagts
349 2407 48 20 nu
422 2398 106 39 gäller
552 2399 105 30 också
680 2400 63 29 när
767 2400 235 40 hyresvärden
1027 2405 149 37 uppsagt
1200 2404 233 38 hyresavtalet
1457 2407 49 28 att
1531 2415 85 30 upp-

132 2443 87 29 höra
239 2442 45 39 på
305 2443 111 39 grund
438 2453 42 19 av
502 2443 231 31 förverkande
754 2446 82 29 eller
858 2446 219 30 förhållande
1101 2457 73 20 som
1196 2458 98 20 avses
1316 2449 10 29 i
1348 2449 41 29 28
1414 2450 26 36 8.
1462 2451 154 29 Bestäm-

132 2487 173 30 melserna
323 2487 12 29 i
351 2487 129 31 48-53
502 2488 37 37 $$
560 2497 56 21 om
634 2489 182 40 hyresgäst
835 2491 78 38 äger
933 2491 221 41 tillämpning
1174 2493 85 30 även
1277 2494 11 29 i
1307 2494 97 39 fråga
1423 2504 58 20 om
1499 2496 117 39 hyres-

132 2533 93 38 gästs
246 2533 113 29 make.
