1908 2822
504 176 394 33 Jordbruksutskottets
927 176 185 31 utlåtande
1142 176 51 31 Nr
1220 175 50 30 26.
1576 174 19 29 7

812 457 58 38 Nr
898 455 62 39 206.

640 564 109 24 Ankom
768 564 42 23 till
831 563 163 31 riksdagens
1013 563 91 24 kansli
1124 563 53 24 den
1199 564 30 23 27
1251 570 74 16 mars
1347 563 66 23 1928
1433 562 36 23 kl.
1490 563 14 23 4
1525 569 21 17 e.
1567 569 35 16 m.

246 648 190 31 Utlåtande
471 648 13 30 i
517 646 192 37 anledning
740 656 44 21 av
808 646 132 36 Kungl.
976 645 121 37 Maj:ts
1129 646 220 35 proposition
1384 645 181 36 angående
1588 648 52 28 ut-

445 699 82 36 byte
550 709 44 21 av
618 698 101 32 mark
742 699 133 31 mellan
909 698 137 31 kronan
1081 698 64 31 och
1179 698 124 31 staden
1327 697 117 32 Eslöv.

1418 751 64 36 (2:a
1505 749 90 38 avd.)

176 847 17 31 I
216 857 42 20 en
288 847 54 31 till
367 846 185 36 riksdagen
575 846 64 31 den
663 846 18 29 2
706 855 93 21 mars
824 845 83 31 1928
932 845 149 35 avlåten,
1106 845 54 30 till
1184 845 351 36 jordbruksutskottet
1558 845 82 30 hän-

132 899 99 31 visad
269 899 218 36 proposilion,
522 908 43 20 nr
599 897 73 36 163,
707 897 62 31 har
803 897 133 35 Kungl.
965 897 108 36 Maj:t,
1097 897 108 30 under
1227 897 212 36 åberopande
1463 907 44 20 av
1529 897 112 36 bilagt

132 952 126 36 utdrag
275 961 44 21 av
335 949 370 37 statsrådsprotokollet
720 952 81 28 över
816 949 331 36 jordbruksärenden
1164 949 52 30 för
1229 958 132 21 samma
1374 949 76 36 dag,
1464 949 177 36 föreslagit

132 1004 182 36 riksdagen
339 1003 170 35 medgiva,
533 1003 52 30 att
607 1003 48 29 ett
678 1002 119 36 utbyte
820 1011 45 21 av
888 1001 199 36 fastigheter
1110 1002 58 29 må
1187 1003 66 34 äga
1269 1010 78 22 rum
1363 1001 127 31 mellan
1507 1001 133 31 kronan

132 1058 21 30 å
175 1066 64 21 ena
262 1056 98 31 sidan
382 1055 62 31 och
467 1054 118 31 staden
608 1054 105 30 Eslöv
737 1054 21 30 å
780 1054 110 30 andra
914 1053 108 36 sidan,
1046 1052 160 32 sålunda:

176 1111 54 29 att
252 1109 134 29 kronan
409 1107 56 31 till
488 1106 120 31 staden
630 1106 105 31 Eslöv
759 1106 170 31 överlåter
951 1116 43 20 av
1017 1105 99 32 södra
1140 1105 97 31 delen
1261 1115 44 21 av
1328 1105 66 31 den
1417 1105 132 31 kronan
1573 1105 68 31 till-

132 1161 123 36 höriga
288 1160 137 31 arealen
452 1169 45 21 av
524 1160 130 30 tomten
677 1168 42 21 nr
742 1158 62 31 137
829 1159 12 30 i
865 1159 174 30 kvarteret
1062 1158 61 30 503
1148 1158 134 31 Kornet
1306 1158 12 30 i
1341 1167 131 21 samma
1494 1157 77 31 stad
1593 1159 49 29 ett

133 1213 139 31 område
306 1212 244 31 innehållande
580 1211 159 37 omkring
764 1211 95 36 1,800
884 1210 264 36 kvadratmeter,
1172 1212 21 29 å
1215 1220 42 21 en
1285 1211 13 30 i
1325 1210 140 31 ärendet
1488 1210 153 31 företedd

134 1266 100 30 karta
257 1265 177 31 betecknat
457 1264 77 30 med
558 1264 68 30 litt.
651 1263 41 36 A,

177 1320 53 28 att
263 1317 120 31 staden
418 1316 106 31 Eslöv
558 1316 55 30 till
644 1316 133 30 kronan
801 1315 169 31 överlåter
993 1316 48 30 ett
1063 1314 138 31 område
1224 1314 165 32 likaledes
1412 1325 45 20 av
1481 1314 161 37 omkring

134 1370 95 36 1,300
264 1369 266 35 kvadratmeter,
566 1368 135 36 beläget
728 1369 90 29 öster
841 1377 56 21 om
920 1367 151 31 kronans
1093 1366 154 31 nämnda
1270 1368 88 30 tomt
1380 1367 62 31 och
1466 1367 21 30 å
1509 1376 133 21 samma

134 1423 99 30 karta
255 1421 180 32 betecknat
457 1420 77 31 med
557 1421 65 30 litt.
647 1420 38 35 B,
710 1421 89 30 samt

177 1477 54 29 att
262 1473 163 37 samtliga
448 1472 182 31 kostnader
653 1472 54 30 för
729 1471 231 37 avstyckning
984 1471 60 31 och
1068 1471 128 36 lagfart
1219 1481 43 21 av
1286 1471 265 36 ifrågavarande
1575 1480 67 21 om-

134 1527 105 31 råden
262 1526 166 31 bestridas
451 1535 43 21 av
518 1524 120 32 staden
660 1524 114 31 Eslöv.

178 1578 219 32 Beträffande
420 1578 229 36 utredningen
672 1577 12 31 1
700 1576 139 32 ärendet
854 1576 145 31 tilllåter
1014 1576 53 36 sig
1083 1576 164 31 utskottet
1265 1576 147 30 hänvisa
1428 1575 55 32 till
1500 1575 142 31 berörda

134 1630 344 37 statsrådsprotokoll.

178 1727 53 30 Då
262 1726 165 31 utskottet
461 1725 74 31 icke
557 1725 118 30 funnit
698 1724 188 36 anledning
910 1724 57 30 till
990 1724 140 31 erinran
1153 1725 72 30 mot
1248 1723 267 38 ifrågavarande
1539 1723 102 31 fram-

135 1779 176 36 ställning,
336 1778 197 31 hemställer
556 1778 173 35 utskottet,

577 1857 50 30 att
654 1855 227 32 förevarande
904 1855 208 36 proposition
1136 1856 56 30 må
1215 1865 45 21 av
1284 1855 184 36 riksdagen
1491 1855 148 31 bifallas.

179 1953 198 31 Stockholm
401 1953 66 31 den
491 1953 39 30 26
556 1961 92 22 mars
671 1952 95 31 1928.

588 2047 50 31 På
659 2046 363 37 jordbruksutskottets
1045 2049 147 34 vägnar:

688 2141 36 32 C.
748 2142 34 31 J.
806 2140 280 33 JOHANSSON.

180 2330 198 24 Närvarande:
397 2337 29 16 se
444 2326 147 27 utlåtande
610 2336 35 17 nr
664 2330 41 23 23.

1694 1730 138 24 Utskottet.
