1872 2818
485 167 117 30 Andra
623 166 238 37 lagutskottets
883 165 176 31 utlåtande
1080 175 42 20 nr
1147 165 48 30 17.
1578 159 19 29 9

87 252 207 37 uttappning
320 261 41 21 av
387 251 52 37 sjö
465 252 71 29 kan
559 252 63 34 äga
645 260 78 19 rum
750 249 55 30 för
827 249 177 30 blottande
1030 258 42 20 av
1096 251 46 27 ett
1165 248 232 31 malmstreck.
1424 249 14 29 I
1465 250 129 28 vatten-

87 295 114 36 lagens
248 297 16 28 7
290 295 79 36 kap.
393 294 85 30 talas
502 303 58 20 om
583 296 47 26 att
652 291 114 37 någon
787 292 55 29 för
862 291 234 36 torrläggning
1118 300 42 20 av
1187 290 71 30 »sin
1281 291 118 29 mark>
1427 290 58 30 vill
1507 290 87 30 före-

88 340 77 33 taga
189 337 90 30 vissa
303 336 167 37 åtgärder.
498 335 79 31 Med
600 336 136 35 hänsyn
762 334 50 30 till
838 334 90 30 detta
952 334 225 35 uttryckssätt
1203 342 100 27 synes
1330 333 55 29 det
1411 332 76 30 icke
1512 335 84 27 utan

89 380 117 31 vidare
230 380 101 35 klart,
356 382 48 27 att
426 378 306 37 gruvinnehavare,
759 386 74 21 som
859 376 76 31 icke
958 376 110 29 tillika
1093 376 78 35 äger
1197 375 155 35 marken,
1379 375 62 30 där
1465 383 131 27 gruvan

88 423 38 29 är
146 422 153 36 belägen,
321 422 64 29 har
406 422 68 29 rätt
493 423 49 27 att
564 420 49 30 till
634 418 138 31 förmån
793 419 55 30 för
866 427 132 28 gruvan
1018 419 36 28 få
1077 428 41 19 en
1138 418 300 36 vattenavledning
1459 426 136 27 genom-

87 464 88 36 förd,
198 464 164 36 Vägande
384 463 75 30 skäl
482 463 70 30 tala
577 462 88 30 dock
689 461 55 30 för
768 464 48 27 att
839 460 108 31 sådan
969 462 68 28 rätt
1061 461 61 29 bör
1147 460 127 31 finnas.
1300 459 107 31 Såvitt
1431 460 166 30 utskottet

87 507 63 29 har
172 506 48 37 sig
239 506 128 30 bekant
388 506 91 30 hava
498 505 157 36 gällande
673 504 257 30 bestämmelser
951 503 10 30 i
983 504 116 29 ämnet
1117 502 75 31 icke
1215 503 10 29 i
1246 502 351 36 rättstillämpningen

89 552 126 27 ansetts
236 549 126 30 hindra
382 547 228 36 medgivande
630 557 41 20 av
692 546 95 37 dylik
807 547 76 29 rätt.

133 591 52 30 Då
205 590 99 37 fråga
327 592 37 28 är
386 600 60 20 om
467 590 132 36 företag
621 589 167 30 avseende
811 588 203 35 förändring
1036 597 41 20 av
1098 586 253 31 vattenståndet
1374 587 10 30 i
1405 596 42 21 en
1471 586 52 37 sjö
1544 586 55 30 för

89 633 271 37 möjliggörande
394 633 80 29 eller
507 632 264 30 underlättande
804 641 42 20 av
879 630 128 30 driften
1039 640 41 20 av
1111 639 42 21 en
1187 629 207 36 anläggning
1427 629 58 30 vid
1517 630 82 29 eller

89 676 9 29 i
119 677 166 28 närheten
306 685 42 20 av
369 675 86 37 sjön,
475 674 97 30 torde
590 691 44 4 —
652 673 113 31 såsom
786 673 373 30 vattenrättsdomarna
1178 670 192 31 framhållit
1386 689 45 3 —
1449 672 148 29 bestäm-

91 719 169 30 melserna
282 718 10 30 i
317 719 18 29 2
358 718 79 36 kap.
464 717 216 35 vattenlagen
706 725 57 21 om
776 715 180 37 byggande
969 715 11 29 i
993 717 116 28 vatten
1122 714 121 30 kunna
1257 713 123 31 tänkas
1394 713 205 36 tillämpliga

89 759 44 38 på
153 760 177 36 företaget.

134 801 370 37 Kommerskollegium
535 801 64 29 har
628 800 10 30 i
665 800 59 30 sitt
756 800 159 36 yttrande
946 799 70 31 fäst
1046 799 356 36 uppmärksamheten
1433 797 45 37 på
1509 798 90 30 vissa

90 844 170 37 spörsmål
288 845 10 29 i
326 845 85 29 nära
439 843 170 30 samband
637 843 79 30 med
744 843 54 30 det
826 843 9 29 i
864 841 177 31 motionen
1068 841 156 30 berörda.
1251 837 260 34 Ämbetsverket
1535 841 64 29 har

93 887 146 31 sålunda
259 888 132 34 uttalat,
412 889 49 28 att
480 887 56 29 det
552 886 110 30 under
680 885 90 30 vissa
791 884 303 36 omständigheter,
1113 886 22 27 t.
1157 893 50 21 ex.
1231 883 40 30 de
1289 892 48 21 nu
1355 881 155 32 rådande
1530 882 68 30 för-

90 929 219 36 hållandena,
339 929 115 30 kunde
486 928 133 35 tänkas,
649 930 48 27 att
725 927 309 36 tillgodogörandet
1064 936 41 20 av
1137 926 67 29 viss
1235 926 107 29 malm
1372 926 110 29 skulle
1512 925 86 30 kun-

89 981 45 21 na
158 981 82 21 vara
266 981 41 20 av
333 970 108 31 sådan
462 970 174 36 betydelse
659 969 55 30 för
738 970 125 35 landet,
888 972 49 27 att
961 971 131 27 oavsett
1117 967 233 31 förhållandet
1375 968 127 29 mellan
1524 968 74 29 vär-

91 1014 87 31 dena
203 1014 20 30 å
251 1014 133 30 skadan
408 1014 66 29 och
499 1011 184 36 båtnaden,
711 1012 198 30 beräknade
935 1011 104 36 enligt
1066 1010 55 30 för
1147 1011 158 29 normala
1331 1010 86 29 tider
1442 1009 159 36 gällande

90 1057 117 36 regler,
234 1055 227 38 sjösänkning
488 1055 107 30 borde
620 1054 170 36 företagas
816 1054 54 30 för
899 1056 49 28 att
974 1053 205 36 möjliggöra
1206 1052 162 36 brytning
1395 1062 42 20 av
1465 1051 134 36 fyndig-

90 1099 111 29 heten.
227 1098 14 30 I
265 1097 122 31 sådant
412 1097 62 30 fall
499 1097 117 30 kunde
639 1097 112 29 behov
774 1096 164 36 föreligga
964 1095 106 30 också
1095 1105 41 20 av
1161 1098 47 27 ett
1232 1095 170 29 snabbare
1427 1093 172 31 förfaran-

91 1141 40 29 de
154 1142 45 28 än
220 1141 56 29 det
299 1140 105 36 enligt
425 1140 233 35 vattenlagens
682 1139 201 30 nuvarande
905 1138 258 29 bestämmelser
1187 1137 192 35 medgivna.
1405 1136 194 30 Kommers-

90 1183 187 36 kollegium
299 1183 64 29 har
382 1182 171 37 därjämte
573 1180 159 38 påpekat,
754 1184 50 27 att
823 1181 146 29 behovet
992 1190 41 20 av
1055 1189 42 20 en
1119 1179 95 37 dylik
1237 1178 227 37 sjösänkning
1484 1178 117 30 kunde

91 1234 81 21 vara
194 1224 221 37 övergående.

136 1267 78 30 Med
233 1267 137 36 hänsyn
387 1266 51 30 till
457 1266 67 30 vad
541 1276 89 20 ovan
648 1265 133 31 anförts
801 1266 64 30 och
886 1264 43 31 då
949 1264 158 36 samtliga
1126 1263 346 31 vattenrättsdomare
1491 1265 110 27 ansett

92 1309 66 30 den
182 1310 11 30 i
220 1309 176 30 motionen
419 1307 203 37 ifrågasatta
645 1308 228 36 utredningen
900 1307 75 30 icke
1001 1316 82 21 vara
1111 1305 211 37 erforderlig,
1350 1314 101 21 anser
1477 1304 49 36 sig
1550 1307 50 27 ut-

90 1352 127 29 skottet
237 1351 76 30 icke
333 1351 54 30 för
406 1351 218 30 närvarande
641 1351 89 30 hava
751 1350 205 36 tillräckliga
976 1350 75 29 skäl
1071 1351 48 27 att
1139 1348 141 30 förorda
1301 1358 41 20 en
1363 1347 107 31 sådan
1488 1347 112 29 utred-

92 1393 91 36 ning.
212 1393 67 30 Om
304 1393 55 30 det
385 1392 189 31 emellertid
598 1393 89 29 visar
713 1392 59 36 sig,
800 1395 48 27 att
875 1392 41 29 de
941 1391 201 30 nuvarande
1168 1390 305 30 bestämmelserna
1496 1389 10 29 i
1531 1390 69 28 äm-

92 1438 57 27 net
171 1435 110 30 skulle
301 1444 98 21 anses
419 1436 121 34 utgöra
561 1434 124 30 hinder
705 1434 55 30 för
783 1434 225 37 sjösänkning
1031 1434 9 28 i
1062 1433 71 35 fall,
1157 1442 57 20 om
1234 1432 93 30 vilka
1347 1432 64 29 här
1434 1432 38 29 är
1493 1430 108 36 fråga,

92 1478 81 29 eller
195 1477 242 36 utvecklingen
460 1477 96 36 eljest
583 1477 109 29 skulle
715 1478 83 34 göra
824 1486 43 20 en
892 1475 205 36 lagändring
1122 1473 211 36 erforderlig,
1358 1473 96 30 torde
1480 1471 122 37 frågan

93 1520 121 29 därom
235 1518 37 31 få
295 1523 94 32 tagas
411 1519 111 30 under
545 1518 139 37 förnyat
706 1518 247 36 övervägande.

140 1588 49 31 På
211 1589 112 35 grund
345 1596 43 22 av
410 1588 66 29 vad
499 1587 147 30 sålunda
669 1587 133 29 anförts
826 1586 206 30 hemställde
1055 1585 175 34 utskottet,
1256 1586 48 27 att
1328 1582 175 31 motionen
1527 1582 75 29 icke

94 1637 104 30 måtte
218 1637 180 30 föranleda
419 1637 50 30 till
490 1636 114 36 någon
625 1637 201 36 riksdagens
849 1634 130 38 åtgärd.

139 1688 87 30 Herr
247 1688 196 30 Holmbäck
461 1696 108 27 avgav
591 1687 153 38 följande
764 1687 170 30 särskilda
953 1686 173 37 yttrande:

141 1739 145 30 Särskilt
304 1739 221 30 beträffande
545 1738 223 36 möjligheten
791 1741 48 27 att
861 1738 49 29 till
931 1736 139 31 förmån
1093 1736 55 30 för
1167 1744 108 28 gruva
1297 1734 154 36 företaga
1474 1736 128 28 vatten-

97 1781 184 36 avledning
301 1782 103 35 enligt
426 1781 234 36 stadgandena
682 1781 10 29 i
714 1783 15 27 7
751 1782 79 34 kap.
852 1780 217 35 vattenlagen
1090 1779 37 29 är
1150 1778 57 37 jag
1227 1777 76 30 icke
1326 1777 70 30 helt
1419 1775 185 37 övertygad

97 1833 42 20 av
174 1824 391 30 vattenrättsdomarnas
602 1822 186 31 utlåtande.
824 1821 52 31 Då
911 1822 218 34 vattenlagen
1167 1828 57 28 ger
1258 1821 69 28 rätt
1363 1822 49 26 att
1451 1818 154 35 företaga

97 1866 90 30 vissa
211 1865 158 36 åtgärder
393 1865 54 30 för
474 1865 232 36 torrläggning
734 1874 42 20 av
804 1864 72 30 »sin
903 1863 119 30 mark»
1051 1871 58 28 ger
1133 1862 66 30 den
1223 1861 104 36 enligt
1350 1860 74 30 min
1451 1860 153 36 uppfatt-

97 1908 82 36 ning
207 1908 58 30 vid
291 1908 148 34 handen,
470 1910 49 27 att
547 1907 75 35 den,
649 1907 49 29 till
728 1915 77 21 vars
831 1904 140 31 förmån
999 1904 279 36 torrläggningen
1307 1903 87 29 skall
1424 1904 64 34 äga
1515 1911 89 25 rum,

96 1951 89 29 skall
209 1959 83 20 vara
317 1949 191 36 jordägare,
535 1949 103 29 vilket
664 1948 75 30 icke
766 1949 38 29 är
832 1948 95 29 fallet
951 1947 79 29 med
1057 1947 224 35 gruvägaren.
1307 1945 56 29 Att
1388 1945 215 29 vattenrätts-

98 1993 65 28 och
182 1990 503 37 dikningslagskommittéerna
703 1990 10 29 i
736 1989 57 30 sitt
810 1989 221 30 betänkande
1053 1997 42 20 av
1116 1986 38 31 år
1176 1988 83 29 1910
1279 1987 132 34 uttalat,
1433 1989 49 27 att
1503 1985 102 30 sänk-

97 2034 82 36 ning
203 2034 81 29 eller
305 2033 207 36 utlappning
534 2042 42 20 av
600 2032 51 38 sjö
671 2032 71 29 kan
765 2033 63 34 äga
852 2041 78 20 rum
953 2030 54 30 för
1030 2030 177 29 blottande
1228 2039 42 20 av
1291 2027 232 36 malmstreck,
1548 2036 58 27 ger

97 2076 76 30 icke
196 2076 186 35 anledning
408 2075 49 30 till
484 2084 117 21 annan
626 2075 148 29 slutsats.
799 2072 310 35 Vattenavledning
1135 2072 53 29 för
1212 2071 177 30 blottande
1416 2080 42 20 av
1484 2070 120 29 malm-

99 2119 112 29 streck
231 2118 70 30 kan
322 2117 122 30 tänkas
466 2118 63 34 äga
553 2126 77 20 rum
651 2115 44 37 på
719 2115 146 30 initiativ
885 2115 163 35 antingen
1068 2123 42 20 av
1133 2123 42 20 en
1195 2113 182 36 jordägare
1397 2113 80 29 eller
1500 2121 42 21 av
1564 2120 41 21 en

99 2161 198 34 gruvägare,
320 2160 65 29 och
407 2159 67 30 den
492 2159 135 34 lagtext,
652 2168 73 19 som
745 2157 283 30 kommitléernas
1049 2156 178 30 uttalande
1250 2156 38 29 är
1310 2157 107 27 avsett
1440 2157 49 27 att
1508 2154 97 29 kom-

101 2205 163 32 mentera,
295 2210 57 27 ger
380 2201 90 29 klart
498 2200 58 29 vid
584 2200 149 34 handen,
765 2202 49 27 att
843 2199 266 29 kommittéerna
1138 2197 99 30 tänkt
1269 2196 50 35 sig
1349 2199 49 26 alt
1426 2195 182 30 initiativet

99 2244 110 29 skulle
230 2247 95 31 tagas
344 2252 40 20 av
404 2252 41 20 en
467 2242 195 36 jordägare;
683 2241 55 29 för
760 2244 47 27 a!t
828 2239 302 36 vattenavledning
1150 2239 55 29 för
1224 2238 176 30 blottande
1420 2247 42 20 av
1484 2237 121 29 malm-

101 2286 111 29 streck
233 2285 110 29 skulle
365 2283 35 31 få
421 2285 63 34 äga
503 2293 88 25 rum,
615 2283 109 29 skulle
743 2283 173 29 erfordras
937 2282 45 28 bl.
1006 2290 40 25 a.,
1068 2283 47 26 att
1135 2290 72 20 mer
1230 2281 44 28 än
1295 2279 132 30 hälften
1448 2288 42 20 av
1512 2278 95 35 sjöns

100 2328 92 29 areal
214 2327 110 29 skulle
347 2326 135 29 tillhöra
502 2325 178 29 sökanden
707 2324 245 37 (betänkandet
975 2332 24 20 s.
1021 2321 69 38 30).
1113 2322 120 29 Denna
1254 2321 239 29 bestämmelse
1516 2320 90 29 bort-

101 2370 61 30 föll
188 2369 195 30 sedermera
405 2367 110 30 under
542 2366 218 30 förarbetena
785 2365 46 29 till
855 2365 227 35 vattenlagen,
1109 2373 79 20 men
1215 2363 56 29 det
1294 2363 167 34 antyddes
1487 2361 121 30 därvid

101 2411 75 31 icke
199 2428 44 3 —
265 2410 129 29 varken
416 2417 124 27 genom
567 2407 225 35 borttagande
817 2417 41 19 av
882 2406 172 36 uttrycket
1084 2405 71 30 »sin
1179 2404 118 30 mark»
1326 2404 80 30 eller
1432 2402 46 38 på
1502 2406 107 27 annat

102 2455 66 29 sält
255 2455 48 26 alt
325 2460 81 21 man
429 2451 88 29 velat
542 2450 174 29 utsträcka
740 2450 111 29 rätten
873 2451 48 27 att
946 2446 132 38 påyrka
1103 2446 301 36 vattenavledning
1429 2446 48 29 till
1500 2446 108 29 andra

101 2495 192 37 jordägare.
