2220 2626
492 161 420 39 Bevillningsutskottets
933 161 225 33 betänkande
1177 160 52 31 Nr
1258 160 52 31 48.
1357 160 240 33 Reservationer.
1754 157 38 31 19

822 377 450 41 Reservationer:

369 486 34 49 1)
433 500 47 23 av
508 486 131 36 herrar
667 486 132 44 Röing,
827 483 193 46 Wigforss,
1039 483 130 41 Rosén,
1186 482 117 41 Rune,
1325 481 126 35 Olsson
1467 478 11 36 i
1494 478 164 47 Ramsta,
1675 479 162 44 Lövgren

235 541 11 35 i
277 538 160 50 Nyborg
465 538 71 36 och
564 538 222 44 Björklund,
816 535 102 36 vilka
946 534 141 36 anfört:

366 607 94 36 »Det
500 605 249 37 ekonomiska
791 605 103 47 läget
921 603 12 36 i
961 603 104 36 såväl
1095 601 159 48 Sverige
1284 614 81 23 som
1394 600 170 36 utlandet
1591 612 112 36 synes
1732 599 11 35 i
1772 611 66 23 nu-

236 659 166 38 varande
444 658 112 36 stund
600 656 124 37 starkt
767 656 77 36 tala
871 660 102 31 emot
1001 653 219 48 antagande
1249 666 47 23 av
1325 652 62 36 det
1416 651 211 48 framlagda
1656 649 184 48 förslaget

237 725 62 23 om
341 710 179 49 åtgärder
561 709 56 35 till
659 707 122 49 skydd
815 713 79 30 mot
922 719 28 23 s.
982 705 35 36 k.
1048 704 318 49 valutadumping
1394 704 70 35 och
1493 702 121 36 skulle
1642 707 93 43 göra
1763 700 76 46 det,

238 769 97 31 även
377 775 61 23 om
480 761 102 36 detta
623 760 144 48 förslag
813 759 11 35 i
857 758 60 49 sig
946 757 114 49 självt
1088 769 92 24 vore
1209 756 222 48 lämpligare
1461 760 48 31 än
1538 754 62 36 det
1627 753 72 36 kan
1728 765 111 23 anses

237 829 103 23 vara.
396 814 74 36 För
499 812 62 37 det
590 812 120 37 första
738 810 208 49 föreligger
973 808 195 49 nämligen
1197 821 46 23 en
1273 808 147 49 ganska
1440 805 300 48 omisskännelig
1759 809 81 31 ten-

239 868 93 36 dens
377 866 58 36 till
483 864 231 47 förbättring
759 865 49 47 på
853 861 272 49 näringslivets
1168 860 102 37 olika
1311 859 190 47 områden,
1545 857 156 37 framför
1734 855 66 37 allt
1828 856 12 35 i

239 920 163 35 Förenta
430 923 167 31 staterna
624 929 88 23 men
741 920 96 32 även
865 915 11 35 i
903 913 188 48 England.
1146 912 190 36 Prisfallet
1363 912 68 35 har
1459 911 12 36 i
1500 910 62 36 det
1582 908 260 37 förstnämnda

239 970 129 37 landet
410 968 167 49 upphört
618 967 116 37 sedan
777 970 106 33 snart
912 971 52 31 ett
992 967 41 33 år
1061 964 70 37 och
1160 965 68 35 har
1258 968 200 31 avstannat
1486 967 95 30 även
1611 961 11 35 i
1651 958 188 49 England.

239 1023 53 35 På
320 1034 146 24 samma
494 1024 75 32 sätt
597 1032 82 24 som
708 1017 328 50 konjunkturerna
1072 1016 64 36 vid
1166 1016 73 35 alla
1268 1013 229 50 föregående
1525 1011 174 37 tillfällen
1727 1011 115 36 sedan

239 1071 277 50 världskrigets
562 1071 76 36 slut
683 1073 82 33 nått
808 1068 158 49 Sverige
1007 1068 83 36 från
1133 1067 46 37 de
1207 1066 164 36 nämnda
1399 1065 192 46 länderna,
1621 1063 105 36 torde
1755 1075 87 22 man

240 1125 85 37 med
353 1123 150 50 ganska
531 1128 79 32 stor
637 1122 146 36 visshet
811 1121 129 36 kunna
969 1120 209 48 förutsäga,
1209 1123 55 31 att
1292 1120 41 34 så
1360 1118 171 36 kommer
1551 1121 53 31 att
1622 1115 102 36 bliva
1740 1113 103 36 fallet
1869 1113 5 5 '

240 1182 96 32 även
378 1176 125 36 denna
544 1177 114 46 gång.
715 1173 74 36 Det
829 1173 174 47 nödläge,
1046 1171 80 36 vari
1162 1175 120 32 större
1311 1170 108 35 delen
1449 1182 46 22 av
1524 1170 83 34 vårt
1635 1164 208 49 näringsliv

241 1242 51 23 nu
321 1228 171 36 befinner
535 1227 73 48 sig,
643 1238 114 35 synes
785 1224 110 36 alltså
923 1224 98 36 hava
1049 1223 103 48 goda
1179 1221 162 37 utsikter
1369 1225 54 31 att
1451 1225 95 31 även
1574 1224 91 30 utan
1694 1215 150 38 särskilt

241 1279 229 50 ingripande
499 1277 211 49 väsentligt
737 1276 142 36 lindras
908 1276 102 35 inom
1040 1288 46 23 en
1115 1278 92 32 nära
1234 1272 166 37 framtid.

372 1331 138 36 Medan
552 1330 110 36 alltså
689 1330 104 47 läget
820 1327 13 36 i
859 1327 132 37 länder
1020 1326 86 37 med
1135 1325 167 37 ordnade
1329 1320 434 53 penningförhållanden
1791 1333 50 22 nu

242 1397 113 35 synes
397 1385 49 46 gå
487 1381 57 37 till
572 1381 247 46 förbättring,
860 1379 106 37 torde
994 1378 63 36 det
1087 1377 158 37 förhålla
1274 1376 61 48 sig
1362 1378 49 46 på
1439 1378 157 33 motsatt
1624 1378 74 31 sätt
1725 1372 12 36 i
1765 1372 79 35 län-

242 1436 117 36 derna
399 1433 87 37 med
530 1432 196 36 fördärvat
765 1430 338 49 penningväsende
1144 1429 72 36 och
1244 1432 170 31 närmast
1442 1427 13 35 i
1483 1424 204 50 Tyskland.
1744 1423 98 36 Pris-

243 1486 226 49 stegringen
498 1484 68 36 har
595 1483 66 36 där
688 1482 121 37 under
836 1480 256 37 innevarande
1121 1483 41 33 år
1189 1479 100 48 tagit
1317 1490 154 25 enorma
1486 1476 275 50 proportioner,
1776 1474 70 36 och

245 1537 200 47 samtidigt
473 1535 68 36 har
569 1535 120 36 under
726 1534 73 36 den
829 1539 148 30 senaste
1006 1531 102 37 tiden
1138 1530 250 37 markkursen
1417 1528 109 48 stigit
1554 1529 12 34 1
1594 1526 184 46 utlandet,
1808 1529 40 32 så

243 1594 57 31 att
328 1586 374 48 förutsättningarna
730 1585 60 36 för
819 1596 47 24 en
894 1582 320 49 valutadumping
1242 1581 83 36 från
1354 1581 89 47 tysk
1472 1579 81 36 sida
1581 1578 82 36 icke
1683 1578 58 35 för
1761 1582 83 30 när-

243 1640 168 37 varande
452 1638 132 36 kunna
625 1641 114 44 sägas
764 1635 191 48 föreligga
982 1634 12 36 i
1023 1639 121 31 större
1171 1632 275 47 utsträckning.
1502 1630 133 36 Därtill
1664 1628 181 46 kommer,

244 1695 126 33 såsom
400 1704 46 23 en
475 1688 193 38 sannolikt
705 1686 179 50 varaktig
924 1686 210 47 företeelse,
1163 1690 56 31 att
1246 1682 425 48 råvarusvårigheterna
1698 1681 11 35 i
1738 1680 109 36 dessa

244 1743 132 38 länder
422 1741 96 37 efter
561 1741 66 36 allt
668 1745 54 31 att
762 1739 112 37 döma
908 1737 151 37 befinna
1087 1737 61 48 sig
1176 1737 11 35 i
1216 1735 199 37 oavbrutet
1442 1732 226 50 tilltagande
1697 1731 70 37 och
1795 1736 54 31 att

244 1801 96 31 även
378 1794 46 37 de
460 1792 192 49 tillfälliga
679 1791 245 49 möjligheter
953 1789 57 37 till
1039 1795 78 30 stor
1144 1792 145 45 export,
1318 1800 82 23 som
1429 1786 64 37 det
1527 1785 180 37 abnorma
1739 1783 107 36 kurs-

244 1848 105 48 läget
377 1847 12 36 i
418 1845 103 37 vissa
550 1843 242 38 hänseenden
834 1843 145 48 skapat,
1009 1841 222 52 därigenom
1260 1839 61 37 för
1349 1852 46 23 en
1425 1836 243 48 överskådlig
1696 1833 150 38 framtid

245 1898 112 37 blivit
384 1898 12 36 i
425 1897 79 48 hög
531 1896 97 49 grad
656 1894 239 38 reducerade.

375 1949 75 36 För
476 1948 64 36 det
568 1947 121 48 tredje
717 1946 229 36 tillkommer
974 1947 126 34 såsom
1129 1957 47 23 en
1204 1943 128 36 faktor
1359 1955 45 23 av
1430 1940 183 37 avsevärd
1642 1939 80 36 vikt
1749 1938 12 35 i
1778 1951 69 22 nu-

245 2000 168 38 varande
453 1999 127 48 stund,
622 2004 55 31 att
714 1997 215 39 tendensen,
951 1997 57 35 till
1037 1994 258 49 stabilisering
1323 2007 47 23 av
1397 1990 306 52 penningvärdet
1730 1989 12 36 i
1769 1990 80 35 län-

247 2053 116 37 derna
409 2051 85 37 med
538 2050 100 49 goda
671 2047 437 52 penningförhållanden
1145 2047 11 35 i
1186 2047 103 36 detta
1317 2044 66 37 fall
1410 2044 137 36 liksom
1578 2046 39 33 år
1647 2042 201 36 1919—20

247 2104 154 49 mycket
427 2103 71 36 lätt
524 2102 77 36 kan
630 2102 55 36 slå
714 2106 88 31 över
829 2100 58 36 till
915 2112 46 24 en
994 2097 225 49 utveckling
1246 2097 12 36 i
1286 2101 158 32 motsatt
1470 2095 173 47 riktning
1670 2098 79 31 mot
1776 2091 73 37 den

248 2160 128 33 senast
421 2153 323 38 förekommande.
809 2151 123 37 Faran
979 2150 60 37 för
1077 2163 47 24 en
1166 2163 51 35 ny
1260 2149 139 36 allmän
1427 2146 267 50 prisstegring,
1724 2157 46 23 en
1798 2157 51 35 ny

247 2207 186 47 inflation,
475 2206 75 36 kan
578 2204 212 50 ingalunda
817 2216 112 24 anses
957 2202 203 37 utesluten.
1216 2200 102 37 Både
1347 2200 84 36 från
1459 2198 182 37 Amerika
1669 2196 69 37 och
1767 2195 81 36 från

247 2258 179 50 England
455 2258 69 36 har
550 2257 116 38 redan
695 2255 120 38 under
855 2258 129 45 någon
1012 2253 137 38 månad
1177 2252 198 50 påpekats,
1406 2257 54 30 att
1488 2249 285 51 spekulationen
1802 2249 48 47 på
