2120 2648
714 205 242 42 Lagutskottets
985 206 173 32 Utlåtande
1184 207 60 31 N:o
1267 210 51 28 39.
1737 212 37 26 17

209 292 178 44 vetandet,
429 296 54 32 att
523 296 115 32 staten
679 294 141 44 bidroge
860 294 54 35 till
954 295 280 44 presterskapets
1266 294 164 45 aflöning,
1459 294 110 36 under
1596 295 59 35 det
1682 298 54 32 att
1763 293 50 37 åt-

206 343 140 44 skilliga
374 347 177 41 prestmän
580 355 82 26 vore
690 346 11 33 i
728 343 209 46 åtnjutande
965 346 39 34 af
1029 347 63 33 allt
1116 346 54 34 för
1197 346 228 44 öfverflödiga
1453 346 202 44 inkomster,
1684 347 129 35 önskar

208 395 215 35 motionären
464 396 132 43 vidare,
638 400 54 31 att
724 398 69 33 alla
822 397 40 34 de
890 398 10 33 i
929 408 98 23 mom.
1059 399 19 33 2
1108 397 38 34 af
1170 396 22 46 8
1222 399 19 33 9
1270 398 228 43 uppräknade
1525 396 185 44 förmåner,
1740 409 71 24 som

207 445 117 34 blifvit
366 447 38 33 af
443 450 115 30 staten
599 446 36 35 åt
671 448 261 43 presterskapet
959 446 180 45 upplåtna,
1168 446 108 36 måtte
1304 449 54 33 till
1386 449 215 34 statsverket
1628 448 182 45 indragas;

207 496 10 34 i
259 498 252 44 sammanhang
551 498 167 35 hvarmed
759 509 98 24 mom.
901 500 19 33 3
955 499 11 34 i
994 509 129 24 samma
1151 499 21 45 &
1203 499 102 34 borde
1333 499 127 35 ändras
1487 500 11 34 i
1526 499 91 44 syfte
1646 503 54 31 att
1727 500 85 35 före-

207 547 138 35 komma
373 549 191 35 anvisande
592 549 39 35 af
656 560 68 33 nya
752 551 214 43 statsanslag
993 551 54 34 för
1073 548 272 46 ifrågavarande
1372 548 172 37 ändamål.

341 599 79 35 Den
461 601 11 33 i
499 611 99 24 mom.
633 603 15 32 1
679 601 38 34 af
741 600 21 46 $
792 603 20 32 6
841 601 169 43 stadgade
1038 602 51 33 tid
1117 602 38 33 af
1182 604 44 32 50
1255 599 49 45 år,
1335 602 53 33 för
1414 602 143 34 hvilken
1586 603 41 33 de
1656 603 155 43 afgifter,

209 661 71 24 som
320 651 96 34 trädt
451 651 11 34 i
490 652 118 34 stället
635 652 54 34 för
716 652 152 42 tionden,
897 652 117 35 blifvit
1041 653 179 34 bestämda
1248 656 54 31 att
1328 650 97 47 utgå,
1454 663 102 25 anser
1583 653 227 44 motionären,

202 702 81 34 med
324 702 162 36 afseende
514 700 20 37 å
561 703 164 45 möjligen
753 703 210 35 inträffande
995 703 330 45 prisförändringar,
1355 714 86 24 vara
1470 705 64 34 allt
1561 705 54 34 för
1640 702 84 47 lång
1751 706 63 34 och

208 753 59 34 vill
296 753 116 35 derför
439 754 108 34 hafva
575 755 198 34 densamma
801 755 121 43 utbytt
949 758 70 31 mot
1047 765 41 24 en
1116 756 49 33 tid
1195 755 39 34 af
1260 757 44 33 25
1334 753 50 36 år.

344 803 14 34 [I
390 803 22 46 8
442 807 18 32 7
490 806 154 43 stadgas,
674 809 54 30 att
755 803 179 46 åtskilliga
962 816 24 24 s.
1017 807 33 32 k.
1081 813 99 27 extra
1210 806 174 34 ordinarie
1412 806 145 43 afgifter
1584 807 54 33 till
1664 810 148 40 prester-

206 855 126 43 skapet
372 855 98 35 skola
511 856 59 34 vid
608 856 257 44 lönereglering
905 857 142 43 utbytas
1088 860 71 31 mot
1195 857 92 34 vissa
1315 857 54 34 för
1396 867 129 24 samma
1554 857 49 34 tid
1632 858 63 34 och
1724 857 89 35 efter

207 916 132 23 samma
367 908 153 42 grunder
548 917 68 24 som
647 908 357 43 tiondeersättningen
1025 908 53 34 till
1098 909 159 42 beloppet
1277 908 175 34 bestämda
1474 908 194 44 utskylder,
1688 909 122 35 hvilka

204 957 86 33 böra
319 954 37 36 så
383 958 185 42 beräknas,
598 961 54 31 att
679 959 47 33 all
753 959 180 43 betalning
960 959 54 33 till
1041 960 261 42 presterskapet
1329 959 54 33 för
1410 959 172 34 särskilda
1610 959 200 35 förrättnin-

206 1018 66 33 gar
311 1007 68 35 kan
420 1009 168 43 upphöra.
643 1006 57 37 Då
741 1009 97 34 detta
879 1009 192 44 stadgande
1113 1010 108 44 enligt
1261 1010 233 34 motionärens
1525 1009 225 36 förmenande
1778 1011 30 43 ej

207 1068 84 25 vore
332 1059 210 44 tillräckligt
581 1060 129 43 tydligt
738 1060 62 34 och
828 1060 198 44 derigenom
1053 1061 220 34 föranleddes
1301 1058 250 45 missförstånd,
1579 1061 106 34 borde
1713 1062 99 34 ordet

211 1110 111 33 »kan»
356 1111 143 43 utbytas
526 1113 72 32 mot
625 1110 98 35 ordet
755 1112 146 33 »skall».

342 1159 173 46 Slutligen
556 1172 103 24 anser
692 1162 232 43 -motionären,
971 1163 72 33 dels
1088 1165 53 32 att
1182 1163 264 43 presterskapet
1487 1164 61 33 bör
1589 1162 96 44 sjelft
1726 1164 84 33 bära

206 1211 41 34 de
275 1212 200 43 kostnader,
505 1223 70 24 som
604 1214 119 33 kunna
751 1223 86 24 vara
866 1213 75 34 med
969 1214 201 43 uppbörden
1196 1214 39 34 af
1251 1214 76 34 dess
1346 1214 268 34 löneinkomster
1633 1214 176 44 förenade,

206 1263 64 33 och
311 1262 73 35 dels
421 1266 53 32 att
501 1264 249 44 församlingen
777 1264 77 34 icke
883 1265 60 34 bör
971 1268 212 40 gemensamt
1213 1276 152 24 ansvara
1393 1265 54 34 för
1475 1265 155 44 afgifter,
1659 1276 70 24 som
1758 1266 53 34 till

209 1313 267 44 församlingens
502 1316 224 42 presterskap
755 1315 179 44 anslagits.

334 1363 19 36 I
381 1365 358 35 öfverensstämmelse
766 1366 76 34 med
871 1366 92 35 hvad
990 1367 69 33 han
1088 1364 145 36 sålunda
1261 1366 128 43 anfört,
1418 1364 146 37 föreslår
1583 1367 225 44 motionären,

207 1418 52 31 att
301 1414 203 46 Riksdagen
545 1416 54 35 för
639 1417 50 34 sin
732 1418 53 33 del
814 1417 81 35 ville
922 1418 147 43 besluta,
1100 1421 54 31 att
1181 1417 247 44 förordningen
1458 1416 179 46 angående
1666 1419 145 34 allmänt

205 1466 178 36 ordnande
410 1468 39 33 af
472 1469 279 43 presterskapets
778 1469 191 34 inkomster
995 1466 56 36 må
1078 1469 184 33 förändras
1289 1466 160 37 sålunda:

338 1517 32 48 a)
400 1522 50 31 att
476 1519 109 34 första
615 1520 99 33 delen
742 1519 39 34 af
805 1530 98 24 mom.
937 1522 16 32 1
984 1520 10 33 i
1022 1518 21 46 $
1073 1522 19 32 6
1122 1517 55 37 må
1203 1520 97 43 lyda:

337 1569 62 35 All
427 1570 127 42 tionde,
584 1580 85 24 vare
696 1571 53 43 sig
776 1571 142 41 tertial-,
947 1574 114 40 smör-,
1089 1570 79 34 fisk-
1196 1571 84 33 eller
1308 1571 235 43 qvicktionde,
1572 1573 140 41 utbytes
1740 1576 70 30 mot

205 1620 180 34 bestämda
413 1620 145 44 afgifter
585 1621 54 34 för
666 1631 41 24 en
735 1621 51 34 tid
814 1621 38 34 af
876 1621 172 44 tjugufem
1077 1619 54 46 år,

334 1669 33 49 b)
397 1675 51 30 att
474 1672 64 34 den
567 1672 100 34 delen
695 1672 39 34 af
757 1671 22 46 8
809 1673 32 42 7,
870 1683 71 23 som
968 1672 120 44 börjar
1116 1673 74 33 med
1220 1673 105 33 orden
1350 1673 172 33 »börande
1546 1673 99 34 dessa
1665 1674 145 44 afgifter

205 1742 47 3 —
282 1737 63 13 —>»
382 1723 65 34 och
486 1723 112 34 slutar
637 1723 90 34 med:
775 1723 91 34 »kan
907 1724 193 43 upphöra»,
1142 1721 150 36 erhåller
1333 1724 110 33 denna
1480 1724 146 42 lydelse:
1656 1725 153 34 börande

206 1772 99 35 dessa
347 1773 145 44 afgifter
532 1772 38 36 så
610 1773 185 44 beräknas,
825 1776 54 32 att
906 1775 45 33 all
980 1774 181 43 betalning
1188 1774 53 34 till
1269 1775 260 43 presterskapet
1557 1775 54 34 för
1638 1776 171 34 särskilda

206 1823 257 45 förrättningar
491 1825 90 33 skall
608 1825 174 44 upphöra;

337 1872 30 50 c)
397 1879 50 30 att
473 1878 194 32 momenten
700 1878 15 32 1
747 1876 62 35 och
839 1877 19 33 2
887 1875 22 45 $
939 1877 19 33 9
988 1874 55 36 må
1070 1876 81 44 lyda
1180 1874 51 36 så:

362 1925 106 35 Mom.
503 1928 28 33 1.
587 1925 81 36 Som
707 1927 57 34 lön
805 1925 36 36 åt
873 1927 221 43 kyrkoherde
1123 1925 54 36 får
1204 1927 77 34 icke
1310 1924 114 37 anslås
1451 1928 107 44 högre
1586 1929 151 33 inkomst
1764 1933 45 30 än

207 1977 79 43 fyra
327 1980 100 31 tusen
460 1978 139 43 kronor,
629 1978 139 34 hvadan
796 1978 102 34 lönen
926 1978 54 34 till
1007 1978 40 34 de
1075 1978 256 43 kyrkoherdar,
1361 1988 69 24 som
1459 1979 188 35 innehafva
1676 1980 133 34 mindre

206 2031 169 40 pastorat,
418 2029 70 34 kan
531 2028 89 35 efter
661 2029 346 43 omständigheterna.
1043 2030 209 33 bestämmas
1293 2029 52 34 till
1386 2029 97 44 lägre
1523 2031 122 43 belopp
1679 2034 44 31 än
1752 2031 58 34 det

208 2079 242 43 nyssnämnda.
507 2078 64 36 Om
612 2080 52 34 uti
704 2082 169 41 pastorat,
914 2090 69 24 som
1024 2083 144 41 utgöras
1196 2080 38 34 af
1260 2091 39 23 en
1329 2081 84 33 eller
1439 2081 85 34 flera
1552 2081 257 44 församlingar,

207 2127 114 46 någon
350 2131 83 33 eller
460 2128 110 46 några
599 2131 39 34 af
662 2131 290 44 församlingarna
983 2131 133 34 fordom
1144 2130 152 35 förlänat
1324 2132 76 33 dess
1427 2133 224 43 presterskap
1679 2133 131 34 afkom-

207 2185 75 29 sten
325 2180 39 35 af
388 2181 159 34 hemman
577 2182 61 34 och
667 2182 205 41 lägenheter
900 2181 84 35 eller
1012 2182 176 34 anskaffat
1216 2182 110 34 andra
1355 2182 162 44 fördelar,
1546 2184 102 42 skall,
1678 2183 57 35 vid
1762 2183 48 35 in-

205 2231 174 35 träffande
419 2232 266 45 lönereglering,
728 2232 124 44 hvarje
890 2231 203 45 församling
1120 2231 259 36 återbekomma
1407 2234 65 33 den
1500 2234 39 34 af
1563 2234 247 44 församlingen

203 2282 125 45 gjorda
369 2283 218 44 förläningen
630 2285 83 32 eller
754 2281 37 36 så
831 2284 141 43 mycket
1013 2283 108 40 deraf,
1164 2287 53 30 att
1258 2284 11 33 i
1311 2284 123 44 hvarje
1471 2284 61 34 fall
1564 2285 245 42 kyrkoherden

290 2340 75 32 Bih.
393 2339 54 33 till
470 2340 114 33 RBiksd.
609 2341 88 32 Prot.
724 2343 89 29 1888.
861 2343 18 29 7
902 2340 98 32 Saml.
1046 2343 41 29 20
1110 2340 97 42 Häft.
1713 2345 17 28 3
