2242 2652
689 200 265 34 Statsutskottets
983 198 175 34 Utlåtande
1183 197 61 32 N:o
1267 199 42 30 10
1730 198 38 29 25

200 291 107 37 äfven
339 291 76 35 med
440 291 59 35 det
525 293 89 32 mest
640 290 173 43 indragna
841 286 221 42 lefnadssätt,
1091 285 78 35 icke
1197 284 116 35 kunde
1341 284 108 34 hafva
1476 283 63 35 sitt
1565 283 185 44 uppehälle
1777 281 39 35 af

202 344 65 33 den
308 343 144 44 pension
493 339 78 37 från
612 340 149 36 nämnda
803 340 103 33 kassa
941 338 54 34 till
1029 337 124 43 belopp
1187 336 38 34 af
1259 337 68 33 150
1356 336 139 41 kronor,
1524 344 72 24 som
1624 333 110 44 enligt
1762 336 52 31 ett

203 395 66 34 den
313 395 42 33 17
400 403 94 24 mars
531 394 94 33 1875
659 391 39 34 af
722 390 223 35 direktionen
973 388 100 34 öfver
1100 387 152 34 nämnda
1279 387 105 33 kassa
1412 385 183 35 utfärdadt
1621 384 99 35 bevis
1747 384 66 34 till-

203 445 136 34 komme
379 444 125 41 henne,
546 446 54 31 att
640 440 359 43 medicinalstyrelsen
1039 438 11 34 i
1089 437 150 44 afgifvet
1272 435 183 36 utlåtande
1487 436 77 34 med
1597 436 135 42 hänsyn
1760 434 55 34 till

205 496 198 34 sökandens
430 494 236 34 framskridna
694 490 98 36 ålder
819 491 64 34 och
911 491 130 33 hennes
1069 489 147 43 torftiga
1245 488 224 34 ekonomiska
1489 484 240 37 förhållanden
1750 485 65 34 till-

204 547 119 43 styrkt
362 545 101 35 bifall
503 544 54 34 till
597 543 197 35 sökandens
821 541 209 35 framstälda
1059 537 165 36 anhållan
1253 541 88 31 samt
1370 538 116 34 tillika
1514 537 232 34 öfverlemnat
1773 546 42 23 en

205 597 77 35 med
329 596 144 43 ledning
517 594 40 35 af
593 594 191 44 styrelsens
824 591 291 36 läkarematrikel
1155 589 172 44 uppgjord
1367 587 356 45 tjensteförteckning
1763 586 54 34 för

208 648 197 35 sökandens
447 656 92 33 man,
579 645 199 42 utvisande,
820 646 54 31 att
905 643 70 33 han
1009 641 160 34 innehaft
1196 639 215 44 anställning
1437 639 104 34 bland
1569 641 109 31 annat
1705 635 111 36 såsom

208 698 257 36 militärläkare
505 697 111 34 under
656 706 42 24 en
738 693 241 43 sammanlagd
1016 692 51 34 tid
1103 691 39 34 af
1167 692 45 33 39
1245 688 51 45 år,
1334 692 44 33 10
1406 690 120 43 dagar,
1556 689 63 35 och
1647 691 64 40 att,
1741 688 77 34 med

206 750 127 43 tillägg
374 749 40 34 af
452 748 65 34 den
553 747 62 43 tid,
652 747 70 34 han
759 745 91 35 efter
885 744 62 34 sitt
980 743 124 34 afsked
1131 740 79 36 från
1237 739 579 46 regementsläkarebeställningen

208 798 179 47 qvarstått
415 797 113 36 såsom
555 799 121 34 läkare
705 796 57 35 vid
791 794 241 44 cellfängelset
1059 793 11 34 i
1097 790 183 44 Vesterås,
1301 792 88 34 hans
1409 790 409 46 tjenstgöring
1653 786 16 63 i
1684 790 134 46 statens

208 851 111 45 tjenst
346 850 167 35 omfattat
540 849 145 42 tillhopa
714 849 45 32 47
788 844 52 45 år,
872 848 17 32 7
921 842 177 45 månader,
1129 845 44 33 26
1202 844 126 43 dagar;
1352 846 54 30 att
1425 842 265 40 statskontoret,
1711 841 108 33 hvars

209 900 183 37 utlåtande
417 900 132 45 jemväl
577 899 202 41 infordrats,
809 897 75 34 med
914 895 162 35 afseende
1104 892 21 36 å
1154 891 94 37 Ståls
1276 893 243 43 nyssberörda,
1540 892 158 43 ovanligt
1712 888 106 46 långa

209 952 182 44 tjenstetid
433 951 64 34 och
537 950 58 34 det
636 948 200 44 obetydliga
877 945 298 45 pensionsbelopp,
1208 943 145 35 hvartill
1386 944 86 34 hans
1505 943 89 34 enka
1623 942 110 34 under
1760 951 58 24 nu-

213 1003 156 34 varande
410 998 244 38 förhållanden
687 1009 84 25 vore
803 996 212 44 berättigad,
1044 996 176 42 tillstyrkt
1248 994 259 43 framställning
1535 993 52 34 till
1615 992 203 43 Riksdagen

212 1064 53 24 om
300 1053 200 44 beviljande
532 1049 37 37 åt
601 1051 123 42 henne,
757 1047 80 36 från
865 1048 64 34 och
956 1046 78 35 med
1060 1046 239 34 innevarande
1326 1043 58 36 års
1411 1044 123 44 början
1563 1044 63 34 och
1654 1041 38 36 så
1718 1044 103 42 länge

212 1106 67 33 hon
320 1104 12 34 i
359 1104 63 34 sitt
462 1100 195 37 enkestånd
696 1099 183 42 förblefve,
922 1098 39 34 af
991 1108 42 24 en
1065 1095 92 45 årlig
1188 1095 285 45 pensionsfylnad
1506 1095 39 34 af
1576 1095 72 34 360
1678 1095 141 40 kronor,

212 1155 242 44 hvarigenom,
483 1154 76 34 med
586 1153 126 43 tillägg
740 1151 38 35 af
803 1150 189 44 pensionen
1020 1146 79 36 från
1128 1148 137 34 arméns
1294 1148 101 33 enke-
1423 1146 64 35 och
1506 1145 226 44 pupillkassa,
1752 1144 69 34 hon

213 1207 113 34 skulle
353 1206 139 34 komma
518 1204 12 34 i
557 1201 208 46 åtnjutande
793 1201 40 34 af
857 1200 143 44 pension
1028 1199 55 34 till
1110 1208 132 25 samma
1270 1198 134 43 belopp,
1433 1207 68 24 som
1532 1197 91 33 enka
1651 1196 63 34 och
1733 1196 88 33 barn

213 1257 91 34 efter
343 1255 324 44 regementsläkare
707 1252 110 44 enligt
857 1249 165 45 gällande
1057 1250 213 43 reglemente
1304 1248 86 44 egde
1417 1248 157 43 uppbära
1601 1244 79 36 från
1708 1246 114 34 denna

211 1308 123 43 kassa;

344 1360 91 31 samt
475 1359 54 31 att
569 1352 383 47 departementschefen
988 1351 59 35 vid
1083 1350 163 34 ärendets
1277 1348 251 44 föredragning
1561 1347 128 43 anfört,
1718 1346 105 34 bland

213 1410 120 38 annat,
362 1411 55 31 att
445 1406 40 35 af
508 1407 98 34 boets
633 1404 167 44 ställning
827 1403 59 34 vid
915 1399 95 38 Ståls
1038 1401 65 34 död
1132 1400 116 34 kunde
1276 1402 162 41 antagas,
1467 1402 53 30 att
1543 1398 70 34 han
1632 1397 77 35 icke
1729 1397 95 34 varit

215 1459 10 34 i
266 1458 139 35 tillfälle
446 1458 145 43 erlägga
631 1456 42 34 de
705 1456 108 43 högre
847 1453 156 44 afgifter,
1037 1462 70 24 som
1136 1451 111 34 skulle
1275 1450 193 43 berättigat
1495 1448 177 35 sökanden
1700 1447 54 35 till
1782 1457 41 24 en

215 1519 97 25 mera
352 1508 193 43 tillräcklig
581 1506 140 45 pension
759 1503 79 36 från
875 1504 138 34 arméns
1040 1503 100 34 enke-
1170 1502 62 34 och
1260 1501 227 44 pupillkassa,
1516 1499 122 35 hvilka
1667 1498 156 44 afgifter,

219 1560 110 44 enligt
370 1570 42 24 en
452 1560 92 33 inom
584 1557 150 35 nämnda
768 1557 104 33 kassa
906 1553 182 36 verkstäld
1114 1552 200 43 utredning,
1344 1552 111 33 skulle
1482 1551 10 33 i
1520 1550 222 42 retroaktiv-,
1770 1550 55 33 be-

219 1610 188 44 fordrings-
436 1610 64 34 och
527 1608 105 45 höjda
660 1606 205 44 årsafgifter
892 1603 112 37 vållat
1032 1602 76 36 Stål
1137 1614 42 22 en
1207 1603 91 34 ökad
1325 1602 109 44 utgift
1461 1601 52 34 för
1541 1601 95 34 tiden
1664 1598 77 36 från
1762 1599 63 35 och

217 1662 77 33 med
321 1658 40 37 år
393 1662 96 32 1884
515 1660 40 34 af
578 1669 74 24 mer
678 1662 45 30 än
755 1659 107 41 1,500
891 1657 139 33 kronor.

352 1777 52 36 På
431 1778 113 44 grund
573 1777 38 35 af
636 1776 92 35 hvad
757 1773 146 36 sålunda
931 1772 117 35 blifvit
1075 1771 140 43 upplyst
1244 1770 201 34 hemställer
1471 1769 186 42 utskottet,

673 1896 54 32 att
753 1891 131 45 Kongl.
913 1890 127 45 Maj:ts
1067 1888 233 36 förevarande
1327 1886 260 44 framställning
1606 1882 55 38 må
1676 1884 39 36 af
1726 1884 101 36 Riks-

621 1945 113 43 dagen
760 1944 152 34 bifallas.

358 2066 91 33 929:0.
505 2062 64 36 Uti
606 2072 42 24 en
684 2062 52 34 till
768 2060 203 43 Riksdagen
1008 2059 64 33 den
1099 2060 19 32 7
1144 2057 174 34 nästlidne
1342 2055 155 35 februari
1521 2052 127 36 aflåten
1680 2053 148 43 proposi-
1869 2054 146 43 Angående

223 2116 73 34 tion
334 2114 69 44 (n:o
429 2112 59 46 30)
526 2114 64 32 har
625 2111 129 42 Kongl.
795 2110 118 43 Maj:t,
947 2109 111 33 under
1094 2106 220 43 åberopande
1356 2106 38 33 af
1415 2105 255 43 propositionen
1695 2103 136 43 bilagdt
1848 2100 120 50 pensron
1988 2092 47 58 Sör

221 2165 130 43 utdrag
387 2165 38 33 af
463 2162 210 44 protokollet
709 2162 99 33 öfver
845 2158 380 36 ecklesiastikärenden
1267 2157 53 32 för
1356 2156 149 33 nämnda
1543 2155 80 42 dag,
1650 2153 182 42 föreslagit
1843 2158 111 32 junkten
2009 2158 31 25 B.F.

222 2215 204 43 Riksdagen
464 2216 54 31 att
540 2211 21 35 å
588 2212 176 34 allmänna
790 2209 349 43 indragningsstaten
1165 2206 129 44 bevilja
1319 2206 72 34 dels
1419 2204 37 35 åt
1479 2204 194 44 adjunkten
1698 2204 57 34 vid
1773 2204 58 32 all-
1866 2192 39 58 Ja
1917 2191 103 60 qCboms

269 2271 76 33 Bih.
371 2270 52 32 till
446 2270 115 31 Riksd.
585 2267 89 32 Prot.
699 2271 93 29 1896.
839 2270 19 28 4
883 2265 100 33 Saml.
1028 2268 17 28 1
1070 2264 82 42 Afd.
1197 2265 39 29 10
1259 2262 98 41 Häft.
1772 2262 20 27 4
1908 2258 77 26 barn.
