<?xml version="1.0" encoding="UTF-8"?>
<alto xmlns="http://www.loc.gov/standards/alto/ns-v3#" xmlns:xlink="http://www.w3.org/1999/xlink" xmlns:xsi="http://www.w3.org/2001/XMLSchema-instance" xsi:schemaLocation="http://www.loc.gov/standards/alto/ns-v3# http://www.loc.gov/alto/v3/alto-3-0.xsd">
	<Description>
		<MeasurementUnit>pixel</MeasurementUnit>
		<sourceImageInformation>
			<fileName>/tmp/tess_5lwlew_f_input.PNG</fileName>
		</sourceImageInformation>
		<OCRProcessing ID="OCR_0">
			<ocrProcessingStep>
				<processingSoftware>
					<softwareName>tesseract 5.3.0</softwareName>
				</processingSoftware>
			</ocrProcessingStep>
		</OCRProcessing>
	</Description>
	<Layout>
		<Page WIDTH="1880" HEIGHT="2822" PHYSICAL_IMG_NR="0" ID="page_0">
			<PrintSpace HPOS="0" VPOS="0" WIDTH="1880" HEIGHT="2822">
				<ComposedBlock ID="cblock_0" HPOS="438" VPOS="167" WIDTH="1171" HEIGHT="47">
					<TextBlock ID="block_0" HPOS="438" VPOS="167" WIDTH="1171" HEIGHT="47">
						<TextLine ID="line_0" HPOS="438" VPOS="167" WIDTH="1171" HEIGHT="47">
							<String ID="string_0" HPOS="438" VPOS="177" WIDTH="389" HEIGHT="37" WC="0.91" CONTENT="Bevillningsutskottets"/><SP WIDTH="20" VPOS="177" HPOS="827"/>
							<String ID="string_1" HPOS="847" VPOS="175" WIDTH="216" HEIGHT="31" WC="0.96" CONTENT="betänkande"/><SP WIDTH="20" VPOS="175" HPOS="1063"/>
							<String ID="string_2" HPOS="1083" VPOS="184" WIDTH="42" HEIGHT="21" WC="0.95" CONTENT="nr"/><SP WIDTH="19" VPOS="184" HPOS="1125"/>
							<String ID="string_3" HPOS="1144" VPOS="175" WIDTH="52" HEIGHT="30" WC="0.95" CONTENT="65."/><SP WIDTH="378" VPOS="175" HPOS="1196"/>
							<String ID="string_4" HPOS="1574" VPOS="167" WIDTH="35" HEIGHT="29" WC="0.84" CONTENT="11"/>
						</TextLine>
					</TextBlock>
				</ComposedBlock>
				<ComposedBlock ID="cblock_1" HPOS="106" VPOS="257" WIDTH="1517" HEIGHT="1512">
					<TextBlock ID="block_1" HPOS="106" VPOS="257" WIDTH="1505" HEIGHT="97">
						<TextLine ID="line_1" HPOS="106" VPOS="257" WIDTH="1505" HEIGHT="44">
							<String ID="string_5" HPOS="106" VPOS="272" WIDTH="69" HEIGHT="29" WC="0.95" CONTENT="gor."/><SP WIDTH="29" VPOS="272" HPOS="175"/>
							<String ID="string_6" HPOS="204" VPOS="263" WIDTH="183" HEIGHT="31" WC="0.95" CONTENT="Nämnden"/><SP WIDTH="25" VPOS="263" HPOS="387"/>
							<String ID="string_7" HPOS="412" VPOS="262" WIDTH="106" HEIGHT="30" WC="0.95" CONTENT="borde"/><SP WIDTH="25" VPOS="262" HPOS="518"/>
							<String ID="string_8" HPOS="543" VPOS="260" WIDTH="189" HEIGHT="31" WC="0.96" CONTENT="emellertid"/><SP WIDTH="24" VPOS="260" HPOS="732"/>
							<String ID="string_9" HPOS="756" VPOS="260" WIDTH="76" HEIGHT="30" WC="0.93" CONTENT="icke"/><SP WIDTH="25" VPOS="260" HPOS="832"/>
							<String ID="string_10" HPOS="857" VPOS="260" WIDTH="144" HEIGHT="30" WC="0.90" CONTENT="allenast"/><SP WIDTH="25" VPOS="260" HPOS="1001"/>
							<String ID="string_11" HPOS="1026" VPOS="259" WIDTH="146" HEIGHT="35" WC="0.96" CONTENT="fungera"/><SP WIDTH="25" VPOS="259" HPOS="1172"/>
							<String ID="string_12" HPOS="1197" VPOS="257" WIDTH="115" HEIGHT="31" WC="0.93" CONTENT="såsom"/><SP WIDTH="25" VPOS="257" HPOS="1312"/>
							<String ID="string_13" HPOS="1337" VPOS="257" WIDTH="274" HEIGHT="30" WC="0.90" CONTENT="besvärsinstans"/>
						</TextLine>
						<TextLine ID="line_2" HPOS="107" VPOS="309" WIDTH="1248" HEIGHT="45">
							<String ID="string_14" HPOS="107" VPOS="319" WIDTH="83" HEIGHT="26" WC="0.96" CONTENT="utan"/><SP WIDTH="20" VPOS="319" HPOS="190"/>
							<String ID="string_15" HPOS="210" VPOS="314" WIDTH="130" HEIGHT="40" WC="0.96" CONTENT="jämväl"/><SP WIDTH="18" VPOS="314" HPOS="340"/>
							<String ID="string_16" HPOS="358" VPOS="315" WIDTH="104" HEIGHT="29" WC="0.96" CONTENT="utöva"/><SP WIDTH="21" VPOS="315" HPOS="462"/>
							<String ID="string_17" HPOS="483" VPOS="322" WIDTH="42" HEIGHT="21" WC="0.96" CONTENT="en"/><SP WIDTH="21" VPOS="322" HPOS="525"/>
							<String ID="string_18" HPOS="546" VPOS="311" WIDTH="241" HEIGHT="31" WC="0.96" CONTENT="övervakande"/><SP WIDTH="18" VPOS="311" HPOS="787"/>
							<String ID="string_19" HPOS="805" VPOS="311" WIDTH="65" HEIGHT="30" WC="0.96" CONTENT="och"/><SP WIDTH="23" VPOS="311" HPOS="870"/>
							<String ID="string_20" HPOS="893" VPOS="310" WIDTH="212" HEIGHT="36" WC="0.96" CONTENT="vägledande"/><SP WIDTH="20" VPOS="310" HPOS="1105"/>
							<String ID="string_21" HPOS="1125" VPOS="309" WIDTH="230" HEIGHT="30" WC="0.96" CONTENT="verksamhet."/>
						</TextLine>
					</TextBlock>
					<TextBlock ID="block_2" HPOS="107" VPOS="358" WIDTH="1509" HEIGHT="447">
						<TextLine ID="line_3" HPOS="151" VPOS="358" WIDTH="1459" HEIGHT="44">
							<String ID="string_22" HPOS="151" VPOS="364" WIDTH="414" HEIGHT="38" WC="0.91" CONTENT="Uppbördsterminernas"/><SP WIDTH="29" VPOS="364" HPOS="565"/>
							<String ID="string_23" HPOS="594" VPOS="363" WIDTH="93" HEIGHT="30" WC="0.96" CONTENT="antal"/><SP WIDTH="26" VPOS="363" HPOS="687"/>
							<String ID="string_24" HPOS="713" VPOS="362" WIDTH="91" HEIGHT="30" WC="0.96" CONTENT="hade"/><SP WIDTH="22" VPOS="362" HPOS="804"/>
							<String ID="string_25" HPOS="826" VPOS="361" WIDTH="106" HEIGHT="36" WC="0.96" CONTENT="enligt"/><SP WIDTH="27" VPOS="361" HPOS="932"/>
							<String ID="string_26" HPOS="959" VPOS="360" WIDTH="258" HEIGHT="37" WC="0.95" CONTENT="propositionen"/><SP WIDTH="24" VPOS="360" HPOS="1217"/>
							<String ID="string_27" HPOS="1241" VPOS="359" WIDTH="197" HEIGHT="30" WC="0.96" CONTENT="reducerats"/><SP WIDTH="26" VPOS="359" HPOS="1438"/>
							<String ID="string_28" HPOS="1464" VPOS="358" WIDTH="51" HEIGHT="30" WC="0.96" CONTENT="till"/><SP WIDTH="28" VPOS="358" HPOS="1515"/>
							<String ID="string_29" HPOS="1543" VPOS="366" WIDTH="67" HEIGHT="21" WC="0.96" CONTENT="sex."/>
						</TextLine>
						<TextLine ID="line_4" HPOS="107" VPOS="408" WIDTH="1505" HEIGHT="45">
							<String ID="string_30" HPOS="107" VPOS="416" WIDTH="208" HEIGHT="37" WC="0.96" CONTENT="Därigenom"/><SP WIDTH="24" VPOS="416" HPOS="315"/>
							<String ID="string_31" HPOS="339" VPOS="415" WIDTH="129" HEIGHT="30" WC="0.96" CONTENT="ökades"/><SP WIDTH="23" VPOS="415" HPOS="468"/>
							<String ID="string_32" HPOS="491" VPOS="414" WIDTH="56" HEIGHT="30" WC="0.96" CONTENT="det"/><SP WIDTH="23" VPOS="414" HPOS="547"/>
							<String ID="string_33" HPOS="570" VPOS="414" WIDTH="93" HEIGHT="29" WC="0.95" CONTENT="antal"/><SP WIDTH="24" VPOS="414" HPOS="663"/>
							<String ID="string_34" HPOS="687" VPOS="412" WIDTH="71" HEIGHT="36" WC="0.95" CONTENT="fall,"/><SP WIDTH="24" VPOS="412" HPOS="758"/>
							<String ID="string_35" HPOS="782" VPOS="411" WIDTH="44" HEIGHT="31" WC="0.96" CONTENT="då"/><SP WIDTH="23" VPOS="411" HPOS="826"/>
							<String ID="string_36" HPOS="849" VPOS="412" WIDTH="67" HEIGHT="30" WC="0.96" CONTENT="den"/><SP WIDTH="24" VPOS="412" HPOS="916"/>
							<String ID="string_37" HPOS="940" VPOS="411" WIDTH="161" HEIGHT="35" WC="0.96" CONTENT="inkomst,"/><SP WIDTH="26" VPOS="411" HPOS="1101"/>
							<String ID="string_38" HPOS="1127" VPOS="419" WIDTH="74" HEIGHT="22" WC="0.93" CONTENT="som"/><SP WIDTH="23" VPOS="419" HPOS="1201"/>
							<String ID="string_39" HPOS="1224" VPOS="410" WIDTH="177" HEIGHT="36" WC="0.92" CONTENT="uppbures"/><SP WIDTH="22" VPOS="410" HPOS="1401"/>
							<String ID="string_40" HPOS="1423" VPOS="408" WIDTH="111" HEIGHT="31" WC="0.93" CONTENT="under"/><SP WIDTH="22" VPOS="408" HPOS="1534"/>
							<String ID="string_41" HPOS="1556" VPOS="416" WIDTH="56" HEIGHT="28" WC="0.90" CONTENT="pe-"/>
						</TextLine>
						<TextLine ID="line_5" HPOS="108" VPOS="459" WIDTH="1504" HEIGHT="42">
							<String ID="string_42" HPOS="108" VPOS="467" WIDTH="119" HEIGHT="31" WC="0.96" CONTENT="rioden"/><SP WIDTH="34" VPOS="467" HPOS="227"/>
							<String ID="string_43" HPOS="261" VPOS="467" WIDTH="129" HEIGHT="30" WC="0.93" CONTENT="mellan"/><SP WIDTH="32" VPOS="467" HPOS="390"/>
							<String ID="string_44" HPOS="422" VPOS="463" WIDTH="400" HEIGHT="38" WC="0.91" CONTENT="uppbördsterminerna,"/><SP WIDTH="35" VPOS="463" HPOS="822"/>
							<String ID="string_45" HPOS="857" VPOS="462" WIDTH="76" HEIGHT="30" WC="0.90" CONTENT="icke"/><SP WIDTH="33" VPOS="462" HPOS="933"/>
							<String ID="string_46" HPOS="966" VPOS="462" WIDTH="149" HEIGHT="35" WC="0.90" CONTENT="försloge"/><SP WIDTH="32" VPOS="462" HPOS="1115"/>
							<String ID="string_47" HPOS="1147" VPOS="461" WIDTH="51" HEIGHT="30" WC="0.93" CONTENT="till"/><SP WIDTH="33" VPOS="461" HPOS="1198"/>
							<String ID="string_48" HPOS="1231" VPOS="460" WIDTH="171" HEIGHT="37" WC="0.91" CONTENT="gäldande"/><SP WIDTH="35" VPOS="460" HPOS="1402"/>
							<String ID="string_49" HPOS="1437" VPOS="469" WIDTH="42" HEIGHT="20" WC="0.92" CONTENT="av"/><SP WIDTH="33" VPOS="469" HPOS="1479"/>
							<String ID="string_50" HPOS="1512" VPOS="459" WIDTH="100" HEIGHT="29" WC="0.88" CONTENT="kvar-"/>
						</TextLine>
						<TextLine ID="line_6" HPOS="108" VPOS="509" WIDTH="1506" HEIGHT="41">
							<String ID="string_51" HPOS="108" VPOS="517" WIDTH="139" HEIGHT="31" WC="0.95" CONTENT="stående"/><SP WIDTH="24" VPOS="517" HPOS="247"/>
							<String ID="string_52" HPOS="271" VPOS="517" WIDTH="100" HEIGHT="31" WC="0.95" CONTENT="skatt."/><SP WIDTH="29" VPOS="517" HPOS="371"/>
							<String ID="string_53" HPOS="400" VPOS="515" WIDTH="139" HEIGHT="32" WC="0.96" CONTENT="särskilt"/><SP WIDTH="24" VPOS="515" HPOS="539"/>
							<String ID="string_54" HPOS="563" VPOS="524" WIDTH="74" HEIGHT="21" WC="0.96" CONTENT="som"/><SP WIDTH="25" VPOS="524" HPOS="637"/>
							<String ID="string_55" HPOS="662" VPOS="514" WIDTH="105" HEIGHT="36" WC="0.96" CONTENT="enligt"/><SP WIDTH="26" VPOS="514" HPOS="767"/>
							<String ID="string_56" HPOS="793" VPOS="513" WIDTH="163" HEIGHT="36" WC="0.96" CONTENT="förslaget"/><SP WIDTH="26" VPOS="513" HPOS="956"/>
							<String ID="string_57" HPOS="982" VPOS="513" WIDTH="67" HEIGHT="30" WC="0.96" CONTENT="den"/><SP WIDTH="25" VPOS="513" HPOS="1049"/>
							<String ID="string_58" HPOS="1074" VPOS="510" WIDTH="230" HEIGHT="32" WC="0.96" CONTENT="kvarstående"/><SP WIDTH="25" VPOS="510" HPOS="1304"/>
							<String ID="string_59" HPOS="1329" VPOS="510" WIDTH="136" HEIGHT="30" WC="0.96" CONTENT="skatten"/><SP WIDTH="27" VPOS="510" HPOS="1465"/>
							<String ID="string_60" HPOS="1492" VPOS="509" WIDTH="122" HEIGHT="30" WC="0.96" CONTENT="endast"/>
						</TextLine>
						<TextLine ID="line_7" HPOS="108" VPOS="558" WIDTH="1505" HEIGHT="42">
							<String ID="string_61" HPOS="108" VPOS="569" WIDTH="110" HEIGHT="30" WC="0.95" CONTENT="skulle"/><SP WIDTH="31" VPOS="569" HPOS="218"/>
							<String ID="string_62" HPOS="249" VPOS="568" WIDTH="152" HEIGHT="30" WC="0.93" CONTENT="fördelas"/><SP WIDTH="32" VPOS="568" HPOS="401"/>
							<String ID="string_63" HPOS="433" VPOS="567" WIDTH="21" HEIGHT="31" WC="0.93" CONTENT="å"/><SP WIDTH="30" VPOS="567" HPOS="454"/>
							<String ID="string_64" HPOS="484" VPOS="567" WIDTH="42" HEIGHT="30" WC="0.96" CONTENT="de"/><SP WIDTH="30" VPOS="567" HPOS="526"/>
							<String ID="string_65" HPOS="556" VPOS="564" WIDTH="58" HEIGHT="32" WC="0.96" CONTENT="två"/><SP WIDTH="30" VPOS="564" HPOS="614"/>
							<String ID="string_66" HPOS="644" VPOS="565" WIDTH="108" HEIGHT="30" WC="0.93" CONTENT="första"/><SP WIDTH="31" VPOS="565" HPOS="752"/>
							<String ID="string_67" HPOS="783" VPOS="564" WIDTH="396" HEIGHT="36" WC="0.92" CONTENT="uppbördsstämmorna"/><SP WIDTH="30" VPOS="564" HPOS="1179"/>
							<String ID="string_68" HPOS="1209" VPOS="562" WIDTH="112" HEIGHT="30" WC="0.93" CONTENT="under"/><SP WIDTH="28" VPOS="562" HPOS="1321"/>
							<String ID="string_69" HPOS="1349" VPOS="558" WIDTH="264" HEIGHT="39" WC="0.92" CONTENT="uppbördsåret."/>
						</TextLine>
						<TextLine ID="line_8" HPOS="108" VPOS="610" WIDTH="1507" HEIGHT="44">
							<String ID="string_70" HPOS="108" VPOS="619" WIDTH="101" HEIGHT="31" WC="0.93" CONTENT="Detta"/><SP WIDTH="28" VPOS="619" HPOS="209"/>
							<String ID="string_71" HPOS="237" VPOS="618" WIDTH="196" HEIGHT="36" WC="0.92" CONTENT="betungade"/><SP WIDTH="27" VPOS="618" HPOS="433"/>
							<String ID="string_72" HPOS="460" VPOS="617" WIDTH="129" HEIGHT="31" WC="0.96" CONTENT="arbetet"/><SP WIDTH="26" VPOS="617" HPOS="589"/>
							<String ID="string_73" HPOS="615" VPOS="616" WIDTH="80" HEIGHT="30" WC="0.93" CONTENT="med"/><SP WIDTH="26" VPOS="616" HPOS="695"/>
							<String ID="string_74" HPOS="721" VPOS="616" WIDTH="154" HEIGHT="30" WC="0.92" CONTENT="skattens"/><SP WIDTH="27" VPOS="616" HPOS="875"/>
							<String ID="string_75" HPOS="902" VPOS="614" WIDTH="229" HEIGHT="35" WC="0.95" CONTENT="redovisning."/><SP WIDTH="31" VPOS="614" HPOS="1131"/>
							<String ID="string_76" HPOS="1162" VPOS="612" WIDTH="66" HEIGHT="31" WC="0.93" CONTENT="Om"/><SP WIDTH="28" VPOS="612" HPOS="1228"/>
							<String ID="string_77" HPOS="1256" VPOS="611" WIDTH="253" HEIGHT="36" WC="0.89" CONTENT="löneavdragen"/><SP WIDTH="29" VPOS="611" HPOS="1509"/>
							<String ID="string_78" HPOS="1538" VPOS="610" WIDTH="77" HEIGHT="30" WC="0.96" CONTENT="icke"/>
						</TextLine>
						<TextLine ID="line_9" HPOS="108" VPOS="662" WIDTH="1508" HEIGHT="44">
							<String ID="string_79" HPOS="108" VPOS="670" WIDTH="148" HEIGHT="36" WC="0.92" CONTENT="försloge"/><SP WIDTH="28" VPOS="670" HPOS="256"/>
							<String ID="string_80" HPOS="284" VPOS="670" WIDTH="50" HEIGHT="30" WC="0.93" CONTENT="till"/><SP WIDTH="27" VPOS="670" HPOS="334"/>
							<String ID="string_81" HPOS="361" VPOS="668" WIDTH="170" HEIGHT="37" WC="0.91" CONTENT="gäldande"/><SP WIDTH="27" VPOS="668" HPOS="531"/>
							<String ID="string_82" HPOS="558" VPOS="677" WIDTH="41" HEIGHT="21" WC="0.96" CONTENT="av"/><SP WIDTH="29" VPOS="677" HPOS="599"/>
							<String ID="string_83" HPOS="628" VPOS="667" WIDTH="136" HEIGHT="31" WC="0.92" CONTENT="skatten"/><SP WIDTH="26" VPOS="667" HPOS="764"/>
							<String ID="string_84" HPOS="790" VPOS="665" WIDTH="21" HEIGHT="31" WC="0.92" CONTENT="å"/><SP WIDTH="24" VPOS="665" HPOS="811"/>
							<String ID="string_85" HPOS="835" VPOS="665" WIDTH="364" HEIGHT="37" WC="0.92" CONTENT="uppbördsstämman,"/><SP WIDTH="28" VPOS="665" HPOS="1199"/>
							<String ID="string_86" HPOS="1227" VPOS="663" WIDTH="107" HEIGHT="30" WC="0.96" CONTENT="borde"/><SP WIDTH="26" VPOS="663" HPOS="1334"/>
							<String ID="string_87" HPOS="1360" VPOS="662" WIDTH="256" HEIGHT="35" WC="0.96" CONTENT="arbetsgivaren"/>
						</TextLine>
						<TextLine ID="line_10" HPOS="109" VPOS="711" WIDTH="1506" HEIGHT="42">
							<String ID="string_88" HPOS="109" VPOS="720" WIDTH="120" HEIGHT="31" WC="0.96" CONTENT="därför"/><SP WIDTH="27" VPOS="720" HPOS="229"/>
							<String ID="string_89" HPOS="256" VPOS="721" WIDTH="47" HEIGHT="29" WC="0.96" CONTENT="ha"/><SP WIDTH="29" VPOS="721" HPOS="303"/>
							<String ID="string_90" HPOS="332" VPOS="719" WIDTH="105" HEIGHT="31" WC="0.96" CONTENT="frihet"/><SP WIDTH="29" VPOS="719" HPOS="437"/>
							<String ID="string_91" HPOS="466" VPOS="722" WIDTH="48" HEIGHT="27" WC="0.96" CONTENT="att"/><SP WIDTH="29" VPOS="722" HPOS="514"/>
							<String ID="string_92" HPOS="543" VPOS="717" WIDTH="93" HEIGHT="36" WC="0.96" CONTENT="välja"/><SP WIDTH="29" VPOS="717" HPOS="636"/>
							<String ID="string_93" HPOS="665" VPOS="717" WIDTH="127" HEIGHT="30" WC="0.96" CONTENT="mellan"/><SP WIDTH="29" VPOS="717" HPOS="792"/>
							<String ID="string_94" HPOS="821" VPOS="719" WIDTH="49" HEIGHT="27" WC="0.96" CONTENT="att"/><SP WIDTH="30" VPOS="719" HPOS="870"/>
							<String ID="string_95" HPOS="900" VPOS="715" WIDTH="162" HEIGHT="36" WC="0.93" CONTENT="antingen"/><SP WIDTH="30" VPOS="715" HPOS="1062"/>
							<String ID="string_96" HPOS="1092" VPOS="714" WIDTH="150" HEIGHT="30" WC="0.92" CONTENT="inbetala"/><SP WIDTH="30" VPOS="714" HPOS="1242"/>
							<String ID="string_97" HPOS="1272" VPOS="711" WIDTH="189" HEIGHT="33" WC="0.96" CONTENT="innehållet"/><SP WIDTH="28" VPOS="711" HPOS="1461"/>
							<String ID="string_98" HPOS="1489" VPOS="711" WIDTH="126" HEIGHT="36" WC="0.95" CONTENT="belopp"/>
						</TextLine>
						<TextLine ID="line_11" HPOS="109" VPOS="763" WIDTH="1506" HEIGHT="42">
							<String ID="string_99" HPOS="109" VPOS="771" WIDTH="212" HEIGHT="30" WC="0.96" CONTENT="omedelbart"/><SP WIDTH="20" VPOS="771" HPOS="321"/>
							<String ID="string_100" HPOS="341" VPOS="770" WIDTH="58" HEIGHT="30" WC="0.93" CONTENT="vid"/><SP WIDTH="17" VPOS="770" HPOS="399"/>
							<String ID="string_101" HPOS="416" VPOS="768" WIDTH="354" HEIGHT="37" WC="0.91" CONTENT="uppbördsstämman"/><SP WIDTH="19" VPOS="768" HPOS="770"/>
							<String ID="string_102" HPOS="789" VPOS="767" WIDTH="81" HEIGHT="29" WC="0.96" CONTENT="eller"/><SP WIDTH="16" VPOS="767" HPOS="870"/>
							<String ID="string_103" HPOS="886" VPOS="766" WIDTH="66" HEIGHT="30" WC="0.93" CONTENT="ock"/><SP WIDTH="19" VPOS="766" HPOS="952"/>
							<String ID="string_104" HPOS="971" VPOS="765" WIDTH="133" HEIGHT="31" WC="0.92" CONTENT="förfara"/><SP WIDTH="20" VPOS="765" HPOS="1104"/>
							<String ID="string_105" HPOS="1124" VPOS="764" WIDTH="104" HEIGHT="36" WC="0.96" CONTENT="enligt"/><SP WIDTH="16" VPOS="764" HPOS="1228"/>
							<String ID="string_106" HPOS="1244" VPOS="765" WIDTH="42" HEIGHT="29" WC="0.93" CONTENT="49"/><SP WIDTH="21" VPOS="765" HPOS="1286"/>
							<String ID="string_107" HPOS="1307" VPOS="764" WIDTH="18" HEIGHT="37" WC="0.59" CONTENT="$"/><SP WIDTH="19" VPOS="764" HPOS="1325"/>
							<String ID="string_108" HPOS="1344" VPOS="763" WIDTH="110" HEIGHT="31" WC="0.96" CONTENT="andra"/><SP WIDTH="19" VPOS="763" HPOS="1454"/>
							<String ID="string_109" HPOS="1473" VPOS="763" WIDTH="142" HEIGHT="35" WC="0.96" CONTENT="stycket."/>
						</TextLine>
					</TextBlock>
					<TextBlock ID="block_3" HPOS="109" VPOS="812" WIDTH="1510" HEIGHT="247">
						<TextLine ID="line_12" HPOS="155" VPOS="812" WIDTH="1460" HEIGHT="43">
							<String ID="string_110" HPOS="155" VPOS="822" WIDTH="53" HEIGHT="30" WC="0.95" CONTENT="En"/><SP WIDTH="26" VPOS="822" HPOS="208"/>
							<String ID="string_111" HPOS="234" VPOS="820" WIDTH="250" HEIGHT="35" WC="0.96" CONTENT="bestämmelse,"/><SP WIDTH="27" VPOS="820" HPOS="484"/>
							<String ID="string_112" HPOS="511" VPOS="822" WIDTH="49" HEIGHT="28" WC="0.96" CONTENT="att"/><SP WIDTH="27" VPOS="822" HPOS="560"/>
							<String ID="string_113" HPOS="587" VPOS="818" WIDTH="208" HEIGHT="36" WC="0.96" CONTENT="löneavdrag"/><SP WIDTH="27" VPOS="818" HPOS="795"/>
							<String ID="string_114" HPOS="822" VPOS="817" WIDTH="110" HEIGHT="30" WC="0.95" CONTENT="skulle"/><SP WIDTH="27" VPOS="817" HPOS="932"/>
							<String ID="string_115" HPOS="959" VPOS="817" WIDTH="60" HEIGHT="30" WC="0.96" CONTENT="ske"/><SP WIDTH="27" VPOS="817" HPOS="1019"/>
							<String ID="string_116" HPOS="1046" VPOS="816" WIDTH="41" HEIGHT="30" WC="0.93" CONTENT="fr."/><SP WIDTH="29" VPOS="816" HPOS="1087"/>
							<String ID="string_117" HPOS="1116" VPOS="825" WIDTH="30" HEIGHT="20" WC="0.89" CONTENT="o."/><SP WIDTH="28" VPOS="825" HPOS="1146"/>
							<String ID="string_118" HPOS="1174" VPOS="825" WIDTH="45" HEIGHT="20" WC="0.91" CONTENT="m."/><SP WIDTH="28" VPOS="825" HPOS="1219"/>
							<String ID="string_119" HPOS="1247" VPOS="815" WIDTH="67" HEIGHT="30" WC="0.96" CONTENT="den"/><SP WIDTH="26" VPOS="815" HPOS="1314"/>
							<String ID="string_120" HPOS="1340" VPOS="814" WIDTH="110" HEIGHT="30" WC="0.96" CONTENT="första"/><SP WIDTH="27" VPOS="814" HPOS="1450"/>
							<String ID="string_121" HPOS="1477" VPOS="812" WIDTH="138" HEIGHT="35" WC="0.95" CONTENT="månad,"/>
						</TextLine>
						<TextLine ID="line_13" HPOS="110" VPOS="863" WIDTH="1505" HEIGHT="43">
							<String ID="string_122" HPOS="110" VPOS="873" WIDTH="110" HEIGHT="30" WC="0.96" CONTENT="under"/><SP WIDTH="28" VPOS="873" HPOS="220"/>
							<String ID="string_123" HPOS="248" VPOS="872" WIDTH="117" HEIGHT="30" WC="0.95" CONTENT="vilken"/><SP WIDTH="29" VPOS="872" HPOS="365"/>
							<String ID="string_124" HPOS="394" VPOS="871" WIDTH="258" HEIGHT="35" WC="0.95" CONTENT="arbetstagaren"/><SP WIDTH="28" VPOS="871" HPOS="652"/>
							<String ID="string_125" HPOS="680" VPOS="868" WIDTH="76" HEIGHT="31" WC="0.96" CONTENT="haft"/><SP WIDTH="29" VPOS="868" HPOS="756"/>
							<String ID="string_126" HPOS="785" VPOS="867" WIDTH="208" HEIGHT="37" WC="0.96" CONTENT="anställning"/><SP WIDTH="28" VPOS="867" HPOS="993"/>
							<String ID="string_127" HPOS="1021" VPOS="868" WIDTH="66" HEIGHT="29" WC="0.96" CONTENT="den"/><SP WIDTH="29" VPOS="868" HPOS="1087"/>
							<String ID="string_128" HPOS="1116" VPOS="866" WIDTH="109" HEIGHT="30" WC="0.96" CONTENT="första"/><SP WIDTH="27" VPOS="866" HPOS="1225"/>
							<String ID="string_129" HPOS="1252" VPOS="866" WIDTH="112" HEIGHT="35" WC="0.95" CONTENT="dagen"/><SP WIDTH="29" VPOS="866" HPOS="1364"/>
							<String ID="string_130" HPOS="1393" VPOS="864" WIDTH="11" HEIGHT="30" WC="0.96" CONTENT="i"/><SP WIDTH="29" VPOS="864" HPOS="1404"/>
							<String ID="string_131" HPOS="1433" VPOS="863" WIDTH="182" HEIGHT="35" WC="0.96" CONTENT="månaden,"/>
						</TextLine>
						<TextLine ID="line_14" HPOS="109" VPOS="914" WIDTH="1507" HEIGHT="45">
							<String ID="string_132" HPOS="109" VPOS="924" WIDTH="80" HEIGHT="30" WC="0.96" CONTENT="med"/><SP WIDTH="19" VPOS="924" HPOS="189"/>
							<String ID="string_133" HPOS="208" VPOS="923" WIDTH="124" HEIGHT="36" WC="0.96" CONTENT="början"/><SP WIDTH="22" VPOS="923" HPOS="332"/>
							<String ID="string_134" HPOS="354" VPOS="922" WIDTH="57" HEIGHT="30" WC="0.96" CONTENT="vid"/><SP WIDTH="21" VPOS="922" HPOS="411"/>
							<String ID="string_135" HPOS="432" VPOS="922" WIDTH="56" HEIGHT="29" WC="0.93" CONTENT="det"/><SP WIDTH="21" VPOS="922" HPOS="488"/>
							<String ID="string_136" HPOS="509" VPOS="919" WIDTH="326" HEIGHT="37" WC="0.92" CONTENT="avlöningstillfälle,"/><SP WIDTH="24" VPOS="919" HPOS="835"/>
							<String ID="string_137" HPOS="859" VPOS="928" WIDTH="75" HEIGHT="21" WC="0.93" CONTENT="som"/><SP WIDTH="21" VPOS="928" HPOS="934"/>
							<String ID="string_138" HPOS="955" VPOS="917" WIDTH="119" HEIGHT="31" WC="0.92" CONTENT="infölle"/><SP WIDTH="22" VPOS="917" HPOS="1074"/>
							<String ID="string_139" HPOS="1096" VPOS="917" WIDTH="138" HEIGHT="36" WC="0.96" CONTENT="tidigast"/><SP WIDTH="22" VPOS="917" HPOS="1234"/>
							<String ID="string_140" HPOS="1256" VPOS="925" WIDTH="42" HEIGHT="21" WC="0.96" CONTENT="en"/><SP WIDTH="22" VPOS="925" HPOS="1298"/>
							<String ID="string_141" HPOS="1320" VPOS="915" WIDTH="108" HEIGHT="31" WC="0.96" CONTENT="vecka"/><SP WIDTH="21" VPOS="915" HPOS="1428"/>
							<String ID="string_142" HPOS="1449" VPOS="914" WIDTH="87" HEIGHT="31" WC="0.93" CONTENT="efter"/><SP WIDTH="21" VPOS="914" HPOS="1536"/>
							<String ID="string_143" HPOS="1557" VPOS="923" WIDTH="59" HEIGHT="21" WC="0.92" CONTENT="an-"/>
						</TextLine>
						<TextLine ID="line_15" HPOS="111" VPOS="963" WIDTH="1508" HEIGHT="47">
							<String ID="string_144" HPOS="111" VPOS="973" WIDTH="223" HEIGHT="37" WC="0.90" CONTENT="ställningens"/><SP WIDTH="32" VPOS="973" HPOS="334"/>
							<String ID="string_145" HPOS="366" VPOS="971" WIDTH="135" HEIGHT="39" WC="0.95" CONTENT="början,"/><SP WIDTH="32" VPOS="971" HPOS="501"/>
							<String ID="string_146" HPOS="533" VPOS="970" WIDTH="97" HEIGHT="31" WC="0.96" CONTENT="torde"/><SP WIDTH="30" VPOS="970" HPOS="630"/>
							<String ID="string_147" HPOS="660" VPOS="970" WIDTH="92" HEIGHT="30" WC="0.96" CONTENT="bliva"/><SP WIDTH="31" VPOS="970" HPOS="752"/>
							<String ID="string_148" HPOS="783" VPOS="968" WIDTH="199" HEIGHT="37" WC="0.96" CONTENT="nödvändig"/><SP WIDTH="29" VPOS="968" HPOS="982"/>
							<String ID="string_149" HPOS="1011" VPOS="967" WIDTH="221" HEIGHT="32" WC="0.96" CONTENT="beträffande"/><SP WIDTH="33" VPOS="967" HPOS="1232"/>
							<String ID="string_150" HPOS="1265" VPOS="965" WIDTH="96" HEIGHT="31" WC="0.95" CONTENT="såväl"/><SP WIDTH="27" VPOS="965" HPOS="1361"/>
							<String ID="string_151" HPOS="1388" VPOS="963" WIDTH="231" HEIGHT="32" WC="0.96" CONTENT="kvarstående"/>
						</TextLine>
						<TextLine ID="line_16" HPOS="111" VPOS="1021" WIDTH="623" HEIGHT="38">
							<String ID="string_152" HPOS="111" VPOS="1034" WIDTH="75" HEIGHT="21" WC="0.95" CONTENT="som"/><SP WIDTH="24" VPOS="1034" HPOS="186"/>
							<String ID="string_153" HPOS="210" VPOS="1024" WIDTH="177" HEIGHT="30" WC="0.94" CONTENT="debiterad"/><SP WIDTH="22" VPOS="1024" HPOS="387"/>
							<String ID="string_154" HPOS="409" VPOS="1022" WIDTH="202" HEIGHT="37" WC="0.96" CONTENT="preliminär"/><SP WIDTH="23" VPOS="1022" HPOS="611"/>
							<String ID="string_155" HPOS="634" VPOS="1021" WIDTH="100" HEIGHT="30" WC="0.96" CONTENT="skatt."/>
						</TextLine>
					</TextBlock>
					<TextBlock ID="block_4" HPOS="107" VPOS="1065" WIDTH="1512" HEIGHT="295">
						<TextLine ID="line_17" HPOS="156" VPOS="1065" WIDTH="1462" HEIGHT="46">
							<String ID="string_156" HPOS="156" VPOS="1075" WIDTH="115" HEIGHT="36" WC="0.96" CONTENT="Enligt"/><SP WIDTH="33" VPOS="1075" HPOS="271"/>
							<String ID="string_157" HPOS="304" VPOS="1073" WIDTH="261" HEIGHT="37" WC="0.96" CONTENT="propositionen"/><SP WIDTH="32" VPOS="1073" HPOS="565"/>
							<String ID="string_158" HPOS="597" VPOS="1072" WIDTH="111" HEIGHT="30" WC="0.96" CONTENT="skulle"/><SP WIDTH="32" VPOS="1072" HPOS="708"/>
							<String ID="string_159" HPOS="740" VPOS="1070" WIDTH="230" HEIGHT="31" WC="0.96" CONTENT="kvarstående"/><SP WIDTH="32" VPOS="1070" HPOS="970"/>
							<String ID="string_160" HPOS="1002" VPOS="1070" WIDTH="91" HEIGHT="30" WC="0.96" CONTENT="skatt"/><SP WIDTH="30" VPOS="1070" HPOS="1093"/>
							<String ID="string_161" HPOS="1123" VPOS="1069" WIDTH="76" HEIGHT="30" WC="0.93" CONTENT="icke"/><SP WIDTH="31" VPOS="1069" HPOS="1199"/>
							<String ID="string_162" HPOS="1230" VPOS="1071" WIDTH="136" HEIGHT="33" WC="0.89" CONTENT="uttagas"/><SP WIDTH="29" VPOS="1071" HPOS="1366"/>
							<String ID="string_163" HPOS="1395" VPOS="1067" WIDTH="112" HEIGHT="30" WC="0.96" CONTENT="under"/><SP WIDTH="28" VPOS="1067" HPOS="1507"/>
							<String ID="string_164" HPOS="1535" VPOS="1065" WIDTH="83" HEIGHT="31" WC="0.96" CONTENT="åren"/>
						</TextLine>
						<TextLine ID="line_18" HPOS="115" VPOS="1117" WIDTH="1502" HEIGHT="42">
							<String ID="string_165" HPOS="115" VPOS="1127" WIDTH="80" HEIGHT="29" WC="0.96" CONTENT="1947"/><SP WIDTH="24" VPOS="1127" HPOS="195"/>
							<String ID="string_166" HPOS="219" VPOS="1126" WIDTH="65" HEIGHT="30" WC="0.96" CONTENT="och"/><SP WIDTH="25" VPOS="1126" HPOS="284"/>
							<String ID="string_167" HPOS="309" VPOS="1125" WIDTH="93" HEIGHT="30" WC="0.96" CONTENT="1948."/><SP WIDTH="21" VPOS="1125" HPOS="402"/>
							<String ID="string_168" HPOS="423" VPOS="1124" WIDTH="64" HEIGHT="30" WC="0.96" CONTENT="Det"/><SP WIDTH="21" VPOS="1124" HPOS="487"/>
							<String ID="string_169" HPOS="508" VPOS="1132" WIDTH="81" HEIGHT="21" WC="0.96" CONTENT="vore"/><SP WIDTH="21" VPOS="1132" HPOS="589"/>
							<String ID="string_170" HPOS="610" VPOS="1121" WIDTH="130" HEIGHT="31" WC="0.96" CONTENT="således"/><SP WIDTH="20" VPOS="1121" HPOS="740"/>
							<String ID="string_171" HPOS="760" VPOS="1120" WIDTH="134" HEIGHT="39" WC="0.96" CONTENT="möjligt"/><SP WIDTH="21" VPOS="1120" HPOS="894"/>
							<String ID="string_172" HPOS="915" VPOS="1124" WIDTH="49" HEIGHT="26" WC="0.96" CONTENT="att"/><SP WIDTH="20" VPOS="1124" HPOS="964"/>
							<String ID="string_173" HPOS="984" VPOS="1129" WIDTH="48" HEIGHT="21" WC="0.96" CONTENT="nu"/><SP WIDTH="19" VPOS="1129" HPOS="1032"/>
							<String ID="string_174" HPOS="1051" VPOS="1120" WIDTH="148" HEIGHT="30" WC="0.96" CONTENT="utesluta"/><SP WIDTH="22" VPOS="1120" HPOS="1199"/>
							<String ID="string_175" HPOS="1221" VPOS="1118" WIDTH="159" HEIGHT="36" WC="0.93" CONTENT="samtliga"/><SP WIDTH="22" VPOS="1118" HPOS="1380"/>
							<String ID="string_176" HPOS="1402" VPOS="1117" WIDTH="215" HEIGHT="30" WC="0.92" CONTENT="bestämmel-"/>
						</TextLine>
						<TextLine ID="line_19" HPOS="107" VPOS="1168" WIDTH="1508" HEIGHT="44">
							<String ID="string_177" HPOS="107" VPOS="1189" WIDTH="54" HEIGHT="22" WC="0.96" CONTENT="ser"/><SP WIDTH="19" VPOS="1189" HPOS="161"/>
							<String ID="string_178" HPOS="180" VPOS="1178" WIDTH="148" HEIGHT="31" WC="0.96" CONTENT="rörande"/><SP WIDTH="19" VPOS="1178" HPOS="328"/>
							<String ID="string_179" HPOS="347" VPOS="1177" WIDTH="210" HEIGHT="35" WC="0.96" CONTENT="löneavdrag"/><SP WIDTH="20" VPOS="1177" HPOS="557"/>
							<String ID="string_180" HPOS="577" VPOS="1176" WIDTH="56" HEIGHT="30" WC="0.96" CONTENT="för"/><SP WIDTH="21" VPOS="1176" HPOS="633"/>
							<String ID="string_181" HPOS="654" VPOS="1174" WIDTH="65" HEIGHT="31" WC="0.96" CONTENT="och"/><SP WIDTH="20" VPOS="1174" HPOS="719"/>
							<String ID="string_182" HPOS="739" VPOS="1173" WIDTH="220" HEIGHT="36" WC="0.96" CONTENT="redovisning"/><SP WIDTH="20" VPOS="1173" HPOS="959"/>
							<String ID="string_183" HPOS="979" VPOS="1182" WIDTH="42" HEIGHT="21" WC="0.96" CONTENT="av"/><SP WIDTH="20" VPOS="1182" HPOS="1021"/>
							<String ID="string_184" HPOS="1041" VPOS="1170" WIDTH="230" HEIGHT="32" WC="0.96" CONTENT="kvarstående"/><SP WIDTH="20" VPOS="1170" HPOS="1271"/>
							<String ID="string_185" HPOS="1291" VPOS="1171" WIDTH="100" HEIGHT="29" WC="0.95" CONTENT="skatt."/><SP WIDTH="23" VPOS="1171" HPOS="1391"/>
							<String ID="string_186" HPOS="1414" VPOS="1168" WIDTH="201" HEIGHT="36" WC="0.94" CONTENT="Ytterligare"/>
						</TextLine>
						<TextLine ID="line_20" HPOS="112" VPOS="1217" WIDTH="1507" HEIGHT="46">
							<String ID="string_187" HPOS="112" VPOS="1227" WIDTH="184" HEIGHT="36" WC="0.96" CONTENT="utredning"/><SP WIDTH="28" VPOS="1227" HPOS="296"/>
							<String ID="string_188" HPOS="324" VPOS="1236" WIDTH="42" HEIGHT="20" WC="0.96" CONTENT="av"/><SP WIDTH="30" VPOS="1236" HPOS="366"/>
							<String ID="string_189" HPOS="396" VPOS="1225" WIDTH="112" HEIGHT="30" WC="0.96" CONTENT="denna"/><SP WIDTH="28" VPOS="1225" HPOS="508"/>
							<String ID="string_190" HPOS="536" VPOS="1223" WIDTH="99" HEIGHT="37" WC="0.96" CONTENT="fråga"/><SP WIDTH="28" VPOS="1223" HPOS="635"/>
							<String ID="string_191" HPOS="663" VPOS="1227" WIDTH="114" HEIGHT="33" WC="0.96" CONTENT="syntes"/><SP WIDTH="27" VPOS="1227" HPOS="777"/>
							<String ID="string_192" HPOS="804" VPOS="1222" WIDTH="212" HEIGHT="36" WC="0.95" CONTENT="erforderlig."/><SP WIDTH="29" VPOS="1222" HPOS="1016"/>
							<String ID="string_193" HPOS="1045" VPOS="1217" WIDTH="101" HEIGHT="34" WC="0.96" CONTENT="Ännu"/><SP WIDTH="30" VPOS="1217" HPOS="1146"/>
							<String ID="string_194" HPOS="1176" VPOS="1223" WIDTH="46" HEIGHT="27" WC="0.96" CONTENT="ett"/><SP WIDTH="27" VPOS="1223" HPOS="1222"/>
							<String ID="string_195" HPOS="1249" VPOS="1220" WIDTH="76" HEIGHT="30" WC="0.96" CONTENT="skäl"/><SP WIDTH="29" VPOS="1220" HPOS="1325"/>
							<String ID="string_196" HPOS="1354" VPOS="1219" WIDTH="56" HEIGHT="30" WC="0.96" CONTENT="för"/><SP WIDTH="26" VPOS="1219" HPOS="1410"/>
							<String ID="string_197" HPOS="1436" VPOS="1218" WIDTH="183" HEIGHT="36" WC="0.96" CONTENT="utredning"/>
						</TextLine>
						<TextLine ID="line_21" HPOS="113" VPOS="1270" WIDTH="1505" HEIGHT="43">
							<String ID="string_198" HPOS="113" VPOS="1287" WIDTH="90" HEIGHT="26" WC="0.95" CONTENT="vore,"/><SP WIDTH="25" VPOS="1287" HPOS="203"/>
							<String ID="string_199" HPOS="228" VPOS="1281" WIDTH="49" HEIGHT="27" WC="0.96" CONTENT="att"/><SP WIDTH="23" VPOS="1281" HPOS="277"/>
							<String ID="string_200" HPOS="300" VPOS="1275" WIDTH="124" HEIGHT="38" WC="0.96" CONTENT="frågan"/><SP WIDTH="26" VPOS="1275" HPOS="424"/>
							<String ID="string_201" HPOS="450" VPOS="1285" WIDTH="57" HEIGHT="21" WC="0.93" CONTENT="om"/><SP WIDTH="24" VPOS="1285" HPOS="507"/>
							<String ID="string_202" HPOS="531" VPOS="1274" WIDTH="187" HEIGHT="37" WC="0.91" CONTENT="uttagande"/><SP WIDTH="25" VPOS="1274" HPOS="718"/>
							<String ID="string_203" HPOS="743" VPOS="1283" WIDTH="42" HEIGHT="21" WC="0.96" CONTENT="av"/><SP WIDTH="23" VPOS="1283" HPOS="785"/>
							<String ID="string_204" HPOS="808" VPOS="1271" WIDTH="230" HEIGHT="32" WC="0.96" CONTENT="kvarstående"/><SP WIDTH="23" VPOS="1271" HPOS="1038"/>
							<String ID="string_205" HPOS="1061" VPOS="1272" WIDTH="92" HEIGHT="30" WC="0.96" CONTENT="skatt"/><SP WIDTH="21" VPOS="1272" HPOS="1153"/>
							<String ID="string_206" HPOS="1174" VPOS="1281" WIDTH="43" HEIGHT="20" WC="0.96" CONTENT="av"/><SP WIDTH="22" VPOS="1281" HPOS="1217"/>
							<String ID="string_207" HPOS="1239" VPOS="1270" WIDTH="138" HEIGHT="39" WC="0.96" CONTENT="sjömän"/><SP WIDTH="23" VPOS="1270" HPOS="1377"/>
							<String ID="string_208" HPOS="1400" VPOS="1270" WIDTH="108" HEIGHT="30" WC="0.92" CONTENT="borde"/><SP WIDTH="21" VPOS="1270" HPOS="1508"/>
							<String ID="string_209" HPOS="1529" VPOS="1271" WIDTH="89" HEIGHT="28" WC="0.89" CONTENT="utre-"/>
						</TextLine>
						<TextLine ID="line_22" HPOS="113" VPOS="1329" WIDTH="72" HEIGHT="31">
							<String ID="string_210" HPOS="113" VPOS="1329" WIDTH="72" HEIGHT="31" WC="0.95" CONTENT="das."/>
						</TextLine>
					</TextBlock>
					<TextBlock ID="block_5" HPOS="113" VPOS="1369" WIDTH="1509" HEIGHT="248">
						<TextLine ID="line_23" HPOS="158" VPOS="1369" WIDTH="1461" HEIGHT="43">
							<String ID="string_211" HPOS="158" VPOS="1379" WIDTH="65" HEIGHT="30" WC="0.93" CONTENT="Det"/><SP WIDTH="27" VPOS="1379" HPOS="223"/>
							<String ID="string_212" HPOS="250" VPOS="1378" WIDTH="159" HEIGHT="31" WC="0.92" CONTENT="förefölle"/><SP WIDTH="29" VPOS="1378" HPOS="409"/>
							<String ID="string_213" HPOS="438" VPOS="1375" WIDTH="150" HEIGHT="37" WC="0.96" CONTENT="orimligt"/><SP WIDTH="25" VPOS="1375" HPOS="588"/>
							<String ID="string_214" HPOS="613" VPOS="1378" WIDTH="49" HEIGHT="27" WC="0.96" CONTENT="att"/><SP WIDTH="27" VPOS="1378" HPOS="662"/>
							<String ID="string_215" HPOS="689" VPOS="1374" WIDTH="115" HEIGHT="31" WC="0.95" CONTENT="såsom"/><SP WIDTH="25" VPOS="1374" HPOS="804"/>
							<String ID="string_216" HPOS="829" VPOS="1374" WIDTH="11" HEIGHT="30" WC="0.96" CONTENT="i"/><SP WIDTH="24" VPOS="1374" HPOS="840"/>
							<String ID="string_217" HPOS="864" VPOS="1373" WIDTH="261" HEIGHT="37" WC="0.96" CONTENT="propositionen"/><SP WIDTH="27" VPOS="1373" HPOS="1125"/>
							<String ID="string_218" HPOS="1152" VPOS="1372" WIDTH="195" HEIGHT="36" WC="0.93" CONTENT="föreslagits"/><SP WIDTH="26" VPOS="1372" HPOS="1347"/>
							<String ID="string_219" HPOS="1373" VPOS="1373" WIDTH="118" HEIGHT="34" WC="0.91" CONTENT="uttaga"/><SP WIDTH="28" VPOS="1373" HPOS="1491"/>
							<String ID="string_220" HPOS="1519" VPOS="1369" WIDTH="100" HEIGHT="37" WC="0.90" CONTENT="preli-"/>
						</TextLine>
						<TextLine ID="line_24" HPOS="113" VPOS="1420" WIDTH="1507" HEIGHT="40">
							<String ID="string_221" HPOS="113" VPOS="1430" WIDTH="114" HEIGHT="30" WC="0.91" CONTENT="minär"/><SP WIDTH="32" VPOS="1430" HPOS="227"/>
							<String ID="string_222" HPOS="259" VPOS="1430" WIDTH="92" HEIGHT="29" WC="0.93" CONTENT="skatt"/><SP WIDTH="34" VPOS="1430" HPOS="351"/>
							<String ID="string_223" HPOS="385" VPOS="1427" WIDTH="21" HEIGHT="31" WC="0.92" CONTENT="å"/><SP WIDTH="36" VPOS="1427" HPOS="406"/>
							<String ID="string_224" HPOS="442" VPOS="1426" WIDTH="256" HEIGHT="31" WC="0.92" CONTENT="resekostnads-"/><SP WIDTH="33" VPOS="1426" HPOS="698"/>
							<String ID="string_225" HPOS="731" VPOS="1426" WIDTH="65" HEIGHT="29" WC="0.93" CONTENT="och"/><SP WIDTH="36" VPOS="1426" HPOS="796"/>
							<String ID="string_226" HPOS="832" VPOS="1423" WIDTH="420" HEIGHT="35" WC="0.92" CONTENT="traktamentsersättning"/><SP WIDTH="34" VPOS="1423" HPOS="1252"/>
							<String ID="string_227" HPOS="1286" VPOS="1423" WIDTH="11" HEIGHT="30" WC="0.95" CONTENT="i"/><SP WIDTH="36" VPOS="1423" HPOS="1297"/>
							<String ID="string_228" HPOS="1333" VPOS="1421" WIDTH="136" HEIGHT="31" WC="0.95" CONTENT="enskild"/><SP WIDTH="34" VPOS="1421" HPOS="1469"/>
							<String ID="string_229" HPOS="1503" VPOS="1420" WIDTH="117" HEIGHT="39" WC="0.96" CONTENT="tjänst,"/>
						</TextLine>
						<TextLine ID="line_25" HPOS="114" VPOS="1470" WIDTH="1508" HEIGHT="42">
							<String ID="string_230" HPOS="114" VPOS="1490" WIDTH="75" HEIGHT="21" WC="0.96" CONTENT="som"/><SP WIDTH="25" VPOS="1490" HPOS="189"/>
							<String ID="string_231" HPOS="214" VPOS="1489" WIDTH="57" HEIGHT="21" WC="0.96" CONTENT="om"/><SP WIDTH="25" VPOS="1489" HPOS="271"/>
							<String ID="string_232" HPOS="296" VPOS="1480" WIDTH="68" HEIGHT="29" WC="0.94" CONTENT="den"/><SP WIDTH="23" VPOS="1480" HPOS="364"/>
							<String ID="string_233" HPOS="387" VPOS="1479" WIDTH="11" HEIGHT="30" WC="0.95" CONTENT="i"/><SP WIDTH="25" VPOS="1479" HPOS="398"/>
							<String ID="string_234" HPOS="423" VPOS="1478" WIDTH="53" HEIGHT="30" WC="0.96" CONTENT="sin"/><SP WIDTH="23" VPOS="1478" HPOS="476"/>
							<String ID="string_235" HPOS="499" VPOS="1477" WIDTH="117" HEIGHT="30" WC="0.96" CONTENT="helhet"/><SP WIDTH="24" VPOS="1477" HPOS="616"/>
							<String ID="string_236" HPOS="640" VPOS="1475" WIDTH="157" HEIGHT="37" WC="0.93" CONTENT="utgjorde"/><SP WIDTH="23" VPOS="1475" HPOS="797"/>
							<String ID="string_237" HPOS="820" VPOS="1474" WIDTH="162" HEIGHT="31" WC="0.90" CONTENT="behållen"/><SP WIDTH="24" VPOS="1474" HPOS="982"/>
							<String ID="string_238" HPOS="1006" VPOS="1474" WIDTH="162" HEIGHT="30" WC="0.93" CONTENT="inkomst."/><SP WIDTH="25" VPOS="1474" HPOS="1168"/>
							<String ID="string_239" HPOS="1193" VPOS="1473" WIDTH="193" HEIGHT="35" WC="0.92" CONTENT="Förslagets"/><SP WIDTH="27" VPOS="1473" HPOS="1386"/>
							<String ID="string_240" HPOS="1413" VPOS="1473" WIDTH="38" HEIGHT="29" WC="0.93" CONTENT="10"/><SP WIDTH="23" VPOS="1473" HPOS="1451"/>
							<String ID="string_241" HPOS="1474" VPOS="1471" WIDTH="18" HEIGHT="37" WC="0.79" CONTENT="$"/><SP WIDTH="23" VPOS="1471" HPOS="1492"/>
							<String ID="string_242" HPOS="1515" VPOS="1470" WIDTH="107" HEIGHT="31" WC="0.96" CONTENT="borde"/>
						</TextLine>
						<TextLine ID="line_26" HPOS="115" VPOS="1521" WIDTH="1506" HEIGHT="42">
							<String ID="string_243" HPOS="115" VPOS="1530" WIDTH="119" HEIGHT="31" WC="0.96" CONTENT="därför"/><SP WIDTH="22" VPOS="1530" HPOS="234"/>
							<String ID="string_244" HPOS="256" VPOS="1529" WIDTH="277" HEIGHT="34" WC="0.95" CONTENT="omformuleras,"/><SP WIDTH="22" VPOS="1529" HPOS="533"/>
							<String ID="string_245" HPOS="555" VPOS="1526" WIDTH="39" HEIGHT="32" WC="0.96" CONTENT="så"/><SP WIDTH="22" VPOS="1526" HPOS="594"/>
							<String ID="string_246" HPOS="616" VPOS="1530" WIDTH="48" HEIGHT="27" WC="0.96" CONTENT="att"/><SP WIDTH="22" VPOS="1530" HPOS="664"/>
							<String ID="string_247" HPOS="686" VPOS="1525" WIDTH="202" HEIGHT="37" WC="0.93" CONTENT="preliminär"/><SP WIDTH="21" VPOS="1525" HPOS="888"/>
							<String ID="string_248" HPOS="909" VPOS="1525" WIDTH="136" HEIGHT="30" WC="0.92" CONTENT="A-skatt"/><SP WIDTH="21" VPOS="1525" HPOS="1045"/>
							<String ID="string_249" HPOS="1066" VPOS="1524" WIDTH="76" HEIGHT="30" WC="0.96" CONTENT="icke"/><SP WIDTH="20" VPOS="1524" HPOS="1142"/>
							<String ID="string_250" HPOS="1162" VPOS="1523" WIDTH="12" HEIGHT="30" WC="0.96" CONTENT="i"/><SP WIDTH="22" VPOS="1523" HPOS="1174"/>
							<String ID="string_251" HPOS="1196" VPOS="1522" WIDTH="104" HEIGHT="37" WC="0.96" CONTENT="något"/><SP WIDTH="22" VPOS="1522" HPOS="1300"/>
							<String ID="string_252" HPOS="1322" VPOS="1523" WIDTH="61" HEIGHT="30" WC="0.95" CONTENT="fall"/><SP WIDTH="22" VPOS="1523" HPOS="1383"/>
							<String ID="string_253" HPOS="1405" VPOS="1521" WIDTH="216" HEIGHT="31" WC="0.96" CONTENT="beräknades"/>
						</TextLine>
						<TextLine ID="line_27" HPOS="114" VPOS="1579" WIDTH="360" HEIGHT="38">
							<String ID="string_254" HPOS="114" VPOS="1581" WIDTH="22" HEIGHT="31" WC="0.93" CONTENT="å"/><SP WIDTH="21" VPOS="1581" HPOS="136"/>
							<String ID="string_255" HPOS="157" VPOS="1581" WIDTH="96" HEIGHT="36" WC="0.96" CONTENT="dylik"/><SP WIDTH="21" VPOS="1581" HPOS="253"/>
							<String ID="string_256" HPOS="274" VPOS="1579" WIDTH="200" HEIGHT="36" WC="0.94" CONTENT="ersättning."/>
						</TextLine>
					</TextBlock>
					<TextBlock ID="block_6" HPOS="115" VPOS="1622" WIDTH="1508" HEIGHT="147">
						<TextLine ID="line_28" HPOS="161" VPOS="1622" WIDTH="1462" HEIGHT="45">
							<String ID="string_257" HPOS="161" VPOS="1630" WIDTH="210" HEIGHT="37" WC="0.91" CONTENT="Stadgandet"/><SP WIDTH="25" VPOS="1630" HPOS="371"/>
							<String ID="string_258" HPOS="396" VPOS="1630" WIDTH="11" HEIGHT="30" WC="0.96" CONTENT="i"/><SP WIDTH="29" VPOS="1630" HPOS="407"/>
							<String ID="string_259" HPOS="436" VPOS="1630" WIDTH="60" HEIGHT="29" WC="0.96" CONTENT="100"/><SP WIDTH="27" VPOS="1630" HPOS="496"/>
							<String ID="string_260" HPOS="523" VPOS="1629" WIDTH="18" HEIGHT="37" WC="0.96" CONTENT="8"/><SP WIDTH="26" VPOS="1629" HPOS="541"/>
							<String ID="string_261" HPOS="567" VPOS="1628" WIDTH="107" HEIGHT="30" WC="0.96" CONTENT="borde"/><SP WIDTH="24" VPOS="1628" HPOS="674"/>
							<String ID="string_262" HPOS="698" VPOS="1627" WIDTH="127" HEIGHT="30" WC="0.96" CONTENT="ändras"/><SP WIDTH="26" VPOS="1627" HPOS="825"/>
							<String ID="string_263" HPOS="851" VPOS="1625" WIDTH="38" HEIGHT="32" WC="0.96" CONTENT="så"/><SP WIDTH="25" VPOS="1625" HPOS="889"/>
							<String ID="string_264" HPOS="914" VPOS="1630" WIDTH="49" HEIGHT="26" WC="0.93" CONTENT="att"/><SP WIDTH="25" VPOS="1630" HPOS="963"/>
							<String ID="string_265" HPOS="988" VPOS="1623" WIDTH="281" HEIGHT="38" WC="0.91" CONTENT="ansvarspåföljd"/><SP WIDTH="24" VPOS="1623" HPOS="1269"/>
							<String ID="string_266" HPOS="1293" VPOS="1623" WIDTH="160" HEIGHT="31" WC="0.93" CONTENT="inträdde"/><SP WIDTH="25" VPOS="1623" HPOS="1453"/>
							<String ID="string_267" HPOS="1478" VPOS="1622" WIDTH="145" HEIGHT="30" WC="0.91" CONTENT="allenast"/>
						</TextLine>
						<TextLine ID="line_29" HPOS="115" VPOS="1673" WIDTH="1508" HEIGHT="44">
							<String ID="string_268" HPOS="115" VPOS="1691" WIDTH="58" HEIGHT="21" WC="0.96" CONTENT="om"/><SP WIDTH="36" VPOS="1691" HPOS="173"/>
							<String ID="string_269" HPOS="209" VPOS="1681" WIDTH="231" HEIGHT="36" WC="0.96" CONTENT="arbetsgivare"/><SP WIDTH="34" VPOS="1681" HPOS="440"/>
							<String ID="string_270" HPOS="474" VPOS="1679" WIDTH="88" HEIGHT="31" WC="0.96" CONTENT="efter"/><SP WIDTH="37" VPOS="1679" HPOS="562"/>
							<String ID="string_271" HPOS="599" VPOS="1678" WIDTH="186" HEIGHT="36" WC="0.96" CONTENT="bevisligen"/><SP WIDTH="36" VPOS="1678" HPOS="785"/>
							<String ID="string_272" HPOS="821" VPOS="1676" WIDTH="156" HEIGHT="31" WC="0.93" CONTENT="erhållen"/><SP WIDTH="36" VPOS="1676" HPOS="977"/>
							<String ID="string_273" HPOS="1013" VPOS="1675" WIDTH="188" HEIGHT="36" WC="0.91" CONTENT="anmaning"/><SP WIDTH="37" VPOS="1675" HPOS="1201"/>
							<String ID="string_274" HPOS="1238" VPOS="1674" WIDTH="181" HEIGHT="30" WC="0.91" CONTENT="underläte"/><SP WIDTH="36" VPOS="1674" HPOS="1419"/>
							<String ID="string_275" HPOS="1455" VPOS="1677" WIDTH="48" HEIGHT="28" WC="0.96" CONTENT="att"/><SP WIDTH="25" VPOS="1677" HPOS="1503"/>
							<String ID="string_276" HPOS="1528" VPOS="1673" WIDTH="95" HEIGHT="30" WC="0.96" CONTENT="inom"/>
						</TextLine>
						<TextLine ID="line_30" HPOS="116" VPOS="1727" WIDTH="961" HEIGHT="42">
							<String ID="string_277" HPOS="116" VPOS="1732" WIDTH="207" HEIGHT="37" WC="0.96" CONTENT="exempelvis"/><SP WIDTH="30" VPOS="1732" HPOS="323"/>
							<String ID="string_278" HPOS="353" VPOS="1731" WIDTH="39" HEIGHT="30" WC="0.96" CONTENT="14"/><SP WIDTH="28" VPOS="1731" HPOS="392"/>
							<String ID="string_279" HPOS="420" VPOS="1731" WIDTH="107" HEIGHT="35" WC="0.93" CONTENT="dagar"/><SP WIDTH="25" VPOS="1731" HPOS="527"/>
							<String ID="string_280" HPOS="552" VPOS="1729" WIDTH="151" HEIGHT="30" WC="0.91" CONTENT="inbetala"/><SP WIDTH="24" VPOS="1729" HPOS="703"/>
							<String ID="string_281" HPOS="727" VPOS="1727" WIDTH="189" HEIGHT="32" WC="0.96" CONTENT="innehållet"/><SP WIDTH="26" VPOS="1727" HPOS="916"/>
							<String ID="string_282" HPOS="942" VPOS="1727" WIDTH="135" HEIGHT="36" WC="0.96" CONTENT="belopp."/>
						</TextLine>
					</TextBlock>
				</ComposedBlock>
				<ComposedBlock ID="cblock_2" HPOS="113" VPOS="1825" WIDTH="1517" HEIGHT="699">
					<TextBlock ID="block_7" HPOS="113" VPOS="1825" WIDTH="1517" HEIGHT="596">
						<TextLine ID="line_31" HPOS="158" VPOS="1825" WIDTH="1467" HEIGHT="45">
							<String ID="string_283" HPOS="158" VPOS="1834" WIDTH="14" HEIGHT="29" WC="0.95" CONTENT="I"/><SP WIDTH="27" VPOS="1834" HPOS="172"/>
							<String ID="string_284" HPOS="199" VPOS="1834" WIDTH="41" HEIGHT="29" WC="0.96" CONTENT="de"/><SP WIDTH="25" VPOS="1834" HPOS="240"/>
							<String ID="string_285" HPOS="265" VPOS="1832" WIDTH="223" HEIGHT="38" WC="0.96" CONTENT="likalydande"/><SP WIDTH="26" VPOS="1832" HPOS="488"/>
							<String ID="string_286" HPOS="514" VPOS="1830" WIDTH="217" HEIGHT="30" WC="0.96" CONTENT="motionerna"/><SP WIDTH="27" VPOS="1830" HPOS="731"/>
							<String ID="string_287" HPOS="758" VPOS="1830" WIDTH="28" HEIGHT="29" WC="0.38" CONTENT="I:"/><SP WIDTH="16" VPOS="1830" HPOS="786"/>
							<String ID="string_288" HPOS="802" VPOS="1829" WIDTH="63" HEIGHT="30" WC="0.38" CONTENT="439"/><SP WIDTH="28" VPOS="1829" HPOS="865"/>
							<String ID="string_289" HPOS="893" VPOS="1829" WIDTH="66" HEIGHT="30" WC="0.90" CONTENT="och"/><SP WIDTH="27" VPOS="1829" HPOS="959"/>
							<String ID="string_290" HPOS="986" VPOS="1828" WIDTH="122" HEIGHT="30" WC="0.58" CONTENT="11:675"/><SP WIDTH="25" VPOS="1828" HPOS="1108"/>
							<String ID="string_291" HPOS="1133" VPOS="1828" WIDTH="64" HEIGHT="29" WC="0.96" CONTENT="har"/><SP WIDTH="26" VPOS="1828" HPOS="1197"/>
							<String ID="string_292" HPOS="1223" VPOS="1826" WIDTH="134" HEIGHT="30" WC="0.96" CONTENT="anförts"/><SP WIDTH="27" VPOS="1826" HPOS="1357"/>
							<String ID="string_293" HPOS="1384" VPOS="1825" WIDTH="106" HEIGHT="30" WC="0.96" CONTENT="bland"/><SP WIDTH="28" VPOS="1825" HPOS="1490"/>
							<String ID="string_294" HPOS="1518" VPOS="1826" WIDTH="107" HEIGHT="28" WC="0.96" CONTENT="annat"/>
						</TextLine>
						<TextLine ID="line_32" HPOS="113" VPOS="1877" WIDTH="1512" HEIGHT="43">
							<String ID="string_295" HPOS="113" VPOS="1883" WIDTH="166" HEIGHT="37" WC="0.94" CONTENT="följande."/><SP WIDTH="25" VPOS="1883" HPOS="279"/>
							<String ID="string_296" HPOS="304" VPOS="1883" WIDTH="52" HEIGHT="30" WC="0.96" CONTENT="Då"/><SP WIDTH="23" VPOS="1883" HPOS="356"/>
							<String ID="string_297" HPOS="379" VPOS="1881" WIDTH="277" HEIGHT="36" WC="0.95" CONTENT="arbetsgivarnas"/><SP WIDTH="23" VPOS="1881" HPOS="656"/>
							<String ID="string_298" HPOS="679" VPOS="1880" WIDTH="211" HEIGHT="30" WC="0.96" CONTENT="medverkan"/><SP WIDTH="23" VPOS="1880" HPOS="890"/>
							<String ID="string_299" HPOS="913" VPOS="1879" WIDTH="12" HEIGHT="30" WC="0.96" CONTENT="i"/><SP WIDTH="21" VPOS="1879" HPOS="925"/>
							<String ID="string_300" HPOS="946" VPOS="1880" WIDTH="57" HEIGHT="29" WC="0.96" CONTENT="det"/><SP WIDTH="19" VPOS="1880" HPOS="1003"/>
							<String ID="string_301" HPOS="1022" VPOS="1887" WIDTH="70" HEIGHT="28" WC="0.93" CONTENT="nya"/><SP WIDTH="21" VPOS="1887" HPOS="1092"/>
							<String ID="string_302" HPOS="1113" VPOS="1877" WIDTH="345" HEIGHT="36" WC="0.91" CONTENT="uppbördssystemet"/><SP WIDTH="24" VPOS="1877" HPOS="1458"/>
							<String ID="string_303" HPOS="1482" VPOS="1884" WIDTH="79" HEIGHT="21" WC="0.96" CONTENT="vore"/><SP WIDTH="22" VPOS="1884" HPOS="1561"/>
							<String ID="string_304" HPOS="1583" VPOS="1882" WIDTH="42" HEIGHT="22" WC="0.96" CONTENT="av"/>
						</TextLine>
						<TextLine ID="line_33" HPOS="115" VPOS="1924" WIDTH="1510" HEIGHT="47">
							<String ID="string_305" HPOS="115" VPOS="1934" WIDTH="166" HEIGHT="37" WC="0.96" CONTENT="väsentlig"/><SP WIDTH="28" VPOS="1934" HPOS="281"/>
							<String ID="string_306" HPOS="309" VPOS="1933" WIDTH="183" HEIGHT="36" WC="0.96" CONTENT="betydelse,"/><SP WIDTH="30" VPOS="1933" HPOS="492"/>
							<String ID="string_307" HPOS="522" VPOS="1941" WIDTH="81" HEIGHT="20" WC="0.96" CONTENT="vore"/><SP WIDTH="27" VPOS="1941" HPOS="603"/>
							<String ID="string_308" HPOS="630" VPOS="1932" WIDTH="56" HEIGHT="29" WC="0.96" CONTENT="det"/><SP WIDTH="28" VPOS="1932" HPOS="686"/>
							<String ID="string_309" HPOS="714" VPOS="1930" WIDTH="214" HEIGHT="35" WC="0.96" CONTENT="nödvändigt"/><SP WIDTH="27" VPOS="1930" HPOS="928"/>
							<String ID="string_310" HPOS="955" VPOS="1932" WIDTH="49" HEIGHT="27" WC="0.96" CONTENT="att"/><SP WIDTH="25" VPOS="1932" HPOS="1004"/>
							<String ID="string_311" HPOS="1029" VPOS="1928" WIDTH="11" HEIGHT="30" WC="0.96" CONTENT="i"/><SP WIDTH="26" VPOS="1928" HPOS="1040"/>
							<String ID="string_312" HPOS="1066" VPOS="1925" WIDTH="429" HEIGHT="38" WC="0.91" CONTENT="uppbördsförordningen"/><SP WIDTH="30" VPOS="1925" HPOS="1495"/>
							<String ID="string_313" HPOS="1525" VPOS="1924" WIDTH="100" HEIGHT="37" WC="0.91" CONTENT="gåves"/>
						</TextLine>
						<TextLine ID="line_34" HPOS="114" VPOS="1974" WIDTH="1511" HEIGHT="43">
							<String ID="string_314" HPOS="114" VPOS="1994" WIDTH="43" HEIGHT="22" WC="0.95" CONTENT="en"/><SP WIDTH="21" VPOS="1994" HPOS="157"/>
							<String ID="string_315" HPOS="178" VPOS="1985" WIDTH="76" HEIGHT="30" WC="0.97" CONTENT="klar"/><SP WIDTH="21" VPOS="1985" HPOS="254"/>
							<String ID="string_316" HPOS="275" VPOS="1983" WIDTH="183" HEIGHT="31" WC="0.96" CONTENT="definition"/><SP WIDTH="22" VPOS="1983" HPOS="458"/>
							<String ID="string_317" HPOS="480" VPOS="1992" WIDTH="43" HEIGHT="20" WC="0.96" CONTENT="av"/><SP WIDTH="18" VPOS="1992" HPOS="523"/>
							<String ID="string_318" HPOS="541" VPOS="1983" WIDTH="195" HEIGHT="34" WC="0.95" CONTENT="begreppen"/><SP WIDTH="22" VPOS="1983" HPOS="736"/>
							<String ID="string_319" HPOS="758" VPOS="1979" WIDTH="232" HEIGHT="37" WC="0.96" CONTENT="arbetsgivare"/><SP WIDTH="19" VPOS="1979" HPOS="990"/>
							<String ID="string_320" HPOS="1009" VPOS="1980" WIDTH="65" HEIGHT="28" WC="0.96" CONTENT="och"/><SP WIDTH="23" VPOS="1980" HPOS="1074"/>
							<String ID="string_321" HPOS="1097" VPOS="1978" WIDTH="241" HEIGHT="34" WC="0.96" CONTENT="arbetstagare."/><SP WIDTH="24" VPOS="1978" HPOS="1338"/>
							<String ID="string_322" HPOS="1362" VPOS="1975" WIDTH="64" HEIGHT="31" WC="0.96" CONTENT="Det"/><SP WIDTH="20" VPOS="1975" HPOS="1426"/>
							<String ID="string_323" HPOS="1446" VPOS="1984" WIDTH="80" HEIGHT="21" WC="0.93" CONTENT="vore"/><SP WIDTH="20" VPOS="1984" HPOS="1526"/>
							<String ID="string_324" HPOS="1546" VPOS="1974" WIDTH="79" HEIGHT="30" WC="0.93" CONTENT="ock-"/>
						</TextLine>
						<TextLine ID="line_35" HPOS="116" VPOS="2024" WIDTH="1509" HEIGHT="47">
							<String ID="string_325" HPOS="116" VPOS="2035" WIDTH="38" HEIGHT="31" WC="0.96" CONTENT="så"/><SP WIDTH="22" VPOS="2035" HPOS="154"/>
							<String ID="string_326" HPOS="176" VPOS="2036" WIDTH="175" HEIGHT="35" WC="0.96" CONTENT="önskvärt,"/><SP WIDTH="24" VPOS="2036" HPOS="351"/>
							<String ID="string_327" HPOS="375" VPOS="2037" WIDTH="49" HEIGHT="27" WC="0.96" CONTENT="att"/><SP WIDTH="23" VPOS="2037" HPOS="424"/>
							<String ID="string_328" HPOS="447" VPOS="2034" WIDTH="97" HEIGHT="29" WC="0.96" CONTENT="dessa"/><SP WIDTH="24" VPOS="2034" HPOS="544"/>
							<String ID="string_329" HPOS="568" VPOS="2031" WIDTH="220" HEIGHT="31" WC="0.93" CONTENT="definitioner"/><SP WIDTH="21" VPOS="2031" HPOS="788"/>
							<String ID="string_330" HPOS="809" VPOS="2029" WIDTH="310" HEIGHT="37" WC="0.91" CONTENT="exemplifierades."/><SP WIDTH="23" VPOS="2029" HPOS="1119"/>
							<String ID="string_331" HPOS="1142" VPOS="2028" WIDTH="13" HEIGHT="30" WC="0.96" CONTENT="I"/><SP WIDTH="21" VPOS="2028" HPOS="1155"/>
							<String ID="string_332" HPOS="1176" VPOS="2027" WIDTH="270" HEIGHT="35" WC="0.96" CONTENT="anvisningarna"/><SP WIDTH="23" VPOS="2027" HPOS="1446"/>
							<String ID="string_333" HPOS="1469" VPOS="2025" WIDTH="48" HEIGHT="30" WC="0.96" CONTENT="till"/><SP WIDTH="25" VPOS="2025" HPOS="1517"/>
							<String ID="string_334" HPOS="1542" VPOS="2025" WIDTH="41" HEIGHT="30" WC="0.93" CONTENT="46"/><SP WIDTH="24" VPOS="2025" HPOS="1583"/>
							<String ID="string_335" HPOS="1607" VPOS="2024" WIDTH="18" HEIGHT="37" WC="0.89" CONTENT="$"/>
						</TextLine>
						<TextLine ID="line_36" HPOS="114" VPOS="2077" WIDTH="1513" HEIGHT="45">
							<String ID="string_336" HPOS="114" VPOS="2086" WIDTH="103" HEIGHT="36" WC="0.89" CONTENT="gåves"/><SP WIDTH="24" VPOS="2086" HPOS="217"/>
							<String ID="string_337" HPOS="241" VPOS="2085" WIDTH="90" HEIGHT="31" WC="0.95" CONTENT="vissa"/><SP WIDTH="24" VPOS="2085" HPOS="331"/>
							<String ID="string_338" HPOS="355" VPOS="2082" WIDTH="181" HEIGHT="37" WC="0.96" CONTENT="riktlinjer,"/><SP WIDTH="23" VPOS="2082" HPOS="536"/>
							<String ID="string_339" HPOS="559" VPOS="2092" WIDTH="80" HEIGHT="20" WC="0.96" CONTENT="men"/><SP WIDTH="22" VPOS="2092" HPOS="639"/>
							<String ID="string_340" HPOS="661" VPOS="2083" WIDTH="100" HEIGHT="29" WC="0.96" CONTENT="dessa"/><SP WIDTH="22" VPOS="2083" HPOS="761"/>
							<String ID="string_341" HPOS="783" VPOS="2090" WIDTH="80" HEIGHT="22" WC="0.96" CONTENT="vore"/><SP WIDTH="24" VPOS="2090" HPOS="863"/>
							<String ID="string_342" HPOS="887" VPOS="2080" WIDTH="189" HEIGHT="36" WC="0.96" CONTENT="ingalunda"/><SP WIDTH="22" VPOS="2080" HPOS="1076"/>
							<String ID="string_343" HPOS="1098" VPOS="2078" WIDTH="241" HEIGHT="31" WC="0.96" CONTENT="uttömmande"/><SP WIDTH="24" VPOS="2078" HPOS="1339"/>
							<String ID="string_344" HPOS="1363" VPOS="2077" WIDTH="65" HEIGHT="29" WC="0.96" CONTENT="och"/><SP WIDTH="23" VPOS="2077" HPOS="1428"/>
							<String ID="string_345" HPOS="1451" VPOS="2077" WIDTH="176" HEIGHT="29" WC="0.95" CONTENT="dessutom"/>
						</TextLine>
						<TextLine ID="line_37" HPOS="116" VPOS="2126" WIDTH="1510" HEIGHT="42">
							<String ID="string_346" HPOS="116" VPOS="2136" WIDTH="11" HEIGHT="30" WC="0.96" CONTENT="i"/><SP WIDTH="25" VPOS="2136" HPOS="127"/>
							<String ID="string_347" HPOS="152" VPOS="2136" WIDTH="90" HEIGHT="31" WC="0.96" CONTENT="vissa"/><SP WIDTH="26" VPOS="2136" HPOS="242"/>
							<String ID="string_348" HPOS="268" VPOS="2136" WIDTH="63" HEIGHT="30" WC="0.96" CONTENT="fall"/><SP WIDTH="24" VPOS="2136" HPOS="331"/>
							<String ID="string_349" HPOS="355" VPOS="2135" WIDTH="76" HEIGHT="30" WC="0.93" CONTENT="icke"/><SP WIDTH="26" VPOS="2135" HPOS="431"/>
							<String ID="string_350" HPOS="457" VPOS="2133" WIDTH="326" HEIGHT="31" WC="0.52" CONTENT="tillfredsställande,"/><SP WIDTH="28" VPOS="2133" HPOS="783"/>
							<String ID="string_351" HPOS="811" VPOS="2132" WIDTH="261" HEIGHT="36" WC="0.91" CONTENT="Skogskörarna"/><SP WIDTH="25" VPOS="2132" HPOS="1072"/>
							<String ID="string_352" HPOS="1097" VPOS="2129" WIDTH="11" HEIGHT="30" WC="0.97" CONTENT="i"/><SP WIDTH="23" VPOS="2129" HPOS="1108"/>
							<String ID="string_353" HPOS="1131" VPOS="2129" WIDTH="172" HEIGHT="30" WC="0.96" CONTENT="mellersta"/><SP WIDTH="24" VPOS="2129" HPOS="1303"/>
							<String ID="string_354" HPOS="1327" VPOS="2128" WIDTH="66" HEIGHT="29" WC="0.96" CONTENT="och"/><SP WIDTH="26" VPOS="2128" HPOS="1393"/>
							<String ID="string_355" HPOS="1419" VPOS="2135" WIDTH="103" HEIGHT="21" WC="0.92" CONTENT="norra"/><SP WIDTH="27" VPOS="2135" HPOS="1522"/>
							<String ID="string_356" HPOS="1549" VPOS="2126" WIDTH="77" HEIGHT="30" WC="0.91" CONTENT="Sve-"/>
						</TextLine>
						<TextLine ID="line_38" HPOS="117" VPOS="2176" WIDTH="1509" HEIGHT="47">
							<String ID="string_357" HPOS="117" VPOS="2186" WIDTH="71" HEIGHT="37" WC="0.95" CONTENT="rige"/><SP WIDTH="28" VPOS="2186" HPOS="188"/>
							<String ID="string_358" HPOS="216" VPOS="2196" WIDTH="79" HEIGHT="21" WC="0.96" CONTENT="vore"/><SP WIDTH="28" VPOS="2196" HPOS="295"/>
							<String ID="string_359" HPOS="323" VPOS="2194" WIDTH="144" HEIGHT="21" WC="0.96" CONTENT="numera"/><SP WIDTH="28" VPOS="2194" HPOS="467"/>
							<String ID="string_360" HPOS="495" VPOS="2184" WIDTH="77" HEIGHT="30" WC="0.96" CONTENT="icke"/><SP WIDTH="25" VPOS="2184" HPOS="572"/>
							<String ID="string_361" HPOS="597" VPOS="2186" WIDTH="49" HEIGHT="27" WC="0.96" CONTENT="att"/><SP WIDTH="28" VPOS="2186" HPOS="646"/>
							<String ID="string_362" HPOS="674" VPOS="2192" WIDTH="81" HEIGHT="21" WC="0.96" CONTENT="anse"/><SP WIDTH="26" VPOS="2192" HPOS="755"/>
							<String ID="string_363" HPOS="781" VPOS="2181" WIDTH="115" HEIGHT="31" WC="0.96" CONTENT="såsom"/><SP WIDTH="28" VPOS="2181" HPOS="896"/>
							<String ID="string_364" HPOS="924" VPOS="2180" WIDTH="231" HEIGHT="36" WC="0.95" CONTENT="arbetsgivare"/><SP WIDTH="27" VPOS="2180" HPOS="1155"/>
							<String ID="string_365" HPOS="1182" VPOS="2179" WIDTH="10" HEIGHT="29" WC="0.95" CONTENT="i"/><SP WIDTH="27" VPOS="2179" HPOS="1192"/>
							<String ID="string_366" HPOS="1219" VPOS="2177" WIDTH="220" HEIGHT="31" WC="0.95" CONTENT="förhållande"/><SP WIDTH="25" VPOS="2177" HPOS="1439"/>
							<String ID="string_367" HPOS="1464" VPOS="2176" WIDTH="51" HEIGHT="30" WC="0.92" CONTENT="till"/><SP WIDTH="27" VPOS="2176" HPOS="1515"/>
							<String ID="string_368" HPOS="1542" VPOS="2177" WIDTH="84" HEIGHT="35" WC="0.91" CONTENT="hug-"/>
						</TextLine>
						<TextLine ID="line_39" HPOS="118" VPOS="2223" WIDTH="1508" HEIGHT="50">
							<String ID="string_369" HPOS="118" VPOS="2245" WIDTH="106" HEIGHT="28" WC="0.96" CONTENT="garna"/><SP WIDTH="21" VPOS="2245" HPOS="224"/>
							<String ID="string_370" HPOS="245" VPOS="2237" WIDTH="66" HEIGHT="29" WC="0.96" CONTENT="och"/><SP WIDTH="20" VPOS="2237" HPOS="311"/>
							<String ID="string_371" HPOS="331" VPOS="2236" WIDTH="107" HEIGHT="29" WC="0.96" CONTENT="borde"/><SP WIDTH="21" VPOS="2236" HPOS="438"/>
							<String ID="string_372" HPOS="459" VPOS="2233" WIDTH="218" HEIGHT="36" WC="0.96" CONTENT="följaktligen"/><SP WIDTH="19" VPOS="2233" HPOS="677"/>
							<String ID="string_373" HPOS="696" VPOS="2232" WIDTH="75" HEIGHT="30" WC="0.96" CONTENT="icke"/><SP WIDTH="18" VPOS="2232" HPOS="771"/>
							<String ID="string_374" HPOS="789" VPOS="2232" WIDTH="107" HEIGHT="30" WC="0.96" CONTENT="heller"/><SP WIDTH="20" VPOS="2232" HPOS="896"/>
							<String ID="string_375" HPOS="916" VPOS="2231" WIDTH="138" HEIGHT="35" WC="0.96" CONTENT="åläggas"/><SP WIDTH="23" VPOS="2231" HPOS="1054"/>
							<String ID="string_376" HPOS="1077" VPOS="2233" WIDTH="47" HEIGHT="26" WC="0.96" CONTENT="att"/><SP WIDTH="21" VPOS="2233" HPOS="1124"/>
							<String ID="string_377" HPOS="1145" VPOS="2228" WIDTH="184" HEIGHT="31" WC="0.96" CONTENT="verkställa"/><SP WIDTH="22" VPOS="2228" HPOS="1329"/>
							<String ID="string_378" HPOS="1351" VPOS="2227" WIDTH="129" HEIGHT="36" WC="0.92" CONTENT="avdrag"/><SP WIDTH="21" VPOS="2227" HPOS="1480"/>
							<String ID="string_379" HPOS="1501" VPOS="2223" WIDTH="20" HEIGHT="31" WC="0.89" CONTENT="å"/><SP WIDTH="22" VPOS="2223" HPOS="1521"/>
							<String ID="string_380" HPOS="1543" VPOS="2227" WIDTH="83" HEIGHT="33" WC="0.90" CONTENT="hug-"/>
						</TextLine>
						<TextLine ID="line_40" HPOS="118" VPOS="2276" WIDTH="1512" HEIGHT="48">
							<String ID="string_381" HPOS="118" VPOS="2296" WIDTH="124" HEIGHT="28" WC="0.91" CONTENT="garnas"/><SP WIDTH="21" VPOS="2296" HPOS="242"/>
							<String ID="string_382" HPOS="263" VPOS="2287" WIDTH="58" HEIGHT="29" WC="0.96" CONTENT="lön"/><SP WIDTH="20" VPOS="2287" HPOS="321"/>
							<String ID="string_383" HPOS="341" VPOS="2286" WIDTH="54" HEIGHT="29" WC="0.93" CONTENT="för"/><SP WIDTH="19" VPOS="2286" HPOS="395"/>
							<String ID="string_384" HPOS="414" VPOS="2284" WIDTH="171" HEIGHT="36" WC="0.92" CONTENT="gäldande"/><SP WIDTH="21" VPOS="2284" HPOS="585"/>
							<String ID="string_385" HPOS="606" VPOS="2293" WIDTH="42" HEIGHT="20" WC="0.96" CONTENT="av"/><SP WIDTH="23" VPOS="2293" HPOS="648"/>
							<String ID="string_386" HPOS="671" VPOS="2283" WIDTH="99" HEIGHT="29" WC="0.93" CONTENT="skatt."/><SP WIDTH="22" VPOS="2283" HPOS="770"/>
							<String ID="string_387" HPOS="792" VPOS="2281" WIDTH="104" HEIGHT="38" WC="0.92" CONTENT="Dylik"/><SP WIDTH="22" VPOS="2281" HPOS="896"/>
							<String ID="string_388" HPOS="918" VPOS="2280" WIDTH="194" HEIGHT="36" WC="0.96" CONTENT="skyldighet"/><SP WIDTH="20" VPOS="2280" HPOS="1112"/>
							<String ID="string_389" HPOS="1132" VPOS="2279" WIDTH="106" HEIGHT="31" WC="0.95" CONTENT="borde"/><SP WIDTH="23" VPOS="2279" HPOS="1238"/>
							<String ID="string_390" HPOS="1261" VPOS="2277" WIDTH="142" HEIGHT="37" WC="0.96" CONTENT="givetvis"/><SP WIDTH="21" VPOS="2277" HPOS="1403"/>
							<String ID="string_391" HPOS="1424" VPOS="2277" WIDTH="75" HEIGHT="30" WC="0.96" CONTENT="icke"/><SP WIDTH="22" VPOS="2277" HPOS="1499"/>
							<String ID="string_392" HPOS="1521" VPOS="2276" WIDTH="109" HEIGHT="30" WC="0.96" CONTENT="heller"/>
						</TextLine>
						<TextLine ID="line_41" HPOS="118" VPOS="2322" WIDTH="1508" HEIGHT="51">
							<String ID="string_393" HPOS="118" VPOS="2338" WIDTH="138" HEIGHT="35" WC="0.95" CONTENT="åläggas"/><SP WIDTH="24" VPOS="2338" HPOS="256"/>
							<String ID="string_394" HPOS="280" VPOS="2344" WIDTH="173" HEIGHT="28" WC="0.96" CONTENT="personer,"/><SP WIDTH="24" VPOS="2344" HPOS="453"/>
							<String ID="string_395" HPOS="477" VPOS="2343" WIDTH="75" HEIGHT="21" WC="0.96" CONTENT="som"/><SP WIDTH="23" VPOS="2343" HPOS="552"/>
							<String ID="string_396" HPOS="575" VPOS="2333" WIDTH="95" HEIGHT="29" WC="0.96" CONTENT="inom"/><SP WIDTH="23" VPOS="2333" HPOS="670"/>
							<String ID="string_397" HPOS="693" VPOS="2332" WIDTH="109" HEIGHT="30" WC="0.95" CONTENT="andra"/><SP WIDTH="24" VPOS="2332" HPOS="802"/>
							<String ID="string_398" HPOS="826" VPOS="2332" WIDTH="110" HEIGHT="37" WC="0.95" CONTENT="yrken"/><SP WIDTH="23" VPOS="2332" HPOS="936"/>
							<String ID="string_399" HPOS="959" VPOS="2330" WIDTH="161" HEIGHT="31" WC="0.96" CONTENT="arbetade"/><SP WIDTH="21" VPOS="2330" HPOS="1120"/>
							<String ID="string_400" HPOS="1141" VPOS="2329" WIDTH="110" HEIGHT="30" WC="0.96" CONTENT="under"/><SP WIDTH="21" VPOS="2329" HPOS="1251"/>
							<String ID="string_401" HPOS="1272" VPOS="2327" WIDTH="171" HEIGHT="31" WC="0.96" CONTENT="likartade"/><SP WIDTH="23" VPOS="2327" HPOS="1443"/>
							<String ID="string_402" HPOS="1466" VPOS="2322" WIDTH="160" HEIGHT="45" WC="0.91" CONTENT="betingel-"/>
						</TextLine>
						<TextLine ID="line_42" HPOS="120" VPOS="2380" WIDTH="1066" HEIGHT="41">
							<String ID="string_403" HPOS="120" VPOS="2397" WIDTH="62" HEIGHT="22" WC="0.93" CONTENT="ser."/><SP WIDTH="25" VPOS="2397" HPOS="182"/>
							<String ID="string_404" HPOS="207" VPOS="2385" WIDTH="276" HEIGHT="36" WC="0.91" CONTENT="Anvisningarna"/><SP WIDTH="24" VPOS="2385" HPOS="483"/>
							<String ID="string_405" HPOS="507" VPOS="2383" WIDTH="109" HEIGHT="30" WC="0.96" CONTENT="måste"/><SP WIDTH="24" VPOS="2383" HPOS="616"/>
							<String ID="string_406" HPOS="640" VPOS="2381" WIDTH="45" HEIGHT="37" WC="0.96" CONTENT="på"/><SP WIDTH="23" VPOS="2381" HPOS="685"/>
							<String ID="string_407" HPOS="708" VPOS="2383" WIDTH="114" HEIGHT="29" WC="0.96" CONTENT="denna"/><SP WIDTH="24" VPOS="2383" HPOS="822"/>
							<String ID="string_408" HPOS="846" VPOS="2381" WIDTH="112" HEIGHT="36" WC="0.96" CONTENT="punkt"/><SP WIDTH="23" VPOS="2381" HPOS="958"/>
							<String ID="string_409" HPOS="981" VPOS="2380" WIDTH="205" HEIGHT="31" WC="0.92" CONTENT="omarbetas."/>
						</TextLine>
					</TextBlock>
					<TextBlock ID="block_8" HPOS="121" VPOS="2426" WIDTH="1508" HEIGHT="98">
						<TextLine ID="line_43" HPOS="165" VPOS="2426" WIDTH="1463" HEIGHT="47">
							<String ID="string_410" HPOS="165" VPOS="2439" WIDTH="14" HEIGHT="29" WC="0.96" CONTENT="I"/><SP WIDTH="28" VPOS="2439" HPOS="179"/>
							<String ID="string_411" HPOS="207" VPOS="2438" WIDTH="41" HEIGHT="30" WC="0.96" CONTENT="de"/><SP WIDTH="27" VPOS="2438" HPOS="248"/>
							<String ID="string_412" HPOS="275" VPOS="2435" WIDTH="222" HEIGHT="38" WC="0.96" CONTENT="likalydande"/><SP WIDTH="28" VPOS="2435" HPOS="497"/>
							<String ID="string_413" HPOS="525" VPOS="2433" WIDTH="216" HEIGHT="31" WC="0.93" CONTENT="motionerna"/><SP WIDTH="30" VPOS="2433" HPOS="741"/>
							<String ID="string_414" HPOS="771" VPOS="2432" WIDTH="106" HEIGHT="30" WC="0.89" CONTENT="1:438"/><SP WIDTH="28" VPOS="2432" HPOS="877"/>
							<String ID="string_415" HPOS="905" VPOS="2431" WIDTH="65" HEIGHT="29" WC="0.93" CONTENT="och"/><SP WIDTH="27" VPOS="2431" HPOS="970"/>
							<String ID="string_416" HPOS="997" VPOS="2430" WIDTH="123" HEIGHT="30" WC="0.68" CONTENT="II:676"/><SP WIDTH="29" VPOS="2430" HPOS="1120"/>
							<String ID="string_417" HPOS="1149" VPOS="2430" WIDTH="64" HEIGHT="29" WC="0.96" CONTENT="har"/><SP WIDTH="29" VPOS="2430" HPOS="1213"/>
							<String ID="string_418" HPOS="1242" VPOS="2428" WIDTH="134" HEIGHT="30" WC="0.96" CONTENT="anförts"/><SP WIDTH="29" VPOS="2428" HPOS="1376"/>
							<String ID="string_419" HPOS="1405" VPOS="2427" WIDTH="10" HEIGHT="29" WC="0.96" CONTENT="i"/><SP WIDTH="29" VPOS="2427" HPOS="1415"/>
							<String ID="string_420" HPOS="1444" VPOS="2426" WIDTH="184" HEIGHT="31" WC="0.95" CONTENT="huvudsak"/>
						</TextLine>
						<TextLine ID="line_44" HPOS="121" VPOS="2477" WIDTH="1508" HEIGHT="47">
							<String ID="string_421" HPOS="121" VPOS="2487" WIDTH="165" HEIGHT="37" WC="0.96" CONTENT="följande."/><SP WIDTH="32" VPOS="2487" HPOS="286"/>
							<String ID="string_422" HPOS="318" VPOS="2487" WIDTH="14" HEIGHT="29" WC="0.96" CONTENT="I"/><SP WIDTH="32" VPOS="2487" HPOS="332"/>
							<String ID="string_423" HPOS="364" VPOS="2484" WIDTH="259" HEIGHT="39" WC="0.93" CONTENT="propositionen"/><SP WIDTH="31" VPOS="2484" HPOS="623"/>
							<String ID="string_424" HPOS="654" VPOS="2483" WIDTH="215" HEIGHT="30" WC="0.90" CONTENT="förekomme"/><SP WIDTH="31" VPOS="2483" HPOS="869"/>
							<String ID="string_425" HPOS="900" VPOS="2481" WIDTH="90" HEIGHT="30" WC="0.95" CONTENT="vissa"/><SP WIDTH="29" VPOS="2481" HPOS="990"/>
							<String ID="string_426" HPOS="1019" VPOS="2480" WIDTH="201" HEIGHT="30" WC="0.95" CONTENT="uttalanden"/><SP WIDTH="31" VPOS="2480" HPOS="1220"/>
							<String ID="string_427" HPOS="1251" VPOS="2477" WIDTH="222" HEIGHT="31" WC="0.93" CONTENT="beträffande"/><SP WIDTH="28" VPOS="2477" HPOS="1473"/>
							<String ID="string_428" HPOS="1501" VPOS="2477" WIDTH="128" HEIGHT="30" WC="0.92" CONTENT="arbets-"/>
						</TextLine>
					</TextBlock>
				</ComposedBlock>
			</PrintSpace>
		</Page>
	</Layout>
</alto>
