1880 2820
457 173 394 37 Bevillningsutskottets
871 171 216 31 betänkande
1106 180 43 21 nr
1168 172 52 29 65.
1593 166 37 29 15

124 258 126 31 chefen
267 259 63 29 har
349 258 133 34 uttalat,
501 262 50 26 att
570 258 57 30 det
643 257 197 36 föreslagna
859 257 343 36 uppbördssystemet
1220 257 139 29 komme
1380 258 49 27 att
1448 255 182 30 föranleda

124 312 47 27 ett
194 309 195 36 betydande
411 309 117 30 arbete
549 308 56 30 för
627 307 221 37 debiterings-
871 308 66 30 och
960 306 476 37 uppbördsmyndigheterna.
1462 306 65 30 Det
1550 314 80 21 vore

126 359 120 31 därför
267 359 213 36 nödvändigt
501 362 49 27 att
572 358 11 30 i
605 357 38 32 så
666 362 70 27 stor
759 357 241 37 utsträckning
1022 367 75 21 som
1119 357 134 36 möjligt
1276 356 159 31 förenkla
1461 356 93 30 detta
1578 365 52 22 ar-

125 410 85 30 bete.
231 410 53 31 En
303 408 108 32 sådan
429 409 198 36 förenkling
644 409 117 30 kunde
779 409 61 29 ske
858 416 124 28 genom
1000 412 49 27 att
1067 407 79 31 från
1164 408 56 30 det
1240 408 176 30 allmänna
1437 407 193 36 uppbörds-

126 460 217 30 förfarandet
368 460 148 30 utesluta
540 459 91 31 vissa
656 459 155 36 avgifter,
837 459 93 30 vilka
955 468 47 21 nu
1029 462 167 33 upptoges
1222 459 71 30 dels
1319 457 21 32 å
1365 458 265 30 kronodebetse-

126 511 90 35 deln,
236 511 71 30 dels
327 511 65 29 ock
411 510 12 30 i
443 510 92 31 vissa
554 511 209 29 kommuner
782 509 20 31 å
821 510 435 30 kommunaldebetsedeln.
1280 508 64 31 Det
1365 509 107 30 borde
1494 508 137 31 särskilt

126 561 153 36 beaktas,
305 564 49 27 att
377 561 206 36 uppbörden
607 570 42 21 av
675 560 158 31 enskilda
857 560 355 36 sammanslutningar
1236 560 264 30 tillkommande
1525 559 106 36 avgif-

126 615 51 26 ter
200 612 111 30 skulle
331 611 158 31 medföra
513 621 42 20 en
579 611 149 31 särskild
750 610 193 37 belastning
967 611 51 30 till
1039 610 90 37 följd
1150 611 117 35 därav,
1290 614 49 27 att
1361 610 193 37 inflytande
1576 610 56 30 be-

127 662 81 35 lopp
234 661 110 31 måste
369 661 239 37 tillgodoföras
634 661 237 36 vederbörliga
894 661 248 30 inkomsttitlar
1168 661 86 30 efter
1277 661 203 30 individuell
1507 661 125 30 fördel-

126 712 94 36 ning.
246 712 54 30 En
323 712 211 30 summarisk
557 712 197 36 fördelning
776 711 21 31 å
821 712 93 30 titlar
936 712 10 30 i
970 711 221 31 förhållande
1215 712 50 30 till
1289 712 195 30 debiterade
1507 712 126 35 belopp

128 772 81 20 vore
227 762 174 36 nämligen
419 762 75 30 icke
513 762 131 36 möjlig,
663 761 44 32 då
725 762 232 37 nyssberörda
978 762 353 36 sammanslutningar
1351 762 187 36 självfallet
1559 762 75 30 icke

128 813 108 30 borde
253 813 157 36 uppbära
426 814 109 29 större
552 813 125 36 belopp
695 813 46 30 än
757 822 75 21 som
850 812 55 31 för
921 813 100 30 deras
1039 813 148 36 räkning
1205 813 139 30 influtit.
1380 807 11 35 Å
1408 813 110 30 andra
1535 812 100 31 sidan

129 864 97 29 torde
241 863 76 30 icke
333 863 120 31 kunna
469 863 175 36 förnekas,
662 867 48 27 att
726 872 43 21 en
785 863 221 37 omläggning
1022 873 43 20 av
1082 864 205 35 uppbörden
1306 864 110 30 skulle
1434 863 57 31 för
1508 862 126 38 ifråga-

129 914 153 29 varande
298 913 355 37 sammanslutningar
668 913 159 31 medföra
845 914 90 30 vissa
952 915 228 35 olägenheter.
1199 914 106 31 Dessa
1322 915 220 36 olägenheter
1557 924 77 26 syn-

130 967 48 27 tes
202 964 89 30 dock
313 964 10 29 i
345 964 61 31 allt
425 964 63 30 fall
508 973 83 21 vara
612 964 135 30 mindre
770 966 44 28 än
838 964 41 30 de
899 965 162 35 fördelar,
1085 974 74 21 som
1183 965 174 36 samtidigt
1378 965 111 30 skulle
1512 964 123 31 vinnas

130 1014 55 30 för
208 1014 221 36 debiterings-
453 1015 66 30 och
541 1014 479 37 uppbördsmyndigheterna.
1046 1015 388 36 Departementschefen
1456 1016 79 29 ville
1557 1016 78 30 här-

131 1064 56 31 vid
216 1064 138 31 särskilt
380 1064 198 36 framhålla,
606 1068 49 27 att
681 1064 90 31 vissa
800 1064 396 37 hushållningssällskap
1224 1066 65 30 och
1317 1066 319 36 försäkringsbolag

131 1115 107 30 redan
259 1124 49 21 nu
330 1114 109 37 själva
464 1115 189 30 handhade
675 1116 206 35 uppbörden
905 1125 43 21 av
972 1116 79 30 dem
1074 1116 263 31 tillkommande
1361 1116 156 37 avgifter.
1544 1118 13 29 I
1580 1126 56 21 en-

132 1165 105 36 lighet
256 1165 146 30 härmed
421 1166 65 29 och
508 1166 80 29 med
610 1166 138 35 hänsyn
769 1166 51 30 till
839 1166 293 36 angelägenheten
1153 1170 48 27 att
1221 1167 131 31 avlasta
1372 1177 42 20 en
1436 1167 53 30 del
1511 1177 43 20 av
1575 1176 61 22 nu-

132 1216 154 30 varande
310 1215 176 37 uppgifter
512 1215 80 31 från
619 1216 221 37 debiterings-
868 1217 65 29 och
962 1217 466 37 uppbördsmyndigheterna
1455 1219 66 30 har
1548 1218 88 31 före-

133 1266 127 36 slagits,
283 1269 49 27 att
354 1266 155 36 avgifter,
532 1276 75 21 som
629 1276 97 21 avses
749 1267 11 30 i
782 1268 230 35 kungörelsen
1037 1268 66 30 den
1126 1269 40 29 22
1187 1269 144 30 oktober
1355 1270 83 29 1886
1461 1268 177 37 angående

132 1316 160 36 uppbörd
312 1326 42 20 av
373 1316 146 37 avgifter
537 1317 51 30 till
608 1317 89 31 vissa
716 1316 45 37 på
782 1318 245 36 ömsesidighet
1047 1319 178 36 grundade
1246 1318 392 37 försäkringsanstalter,

133 1365 563 37 hushållningssällskapsavgifter
727 1368 66 29 och
827 1367 548 38 riddarhuskapitationsavgifter
1408 1369 77 31 icke
1519 1370 121 30 vidare

135 1417 97 30 skola
259 1417 175 36 uppbäras
461 1417 59 31 vid
547 1419 66 29 den
643 1419 178 30 allmänna
846 1420 206 35 uppbörden
1078 1424 85 26 utan
1193 1430 42 21 av
1264 1421 258 31 vederbörande
1550 1431 87 21 sam-

134 1467 245 36 manslutning.
407 1463 126 41 Övriga
557 1468 156 36 avgifter,
739 1469 94 30 vilka
857 1479 47 20 nu
927 1470 10 29 i
962 1469 90 31 vissa
1077 1471 59 29 län
1159 1471 174 35 uppbäras
1358 1471 57 30 vid
1440 1472 199 36 kronoupp-

133 1517 132 30 börden
281 1518 67 29 och
367 1518 11 29 i
396 1517 91 32 vissa
505 1519 210 30 kommuner
733 1519 58 30 vid
810 1520 423 36 kommunaluppbörden,
1253 1521 97 30 skola
1370 1522 10 30 i
1400 1524 90 34 regel
1509 1522 130 36 uppbä-

134 1577 56 21 ras
214 1567 11 30 1
250 1568 148 30 särskild
423 1568 148 37 ordning
595 1578 42 21 av
662 1569 254 36 länsstyrelsen,
941 1570 192 36 respektive
1157 1571 223 31 kommunen.
1406 1571 234 32 Debetsedels-

134 1618 97 30 lösen
254 1618 88 30 skall
365 1618 75 31 icke
463 1618 118 31 vidare
604 1618 90 37 utgå.

181 1668 14 30 I
223 1669 40 30 de
291 1668 223 37 likalydande
540 1669 217 32 motionerna
785 1670 26 30 1:
828 1671 61 29 441
919 1672 66 29 och
1013 1672 44 30 II:
1073 1673 61 29 677
1163 1673 64 30 har
1253 1673 128 37 yrkats,
1410 1678 49 26 att
1487 1673 153 31 hushåll-

136 1718 383 37 ningssällskapsavgift
550 1721 88 29 även
670 1720 85 30 efter
788 1722 55 30 det
875 1731 68 27 nya
977 1722 360 37 uppbördssystemets
1369 1724 273 36 genomförande

137 1769 89 30 skall
247 1768 37 31 få
305 1773 134 33 uttagas
459 1770 12 30 i
493 1771 172 29 samband
687 1771 80 30 med
789 1772 67 30 den
877 1773 178 31 allmänna
1076 1774 215 35 uppbörden.

182 1868 172 31 Utskottet
380 1870 188 36 tillstyrker
594 1870 56 30 det
676 1871 10 29 i
711 1871 260 36 propositionen
998 1873 195 36 framlagda
1220 1874 162 36 förslaget
1408 1879 50 27 att
1486 1875 41 30 de
1554 1885 90 21 ovan

137 1918 147 31 berörda
310 1919 193 36 avgifterna
531 1920 167 31 uteslutas
724 1920 80 31 från
832 1922 66 29 den
924 1922 178 31 allmänna
1128 1924 214 36 uppbörden.
1370 1921 94 34 Även
1491 1935 57 20 om
1578 1927 66 30 den

137 1968 249 31 halvofficiella
408 1969 172 37 ställning,
604 1980 74 21 som
700 1970 441 38 hushållningssällskapen
1162 1973 125 37 intaga,
1310 1975 116 30 kunde
1449 1985 104 26 synas
1576 1976 67 30 för-

139 2019 124 30 anleda
293 2023 49 27 att
371 2020 193 36 avgifterna
594 2020 50 30 till
675 2022 99 29 dessa
803 2022 108 30 borde
940 2026 170 33 upptagas
1142 2022 20 31 å
1193 2024 190 31 debetsedel
1414 2025 230 32 tillsammans

139 2070 80 30 med
242 2070 101 36 skatt,
368 2070 111 31 skulle
502 2071 90 30 dock
616 2072 108 30 härav
749 2072 198 32 förorsakas
975 2072 37 32 så
1038 2074 195 36 betydande
1257 2074 210 38 svårigheter
1490 2087 41 20 ur
1558 2087 85 26 upp-

139 2119 284 37 bördssynpunkt
443 2140 45 3 —
511 2121 77 31 icke
612 2122 105 30 minst
742 2123 80 30 med
844 2123 137 37 hänsyn
1006 2124 51 30 till
1082 2128 49 27 att
1155 2126 153 30 nämnda
1332 2126 146 36 avgifter
1501 2128 61 29 äro
1586 2128 58 30 fri-

140 2169 116 37 villiga
280 2188 45 3 —
349 2175 49 26 att
424 2172 165 30 utskottet
615 2172 76 30 icke
719 2172 115 32 finner
860 2173 50 36 sig
935 2174 120 30 kunna
1084 2175 171 36 tillstyrka
1281 2177 55 29 det
1362 2177 11 29 i
1399 2178 246 30 ovannämnda

140 2220 170 30 motioner
334 2220 195 31 framförda
554 2222 179 35 yrkandet.

228 2327 214 30 Kommunal
466 2327 235 38 utdebitering
724 2330 67 29 och
816 2330 191 30 understöd
1031 2340 42 21 av
1098 2332 462 38 skatteutjimningsmedel.

185 2419 114 36 Enligt
316 2420 18 28 2
353 2419 18 36 $
394 2420 13 28 1
428 2428 105 21 mum.
554 2419 247 37 förordningen
819 2422 66 29 den
908 2422 38 29 16
966 2423 180 30 december
1166 2425 80 29 1927
1266 2424 175 36 angående
1460 2427 188 31 understöd

139 2479 42 21 av
213 2468 440 37 skatteutjämningsmedel
683 2470 34 31 åt
749 2471 186 37 synnerligt
967 2473 241 37 skattetyagda
1238 2475 206 31 kommuner
1476 2477 173 31 erfordras

141 2518 55 30 för
217 2522 48 28 att
287 2519 312 31 kommunområde
621 2521 87 30 skall
732 2522 118 30 kunna
873 2522 130 31 erhålla
1026 2525 196 36 understöd,
1245 2525 151 31 förutom
1419 2527 83 30 visst
1525 2529 123 29 skatte-

1684 1881 129 26 Utskottet.
