1894 2814
273 162 40 29 46
656 161 392 37 Bevillningsutskottets
1068 160 215 31 betänkande
1303 169 42 21 nr
1363 161 52 29 65.

409 298 139 37 (Kungl.
568 298 118 36 Maj:ts
704 296 157 37 förslag.)
1220 294 206 37 (Utskottets
1443 294 159 37 förslag.)

912 450 230 43 Förslag

999 523 52 30 till

794 594 464 45 Uppbördsförordning.

318 696 209 36 Härigenom
546 695 183 31 förordnas
752 704 75 21 som
848 694 112 36 följer.

778 795 192 30 Inledande
992 794 276 30 bestämmelser.

992 879 67 37 138.

319 940 79 30 Med
419 940 91 30 skatt
535 937 126 32 förstås
684 940 11 29 i
720 939 114 30 denna
856 937 214 36 förordning,
1096 938 63 30 där
1183 937 76 31 icke
1281 941 108 27 annat
1414 937 147 36 angives,
1589 937 114 37 statlig
1726 937 49 30 in-

271 991 128 29 komst-
433 990 65 30 och
532 989 360 36 förmögenhetsskatt,
926 988 149 30 särskild
1109 989 90 29 skatt
1223 988 21 31 å
1265 988 250 37 förmögenhet,
1539 987 239 37 utskiftnings-

270 1041 102 34 skatt,
396 1040 307 36 ersättningsskatt,
728 1040 130 29 allmän
879 1039 307 36 kommunalskatt,
1210 1038 314 38 landstingsmedel,
1551 1038 226 36 tingshusme-

271 1091 64 38 del,
355 1090 201 37 skogsaccis,
577 1089 363 37 skogsvårdsavgifter,
961 1089 312 37 pensionsavgifter
1289 1099 75 21 som
1382 1098 97 22 avses
1499 1091 10 29 i
1530 1091 15 28 1
1567 1090 18 36 8
1605 1090 99 35 lagen
1722 1098 56 21 om

270 1141 327 36 folkpensionering,
620 1139 574 38 olycksfallsförsäkringsavgifter,
1215 1149 75 22 som
1308 1140 176 36 uppbäras
1506 1140 105 36 enligt
1631 1139 18 37 $
1672 1141 14 28 1
1710 1139 68 31 för-

271 1192 190 36 ordningen
479 1192 67 30 den
565 1193 39 29 31
626 1200 92 21 mars
739 1192 82 30 1922
842 1190 176 37 angående
1039 1191 159 36 uppbörd
1216 1201 42 21 av
1276 1190 146 37 avgifter
1440 1191 56 30 för
1513 1190 238 36 försäkringar
1768 1190 10 30 i

270 1242 460 36 riksförsäkringsanstalten
752 1240 138 37 jämlikt
912 1242 99 35 lagen
1035 1251 58 20 om
1116 1241 196 38 försäkring
1337 1241 56 32 för
1415 1241 183 37 olycksfall
1621 1242 10 29 i
1653 1242 125 34 arbete,

270 1294 166 30 ävensom
460 1293 192 31 annuiteter
676 1291 21 31 å
717 1291 266 37 avdikningslån
1007 1293 66 29 och
1095 1291 21 31 å
1136 1292 148 30 förskott
1307 1292 57 30 för
1385 1292 180 36 avlösning
1588 1301 43 21 av
1656 1292 118 30 frälse-

270 1345 128 29 räntor.

991 1393 69 36 28.

320 1455 15 28 Z
360 1463 103 21 mom.
487 1453 71 30 Där
579 1452 256 36 beteckningar,
858 1461 75 21 som
955 1452 179 31 användas
1156 1453 10 30 i
1190 1452 429 38 kommunalskattelagen,
1643 1452 133 30 förord-

272 1504 126 36 ningen
420 1514 56 20 om
499 1504 114 36 statlig
633 1504 165 30 inkomst-
820 1503 65 30 och
908 1502 352 37 förmögenhetsskatt
1279 1503 83 31 eller
1383 1502 391 37 taxeringsförordning-

270 1563 52 29 en,
349 1555 169 36 begagnas
542 1554 11 30 i
576 1555 113 30 denna
711 1553 212 37 förordning,
947 1554 92 29 hava
1064 1554 52 35 de,
1141 1552 118 32 såvida
1282 1554 32 36 ej
1340 1557 107 27 annat
1470 1554 140 36 angives
1633 1554 80 30 eller
1736 1564 42 20 av

270 1606 286 35 sammanhanget
573 1603 163 38 framgår,
754 1614 134 21 samma
904 1604 170 31 innebörd
1091 1613 74 21 som
1182 1605 9 30 i
1210 1604 153 30 nämnda
1380 1604 256 36 författningar.

315 1657 20 29 2
353 1665 103 21 mom.
488 1656 13 30 I
520 1656 114 30 denna
651 1655 204 36 förordning
872 1654 125 31 förstås
1017 1655 81 30 med

313 1707 180 36 slutlig
524 1707 150 30 skatt:
704 1707 188 35 utskylder,
911 1706 93 30 vilka

271 1757 169 30 debiteras
462 1756 44 37 på
526 1757 112 36 grund
659 1766 42 20 av
721 1756 110 31 sådan
851 1756 155 36 taxering

270 1807 51 30 till
357 1808 112 35 statlig
504 1807 166 30 inkomst-
710 1808 65 29 och
811 1806 193 37 förmögen-

269 1857 179 35 hetsskatt,
476 1857 148 30 särskild
650 1857 89 30 skatt
765 1856 21 31 å
810 1857 193 36 förmögen-

269 1908 68 34 het,
352 1907 327 36 utskiftningsskatt,
691 1907 309 36 ersättningsskatt,

266 1958 204 30 kommunal
491 1957 246 31 inkomstskatt
758 1958 65 29 och
845 1958 156 35 skogsac-

266 2008 48 30 cis
336 2012 90 26 samt
448 2018 41 20 av
512 2008 172 37 fastighet,
708 2017 121 21 varom
852 2008 147 30 beskatt-

265 2058 233 36 ningsnämnd
526 2057 101 31 fattat
654 2058 111 30 beslut
793 2061 114 27 senast
935 2058 66 30 den

267 2110 39 29 10
328 2108 144 31 oktober
490 2108 111 30 under
620 2108 255 37 taxeringsåret,
897 2109 100 29 även-

265 2169 76 20 som
367 2160 10 29 i
407 2160 14 29 1
451 2160 17 36 8
497 2159 233 30 omförmälda
759 2158 147 37 avgifter
932 2159 66 30 och

264 2210 202 35 annuiteter,
488 2209 94 30 vilka
602 2209 169 30 debiteras
792 2209 12 30 i
825 2218 172 22 samman-

263 2261 95 35 hang
375 2260 78 30 med
470 2260 154 29 nämnda
642 2259 190 37 utskylder;

1088 1706 181 36 slutlig
1299 1706 149 30 skatt:
1480 1707 188 36 utskylder,
1688 1707 91 30 vilka

1044 1756 170 30 debiteras
1236 1755 44 37 på
1300 1757 111 35 grund
1433 1766 42 20 av
1496 1756 109 31 sådan
1626 1758 154 35 taxering

1043 1807 51 29 till
1129 1806 112 37 statlig
1276 1806 167 31 inkomst-
1480 1808 66 29 och
1582 1807 195 37 förmögen-

1042 1857 179 35 hetsskatt,
1249 1857 149 30 särskild
1424 1857 92 30 skatt
1539 1857 21 30 å
1584 1857 194 37 förmögen-

1044 1907 68 34 het,
1126 1907 328 36 utskiftningsskatt,
1467 1908 309 36 ersättningsskatt,

1039 1957 204 30 kommunal
1264 1957 246 31 inkomstskatt
1531 1959 66 29 och
1618 1959 157 36 skogsac-

1039 2007 58 35 cis,
1128 2017 119 20 varom
1272 2008 372 36 beskaltningsnämnd
1673 2009 102 30 fattat

1038 2058 112 30 beslut
1180 2061 112 27 senast
1324 2059 66 29 den
1422 2060 40 29 10
1490 2059 146 30 oktober
1664 2060 110 29 under

1045 2107 255 37 taxeringsåret,
1325 2108 187 38 utskylder,
1537 2109 94 30 vilka
1654 2109 126 31 debite-

1045 2168 57 21 ras
1132 2158 45 38 på
1205 2159 113 37 grund
1347 2168 42 21 av
1417 2159 109 30 sådan
1554 2162 155 35 taxering
1737 2170 42 20 av

1044 2208 172 38 fastighet,
1234 2219 119 20 varom
1372 2209 110 31 beslut
1498 2210 119 37 fattats
1635 2220 41 20 av
1688 2214 90 26 taxe-

1044 2259 226 37 ringsnämnd
1293 2259 82 31 eller
1397 2260 384 38 fastighetsprövnings-

1038 2310 141 36 nämnd,
1210 2311 162 29 ävensom
1404 2311 11 29 i
1445 2312 14 28 1
1493 2311 18 37 8
1540 2311 232 30 omförmälda

1038 2360 146 35 avgifter
1208 2361 65 29 och
1301 2362 202 34 annuiteter,
1529 2361 94 32 vilka
1648 2361 124 30 debite-

1038 2420 55 19 ras
1121 2411 10 29 i
1159 2412 252 35 sammanhang
1438 2412 78 29 med
1542 2412 154 30 nämnda
1721 2415 50 26 ut-

1039 2461 149 35 skylder;
