1890 2816
474 186 391 36 Bevillningsutskottets
889 181 217 33 betänkande
1129 190 41 21 nr
1192 180 52 30 65.

244 273 141 39 (Kungl.
412 272 118 37 Maj:ts
554 269 158 39 förslag.)

1555 170 59 30 107

1053 263 208 39 (Utskottets
1283 258 155 40 förslag.)

112 354 70 30 kan
206 351 185 35 nämligen,
417 349 127 30 liksom
570 347 66 30 den
659 343 230 33 kvarstående
914 343 146 34 skalten,
1088 349 80 21 avse
1192 338 92 31 båda
1311 338 41 30 de
1379 332 238 41 nyssnämnda

112 404 117 36 slagen
246 412 42 20 av
305 401 163 30 inkomst.

156 452 240 37 Arbetsgivare
421 451 38 29 är
482 447 135 38 skyldig
641 447 85 37 göra
749 445 130 35 avdrag
901 443 122 31 endast
1049 441 55 31 för
1129 439 110 33 sådan
1262 438 53 33 till
1337 438 162 35 beloppet
1522 434 94 37 angi-

113 514 64 21 ven
197 502 204 39 preliminär
419 502 93 30 skatt
529 501 66 29 och
614 498 110 31 sådan
744 494 229 33 kvarstående
992 494 101 34 skatt,
1114 501 75 22 som
1208 490 259 35 arbetstagaren
1486 487 65 31 har
1569 489 50 28 att

110 556 137 36 erlägga
270 556 10 29 i
304 553 333 31 hemortskommun,
664 547 211 37 Härigenom
901 546 213 34 undantages
1141 543 101 34 skatt,
1268 550 75 21 som
1366 538 99 38 utgår
1489 538 55 31 för
1568 536 50 32 så-

113 607 69 30 dan
200 606 154 30 inkomst
376 614 42 20 av
438 599 362 40 jordbruksfastighet,
825 606 116 22 annan
962 595 163 36 fastighet
1147 593 66 31 och
1232 592 137 35 rörelse,
1391 590 115 30 vilken
1526 592 91 27 taxe-

111 667 56 22 ras
194 657 6 30 i
223 665 118 23 annan
360 656 170 29 kommun
553 653 46 30 än
620 650 380 32 hemortskommunen.

156 710 80 30 Med
263 708 77 31 stöd
363 717 42 21 av
429 707 20 29 3
474 706 19 36 $
517 706 83 30 sista
622 703 134 36 stycket
778 702 71 30 kan

114 761 93 30 lokal
236 757 315 37 skattemyndighet
581 756 10 28 i
619 754 73 39 fall,
721 753 45 31 då
795 752 54 30 be-

112 811 149 35 räkning
297 819 42 20 av
378 807 201 38 preliminär
614 805 93 31 skatt
746 803 103 36 enligt

113 860 217 31 skattetabell
350 859 80 30 eller
450 858 79 30 med
548 858 66 29 viss
634 855 215 37 procentsats

113 912 110 31 skulle
244 912 73 29 visa
338 906 338 40 otillfredsställande
696 905 153 35 resultat,

114 963 44 36 på
183 962 157 30 ansökan
367 970 42 20 av
435 957 229 37 skattskyldig
689 956 80 31 eller
796 965 54 20 ar-

116 1013 188 35 betsgivare
333 1011 80 30 eller
440 1009 44 37 på
510 1012 73 33 eget
609 1007 146 31 initiativ
780 1006 69 37 för-

115 1063 120 37 ordna,
255 1065 49 27 att
323 1061 109 31 sådan
452 1060 93 30 skatt
562 1058 89 31 skall
672 1057 80 36 utgå
771 1054 79 32 med

117 1114 144 35 belopp,
284 1122 75 20 som
382 1111 152 37 grundar
556 1111 51 34 sig
628 1109 46 36 på
697 1107 155 33 taxering

116 1165 65 30 och
196 1164 139 35 angives
353 1162 20 31 å
388 1160 227 32 debetsedeln.
633 1158 139 31 Sådana
789 1156 63 40 fall

116 1216 119 30 kunna
261 1223 82 21 vara
366 1213 56 38 för
446 1211 149 36 handen,
620 1210 44 30 då
690 1209 98 38 fråga
814 1209 38 29 är

117 1275 56 21 om
200 1264 278 35 bruttoinkomst,
503 1261 80 39 från
607 1261 114 30 vilken
747 1260 106 30 skatt-

117 1316 136 36 skyldig
275 1316 38 29 är
337 1313 190 36 berättigad
549 1315 49 28 att
619 1312 83 36 göra
724 1310 129 34 avdrag

117 1367 56 37 för
192 1364 245 32 omkostnader
455 1364 50 30 till
527 1361 193 37 betydande
738 1361 56 30 del
811 1368 42 20 av

119 1417 207 36 inkomsten,
350 1419 21 26 t.
394 1424 50 21 ex.
469 1414 151 30 inkomst
643 1422 75 21 som
740 1410 114 36 åtnju-

119 1471 48 27 tes
192 1477 42 20 av
258 1463 338 39 provisionsresande
620 1462 81 31 eller
725 1461 129 31 arbets-

118 1521 126 33 tagare,
262 1516 92 31 vilka
370 1516 91 29 hava
475 1517 49 28 att
541 1513 140 31 bekosta
697 1511 157 31 material

119 1569 56 37 för
198 1568 140 30 arbetet.
362 1565 126 37 Dylika
511 1565 62 37 fall
596 1564 119 30 kunna
739 1562 116 31 vidare

121 1619 155 37 inträffa,
299 1617 45 31 då
362 1626 41 21 av
424 1614 230 37 skattskyldig
673 1613 183 37 uppburen

120 1669 153 31 inkomst
295 1678 41 20 av
360 1668 106 36 tjänst
487 1666 98 36 utgör
609 1665 85 30 blott
715 1662 141 37 obetyd-

121 1721 44 36 lig
194 1720 54 30 del
277 1729 42 20 av
349 1718 78 30 hela
456 1718 87 29 hans
574 1716 160 30 inkomst.
764 1714 54 30 Då
846 1713 10 29 i

121 1769 216 32 sistnämnda
362 1768 62 39 fall
450 1768 197 30 inkomsten
671 1775 42 21 av
740 1766 117 35 tjänst,

121 1822 88 29 även
239 1830 56 20 om
326 1820 66 30 den
421 1820 39 28 är
490 1817 274 35 arbetstagarens
793 1815 64 30 hu-

122 1871 214 36 vudsakliga,
364 1871 39 28 är
428 1869 38 30 så
493 1868 172 35 obetydlig
691 1869 10 28 i
727 1865 130 39 förhål-

122 1921 101 30 lande
252 1920 51 30 till
329 1929 116 21 annan
472 1918 160 37 inkomst,
659 1920 50 27 att
734 1916 42 30 de
803 1924 54 27 ge-

121 1981 83 21 nom
229 1970 209 35 löneavdrag
463 1968 199 31 innehållna
689 1967 169 35 beloppen

123 2022 74 30 icke
226 2020 108 39 förslå
362 2024 49 26 att
438 2019 101 36 gälda
567 2019 136 30 skatten
731 2017 20 30 å
779 2017 79 29 hela

122 2072 206 36 inkomsten,
357 2072 80 34 äger
475 2069 66 31 den
578 2068 115 31 lokala
732 2067 126 30 skatte-

123 2123 246 37 myndigheten
384 2121 109 31 tillika
509 2119 176 39 förordna,
702 2122 50 27 att
767 2118 91 30 löne-

123 2173 128 37 avdrag
268 2173 74 30 icke
356 2172 88 30 skall
459 2170 210 31 verkställas.
685 2169 53 30 Då
752 2168 107 31 skatt-

124 2224 136 35 skyldig
280 2223 54 29 väl
353 2222 150 36 åtnjuter
523 2221 150 29 inkomst
692 2229 42 20 av
754 2220 106 35 tjänst

126 2276 10 28 i
159 2271 436 34 kommunalskattelagens
620 2270 139 35 mening
782 2277 79 21 men

126 2324 75 30 icke
232 2322 135 37 uppbär
399 2322 194 30 inkomsten
626 2330 42 20 av
699 2318 162 35 arbetsgi-

127 2383 89 27 vare,
234 2374 70 29 kan
320 2372 208 35 löneavdrag
543 2371 74 30 icke
632 2370 60 30 ske
707 2370 65 29 och
788 2377 73 28 pre-

126 2426 139 29 liminär
283 2424 90 30 skatt
392 2423 32 36 ej
443 2422 106 30 heller
570 2420 170 31 beräknas
760 2419 103 34 enligt

127 2474 216 31 skattetabell
360 2473 79 30 eller
455 2472 79 30 med
550 2472 66 30 viss
634 2471 227 36 procentsats;

931 699 53 30 Då
999 696 229 37 skattskyldig
1243 694 104 37 enligt
1362 694 20 29 3
1398 693 19 36 $
1433 694 83 30 sista
1532 694 90 32 styc-

885 751 57 29 ket
955 750 64 29 har
1034 751 50 28 att
1098 748 120 35 utgöra
1232 743 175 33 debiterad
1421 741 201 38 preliminär

888 801 102 35 skatt,
1024 801 80 34 äger
1137 797 93 31 lokal
1262 792 316 38 skattemyndighet
1612 791 11 29 i

887 851 73 38 fall,
980 850 44 31 då
1042 848 170 33 särskilda
1232 846 209 36 svårigheter
1458 847 50 28 att
1526 842 97 32 verk-

888 901 99 32 ställa
1017 899 209 36 löneavdrag
1257 897 176 38 föreligga,
1466 893 157 36 medgiva

888 956 50 28 att
957 952 111 36 dylikt
1086 950 129 36 avdrag
1235 949 75 30 icke
1328 947 88 31 skall
1434 947 110 35 göras.
1564 943 59 32 Så-

889 1003 92 31 dana
1002 1002 62 38 fall
1085 1002 120 30 kunna
1230 1008 82 22 vara
1333 999 54 37 för
1409 996 149 37 handen,
1580 994 44 31 då

890 1064 42 20 en
949 1062 124 28 person
1092 1052 64 30 har
1173 1049 210 35 anställning
1399 1048 62 30 hos
1482 1050 46 27 ett
1544 1045 81 38 fler-

891 1105 46 30 tal
953 1104 229 35 arbetsgivare
1201 1104 83 27 utan
1301 1103 49 27 att
1365 1098 114 36 någon
1493 1107 41 20 av
1550 1096 74 30 des-

890 1165 38 21 sa
953 1155 70 30 kan
1049 1162 100 21 anses
1175 1161 82 21 vara
1283 1151 67 30 den
1374 1147 251 35 huvudsaklige

891 1205 264 35 arbetsgivaren.

935 1253 270 36 Framställning
1225 1262 57 21 om
1303 1251 156 38 befrielse
1479 1248 79 40 från
1579 1248 47 30 lö-

891 1307 174 35 neavdrag
1083 1305 72 30 kan
1173 1305 101 35 göras
1297 1302 85 31 både
1401 1311 42 20 av
1463 1299 164 35 arbetsgi-

893 1367 79 21 vare
988 1357 64 30 och
1069 1355 241 36 arbetstagare.
1330 1352 72 30 Har
1419 1350 208 35 arbetsgiva-

892 1418 36 20 re
953 1408 115 35 begärt
1091 1405 158 38 befrielse
1271 1403 80 38 från
1372 1405 49 28 att
1443 1399 184 32 verkställa

891 1457 218 37 löneavdrag,
1123 1455 88 31 skall
1227 1454 242 35 arbetstagare,
1483 1460 75 22 som
1574 1450 54 30 be-

893 1510 93 29 röres
1008 1518 41 20 av
1069 1505 310 40 framställningen,
1399 1503 80 30 eller
1499 1498 129 34 ombud

893 1561 55 37 för
971 1559 111 30 denne
1103 1558 105 29 höras
1231 1556 155 30 däröver.

940 1609 64 31 Vid
1028 1608 170 37 prövning
1225 1616 41 21 av
1295 1604 248 35 arbetsgivares
1569 1611 61 21 an-

895 1662 110 30 sökan
1023 1670 56 20 om
1099 1658 157 38 befrielse
1274 1656 80 39 från
1370 1653 195 38 skyldighet
1581 1654 49 29 att

895 1711 185 31 verkställa
1097 1707 209 37 löneavdrag
1321 1706 88 32 skall
1425 1702 139 34 särskilt
1575 1702 55 30 be-

896 1764 98 29 aktas
1016 1763 157 29 intresset
1190 1760 55 37 för
1264 1758 231 34 arbetstagare
1514 1757 49 28 att
1581 1762 50 22 er-

895 1814 93 30 hålla
1008 1823 42 20 en
1069 1812 146 30 bekväm
1233 1805 398 37 skattebetalningsform

898 1865 64 29 och
984 1864 54 36 för
1060 1863 57 29 det
1140 1861 177 30 allmänna
1342 1861 49 28 att
1415 1856 82 32 ernå
1519 1864 42 21 en
1582 1854 50 38 ef-

898 1914 108 38 fektiv
1033 1909 343 38 utskyldsbetalning.

941 1962 76 30 Den
1048 1962 10 29 i
1091 1961 41 30 92
1165 1960 20 37 $
1219 1956 233 38 omförmälda
1482 1952 152 32 centrala

898 2009 356 40 uppbördsnämnden
1277 2007 99 37 skall,
1397 2006 45 30 då
1463 2005 38 31 så
1521 2005 113 36 finnes

899 2063 165 38 påkallat,
1107 2062 123 35 avgiva
1278 2057 174 32 bindande
1499 2050 137 45 besked,

900 2113 173 31 huruvida
1104 2113 11 29 i
1148 2112 83 29 visst
1261 2110 81 30 eller
1376 2109 90 29 vissa
1497 2106 63 38 fall
1590 2122 45 5 —

900 2164 79 30 med
1022 2164 137 35 hänsyn
1202 2161 51 30 till
1295 2157 248 38 skattskyldigs
1585 2157 49 29 in-

900 2216 129 29 komst-
1057 2213 81 30 eller
1164 2207 473 39 anställningsförhållanden

900 2283 44 4 —
968 2263 157 37 befrielse
1148 2261 81 38 från
1252 2260 196 37 skyldighet
1469 2261 49 27 att
1540 2257 98 30 verk-

902 2315 100 30 ställa
1018 2314 81 29 eller
1114 2312 193 31 vidkännas
1325 2308 209 36 löneavdrag
1549 2305 90 32 skall

902 2365 187 36 medgivas.

948 2417 100 29 Utom
1067 2417 9 28 i
1093 2415 73 38 fall,
1184 2424 74 21 som
1279 2422 88 21 ovan
1385 2412 86 35 sägs,
1491 2411 79 35 äger
1588 2409 49 29 lo-

905 2468 57 30 kal
984 2464 315 37 skattemyndighet
1321 2462 175 38 förordna,
1519 2464 49 27 att
1592 2459 47 31 lö-
