1882 2810
263 169 58 29 116
591 173 391 37 Bevillningsutskottets
1003 174 215 31 betänkande
1238 184 41 21 nr
1298 176 52 29 65.

395 272 140 38 (Kungl.
562 273 121 37 Maj:ts
706 273 158 38 förslag.)
1203 274 206 38 (Utskottets
1432 275 158 38 förslag.)

615 373 31 40 6)
678 374 54 30 för
752 374 52 30 sin
826 375 54 30 del
901 378 124 34 antaga
1048 374 156 37 följande
1224 375 114 31 såsom
1359 377 180 30 utskottets
1560 378 129 37 förslag
1708 378 55 29 be-

571 425 167 30 tecknade

898 537 229 43 Förslag

982 609 51 32 till

257 682 237 43 förordning
506 681 208 45 angående
730 682 173 43 ändring
919 682 13 33 i
948 682 107 34 vissa
1072 682 114 34 delar
1202 694 49 22 av
1267 683 497 44 taxeringsförordningen

652 743 76 34 den
752 744 43 33 28
821 744 228 43 september
1072 745 88 33 1928
1184 743 68 43 (nr
1273 743 93 44 379).

305 841 210 37 Härigenom
534 841 196 37 förordnas,
748 846 49 27 att
814 843 19 29 4
852 842 29 37 3,
906 843 38 29 12
963 843 18 36 $
1003 843 13 28 1
1036 843 65 29 och
1120 843 19 29 3
1158 852 115 27 mom.,
1297 844 38 29 15
1353 843 29 37 8,
1403 844 39 29 18
1462 844 29 36 8,
1512 843 41 30 20
1573 844 18 36 &
1613 845 14 28 I
1647 853 115 27 mom.,

260 893 39 29 24
325 892 18 37 8
371 894 14 28 I
411 902 114 26 mom.,
552 893 41 29 28
620 892 18 37 $
662 893 20 29 3
706 902 114 27 mom.,
847 893 40 30 37
916 893 18 37 83
963 894 14 28 1
1003 902 116 27 mom.,
1145 894 40 29 53
1213 893 17 37 8
1259 894 14 28 1
1300 903 114 27 mom.,
1441 895 40 29 78
1507 894 29 37 83,
1562 895 41 29 86
1632 894 18 37 8
1675 899 89 26 samt

263 943 59 30 145
344 943 18 37 $
387 944 27 36 1,
438 944 18 29 2
477 943 66 30 och
567 944 19 29 4
608 952 104 21 mom.
735 943 424 36 taxeringsförordningen
1177 944 68 29 den
1268 944 40 29 28
1330 944 192 35 september
1548 942 97 32 1928!
1666 944 97 31 skola

258 992 131 32 erhålla
406 994 134 30 ändrad
558 993 129 37 lydelse
705 992 44 37 på
768 995 66 29 sätt
851 994 114 29 nedan
982 993 148 37 angives.

976 1077 19 29 4
1016 1077 28 37 8.

303 1134 180 38 Indelning
501 1135 11 30 i
532 1154 45 4 —
595 1153 45 4 —
659 1154 44 4 —
721 1135 149 31 särskild
888 1135 317 37 taxeringsnämnd.

302 1180 41 35 Åt
366 1186 181 30 distrikten
566 1204 45 4 —
630 1203 45 4 —
695 1203 44 4 —
758 1186 11 29 i
790 1186 120 36 övrigt.

303 1236 111 30 Innan
434 1236 244 36 länsstyrelsen
702 1237 127 29 ändrar
849 1236 11 29 i
882 1237 76 30 stad
979 1236 181 35 tillämpad
1182 1236 342 37 distriktsindelning,
1547 1237 97 36 skall,
1667 1241 95 26 utom

258 1287 67 30 vad
347 1285 108 37 angår
478 1287 212 35 Stockholm,
714 1286 160 36 yttrande
895 1286 174 31 infordras
1095 1285 80 31 från
1198 1287 332 31 drätselkammaren
1553 1288 175 36 ävensom,
1752 1287 9 30 i

258 1338 76 29 stad
363 1337 80 30 med
469 1346 85 28 egen
582 1336 402 38 uppbördsförvaltning,
1015 1335 79 32 från
1123 1337 67 30 den
1218 1337 115 30 lokala
1364 1337 360 37 skattemyndigheten
1752 1337 10 30 i

257 1387 131 30 staden.

964 1453 38 30 12
1027 1452 29 38 8.

302 1514 15 29 1
339 1520 104 22 mom.
481 1512 65 30 Till
566 1512 227 30 medlemmar
810 1529 44 4 —
872 1529 45 4 —
933 1528 45 4 —
994 1511 218 37 taxeringens
1232 1513 262 30 verkställande.

300 1562 49 31 Av
371 1564 167 29 kommun
557 1562 59 31 må
635 1562 49 31 till
703 1563 150 30 ledamot
872 1563 81 29 eller
971 1563 182 35 suppleant
1173 1563 9 30 i
1203 1563 349 37 beredningsnämnd,
1572 1563 192 37 fastighets-

256 1613 304 36 taxeringsnämnd
583 1614 83 29 eller
686 1613 305 35 taxeringsnämnd
1014 1617 91 26 utses
1127 1614 144 30 allenast
1293 1614 76 37 den,
1392 1623 75 21 som
1490 1615 39 29 är
1549 1614 95 30 inom
1670 1615 94 30 kom-

257 1673 129 20 munen
413 1663 299 38 mantalsskriven,
738 1664 65 30 och
829 1673 43 21 av
900 1663 173 38 landsting
1099 1663 58 31 må
1185 1664 50 30 till
1262 1664 151 31 ledamot
1438 1665 82 30 eller
1546 1665 184 35 suppleant
1755 1665 11 29 i

261 1716 487 36 fastighetstaxeringsnämnd
764 1718 90 28 utses
871 1716 143 30 allenast
1029 1716 77 34 den,
1122 1724 74 22 som
1214 1717 37 29 är
1266 1715 288 31 mantalsskriven
1576 1717 4 30 i
1597 1718 170 29 kommun

257 1764 94 31 inom
380 1764 538 37 fastighetstaxeringsdistriktet.
946 1765 50 29 Av
1022 1764 191 37 landstings
1242 1765 360 36 förvaltningsutskott
1630 1765 58 31 må
1716 1765 48 31 till

261 1817 150 30 ledamot
437 1818 80 29 eller
544 1817 186 36 suppleant
757 1816 10 31 i
793 1816 149 31 särskild
968 1815 306 37 taxeringsnämnd
1301 1820 91 27 utses
1418 1817 145 31 allenast
1589 1818 76 35 den,
1693 1826 73 22 som

256 1866 39 30 är
312 1865 289 31 mantalsskriven
621 1867 10 29 i
650 1866 168 30 kommun
836 1866 94 30 inom
948 1866 193 29 nämndens
1161 1865 394 38 verksamhetsområde;
1575 1866 189 30 beträffan-

257 1916 41 30 de
314 1916 141 30 Kalmar
471 1917 56 29 län
544 1916 90 30 skall
651 1916 170 36 därjämte
838 1916 169 36 iakttagas
1025 1919 48 27 att
1090 1917 76 34 den,
1184 1926 73 21 som
1277 1927 41 20 av
1335 1916 187 36 någotdera
1541 1917 224 36 landstingets

257 1965 360 37 förvaltningsutskott
637 1965 117 39 väljes,
775 1967 88 29 skall
884 1975 83 23 vara
985 1966 289 31 mantalsskriven
1303 1966 4 30 i
1327 1968 169 29 kommun
1515 1967 94 31 inom
1631 1977 132 20 samma

261 2019 190 36 landstings
475 2018 151 31 område.

301 2067 64 31 Vid
381 2068 186 30 kommuns
580 2084 46 5 —
638 2085 46 3 —
698 2085 44 4 —
756 2067 96 30 inom
868 2067 211 31 densamma.

300 2117 65 32 Vid
384 2119 53 30 val
455 2136 44 4 —
514 2135 46 4 —
575 2135 46 4 —
639 2118 257 31 ankommande
917 2116 346 38 taxeringsfrågorna.

301 2168 65 31 Till
386 2169 227 29 medlemmar
631 2186 45 4 -—
692 2186 45 4 —
753 2186 45 4 —
816 2169 195 29 nämndens
1032 2167 390 32 verksamhetsområde.

300 2220 21 30 3
337 2228 104 22 mom.
459 2219 147 31 Medlem
622 2219 11 30 i
665 2236 21 23 —
706 2236 45 4 -—
764 2236 45 4 —
826 2220 125 29 svensk
969 2219 236 36 medborgare.

302 2269 40 37 Ej
365 2269 56 31 må
440 2268 123 32 sådant
585 2270 159 37 uppdrag
765 2271 121 30 utövas
906 2279 41 21 av
969 2270 76 38 den,
1068 2279 75 21 som
1165 2272 39 29 är
1222 2270 164 38 omyndig
1406 2270 82 31 eller
1507 2270 123 31 försatt
1650 2270 11 30 i
1682 2271 82 29 kon-

258 2321 248 31 kurstillstånd.

297 2398 8 14 1
325 2400 109 25 Senaste
462 2401 100 31 lydelse
589 2408 36 17 av
653 2399 15 26 4
688 2400 23 32 8,
730 2399 31 25 12
780 2400 14 31 &
814 2400 11 24 1
847 2402 52 23 och
917 2399 16 26 3
951 2408 92 24 mom.,
1062 2399 32 25 15
1113 2400 14 32 $
1146 2400 16 24 2
1181 2408 91 23 mom.,
1290 2399 33 26 28
1342 2400 14 32 $
1375 2399 16 26 3
1409 2409 92 22 mom.,
1519 2399 33 26 78
1571 2400 22 31 $,
1612 2399 33 26 86
1664 2400 14 31 8
1696 2403 71 22 samt

258 2438 47 27 145
332 2440 14 31 8
376 2441 22 29 1,
425 2441 16 25 2
467 2443 51 24 och
543 2441 15 25 4
588 2450 84 17 mom.
700 2450 27 17 se
754 2441 73 26 1943:
843 2441 58 31 855,
929 2450 35 17 av
992 2442 32 25 15
1052 2442 13 32 $
1085 2440 14 26 1
1119 2450 93 21 mom.,
1231 2442 31 25 20
1282 2442 13 31 $
1316 2442 12 25 1
1348 2450 82 17 mom.
1450 2444 51 24 och
1519 2442 33 25 24
1571 2442 14 31 &
1605 2442 12 24 1
1638 2449 83 17 mom.
1740 2450 27 18 se

257 2481 71 26 1932:
347 2481 59 32 279,
425 2491 35 17 av
478 2482 32 26 37
528 2484 14 31 &
563 2483 13 25 I
596 2492 85 17 mom.
700 2491 27 18 se
746 2483 71 26 1945:
906 2487 72 22 samt
996 2492 35 17 av
1049 2483 32 26 53
1101 2483 14 32 $
1135 2483 13 25 1
1169 2492 82 17 mom.
1271 2492 25 17 se
1316 2483 72 26 1945:
1407 2483 57 26 409.
