1884 2762
242 151 18 27 6
589 156 285 32 Statsutskottets
894 161 178 31 utlåtande
1089 172 43 20 nr
1152 164 59 30 121
1231 165 40 30 år
1290 166 84 30 1964

284 232 74 29 Den
380 241 122 30 genom
523 236 209 31 kommittén
751 239 214 31 verkställda
984 243 231 39 utredningen
1236 245 64 29 har
1320 247 83 38 givit
1424 249 57 28 vid
1503 250 149 34 handen,
1674 254 49 27 att

242 284 76 30 från
340 287 362 42 säkerhetssynpunkt
720 292 93 29 vissa
830 293 127 30 brister
975 294 166 41 föreligga
1160 298 9 28 i
1189 300 202 29 nuvarande
1410 301 314 42 bevakningsorga-

241 338 162 35 nisation,
421 340 124 31 främst
562 350 123 31 genom
703 346 49 28 att
769 345 159 31 enskilda
944 348 219 41 vaktföretag
1180 351 44 29 ha
1241 361 42 20 en
1299 353 171 40 väsentlig
1487 356 102 39 insyn
1606 357 11 29 i
1634 358 89 29 mili-

239 392 75 29 tära
332 393 260 40 anläggningar,
611 398 50 28 att
679 398 291 39 vaktpersonalen
988 401 39 29 är
1044 412 43 19 av
1104 403 120 39 ojämn
1242 405 144 31 kvalitet
1405 408 64 29 och
1487 409 10 28 i
1515 409 127 39 många
1661 410 60 30 fall

239 444 63 29 har
322 445 188 41 bristfällig
532 449 198 40 utbildning
752 454 91 27 samt
865 455 51 28 att
936 454 241 41 bevakningen
1200 458 129 30 saknar
1352 460 152 40 enhetlig
1526 462 151 40 ledning.

283 498 233 32 Kommitténs
539 501 140 40 förslag,
702 513 74 20 som
798 505 11 29 i
830 506 137 40 princip
988 508 140 30 biträtts
1150 519 43 20 av
1214 511 339 37 överbefälhavaren,
1577 516 145 30 innebär

239 551 7 28 i
268 551 197 36 huvudsak,
487 556 49 28 att
557 555 240 41 bevakningen
818 559 58 29 vid
898 559 188 32 försvarets
1108 563 280 39 skyddsföremål
1411 567 94 30 inom
1529 569 193 30 Storstock-

237 604 95 30 holm
356 607 205 30 samordnas
584 609 11 28 i
618 618 42 20 en
683 610 454 42 bevakningsorganisation
1161 617 8 28 i
1195 616 189 32 försvarets
1408 628 83 31 egen
1516 623 70 37 regi
1611 624 109 29 under

237 657 140 40 ledning
397 669 42 20 av
459 670 41 19 en
522 662 151 30 särskild
693 663 297 41 bevakningschef
1010 669 110 29 under
1142 669 577 37 försvarsområdesbefälhavaren.

238 710 11 28 I
264 712 283 38 organisationen
561 714 204 32 förutsättes
780 718 81 39 ingå
875 719 43 29 bl.
934 729 29 20 a.
977 730 42 20 en
1034 722 105 39 rörlig
1153 723 230 41 bevaknings-
1397 727 64 29 och
1476 729 244 40 utrycknings-

236 765 130 38 styrka,
387 768 161 29 utrustad
567 769 79 29 med
666 770 198 31 radiobilar.

279 813 234 48 Kommitténs
535 822 389 43 organisationsförslag
947 836 98 21 avser
1069 829 115 30 såsom
1208 831 140 30 nämnts
1371 833 196 40 bevakning
1590 837 130 29 uteslu-

235 871 104 29 tande
363 881 42 20 av
429 873 151 31 militära
606 876 291 39 skyddsföremål.
923 880 123 31 Därest
1070 882 241 41 bevakningen
1336 894 57 30 ges
1416 887 116 30 denna
1556 889 163 39 begräns-

237 923 81 39 ning
336 934 102 30 synes
456 927 10 28 i
484 928 64 28 och
566 927 55 30 för
639 929 51 39 sig
707 930 75 30 icke
800 931 105 39 något
922 942 82 21 vara
1023 937 49 27 att
1090 936 115 30 erinra
1223 940 72 27 mot
1314 938 165 41 förslaget
1497 941 11 29 i
1527 941 108 40 fråga.
1654 944 64 29 Det

235 977 56 29 må
307 978 193 31 emellertid
517 982 341 38 uppmärksammas,
877 988 51 27 att
944 986 171 32 likartade
1132 989 110 31 behov
1258 1000 43 20 av
1318 992 296 42 säkerhetsskydd
1631 997 87 29 även

234 1029 166 41 föreligga
423 1032 220 33 beträffande
667 1036 100 30 civila
791 1038 140 40 statliga
954 1040 290 39 skyddsföremål.
1267 1044 65 30 Det
1355 1045 70 30 kan
1448 1047 121 30 därför
1591 1049 127 40 ifråga-

234 1083 118 35 sättas,
373 1094 56 20 om
449 1086 55 30 det
523 1087 69 29 kan
611 1098 84 20 vara
713 1089 158 41 lämpligt
891 1094 50 28 att
959 1093 146 31 bedöma
1124 1095 382 43 bevakningsfrågorna
1526 1100 190 32 fristående

233 1136 54 29 för
310 1137 251 40 krigsmakten.
585 1140 183 42 Åtskilliga
791 1145 157 37 problem
971 1146 172 32 innefatta
1167 1150 176 39 nämligen
1368 1151 117 40 frågor
1508 1164 42 19 av
1574 1155 142 39 polisiär

234 1191 112 28 natur.
367 1191 108 31 Såvitt
493 1194 170 30 utskottet
681 1195 69 30 kan
769 1196 100 31 finna
886 1198 62 29 bör
965 1199 56 30 det
1037 1210 84 21 vara
1138 1204 48 27 ett
1205 1203 145 31 allmänt
1368 1205 147 31 intresse
1534 1207 55 30 för
1607 1208 110 40 krigs-

231 1244 143 29 makten
394 1247 50 28 att
463 1246 46 30 ha
528 1247 144 40 tillgång
691 1249 51 29 till
763 1252 48 27 ett
831 1250 55 30 för
905 1252 259 33 totalförsvaret
1185 1257 203 30 samordnat
1409 1255 306 50 säkerhetsskydd.

232 1297 79 29 Skäl
331 1298 71 30 tala
421 1299 105 30 också
545 1300 55 30 för
618 1304 50 28 att
688 1302 40 30 de
747 1303 216 41 tillgängliga
980 1315 203 23 resurserna
1202 1310 79 29 med
1301 1311 414 42 totalförsvarsaspekten

231 1359 74 20 som
330 1352 264 40 utgångspunkt
618 1355 238 40 tillvaratagas
880 1361 89 27 mest
993 1359 171 36 effektivt,
1189 1371 56 20 om
1269 1363 446 43 bevakningsorganisatio-

230 1412 85 21 nens
333 1404 292 33 intresseområde
643 1409 125 30 utökas
787 1410 52 30 till
859 1413 50 28 att
927 1412 171 31 innefatta
1116 1415 87 29 även
1222 1418 131 28 statens
1372 1418 101 30 civila
1492 1420 223 39 skyddsföre-

230 1456 68 30 mål
323 1458 66 29 och
414 1459 131 30 således
570 1461 149 31 omfatta
743 1463 68 30 alla
835 1463 80 31 från
940 1465 335 42 försvarssynpunkt
1299 1470 266 40 betydelsefulla
1589 1474 125 31 bevak-

229 1510 234 40 ningsobjekt.

272 1563 12 29 I
307 1564 77 30 sina
405 1567 186 37 yttranden
613 1569 80 28 över
714 1569 444 41 bevakningskommitténs
1181 1577 389 42 organisationsförslag
1593 1582 44 29 ha
1660 1582 53 29 så-

228 1616 53 29 väl
306 1618 409 39 statspolisintendenten
739 1632 75 20 som
837 1624 324 42 polisberedningen
1187 1630 135 34 uttalat,
1348 1633 50 28 att
1423 1632 66 29 den
1514 1633 198 40 föreslagna

228 1669 127 40 rörliga
375 1672 145 38 styrkan
539 1673 55 30 för
613 1674 196 42 bevakning
828 1678 65 29 och
913 1680 424 43 utryckningsberedskap
1358 1693 45 20 m.
1424 1694 44 20 m.
1489 1686 62 29 bör
1571 1687 140 31 tillhöra

228 1723 143 38 polisen.
391 1725 228 39 Uppgifterna
638 1727 55 30 för
710 1729 114 30 denna
843 1732 119 38 styrka
980 1742 101 21 anses
1100 1735 175 39 nämligen
1293 1737 81 39 ingå
1393 1747 74 20 som
1485 1741 48 28 ett
1551 1740 55 30 led
1624 1741 10 29 i
1652 1751 59 29 po-

226 1776 106 30 lisens
349 1779 159 29 normala
524 1781 223 31 verksamhet
765 1783 54 29 för
836 1786 50 28 att
902 1785 106 30 verka
1024 1786 380 42 brottsförebyggande.
1422 1792 176 31 Utskottet
1615 1794 96 31 delar

227 1829 113 30 denna
366 1831 226 41 uppfattning
618 1835 65 29 och
708 1835 58 30 vill
793 1837 120 30 därför
938 1838 175 40 tillstyrka
1139 1841 402 40 departementschefens
1568 1847 140 40 förslag,

226 1884 49 28 att
294 1883 67 30 den
380 1885 127 39 rörliga
525 1887 242 39 bevakningen
786 1899 43 20 av
848 1891 94 29 såväl
962 1892 152 31 militära
1134 1903 75 21 som
1229 1896 100 30 civila
1350 1897 280 40 skyddsföremål
1650 1911 60 19 an-

226 1936 122 39 knytes
370 1938 52 29 till
443 1939 143 38 polisen.

268 1990 78 29 Med
363 1991 137 40 hänsyn
516 1993 118 30 härtill
652 1995 64 29 och
733 1995 51 30 till
801 1997 66 29 vad
885 1999 169 30 utskottet
1071 2001 10 28 i
1099 2001 56 29 det
1174 2001 206 40 föregående
1397 2005 117 30 anfört
1532 2015 102 30 synes
1651 2008 57 30 det

225 2043 170 30 utskottet
417 2048 88 27 mest
528 2047 301 41 ändamålsenligt,
854 2053 51 27 att
927 2061 42 19 en
992 2055 244 29 motsvarande
1260 2057 226 40 samordning
1510 2060 63 29 och
1598 2060 110 30 effek-

224 2096 180 40 tivisering
430 2108 42 19 av
496 2099 66 30 den
589 2101 191 31 stationära
806 2103 240 41 bevakningen
1073 2116 42 19 av
1140 2108 94 29 olika
1260 2110 140 39 statliga
1427 2112 278 39 skyddsföremål

223 2148 271 33 åstadkommes.
512 2153 176 31 Utskottet
706 2155 193 39 tillstyrker
916 2157 128 35 därför,
1064 2162 48 27 att
1132 2161 10 28 i
1161 2161 92 30 detta
1273 2162 89 39 syfte
1381 2173 41 20 en
1441 2166 151 39 enhetlig
1610 2175 97 31 orga-

222 2202 152 30 nisation
392 2204 122 31 bildas.

266 2255 104 30 Olika
394 2259 181 39 meningar
601 2259 166 41 föreligga
792 2271 57 21 om
874 2273 42 20 en
942 2265 108 29 sådan
1075 2266 454 42 bevakningsorganisation
1554 2273 73 34 bör,
1653 2273 53 29 så-

223 2317 74 20 som
324 2309 381 41 bevakningstekniska
732 2315 209 31 kommittén
968 2317 188 41 föreslagit,
1184 2320 160 32 bedrivas
1372 2323 10 29 i
1409 2325 296 40 myndighetsregi

221 2361 82 30 eller
322 2363 11 29 i
355 2362 91 31 form
468 2374 42 20 av
529 2367 48 28 ett
599 2368 132 38 statligt
751 2368 110 40 bolag.
883 2370 193 40 Väsentligt
1096 2373 39 28 är
1155 2374 106 39 enligt
1282 2376 189 31 utskottets
1493 2379 140 38 mening
1655 2381 50 28 att

220 2424 42 20 en
285 2415 149 31 effektiv
457 2418 64 30 och
544 2420 213 30 samordnad
779 2422 142 40 ledning
944 2433 43 20 av
1009 2424 265 40 ifrågavarande
1298 2429 223 31 verksamhet
1546 2432 158 29 kommer

221 2467 50 30 till
295 2469 114 30 stånd.
432 2471 175 31 Utskottet
630 2473 69 30 kan
722 2474 75 30 icke
821 2475 109 35 finna,
954 2479 49 28 att
1025 2478 153 31 bärande
1201 2480 75 30 skäl
1300 2481 136 31 anförts
1460 2483 54 30 för
1536 2487 51 27 att
1609 2485 94 31 detta
