1886 2820
267 135 41 31 40
723 140 279 31 Bankoutskottets
1024 143 163 29 utlåtande
1209 144 48 29 Nr
1282 148 49 27 30.

980 253 90 33 42:0.

125 310 66 50 Ang.
317 315 18 32 I
357 315 148 39 punkten
529 317 40 32 10
594 317 143 32 föreslår
759 317 128 40 Kungl.
910 319 102 38 Maj:t
1034 320 181 39 riksdagen
1236 322 165 40 medgiva,
1425 328 51 29 att
1497 338 103 21 envar
1620 338 42 21 av
1683 328 91 34 arbe-

54 349 110 65 pension
180 349 29 65 ål
220 355 36 55 tre
272 366 174 32 terskorna
466 367 57 32 vid
545 367 215 39 krigsskolan
783 369 103 32 Alma
908 370 167 32 Karolina
1099 371 190 40 Lundberg,
1313 373 101 33 Anna
1438 374 128 34 Rosina
1591 377 178 40 Lundberg

87 418 43 25 vid
148 419 77 30 krigs:
271 416 61 32 och
348 416 152 33 Gustava
515 418 166 33 Eleonora
696 419 194 39 Malmqvist
906 421 53 31 må
975 420 78 33 från
1071 422 60 32 och
1146 423 73 32 med
1235 423 162 33 månaden
1414 429 76 29 näst
1507 427 89 32 efter
1612 428 70 40 den,
1699 440 73 21 var-

105 452 98 25 skoltn.
270 467 105 32 under
391 469 135 38 avgång
546 469 78 31 från
643 469 145 38 tjänsten
807 475 80 33 äger
907 483 82 27 rum,
1008 472 106 33 under
1132 473 52 32 sin
1201 474 209 34 återstående
1429 476 117 33 livstid
1565 478 20 32 å
1604 478 167 34 allmänna

268 517 333 41 indragningsstaten
625 520 151 39 uppbära
798 521 89 38 årlig
911 522 147 39 pension,
1082 535 102 21 envar
1208 536 42 20 av
1276 525 103 33 Alma
1403 527 166 33 Karolina
1593 529 178 40 Lundberg

269 568 60 32 och
351 568 100 32 Anna
470 569 128 33 Rosina
619 569 179 40 Lundberg
818 572 73 32 med
912 574 62 31 876
994 573 124 33 kronor
1138 578 86 29 samt
1246 575 195 40 Malmqvist
1460 579 74 32 med
1554 580 64 32 816
1640 580 130 34 kronor.

312 668 56 32 Av
386 669 246 38 handlingarna
652 671 11 32 i
683 672 134 32 ärendet
836 673 167 33 inhämtas

312 719 215 34 beträffande
549 720 103 34 Alma
673 722 166 33 Karolina
859 723 190 42 Lundberg,
1071 729 52 29 att
1144 726 73 40 hon,
1241 739 69 20 som
1332 733 37 27 är
1392 729 79 33 född
1493 731 62 32 den
1578 732 20 31 4
1620 732 148 33 februari

269 770 94 39 1852,
381 771 90 32 varit
483 771 149 33 anställd
647 773 57 32 vid
718 773 215 38 krigsskolan
950 776 101 32 sedan
1070 777 62 31 den
1150 778 15 31 1
1184 777 138 33 oktober
1339 780 99 37 1870;

311 820 215 34 beträffande
544 822 102 32 Anna
663 823 126 32 Rosina
808 824 189 41 Lundberg,
1016 830 52 28 att
1085 827 75 39 hon,
1179 840 69 20 som
1267 834 38 27 är
1324 830 81 32 född
1423 830 61 32 den
1503 832 41 31 24
1564 844 88 21 mars
1674 835 93 38 1857,

265 870 89 32 varit
373 872 147 32 anställd
537 873 57 32 vid
612 873 216 39 krigsskolan
847 876 99 32 sedan
965 877 60 32 den
1045 879 16 30 1
1082 878 150 33 februari
1254 881 100 37 1887;
1375 885 86 28 samt

309 921 215 34 beträffande
545 922 153 34 Gustava
717 924 164 34 Eleonora
899 926 205 42 Malmqvist,
1124 932 51 29 att
1194 930 74 39 hon,
1289 942 68 21 som
1378 937 37 27 är
1435 932 80 33 född
1535 933 62 32 den
1620 936 39 30 17
1680 947 86 21 mars

266 972 95 40 1857,
378 973 90 32 varit
485 974 148 33 anställd
648 975 57 32 vid
721 975 215 39 krigsskolan
953 978 100 32 sedan
1072 979 61 32 den
1155 981 16 30 1
1189 981 89 38 april
1298 982 95 33 1901.

307 1021 125 34 Vidare
459 1024 168 34 inhämtas
654 1037 42 21 av
722 1026 253 41 handlingarna,
1003 1033 52 28 att
1082 1030 159 39 samtliga
1267 1032 262 39 ifrågavarande
1556 1034 210 34 arbeterskor

263 1072 131 33 arbetat
417 1074 12 31 i
452 1074 234 40 krigsskolans
709 1078 286 41 tvättinrättning,
1022 1081 36 31 så
1083 1080 99 39 länge
1207 1082 106 32 denna
1339 1095 60 20 var
1424 1085 210 33 underställd
1657 1086 108 39 krigs-

263 1122 135 34 skolans
418 1125 220 40 förvaltning,
658 1139 72 20 men
752 1131 50 29 att
822 1129 38 32 de
880 1129 148 33 därefter
1048 1131 100 32 sedan
1167 1132 61 32 den
1251 1134 16 30 1
1290 1133 137 33 oktober
1448 1137 84 31 1924
1552 1137 12 31 i
1585 1137 179 39 anledning

261 1184 43 20 av
325 1175 338 39 tvättinrättningens
686 1179 280 37 omorganisation
988 1185 143 29 använts
1156 1183 53 32 för
1231 1183 310 41 lagningsarbeten;
1566 1191 52 28 att
1641 1188 123 33 arbets-

261 1223 227 34 inkomsterna
507 1226 54 32 för
577 1238 62 21 var
655 1228 60 32 och
731 1241 39 19 en
787 1241 42 20 av
847 1230 70 32 dem
936 1231 104 32 under
1058 1232 38 32 de
1115 1244 115 22 senare
1247 1235 79 32 åren
1345 1237 146 37 uppgått
1506 1237 54 32 till
1587 1238 5 31 i
1609 1239 154 32 medeltal

261 1273 155 40 omkring
439 1277 95 37 1,200
556 1277 123 33 kronor
699 1279 53 32 för
771 1280 38 31 år
830 1280 101 38 jämte
953 1282 173 33 förmånen
1147 1295 42 20 av
1211 1285 47 31 fri
1279 1285 132 39 bostad;
1435 1291 85 29 samt
1541 1291 53 29 att
1614 1289 38 32 de
1673 1290 12 31 i
1705 1290 59 31 sitt

260 1324 112 33 arbete
396 1326 90 33 visat
509 1328 178 38 duglighet
709 1330 59 32 och
792 1331 223 39 ordentlighet
1039 1338 155 28 ävensom
1218 1335 99 33 alltid
1341 1337 162 39 iakttagit
1526 1342 48 29 ett
1599 1339 164 33 hedrande

259 1376 221 38 uppförande.

304 1426 19 32 I
338 1428 137 37 avgivet
492 1429 174 33 utlåtande
683 1431 62 31 har
761 1433 239 33 statskontoret
1018 1435 179 39 föreslagit
1213 1436 111 39 årliga
1343 1439 276 40 pensionsbelopp
1640 1453 41 20 av
1700 1443 62 31 876

259 1476 123 33 kronor
404 1478 36 32 åt
463 1480 141 32 vardera
629 1493 43 20 av
695 1482 101 32 Alma
823 1484 163 32 Karolina
1013 1485 180 41 Lundberg
1217 1488 60 32 och
1304 1488 100 33 Anna
1429 1489 127 34 Rosina
1583 1491 179 39 Lundberg

259 1531 87 28 samt
363 1529 63 31 816
441 1529 122 33 kronor
580 1531 36 31 åt
631 1532 204 39 Malmqvist.

302 1577 376 43 Departementschefen
697 1583 61 32 har
777 1584 12 31 i
809 1585 135 33 ärendet
963 1586 115 33 anfört
1098 1588 164 38 följande:

301 1642 119 36 »Även
436 1646 59 39 jag
510 1659 107 28 anser,
633 1652 52 30 att
699 1650 263 39 ifrågavarande
976 1653 212 34 arbeterskor
1204 1655 80 33 böra
1302 1657 128 33 erhålla
1446 1659 137 38 pension
1601 1671 43 21 av
1661 1663 98 30 stats-

255 1687 105 33 medel
383 1689 57 33 vid
463 1690 51 32 sin
538 1692 135 38 avgång
696 1704 40 20 ur
758 1693 115 38 tjänst.
917 1695 100 33 Emot
1040 1696 61 32 den
1125 1698 35 31 åt
1183 1698 195 39 Malmqvist
1409 1712 42 20 av
1482 1702 278 38 myndigheterna

256 1730 194 40 föreslagna
472 1734 197 37 pensionens
691 1736 124 32 storlek
837 1737 61 32 har
917 1738 58 39 jag
996 1739 86 32 intet
1102 1743 52 29 att
1174 1741 120 32 erinra.
1339 1742 76 33 Vad
1437 1744 71 32 åter
1529 1745 108 37 angår
1659 1745 99 33 Anna

256 1773 165 34 Karolina
445 1775 180 40 Lundberg
650 1778 60 32 och
736 1778 100 33 Anna
859 1780 126 32 Rosina
1011 1781 191 40 Lundberg,
1229 1783 109 34 skulle
1362 1786 109 37 någon
1497 1786 194 39 förhöjning
1715 1800 42 19 av

255 1815 39 33 de
309 1827 43 21 av
367 1817 242 34 statskontoret
624 1819 192 39 föreslagna
832 1823 317 39 pensionsbeloppen
1164 1825 169 40 möjligen,
1351 1828 73 32 med
1440 1828 130 39 hänsyn
1590 1830 55 31 till
1663 1831 94 31 dessa

254 1858 228 34 arbeterskors
503 1861 212 40 osedvanligt
736 1862 100 40 långa
859 1864 185 41 tjänstetid,
1066 1866 114 33 kunna
1202 1868 235 40 ifrågasättas,
1459 1883 73 20 men
1558 1871 42 33 då
1623 1872 38 33 de
1685 1872 71 33 icke

253 1900 137 34 tillhöra
406 1901 257 39 yrkesutbildad
681 1906 163 38 personal,
864 1907 61 32 har
941 1908 55 32 det
1014 1912 97 34 synts
1130 1910 69 38 mig
1214 1910 168 41 lämpligt,
1401 1915 50 30 att
1469 1913 96 33 deras
1584 1914 172 38 pensioner

254 1942 185 35 bestämdes
458 1944 55 33 till
528 1946 104 39 något
650 1946 94 39 lägre
761 1947 118 40 belopp
899 1954 41 27 än
959 1962 68 21 som
1047 1951 12 32 i
1079 1952 279 39 nästföregående
1378 1955 108 38 punkt
1505 1956 195 39 föreslagits
1721 1958 35 31 åt

252 1985 92 32 vissa
359 1986 212 34 arbeterskor
585 1989 58 32 vid
659 1991 393 34 ammunitionsfabriken
1069 1995 73 32 med
1158 1996 146 37 ungefär
1321 1998 231 33 motsvarande
1570 1998 185 38 tjänstetid.

253 2026 71 40 Jag
344 2027 112 34 finner
476 2029 117 33 därför
615 2031 38 33 de
673 2044 42 20 av
737 2033 240 34 statskontoret
997 2036 207 38 ifrågasatta
1225 2038 161 39 beloppen
1407 2061 44 3 —
1472 2041 62 32 876
1558 2041 122 32 kronor
1701 2042 52 31 till

255 2081 39 20 en
314 2082 61 20 var
394 2083 42 20 av
455 2072 263 39 ifrågavarande
737 2075 210 34 arbeterskor
966 2099 44 4 —
1027 2079 56 31 väl
1105 2081 186 38 avvägda.»

299 2162 67 33 För
386 2164 115 33 vidare
523 2166 180 39 utredning
726 2168 11 31 i
760 2169 135 32 ärendet
918 2170 159 33 hänvisar
1099 2172 164 33 utskottet
1287 2173 53 32 till
1364 2175 259 37 propositionen.

299 2264 128 38 Kungl.
452 2265 118 38 Maj:ts
594 2266 130 39 förslag
747 2268 61 32 har
831 2269 29 38 ej
885 2270 160 34 föranlett
1068 2272 133 32 erinran
1226 2273 77 32 från
1328 2275 179 33 utskottets
1533 2276 84 39 sida,
1640 2277 114 32 varför

253 2313 164 34 utskottet
434 2315 203 43 hemställer,

606 2396 51 29 att
677 2394 127 38 Kungl.
824 2396 118 37 Maj:ts
963 2397 219 34 förevarande
1203 2399 252 40 framställning
1475 2402 53 32 må
1548 2402 101 32 vinna
1671 2402 81 33 riks-

561 2443 124 38 dagens
703 2444 108 34 bifall.
