1912 2824
582 140 277 28 Bankoutskottets
880 137 161 30 utlåtande
1065 136 49 29 Nr
1136 140 48 26 30.
1593 134 37 29 71

434 225 83 39 ting,
536 225 194 32 kommuner
747 224 80 32 eller
845 223 153 32 enskilda
1016 241 44 4 —
1077 221 149 38 åtnjutas
1245 220 257 39 dyrtidstillägg
1523 219 107 37 enligt

434 276 38 33 de
489 276 156 38 grunder,
665 287 68 20 som
750 279 57 27 äro
825 274 80 32 eller
922 273 114 32 kunna
1052 273 104 31 varda
1175 271 196 33 fastställda
1390 271 53 31 för
1460 270 169 38 pensione-

435 327 78 32 rade
537 327 25 32 f.
585 326 32 32 d.
639 324 334 39 befattningshavare
994 324 11 31 i
1028 326 126 29 statens
1177 322 115 39 tjänst,
1316 322 72 31 med
1410 320 221 38 iakttagande

435 377 107 31 likväl
565 380 51 28 att
640 375 293 39 dyrtidstillägget
958 374 89 32 skall
1070 372 163 33 beräknas
1256 373 20 31 å
1300 372 54 32 det
1377 370 253 38 sammanlagda

433 426 312 39 pensionsbeloppet
765 437 74 20 men
860 437 42 20 av
923 423 193 33 statsmedel
1139 423 164 32 bestridas
1325 422 143 32 allenast
1488 421 54 31 till
1565 420 66 32 vad

436 489 67 21 som
528 489 43 20 av
594 477 55 31 det
674 476 140 32 sålunda
838 474 188 32 beräknade
1051 473 292 38 dyrtidstillägget
1368 472 131 37 belöper
1524 471 20 31 å
1569 470 62 32 den

437 527 77 32 från
530 527 171 32 allmänna
717 525 335 38 indragningsstaten
1069 523 165 38 utgående
1253 522 94 32 delen
1363 533 42 20 av
1422 520 209 39 pensionsbe-

433 578 121 38 loppet.

834 660 87 32 62:0.

167 730 19 33 I
208 742 39 21 en
269 730 88 32 inom
380 729 104 32 andra
507 728 194 32 kammaren
723 739 42 20 av
787 727 115 32 herrar
923 725 126 34 Hallén
1073 725 60 32 och
1155 724 143 38 Lindley
1322 723 101 33 väckt
1445 722 124 32 motion
1593 733 39 19 nr

124 782 42 31 60
189 781 61 32 har
270 780 199 38 hemställts,
493 783 73 28 »att
588 778 180 38 riksdagen
790 778 103 31 måtte
916 776 125 38 bevilja
1062 775 227 39 polismannen
1311 774 106 32 Jonas
1438 772 195 32 Andersson

124 831 171 32 Stertman
315 830 137 39 pension
472 831 20 31 å&
512 829 171 32 allmänna
701 828 334 38 indragningsstaten
1054 826 74 32 med
1150 826 95 38 1,000
1265 825 121 31 kronor
1406 823 130 38 årligen
1556 823 78 31 från

124 882 62 32 och
204 881 74 33 med
296 882 38 31 år
353 882 94 37 1928,
466 880 81 32 eller
567 891 51 21 om
637 879 117 32 hinder
773 878 117 32 därför
908 877 110 32 skulle
1035 879 89 29 möta
1143 879 48 29 ett
1208 875 105 39 årligt
1332 874 179 32 understöd
1529 873 105 31 under

126 930 186 34 Stertmans
333 930 208 33 återstående
562 929 117 33 livstid
698 941 42 20 av
761 928 172 32 enahanda
952 927 132 39 belopp,
1108 927 94 38 1,000
1222 925 132 40 kronor,
1376 924 162 32 likaledes
1560 922 74 33 räk-

125 986 59 29 nat
203 983 77 32 från
301 982 60 32 och
380 981 73 32 med
476 982 84 31 1928
580 981 55 31 års
656 980 160 38 ingång.»

171 1033 76 33 Med
270 1032 161 33 avseende
456 1032 20 32 å
498 1031 243 37 motiveringen
764 1029 160 32 hänvisar
946 1028 166 33 utskottet
1136 1027 54 32 till
1213 1026 176 33 motionen.

172 1134 56 32 Av
250 1132 219 40 tillgängliga
489 1131 204 38 handlingar
714 1130 179 39 inhämtas,
914 1132 52 30 att
989 1128 170 33 Stertman
1181 1132 37 27 är
1241 1126 81 33 född
1343 1126 60 33 den
1426 1127 17 31 5
1467 1124 169 34 december

129 1185 83 32 1871
232 1185 61 32 och
311 1184 102 32 alltså
431 1195 44 20 nu
495 1184 41 31 56
556 1183 38 32 år
613 1181 158 39 gammal.
811 1180 121 38 Enligt
950 1192 39 20 en
1008 1179 58 33 vid
1084 1179 165 31 motionen
1269 1177 105 38 fogad
1391 1174 244 34 meritförteck-

127 1235 92 40 ning,
239 1235 55 32 till
312 1234 114 32 vilken
447 1233 166 32 utskottet
632 1232 128 32 tillåter
781 1232 53 38 sig
854 1231 152 39 hänvisa,
1027 1230 61 32 har
1111 1228 169 33 Stertman
1301 1228 89 31 varit
1410 1226 149 33 anställd
1579 1225 58 32 vid

128 1285 87 33 Svea
239 1285 153 38 livgarde
414 1284 104 32 under
542 1284 92 32 tiden
657 1280 42 35 23
724 1282 138 38 augusti
887 1281 174 33 1890—23
1087 1279 137 33 oktober
1249 1279 95 32 1894.
1389 1277 161 33 Därefter
1575 1276 62 32 har

126 1336 67 32 han
214 1355 45 4 —
280 1335 146 32 frånsett
446 1333 178 39 åtskilliga
648 1332 247 38 anställningar
916 1331 60 33 och
997 1330 155 39 uppdrag
1175 1330 12 31 i
1209 1328 131 33 enskild
1363 1328 60 32 och
1442 1326 195 33 kommunal

127 1386 107 38 tjänst
253 1405 46 4 —
319 1385 104 32 under
446 1384 91 33 olika
560 1384 98 39 tider,
680 1383 143 38 tidigast
844 1383 39 31 år
908 1382 96 39 1899,
1026 1381 107 38 enligt
1155 1379 245 33 förordnanden
1424 1390 42 20 av
1489 1378 146 37 länssty-

129 1437 102 32 relser
255 1449 43 20 m.
322 1436 40 33 fl.
387 1435 236 39 myndigheter
644 1433 155 33 innehaft
823 1432 249 38 anställningar
1096 1431 107 32 såsom
1228 1429 174 39 polisman,
1428 1431 94 29 extra
1548 1427 88 32 läns-

127 1499 78 21 man
225 1500 43 20 m.
288 1499 43 21 m.
354 1486 80 33 eller
455 1485 159 39 fullgjort
636 1484 169 33 särskilda
826 1481 379 41 polismannauppdrag.
1248 1480 77 32 Vad
1347 1480 39 32 de
1407 1482 130 29 senaste
1558 1478 79 32 åren

129 1538 180 39 beträffar,
334 1538 61 32 har
419 1536 170 33 Stertman
610 1535 105 33 under
738 1535 92 32 vissa
853 1533 152 39 perioder
1028 1544 43 21 av
1093 1533 78 31 åren
1198 1531 215 33 1923—1927
1438 1529 108 38 enligt
1570 1529 67 32 för-

128 1588 191 33 ordnanden
341 1588 70 32 dels
434 1599 43 21 av
498 1585 379 40 generaltullstyrelsen,
902 1584 69 33 dels
994 1595 42 21 av
1059 1582 241 39 länsstyrelsen
1320 1581 12 32 i
1353 1579 204 34 Värmlands
1582 1579 56 32 län

129 1639 90 33 varit
235 1638 148 34 anställd
400 1639 108 32 såsom
527 1636 149 34 detektiv
692 1636 60 33 och
770 1636 109 32 såsom
895 1638 95 29 extra
1008 1633 165 40 polisman
1189 1632 74 33 med
1280 1631 139 39 uppgift
1437 1634 51 29 att
1503 1629 134 33 biträda

129 1689 243 33 vederbörande
390 1689 99 39 polis-
508 1688 61 32 och
587 1686 301 39 tullmyndigheter
904 1685 74 33 med
995 1683 221 40 uppdagande
1235 1695 43 20 av
1296 1682 124 38 olovlig
1438 1680 141 33 införsel
1596 1692 43 20 av

129 1739 232 40 spritdrycker
383 1739 61 33 och
464 1750 110 21 annan
598 1738 99 38 olaga
719 1735 375 40 rusdryckshantering.

173 1791 19 33 I
213 1790 164 33 motionen
396 1790 62 32 har
476 1789 55 33 till
553 1789 75 32 stöd
648 1789 54 32 för
722 1787 166 38 förslaget
908 1798 51 21 om
980 1785 137 39 pension
1136 1785 36 32 åt
1193 1783 167 34 Stertman
1382 1782 132 33 anförts
1536 1781 102 32 bland

133 1846 113 35 annat,
268 1845 50 29 att
341 1841 168 33 Stertman
529 1840 110 32 utfört
659 1843 49 29 ett
729 1837 210 39 osedvanligt
960 1836 171 33 krävande
1151 1835 60 33 och
1230 1834 152 38 ihärdigt
1401 1833 113 32 arbete
1534 1832 12 32 1
1568 1832 72 32 ord-

131 1891 252 40 ningsmaktens
401 1891 107 38 tjänst
524 1893 69 29 mot
611 1889 95 33 såväl
725 1887 281 40 spritsmugglare
1026 1898 68 21 som
1113 1890 83 28 även
1212 1890 119 34 grövre
1349 1884 203 38 förbrytare.
1595 1882 44 33 Så

131 1947 24 29 t.
178 1955 51 22 ex.
251 1943 84 32 hade
358 1942 66 32 han
446 1940 272 39 framgångsrikt
740 1938 143 39 deltagit
913 1938 4 32 i
938 1938 145 38 kampen
1106 1940 68 29 mot
1196 1936 61 33 den
1280 1947 26 21 s.
1329 1935 34 33 k.
1386 1933 253 38 Undenäsligan

131 1994 62 33 och
212 1993 119 34 därvid
350 1992 170 39 tillfogats
544 1993 39 31 11
604 1990 188 39 knivhugg.
833 1989 96 33 Hans
949 1987 216 40 uppslitande
1185 1986 113 33 arbete
1316 1986 83 32 hade
1419 1985 55 32 till
1494 1984 70 32 viss
1587 1983 53 33 del

132 2044 107 33 brutit
263 2044 84 32 hans
370 2043 96 33 kraft
493 2042 184 39 såtillvida,
702 2044 51 29 att
779 2040 66 32 han
869 2039 137 38 ådragit
1030 2039 53 38 sig
1110 2037 169 33 sannolikt
1303 2036 125 38 obotlig
1455 2034 185 33 reumatisk

131 2095 96 39 värk,
251 2106 69 22 som
340 2094 129 32 komme
493 2096 52 29 att
567 2092 151 33 medföra
740 2090 180 34 inskränkt
944 2088 226 34 arbetsförhet
1193 2088 61 32 och
1275 2087 88 32 inom
1385 2098 38 20 en
1446 2086 30 38 ej
1501 2085 63 33 allt
1587 2085 54 32 för

131 2145 161 39 avlägsen
314 2144 140 33 framtid
475 2143 71 33 helt
566 2143 121 38 betaga
708 2142 119 32 honom
848 2140 217 39 möjligheten
1086 2143 51 28 att
1157 2138 74 33 med
1252 2141 75 35 eget
1347 2137 111 33 arbete
1481 2136 159 32 förvärva

132 2196 129 39 skäligt
279 2195 188 39 uppehälle.

178 2295 87 35 Över
285 2296 262 39 ifrågavarande
568 2295 125 32 motion
714 2294 61 32 har
794 2292 166 33 utskottet
980 2292 13 32 i
1012 2290 210 40 vederbörlig
1242 2289 142 39 ordning
1404 2288 167 32 inhämtat
1590 2290 50 29 ut-

134 2348 133 33 låtande
291 2360 43 21 av
360 2346 251 40 statskontoret,
637 2357 68 21 som
731 2345 13 32 i
769 2344 136 33 ärendet
929 2343 170 32 infordrat
1126 2341 179 40 yttranden
1330 2340 69 33 dels
1425 2351 42 20 av
1491 2337 149 40 general-

133 2398 242 40 tullstyrelsen,
398 2397 70 34 dels
491 2397 62 33 ock
574 2409 43 20 av
639 2395 242 39 länsstyrelsen
902 2394 12 32 i
936 2393 205 35 Värmlands
1163 2392 67 32 län.

179 2448 376 39 Generaltullstyrelsen
574 2447 62 33 har
656 2447 114 32 anfört
791 2445 164 39 följande:

1714 732 67 31 Ang.

1654 765 109 32 pension
1780 763 59 25 eller

1653 798 77 31 årligt
1746 797 92 26 under-

1654 832 54 25 stöd
1720 832 26 24 åt
1757 831 80 32 polis-

1671 872 112 18 mannen
1799 865 30 24 J.

1673 898 150 26 Andersson

1681 932 137 25 Stertman.
