1882 2824
541 150 280 28 Bankoutskottets
844 148 162 28 utlåtande
1028 146 47 28 Nr
1101 150 49 25 30.
1554 143 39 28 41

796 269 90 31 43:0.

136 340 113 32 Under
290 338 147 39 punkten
479 339 38 30 11
560 336 143 33 föreslår
733 335 128 38 Kungl.
892 334 102 38 Maj:t
1023 332 180 38 riksdagen
1233 330 165 40 medgiva,
1427 333 51 29 att
1506 329 90 33 förre
1677 332 64 29 Ang.

90 390 351 33 skrädderiarbetaren
464 389 57 31 vid
546 387 186 32 Norrlands
758 385 181 38 trängkårs
964 381 335 35 skrädderiverkstad
1323 382 109 31 Frans
1458 381 137 36 August
1603 372 71 58 förre
1693 362 113 72 skrädde.

85 441 229 32 Johannisson
331 441 54 30 må
404 439 77 32 från
502 438 59 32 och
580 438 73 31 med
673 437 61 31 den
755 438 16 30 1
792 435 183 39 september
995 435 82 31 1927
1099 433 104 31 under
1221 433 50 31 sin
1290 431 207 32 återstående
1515 430 78 32 livs-
1608 432 152 24 riarbetaren
1776 431 30 24 F.

91 494 49 31 tid
161 494 20 30 å
202 492 169 32 allmänna
391 490 334 38 indragningsstaten
746 487 151 37 uppbära
917 506 45 4 -—
982 485 11 31 i
1017 484 114 32 stället
1154 484 53 31 för
1228 483 117 31 honom
1368 493 42 20 av
1434 482 83 31 1920
1540 481 55 31 års
1621 466 32 23 A.
1670 460 136 66 Johannis:

92 543 139 37 riksdag
256 541 175 33 tillerkänt
455 538 275 40 pensionsbelopp
756 549 42 19 av
822 538 63 31 300
910 535 123 32 kronor
1054 555 45 4 —
1123 545 39 20 en
1188 533 89 38 årlig
1302 532 137 38 pension
1464 542 42 20 av
1532 531 63 31 996

92 594 133 31 kronor.

137 694 56 31 Av
216 692 245 38 handlingarna
483 691 11 31 i
520 689 136 33 ärendet
678 688 163 37 framgår,
864 686 102 33 bland
990 688 113 35 annat,
1128 687 51 29 att
1203 683 236 38 Johannisson,
1467 693 68 20 som
1560 685 37 27 är

94 745 80 32 född
195 744 62 32 den
279 744 38 31 15
338 742 136 39 augusti
495 742 95 37 1854,
610 739 90 32 varit
719 738 147 33 anställd
886 737 57 32 vid
967 736 85 33 Svea
1073 734 170 39 livgardes
1264 731 334 35 skrädderiverkstad

93 795 104 32 under
217 795 79 31 åren
319 793 215 32 1884-—1887
557 794 88 29 samt
667 790 233 36 1897—1901;
922 791 51 29 att
993 787 65 32 han
1080 785 105 33 under
1206 786 79 31 åren
1308 783 215 33 1891-—1897
1547 793 50 21 ar-

93 846 92 32 betat
200 845 57 32 vid
274 844 85 33 Svea
377 843 347 38 artilleriregemente;
740 843 51 29 att
807 840 65 31 han
890 838 100 33 sedan
1009 837 138 38 augusti
1168 837 83 31 1901
1271 835 90 31 varit
1378 833 147 33 anställd
1541 832 58 32 vid

93 895 188 33 Norrlands
301 894 180 38 trängkårs
504 890 345 40 skrädderiverkstad,
870 889 115 32 vilken
1006 886 208 38 anställning
1236 886 66 31 han
1323 885 128 31 lämnat
1472 884 61 31 den
1558 883 39 31 15

94 946 138 38 augusti
256 945 99 37 1927;
378 947 51 29 att
451 944 67 31 han
539 953 119 28 genom
681 941 111 32 beslut
814 952 41 20 av
880 940 84 32 1920
988 939 54 31 års
1068 937 139 38 riksdag
1230 935 193 33 tillerkänts
1448 946 39 20 en
1510 933 89 38 årlig

94 997 138 38 pension
251 1008 42 20 av
312 997 63 31 300
393 994 122 32 kronor
532 1013 45 3 —
595 991 233 33 motsvarande
847 989 202 39 nyreglerad
1067 987 138 39 pension
1225 987 19 31 å
1264 987 62 31 696
1345 985 123 32 kronor
1484 1004 45 4 —
1548 987 50 29 att

93 1048 84 38 utgå
196 1047 77 32 från
292 1046 60 32 och
370 1045 74 32 med
461 1044 162 32 månaden
642 1046 77 28 näst
736 1042 87 32 efter
842 1041 72 38 den,
932 1039 166 33 varunder
1116 1038 66 32 han
1202 1036 227 38 entledigades
1449 1035 77 32 från
1546 1034 52 32 sin

95 1097 208 38 anställning
315 1096 57 32 vid
386 1094 143 33 nämnda
542 1093 175 38 verkstad;
732 1096 51 28 att
795 1092 66 32 han
874 1091 86 32 lider
973 1102 42 20 av
1028 1088 140 33 kronisk
1183 1086 260 34 luftrörskatarr
1458 1088 86 30 samt
1556 1085 43 38 på

95 1149 110 38 grund
220 1160 43 20 av
280 1148 50 32 sin
346 1147 86 38 höga
449 1145 93 33 ålder
558 1145 74 32 icke
648 1146 127 30 ansetts
791 1143 79 32 böra
888 1142 161 31 fortsätta
1065 1143 52 29 att
1132 1139 190 38 tjänstgöra
1337 1137 58 33 vid
1411 1136 118 38 kåren;
1547 1138 52 29 att

95 1200 67 31 han
180 1199 58 32 vid
258 1197 213 39 fullgörande
491 1208 42 20 av
554 1196 72 32 sina
645 1193 311 40 tjänståligganden
975 1191 58 32 vid
1052 1190 104 33 kåren
1178 1189 133 32 skickat
1332 1188 53 38 sig
1405 1188 47 38 så,
1473 1190 51 29 att
1543 1197 56 21 an-

95 1250 180 38 märkning
293 1252 68 28 mot
378 1249 118 31 honom
514 1246 74 33 icke
607 1244 228 38 förekommit;
855 1246 86 30 samt
960 1245 51 29 att
1030 1241 61 33 den
1111 1252 42 20 av
1173 1239 180 38 riksdagen
1373 1237 227 33 Johannisson

95 1300 167 38 beviljade
277 1299 188 39 pensionen,
481 1297 106 38 enligt
601 1296 66 32 vad
683 1292 398 41 regementsintendenten
1096 1290 58 33 vid
1169 1290 104 32 kåren
1289 1289 62 32 den
1369 1290 39 31 12
1424 1287 176 33 november

98 1352 83 31 1927
202 1350 176 38 meddelat,
397 1348 57 32 vid
474 1347 144 32 nämnda
639 1344 159 40 tidpunkt
816 1343 74 33 icke
910 1343 105 38 tagits
1035 1342 12 31 i
1067 1340 149 39 anspråk
1236 1352 42 20 av
1299 1339 237 33 Johannisson.

141 1400 224 33 Beträffande
385 1398 221 37 utredningen
625 1397 12 31 i
657 1396 112 37 övrigt
789 1395 54 32 får
863 1393 166 33 utskottet
1048 1391 141 33 hänvisa
1208 1391 53 32 till
1281 1389 257 40 propositionen.

143 1497 97 36 Även
265 1499 165 33 utskottet
454 1510 107 26 anser,
587 1500 52 29 att
662 1497 62 32 den
749 1495 227 33 Johannisson
1002 1505 42 20 av
1072 1493 85 32 1920
1183 1492 55 32 års
1265 1490 139 38 riksdag
1429 1488 172 33 tilldelade
1654 1496 125 24 Utskottet.

97 1551 180 40 pensionen
294 1562 136 20 numera
448 1549 74 32 med
536 1548 132 38 hänsyn
686 1546 54 33 till
756 1547 82 31 hans
855 1545 117 39 längre
989 1543 176 39 tjänstetid
1183 1547 37 28 är
1235 1541 63 33 allt
1316 1541 53 33 för
1386 1541 131 38 knappt
1533 1539 68 32 till-

97 1606 96 29 mätt.
230 1602 54 32 Då
300 1601 178 38 riksdagen
496 1600 93 32 förut
603 1599 12 31 i
629 1598 158 32 liknande
803 1597 64 32 fall
883 1597 12 31 i
912 1595 114 33 stället
1041 1595 54 32 för
1109 1593 146 39 tidigare
1271 1591 192 38 tillerkänd,
1480 1602 74 20 men
1572 1590 29 38 ej

98 1652 155 33 tillträdd
273 1652 136 39 pension
427 1650 141 38 beviljat
586 1661 47 27 ny
649 1648 137 40 pension
804 1647 54 33 till
877 1647 102 38 högre
997 1645 119 39 belopp
1135 1644 61 33 och
1215 1643 165 33 utskottet
1397 1642 12 32 1
1430 1642 100 38 fråga
1550 1652 52 21 om

99 1703 168 33 storleken
292 1714 42 20 av
360 1701 55 33 det
438 1699 275 41 pensionsbelopp
740 1698 128 38 Kungl.
894 1697 102 38 Maj:t
1022 1708 45 20 nu
1094 1695 179 38 föreslagit
1298 1694 54 32 för
1377 1692 226 34 Johannisson

99 1753 73 33 icke
194 1753 114 32 funnit
327 1751 179 39 anledning
526 1750 55 33 till
601 1750 144 38 erinran,
766 1749 55 32 får
842 1748 165 33 utskottet
1028 1746 189 38 hemställa,

453 1839 52 29 att
533 1835 128 38 Kungl.
692 1833 119 38 Maj:ts
842 1831 262 39 ifrågavarande
1136 1827 254 40 framställning
1420 1828 54 31 må
1503 1826 102 32 vinna

412 1886 197 39 riksdagens
626 1884 112 33 bifall.

807 2020 89 31 44:0.

146 2101 60 33 Uti
227 2099 149 40 punkten
399 2099 39 31 12
460 2110 42 20 av
523 2095 221 34 förevarande
767 2094 206 40 proposition
995 2105 40 20 nr
1058 2093 63 32 138
1141 2091 62 32 har
1224 2090 129 39 Kungl.
1374 2089 103 39 Maj:t
1498 2088 107 34 slutli-
1686 2095 66 30 Ang.

101 2165 63 27 gen
184 2150 177 39 föreslagit
378 2149 180 39 riksdagen
575 2147 165 38 medgiva,
757 2149 51 29 att
825 2145 128 32 furiren
971 2143 81 33 Carl
1069 2142 111 33 Arvid
1198 2141 132 33 Adrian
1348 2140 183 38 Holmberg
1551 2139 55 31 må
1613 2128 204 67 EG

102 2204 78 32 från
193 2202 61 33 och
268 2201 73 33 med
357 2199 161 33 månaden
535 2202 76 29 näst
624 2198 87 32 efter
728 2197 71 39 den,
815 2195 167 33 varunder
997 2195 66 31 han
1079 2192 187 39 entledigas
1283 2192 78 32 från
1378 2191 62 33 den
1458 2189 202 33 förråds-"A.
1679 2195 140 32 Holmberg.

101 2250 415 39 vaktmästarbefattning,
543 2249 66 32 han
636 2249 55 32 för
717 2246 208 33 närvarande
952 2244 208 40 uppehåller,
1187 2242 105 34 under
1319 2242 51 33 sin
1398 2240 209 34 återstående

102 2304 117 33 livstid
240 2304 20 32 å
280 2303 169 32 allmänna
469 2299 335 39 indragningsstaten
826 2297 152 39 uppbära
997 2317 46 4 —
1064 2296 12 31 i
1100 2294 115 33 stället
1238 2294 54 32 för
1313 2294 118 32 honom
1454 2304 43 20 av
1520 2292 86 32 1916

102 2356 56 32 års
178 2355 139 37 riksdag
335 2352 175 34 tillerkänt
525 2349 276 41 pensionsbelopp
822 2360 42 21 av
885 2349 64 32 300
967 2347 122 32 kronor
1105 2367 45 4 —
1168 2357 40 21 en
1229 2344 88 39 årlig
1337 2343 136 40 pension
1493 2342 55 33 till
1569 2343 38 32 så

103 2409 86 29 stort
205 2405 130 39 belopp,
353 2407 52 29 att
422 2403 201 37 densamma,
641 2400 115 33 tillika
773 2400 73 32 med
864 2399 118 32 honom
1002 2396 253 34 tillkommande
1275 2395 125 39 gratial
1420 2394 77 32 från
1516 2393 90 32 Vad-

103 2460 95 29 stena
213 2453 369 41 krigsmanshuskassa,
600 2452 134 38 uppgår
752 2451 53 32 till
825 2449 225 38 sammanlagt
1069 2448 96 39 1,260
1184 2447 132 33 kronor.
