1876 2820
109 2234 126 25 Utskottet.

288 129 40 31 48
745 130 281 30 Bankoutskottets
1048 132 162 28 utlåtande
1231 132 48 28 Nr
1304 137 49 26 30.

334 215 48 33 På
407 215 209 38 grundvalen
642 227 42 20 av
709 215 62 33 den
796 216 141 32 sålunda
961 216 232 39 föreliggande
1218 218 220 38 utredningen
1460 219 12 31 i
1498 219 135 32 ärendet
1655 220 141 35 anförde

290 264 276 34 bankoutskottet
583 266 11 32 i
614 265 173 33 utlåtande
806 266 60 32 den
884 267 40 31 22
943 267 89 38 april
1051 268 82 32 1927
1158 266 56 40 (nr
1234 269 51 38 36,
1302 268 148 38 punkten
1470 269 58 40 76)
1551 269 163 38 följande:

335 316 77 32 »Av
429 316 222 39 utredningen
667 316 11 32 1
696 316 135 33 ärendet
850 317 162 38 framgår.
1029 320 51 29 att
1096 317 190 33 Lindström
1303 318 57 32 vid
1376 319 119 33 endast
1512 320 154 38 omkring
1682 322 41 31 47
1742 323 54 32 års

289 366 93 32 ålder
404 365 88 38 själv
515 365 118 39 begärt
654 367 61 31 och
735 366 136 33 erhållit
891 367 127 33 avsked
1039 368 77 32 från
1137 369 51 31 sin
1211 369 207 38 anställning
1439 370 57 32 vid
1519 370 141 33 flottans
1681 383 84 20 varv
1784 373 12 32 i

293 415 222 40 Karlskrona,
541 416 117 33 oaktat
680 417 68 32 han
772 417 44 38 på
840 418 110 37 grund
972 429 43 21 av
1041 418 128 39 Kungl.
1193 419 119 38 Maj:ts
1335 419 109 33 beslut
1468 420 63 32 den
1555 422 18 31 9
1597 433 88 20 mars
1712 423 84 32 1923

289 466 83 33 hade
392 466 186 32 kännedom
599 479 62 27 om,
680 471 52 28 att
750 467 66 32 han
835 468 86 32 efter
941 468 159 33 avskedet
1119 469 72 32 icke
1210 469 110 33 kunde
1339 470 152 38 påräkna
1510 472 147 37 pension.
1677 472 119 33 Utred-

289 516 122 38 ningen
427 517 93 32 visar
537 517 174 39 därjämte,
729 521 52 29 att
797 517 191 33 Lindström
1006 518 124 33 varken
1146 520 12 31 i
1175 520 100 37 fråga
1293 532 50 20 om
1359 520 179 33 levnadsår
1554 522 81 32 eller
1650 521 146 39 tjänstår

288 566 176 39 uppfyller
487 567 161 38 stadgade
668 568 125 32 villkor
815 568 54 32 för
888 568 192 33 erhållande
1101 581 42 20 av
1162 570 137 38 pension
1320 571 107 32 såsom
1448 571 181 38 daglönare
1651 572 57 33 vid
1729 584 66 22 ma-

288 617 103 31 rinen.
412 617 114 32 Under
545 617 125 33 sådana
690 618 234 33 förhållanden
944 619 59 32 bör
1024 619 54 32 det
1096 620 106 38 enligt
1222 620 180 33 utskottets
1420 622 136 38 mening
1575 622 73 33 icke
1666 623 129 38 ifråga-

288 666 143 41 komma,
457 671 52 29 att
535 667 192 33 Lindström
753 668 109 33 skulle
888 669 141 38 beviljas
1057 670 136 38 pension
1219 682 42 21 av
1288 672 204 33 statsmedel.
1542 673 173 33 Utskottet
1739 685 56 21 av-

288 717 135 38 styrker
441 718 103 32 alltså
563 718 100 32 bifall
683 719 54 31 till
757 719 262 33 motionärernas
1041 720 161 38 förslag.»

333 767 173 33 Utskottet
530 768 207 40 hemställde,
763 772 52 29 att
838 770 38 32 de
898 770 123 32 väckta
1045 771 203 32 motionerna
1271 772 73 32 icke
1368 773 105 32 måtte
1497 773 54 32 till
1574 775 109 37 någon
1710 774 84 33 riks-

290 817 124 39 dagens
433 819 122 38 åtgärd
574 818 186 34 föranleda.
800 820 19 32 I
837 832 38 20 en
894 820 58 33 vid
970 820 181 33 utskottets
1170 822 173 33 utlåtande
1364 823 103 38 fogad
1488 825 203 31 reservation
1710 825 84 33 före-

287 868 90 39 slogs
401 869 195 39 emellertid,
620 873 51 28 att
694 869 180 39 riksdagen
896 871 12 31 i
931 871 180 39 anledning
1133 884 43 20 av
1199 873 204 32 motionerna
1426 874 105 32 måtte
1554 875 164 41 medgiva,
1744 879 50 29 att

288 918 89 33 förre
399 918 203 39 daglönaren
623 919 193 34 Lindström
836 921 103 33 måtte
960 922 78 32 från
1060 923 60 32 och
1140 923 74 32 med
1236 923 60 32 den
1319 925 16 30 1
1357 923 134 38 januari
1514 926 82 31 1927
1619 926 104 32 under
1743 926 51 32 sin

288 969 211 33 återstående
527 969 116 34 livstid
673 971 19 31 å
723 971 169 33 allmänna
922 972 332 39 indragningsstaten
1283 974 151 38 uppbära
1465 978 48 29 ett
1543 975 104 39 årligt
1675 976 118 33 under-

287 1020 74 32 stöd
381 1031 43 21 av
447 1021 62 32 600
531 1020 132 33 kronor.

330 1068 67 34 Vid
421 1070 140 38 frågans
582 1070 203 39 behandling
805 1071 87 32 inom
913 1071 180 33 kamrarna
1113 1072 98 33 biföll
1236 1074 106 32 första
1362 1074 194 34 kammaren
1577 1077 65 32 vad
1664 1077 128 32 utskot-

286 1122 48 30 tet
352 1120 183 39 hemställt,
554 1121 118 32 medan
691 1122 105 31 andra
813 1121 193 33 kammaren
1025 1123 99 32 biföll
1144 1124 61 31 den
1223 1124 57 32 vid
1298 1125 189 33 utlåtandet
1506 1126 121 39 fogade
1647 1139 146 21 reserva-

286 1169 121 33 tionen.
448 1171 69 32 Vid
538 1170 148 33 därefter
707 1171 173 39 företagen
900 1184 188 26 gemensam
1108 1175 206 38 omröstning
1332 1175 105 33 beslöt
1457 1176 180 39 riksdagen
1658 1178 12 31 i
1690 1178 103 38 enlig-

286 1219 56 34 het
359 1220 74 33 med
453 1220 181 34 utskottets
654 1222 141 38 förslag.

329 1329 18 32 I
367 1329 39 33 de
424 1330 58 33 vid
501 1330 223 34 innevarande
744 1331 139 39 riksdag
903 1332 123 32 väckta
1044 1333 204 33 motionerna
1266 1334 60 32 har
1345 1335 177 39 åberopats
1542 1340 47 29 ett
1608 1349 43 20 av
1670 1338 121 32 marin-

285 1378 138 34 läkaren
444 1380 36 33 J.
502 1381 232 38 Torgersruud
756 1382 145 40 avgivet,
925 1383 60 32 den
1009 1384 40 32 10
1071 1383 132 38 januari
1225 1386 83 32 1928
1332 1385 203 39 dagtecknat
1556 1387 109 39 intyg,
1686 1388 108 32 vilket

286 1434 37 28 är
341 1442 43 20 av
404 1430 150 39 följande
573 1431 143 39 lydelse:

331 1488 86 33 »Att
441 1490 26 32 f£.
493 1490 31 32 d.
550 1489 204 39 daglönaren
781 1489 167 41 (förman)
977 1493 58 32 vid
1058 1492 220 34 kronovarvet
1303 1495 112 32 Johan
1441 1496 124 32 Alfred
1589 1497 203 38 Lindström,

286 1542 68 21 som
377 1531 61 32 den
464 1533 18 31 6
503 1533 89 37 april
616 1534 85 31 1923
724 1533 143 38 begärde
892 1535 60 32 sitt
973 1535 231 38 entledigande
1227 1537 77 31 från
1325 1538 144 32 nämnda
1492 1538 191 38 befattning
1706 1540 87 31 efter

288 1574 39 31 21
352 1574 55 32 års
431 1573 228 40 tjänstgöring
683 1576 12 31 i
718 1575 145 33 kronans
887 1576 116 40 tjänst,
1027 1577 114 38 gjorde
1164 1579 91 32 detta
1281 1580 101 31 under
1406 1592 39 20 en
1468 1580 170 39 tidpunkt,
1663 1582 42 31 då
1727 1582 66 31 han

286 1615 30 38 ej
335 1628 61 20 var
415 1616 210 39 tillräknelig
643 1618 54 32 för
717 1618 73 32 sina
808 1618 217 40 handlingar;
1044 1623 50 29 att
1110 1620 58 38 jag
1185 1621 58 32 vid
1262 1622 121 37 många
1402 1622 162 33 tillfällen
1583 1623 104 32 under
1706 1624 86 31 flera

288 1658 38 32 år
353 1659 204 32 omedelbart
586 1660 71 32 före
686 1660 306 39 avskedstagandet
1021 1662 178 33 behandlat
1227 1664 116 32 honom
1374 1665 68 32 dels
1472 1665 54 32 för
1565 1666 227 37 reumathism,

287 1700 69 33 dels
375 1701 54 32 för
445 1701 160 39 psychos;
623 1702 62 32 allt
705 1702 91 33 detta
814 1703 137 39 intygas
970 1705 44 37 på
1032 1705 98 32 heder
1148 1706 60 31 och
1226 1710 176 28 samvete.»

328 1784 49 33 På
399 1785 159 33 anhållan
579 1798 42 20 av
642 1786 166 33 utskottet
829 1787 62 33 har
910 1788 344 39 medicinalstyrelsen
1275 1790 182 33 anbefallts
1480 1795 52 28 att
1551 1792 54 32 till
1627 1792 165 32 utskottet

284 1834 168 34 inkomma
470 1836 74 32 med
564 1837 172 33 utlåtande
758 1838 138 32 rörande
914 1839 13 31 i
945 1839 144 32 nämnda
1108 1839 196 40 läkarintyg
1324 1841 138 33 berörda
1485 1842 243 34 förhållanden.

329 1885 18 32 I
370 1898 39 20 en
430 1887 75 32 med
527 1886 181 40 anledning
729 1888 107 32 härav
858 1889 54 31 till
932 1889 166 33 utskottet
1119 1890 135 38 ingiven
1277 1890 159 34 skrivelse
1459 1892 62 32 har
1542 1893 248 38 medicinalsty-

286 1935 105 33 relsen
409 1955 45 4 —
472 1949 69 20 som
559 1937 168 34 infordrat
746 1939 60 31 och
826 1939 67 32 fått
910 1943 151 35 mottaga
1080 1943 47 29 ett
1144 1941 57 32 vid
1221 1941 181 33 skrivelsen
1422 1942 98 39 fogat
1537 1943 157 38 yttrande
1713 1944 78 32 från

286 1987 248 32 marinläkaren
551 1988 233 39 Torgersruud
800 2009 44 3 —
858 1990 86 32 efter
959 1994 51 28 att
1027 1991 85 32 hava
1128 1992 88 37 tagit
1231 1992 263 39 handlingarnas
1510 1993 148 33 innehåll
1673 1994 12 31 i
1700 1999 91 28 över-

286 2037 152 39 vägande
457 2038 132 38 avgivit
608 2039 55 32 det
681 2039 199 40 utlåtandet,
901 2044 73 29 »att
993 2041 89 33 förre
1103 2041 202 39 daglönaren
1324 2043 55 32 vid
1399 2043 222 33 kronovarvet
1640 2045 12 31 i
1672 2045 119 32 Karls-

285 2087 105 33 krona
411 2088 112 32 Johan
544 2089 123 32 Alfred
687 2089 191 33 Lindström
898 2090 76 33 lidit
993 2103 43 20 av
1055 2092 265 38 sinnessjukdom
1339 2093 57 32 vid
1417 2094 61 32 den
1499 2094 59 40 tid,
1580 2095 61 32 den
1663 2096 18 32 6
1702 2095 89 39 april

288 2139 95 38 1923,
405 2138 42 32 då
466 2139 66 32 han
553 2139 144 38 begärde
718 2140 60 32 sitt
798 2140 233 39 entledigande
1053 2142 76 32 från
1149 2143 144 32 nämnda
1312 2144 226 39 befattning».

327 2239 76 32 Med
422 2239 132 39 hänsyn
573 2240 53 32 till
645 2241 65 32 vad
729 2253 136 20 numera
883 2241 99 33 blivit
1000 2242 139 39 upplyst
1158 2243 12 32 i
1190 2244 134 32 ärendet
1344 2244 60 33 har
1422 2245 166 33 utskottet
1607 2250 110 29 ansett
1735 2247 52 38 sig

284 2289 79 33 böra
387 2290 146 38 förorda,
557 2294 50 29 att
629 2291 181 33 understöd
834 2292 54 32 till
913 2292 55 32 det
990 2293 12 31 i
1027 2293 203 33 motionerna
1256 2294 192 39 föreslagna
1471 2296 154 39 beloppet
1648 2297 140 38 beviljas

285 2339 202 34 Lindström.
534 2341 103 32 Detta
663 2341 190 40 understöd,
879 2342 107 33 vilket
1011 2346 96 35 synts
1130 2344 165 33 utskottet
1320 2345 153 39 skäligen
1498 2346 79 33 böra
1603 2348 82 37 utgå
1711 2348 78 32 från

286 2390 60 32 och
366 2390 74 32 med
460 2391 168 38 ingången
649 2403 42 20 av
711 2392 38 32 år
771 2393 82 32 1927
874 2393 104 32 under
999 2393 209 34 Lindströms
1229 2395 206 34 återstående
1455 2397 127 39 livstid,
1602 2398 87 32 lärer
1710 2398 79 33 böra

284 2439 139 39 beviljas
448 2442 20 31 å
494 2441 169 33 allmänna
688 2442 345 39 indragningsstaten.
