1882 2818
90 1394 125 26 Utskottet.

115 1902 66 31 Ang.

67 1934 160 33 tilläggspen-

70 1968 57 25 sion
145 1970 25 23 ål
187 1970 41 23 två

54 2001 183 32 förutvarande

61 2035 163 31 flaggunder-

56 2069 129 32 officerare
197 2069 43 24 vid

97 2104 99 31 flottan.

272 138 40 31 30
728 142 280 31 Bankoutskottets
1030 146 162 29 utlåtande
1214 147 48 28 Nr
1286 151 50 26 30.

318 225 28 37 I
360 225 167 39 egenskap
550 238 43 20 av
615 226 419 39 rullföringsbefälhavare
1057 230 54 32 för
1136 230 199 34 Sundsvalls
1358 236 90 30 östra
1472 234 306 39 rullföringsområ-

275 266 39 33 de
336 279 40 20 nr
397 269 40 31 66
458 268 126 38 åtnjöte
603 268 111 33 Tottie
736 269 54 32 för
810 271 207 33 närvarande
1038 276 48 28 ett
1106 273 104 38 årligt
1230 274 123 33 arvode
1374 286 43 21 av
1438 277 98 37 3,180
1556 277 121 33 kronor
1696 278 83 38 jäm-

273 311 32 29 te
323 308 260 40 dyrtidstillägg
599 310 106 39 enligt
721 310 158 39 gällande
896 313 146 38 grunder
1061 314 53 33 för
1132 315 335 39 befattningshavare
1486 319 12 31 i
1517 322 125 30 statens
1660 320 117 38 tjänst.

317 351 125 33 Därest
462 351 111 33 Tottie
593 353 171 33 kvarstått
783 354 12 32 i
815 354 105 38 tjänst
941 356 108 32 såsom
1068 356 123 39 kapten
1213 358 54 32 till
1287 358 62 33 den
1371 360 40 31 22
1433 360 63 37 juli
1519 362 84 33 1909
1624 361 80 33 eller
1721 357 56 48 yt-

273 393 161 39 terligare
452 395 17 31 2
489 395 38 31 år
544 396 38 31 11
600 396 159 32 månader
778 397 40 32 18
838 397 115 39 dagar,
970 398 85 33 hade
1072 399 65 32 han
1156 400 77 32 från
1251 400 61 33 och
1329 401 73 33 med
1421 402 61 32 den
1501 405 16 29 1
1536 405 136 37 augusti
1691 405 86 34 1909

271 436 91 32 varit
382 436 192 38 berättigad
594 441 52 29 att
666 438 153 32 tillträda
841 451 39 20 en
902 440 87 38 årlig
1011 441 136 37 pension
1168 454 42 20 av
1233 443 97 37 2,720
1351 443 131 40 kronor,
1504 445 113 33 vilken
1639 447 137 38 pension

271 476 138 38 Jämlikt
425 478 222 39 kungörelsen
665 480 61 32 den
745 482 40 31 18
801 481 72 37 juni
892 483 82 32 1925
993 483 75 32 med
1084 483 250 34 bestämmelser
1351 497 50 20 om
1420 498 47 26 ny
1484 488 136 37 pension
1638 489 53 32 för
1709 489 66 33 vis-

273 530 36 21 sa
327 520 238 37 pensionerade
584 521 25 33 f.
628 522 31 33 d.
679 522 334 39 befattningshavare
1031 525 12 31 i
1062 528 125 30 statens
1206 526 107 38 tjänst
1331 539 43 22 m.
1394 528 39 33 fl.
1452 529 213 38 pensionärer
1684 530 91 33 skul-

270 561 33 74 je
320 562 140 33 kommit
477 566 52 29 att
546 563 77 32 från
640 564 59 32 och
715 565 75 32 med
809 565 62 32 den
889 567 16 30 1
923 566 63 38 juli
1005 568 84 32 1925
1108 569 82 37 utgå
1207 569 74 32 med
1299 573 48 29 ett
1364 570 103 38 årligt
1483 571 119 39 belopp
1619 584 41 20 av
1678 574 98 37 3,852

297 615 106 21 ronor.

315 646 69 32 Till
402 647 73 32 stöd
494 647 54 32 för
564 648 51 32 sin
634 648 253 39 framställning
905 649 84 34 hade
1009 651 167 33 sökanden
1195 652 125 40 anfört,
1340 657 51 29 att
1408 654 65 32 han
1492 655 87 33 efter
1598 657 176 38 avgången

270 687 79 33 från
370 688 51 32 sin
442 689 193 39 befattning
656 691 107 32 såsom
786 691 418 39 rullföringsbefälhavare
1225 695 213 34 uteslutande
1459 697 85 33 hade
1566 698 51 32 sin
1636 699 138 37 pension

270 730 19 31 å&
308 731 63 32 900
391 730 123 33 kronor
532 732 54 32 för
607 733 37 31 år
663 733 54 31 till
736 733 244 39 livsuppehälle
1000 736 36 31 åt
1056 736 53 38 sig
1129 737 59 31 och
1209 737 52 32 sin
1281 737 129 33 hustru.

314 772 54 32 Då
395 773 168 33 sökanden
588 774 165 33 alltsedan
780 776 61 32 den
868 778 17 31 5
913 777 175 32 november
1113 779 83 32 1919
1224 780 61 31 och
1312 780 212 34 fortfarande
1551 782 222 39 tjänstgjorde

270 814 109 33 såsom
402 815 420 39 rullföringsbefälhavare
845 818 60 32 och
928 818 106 33 denna
1056 820 176 37 tjänstetid
1256 825 115 35 syntes
1394 822 112 33 kunna
1530 829 156 34 uppväga
1710 825 63 33 den

269 856 54 33 för
343 857 168 33 sökanden
533 858 54 32 för
608 862 67 29 rätt
695 859 54 32 till
768 859 88 34 fulla
877 861 326 37 pensionsförmåner
1223 863 108 33 såsom
1351 863 123 39 kapten
1495 865 170 34 bristande
1685 867 87 38 tjän-

270 899 101 32 stetid
385 911 43 20 av
443 900 17 31 2
476 900 38 32 år
529 901 38 31 11
585 901 157 32 månader
759 903 40 31 18
813 902 116 39 dagar,
946 903 102 33 funne
1063 904 53 38 sig
1131 904 207 34 direktionen
1353 906 79 32 böra
1448 907 108 32 såsom
1573 908 126 39 skäligt
1712 910 61 32 och

267 940 115 39 billigt
400 941 188 40 hemställa,
608 946 51 29 att
678 943 168 34 sökanden
868 945 77 32 från
964 946 60 32 och
1044 947 74 32 med
1137 947 107 38 dagen
1264 952 78 28 näst
1361 949 86 32 efter
1467 950 50 31 sin
1538 951 133 38 avgång
1693 951 78 32 från

267 983 148 37 tjänsten
442 985 109 31 såsom
577 985 418 39 rullföringsbefälhavare
1022 988 155 33 bereddes
1204 1002 38 20 en
1271 990 88 38 årlig
1385 991 280 39 tilläggspension
1693 993 78 32 från

267 1025 169 33 allmänna
453 1026 334 39 indragningsstaten
805 1041 42 20 av
866 1030 95 37 2,952
980 1030 132 40 kronor,
1130 1031 80 32 eller
1229 1032 189 33 skillnaden
1437 1034 123 32 mellan
1580 1035 60 32 den
1660 1035 111 38 årliga

267 1068 330 37 pensionsförmånen
621 1070 54 32 för
696 1082 39 20 en
756 1071 38 31 år
818 1071 83 33 1909
923 1072 12 31 i
957 1073 128 31 normal
1107 1073 49 32 tid
1178 1074 175 38 avgången
1376 1074 124 40 kapten
1523 1088 43 20 av
1590 1077 54 32 1:a
1665 1077 105 38 klass,

267 1110 96 38 3,852
382 1110 132 40 kronor,
533 1112 60 32 och
612 1112 61 32 den
691 1112 54 32 till
764 1112 167 33 sökanden
948 1126 45 19 nu
1011 1115 165 37 utgående
1194 1116 341 40 pensionsförmånen,
1556 1119 63 33 900
1637 1118 133 33 kronor.

311 1184 250 35 Statskontoret
587 1188 61 32 har
674 1188 171 39 tillstyrkt
870 1190 55 32 det
950 1202 42 20 av
1020 1191 206 33 direktionen
1253 1197 77 28 över
1356 1196 129 30 arméns
1513 1195 257 37 pensionskassa

267 1236 193 39 framlagda
481 1238 174 38 förslaget.

310 1287 225 33 Beträffande
556 1289 220 39 utredningen
797 1290 12 32 i
833 1291 110 38 övrigt
965 1291 55 32 får
1042 1292 164 33 utskottet
1228 1293 141 33 hänvisa
1391 1294 54 32 till
1466 1296 258 37 propositionen.

311 1388 75 32 Med
409 1388 131 39 hänsyn
564 1390 54 31 till
640 1391 12 30 i
675 1390 92 32 detta
790 1391 64 32 fall
879 1391 232 39 föreliggande
1135 1393 168 33 särskilda
1327 1395 284 38 omständigheter
1634 1397 60 31 har
1717 1401 51 28 ut-

266 1438 125 33 skottet
411 1439 114 33 funnit
545 1440 52 38 sig
616 1440 79 33 böra
716 1441 132 32 biträda
869 1442 164 39 förslaget
1052 1455 51 20 om
1125 1456 38 20 en
1184 1444 280 39 tilläggspension
1486 1447 34 31 åt
1543 1447 120 33 Tottie.
1706 1447 61 32 Be-

265 1489 175 33 träffande
459 1490 155 38 beloppet
634 1503 42 20 av
697 1491 191 33 densamma
907 1493 61 32 har
988 1493 164 33 utskottet
1170 1494 73 33 icke
1264 1495 78 32 haft
1361 1496 179 38 anledning
1560 1497 54 32 till
1635 1498 132 32 erinran

265 1543 67 28 mot
353 1540 128 38 Kungl.
503 1541 118 38 Maj:ts
643 1542 140 38 förslag.

310 1590 173 33 Utskottet
498 1591 55 32 får
568 1591 141 33 sålunda
725 1593 188 39 hemställa,

618 1680 51 28 att
691 1676 179 39 riksdagen
894 1678 53 32 må
969 1678 121 32 bifalla
1113 1680 128 37 Kungl.
1265 1681 118 38 Maj:ts
1407 1682 218 33 förevarande
1648 1695 117 27 propo-

574 1726 110 33 sition.

971 1830 88 32 32:0.

307 1894 18 31 I
344 1905 39 20 en
403 1894 54 32 till
478 1894 180 38 riksdagen
678 1895 145 39 avlåten,
844 1896 61 32 den
928 1897 40 31 24
989 1897 150 32 februari
1162 1899 84 32 1928
1269 1899 211 39 dagtecknad
1500 1903 204 37 proposition
1724 1916 41 19 nr

264 1944 62 31 124
351 1944 62 32 har
439 1945 129 38 Kungl.
594 1946 111 38 Maj:t,
732 1946 105 32 under
863 1947 207 38 åberopande
1096 1960 42 20 av
1163 1951 247 36 propositionen
1436 1952 109 38 bilagt
1571 1953 123 38 utdrag
1720 1966 44 20 av

262 1995 369 38 statsrådsprotokollet
653 2001 76 27 över
750 1996 294 34 försvarsärenden
1067 1999 53 32 för
1141 2011 125 21 samma
1288 2001 76 39 dag,
1387 2001 177 39 föreslagit
1585 2003 178 39 riksdagen

261 2045 165 38 medgiva,
443 2049 51 28 att
511 2058 39 20 en
568 2058 60 20 var
646 2059 41 19 av
704 2047 455 34 laboratorieföreståndaren
1177 2051 57 31 vid
1253 2051 140 33 flottans
1411 2064 82 20 varv
1511 2053 11 31 i
1541 2054 220 38 Karlskrona,

263 2095 26 32 f.
311 2096 30 31 d.
363 2096 380 40 flaggunderofficeren,
764 2098 290 38 underlöjtnanten
1075 2100 12 31 i
1108 2101 147 32 marinen
1277 2102 146 38 Leopold
1443 2102 167 34 Karlsson
1631 2105 59 31 och
1711 2117 51 19 ar-

264 2145 327 34 betsföreståndaren
620 2147 182 40 därstädes,
833 2149 25 33 f.
888 2149 30 33 d.
947 2150 370 38 flaggunderofficeren
1347 2152 126 40 Gustaf
1501 2154 163 33 Emanuel
1692 2156 69 31 An-

262 2195 136 33 dersson
415 2198 54 30 må
487 2197 77 32 från
582 2198 60 31 och
661 2199 72 31 med
752 2199 161 32 månaden
931 2204 76 28 näst
1025 2201 87 32 efter
1131 2202 71 38 den,
1221 2204 166 31 varunder
1405 2204 63 31 han
1489 2206 106 36 avgår
1614 2206 75 32 från
1709 2207 51 31 sin

259 2247 193 38 befattning
477 2248 107 32 såsom
610 2248 433 35 laboratorieföreståndare
1066 2252 186 38 respektive
1278 2254 354 42 arbetsföreståndare,
1656 2257 105 32 under

261 2297 49 32 sin
330 2298 210 32 återstående
559 2298 116 33 livstid
693 2300 19 31 å
730 2299 169 33 allmänna
918 2301 331 39 indragningsstaten
1269 2304 150 38 uppbära
1439 2317 38 20 en
1498 2306 88 38 årlig
1606 2307 153 38 tilläggs-

259 2348 136 37 pension
414 2349 53 31 till
487 2349 120 32 sådant
624 2349 128 39 belopp,
771 2354 51 28 att
842 2350 82 33 hans
944 2353 251 38 sammanlagda
1215 2355 325 36 pensionsförmåner
1559 2357 130 33 komma
1708 2361 51 29 att

259 2399 115 37 uppgå
392 2399 54 31 till
466 2400 96 37 2,544
580 2399 121 32 kronor
721 2400 53 32 för
794 2401 38 31 år
852 2401 130 33 räknat.
