1902 2820
587 157 274 28 Bankoutskottels
883 155 160 29 utlåtande
1066 155 48 28 Nr
1140 158 49 25 30.
1596 152 40 30 83

132 243 100 32 rande
260 242 521 38 tjänstemannauppsällningen.
829 241 116 31 Redan
972 252 44 19 nu
1042 240 60 32 och
1127 244 39 26 än
1196 251 68 19 mer
1289 239 86 32 inom
1404 239 38 31 de
1468 242 166 28 närmaste

130 285 78 31 åren
230 286 69 31 står
319 297 77 19 man
418 285 90 31 inför
530 284 288 37 nödvändigheten
841 287 51 27 att
914 282 138 37 vidtaga
1072 293 39 20 en
1135 281 187 38 betydande
1345 280 289 39 personalindrag-

130 327 92 37 ning.
265 328 63 30 Ati
346 327 104 32 under
469 327 124 31 sådana
616 326 232 32 förhållanden
869 324 219 33 återanställa
1110 323 222 38 Kjellstrand,
1353 322 105 32 vilket
1477 322 72 32 icke
1568 322 67 32 kan

131 369 58 32 ske
210 370 72 31 med
303 369 126 31 mindre
451 374 40 26 än
511 372 51 28 att
582 380 110 19 annan
712 368 200 36 tjänsteman
933 366 197 38 entledigas,
1153 377 98 26 synes
1273 365 80 37 föga
1373 364 167 38 lämpligt.
1583 364 52 31 En

131 411 103 31 sådan
255 411 120 37 åtgärd
398 410 108 32 skulle
528 410 169 37 nämligen
718 409 158 32 innebära
897 413 50 27 att
968 421 37 19 en
1027 408 73 31 med
1121 408 72 31 sina
1216 407 148 37 göromål
1385 406 55 32 väl
1464 406 171 37 förtrogen

131 453 202 37 tjänsteman
349 453 108 32 skulle
473 455 144 29 ersättas
633 452 72 31 med
724 451 221 37 Kjellstrand,
960 462 78 19 vars
1054 449 271 32 hittillsvarande
1341 448 156 38 speciella
1514 448 121 37 syssel-

131 495 151 37 sättning
299 495 60 31 och
376 494 192 37 utbildning
585 513 45 3 —
647 493 216 36 trafiktjänst
880 512 44 3 —
941 492 110 37 ligger
1071 491 69 31 helt
1159 491 137 31 utanför
1315 493 125 28 statens
1460 490 174 36 Järnvägs-

131 536 213 38 byggnaders
364 535 221 32 verksamhet.
628 535 67 31 Det
715 535 91 31 torde
826 534 125 37 jämväl
973 534 36 31 få
1030 533 140 31 beaktas
1191 536 60 34 alt,
1273 532 41 31 då
1335 532 73 31 med
1429 532 130 36 hänsyn
1582 530 53 31 till

132 579 93 31 förut
242 578 145 37 angivna
407 577 243 38 förhållanden,
670 576 211 37 Kjellstrand
899 576 73 31 icke
991 575 87 31 lärer
1097 574 114 31 kunna
1228 573 151 38 påräkna
1398 585 38 19 en
1455 584 90 19 mera
1562 584 73 19 var-

131 620 97 39 aktig
255 620 209 37 anställning
487 619 57 32 vid
572 622 126 28 statens
724 617 360 39 järnvägsbyggnader
1111 617 60 31 och
1200 615 140 32 sålunda
1367 615 87 31 inom
1482 618 48 27 ett
1556 614 80 31 eller

131 666 102 29 annat
254 663 37 31 år
311 662 93 31 torde
424 662 41 31 ha
485 665 50 28 att
554 664 123 29 emotse
696 672 39 20 en
755 659 144 38 förnyad
918 659 227 38 uppsägning,
1166 658 117 31 värdet
1303 669 41 19 av
1364 668 39 20 en
1424 655 211 33 återanställ-

131 705 81 38 ning
233 704 125 38 jämväl
377 716 40 19 ur
436 703 208 38 klagandens
665 714 81 26 egen
766 701 173 39 synpunkt
958 701 94 32 torde
1073 712 82 20 vara
1176 699 228 37 tvivelaktigt.

176 747 265 32 Vidkommande
466 747 71 31 åter
560 745 256 38 möjligheterna
841 748 51 28 att
918 743 119 33 bereda
1063 742 168 33 sökanden
1257 741 206 38 anställning
1488 740 58 32 vid
1570 743 66 29 sta-

131 793 72 29 lens
225 789 207 32 trafikerade
452 788 183 38 järnvägar
657 792 47 33 är,
727 787 107 32 såsom
857 786 101 32 redan
980 788 143 35 nämnts,
1147 796 39 20 en
1208 783 206 38 anställning
1434 783 57 32 vid
1514 781 122 33 trafik-

131 831 220 38 avdelningen
375 831 168 31 utesluten
567 830 44 38 på
633 830 109 37 grund
765 841 42 19 av
831 826 363 40 färgsinnesdefekten.
1240 825 223 32 Beträffande
1487 824 150 32 därefter

131 876 48 29 ett
201 872 208 32 anställande
429 872 57 32 vid
507 883 109 20 annan
639 871 179 37 avdelning
835 870 91 38 inom
948 869 127 37 verket,
1097 869 62 31 har
1179 867 174 38 styrelsen,
1376 867 41 32 då
1439 878 38 20 en
1498 865 138 32 anställ-

131 915 81 38 ning
230 915 61 32 här
310 914 73 32 icke
401 914 67 31 kan
487 914 58 32 ske
562 913 209 32 annorlunda
789 917 41 27 än
848 923 117 26 genom
983 910 235 37 entledigande
1236 921 41 20 av
1295 920 110 20 annan
1423 908 213 37 tjänsteman,

132 957 114 32 funnit
272 956 184 33 sökandens
483 955 238 38 anställnings-
750 955 59 31 och
836 953 261 38 tjänstemeriter
1123 951 73 32 icke
1224 963 81 20 vara
1333 963 41 20 av
1400 949 237 33 beskaffenhet

131 1003 51 29 att
202 999 160 32 motivera
384 999 109 37 någon
513 998 104 32 sådan
638 997 131 38 åtgärd.

176 1042 50 32 På
252 1041 108 39 grund
387 1053 42 20 av
454 1040 66 32 vad
547 1040 141 32 sålunda
714 1039 130 32 anförts
873 1038 55 31 får
956 1037 165 38 styrelsen
1150 1035 176 33 hemställa
1353 1038 52 28 att
1428 1034 208 38 klagandens

133 1083 253 38 framställning
405 1082 73 32 icke
498 1083 104 31 måtte
621 1080 173 33 föranleda
814 1081 109 37 någon
945 1079 129 38 Kungl.
1094 1078 118 38 Maj:ts
1232 1077 152 38 åtgärd.»

176 1159 124 33 Genom
317 1159 109 32 beslut
443 1159 61 32 den
523 1160 15 30 1
556 1158 64 38 juli
639 1158 83 31 1927
742 1157 81 32 fann
840 1155 128 39 Kungl.
985 1154 103 38 Maj:t
1105 1154 61 32 den
1184 1153 118 38 gjorda
1318 1152 229 38 ansökningen
1562 1150 74 33 icke

131 1210 173 33 föranleda
325 1211 109 37 någon
455 1209 128 38 Kungl.
605 1208 119 38 Maj:ts
745 1207 132 38 åtgärd.

175 1286 18 31 I
219 1289 47 29 ett
291 1286 61 32 den
376 1287 18 31 3
420 1284 133 39 januari
580 1284 85 32 1928
689 1282 203 39 dagtecknat
915 1282 99 37 intyg
1039 1281 61 31 har
1125 1279 252 32 komministern
1400 1279 12 30 i
1434 1278 121 37 Porjus
1592 1277 43 32 A.

133 1337 155 38 Löfqvist
314 1336 124 38 anfört,
463 1335 101 32 bland
591 1337 113 35 annat,
731 1337 51 28 att
807 1331 213 39 Kjellstrand
1046 1331 63 32 allt
1136 1330 100 33 sedan
1262 1329 65 32 han
1353 1329 127 32 lämnat
1504 1328 51 32 sin
1582 1339 55 20 an-

132 1386 162 39 ställning
321 1386 57 32 vid
404 1388 126 30 statens
557 1383 361 39 järnvägsbyggnader
945 1382 12 31 i
984 1385 85 28 stort
1096 1384 65 28 sett
1189 1380 88 32 varit
1304 1383 82 28 utan
1413 1379 112 32 arbete
1551 1381 85 29 trots

132 1440 90 29 stora
244 1436 284 38 ansträngningar
551 1438 51 29 att
624 1434 118 32 skaffa
765 1432 119 33 sådant
907 1433 19 31 å
947 1432 105 31 andra
1074 1431 71 32 håll
1169 1434 86 29 samt
1275 1433 51 29 att
1347 1429 94 32 såväl
1461 1429 67 32 han
1549 1428 88 38 själv

131 1500 69 20 som
218 1487 83 33 hans
320 1486 122 39 familj,
459 1485 177 33 bestående
654 1496 42 21 av
712 1484 119 32 hustru
848 1483 61 33 och
926 1486 49 29 tre
993 1481 226 38 minderåriga
1236 1481 92 38 barn,
1345 1481 42 37 på
1405 1480 110 38 grund
1530 1479 105 32 härav

130 1542 86 29 samt
234 1539 12 31 i
265 1537 179 38 anledning
463 1549 42 20 av
523 1536 161 32 hustruns
703 1534 208 33 tillstötande
932 1532 154 39 sjukdom
1106 1532 105 32 under
1232 1531 104 32 denna
1356 1531 50 32 tid
1426 1530 89 32 levat
1535 1530 12 31 i
1566 1533 67 29 sär-

130 1589 88 33 deles
245 1589 98 33 svåra
368 1586 214 34 ekonomiska
606 1585 233 34 förhållanden
865 1589 154 28 ävensom
1042 1586 62 37 att,
1128 1594 52 21 om
1205 1582 72 33 icke
1302 1582 109 38 någon
1436 1580 199 38 förändring

131 1640 54 32 till
212 1640 53 32 det
294 1639 109 32 bättre
431 1638 131 41 skedde,
590 1637 198 32 kommunen
816 1636 12 31 i
854 1647 39 20 en
921 1635 30 38 ej
981 1635 54 31 för
1062 1634 96 37 långt
1186 1633 159 37 avlägsen
1375 1631 140 33 framtid
1542 1631 93 32 bleve

129 1694 148 35 tvungen
296 1693 51 29 att
365 1689 98 32 träda
482 1688 182 38 hjälpande
683 1686 151 33 emellan.

176 1741 55 31 Av
253 1740 247 38 handlingarna
526 1739 153 37 framgår
702 1737 125 39 vidare,
852 1740 51 28 att
930 1735 224 39 Kjellstrand,
1180 1746 68 21 som
1273 1745 117 27 genom
1416 1732 184 39 olycksfall
1624 1731 12 32 i

131 1791 112 33 arbete
260 1791 61 33 den
339 1792 39 31 25
395 1790 87 38 april
500 1790 86 32 1924
603 1788 158 33 drabbats
777 1800 42 20 av
836 1787 106 32 skada
963 1785 217 40 (klämskada
1196 1785 19 32 å
1231 1788 137 28 vänstra
1385 1782 117 40 låret),
1518 1782 118 32 härför

131 1841 191 33 tillerkänts
338 1841 146 31 livränta
500 1839 135 39 jämlikt
650 1838 291 33 bestämmelserna
956 1837 12 31 i
985 1836 157 38 gällande
1160 1833 475 41 olycksfallsförsäkringslag

130 1893 74 32 med
229 1893 61 31 160
314 1891 122 32 kronor
458 1890 140 39 årligen,
623 1889 232 32 motsvarande
879 1900 39 22 en
940 1887 217 37 nedsättning
1181 1887 11 31 i
1215 1885 289 38 arbetsförmågan
1528 1896 43 20 av
1595 1884 41 31 10

131 1946 145 36 procent,
298 1946 50 29 att
367 1942 83 38 utgå
470 1941 77 32 från
569 1941 61 32 och
649 1940 70 33 med
743 1940 60 32 den
825 1940 19 31 3
863 1939 70 38 juni
958 1939 96 32 1927.

176 2040 97 35 Även
299 2054 51 21 om
377 2042 54 33 det
457 2041 106 39 enligt
589 2040 182 32 utskottets
797 2039 134 37 mening
956 2038 74 32 med
1057 2037 131 38 hänsyn
1215 2036 53 32 till
1296 2036 230 38 Kjellstrands
1555 2035 81 38 jäm-

132 2093 174 33 förelsevis
327 2093 101 38 långa
450 2090 278 39 anställningstid
748 2089 58 33 vid
826 2092 127 29 statens
973 2087 361 39 järnvägsbyggnader
1365 2087 105 31 måste
1493 2086 144 32 framstå

132 2145 108 32 såsom
279 2143 198 39 beklagligt,
517 2145 51 29 att
606 2142 65 31 han
707 2141 73 32 icke
819 2140 86 32 efter
942 2138 249 39 entledigandet
1233 2138 77 31 från
1352 2137 51 32 sin
1443 2136 195 38 befattning

131 2195 129 32 kunnat
284 2193 137 33 beredas
443 2204 109 21 annan
576 2191 207 39 anställning
807 2191 11 31 i
842 2193 126 30 statens
992 2189 201 38 järnvägars
1217 2188 115 39 tjänst,
1357 2188 88 32 lärer
1468 2187 84 33 dock
1575 2187 61 32 den

132 2244 286 39 omständigheten
439 2247 51 29 att
508 2244 66 31 han
594 2243 30 38 ej
644 2242 129 32 kunnat
789 2241 101 32 vinna
910 2240 105 33 sådan
1033 2239 208 39 anställning
1259 2238 73 33 icke
1353 2238 152 38 skäligen
1523 2237 113 32 kunna

133 2296 184 39 föranleda,
341 2298 51 30 att
414 2295 66 32 han
505 2294 109 33 skulle
638 2292 221 34 tillerkännas
881 2291 137 39 pension
1043 2290 81 33 eller
1147 2290 135 32 därmed
1304 2289 190 38 jämförligt
1519 2288 117 32 under-

132 2347 83 33 stöd.
258 2346 210 39 Kjellstrand
488 2344 177 40 uppfyller
684 2344 168 38 nämligen
871 2343 83 40 icke,
975 2354 79 20 vare
1075 2342 52 37 sig
1149 2340 215 33 beträffande
1385 2340 150 32 levnads-
1557 2339 83 32 eller

131 2398 210 38 tjänstålder,
362 2397 38 33 de
418 2396 286 38 förutsättningar
722 2406 68 21 som
809 2394 155 38 rimligen
985 2393 80 32 böra
1085 2392 92 38 gälla
1197 2392 54 31 för
1269 2390 188 38 beviljande
1477 2402 42 20 av
1540 2389 97 39 dylik

132 2448 142 33 förmån.
320 2448 44 38 Ej
387 2447 103 32 heller
512 2446 67 33 kan
604 2446 62 32 den
688 2444 242 40 kroppsskada,
954 2455 70 21 som
1048 2443 66 32 han
1136 2442 11 32 i
1171 2442 145 38 tjänsten
1340 2441 134 38 ådragit
1498 2441 53 37 sig
1574 2440 61 32 och

1690 2047 127 25 Utskottet,
