2224 2612
629 197 411 34 Konstitutionsutskottets
1062 194 167 34 utlåtande
1252 194 52 31 Nr
1327 196 51 29 19.

383 311 140 41 (Kungl.
547 309 121 42 Maj:ts
682 308 155 42 förslag.)
1222 303 198 41 (Utskottets
1434 301 159 41 förslag.)

311 390 17 36 I
369 389 94 47 stad,
506 388 66 37 där
613 385 343 48 stadsfullmäktige
984 384 80 37 icke
1092 383 135 46 finnas,
1256 381 227 37 tillkommer
1511 379 188 36 allmänna
1726 376 83 37 råd-

211 449 138 42 stugan
376 440 347 38 beslutanderätten
751 438 11 36 i
791 437 152 37 stadens
972 437 72 35 alla
1072 446 284 38 gemensamma
1376 431 328 50 angelägenheter.

314 493 69 37 Om
423 493 59 36 val
511 505 48 23 av
587 491 300 48 landstingsmän
915 494 97 43 samt
1042 500 45 23 av
1115 486 253 37 nämndemän
1395 489 42 31 är
1465 483 152 36 särskilt
1645 481 162 48 stadgat.

956 573 21 50 8
1010 575 57 34 13.

314 648 112 37 Mom.
471 649 34 33 2.
562 644 257 49 Röstlängden
861 643 95 37 skall
990 646 126 33 senast
1145 641 72 36 den
1246 641 47 34 30
1318 639 85 49 juni
1431 650 90 24 vara
1550 635 143 38 avsänd
1723 635 88 36 eller

213 699 198 38 avlämnad
452 699 57 36 till
550 698 258 48 magistraten,
852 695 66 36 där
959 694 122 37 denna
1118 693 32 49 ej
1182 692 96 49 själv
1305 690 198 37 verkställt
1530 687 279 51 upprättandet.

213 753 81 36 Vad
331 752 11 36 i
381 753 103 46 lagen
513 764 55 23 om
595 750 61 36 val
684 749 55 36 till
769 748 192 48 riksdagen
994 745 154 48 stadgas
1181 757 61 23 om
1274 741 218 50 röstlängds
1525 738 286 50 framläggande

212 805 55 36 till
295 803 236 50 granskning
559 801 70 37 och
658 814 59 23 om
745 799 227 48 kungörelse
1001 798 140 45 därom,
1172 809 59 23 om
1251 793 272 38 underrättelse
1542 792 57 36 till
1619 803 191 38 personer,

212 870 81 23 som
334 856 12 35 i
385 854 167 49 längden
593 852 196 50 upptagits
818 854 123 39 såsom
969 850 81 36 icke
1078 846 333 49 röstberättigade,
1441 858 59 23 om
1531 842 281 38 framställande

214 922 46 23 av
302 906 294 48 anmärkningar
636 910 79 30 mot
742 903 166 49 längden
937 902 71 36 och
1037 914 60 23 om
1126 898 270 38 underrättelse
1424 897 56 36 till
1509 895 84 47 den,
1622 900 78 31 mot
1727 907 85 23 vars

213 964 153 33 rösträtt
408 957 253 47 anmärkning
675 942 17 66 .
702 955 234 46 framställts,
965 966 61 24 om
1054 951 192 51 prövning
1274 964 46 22 av
1349 949 141 36 sådana
1518 946 295 47 anmärkningar

215 1017 96 32 samt
352 1024 60 23 om
440 1009 188 49 längdens
653 1007 191 50 justering
873 1011 178 31 ävensom
1081 1017 60 23 om
1171 1003 136 48 klagan
1339 1006 90 32 över
1456 1000 266 48 magistratens
1751 998 62 36 be-

214 1064 75 36 slut
318 1063 97 36 skall
444 1067 73 42 äga
545 1059 266 38 motsvarande
839 1057 253 49 tillämpning.

961 1142 22 50 $
1015 1145 57 34 14.

317 1217 111 36 Mom.
464 1218 31 33 1.

552 1215 150 36 Allmän
729 1213 184 48 rådstuga
941 1212 116 35 hålles
1085 1210 100 35 inför
1213 1208 246 48 magistraten
1489 1210 19 32 å
1536 1205 178 36 rådhuset
1733 1204 83 36 eller

217 1270 24 36 å
268 1282 122 23 annan
420 1267 104 44 lokal,
555 1279 74 24 som
657 1265 230 49 magistraten
909 1265 65 48 för
1016 1261 207 37 ändamålet
1250 1261 218 44 bestämmer,
1498 1257 69 37 och
1596 1257 107 35 skola
1731 1255 84 36 dess

217 1320 283 48 förhandlingar
528 1331 89 23 vara
645 1316 204 49 offentliga.

319 1372 112 36 Mom.
454 1373 33 34 2.
523 1370 149 36 Allmän
690 1368 183 48 rådstuga
893 1366 95 37 skall

217 1424 117 36 hållas
371 1424 11 35 i
420 1422 95 47 stad,
545 1421 66 36 där
647 1419 344 47 stadsfullmäktige

217 1476 133 47 finnas,
392 1476 114 35 under
548 1474 95 36 tiden
676 1472 95 50 från
812 1472 59 36 och
914 1471 79 35 med

218 1530 66 34 den
312 1529 50 35 16
381 1526 196 49 "september
603 1525 54 36 till
677 1525 60 36 och
757 1524 78 36 med
855 1524 67 35 den
941 1523 52 36 20

219 1581 136 36 oktober
387 1579 45 36 de
467 1582 51 42 år,
548 1577 46 36 då
630 1575 237 49 fullmäktige
900 1574 92 36 böra

219 1631 135 49 väljas;
376 1643 84 23 men
480 1630 12 35 i
512 1629 94 46 stad,
623 1628 67 36 där
709 1626 282 38 stadsfullmäk-

219 1683 77 48 tige
337 1682 81 36 icke
459 1681 133 46 finnas,
621 1680 103 47 varje
763 1681 38 33 år
832 1678 55 35 uti
916 1677 73 48 maj

219 1734 147 47 månad,
395 1733 59 36 för
491 1737 54 31 att
573 1731 143 36 besluta
745 1730 11 35 i
784 1728 208 48 anledning

220 1800 46 22 av
294 1784 224 38 berättelsen
548 1796 59 23 om
641 1780 227 50 föregående
897 1783 97 33 årets

220 1837 255 48 räkenskaper
512 1835 70 36 och
619 1833 246 48 förvaltning;
896 1839 96 28 samt

221 1890 52 36 uti
310 1887 195 38 december
542 1887 57 35 för
636 1884 283 38 bestämmånde
948 1896 44 23 av

221 1941 150 36 stadens
395 1939 151 49 utgifts-
567 1938 66 36 och
664 1937 242 36 inkomststat
931 1948 63 22 en-

221 1993 69 47 ligt
314 1991 19 49 $
364 1994 44 33 61
441 1991 69 35 och
539 1990 58 35 för
614 1988 233 37 anställande
868 2000 46 22 av
935 1987 56 35 val

222 2044 54 35 till
296 2044 44 34 de
360 2042 258 46 befattningar
637 2040 100 35 inom
754 2039 238 43 kommunen,

224 2094 98 36 vilka
363 2093 61 36 vid
467 2096 97 32 årets
607 2091 73 36 slut
721 2090 100 35 bliva
860 2088 134 47 lediga,

223 2151 176 31 ävensom
430 2145 57 34 för
517 2143 59 36 val
604 2156 45 22 av
679 2142 192 35 revisorer.

327 2248 93 46 Den,
463 2246 125 35 vilken
622 2249 120 32 såsom
773 2243 162 36 ledamot
965 2255 44 22 av

1145 1364 112 36 Mom.
1280 1365 33 33 2.
1351 1362 151 36 Allmän
1521 1360 182 47 rådstuga
1722 1358 96 37 skall

1045 1416 117 36 hållas
1199 1415 12 36 i
1248 1414 95 47 stad,
1372 1413 67 37 där
1475 1409 343 49 stadsfullmäktige

1046 1469 134 41 finnas,
1222 1468 112 35 under
1376 1466 93 36 tiden
1503 1464 95 50 från
1639 1464 61 35 och
1740 1463 79 35 med

1046 1522 66 34 den
1139 1520 48 36 16
1209 1519 187 48 september
1419 1517 55 36 till
1499 1517 61 36 och
1583 1516 79 35 med
1681 1527 138 24 novem-

1046 1574 58 34 ber
1140 1571 154 36 månads
1331 1570 133 48 utgång
1500 1568 45 36 de
1579 1570 51 44 år,
1660 1567 47 36 då
1735 1566 84 35 full-

1046 1624 170 47 mäktige
1257 1623 91 36 böra
1388 1621 137 48 väljas;
1568 1632 86 23 men
1683 1619 11 35 i
1723 1617 95 46 stad,

1047 1676 65 35 där
1157 1672 349 47 stadsfullmäktige
1556 1670 83 36 icke
1685 1670 134 45 finnas,

1045 1726 103 48 varje
1176 1729 40 32 år
1243 1725 51 35 uti
1323 1724 73 49 maj
1428 1722 148 46 månad,
1597 1722 57 35 för
1682 1726 54 30 att
1758 1720 62 36 be-

1050 1779 97 35 sluta
1175 1778 10 34 i
1214 1776 206 47 anledning
1448 1788 47 22 av
1514 1773 225 37 berättelsen
1759 1784 61 23 om

1048 1828 226 49 föregående
1291 1830 97 33 årets
1403 1825 256 48 räkenskaper
1669 1823 69 37 och
1750 1823 70 36 för-

1049 1881 185 48 valtning;
1264 1885 96 31 samt
1389 1878 54 36 uti
1468 1876 195 37 december
1682 1876 58 35 för
1758 1874 63 37 be-

1049 1932 232 37 stämmande
1316 1944 45 23 av
1390 1930 152 36 stadens
1570 1928 152 48 utgifts-
1752 1926 69 36 och

1048 1985 243 35 inkomststat
1319 1982 118 48 enligt
1471 1980 15 49 &
1512 1983 39 33 61
1584 1979 69 36 och
1681 1980 58 35 för
1758 1992 64 22 an-

1049 2035 182 37 ställande
1261 2047 46 22 av
1336 2034 61 34 val
1425 2033 56 35 till
1501 2032 45 35 de
1566 2030 257 47 befattningar

1051 2088 99 34 inom
1194 2086 240 43 kommunen,
1477 2083 102 35 vilka
1620 2081 62 36 vid
1725 2083 96 33 årets

1049 2138 73 35 slut
1166 2136 100 36 bliva
1307 2135 136 48 lediga,
1473 2139 175 31 ävensom
1680 2132 56 35 för
1764 2130 58 36 val

1049 2203 45 22 av
1124 2188 194 36 revisorer.

1038 2240 330 36 drätselkammare
1397 2238 88 35 eller
1514 2236 107 48 eljest
1651 2240 38 30 är
1717 2234 106 35 redo-

226 2297 325 50 visningsskyldig
579 2296 55 36 till
663 2296 240 45 kommunen,
933 2296 59 33 må
1022 2292 79 37 icke
1129 2292 119 47 väljas
1276 2290 55 36 till
1351 2289 142 36 revisor
1513 2301 45 22 av
1580 2285 242 48 förvaltning,
