1890 2832
546 185 319 33 Bankoutskoltets
884 185 187 33 utlåtande
1091 187 51 32 Nr
1167 186 28 32 4.
1563 190 17 28 1

810 528 59 39 NI
897 527 37 40 4.

579 671 113 24 Ankom
711 671 44 24 till
774 671 163 31 riksdagens
956 672 91 24 kansli
1068 672 53 24 den
1142 674 29 23 31
1192 674 109 30 januari
1323 675 66 23 1928
1408 675 35 23 kl.
1466 676 14 23 2
1500 683 20 16 e.
1542 683 35 16 m.

232 799 190 33 Utlåtande
455 801 12 30 i
498 800 191 37 anledning
723 810 44 22 av
801 801 246 37 fullmäktiges
1075 803 13 30 i
1110 802 214 32 riksbanken
1359 803 264 38 framställning

425 862 58 21 om
516 853 135 31 ändrad
685 853 132 36 lydelse
849 863 44 21 av
928 855 39 29 13
1001 853 64 32 och
1088 855 40 30 25
1152 848 46 42 $$
1220 855 13 30 i
1256 854 103 37 lagen
1382 855 56 36 för
1461 855 162 38 Sveriges

425 904 179 32 riksbank.

158 1033 18 31 IT
199 1043 43 21 en
277 1034 58 31 till
368 1034 288 31 bankoutskottet
680 1034 155 36 avlåten,
861 1034 65 32 den
951 1035 39 31 12
1014 1035 144 36 januari
1183 1037 83 30 1928
1291 1036 218 37 dagtecknad
1533 1038 88 31 skri-

115 1086 93 31 velse
244 1086 90 31 hava
368 1086 227 36 fullmäktige
620 1087 12 29 i
656 1087 215 31 riksbanken
896 1087 191 36 hemställt,
1111 1089 53 29 att
1187 1089 172 31 utskottet
1383 1089 84 31 ville
1491 1090 130 31 föreslå

115 1138 190 36 riksdagen
339 1139 53 30 att
424 1138 54 31 för
512 1139 55 30 sin
591 1138 56 31 del
670 1140 130 36 antaga
824 1139 12 31 i
860 1139 198 31 skrivelsen
1082 1140 135 37 intaget
1241 1141 135 36 förslag
1400 1142 57 30 till
1480 1142 60 36 lag
1564 1152 55 21 om

114 1190 134 31 ändrad
283 1190 133 37 lydelse
450 1200 44 21 av
530 1191 40 30 13
603 1191 63 30 och
699 1192 40 30 25
772 1188 38 38 $$
834 1192 12 30 i
869 1192 103 36 lagen
1008 1191 66 32 den
1108 1193 40 30 12
1172 1193 71 36 maj
1270 1194 83 31 1897
1378 1193 53 31 för
1454 1194 165 37 Sveriges

115 1242 181 31 riksbank.

155 1293 261 37 Fullmäktiges
451 1294 273 37 ifrågavarande
757 1295 134 36 förslag
923 1305 102 21 avser
1049 1306 43 21 en
1115 1296 150 37 höjning
1289 1307 44 21 av
1357 1298 262 37 avbetalnings-

113 1345 213 32 lånefonden
349 1346 79 31 med
452 1356 41 21 en
517 1346 85 31 halv
626 1347 126 36 miljon
769 1347 130 31 kronor
916 1348 80 30 från
1012 1348 183 31 trettionio
1212 1349 63 30 och
1292 1358 44 21 en
1351 1349 85 31 halv
1453 1350 166 36 miljoner

113 1398 128 31 kronor
264 1398 59 31 till
347 1398 110 36 fyrtio
481 1397 166 37 miljoner
670 1399 138 31 kronor.

155 1450 135 31 Tillika
313 1450 93 31 hava
429 1450 238 38 fullmäktige,
691 1450 112 32 under
827 1451 258 38 förutsättning
1109 1454 53 30 att
1178 1453 60 36 lag
1256 1453 160 31 utfärdas
1433 1455 11 30 i
1461 1454 158 37 enlighet

113 1502 77 32 med
225 1502 179 37 förslaget,
438 1502 190 37 hemställt,
661 1504 52 30 att
747 1513 49 21 nu
831 1504 272 36 ifrågavarande
1127 1505 137 36 ökning
1288 1515 44 21 av
1357 1506 262 38 avbetalnings-

111 1554 212 32 lånefonden
358 1555 109 30 måtte
502 1555 59 30 ske
595 1563 126 28 genom
753 1556 205 36 överföring
990 1566 45 22 av
1059 1567 43 21 en
1125 1557 84 31 halv
1235 1557 128 37 miljon
1386 1558 128 32 kronor
1538 1559 80 31 från

111 1607 83 31 1927
218 1607 57 31 års
298 1606 99 32 vinst
419 1606 56 31 till
499 1607 474 37 avbetalningslånefonden.

151 1658 17 31 I
200 1659 57 31 sin
292 1659 144 31 berörda
471 1659 170 32 skrivelse
673 1659 93 31 hava
789 1660 228 36 fullmäktige
1040 1660 57 32 till
1122 1661 77 31 stöd
1223 1661 54 31 för
1300 1662 315 38 framställningen

108 1711 58 30 till
200 1720 43 22 en
275 1711 126 36 början
432 1711 144 36 erinrat,
601 1711 169 32 hurusom
794 1712 13 31 i
831 1712 103 37 lagen
958 1712 55 31 för
1036 1712 162 37 Sveriges
1223 1714 171 31 riksbank
1418 1715 12 30 i
1453 1716 160 36 enlighet

109 1762 77 32 med
210 1763 115 31 beslut
349 1762 62 32 vid
433 1763 151 36 lagtima
607 1764 235 36 riksdagarna
865 1765 85 31 åren
967 1765 213 31 1918—1927
1197 1765 173 38 vidtagits
1387 1767 130 31 sådana
1534 1769 82 31 änd-

109 1815 133 37 ringar,
276 1816 51 30 att
361 1814 67 32 den
452 1815 76 31 däri
552 1815 231 32 omförmälda
806 1816 463 37 avbetalningslånefonden
1292 1819 89 31 efter
1405 1819 93 32 hand
1523 1820 93 37 höjts

109 1867 81 31 från
214 1867 253 31 förutvarande
491 1867 124 37 belopp
639 1868 74 31 tolv
737 1868 63 31 och
825 1878 42 21 en
891 1869 84 31 halv
1000 1869 165 34 miljoner
1188 1870 130 32 kronor
1336 1871 57 31 till
1410 1873 205 31 nuvarande

109 1919 124 37 belopp
257 1919 183 32 trettionio
463 1920 64 31 och
550 1929 43 21 en
616 1920 84 31 halv
724 1920 167 36 miljoner
914 1921 129 31 kronor
1066 1923 90 29 samt
1180 1922 154 32 därefter
1351 1923 120 32 vidare
1487 1925 127 37 anfört,

108 1972 51 30 att
194 1971 77 32 med
304 1971 139 37 hänsyn
475 1972 58 31 till
566 1971 66 32 den
655 1972 157 37 alltjämt
836 1973 121 31 starka
981 1973 303 38 tillströmningen
1307 1985 45 21 av
1376 1977 240 37 ansökningar

108 2033 55 22 om
199 2024 61 30 lån
292 2024 81 31 från
407 2023 114 32 denna
553 2024 84 32 fond
661 2024 229 37 fullmäktige
913 2026 141 37 ansåge,
1078 2028 53 29 att
1154 2026 204 32 densamma
1381 2028 104 32 borde
1508 2031 107 35 ytter-

108 2076 113 36 ligare
256 2075 100 37 höjas
391 2078 166 30 ävensom
589 2077 77 31 med
696 2077 195 37 anledning
917 2078 109 31 härav
1051 2079 193 31 framställt
1268 2089 92 22 ovan
1384 2081 230 32 omförmälda

107 2128 145 36 förslag.

147 2232 247 32 Riksbankens
423 2234 429 36 avbetalningslånefond,
877 2235 78 31 från
980 2235 122 31 vilken
1125 2237 311 37 avbetalningslån
1462 2238 150 37 beviljas

104 2285 286 37 huvudsakligen
416 2286 37 31 åt
476 2286 283 37 näringsidkare,
783 2287 364 37 befattningshavare,
1172 2288 211 33 studerande
1407 2300 45 21 m.
1477 2290 34 31 fl.
1537 2300 73 27 per-

103 2347 101 22 soner
219 2337 13 31 i
249 2347 95 22 mera
358 2339 248 36 anspråkslösa
621 2339 227 32 ekonomiska
867 2339 140 37 villkor,
1025 2341 205 36 tillgodoser
1247 2342 114 36 enligt
1375 2342 67 32 vad
1455 2342 155 32 erfaren-

104 2389 103 32 heten
231 2390 93 36 givit
349 2390 61 32 vid
433 2390 140 32 handen
596 2392 50 30 ett
673 2392 140 36 mycket
830 2392 151 31 allmänt
1000 2393 121 31 behov.
1157 2393 70 32 Vid
1244 2394 125 32 sådant
1386 2394 223 33 förhållande

103 2451 102 22 anser
228 2442 172 32 utskottet
424 2443 12 31 i
459 2443 114 31 likhet
596 2443 78 32 med
697 2444 241 37 fullmäktige,
962 2446 52 30 att
1038 2445 129 31 fonden
1191 2448 90 29 även
1306 2447 240 32 innevarande
1570 2449 43 30 år

110 2504 116 31 Bihang
246 2505 47 26 till
311 2505 176 31 riksdagens
505 2505 147 32 protokoll
672 2506 69 25 1928.
781 2508 15 25 8
815 2509 80 24 saml.
934 2509 15 24 4
969 2509 69 31 häft.
1075 2504 53 30 (Nr
1147 2510 36 31 4.)
1564 2509 13 25 1

1670 2254 136 24 Utskottet.
