2216 2622
425 152 19 31 6
844 147 343 32 Jordbruksutskottets
1210 144 164 33 utlåtande
1397 145 53 31 Nr
1473 145 52 31 74.

384 230 139 36 Finnes
551 227 224 48 lånebelopp
802 239 90 22 vara
920 239 46 22 av
994 223 429 48 hushållningssällskap
1444 222 91 37 eller
1553 221 191 49 landsting
1764 222 219 49 disponerat

383 284 48 46 på
452 286 116 31 annat
586 285 75 31 sätt
681 284 47 31 än
750 277 245 37 förevarande
1014 275 282 38 bestämmelser
1314 274 122 36 tillåta
1455 274 92 35 eller
1566 272 62 37 det
1647 273 152 37 därmed
1819 272 164 37 avsedda

384 333 146 36 arbetet
557 332 83 36 icke
668 343 91 23 vara
787 330 101 35 inom
918 329 72 35 den
1019 341 47 22 av
1094 326 383 49 lantbruksstyrelsen
1506 324 210 36 fastställda
1735 325 54 36 tid
1809 325 175 49 påbörjat

385 384 92 37 eller
504 383 177 44 avslutat,
711 381 94 36 skall
834 380 134 36 sådant
996 378 237 49 lånebelopp,
1263 380 48 46 på
1329 377 170 49 yrkande
1521 389 46 23 av
1585 375 397 50 lantbruksstyrelsen,

385 435 235 37 omedelbart
648 432 223 38 återbetalas
900 445 46 22 av
975 429 473 49 hushållningssällskapet
1476 428 89 36 eller
1593 427 245 47 landstinget.

514 487 37 48 4)
580 486 74 36 För
681 482 432 50 hushållningssällskap
1141 482 91 36 eller
1259 481 194 47 landsting
1480 478 160 49 beviljat
1658 479 61 35 lån
1739 478 84 36 från
1842 479 141 37 fonden

385 539 165 47 åtnjutes
591 536 223 37 räntefrihet
854 535 118 36 första
1001 537 90 44 året,
1119 533 119 36 under
1265 532 117 36 vilket
1409 531 103 36 lånet
1540 530 217 47 innehaves,
1786 544 85 23 men
1899 530 83 37 där-

385 591 95 36 efter
507 589 176 49 erlägges
710 594 58 30 tre
796 592 155 44 procent
980 585 97 48 årlig
1104 589 107 32 ränta
1240 587 21 33 å
1288 582 158 50 oguldet
1464 582 297 49 kapitalbelopp,
1782 581 95 37 dock
1897 582 86 36 med

385 641 221 51 skyldighet
645 640 59 36 för
745 637 432 50 hushållningssällskap
1220 636 92 36 eller
1346 634 196 48 landsting
1570 638 66 41 att,
1665 633 126 36 därest
1818 633 166 37 förfallet

385 693 283 50 kapitalbelopp
696 691 82 36 icke
805 690 101 37 inom
935 688 232 38 föreskriven
1195 687 56 36 tid
1273 686 196 47 inbetalas,
1490 688 22 34 å
1532 685 62 36 det
1613 685 176 36 förfallna
1807 683 178 50 beloppet

386 745 159 48 erlägga
578 757 66 23 sex
675 747 156 46 procent
858 742 97 48 årlig
983 746 109 31 ränta
1121 740 82 36 från
1235 738 289 48 förfallodagen,
1553 737 56 36 till
1636 737 86 36 dess
1746 735 238 50 inbetalning

386 797 97 36 sker.
538 796 70 47 De,
650 808 81 23 som
774 807 45 23 av
860 791 436 49 hushållningssällskap
1337 790 87 36 eller
1465 789 199 48 landsting
1699 788 148 36 erhållit
1880 788 103 36 låne-

386 848 217 46 understöd,
633 846 105 37 skola
765 845 145 49 åtnjuta
939 843 197 38 enahanda
1162 842 233 47 räntefrihet,
1424 854 81 23 som
1535 853 90 36 nyss
1654 844 41 31 är
1719 839 172 49 stadgad,
1913 839 69 37 och

387 903 61 33 må
476 914 47 22 av
552 899 85 36 dem
665 898 84 36 icke
776 897 144 37 fordras
950 897 121 47 högre
1098 900 119 41 ränta,
1247 898 48 31 än
1323 894 13 35 i
1364 893 101 36 detta
1493 898 168 30 moment
1689 891 192 37 bestämts.

518 951 35 49 5)
580 948 321 47 Låneunderstöd,
930 961 81 23 som
1041 960 46 23 av
1110 944 433 49 hushållningssällskap
1564 944 88 36 eller
1670 943 194 48 landsting
1882 943 101 35 med-

387 1003 116 47 delas,
536 1005 61 34 må
624 1007 137 40 utgöra
789 1001 116 47 högst
934 1001 73 34 500
1037 999 137 36 kronor
1201 998 71 36 och
1299 996 119 37 under
1445 995 94 49 inga
1568 995 258 36 förhållanden
1854 997 130 47 uppgå

388 1055 56 36 till
471 1067 80 24 mer
579 1059 47 31 än
656 1052 143 37 hälften
827 1065 46 23 av
901 1051 73 36 den
1003 1049 253 50 uppskattade
1284 1046 371 49 odlingskostnaden.

518 1106 35 48 6)
583 1105 74 36 Vid
680 1104 260 47 beräkningen
960 1116 47 23 av
1026 1102 123 36 denna
1167 1100 163 37 kostnad
1349 1105 192 43 upptagas
1560 1099 103 36 såväl
1683 1098 120 49 själva
1822 1098 162 48 odlings-

388 1158 144 37 arbetet
573 1170 81 24 som
697 1156 72 36 den
810 1154 248 48 erforderliga
1099 1153 222 48 dikningen,
1351 1152 57 35 för
1436 1153 42 34 så
1506 1150 73 36 vitt
1607 1150 31 49 ej
1669 1149 232 49 statsbidrag
1929 1163 55 23 er-

388 1210 126 36 hållits
542 1209 57 36 till
627 1209 227 36 densamma.

521 1260 33 49 7)
582 1261 94 36 Plan
710 1260 69 36 och
808 1257 331 47 kostnadsförslag
1167 1256 59 36 för
1254 1255 231 50 nyodlingen
1515 1253 109 37 skola
1650 1267 92 22 vara
1770 1253 215 48 uppgjorda

388 1327 48 22 av
463 1311 385 49 lantbruksingenjör,
876 1310 271 47 länsagronom
1176 1308 90 36 eller
1287 1320 122 23 annan
1428 1318 152 37 person,
1601 1318 79 24 som
1701 1305 282 47 hushållnings-

388 1365 166 48 sällskap
597 1364 89 36 eller
719 1363 194 48 landsting
941 1360 126 37 därtill
1095 1364 136 45 prövar
1258 1359 231 48 kompetent,
1520 1357 70 36 och
1618 1357 94 36 skall
1741 1357 119 36 denne
1888 1361 96 31 även

389 1417 139 48 avgiva
555 1415 175 50 yttrande
758 1428 60 23 om
848 1414 174 36 markens
1050 1412 225 49 lämplighet
1302 1410 57 36 till
1386 1409 90 37 åker
1504 1408 87 37 med
1619 1407 184 38 avseende
1830 1410 48 46 på
1897 1408 88 36 dess

389 1468 101 36 såväl
519 1467 263 37 beskaffenhet
809 1479 79 23 som
916 1466 99 47 läge.

519 1519 36 49 8)
584 1517 443 49 Hushållningssällskap
1056 1515 89 36 eller
1171 1514 196 48 landsting
1395 1517 92 44 äger
1514 1512 209 37 bestämma
1747 1511 46 37 de
1812 1516 172 31 närmare

389 1571 184 37 villkoren
614 1570 59 36 för
713 1569 220 49 åtnjutande
975 1581 46 23 av
1059 1566 120 50 dylikt
1206 1564 293 38 låneunderstöd
1527 1563 135 37 liksom
1691 1563 71 36 ock
1789 1563 110 47 tillse,
1929 1568 56 31 att

389 1624 63 36 det
479 1623 85 36 med
592 1621 156 49 beviljat
775 1619 289 38 låneunderstöd
1093 1618 166 36 avsedda
1287 1616 173 37 ändamål
1488 1615 146 36 vinnes.

519 1674 36 48 9)
584 1673 74 37 Det
698 1673 149 48 åligger
886 1669 435 49 hushållningssällskap
1358 1668 90 36 eller
1485 1667 207 48 landsting,
1721 1679 80 24 som
1830 1666 156 36 innehar

389 1727 74 47 lån,
493 1731 57 31 att
578 1725 145 48 årligen
750 1725 102 36 inom
880 1723 65 48 tid,
977 1736 81 23 som
1086 1720 382 49 lantbruksstyrelsen
1497 1718 239 47 bestämmer,
1765 1718 58 36 till
1850 1718 134 49 styrel-

390 1791 67 23 sen
494 1778 141 47 avgiva
671 1776 237 49 redogörelse
945 1779 90 32 över
1071 1773 248 36 lånerörelsen
1355 1771 120 49 enligt
1512 1783 47 23 av
1593 1771 184 48 styrelsen
1806 1769 180 37 fastställt

391 1830 189 36 formulär.

522 1880 59 49 10)
613 1879 278 38 Statskontoret
930 1883 92 43 äger
1063 1881 54 32 att
1157 1876 56 36 till
1240 1874 286 38 vederbörande
1554 1872 432 49 hushållningssällskap

390 1933 89 36 eller
518 1932 196 47 landsting
753 1930 166 37 utbetala
962 1929 153 49 beviljat
1155 1928 63 36 lån
1259 1932 78 31 mot
1373 1924 495 48 hushållningssällskapets
1896 1924 91 36 eller

390 1984 254 48 landstingets
672 1982 262 49 förskrivning
962 1981 101 36 därå.

523 2037 60 45 11)
613 2034 277 37 Statskontoret
927 2034 68 35 har
1022 2038 65 41 att,
1116 2031 126 37 därest
1271 2031 159 48 stadgad
1458 2029 161 49 kapital-
1646 2027 88 37 eller
1762 2026 224 38 räntebetal-

391 2088 96 48 ning
529 2087 83 37 icke
639 2087 13 36 i
678 2091 75 31 rätt
793 2086 53 36 tid
888 2085 195 48 fullgöres,
1116 2083 129 36 därom
1274 2087 91 43 göra
1394 2082 176 36 anmälan
1598 2080 68 36 hos
1694 2079 140 48 Kungl.
1865 2078 121 49 Maj:t,

391 2153 82 23 som
515 2139 47 36 då
603 2138 66 36 vill
710 2138 218 44 bestämma,
966 2135 184 37 huruvida
1179 2134 157 49 oguldet
1362 2133 226 48 lånebelopp
1613 2132 118 48 jämte
1758 2135 107 32 ränta
1892 2130 94 36 skall

391 2191 80 37 före
499 2190 73 37 den
601 2189 209 37 fastställda
839 2186 375 50 amorteringstidens
1243 2186 76 36 slut
1347 2185 237 37 återbetalas.
