<?xml version="1.0" encoding="UTF-8"?>
<alto xmlns="http://www.loc.gov/standards/alto/ns-v3#" xmlns:xlink="http://www.w3.org/1999/xlink" xmlns:xsi="http://www.w3.org/2001/XMLSchema-instance" xsi:schemaLocation="http://www.loc.gov/standards/alto/ns-v3# http://www.loc.gov/alto/v3/alto-3-0.xsd">
	<Description>
		<MeasurementUnit>pixel</MeasurementUnit>
		<sourceImageInformation>
			<fileName>/tmp/tess_i5vbrsv5_input.PNG</fileName>
		</sourceImageInformation>
		<OCRProcessing ID="OCR_0">
			<ocrProcessingStep>
				<processingSoftware>
					<softwareName>tesseract 5.3.0</softwareName>
				</processingSoftware>
			</ocrProcessingStep>
		</OCRProcessing>
	</Description>
	<Layout>
		<Page WIDTH="1901" HEIGHT="2824" PHYSICAL_IMG_NR="0" ID="page_0">
			<PrintSpace HPOS="0" VPOS="0" WIDTH="1901" HEIGHT="2824">
				<ComposedBlock ID="cblock_0" HPOS="475" VPOS="158" WIDTH="1174" HEIGHT="50">
					<TextBlock ID="block_0" HPOS="475" VPOS="158" WIDTH="1174" HEIGHT="50">
						<TextLine ID="line_0" HPOS="475" VPOS="158" WIDTH="1174" HEIGHT="50">
							<String ID="string_0" HPOS="475" VPOS="168" WIDTH="123" HEIGHT="40" WC="0.93" CONTENT="Tredje"/><SP WIDTH="20" VPOS="168" HPOS="598"/>
							<String ID="string_1" HPOS="618" VPOS="167" WIDTH="244" HEIGHT="40" WC="0.92" CONTENT="lagutskottets"/><SP WIDTH="21" VPOS="167" HPOS="862"/>
							<String ID="string_2" HPOS="883" VPOS="164" WIDTH="177" HEIGHT="31" WC="0.96" CONTENT="utlåtande"/><SP WIDTH="19" VPOS="164" HPOS="1060"/>
							<String ID="string_3" HPOS="1079" VPOS="173" WIDTH="42" HEIGHT="20" WC="0.96" CONTENT="nr"/><SP WIDTH="19" VPOS="173" HPOS="1121"/>
							<String ID="string_4" HPOS="1140" VPOS="163" WIDTH="39" HEIGHT="30" WC="0.96" CONTENT="31"/><SP WIDTH="21" VPOS="163" HPOS="1179"/>
							<String ID="string_5" HPOS="1200" VPOS="163" WIDTH="38" HEIGHT="30" WC="0.96" CONTENT="år"/><SP WIDTH="20" VPOS="163" HPOS="1238"/>
							<String ID="string_6" HPOS="1258" VPOS="161" WIDTH="83" HEIGHT="30" WC="0.95" CONTENT="1967"/><SP WIDTH="269" VPOS="161" HPOS="1341"/>
							<String ID="string_7" HPOS="1610" VPOS="158" WIDTH="39" HEIGHT="30" WC="0.96" CONTENT="19"/>
						</TextLine>
					</TextBlock>
				</ComposedBlock>
				<ComposedBlock ID="cblock_1" HPOS="165" VPOS="297" WIDTH="240" HEIGHT="33">
					<TextBlock ID="block_1" HPOS="165" VPOS="297" WIDTH="240" HEIGHT="33">
						<TextLine ID="line_1" HPOS="165" VPOS="297" WIDTH="240" HEIGHT="33">
							<String ID="string_8" HPOS="165" VPOS="297" WIDTH="240" HEIGHT="33" WC="0.91" CONTENT="Förarutbildning"/>
						</TextLine>
					</TextBlock>
				</ComposedBlock>
				<ComposedBlock ID="cblock_2" HPOS="168" VPOS="359" WIDTH="386" HEIGHT="42">
					<TextBlock ID="block_2" HPOS="168" VPOS="359" WIDTH="386" HEIGHT="42">
						<TextLine ID="line_2" HPOS="168" VPOS="359" WIDTH="386" HEIGHT="42">
							<String ID="string_9" HPOS="168" VPOS="359" WIDTH="386" HEIGHT="42" WC="0.91" CONTENT="Bilförarutredningen"/>
						</TextLine>
					</TextBlock>
				</ComposedBlock>
				<GraphicalElement ID="cblock_3" HPOS="185" VPOS="434" WIDTH="694" HEIGHT="12"></GraphicalElement >
				<GraphicalElement ID="cblock_4" HPOS="1044" VPOS="431" WIDTH="324" HEIGHT="7"></GraphicalElement >
				<ComposedBlock ID="cblock_5" HPOS="172" VPOS="466" WIDTH="1486" HEIGHT="430">
					<TextBlock ID="block_3" HPOS="172" VPOS="466" WIDTH="1486" HEIGHT="430">
						<TextLine ID="line_3" HPOS="215" VPOS="466" WIDTH="1440" HEIGHT="51">
							<String ID="string_10" HPOS="215" VPOS="478" WIDTH="54" HEIGHT="30" WC="0.96" CONTENT="Nu"/><SP WIDTH="26" VPOS="478" HPOS="269"/>
							<String ID="string_11" HPOS="295" VPOS="476" WIDTH="159" HEIGHT="41" WC="0.96" CONTENT="gällande"/><SP WIDTH="25" VPOS="476" HPOS="454"/>
							<String ID="string_12" HPOS="479" VPOS="475" WIDTH="129" HEIGHT="30" WC="0.96" CONTENT="förbud"/><SP WIDTH="24" VPOS="475" HPOS="608"/>
							<String ID="string_13" HPOS="632" VPOS="476" WIDTH="72" HEIGHT="28" WC="0.96" CONTENT="mot"/><SP WIDTH="24" VPOS="476" HPOS="704"/>
							<String ID="string_14" HPOS="728" VPOS="471" WIDTH="298" HEIGHT="41" WC="0.96" CONTENT="övningskörning"/><SP WIDTH="23" VPOS="471" HPOS="1026"/>
							<String ID="string_15" HPOS="1049" VPOS="471" WIDTH="45" HEIGHT="39" WC="0.96" CONTENT="på"/><SP WIDTH="24" VPOS="471" HPOS="1094"/>
							<String ID="string_16" HPOS="1118" VPOS="470" WIDTH="179" HEIGHT="39" WC="0.96" CONTENT="motorväg"/><SP WIDTH="23" VPOS="470" HPOS="1297"/>
							<String ID="string_17" HPOS="1320" VPOS="469" WIDTH="62" HEIGHT="29" WC="0.96" CONTENT="bör"/><SP WIDTH="26" VPOS="469" HPOS="1382"/>
							<String ID="string_18" HPOS="1408" VPOS="467" WIDTH="106" HEIGHT="40" WC="0.96" CONTENT="enligt"/><SP WIDTH="26" VPOS="467" HPOS="1514"/>
							<String ID="string_19" HPOS="1540" VPOS="466" WIDTH="115" HEIGHT="30" WC="0.92" CONTENT="utred-"/>
						</TextLine>
						<TextLine ID="line_4" HPOS="172" VPOS="521" WIDTH="1484" HEIGHT="51">
							<String ID="string_20" HPOS="172" VPOS="533" WIDTH="150" HEIGHT="39" WC="0.95" CONTENT="ningens"/><SP WIDTH="20" VPOS="533" HPOS="322"/>
							<String ID="string_21" HPOS="342" VPOS="531" WIDTH="142" HEIGHT="39" WC="0.96" CONTENT="mening"/><SP WIDTH="21" VPOS="531" HPOS="484"/>
							<String ID="string_22" HPOS="505" VPOS="529" WIDTH="202" HEIGHT="30" WC="0.96" CONTENT="bibehållas."/><SP WIDTH="23" VPOS="529" HPOS="707"/>
							<String ID="string_23" HPOS="730" VPOS="528" WIDTH="164" HEIGHT="29" WC="0.96" CONTENT="Däremot"/><SP WIDTH="22" VPOS="528" HPOS="894"/>
							<String ID="string_24" HPOS="916" VPOS="526" WIDTH="62" HEIGHT="29" WC="0.96" CONTENT="bör"/><SP WIDTH="24" VPOS="526" HPOS="978"/>
							<String ID="string_25" HPOS="1002" VPOS="534" WIDTH="75" HEIGHT="21" WC="0.96" CONTENT="som"/><SP WIDTH="22" VPOS="534" HPOS="1077"/>
							<String ID="string_26" HPOS="1099" VPOS="526" WIDTH="48" HEIGHT="28" WC="0.96" CONTENT="ett"/><SP WIDTH="21" VPOS="526" HPOS="1147"/>
							<String ID="string_27" HPOS="1168" VPOS="523" WIDTH="185" HEIGHT="39" WC="0.96" CONTENT="väsentligt"/><SP WIDTH="23" VPOS="523" HPOS="1353"/>
							<String ID="string_28" HPOS="1376" VPOS="522" WIDTH="112" HEIGHT="39" WC="0.95" CONTENT="inslag"/><SP WIDTH="23" VPOS="522" HPOS="1488"/>
							<String ID="string_29" HPOS="1511" VPOS="521" WIDTH="11" HEIGHT="29" WC="0.88" CONTENT="i"/><SP WIDTH="24" VPOS="521" HPOS="1522"/>
							<String ID="string_30" HPOS="1546" VPOS="521" WIDTH="110" HEIGHT="29" WC="0.92" CONTENT="förar-"/>
						</TextLine>
						<TextLine ID="line_5" HPOS="172" VPOS="574" WIDTH="1484" HEIGHT="51">
							<String ID="string_31" HPOS="172" VPOS="586" WIDTH="245" HEIGHT="39" WC="0.96" CONTENT="utbildningen"/><SP WIDTH="20" VPOS="586" HPOS="417"/>
							<String ID="string_32" HPOS="437" VPOS="584" WIDTH="82" HEIGHT="40" WC="0.96" CONTENT="ingå"/><SP WIDTH="20" VPOS="584" HPOS="519"/>
							<String ID="string_33" HPOS="539" VPOS="585" WIDTH="48" HEIGHT="28" WC="0.93" CONTENT="ett"/><SP WIDTH="20" VPOS="585" HPOS="587"/>
							<String ID="string_34" HPOS="607" VPOS="581" WIDTH="228" HEIGHT="40" WC="0.92" CONTENT="bibringande"/><SP WIDTH="22" VPOS="581" HPOS="835"/>
							<String ID="string_35" HPOS="857" VPOS="590" WIDTH="42" HEIGHT="20" WC="0.96" CONTENT="av"/><SP WIDTH="20" VPOS="590" HPOS="899"/>
							<String ID="string_36" HPOS="919" VPOS="580" WIDTH="201" HEIGHT="38" WC="0.96" CONTENT="kunskaper"/><SP WIDTH="22" VPOS="580" HPOS="1120"/>
							<String ID="string_37" HPOS="1142" VPOS="588" WIDTH="57" HEIGHT="20" WC="0.96" CONTENT="om"/><SP WIDTH="21" VPOS="588" HPOS="1199"/>
							<String ID="string_38" HPOS="1220" VPOS="577" WIDTH="233" HEIGHT="39" WC="0.96" CONTENT="motorvägen,"/><SP WIDTH="24" VPOS="577" HPOS="1453"/>
							<String ID="string_39" HPOS="1477" VPOS="575" WIDTH="41" HEIGHT="30" WC="0.96" CONTENT="de"/><SP WIDTH="23" VPOS="575" HPOS="1518"/>
							<String ID="string_40" HPOS="1541" VPOS="574" WIDTH="115" HEIGHT="40" WC="0.96" CONTENT="syften"/>
						</TextLine>
						<TextLine ID="line_6" HPOS="173" VPOS="629" WIDTH="1483" HEIGHT="48">
							<String ID="string_41" HPOS="173" VPOS="641" WIDTH="66" HEIGHT="29" WC="0.95" CONTENT="och"/><SP WIDTH="16" VPOS="641" HPOS="239"/>
							<String ID="string_42" HPOS="255" VPOS="640" WIDTH="42" HEIGHT="29" WC="0.96" CONTENT="de"/><SP WIDTH="18" VPOS="640" HPOS="297"/>
							<String ID="string_43" HPOS="315" VPOS="638" WIDTH="174" HEIGHT="31" WC="0.96" CONTENT="särskilda"/><SP WIDTH="15" VPOS="638" HPOS="489"/>
							<String ID="string_44" HPOS="504" VPOS="637" WIDTH="110" HEIGHT="40" WC="0.96" CONTENT="regler"/><SP WIDTH="19" VPOS="637" HPOS="614"/>
							<String ID="string_45" HPOS="633" VPOS="645" WIDTH="74" HEIGHT="21" WC="0.96" CONTENT="som"/><SP WIDTH="18" VPOS="645" HPOS="707"/>
							<String ID="string_46" HPOS="725" VPOS="635" WIDTH="106" HEIGHT="40" WC="0.96" CONTENT="gäller"/><SP WIDTH="18" VPOS="635" HPOS="831"/>
							<String ID="string_47" HPOS="849" VPOS="634" WIDTH="54" HEIGHT="30" WC="0.93" CONTENT="för"/><SP WIDTH="18" VPOS="634" HPOS="903"/>
							<String ID="string_48" HPOS="921" VPOS="633" WIDTH="242" HEIGHT="39" WC="0.92" CONTENT="motorvägens"/><SP WIDTH="19" VPOS="633" HPOS="1163"/>
							<String ID="string_49" HPOS="1182" VPOS="630" WIDTH="234" HEIGHT="40" WC="0.96" CONTENT="utnyttjande."/><SP WIDTH="18" VPOS="630" HPOS="1416"/>
							<String ID="string_50" HPOS="1434" VPOS="630" WIDTH="49" HEIGHT="28" WC="0.96" CONTENT="De"/><SP WIDTH="19" VPOS="630" HPOS="1483"/>
							<String ID="string_51" HPOS="1502" VPOS="629" WIDTH="154" HEIGHT="29" WC="0.96" CONTENT="svåraste"/>
						</TextLine>
						<TextLine ID="line_7" HPOS="175" VPOS="682" WIDTH="1482" HEIGHT="48">
							<String ID="string_52" HPOS="175" VPOS="695" WIDTH="201" HEIGHT="29" WC="0.96" CONTENT="momenten"/><SP WIDTH="24" VPOS="695" HPOS="376"/>
							<String ID="string_53" HPOS="400" VPOS="692" WIDTH="58" HEIGHT="30" WC="0.96" CONTENT="vid"/><SP WIDTH="24" VPOS="692" HPOS="458"/>
							<String ID="string_54" HPOS="482" VPOS="691" WIDTH="149" HEIGHT="39" WC="0.96" CONTENT="körning"/><SP WIDTH="24" VPOS="691" HPOS="631"/>
							<String ID="string_55" HPOS="655" VPOS="690" WIDTH="46" HEIGHT="39" WC="0.96" CONTENT="på"/><SP WIDTH="22" VPOS="690" HPOS="701"/>
							<String ID="string_56" HPOS="723" VPOS="689" WIDTH="180" HEIGHT="39" WC="0.96" CONTENT="motorväg"/><SP WIDTH="24" VPOS="689" HPOS="903"/>
							<String ID="string_57" HPOS="927" VPOS="689" WIDTH="37" HEIGHT="28" WC="0.97" CONTENT="är"/><SP WIDTH="24" VPOS="689" HPOS="964"/>
							<String ID="string_58" HPOS="988" VPOS="686" WIDTH="188" HEIGHT="39" WC="0.96" CONTENT="inkörning"/><SP WIDTH="24" VPOS="686" HPOS="1176"/>
							<String ID="string_59" HPOS="1200" VPOS="685" WIDTH="45" HEIGHT="40" WC="0.96" CONTENT="på"/><SP WIDTH="24" VPOS="685" HPOS="1245"/>
							<String ID="string_60" HPOS="1269" VPOS="685" WIDTH="65" HEIGHT="29" WC="0.93" CONTENT="och"/><SP WIDTH="25" VPOS="685" HPOS="1334"/>
							<String ID="string_61" HPOS="1359" VPOS="683" WIDTH="193" HEIGHT="39" WC="0.91" CONTENT="avkörning"/><SP WIDTH="25" VPOS="683" HPOS="1552"/>
							<String ID="string_62" HPOS="1577" VPOS="682" WIDTH="80" HEIGHT="29" WC="0.96" CONTENT="från"/>
						</TextLine>
						<TextLine ID="line_8" HPOS="177" VPOS="737" WIDTH="1479" HEIGHT="45">
							<String ID="string_63" HPOS="177" VPOS="748" WIDTH="215" HEIGHT="30" WC="0.96" CONTENT="densamma."/><SP WIDTH="27" VPOS="748" HPOS="392"/>
							<String ID="string_64" HPOS="419" VPOS="747" WIDTH="65" HEIGHT="29" WC="0.96" CONTENT="Det"/><SP WIDTH="26" VPOS="747" HPOS="484"/>
							<String ID="string_65" HPOS="510" VPOS="746" WIDTH="37" HEIGHT="29" WC="0.96" CONTENT="är"/><SP WIDTH="27" VPOS="746" HPOS="547"/>
							<String ID="string_66" HPOS="574" VPOS="744" WIDTH="119" HEIGHT="30" WC="0.96" CONTENT="därför"/><SP WIDTH="26" VPOS="744" HPOS="693"/>
							<String ID="string_67" HPOS="719" VPOS="743" WIDTH="106" HEIGHT="39" WC="0.96" CONTENT="enligt"/><SP WIDTH="27" VPOS="743" HPOS="825"/>
							<String ID="string_68" HPOS="852" VPOS="741" WIDTH="231" HEIGHT="39" WC="0.96" CONTENT="utredningen"/><SP WIDTH="26" VPOS="741" HPOS="1083"/>
							<String ID="string_69" HPOS="1109" VPOS="739" WIDTH="177" HEIGHT="40" WC="0.96" CONTENT="angeläget"/><SP WIDTH="28" VPOS="739" HPOS="1286"/>
							<String ID="string_70" HPOS="1314" VPOS="739" WIDTH="49" HEIGHT="28" WC="0.96" CONTENT="att"/><SP WIDTH="28" VPOS="739" HPOS="1363"/>
							<String ID="string_71" HPOS="1391" VPOS="737" WIDTH="84" HEIGHT="30" WC="0.96" CONTENT="söka"/><SP WIDTH="26" VPOS="737" HPOS="1475"/>
							<String ID="string_72" HPOS="1501" VPOS="737" WIDTH="11" HEIGHT="29" WC="0.96" CONTENT="i"/><SP WIDTH="27" VPOS="737" HPOS="1512"/>
							<String ID="string_73" HPOS="1539" VPOS="744" WIDTH="117" HEIGHT="21" WC="0.95" CONTENT="annan"/>
						</TextLine>
						<TextLine ID="line_9" HPOS="175" VPOS="790" WIDTH="1483" HEIGHT="51">
							<String ID="string_74" HPOS="175" VPOS="802" WIDTH="149" HEIGHT="39" WC="0.96" CONTENT="ordning"/><SP WIDTH="23" VPOS="802" HPOS="324"/>
							<String ID="string_75" HPOS="347" VPOS="802" WIDTH="45" HEIGHT="29" WC="0.96" CONTENT="än"/><SP WIDTH="23" VPOS="802" HPOS="392"/>
							<String ID="string_76" HPOS="415" VPOS="809" WIDTH="123" HEIGHT="31" WC="0.96" CONTENT="genom"/><SP WIDTH="22" VPOS="809" HPOS="538"/>
							<String ID="string_77" HPOS="560" VPOS="799" WIDTH="127" HEIGHT="39" WC="0.96" CONTENT="övning"/><SP WIDTH="22" VPOS="799" HPOS="687"/>
							<String ID="string_78" HPOS="709" VPOS="798" WIDTH="44" HEIGHT="39" WC="0.96" CONTENT="på"/><SP WIDTH="22" VPOS="798" HPOS="753"/>
							<String ID="string_79" HPOS="775" VPOS="797" WIDTH="179" HEIGHT="38" WC="0.96" CONTENT="motorväg"/><SP WIDTH="22" VPOS="797" HPOS="954"/>
							<String ID="string_80" HPOS="976" VPOS="803" WIDTH="39" HEIGHT="32" WC="0.93" CONTENT="ge"/><SP WIDTH="22" VPOS="803" HPOS="1015"/>
							<String ID="string_81" HPOS="1037" VPOS="793" WIDTH="367" HEIGHT="39" WC="0.91" CONTENT="körkortsaspiranten"/><SP WIDTH="22" VPOS="793" HPOS="1404"/>
							<String ID="string_82" HPOS="1426" VPOS="791" WIDTH="109" HEIGHT="29" WC="0.96" CONTENT="insikt"/><SP WIDTH="22" VPOS="791" HPOS="1535"/>
							<String ID="string_83" HPOS="1557" VPOS="791" WIDTH="11" HEIGHT="28" WC="0.96" CONTENT="i"/><SP WIDTH="23" VPOS="791" HPOS="1568"/>
							<String ID="string_84" HPOS="1591" VPOS="790" WIDTH="67" HEIGHT="29" WC="0.96" CONTENT="den"/>
						</TextLine>
						<TextLine ID="line_10" HPOS="178" VPOS="850" WIDTH="865" HEIGHT="46">
							<String ID="string_85" HPOS="178" VPOS="856" WIDTH="161" HEIGHT="40" WC="0.96" CONTENT="speciella"/><SP WIDTH="21" VPOS="856" HPOS="339"/>
							<String ID="string_86" HPOS="360" VPOS="855" WIDTH="169" HEIGHT="30" WC="0.96" CONTENT="tekniken"/><SP WIDTH="22" VPOS="855" HPOS="529"/>
							<String ID="string_87" HPOS="551" VPOS="853" WIDTH="58" HEIGHT="29" WC="0.96" CONTENT="vid"/><SP WIDTH="23" VPOS="853" HPOS="609"/>
							<String ID="string_88" HPOS="632" VPOS="861" WIDTH="48" HEIGHT="20" WC="0.96" CONTENT="nu"/><SP WIDTH="25" VPOS="861" HPOS="680"/>
							<String ID="string_89" HPOS="705" VPOS="850" WIDTH="151" HEIGHT="31" WC="0.95" CONTENT="avsedda"/><SP WIDTH="22" VPOS="850" HPOS="856"/>
							<String ID="string_90" HPOS="878" VPOS="851" WIDTH="165" HEIGHT="28" WC="0.96" CONTENT="moment."/>
						</TextLine>
					</TextBlock>
				</ComposedBlock>
				<GraphicalElement ID="cblock_6" HPOS="580" VPOS="912" WIDTH="1077" HEIGHT="17"></GraphicalElement >
				<ComposedBlock ID="cblock_7" HPOS="177" VPOS="951" WIDTH="1493" HEIGHT="1072">
					<TextBlock ID="block_4" HPOS="177" VPOS="951" WIDTH="1486" HEIGHT="376">
						<TextLine ID="line_11" HPOS="221" VPOS="951" WIDTH="1439" HEIGHT="50">
							<String ID="string_91" HPOS="221" VPOS="965" WIDTH="75" HEIGHT="29" WC="0.96" CONTENT="Den"/><SP WIDTH="20" VPOS="965" HPOS="296"/>
							<String ID="string_92" HPOS="316" VPOS="963" WIDTH="179" HEIGHT="30" WC="0.96" CONTENT="allmänna"/><SP WIDTH="20" VPOS="963" HPOS="495"/>
							<String ID="string_93" HPOS="515" VPOS="959" WIDTH="230" HEIGHT="42" WC="0.96" CONTENT="fortbildning"/><SP WIDTH="20" VPOS="959" HPOS="745"/>
							<String ID="string_94" HPOS="765" VPOS="968" WIDTH="75" HEIGHT="20" WC="0.96" CONTENT="som"/><SP WIDTH="21" VPOS="968" HPOS="840"/>
							<String ID="string_95" HPOS="861" VPOS="957" WIDTH="112" HEIGHT="40" WC="0.96" CONTENT="syftar"/><SP WIDTH="21" VPOS="957" HPOS="973"/>
							<String ID="string_96" HPOS="994" VPOS="956" WIDTH="52" HEIGHT="30" WC="0.96" CONTENT="till"/><SP WIDTH="20" VPOS="956" HPOS="1046"/>
							<String ID="string_97" HPOS="1066" VPOS="957" WIDTH="50" HEIGHT="28" WC="0.93" CONTENT="att"/><SP WIDTH="22" VPOS="957" HPOS="1116"/>
							<String ID="string_98" HPOS="1138" VPOS="955" WIDTH="135" HEIGHT="40" WC="0.92" CONTENT="uppöva"/><SP WIDTH="21" VPOS="955" HPOS="1273"/>
							<String ID="string_99" HPOS="1294" VPOS="954" WIDTH="63" HEIGHT="29" WC="0.96" CONTENT="och"/><SP WIDTH="22" VPOS="954" HPOS="1357"/>
							<String ID="string_100" HPOS="1379" VPOS="953" WIDTH="66" HEIGHT="30" WC="0.96" CONTENT="öka"/><SP WIDTH="22" VPOS="953" HPOS="1445"/>
							<String ID="string_101" HPOS="1467" VPOS="952" WIDTH="81" HEIGHT="30" WC="0.93" CONTENT="eller"/><SP WIDTH="22" VPOS="952" HPOS="1548"/>
							<String ID="string_102" HPOS="1570" VPOS="951" WIDTH="90" HEIGHT="30" WC="0.92" CONTENT="bibe-"/>
						</TextLine>
						<TextLine ID="line_12" HPOS="177" VPOS="1006" WIDTH="1482" HEIGHT="47">
							<String ID="string_103" HPOS="177" VPOS="1018" WIDTH="94" HEIGHT="31" WC="0.93" CONTENT="hålla"/><SP WIDTH="29" VPOS="1018" HPOS="271"/>
							<String ID="string_104" HPOS="300" VPOS="1015" WIDTH="395" HEIGHT="32" WC="0.92" CONTENT="körkortsinnehavares"/><SP WIDTH="29" VPOS="1015" HPOS="695"/>
							<String ID="string_105" HPOS="724" VPOS="1012" WIDTH="213" HEIGHT="41" WC="0.95" CONTENT="färdigheter"/><SP WIDTH="29" VPOS="1012" HPOS="937"/>
							<String ID="string_106" HPOS="966" VPOS="1011" WIDTH="64" HEIGHT="29" WC="0.96" CONTENT="och"/><SP WIDTH="30" VPOS="1011" HPOS="1030"/>
							<String ID="string_107" HPOS="1060" VPOS="1010" WIDTH="202" HEIGHT="38" WC="0.96" CONTENT="kunskaper"/><SP WIDTH="29" VPOS="1010" HPOS="1262"/>
							<String ID="string_108" HPOS="1291" VPOS="1008" WIDTH="234" HEIGHT="29" WC="0.96" CONTENT="förekommer"/><SP WIDTH="29" VPOS="1008" HPOS="1525"/>
							<String ID="string_109" HPOS="1554" VPOS="1006" WIDTH="105" HEIGHT="38" WC="0.95" CONTENT="enligt"/>
						</TextLine>
						<TextLine ID="line_13" HPOS="179" VPOS="1060" WIDTH="1482" HEIGHT="51">
							<String ID="string_110" HPOS="179" VPOS="1072" WIDTH="232" HEIGHT="39" WC="0.96" CONTENT="utredningen"/><SP WIDTH="24" VPOS="1072" HPOS="411"/>
							<String ID="string_111" HPOS="435" VPOS="1071" WIDTH="12" HEIGHT="29" WC="0.96" CONTENT="i"/><SP WIDTH="25" VPOS="1071" HPOS="447"/>
							<String ID="string_112" HPOS="472" VPOS="1069" WIDTH="113" HEIGHT="31" WC="0.96" CONTENT="skilda"/><SP WIDTH="24" VPOS="1069" HPOS="585"/>
							<String ID="string_113" HPOS="609" VPOS="1069" WIDTH="130" HEIGHT="29" WC="0.93" CONTENT="former"/><SP WIDTH="24" VPOS="1069" HPOS="739"/>
							<String ID="string_114" HPOS="763" VPOS="1069" WIDTH="23" HEIGHT="28" WC="0.91" CONTENT="t."/><SP WIDTH="15" VPOS="1069" HPOS="786"/>
							<String ID="string_115" HPOS="801" VPOS="1076" WIDTH="50" HEIGHT="20" WC="0.95" CONTENT="ex."/><SP WIDTH="25" VPOS="1076" HPOS="851"/>
							<String ID="string_116" HPOS="876" VPOS="1074" WIDTH="124" HEIGHT="32" WC="0.92" CONTENT="genom"/><SP WIDTH="26" VPOS="1074" HPOS="1000"/>
							<String ID="string_117" HPOS="1026" VPOS="1063" WIDTH="298" HEIGHT="41" WC="0.91" CONTENT="speciallektioner"/><SP WIDTH="24" VPOS="1063" HPOS="1324"/>
							<String ID="string_118" HPOS="1348" VPOS="1062" WIDTH="58" HEIGHT="29" WC="0.93" CONTENT="vid"/><SP WIDTH="24" VPOS="1062" HPOS="1406"/>
							<String ID="string_119" HPOS="1430" VPOS="1060" WIDTH="193" HEIGHT="34" WC="0.92" CONTENT="körskolor,"/><SP WIDTH="26" VPOS="1060" HPOS="1623"/>
							<String ID="string_120" HPOS="1649" VPOS="1060" WIDTH="12" HEIGHT="28" WC="0.97" CONTENT="i"/>
						</TextLine>
						<TextLine ID="line_14" HPOS="178" VPOS="1113" WIDTH="1484" HEIGHT="53">
							<String ID="string_121" HPOS="178" VPOS="1122" WIDTH="599" HEIGHT="44" WC="0.91" CONTENT="korrespondensundervisningens"/><SP WIDTH="25" VPOS="1122" HPOS="777"/>
							<String ID="string_122" HPOS="802" VPOS="1121" WIDTH="92" HEIGHT="29" WC="0.96" CONTENT="form"/><SP WIDTH="25" VPOS="1121" HPOS="894"/>
							<String ID="string_123" HPOS="919" VPOS="1120" WIDTH="89" HEIGHT="30" WC="0.95" CONTENT="samt"/><SP WIDTH="25" VPOS="1120" HPOS="1008"/>
							<String ID="string_124" HPOS="1033" VPOS="1126" WIDTH="123" HEIGHT="32" WC="0.95" CONTENT="genom"/><SP WIDTH="25" VPOS="1126" HPOS="1156"/>
							<String ID="string_125" HPOS="1181" VPOS="1117" WIDTH="93" HEIGHT="30" WC="0.96" CONTENT="vissa"/><SP WIDTH="23" VPOS="1117" HPOS="1274"/>
							<String ID="string_126" HPOS="1297" VPOS="1115" WIDTH="274" HEIGHT="40" WC="0.95" CONTENT="organisationer"/><SP WIDTH="26" VPOS="1115" HPOS="1571"/>
							<String ID="string_127" HPOS="1597" VPOS="1113" WIDTH="65" HEIGHT="29" WC="0.96" CONTENT="och"/>
						</TextLine>
						<TextLine ID="line_15" HPOS="181" VPOS="1167" WIDTH="1481" HEIGHT="50">
							<String ID="string_128" HPOS="181" VPOS="1179" WIDTH="368" HEIGHT="38" WC="0.95" CONTENT="sammanslutningar,"/><SP WIDTH="18" VPOS="1179" HPOS="549"/>
							<String ID="string_129" HPOS="567" VPOS="1176" WIDTH="208" HEIGHT="40" WC="0.93" CONTENT="exempelvis"/><SP WIDTH="16" VPOS="1176" HPOS="775"/>
							<String ID="string_130" HPOS="791" VPOS="1173" WIDTH="227" HEIGHT="31" WC="0.92" CONTENT="Biltrafikens"/><SP WIDTH="15" VPOS="1173" HPOS="1018"/>
							<String ID="string_131" HPOS="1033" VPOS="1170" WIDTH="248" HEIGHT="42" WC="0.88" CONTENT="yrkesnämnd,"/><SP WIDTH="17" VPOS="1170" HPOS="1281"/>
							<String ID="string_132" HPOS="1298" VPOS="1169" WIDTH="97" HEIGHT="35" WC="0.93" CONTENT="NTF,"/><SP WIDTH="17" VPOS="1169" HPOS="1395"/>
							<String ID="string_133" HPOS="1412" VPOS="1167" WIDTH="250" HEIGHT="40" WC="0.90" CONTENT="motororgani-"/>
						</TextLine>
						<TextLine ID="line_16" HPOS="180" VPOS="1222" WIDTH="1483" HEIGHT="47">
							<String ID="string_134" HPOS="180" VPOS="1235" WIDTH="208" HEIGHT="32" WC="0.92" CONTENT="sationerna,"/><SP WIDTH="23" VPOS="1235" HPOS="388"/>
							<String ID="string_135" HPOS="411" VPOS="1230" WIDTH="487" HEIGHT="39" WC="0.89" CONTENT="trafikförsäkringsbolagen,"/><SP WIDTH="25" VPOS="1230" HPOS="898"/>
							<String ID="string_136" HPOS="923" VPOS="1224" WIDTH="586" HEIGHT="41" WC="0.91" CONTENT="folkbildningsorganisationerna,"/><SP WIDTH="24" VPOS="1224" HPOS="1509"/>
							<String ID="string_137" HPOS="1533" VPOS="1222" WIDTH="130" HEIGHT="29" WC="0.92" CONTENT="arbets-"/>
						</TextLine>
						<TextLine ID="line_17" HPOS="180" VPOS="1278" WIDTH="1115" HEIGHT="49">
							<String ID="string_138" HPOS="180" VPOS="1287" WIDTH="359" HEIGHT="40" WC="0.91" CONTENT="marknadsparterna"/><SP WIDTH="23" VPOS="1287" HPOS="539"/>
							<String ID="string_139" HPOS="562" VPOS="1286" WIDTH="89" HEIGHT="29" WC="0.96" CONTENT="samt"/><SP WIDTH="24" VPOS="1286" HPOS="651"/>
							<String ID="string_140" HPOS="675" VPOS="1283" WIDTH="155" HEIGHT="39" WC="0.92" CONTENT="Sveriges"/><SP WIDTH="19" VPOS="1283" HPOS="830"/>
							<String ID="string_141" HPOS="849" VPOS="1281" WIDTH="186" HEIGHT="31" WC="0.92" CONTENT="bilskolors"/><SP WIDTH="21" VPOS="1281" HPOS="1035"/>
							<String ID="string_142" HPOS="1056" VPOS="1278" WIDTH="239" HEIGHT="31" WC="0.95" CONTENT="riksförbund."/>
						</TextLine>
					</TextBlock>
					<TextBlock ID="block_5" HPOS="182" VPOS="1329" WIDTH="1483" HEIGHT="158">
						<TextLine ID="line_18" HPOS="225" VPOS="1329" WIDTH="1439" HEIGHT="51">
							<String ID="string_143" HPOS="225" VPOS="1343" WIDTH="65" HEIGHT="29" WC="0.96" CONTENT="Det"/><SP WIDTH="26" VPOS="1343" HPOS="290"/>
							<String ID="string_144" HPOS="316" VPOS="1343" WIDTH="37" HEIGHT="28" WC="0.97" CONTENT="är"/><SP WIDTH="26" VPOS="1343" HPOS="353"/>
							<String ID="string_145" HPOS="379" VPOS="1341" WIDTH="107" HEIGHT="39" WC="0.96" CONTENT="enligt"/><SP WIDTH="26" VPOS="1341" HPOS="486"/>
							<String ID="string_146" HPOS="512" VPOS="1338" WIDTH="250" HEIGHT="39" WC="0.96" CONTENT="utredningens"/><SP WIDTH="27" VPOS="1338" HPOS="762"/>
							<String ID="string_147" HPOS="789" VPOS="1336" WIDTH="141" HEIGHT="39" WC="0.96" CONTENT="mening"/><SP WIDTH="24" VPOS="1336" HPOS="930"/>
							<String ID="string_148" HPOS="954" VPOS="1335" WIDTH="101" HEIGHT="39" WC="0.96" CONTENT="högst"/><SP WIDTH="27" VPOS="1335" HPOS="1055"/>
							<String ID="string_149" HPOS="1082" VPOS="1332" WIDTH="258" HEIGHT="41" WC="0.95" CONTENT="betydelsefullt"/><SP WIDTH="27" VPOS="1332" HPOS="1340"/>
							<String ID="string_150" HPOS="1367" VPOS="1333" WIDTH="50" HEIGHT="28" WC="0.95" CONTENT="att"/><SP WIDTH="26" VPOS="1333" HPOS="1417"/>
							<String ID="string_151" HPOS="1443" VPOS="1329" WIDTH="221" HEIGHT="40" WC="0.95" CONTENT="möjligheter"/>
						</TextLine>
						<TextLine ID="line_19" HPOS="182" VPOS="1384" WIDTH="1483" HEIGHT="50">
							<String ID="string_152" HPOS="182" VPOS="1397" WIDTH="96" HEIGHT="29" WC="0.95" CONTENT="finns"/><SP WIDTH="22" VPOS="1397" HPOS="278"/>
							<String ID="string_153" HPOS="300" VPOS="1396" WIDTH="55" HEIGHT="29" WC="0.96" CONTENT="för"/><SP WIDTH="21" VPOS="1396" HPOS="355"/>
							<String ID="string_154" HPOS="376" VPOS="1395" WIDTH="97" HEIGHT="39" WC="0.96" CONTENT="varje"/><SP WIDTH="23" VPOS="1395" HPOS="473"/>
							<String ID="string_155" HPOS="496" VPOS="1394" WIDTH="114" HEIGHT="29" WC="0.96" CONTENT="förare"/><SP WIDTH="23" VPOS="1394" HPOS="610"/>
							<String ID="string_156" HPOS="633" VPOS="1394" WIDTH="50" HEIGHT="28" WC="0.96" CONTENT="att"/><SP WIDTH="23" VPOS="1394" HPOS="683"/>
							<String ID="string_157" HPOS="706" VPOS="1390" WIDTH="169" HEIGHT="41" WC="0.96" CONTENT="genomgå"/><SP WIDTH="20" VPOS="1390" HPOS="875"/>
							<String ID="string_158" HPOS="895" VPOS="1387" WIDTH="318" HEIGHT="39" WC="0.96" CONTENT="vidareutbildning"/><SP WIDTH="23" VPOS="1387" HPOS="1213"/>
							<String ID="string_159" HPOS="1236" VPOS="1386" WIDTH="65" HEIGHT="29" WC="0.96" CONTENT="och"/><SP WIDTH="23" VPOS="1386" HPOS="1301"/>
							<String ID="string_160" HPOS="1324" VPOS="1387" WIDTH="49" HEIGHT="28" WC="0.96" CONTENT="att"/><SP WIDTH="23" VPOS="1387" HPOS="1373"/>
							<String ID="string_161" HPOS="1396" VPOS="1384" WIDTH="269" HEIGHT="39" WC="0.96" CONTENT="möjligheterna"/>
						</TextLine>
						<TextLine ID="line_20" HPOS="183" VPOS="1443" WIDTH="751" HEIGHT="44">
							<String ID="string_162" HPOS="183" VPOS="1450" WIDTH="122" HEIGHT="30" WC="0.96" CONTENT="härför"/><SP WIDTH="21" VPOS="1450" HPOS="305"/>
							<String ID="string_163" HPOS="326" VPOS="1450" WIDTH="37" HEIGHT="29" WC="0.96" CONTENT="är"/><SP WIDTH="21" VPOS="1450" HPOS="363"/>
							<String ID="string_164" HPOS="384" VPOS="1446" WIDTH="267" HEIGHT="41" WC="0.95" CONTENT="lättillgängliga"/><SP WIDTH="20" VPOS="1446" HPOS="651"/>
							<String ID="string_165" HPOS="671" VPOS="1446" WIDTH="65" HEIGHT="29" WC="0.96" CONTENT="och"/><SP WIDTH="19" VPOS="1446" HPOS="736"/>
							<String ID="string_166" HPOS="755" VPOS="1443" WIDTH="179" HEIGHT="31" WC="0.96" CONTENT="lockande."/>
						</TextLine>
					</TextBlock>
					<TextBlock ID="block_6" HPOS="184" VPOS="1490" WIDTH="1486" HEIGHT="533">
						<TextLine ID="line_21" HPOS="226" VPOS="1490" WIDTH="1440" HEIGHT="53">
							<String ID="string_167" HPOS="226" VPOS="1504" WIDTH="118" HEIGHT="39" WC="0.96" CONTENT="Enligt"/><SP WIDTH="19" VPOS="1504" HPOS="344"/>
							<String ID="string_168" HPOS="363" VPOS="1502" WIDTH="233" HEIGHT="39" WC="0.96" CONTENT="utredningen"/><SP WIDTH="18" VPOS="1502" HPOS="596"/>
							<String ID="string_169" HPOS="614" VPOS="1501" WIDTH="61" HEIGHT="29" WC="0.96" CONTENT="bör"/><SP WIDTH="20" VPOS="1501" HPOS="675"/>
							<String ID="string_170" HPOS="695" VPOS="1499" WIDTH="199" HEIGHT="40" WC="0.95" CONTENT="ytterligare"/><SP WIDTH="19" VPOS="1499" HPOS="894"/>
							<String ID="string_171" HPOS="913" VPOS="1496" WIDTH="220" HEIGHT="40" WC="0.96" CONTENT="möjligheter"/><SP WIDTH="21" VPOS="1496" HPOS="1133"/>
							<String ID="string_172" HPOS="1154" VPOS="1495" WIDTH="127" HEIGHT="39" WC="0.96" CONTENT="skapas"/><SP WIDTH="20" VPOS="1495" HPOS="1281"/>
							<String ID="string_173" HPOS="1301" VPOS="1494" WIDTH="50" HEIGHT="29" WC="0.96" CONTENT="att"/><SP WIDTH="22" VPOS="1494" HPOS="1351"/>
							<String ID="string_174" HPOS="1373" VPOS="1491" WIDTH="116" HEIGHT="40" WC="0.93" CONTENT="stödja"/><SP WIDTH="19" VPOS="1491" HPOS="1489"/>
							<String ID="string_175" HPOS="1508" VPOS="1490" WIDTH="158" HEIGHT="31" WC="0.91" CONTENT="fortbild-"/>
						</TextLine>
						<TextLine ID="line_22" HPOS="184" VPOS="1544" WIDTH="1483" HEIGHT="53">
							<String ID="string_176" HPOS="184" VPOS="1556" WIDTH="383" HEIGHT="41" WC="0.91" CONTENT="ningsverksamheten."/><SP WIDTH="28" VPOS="1556" HPOS="567"/>
							<String ID="string_177" HPOS="595" VPOS="1555" WIDTH="103" HEIGHT="29" WC="0.96" CONTENT="Detta"/><SP WIDTH="26" VPOS="1555" HPOS="698"/>
							<String ID="string_178" HPOS="724" VPOS="1554" WIDTH="71" HEIGHT="28" WC="0.95" CONTENT="kan"/><SP WIDTH="26" VPOS="1554" HPOS="795"/>
							<String ID="string_179" HPOS="821" VPOS="1551" WIDTH="189" HEIGHT="40" WC="0.96" CONTENT="lämpligen"/><SP WIDTH="28" VPOS="1551" HPOS="1010"/>
							<String ID="string_180" HPOS="1038" VPOS="1551" WIDTH="60" HEIGHT="29" WC="0.96" CONTENT="ske"/><SP WIDTH="27" VPOS="1551" HPOS="1098"/>
							<String ID="string_181" HPOS="1125" VPOS="1557" WIDTH="124" HEIGHT="31" WC="0.96" CONTENT="genom"/><SP WIDTH="27" VPOS="1557" HPOS="1249"/>
							<String ID="string_182" HPOS="1276" VPOS="1549" WIDTH="50" HEIGHT="28" WC="0.95" CONTENT="att"/><SP WIDTH="28" VPOS="1549" HPOS="1326"/>
							<String ID="string_183" HPOS="1354" VPOS="1545" WIDTH="173" HEIGHT="31" WC="0.96" CONTENT="särskilda"/><SP WIDTH="27" VPOS="1545" HPOS="1527"/>
							<String ID="string_184" HPOS="1554" VPOS="1544" WIDTH="113" HEIGHT="30" WC="0.96" CONTENT="medel"/>
						</TextLine>
						<TextLine ID="line_23" HPOS="185" VPOS="1597" WIDTH="1482" HEIGHT="52">
							<String ID="string_185" HPOS="185" VPOS="1612" WIDTH="98" HEIGHT="30" WC="0.96" CONTENT="ställs"/><SP WIDTH="16" VPOS="1612" HPOS="283"/>
							<String ID="string_186" HPOS="299" VPOS="1611" WIDTH="53" HEIGHT="30" WC="0.96" CONTENT="till"/><SP WIDTH="18" VPOS="1611" HPOS="352"/>
							<String ID="string_187" HPOS="370" VPOS="1608" WIDTH="206" HEIGHT="41" WC="0.96" CONTENT="förfogande"/><SP WIDTH="17" VPOS="1608" HPOS="576"/>
							<String ID="string_188" HPOS="593" VPOS="1608" WIDTH="55" HEIGHT="30" WC="0.96" CONTENT="för"/><SP WIDTH="18" VPOS="1608" HPOS="648"/>
							<String ID="string_189" HPOS="666" VPOS="1607" WIDTH="95" HEIGHT="30" WC="0.96" CONTENT="såväl"/><SP WIDTH="15" VPOS="1607" HPOS="761"/>
							<String ID="string_190" HPOS="776" VPOS="1605" WIDTH="166" HEIGHT="30" WC="0.96" CONTENT="teoretisk"/><SP WIDTH="18" VPOS="1605" HPOS="942"/>
							<String ID="string_191" HPOS="960" VPOS="1613" WIDTH="75" HEIGHT="21" WC="0.96" CONTENT="som"/><SP WIDTH="16" VPOS="1613" HPOS="1035"/>
							<String ID="string_192" HPOS="1051" VPOS="1602" WIDTH="161" HEIGHT="41" WC="0.96" CONTENT="praktisk"/><SP WIDTH="15" VPOS="1602" HPOS="1212"/>
							<String ID="string_193" HPOS="1227" VPOS="1599" WIDTH="328" HEIGHT="39" WC="0.95" CONTENT="vidareutbildning."/><SP WIDTH="19" VPOS="1599" HPOS="1555"/>
							<String ID="string_194" HPOS="1574" VPOS="1597" WIDTH="93" HEIGHT="30" WC="0.89" CONTENT="Med-"/>
						</TextLine>
						<TextLine ID="line_24" HPOS="184" VPOS="1652" WIDTH="1484" HEIGHT="52">
							<String ID="string_195" HPOS="184" VPOS="1667" WIDTH="56" HEIGHT="29" WC="0.96" CONTENT="len"/><SP WIDTH="19" VPOS="1667" HPOS="240"/>
							<String ID="string_196" HPOS="259" VPOS="1666" WIDTH="62" HEIGHT="29" WC="0.96" CONTENT="bör"/><SP WIDTH="19" VPOS="1666" HPOS="321"/>
							<String ID="string_197" HPOS="340" VPOS="1664" WIDTH="107" HEIGHT="40" WC="0.96" CONTENT="enligt"/><SP WIDTH="18" VPOS="1664" HPOS="447"/>
							<String ID="string_198" HPOS="465" VPOS="1664" WIDTH="162" HEIGHT="29" WC="0.96" CONTENT="närmare"/><SP WIDTH="17" VPOS="1664" HPOS="627"/>
							<String ID="string_199" HPOS="644" VPOS="1660" WIDTH="264" HEIGHT="31" WC="0.96" CONTENT="bestämmande"/><SP WIDTH="20" VPOS="1660" HPOS="908"/>
							<String ID="string_200" HPOS="928" VPOS="1668" WIDTH="42" HEIGHT="21" WC="0.96" CONTENT="av"/><SP WIDTH="18" VPOS="1668" HPOS="970"/>
							<String ID="string_201" HPOS="988" VPOS="1658" WIDTH="67" HEIGHT="30" WC="0.96" CONTENT="den"/><SP WIDTH="17" VPOS="1658" HPOS="1055"/>
							<String ID="string_202" HPOS="1072" VPOS="1656" WIDTH="161" HEIGHT="31" WC="0.96" CONTENT="blivande"/><SP WIDTH="18" VPOS="1656" HPOS="1233"/>
							<String ID="string_203" HPOS="1251" VPOS="1653" WIDTH="360" HEIGHT="40" WC="0.92" CONTENT="trafikmyndigheten"/><SP WIDTH="20" VPOS="1653" HPOS="1611"/>
							<String ID="string_204" HPOS="1631" VPOS="1652" WIDTH="37" HEIGHT="29" WC="0.97" CONTENT="få"/>
						</TextLine>
						<TextLine ID="line_25" HPOS="185" VPOS="1702" WIDTH="1483" HEIGHT="57">
							<String ID="string_205" HPOS="185" VPOS="1720" WIDTH="84" HEIGHT="39" WC="0.96" CONTENT="utgå"/><SP WIDTH="18" VPOS="1720" HPOS="269"/>
							<String ID="string_206" HPOS="287" VPOS="1719" WIDTH="58" HEIGHT="30" WC="0.96" CONTENT="vid"/><SP WIDTH="20" VPOS="1719" HPOS="345"/>
							<String ID="string_207" HPOS="365" VPOS="1716" WIDTH="311" HEIGHT="32" WC="0.96" CONTENT="kursverksamhet"/><SP WIDTH="22" VPOS="1716" HPOS="676"/>
							<String ID="string_208" HPOS="698" VPOS="1714" WIDTH="181" HEIGHT="31" WC="0.96" CONTENT="anordnad"/><SP WIDTH="22" VPOS="1714" HPOS="879"/>
							<String ID="string_209" HPOS="901" VPOS="1723" WIDTH="41" HEIGHT="20" WC="0.96" CONTENT="av"/><SP WIDTH="21" VPOS="1723" HPOS="942"/>
							<String ID="string_210" HPOS="963" VPOS="1712" WIDTH="94" HEIGHT="30" WC="0.96" CONTENT="olika"/><SP WIDTH="21" VPOS="1712" HPOS="1057"/>
							<String ID="string_211" HPOS="1078" VPOS="1710" WIDTH="285" HEIGHT="40" WC="0.96" CONTENT="organisationer."/><SP WIDTH="22" VPOS="1710" HPOS="1363"/>
							<String ID="string_212" HPOS="1385" VPOS="1702" WIDTH="283" HEIGHT="48" WC="0.91" CONTENT="Trafikmyndig-"/>
						</TextLine>
						<TextLine ID="line_26" HPOS="185" VPOS="1761" WIDTH="1483" HEIGHT="42">
							<String ID="string_213" HPOS="185" VPOS="1774" WIDTH="105" HEIGHT="29" WC="0.96" CONTENT="heten"/><SP WIDTH="23" VPOS="1774" HPOS="290"/>
							<String ID="string_214" HPOS="313" VPOS="1773" WIDTH="63" HEIGHT="30" WC="0.96" CONTENT="bör"/><SP WIDTH="27" VPOS="1773" HPOS="376"/>
							<String ID="string_215" HPOS="403" VPOS="1771" WIDTH="148" HEIGHT="31" WC="0.96" CONTENT="sålunda"/><SP WIDTH="24" VPOS="1771" HPOS="551"/>
							<String ID="string_216" HPOS="575" VPOS="1779" WIDTH="84" HEIGHT="21" WC="0.96" CONTENT="vara"/><SP WIDTH="24" VPOS="1779" HPOS="659"/>
							<String ID="string_217" HPOS="683" VPOS="1768" WIDTH="206" HEIGHT="30" WC="0.96" CONTENT="huvudman"/><SP WIDTH="26" VPOS="1768" HPOS="889"/>
							<String ID="string_218" HPOS="915" VPOS="1767" WIDTH="54" HEIGHT="29" WC="0.96" CONTENT="för"/><SP WIDTH="26" VPOS="1767" HPOS="969"/>
							<String ID="string_219" HPOS="995" VPOS="1766" WIDTH="67" HEIGHT="29" WC="0.96" CONTENT="den"/><SP WIDTH="26" VPOS="1766" HPOS="1062"/>
							<String ID="string_220" HPOS="1088" VPOS="1764" WIDTH="198" HEIGHT="39" WC="0.93" CONTENT="föreslagna"/><SP WIDTH="26" VPOS="1764" HPOS="1286"/>
							<String ID="string_221" HPOS="1312" VPOS="1761" WIDTH="356" HEIGHT="32" WC="0.87" CONTENT="stödverksamheten."/>
						</TextLine>
						<TextLine ID="line_27" HPOS="187" VPOS="1814" WIDTH="1482" HEIGHT="49">
							<String ID="string_222" HPOS="187" VPOS="1827" WIDTH="277" HEIGHT="30" WC="0.96" CONTENT="Verksamheten"/><SP WIDTH="18" VPOS="1827" HPOS="464"/>
							<String ID="string_223" HPOS="482" VPOS="1826" WIDTH="62" HEIGHT="29" WC="0.96" CONTENT="bör"/><SP WIDTH="18" VPOS="1826" HPOS="544"/>
							<String ID="string_224" HPOS="562" VPOS="1824" WIDTH="106" HEIGHT="39" WC="0.96" CONTENT="enligt"/><SP WIDTH="19" VPOS="1824" HPOS="668"/>
							<String ID="string_225" HPOS="687" VPOS="1822" WIDTH="233" HEIGHT="39" WC="0.96" CONTENT="utredningen"/><SP WIDTH="18" VPOS="1822" HPOS="920"/>
							<String ID="string_226" HPOS="938" VPOS="1820" WIDTH="53" HEIGHT="30" WC="0.96" CONTENT="till"/><SP WIDTH="20" VPOS="1820" HPOS="991"/>
							<String ID="string_227" HPOS="1011" VPOS="1829" WIDTH="42" HEIGHT="21" WC="0.96" CONTENT="en"/><SP WIDTH="18" VPOS="1829" HPOS="1053"/>
							<String ID="string_228" HPOS="1071" VPOS="1818" WIDTH="126" HEIGHT="39" WC="0.96" CONTENT="början"/><SP WIDTH="20" VPOS="1818" HPOS="1197"/>
							<String ID="string_229" HPOS="1217" VPOS="1818" WIDTH="36" HEIGHT="29" WC="0.93" CONTENT="få"/><SP WIDTH="19" VPOS="1818" HPOS="1253"/>
							<String ID="string_230" HPOS="1272" VPOS="1815" WIDTH="318" HEIGHT="31" WC="0.89" CONTENT="försökskaraktär."/><SP WIDTH="20" VPOS="1815" HPOS="1590"/>
							<String ID="string_231" HPOS="1610" VPOS="1814" WIDTH="59" HEIGHT="29" WC="0.92" CONTENT="Ut-"/>
						</TextLine>
						<TextLine ID="line_28" HPOS="187" VPOS="1868" WIDTH="1479" HEIGHT="53">
							<String ID="string_232" HPOS="187" VPOS="1881" WIDTH="193" HEIGHT="40" WC="0.92" CONTENT="redningen"/><SP WIDTH="29" VPOS="1881" HPOS="380"/>
							<String ID="string_233" HPOS="409" VPOS="1879" WIDTH="147" HEIGHT="31" WC="0.96" CONTENT="föreslår"/><SP WIDTH="30" VPOS="1879" HPOS="556"/>
							<String ID="string_234" HPOS="586" VPOS="1880" WIDTH="49" HEIGHT="28" WC="0.96" CONTENT="att"/><SP WIDTH="30" VPOS="1880" HPOS="635"/>
							<String ID="string_235" HPOS="665" VPOS="1878" WIDTH="54" HEIGHT="29" WC="0.96" CONTENT="för"/><SP WIDTH="29" VPOS="1878" HPOS="719"/>
							<String ID="string_236" HPOS="748" VPOS="1877" WIDTH="66" HEIGHT="29" WC="0.93" CONTENT="den"/><SP WIDTH="29" VPOS="1877" HPOS="814"/>
							<String ID="string_237" HPOS="843" VPOS="1872" WIDTH="314" HEIGHT="42" WC="0.89" CONTENT="nytillkommande"/><SP WIDTH="28" VPOS="1872" HPOS="1157"/>
							<String ID="string_238" HPOS="1185" VPOS="1870" WIDTH="267" HEIGHT="31" WC="0.96" CONTENT="verksamheten"/><SP WIDTH="30" VPOS="1870" HPOS="1452"/>
							<String ID="string_239" HPOS="1482" VPOS="1869" WIDTH="138" HEIGHT="29" WC="0.96" CONTENT="anvisas"/><SP WIDTH="32" VPOS="1869" HPOS="1620"/>
							<String ID="string_240" HPOS="1652" VPOS="1868" WIDTH="14" HEIGHT="28" WC="0.94" CONTENT="1"/>
						</TextLine>
						<TextLine ID="line_29" HPOS="188" VPOS="1922" WIDTH="1482" HEIGHT="53">
							<String ID="string_241" HPOS="188" VPOS="1935" WIDTH="88" HEIGHT="40" WC="0.96" CONTENT="milj."/><SP WIDTH="28" VPOS="1935" HPOS="276"/>
							<String ID="string_242" HPOS="304" VPOS="1936" WIDTH="52" HEIGHT="28" WC="0.96" CONTENT="kr."/><SP WIDTH="29" VPOS="1936" HPOS="356"/>
							<String ID="string_243" HPOS="385" VPOS="1934" WIDTH="54" HEIGHT="30" WC="0.96" CONTENT="för"/><SP WIDTH="28" VPOS="1934" HPOS="439"/>
							<String ID="string_244" HPOS="467" VPOS="1934" WIDTH="111" HEIGHT="29" WC="0.96" CONTENT="första"/><SP WIDTH="25" VPOS="1934" HPOS="578"/>
							<String ID="string_245" HPOS="603" VPOS="1931" WIDTH="215" HEIGHT="39" WC="0.95" CONTENT="budgetåret."/><SP WIDTH="28" VPOS="1931" HPOS="818"/>
							<String ID="string_246" HPOS="846" VPOS="1928" WIDTH="238" HEIGHT="39" WC="0.93" CONTENT="Utredningen"/><SP WIDTH="29" VPOS="1928" HPOS="1084"/>
							<String ID="string_247" HPOS="1113" VPOS="1926" WIDTH="169" HEIGHT="30" WC="0.92" CONTENT="skisserar"/><SP WIDTH="29" VPOS="1926" HPOS="1282"/>
							<String ID="string_248" HPOS="1311" VPOS="1925" WIDTH="86" HEIGHT="29" WC="0.96" CONTENT="även"/><SP WIDTH="28" VPOS="1925" HPOS="1397"/>
							<String ID="string_249" HPOS="1425" VPOS="1932" WIDTH="42" HEIGHT="21" WC="0.96" CONTENT="en"/><SP WIDTH="28" VPOS="1932" HPOS="1467"/>
							<String ID="string_250" HPOS="1495" VPOS="1922" WIDTH="175" HEIGHT="40" WC="0.91" CONTENT="organisa-"/>
						</TextLine>
						<TextLine ID="line_30" HPOS="188" VPOS="1982" WIDTH="902" HEIGHT="41">
							<String ID="string_251" HPOS="188" VPOS="1989" WIDTH="187" HEIGHT="30" WC="0.91" CONTENT="tionsform"/><SP WIDTH="23" VPOS="1989" HPOS="375"/>
							<String ID="string_252" HPOS="398" VPOS="1988" WIDTH="53" HEIGHT="30" WC="0.96" CONTENT="för"/><SP WIDTH="22" VPOS="1988" HPOS="451"/>
							<String ID="string_253" HPOS="473" VPOS="1987" WIDTH="114" HEIGHT="30" WC="0.90" CONTENT="denna"/><SP WIDTH="21" VPOS="1987" HPOS="587"/>
							<String ID="string_254" HPOS="608" VPOS="1982" WIDTH="482" HEIGHT="41" WC="0.90" CONTENT="fortbildningsverksamhet."/>
						</TextLine>
					</TextBlock>
				</ComposedBlock>
				<ComposedBlock ID="cblock_8" HPOS="192" VPOS="2185" WIDTH="192" HEIGHT="31">
					<TextBlock ID="block_7" HPOS="192" VPOS="2185" WIDTH="192" HEIGHT="31">
						<TextLine ID="line_31" HPOS="192" VPOS="2185" WIDTH="192" HEIGHT="31">
							<String ID="string_255" HPOS="192" VPOS="2185" WIDTH="192" HEIGHT="31" WC="0.96" CONTENT="Yttranden"/>
						</TextLine>
					</TextBlock>
				</ComposedBlock>
				<GraphicalElement ID="cblock_9" HPOS="480" VPOS="2242" WIDTH="1193" HEIGHT="16"></GraphicalElement >
				<ComposedBlock ID="cblock_10" HPOS="188" VPOS="2290" WIDTH="1491" HEIGHT="264">
					<TextBlock ID="block_8" HPOS="188" VPOS="2290" WIDTH="1491" HEIGHT="264">
						<TextLine ID="line_32" HPOS="233" VPOS="2290" WIDTH="1443" HEIGHT="50">
							<String ID="string_256" HPOS="233" VPOS="2302" WIDTH="239" HEIGHT="38" WC="0.96" CONTENT="Utredningen"/><SP WIDTH="23" VPOS="2302" HPOS="472"/>
							<String ID="string_257" HPOS="495" VPOS="2299" WIDTH="146" HEIGHT="30" WC="0.96" CONTENT="föreslår"/><SP WIDTH="24" VPOS="2299" HPOS="641"/>
							<String ID="string_258" HPOS="665" VPOS="2300" WIDTH="49" HEIGHT="28" WC="0.96" CONTENT="att"/><SP WIDTH="23" VPOS="2300" HPOS="714"/>
							<String ID="string_259" HPOS="737" VPOS="2296" WIDTH="161" HEIGHT="31" WC="0.96" CONTENT="förbudet"/><SP WIDTH="24" VPOS="2296" HPOS="898"/>
							<String ID="string_260" HPOS="922" VPOS="2297" WIDTH="72" HEIGHT="28" WC="0.92" CONTENT="mot"/><SP WIDTH="35" VPOS="2297" HPOS="994"/>
							<String ID="string_261" HPOS="1029" VPOS="2292" WIDTH="347" HEIGHT="40" WC="0.90" CONTENT="övningskörn"/><SP WIDTH="13" VPOS="2292" HPOS="1376"/>
							<String ID="string_262" HPOS="1389" VPOS="2291" WIDTH="80" HEIGHT="39" WC="0.95" CONTENT="ing"/><SP WIDTH="33" VPOS="2291" HPOS="1469"/>
							<String ID="string_263" HPOS="1502" VPOS="2290" WIDTH="56" HEIGHT="39" WC="0.93" CONTENT="på"/><SP WIDTH="34" VPOS="2290" HPOS="1558"/>
							<String ID="string_264" HPOS="1592" VPOS="2298" WIDTH="84" HEIGHT="20" WC="0.84" CONTENT="mo-"/>
						</TextLine>
						<TextLine ID="line_33" HPOS="188" VPOS="2343" WIDTH="1490" HEIGHT="51">
							<String ID="string_265" HPOS="188" VPOS="2355" WIDTH="176" HEIGHT="39" WC="0.89" CONTENT="torväg"/><SP WIDTH="29" VPOS="2355" HPOS="364"/>
							<String ID="string_266" HPOS="393" VPOS="2354" WIDTH="88" HEIGHT="30" WC="0.95" CONTENT="skall"/><SP WIDTH="16" VPOS="2354" HPOS="481"/>
							<String ID="string_267" HPOS="497" VPOS="2352" WIDTH="202" HEIGHT="30" WC="0.96" CONTENT="bibehållas."/><SP WIDTH="17" VPOS="2352" HPOS="699"/>
							<String ID="string_268" HPOS="716" VPOS="2351" WIDTH="71" HEIGHT="29" WC="0.96" CONTENT="Här"/><SP WIDTH="17" VPOS="2351" HPOS="787"/>
							<String ID="string_269" HPOS="804" VPOS="2349" WIDTH="155" HEIGHT="30" WC="0.96" CONTENT="anmäler"/><SP WIDTH="18" VPOS="2349" HPOS="959"/>
							<String ID="string_270" HPOS="977" VPOS="2348" WIDTH="87" HEIGHT="30" WC="0.96" CONTENT="flera"/><SP WIDTH="16" VPOS="2348" HPOS="1064"/>
							<String ID="string_271" HPOS="1080" VPOS="2346" WIDTH="300" HEIGHT="31" WC="0.95" CONTENT="remissinstanser"/><SP WIDTH="18" VPOS="2346" HPOS="1380"/>
							<String ID="string_272" HPOS="1398" VPOS="2343" WIDTH="192" HEIGHT="31" WC="0.93" CONTENT="avvikande"/><SP WIDTH="17" VPOS="2343" HPOS="1590"/>
							<String ID="string_273" HPOS="1607" VPOS="2351" WIDTH="71" HEIGHT="20" WC="0.91" CONTENT="me-"/>
						</TextLine>
						<TextLine ID="line_34" HPOS="192" VPOS="2395" WIDTH="1486" HEIGHT="54">
							<String ID="string_274" HPOS="192" VPOS="2411" WIDTH="93" HEIGHT="38" WC="0.96" CONTENT="ning."/><SP WIDTH="33" VPOS="2411" HPOS="285"/>
							<String ID="string_275" HPOS="318" VPOS="2408" WIDTH="156" HEIGHT="39" WC="0.92" CONTENT="Sveriges"/><SP WIDTH="36" VPOS="2408" HPOS="474"/>
							<String ID="string_276" HPOS="510" VPOS="2406" WIDTH="183" HEIGHT="30" WC="0.90" CONTENT="bilskolors"/><SP WIDTH="34" VPOS="2406" HPOS="693"/>
							<String ID="string_277" HPOS="727" VPOS="2403" WIDTH="230" HEIGHT="40" WC="0.96" CONTENT="riksförbund"/><SP WIDTH="33" VPOS="2403" HPOS="957"/>
							<String ID="string_278" HPOS="990" VPOS="2402" WIDTH="65" HEIGHT="30" WC="0.92" CONTENT="och"/><SP WIDTH="35" VPOS="2402" HPOS="1055"/>
							<String ID="string_279" HPOS="1090" VPOS="2400" WIDTH="390" HEIGHT="40" WC="0.92" CONTENT="Trafikassistenternas"/><SP WIDTH="34" VPOS="2400" HPOS="1480"/>
							<String ID="string_280" HPOS="1514" VPOS="2395" WIDTH="164" HEIGHT="42" WC="0.96" CONTENT="förening"/>
						</TextLine>
						<TextLine ID="line_35" HPOS="193" VPOS="2450" WIDTH="1485" HEIGHT="49">
							<String ID="string_281" HPOS="193" VPOS="2463" WIDTH="159" HEIGHT="31" WC="0.96" CONTENT="förordar"/><SP WIDTH="25" VPOS="2463" HPOS="352"/>
							<String ID="string_282" HPOS="377" VPOS="2464" WIDTH="49" HEIGHT="28" WC="0.96" CONTENT="att"/><SP WIDTH="24" VPOS="2464" HPOS="426"/>
							<String ID="string_283" HPOS="450" VPOS="2460" WIDTH="163" HEIGHT="31" WC="0.96" CONTENT="förbudet"/><SP WIDTH="23" VPOS="2460" HPOS="613"/>
							<String ID="string_284" HPOS="636" VPOS="2459" WIDTH="170" HEIGHT="40" WC="0.96" CONTENT="upphävs."/><SP WIDTH="25" VPOS="2459" HPOS="806"/>
							<String ID="string_285" HPOS="831" VPOS="2456" WIDTH="265" HEIGHT="39" WC="0.96" CONTENT="Länsstyrelsen"/><SP WIDTH="25" VPOS="2456" HPOS="1096"/>
							<String ID="string_286" HPOS="1121" VPOS="2455" WIDTH="11" HEIGHT="29" WC="0.96" CONTENT="i"/><SP WIDTH="22" VPOS="2455" HPOS="1132"/>
							<String ID="string_287" HPOS="1154" VPOS="2452" WIDTH="255" HEIGHT="32" WC="0.96" CONTENT="Kristianstads"/><SP WIDTH="25" VPOS="2452" HPOS="1409"/>
							<String ID="string_288" HPOS="1434" VPOS="2452" WIDTH="57" HEIGHT="30" WC="0.96" CONTENT="län"/><SP WIDTH="25" VPOS="2452" HPOS="1491"/>
							<String ID="string_289" HPOS="1516" VPOS="2450" WIDTH="162" HEIGHT="31" WC="0.96" CONTENT="förordar"/>
						</TextLine>
						<TextLine ID="line_36" HPOS="192" VPOS="2505" WIDTH="1487" HEIGHT="49">
							<String ID="string_290" HPOS="192" VPOS="2516" WIDTH="159" HEIGHT="31" WC="0.96" CONTENT="tillstånd"/><SP WIDTH="30" VPOS="2516" HPOS="351"/>
							<String ID="string_291" HPOS="381" VPOS="2516" WIDTH="53" HEIGHT="30" WC="0.96" CONTENT="till"/><SP WIDTH="31" VPOS="2516" HPOS="434"/>
							<String ID="string_292" HPOS="465" VPOS="2513" WIDTH="297" HEIGHT="41" WC="0.96" CONTENT="övningskörning"/><SP WIDTH="29" VPOS="2513" HPOS="762"/>
							<String ID="string_293" HPOS="791" VPOS="2512" WIDTH="11" HEIGHT="30" WC="0.96" CONTENT="i"/><SP WIDTH="31" VPOS="2512" HPOS="802"/>
							<String ID="string_294" HPOS="833" VPOS="2510" WIDTH="192" HEIGHT="31" WC="0.96" CONTENT="slutskedet"/><SP WIDTH="30" VPOS="2510" HPOS="1025"/>
							<String ID="string_295" HPOS="1055" VPOS="2519" WIDTH="43" HEIGHT="21" WC="0.95" CONTENT="av"/><SP WIDTH="28" VPOS="2519" HPOS="1098"/>
							<String ID="string_296" HPOS="1126" VPOS="2508" WIDTH="253" HEIGHT="39" WC="0.91" CONTENT="utbildningen."/><SP WIDTH="31" VPOS="2508" HPOS="1379"/>
							<String ID="string_297" HPOS="1410" VPOS="2505" WIDTH="88" HEIGHT="31" WC="0.88" CONTENT="NTF"/><SP WIDTH="29" VPOS="2505" HPOS="1498"/>
							<String ID="string_298" HPOS="1527" VPOS="2505" WIDTH="152" HEIGHT="30" WC="0.95" CONTENT="framför"/>
						</TextLine>
					</TextBlock>
				</ComposedBlock>
			</PrintSpace>
		</Page>
	</Layout>
</alto>
