2229 2663
436 215 21 31 4
882 213 250 32 Statsutskottels
1162 211 172 33 Utlåtande
1356 212 64 32 N:o
1446 211 50 32 76.

1501 342 113 39 Ökning
1631 348 93 25 under
1743 349 61 24 året
1822 348 10 24 i

451 397 6 6 -
585 377 227 25 Telefonsamtal
831 380 60 21 mot

441 406 42 23 Ar
1015 402 251 32 Samtalsafgifter.

621 429 122 25 särskild
762 429 94 32 afgift.
1851 454 4 4 |
1986 416 4 42 |

396 464 2 16 |
1428 450 112 41 samtal.
1676 453 246 33 samtalsafgifter.

421 582 98 43 1896...
653 584 136 34 1,981,548
808 587 120 32 stycken
1117 584 110 32 718,782
1260 580 20 43 |
1290 599 32 4 —
1521 599 31 4 —
1823 599 33 3 —
1935 599 31 3 —

421 639 98 27 1897...
653 638 136 33 2,209,618
861 649 12 12 »
1117 637 111 33 841,354
1255 633 22 43 |
1291 652 31 4 —
1477 636 111 33 228,070
1763 636 110 33 122,622
1901 632 22 43 |
1935 651 32 4 —

421 691 107 37 1898...|
653 690 136 32 2,185,952
862 701 11 11 »
1092 690 136 31 1,001,434
1257 685 20 43 |
1292 705 30 3 —
1478 689 111 32 576,334
1763 689 110 31 160,080
1898 685 22 42 |
1935 704 32 4 —

421 732 108 37 1899...|
653 741 135 33 3,275,667
862 752 10 12 ”»
1092 740 136 33 1,145,380
1254 736 23 43 |
1291 756 31 3 —
1477 739 112 33 489,715
1762 739 111 32 143,896
1900 735 22 43 |
1935 754 33 4 —

421 792 97 42 1900...
653 793 135 34 4,087,551
808 794 132 34 perioder
1091 793 135 33 1,285,923
1257 789 20 44 |
1289 810 33 3 —
1343 800 2 24 |
1517 790 37 42 -—
1761 792 111 33 140,598
1900 788 20 44 |
1934 808 32 4 —

421 844 97 43 1901...
652 846 138 33 4,872,840
862 858 11 11 »
1092 846 136 31 1,495,044
1258 842 19 42 |
1289 861 32 3 —
1343 864 2 36 |
1478 845 110 32 785,289
1761 844 111 32 209,121
1897 840 23 44 |
1933 859 33 4 —

421 896 98 43 1902...
654 898 135 34 5,735,016
862 910 10 11 »
1092 898 136 32 1,767,090
1260 894 18 46 |
1290 914 31 3 —
1343 928 2 8 |
1477 897 112 34 862,176
1761 896 111 33 272,046
1900 892 22 44 |
1933 912 33 3 —

421 952 108 32 1903...|
654 952 136 32 6,470,298
861 963 11 11 »
1091 950 136 33 2,019,757
1257 946 20 44 |
1290 966 30 3 —
1478 950 110 27 735.282
1761 949 111 32 202,697
1900 945 22 44 |
1933 964 33 4 —

421 1004 98 27 1904...
653 1004 136 31 7,516,899
861 1015 11 11 »
1091 1003 135 32 2,385.899
1256 999 22 43 |
1289 1018 32 4 —
1452 1003 135 32 1,046,601
1761 1001 110 33 369,112
1899 997 22 43 |
1934 1016 33 4 —

421 1057 108 34 1905...|
546 1059 86 24 omkr.
653 1056 136 33 9.000,000
862 1067 10 12 »
947 1076 2 12 |
972 1058 87 24 omkr.
1091 1056 136 31 2,800,000
1255 1050 19 42 |
1289 1071 32 3 —
1351 1058 86 24 |omkr.
1452 1056 136 32 1,480,000
1607 1050 16 42 |
1650 1057 88 25 omkr.
1761 1054 112 33 410,090
1898 1050 25 42 |
1934 1069 34 4 —
1988 1024 4 61 |

502 1145 52 36 Af
579 1146 109 36 dessa
717 1145 126 36 siffror
870 1158 92 23 vore
991 1144 46 37 de
1065 1144 60 36 för
1152 1147 40 34 år
1224 1145 96 36 1905
1350 1144 298 49 approximativt
1668 1143 217 38 beräknade
1905 1143 86 37 med

395 1197 157 49 ledning
581 1198 41 35 af
646 1196 289 37 förhållandena
962 1196 121 36 under
1111 1196 46 36 de
1185 1196 53 35 tio
1267 1196 119 36 första
1413 1196 231 36 månaderna
1672 1195 41 36 af
1737 1198 93 34 året.

499 1250 74 36 Det
601 1254 128 44 syntes
758 1249 189 49 styrelsen
975 1249 93 36 böra
1096 1248 211 47 anmärkas,
1338 1252 54 33 att
1420 1248 42 37 af
1483 1248 46 37 de
1548 1248 123 37 under
1690 1250 91 34 åren
1803 1248 96 36 1903
1920 1246 72 38 och

399 1304 98 35 1904
542 1302 60 37 för
647 1302 244 36 interurbana
937 1301 281 49 anläggningar
1263 1301 179 36 anvisade
1483 1300 220 45 lånemedel,
1741 1299 249 37 tillsammans

399 1356 202 46 1,720,000
625 1354 152 47 kronor,
803 1353 203 49 ledningar
1028 1354 61 35 för
1112 1353 135 36 endast
1270 1353 179 48 omkring
1471 1354 202 46 1,340,000
1690 1352 141 36 kronor
1846 1355 146 32 kunnat

396 1406 279 49 färdigbyggas
690 1406 121 36 under
825 1406 164 36 nämnda
1004 1408 52 45 år,
1067 1405 199 37 hvaremot
1282 1405 45 37 de
1344 1405 240 36 återstående
1599 1404 251 49 ledningarna
1864 1403 128 37 blifvit

396 1459 151 49 färdiga
590 1458 97 37 först
727 1459 120 36 under
888 1458 130 50 loppet
1059 1458 41 36 af
1132 1460 40 34 år
1203 1459 110 46 1905,
1343 1457 196 37 äfvensom
1569 1461 56 32 att
1652 1456 91 37 flere
1773 1456 49 37 af'
1839 1456 46 36 de
1912 1456 80 36 led-

395 1512 150 48 ningar,
589 1524 81 23 som
712 1510 120 37 skulle
874 1510 184 49 anläggas
1095 1510 60 36 för
1195 1511 97 35 1905
1322 1512 59 34 års
1409 1509 223 48 lånemedel,
1662 1514 100 31 ännu
1788 1509 85 36 icke
1901 1521 91 24 vore

396 1563 252 36 fullbordade.
704 1563 83 36 Den
825 1567 103 31 stora
965 1562 146 48 ökning
1138 1562 12 35 i
1179 1562 141 36 antalet
1356 1562 245 36 interurbana
1630 1561 135 37 samtal
1794 1561 71 36 och
1895 1573 97 24 sam-

396 1615 244 49 talsafgifter,
671 1628 81 24 som
780 1615 12 36 i
815 1614 222 50 jämförelse
1066 1614 86 37 med
1180 1614 233 49 föregående
1441 1617 40 34 år
1511 1614 64 37 det
1594 1613 156 37 oaktadt
1768 1613 224 37 förefunnes

395 1668 120 36 under
544 1671 90 33 åren
666 1669 98 35 1904
793 1667 70 36 och
895 1668 108 45 1905,
1034 1671 130 45 syntes
1191 1667 13 35 i
1231 1666 192 49 väsentlig
1449 1669 89 34 mån
1563 1666 91 37 böra
1672 1665 224 37 tillskrifvas
1917 1665 74 37 den

396 1720 122 36 ökade
555 1719 132 49 tillsyn
728 1719 71 37 och
840 1719 165 36 kontroll
1047 1719 107 37 öfver
1193 1719 319 48 telefontrafiken,
1544 1731 82 24 som
1656 1718 166 37 erhållits
1851 1731 140 36 genom

394 1772 219 37 införandet
641 1772 41 36 af
708 1772 72 36 den
809 1786 74 34 nya
910 1771 428 49 telegrafinspektionen
1367 1771 69 37 och
1466 1771 255 37 anställandet
1750 1771 40 36 af
1803 1775 54 32 ett
1873 1770 115 37 ökadt

396 1825 103 36 antal
527 1824 200 49 kvinnliga
755 1824 352 37 vaktföreståndare
1136 1827 20 33 å
1184 1824 46 36 de
1259 1829 121 32 större
1408 1823 391 37 telefonstationerna.

502 1876 70 37 Om
601 1876 350 37 rikstelefonnätets
978 1876 222 49 utveckling
1228 1875 121 38 skulle
1377 1876 139 47 kunna,
1546 1879 41 33 så
1613 1876 81 36 vidt
1713 1875 162 49 möjligt,
1894 1879 97 31 mot-

397 1942 110 23 svara
548 1929 46 36 de
635 1928 97 49 kraf,
763 1942 82 23 som
873 1933 54 32 ett
956 1928 116 37 ökadt
1099 1928 253 49 begagnande
1381 1928 135 37 ställde
1544 1931 48 46 på
1620 1928 221 46 detsamma,
1871 1929 120 34 måste

396 1994 140 35 genom
564 1981 239 49 anläggande
846 1981 41 36 af
924 1995 75 35 nya
1033 1981 251 36 förbindelser
1312 1980 199 50 möjlighet
1539 1980 159 37 beredas
1728 1984 54 32 att
1809 1979 181 36 framföra

397 2034 75 36 den
500 2033 171 37 växande
700 2033 161 36 trafiken
890 2034 72 35 och
989 2032 278 38 tillfredsställa
1295 2032 46 37 de
1361 2032 121 37 ökade
1503 2033 212 49 anspråken
1734 2035 49 46 på
1803 2045 47 23 en
1870 2031 120 37 snabb

396 2085 230 50 expedition.

501 2137 225 37 Kostnaden
754 2137 59 36 för
843 2137 46 36 de
917 2137 245 36 interurbana
1189 2137 214 49 ledningar,
1434 2149 81 24 som
1544 2136 122 49 enligt
1694 2135 212 38 verkställd
1933 2139 58 32 ut-

396 2190 163 48 redning
586 2189 117 37 borde
733 2189 148 37 komma
909 2189 57 37 till
993 2189 200 37 utförande
1223 2189 119 37 under
1371 2192 40 33 år
1443 2190 95 35 1906
1568 2188 72 37 och
1659 2188 151 37 hvilkas
1830 2187 161 50 anlägg-

396 2242 97 49 ning
519 2242 84 36 icke
631 2246 92 32 utan
750 2242 265 36 allvarsamma
1044 2242 248 48 olägenheter
1321 2241 124 36 kunde
1472 2241 242 49 uppskjutas,
1742 2253 94 24 vore
1856 2240 135 37 beräk-

396 2295 74 35 nad
511 2294 58 36 till
601 2295 201 46 1,800,000
840 2294 151 36 kronor.
1047 2294 75 36 Det
1149 2294 118 36 borde
1297 2293 131 36 därvid
1456 2293 363 49 uppmärksammas,
1848 2297 68 43 att,
1945 2292 47 36 då

397 2359 46 24 en
486 2346 60 36 del
588 2346 242 37 interurbana
872 2346 210 48 ledningar,
1126 2349 124 34 såsom
1280 2346 185 49 styrelsen
1494 2346 103 36 förut
1624 2344 218 48 framhållit,
1872 2343 119 38 under
