2172 2521
403 173 17 26 2
852 167 265 32 Statsutskottets
1145 165 175 33 Utlåtande
1343 167 63 31 N:o
1428 170 49 28 10.

362 254 93 33 lidne
482 253 188 34 november
698 252 142 43 afgifvit
866 249 184 36 utlåtande
1077 249 180 46 angående
1285 252 123 43 anslag
1436 252 53 34 till
1508 250 275 46 ifrågavarande
1802 249 160 38 ändamål

362 304 54 33 för
453 301 40 36 år
537 305 93 31 1895
671 303 76 33 icke
775 300 188 45 ifrågasatt
990 300 114 45 någon
1132 302 202 44 förhöjning
1361 302 12 33 i
1401 303 177 42 anslagets
1604 303 134 42 belopp.
1792 301 78 36 Den
1899 303 61 34 tid-

363 354 122 43 punkt,
522 354 142 42 yttrade
705 352 229 42 direktionen,
975 355 119 40 syntes
1135 353 64 33 allt
1231 363 95 23 mera
1356 356 121 30 närma
1505 353 64 43 sig,
1598 351 54 44 då,
1682 353 109 43 enligt
1818 354 40 33 de
1886 354 76 33 med

363 405 135 42 hänsyn
525 403 54 34 till
606 403 253 34 förutvarande
886 403 304 43 härorganisation
1219 402 124 44 gjorda
1371 403 248 43 beräkningar,
1646 402 150 44 jemvigt
1817 405 144 33 emellan

363 455 168 33 tillkomst
573 454 63 33 och
676 450 131 47 afgång
846 450 21 36 å
906 453 277 43 pensionsstaten
1224 453 135 33 komme
1400 456 53 30 att
1492 450 145 45 uppnås,
1667 453 64 34 och
1758 453 57 33 det
1843 461 118 35 syntes

365 505 219 34 direktionen
624 504 111 33 under
775 501 130 36 sådana
934 501 241 36 förhållanden
1204 503 29 43 ej
1264 513 88 24 vara
1381 504 75 33 skäl
1485 506 54 31 att
1566 503 54 34 för
1647 501 40 36 år
1718 504 93 33 1895
1840 513 121 33 genom

365 555 144 44 höjning
537 555 38 33 af
601 555 161 42 anslaget
788 554 128 33 bereda
944 554 111 33 ökade
1083 553 108 34 medel
1221 554 54 33 för
1303 553 300 43 pensioneringen,
1633 554 89 33 helst
1750 553 212 35 tillkomsten

365 606 83 33 eller
489 605 173 43 afgången
704 604 90 34 inom
834 604 268 43 pensionärerne
1143 604 58 34 det
1241 614 65 23 ena
1334 601 76 36 året
1437 604 11 32 i
1474 603 126 44 hvarje
1628 603 63 34 fall
1718 604 115 33 kunde
1860 605 102 33 ställa

365 657 52 42 sig
457 655 274 43 fördelaktigare
769 655 83 33 eller
893 664 263 33 ogynsammare
1188 658 44 29 än
1268 654 58 33 det
1355 654 108 33 andra
1491 654 63 33 och
1582 657 73 30 stor
1683 651 177 45 svårighet
1888 654 74 43 följ-

366 707 156 42 aktligen
564 703 109 35 måste
713 708 92 30 möta
846 708 53 30 att
926 705 10 33 i
964 705 58 33 det
1049 707 176 31 närmaste
1253 702 62 36 två
1342 702 40 36 år
1408 705 11 32 i
1446 705 126 42 förväg
1599 702 45 45 på
1672 703 119 34 siffran
1820 704 142 43 angifva

367 757 57 33 det
464 756 275 42 anslagsbelopp,
773 765 70 24 som
871 755 116 34 kunde
1015 756 110 33 varda
1154 755 38 34 af
1217 755 123 33 nöden.
1394 753 168 35 Deremot
1590 752 129 46 ansåge
1747 753 215 34 direktionen

366 807 158 42 anslaget
551 807 84 33 böra
661 804 20 36 å
709 806 173 34 ordinarie
910 808 71 31 stat
1007 806 165 42 uppföras
1199 805 64 34 och
1290 804 189 34 hemstälde
1507 804 234 44 följaktligen,
1762 806 53 31 att
1833 802 128 44 Kongl.

366 856 106 44 Maj:t
510 857 139 33 täcktes
689 853 126 36 föreslå
859 857 94 32 1894
992 852 57 36 års
1089 855 169 42 Riksdag,
1300 857 55 31 att
1394 858 51 30 ett
1484 855 275 42 förslagsanslag
1785 851 21 37 å
1833 864 129 23 samma

365 908 133 42 belopp,
540 916 71 24 som
652 906 53 33 för
744 903 40 36 år
828 907 93 32 1894
960 906 118 33 blifvit
1110 905 175 42 anvisadt,
1315 905 84 33 eller
1426 903 20 35 å
1478 906 195 41 1,540,000
1702 905 127 33 kronor
1856 902 107 36 måtte

366 957 53 33 för
459 957 256 34 ofvannämnda
756 953 161 36 ändamål
958 956 142 34 anvisas
1140 959 53 31 att
1233 953 79 35 från
1353 955 63 34 och
1448 954 76 34 med
1551 952 40 35 år
1623 956 93 32 1895
1744 952 20 36 å
1792 954 172 34 ordinarie

366 1011 71 30 stat
463 1008 95 42 utgå.

499 1056 92 34 Lika
619 1056 76 33 med
723 1056 218 33 direktionen
968 1056 89 33 hade
1085 1056 255 43 föredragande
1368 1056 383 43 departementschefen
1780 1059 114 31 ansett
1913 1056 52 42 sig

368 1107 119 33 kunna
516 1110 143 39 antaga,
689 1110 53 30 att
770 1107 177 42 anslagets
973 1107 123 42 belopp
1124 1106 53 34 för
1204 1104 40 36 är
1276 1108 94 32 1895
1398 1107 115 33 kunde
1534 1107 210 33 bestämmas
1764 1107 51 33 till
1835 1116 128 23 samma

367 1158 122 42 belopp
517 1167 70 24 som
618 1157 52 34 för
698 1154 40 36 år
769 1158 94 32 1894
890 1156 84 34 eller
1000 1156 54 33 till
1086 1158 194 40 1,540,000
1305 1157 138 33 kronor.
1485 1155 154 35 Dermed
1657 1157 103 33 borde
1775 1156 190 34 emellertid

368 1208 104 34 äfven
501 1218 87 23 vara
616 1206 138 44 afgjord
782 1204 137 45 frågan,
946 1206 91 33 huru
1064 1206 81 35 vida
1174 1207 159 43 anslaget
1361 1206 217 35 fortfarande
1605 1207 113 34 skulle
1740 1204 109 36 såsom
1866 1209 98 31 extra

368 1259 122 42 anslag
532 1254 192 36 bibehållas
764 1257 84 33 eller
887 1254 20 36 å
948 1257 173 33 ordinarie
1149 1260 72 30 stat
1247 1257 178 43 uppföras.
1480 1256 248 44 Anledningen
1757 1257 127 42 dertill,
1914 1259 53 31 att

368 1311 51 30 ett
459 1308 122 42 anslag
614 1308 39 33 af
681 1307 231 34 förevarande
940 1306 251 43 beskaffenhet,
1220 1317 71 24 som
1319 1308 89 33 hade
1436 1307 52 34 till
1515 1305 163 36 ändamål
1706 1310 52 31 att
1786 1307 179 43 tillgodose

368 1361 51 31 ett
459 1358 156 43 ständigt
642 1355 283 36 återkommande
953 1357 39 33 af
1015 1356 129 44 Kongl.
1174 1356 108 45 Maj:t
1309 1358 78 33 med
1413 1356 204 45 Riksdagen
1645 1358 179 43 godkändt
1850 1356 114 42 behof,

368 1409 58 33 det
466 1408 147 34 oaktadt
654 1407 115 35 blifvit
809 1405 20 36 å
869 1411 100 30 extra
1010 1407 173 34 ordinarie
1224 1411 72 30 stat
1336 1407 175 44 uppfördt,
1553 1406 110 35 måste
1697 1407 169 44 nemligen
1893 1407 71 33 helt

368 1459 172 41 naturligt
567 1459 103 32 sökas
698 1458 9 33 i
736 1458 64 33 den
829 1458 313 42 omständigheten,
1170 1461 54 30 att
1252 1458 170 43 anslaget,
1452 1458 90 33 efter
1569 1458 93 34 hvad
1690 1468 78 24 man
1796 1455 168 45 förutsåg,

369 1509 110 33 skulle
507 1509 137 33 komma
673 1511 53 31 att
753 1509 110 33 under
891 1518 41 24 en
957 1507 254 44 jemförelsevis
1238 1509 83 42 lång
1348 1508 190 43 tidsperiod
1566 1508 118 34 tarfva
1713 1508 160 43 ständiga
1900 1508 65 33 för-

368 1558 196 44 höjningar,
606 1569 76 23 men
724 1556 43 36 då
803 1569 142 23 numera
987 1558 114 34 kunde
1129 1562 161 40 antagas,
1319 1560 54 32 att
1399 1556 113 46 någon
1542 1558 145 44 höjning
1714 1558 39 34 af
1777 1559 188 33 detsamma

368 1609 76 33 icke
491 1609 110 33 under
645 1609 41 33 de
731 1611 176 31 närmaste
950 1606 103 36 årens
1093 1608 309 44 statsregleringar
1442 1608 115 34 blefve
1599 1609 39 33 af
1675 1608 122 43 nöden,
1838 1605 129 45 ansåge

369 1659 382 43 departementschefen
792 1659 102 33 deraf
930 1656 105 36 också
1074 1659 110 33 blifva
1226 1669 41 23 en
1308 1659 97 43 följd,
1443 1662 54 30 att
1524 1659 161 43 anslaget
1712 1659 72 33 lika
1811 1659 56 34 väl
1897 1668 68 24 som

368 1710 245 33 motsvarande
654 1710 53 33 för
747 1709 218 34 civilstatens
997 1709 64 34 och
1087 1708 142 35 flottans
1257 1710 77 33 med
1360 1708 85 35 flera
1473 1711 129 32 staters
1630 1708 338 44 pensionsreglering

369 1760 142 34 afsedda
540 1760 215 43 statsbidrag
781 1760 105 33 borde
913 1757 21 36 å
961 1759 174 34 ordinarie
1163 1762 72 31 stat
1261 1759 176 43 uppföras.

503 1860 52 34 Af
592 1860 59 34 det
691 1857 216 36 förhållande
939 1862 53 31 att
1020 1857 273 45 ifrågavarande
1322 1860 133 42 anslag,
1483 1859 139 34 hvilket
1649 1858 126 34 hittills
1801 1858 54 34 till
1882 1857 86 44 följd

370 1910 38 33 af
441 1910 41 34 de
509 1911 161 33 växande
698 1910 193 43 utgifterna
919 1910 53 34 för
1000 1911 137 33 arméns
1164 1910 246 43 pensionering
1436 1907 89 36 måst
1552 1906 40 36 år
1620 1909 90 34 efter
1736 1906 40 36 år
1802 1907 164 43 förhöjas,

370 1961 76 33 icke
474 1971 103 33 synes
603 1961 54 34 för
684 1961 284 34 nästkommande
996 1958 39 36 år
1062 1959 150 35 behöfva
1238 1960 209 44 ytterligare
1475 1959 96 42 ökas,
1599 1959 67 34 har
1692 1959 173 33 utskottet
1891 1958 76 34 icke

370 2011 114 33 funnit
512 2011 192 44 tillräcklig
731 2011 188 44 anledning
946 2013 143 41 antaga,
1118 2013 54 31 att
1199 2010 96 33 tiden
1316 2020 47 24 nu
1383 2010 111 34 skulle
1514 2019 88 24 vara
1622 2010 80 33 inne
1721 2009 54 34 för
1793 2009 176 42 anslagets

372 2062 212 42 uppförande
638 2059 20 36 å
711 2061 174 34 ordinarie
930 2064 82 39 stat,
1059 2061 90 33 helst
1194 2060 38 34 af
1269 2058 384 45 statsrådsprotokollet
1692 2060 182 40 inhemtas,
1916 2061 53 30 att

371 2112 169 42 anslaget,
569 2122 70 23 som
668 2112 53 33 för
747 2112 238 34 innevarande
1011 2109 40 36 år
1078 2110 94 44 höjts
1199 2111 77 33 med
1297 2113 133 41 20,000
1462 2111 141 42 kronor,
1624 2109 176 35 sannolikt
1814 2110 154 32 kommer

371 2164 54 31 att
452 2162 97 33 detta
577 2160 39 36 år
644 2162 73 34 visa
747 2164 51 32 ett
825 2162 196 35 öfverskott
1049 2161 39 34 af
1104 2160 161 44 omkring
1285 2163 135 40 25,000
1439 2161 141 41 kronor,
1595 2163 86 31 utan
1698 2160 98 33 torde
1812 2160 158 42 anslaget

371 2212 71 34 tills
469 2211 121 36 vidare
618 2212 144 34 likasom
791 2212 124 34 hittills
942 2213 84 33 böra
1054 2211 165 44 uppföras
1247 2208 21 36 å
1296 2214 99 31 extra
1424 2214 81 31 stat.
