1878 2786
472 206 120 30 Andra
614 205 246 41 lagutskottets
884 208 180 30 utlåtande
1085 217 43 20 nr
1149 208 42 30 47
1212 209 40 29 år
1275 209 84 31 1966
1623 208 37 29 13

329 285 227 35 (Nuvarande
582 285 147 40 lydelse)

172 347 54 30 för
251 348 97 39 varje
374 348 38 30 år
449 349 322 40 statsbidrag
808 349 80 30 med

172 400 134 40 hälften
328 411 42 20 av
390 402 149 30 kassans
561 402 144 39 utgifter
726 402 55 30 för

1102 288 227 39 (Föreslagen
1354 287 148 40 lydelse)

945 350 55 30 för
1021 351 97 39 varje
1140 350 38 30 år
1219 350 323 40 statsbidrag
1581 349 78 30 med

945 403 108 40 fyrtio
1085 406 143 37 procent
1261 413 41 21 av
1335 404 148 30 kassans
1516 403 144 40 utgifter

945 457 56 30 för

217 508 37 34 a)
274 508 396 41 sjukvårdsersättning,
709 527 17 4 —
759 527 25 4 —
797 528 215 4 ———
972 504 45 50 —
1026 510 45 35 d)
1084 510 396 41 moderskapspenning.

218 722 164 39 Kvinnlig
398 722 197 35 försäkrad,
611 741 45 3 —-
728 741 44 3 -—

217 774 131 31 Genom
368 775 165 40 frivilliga
571 794 24 3 —
626 794 29 3 —
684 795 31 3 —
748 794 28 4 —
807 794 30 4 —
865 795 33 3 —

216 828 244 40 Sjukpenning
492 838 76 21 som
601 838 98 22 avses
729 831 11 29 i
772 830 114 30 denna

170 881 166 40 paragraf
356 883 57 29 må
435 882 30 39 ej
491 883 118 39 uppgå
629 883 52 30 till
703 884 106 38 högre
831 884 56 29 be-

170 935 81 39 lopp
272 936 45 29 än
338 935 69 30 tolv
427 936 130 30 kronor
578 936 55 30 för
653 937 76 39 dag.
750 937 41 39 Ej
815 936 71 30 hel-

170 988 49 30 ler
238 989 59 29 må
316 989 361 40 sjukpenningtillägg
697 990 117 39 uppgå
833 990 51 30 till

170 1042 106 39 högre
290 1043 125 39 belopp
430 1044 43 28 än
489 1052 75 21 som
579 1045 195 28 motsvarar
790 1043 96 30 skill-

171 1095 112 30 naden
312 1096 128 29 mellan
470 1097 70 29 tolv
567 1097 131 29 kronor
725 1097 66 29 och
818 1097 67 29 den

170 1148 248 40 sjukpenning,
445 1150 115 29 vartill
587 1150 66 30 den
680 1150 205 30 försäkrade

171 1203 38 29 är
229 1202 194 40 berättigad
444 1203 107 39 enligt
572 1203 19 29 3
613 1203 79 40 kap.

215 1255 65 30 Vid
297 1255 223 41 tillämpning
554 1274 25 4 —
606 1274 31 4 —
664 1275 31 3 —
719 1275 28 3 —
780 1275 32 4 —
841 1275 29 4 —
893 1276 38 3 —

1022 742 44 3 —
1078 720 27 48 —
1140 724 86 30 visst
1244 724 371 40 sjukpenningtillägg.

914 782 41 17 —
985 795 24 4 —
1036 795 27 4 —
1098 778 10 30 3
1135 778 81 39 kap.

990 831 351 39 Sjukpenning
1262 827 74 47 som
1372 840 99 21 avses
1502 831 11 29 i
1545 831 114 29 denna

943 884 167 39 paragraf
1130 884 59 30 må
1210 885 30 39 ej
1265 885 116 39 uppgå
1402 884 53 30 till
1476 884 107 39 högre
1604 884 56 29 be-

941 937 82 39 lopp
1049 938 44 29 än
1118 938 134 39 femton
1278 938 129 29 kronor
1433 937 55 30 för
1513 937 77 39 dag.
1615 937 41 39 Ej

943 991 108 29 heller
1075 991 58 30 må
1158 991 360 40 sjukpenningtillägg
1543 991 116 39 uppgå

943 1045 52 28 till
1020 1045 105 39 högre
1148 1044 125 40 belopp
1295 1045 45 29 än
1365 1053 75 21 som
1463 1046 196 28 motsvarar

944 1098 199 30 skillnaden
1157 1098 129 29 mellan
1300 1097 133 40 femton
1448 1098 131 29 kronor
1594 1097 64 30 och

943 1151 61 29 den
1019 1151 260 40 sjukpenning,
1300 1151 115 30 vartill
1435 1151 67 30 den
1524 1150 135 30 försäk-

944 1205 82 29 rade
1045 1205 37 29 är
1100 1205 194 39 berättigad
1312 1205 106 39 enligt
1436 1204 18 30 3
1473 1205 80 39 kap.

945 1276 45 3 —
1004 1276 44 3 —
1065 1258 115 30 denna
1196 1258 174 40 paragraf.

216 1416 122 30 Denna
357 1417 55 39 lag
432 1417 118 30 träder
570 1418 10 28 i
602 1417 95 30 kraft
717 1418 67 29 den
807 1419 14 28 1
843 1418 141 39 januari
1009 1419 93 29 1967.

215 1470 91 29 Utan
331 1470 125 29 hinder
482 1480 42 20 av
549 1470 19 30 3
594 1470 79 40 kap.
700 1471 18 29 5
747 1470 15 37 $
789 1471 113 39 tredje
929 1471 135 40 stycket
1090 1473 100 38 lagen
1217 1481 55 20 om
1299 1472 130 29 allmän
1456 1471 201 40 försäkring

171 1522 57 30 må
249 1522 196 35 försäkrad,
468 1532 76 20 som
565 1524 39 28 är
626 1524 161 38 placerad
809 1524 11 30 i
843 1524 337 40 sjukpenningklass
1203 1534 41 20 nr
1268 1525 49 34 15,
1340 1525 156 39 placeras
1518 1525 11 29 i
1551 1524 105 39 högre

171 1574 335 41 sjukpenningklass
521 1576 58 30 vid
596 1576 172 40 ingången
784 1587 43 20 av
843 1577 38 30 år
900 1578 93 29 1967.

214 1628 198 30 Försäkrad
431 1630 38 29 är
487 1630 106 38 enligt
611 1630 66 29 vad
694 1630 418 40 riksförsäkringsverket
1130 1631 211 29 bestämmer
1360 1631 137 39 skyldig
1515 1633 50 27 att
1584 1630 73 30 före

169 1682 297 30 ikraftträdandet
482 1683 119 30 lämna
617 1682 41 31 de
675 1683 178 40 uppgifter
870 1692 75 22 som
962 1683 138 31 fordras
1117 1684 55 30 för
1189 1684 267 39 tillämpningen
1472 1694 44 20 av
1531 1685 41 29 de
1588 1693 68 30 nya

169 1735 320 30 bestämmelserna.

215 1788 48 30 De
287 1788 95 30 äldre
405 1788 311 31 bestämmelserna
740 1790 11 28 i
774 1789 18 30 3
817 1790 80 39 kap.
924 1790 38 29 10
989 1790 15 37 $
1030 1791 90 38 gälla
1144 1791 152 39 alltjämt
1320 1791 10 29 i
1356 1790 97 39 fråga
1478 1800 55 20 om
1560 1790 97 39 sjuk-

170 1841 129 39 period,
322 1850 75 20 som
417 1841 116 39 börjat
557 1842 72 29 före
652 1842 174 39 utgången
848 1852 42 20 av
911 1843 38 29 år
974 1843 93 34 1966,
1090 1853 56 20 om
1169 1843 178 30 karenstid
1369 1843 106 39 enligt
1499 1844 40 29 de
1561 1844 95 29 äldre

170 1894 309 30 bestämmelserna
495 1895 247 30 dessförinnan
758 1896 72 38 gått
847 1896 50 29 till
914 1896 102 29 ända.

215 1948 12 28 I
252 1947 100 40 fråga
375 1957 55 20 om
455 1948 391 40 tilläggssjukpenning,
871 1957 75 21 som
970 1958 120 20 svarar
1114 1951 72 27 mot
1210 1949 156 29 inkomst
1389 1958 43 21 av
1455 1952 108 27 annat
1587 1949 69 30 för-

171 2001 219 29 värvsarbete
412 2001 64 29 och
499 2001 55 30 för
574 2001 116 30 vilken
712 2001 56 30 vid
791 2001 175 40 utgången
989 2011 41 20 av
1052 2002 38 30 år
1114 2002 83 30 1966
1219 2002 107 40 gäller
1347 2011 42 21 en
1411 2002 181 30 karenstid
1614 2011 41 21 av

171 2055 51 27 tre
255 2053 116 39 dagar,
403 2053 107 39 gäller
543 2062 134 21 samma
709 2054 180 30 karenstid
922 2055 86 29 även
1041 2055 88 29 efter
1162 2054 305 35 ikraftträdandet,
1501 2065 56 20 om
1590 2056 65 29 den

169 2106 206 30 försäkrade
394 2107 249 29 dessförinnan
662 2108 61 38 gör
741 2107 164 30 anmälan
925 2108 122 29 därom
1066 2108 52 29 till
1139 2108 66 29 den
1224 2108 178 30 allmänna
1422 2107 234 41 försäkrings-

170 2159 140 30 kassan.

214 2211 102 31 Äldre
338 2212 263 30 bestämmelser
624 2214 89 37 gälla
736 2213 153 39 alltjämt
912 2214 10 29 i
946 2213 98 38 fråga
1068 2223 55 20 om
1148 2214 108 38 avgift
1279 2214 64 29 och
1367 2214 211 39 statsbidrag
1602 2214 54 30 för

170 2265 50 28 tid
243 2264 73 30 före
340 2265 307 29 ikraftträdandet.

214 2316 316 30 Bestämmelserna
546 2326 57 20 om
622 2317 66 29 den
708 2326 74 21 som
801 2318 128 38 fullgör
947 2318 160 39 vapenfri
1125 2318 111 39 tjänst
1255 2318 104 30 lända
1378 2318 51 29 till
1448 2318 208 30 efterrättel-

171 2377 34 20 se
223 2368 79 30 från
319 2368 65 30 och
402 2369 78 29 med
498 2369 67 29 den
586 2370 14 28 1
620 2369 144 30 oktober
785 2370 92 29 1966.
