1874 2782
224 187 19 31 2
524 190 119 31 Andra
666 191 247 40 lagutskottets
936 194 178 31 utlåtande
1134 204 44 21 nr
1199 196 41 30 47
1262 196 40 31 år
1326 195 83 32 1966

270 277 37 34 5)
334 277 45 31 de
401 277 222 42 likalydande
644 281 223 31 motionerna
887 291 42 21 nr
952 282 59 30 741
1035 284 11 30 i
1068 283 111 32 första
1200 285 208 31 kammaren
1429 296 43 21 av
1493 286 58 31 fru
1574 287 138 38 Olsson,

226 330 96 40 Elvy,
344 331 67 30 och
430 331 81 31 herr
529 332 253 39 Kristiansson,
802 334 97 38 Axel,
921 338 90 29 samt
1032 345 41 21 nr
1093 337 64 30 908
1178 338 11 29 i
1208 338 114 30 andra
1341 339 206 31 kammaren
1567 350 44 21 av
1631 341 82 30 herr

225 383 215 31 Gustavsson
458 385 13 30 i
487 385 141 31 Alvesta
645 395 46 21 m.
704 386 50 41 fl.,

270 445 37 34 6)
334 445 47 31 de
396 446 222 41 likalydande
635 449 221 30 motionerna
872 459 43 21 nr
934 450 61 31 742
1012 451 12 30 i
1040 451 112 34 första
1168 453 207 31 kammaren
1393 464 42 20 av
1451 455 123 30 herrar
1593 456 118 40 Virgin

226 499 64 29 och
310 499 190 41 Lundberg
519 503 91 28 samt
631 510 43 21 nr
693 501 63 31 910
777 502 12 30 i
809 503 114 30 andra
942 503 207 32 kammaren
1167 515 45 21 av
1232 506 82 30 herr
1333 507 214 40 Magnusson
1569 509 12 30 i
1601 509 110 31 Borås

224 560 45 21 m.
282 551 50 40 fl.,

270 614 36 34 7)
334 615 180 30 motionen
529 626 43 20 nr
586 616 62 31 738
664 617 11 30 i
689 617 112 31 första
813 618 207 31 kammaren
1035 629 42 21 av
1091 620 82 31 herr
1184 621 189 41 Lundberg
1386 631 45 21 m.
1445 623 49 40 fl.,

269 676 37 34 8)
335 677 180 31 motionen
529 688 42 20 nr
583 678 64 31 890
662 680 10 29 i
684 679 113 31 andra
810 680 207 32 kammaren
1031 691 43 21 av
1085 682 59 30 fru
1157 683 148 41 Ryding,

267 738 37 35 9)
332 739 180 30 motionen
531 749 43 21 nr
592 740 64 31 907
675 741 13 30 i
706 741 109 31 andra
835 742 207 31 kammaren
1059 753 45 21 av
1121 744 83 31 herr
1221 746 189 39 Börjesson
1429 748 12 30 i
1461 747 204 42 Falköping.

267 898 50 31 De
335 899 60 30 vid
414 900 263 40 propositionen
698 901 124 41 fogade
839 902 409 43 författningsförslagen
1270 907 39 29 är
1327 915 45 22 av
1391 906 157 41 följande
1569 908 140 40 lydelse.
