1870 2780
263 130 38 29 22
570 132 123 39 Tredje
717 132 245 39 lagutskottets
987 134 178 30 utlåtande
1188 144 42 20 nr
1251 136 41 29 22
1315 135 38 30 år
1377 136 84 30 1956

264 212 184 30 inhemska
472 215 230 39 energikällor
725 216 69 29 kan
817 227 41 20 en
880 217 200 39 utbyggnad
1103 228 41 20 av
1167 219 259 30 vattenkraften
1451 220 8 29 i
1485 220 279 31 hittillsvarande

265 264 73 29 takt
356 265 60 28 ske
433 266 94 28 ännu
546 265 112 39 någon
676 267 64 34 tid;
760 276 56 21 om
835 269 46 27 ett
901 268 105 29 20-tal
1025 268 37 29 år
1078 270 122 28 väntas
1218 270 88 29 dock
1324 271 269 38 möjligheterna
1610 273 51 28 till
1680 272 84 29 fort-

264 316 68 27 satt
357 314 201 40 utbyggnad
583 325 82 20 vara
691 317 263 40 energimässigt
985 320 167 28 uttömda.
1181 320 119 38 Någon
1327 321 367 41 produktionsökning
1723 332 41 20 av

263 365 194 29 nämnvärd
486 366 211 39 omfattning
724 367 11 29 i
762 368 97 39 fråga
886 377 56 21 om
971 369 109 29 andra
1109 370 184 29 inhemska
1321 371 283 30 konventionella
1632 374 131 38 energi-

263 415 111 29 källor
392 434 44 3 —
456 416 74 36 ved,
552 418 76 27 torv
647 418 65 29 och
736 418 120 29 fossila
878 419 164 29 bränslen
1064 438 41 2 —
1126 429 101 30 synes
1250 421 69 29 tills
1340 422 118 29 vidare
1480 423 78 39 föga
1583 424 178 34 sannolik;

261 462 88 31 dock
369 466 98 29 torde
488 468 45 27 ett
554 467 137 30 fortsatt
711 468 256 30 försöksarbete
986 469 127 37 jämväl
1133 471 43 36 på
1196 471 99 30 dessa
1314 472 165 30 områden
1499 482 81 20 vara
1600 470 163 45 påkallat.

263 515 114 30 Under
394 517 102 29 dessa
512 517 245 31 förhållanden
775 520 96 29 torde
888 521 269 38 atomenergien,
1177 531 78 20 vars
1273 522 184 40 viktigaste
1476 524 120 29 råvara
1614 542 43 3 —
1674 534 88 20 uran

259 583 45 3 —
322 565 237 31 förekommer
579 568 10 28 i
608 568 177 39 praktiskt
806 571 90 37 taget
917 571 221 29 outtömbara
1159 571 208 30 kvantiteter
1388 574 10 28 i
1419 573 41 29 de
1481 573 281 31 mellansvenska

262 616 205 35 skiffrarna,
490 617 47 30 bli
562 628 41 20 av
627 619 66 29 den
718 621 127 28 största
868 620 186 39 betydelse.
1079 622 108 29 Såvitt
1211 632 46 20 nu
1282 624 69 28 kan
1376 624 165 31 bedömas
1566 626 37 28 är
1627 625 57 29 det
1706 626 57 29 vä-

261 666 169 40 sentligen
451 676 124 31 genom
595 669 113 29 denna
732 679 66 30 nya
820 671 222 39 energikälla,
1065 681 73 20 som
1160 673 30 29 vi
1213 673 68 29 kan
1302 674 155 29 undvika
1479 677 49 27 att
1551 675 59 29 vår
1631 677 131 37 energi-

262 717 215 40 försörjning
501 718 65 29 blir
589 719 171 31 beroende
785 730 40 19 av
849 730 42 20 en
915 722 138 29 alltmer
1077 723 90 30 ökad
1193 723 280 41 bränsleimport.
1500 725 262 30 Bränsleutred-

261 767 128 39 ningen
416 768 64 30 har
508 769 10 28 i
547 769 58 30 sitt
632 771 162 38 yttrande
824 772 79 29 över
933 772 236 30 betänkandet
1198 775 77 28 med
1304 775 45 29 all
1379 776 69 28 rätt
1478 775 204 34 framhållit,
1712 779 49 27 att

259 818 175 39 knappast
455 819 105 40 något
580 823 106 27 annat
708 821 81 30 land
811 822 77 29 med
910 822 138 40 hänsyn
1069 824 51 29 till
1142 824 75 30 sina
1238 824 294 41 förutsättningar
1554 827 10 28 i
1586 826 98 40 fråga
1704 836 57 20 om

259 869 231 39 energibehov
510 870 65 29 och
595 872 303 39 energitillgångar
921 873 71 29 lika
1014 874 155 39 entydigt
1191 884 74 20 som
1289 876 136 39 Sverige
1450 877 164 31 hänvisas
1638 878 51 28 till
1711 879 50 28 att

259 920 159 29 utveckla
442 929 42 20 en
508 921 212 39 produktion
742 932 41 19 av
804 924 214 29 atomvärme
1040 925 63 27 och
1125 925 192 30 atomkraft
1338 926 55 29 för
1415 929 50 27 att
1488 929 120 37 trygga
1630 929 131 38 energi-

258 971 273 39 försörjningen.
549 973 65 30 Det
631 973 168 30 framstår
816 976 72 27 mot
905 975 114 29 denna
1039 975 182 39 bakgrund
1240 977 114 29 såsom
1373 978 224 38 nödvändigt,
1616 980 50 28 att
1685 979 77 30 Sve-

258 1020 70 39 rige
350 1022 78 29 med
451 1022 46 29 all
519 1022 94 29 kraft
634 1024 60 38 gör
714 1033 42 20 en
778 1023 231 41 självständig
1031 1025 109 30 insats
1162 1026 54 29 för
1239 1035 42 20 en
1303 1027 87 29 efter
1412 1028 82 30 våra
1517 1028 244 30 förhållanden

258 1072 174 38 anpassad
449 1073 200 39 utveckling
662 1074 45 39 på
724 1075 383 38 atomenergiområdet.
1125 1076 236 40 Utredningen
1378 1078 63 29 har
1460 1079 79 29 med
1555 1079 137 38 hänsyn
1709 1079 53 30 till

258 1121 65 29 den
347 1120 164 36 ovisshet,
537 1132 73 20 som
633 1124 101 29 råder
759 1124 9 29 i
793 1124 99 39 fråga
914 1135 57 20 om
997 1126 66 29 den
1087 1126 166 31 framtida
1278 1128 255 39 utvecklingen,
1561 1128 85 40 tagit
1672 1129 88 30 sikte

257 1172 123 29 endast
399 1172 45 39 på
465 1173 66 29 den
551 1174 175 29 närmaste
751 1174 378 41 10—20-årsperioden.
1161 1177 52 29 En
1235 1177 107 30 sådan
1365 1179 236 39 avgränsning
1621 1189 42 20 av
1683 1189 78 31 pro-

256 1226 170 34 grammet
447 1222 117 30 finner
584 1223 59 40 jag
662 1224 117 39 riktig.
801 1225 175 30 Eftersom
998 1227 112 29 denna
1131 1227 119 39 period
1271 1228 11 28 i
1302 1228 111 31 första
1435 1229 94 30 hand
1551 1229 66 30 blir
1637 1232 50 27 ett
1707 1232 53 27 ut-

257 1272 296 39 vecklingsskede,
576 1275 38 28 är
637 1275 57 29 det
716 1284 43 21 av
783 1275 83 34 vikt,
891 1277 49 28 att
965 1285 82 20 man
1071 1278 70 29 inte
1164 1278 123 39 drager
1311 1287 71 32 upp
1406 1279 55 29 för
1486 1280 106 29 snäva
1618 1281 143 38 gränser

257 1322 53 29 för
327 1323 279 31 verksamheten.

299 1372 457 42 Atomenergiutredningen
776 1376 64 29 har
862 1377 126 34 anfört,
1011 1378 49 29 att
1082 1377 408 32 försöksverksamheten
1512 1381 111 29 under
1645 1381 114 30 denna

256 1422 119 38 period
394 1423 10 28 i
426 1423 111 29 första
557 1424 93 30 hand
671 1425 63 29 bör
752 1425 146 30 inriktas
916 1426 44 37 på
979 1427 215 30 atomdrivna
1214 1429 211 34 värmeverk,
1444 1438 106 21 varav
1570 1430 93 30 vissa
1682 1431 77 29 med

254 1473 246 40 elgenerering.
524 1475 13 28 I
557 1475 108 30 andra
686 1476 94 31 hand
799 1477 61 29 bör
880 1477 267 31 verksamheten
1169 1479 148 31 omfatta
1338 1481 93 29 stora
1454 1480 224 32 elkraftverk.
1701 1482 58 29 Ut-

266 1523 179 40 :edningen
477 1526 128 28 räknar
636 1527 78 28 med
746 1528 50 28 att
834 1544 44 3 -—
908 1527 154 31 förutom
1082 1529 396 39 experimentreaktorer
1497 1549 45 3 -—
1560 1531 112 30 under
1692 1533 66 29 den

256 1575 175 29 närmaste
462 1575 280 41 10-årsperioden
769 1577 69 30 kan
865 1578 142 30 komma
1036 1580 49 28 att
1112 1579 168 40 uppföras
1307 1580 70 29 fem
1405 1580 19 30 å
1453 1591 59 20 sex
1538 1582 219 30 atomdrivna

255 1624 202 30 värmeverk
478 1627 90 28 samt
588 1627 49 28 att
657 1636 41 20 en
719 1627 164 39 tämligen
903 1628 132 30 allmän
1054 1630 225 40 användning
1298 1640 42 21 av
1359 1632 301 30 atomvärmeverk
1681 1633 77 29 där-

255 1675 87 29 efter
360 1676 37 28 är
415 1677 50 28 att
483 1677 114 29 vänta.
627 1677 56 29 Ett
704 1678 109 29 första
832 1679 277 30 atomkraftverk
1128 1681 172 29 beräknas
1319 1681 46 30 bli
1385 1681 130 40 färdigt
1534 1692 56 20 om
1610 1683 146 39 ungefär

255 1724 55 39 sju
334 1725 38 29 år
395 1726 65 29 och
483 1726 197 39 ytterligare
704 1729 48 28 ett
774 1737 64 30 par
862 1730 109 29 större
996 1730 250 39 anläggningar
1271 1731 72 31 före
1368 1732 38 29 år
1432 1732 94 30 1970.
1564 1733 116 38 Enligt
1705 1735 52 27 ut-

254 1775 209 39 redningens
484 1777 139 39 mening
642 1777 63 30 bör
724 1779 352 39 utvecklingsarbetet
1096 1780 125 30 främst
1240 1790 80 21 avse
1337 1782 180 30 reaktorer
1536 1792 74 20 som
1630 1783 127 39 bygger

254 1826 43 38 på
318 1826 168 39 naturligt
507 1835 87 21 uran
613 1845 44 3 —
676 1828 107 29 vilket
804 1828 95 30 finns
922 1829 95 30 inom
1040 1831 115 29 landet
1177 1849 43 2 —
1240 1832 63 29 och
1325 1833 101 38 tungt
1446 1835 128 28 vatten.

298 1875 63 29 Det
383 1886 42 19 av
446 1877 231 39 utredningen
699 1878 64 29 här
786 1878 194 32 skisserade
1003 1881 386 40 reaktorprogrammet,
1414 1891 74 21 som
1511 1884 10 28 i
1543 1884 63 29 och
1629 1884 54 29 för
1706 1884 52 38 sig

253 1925 10 28 i
288 1925 185 31 huvudsak
501 1927 170 39 godtagits
696 1929 111 29 under
832 1930 393 39 remissbehandlingen,
1252 1941 101 30 synes
1379 1934 71 38 mig
1475 1933 191 30 realistiskt
1692 1934 64 29 och

253 1975 83 30 böra
355 1976 122 30 kunna
498 1977 115 39 läggas
634 1978 51 29 till
706 1980 112 37 grund
839 1979 53 30 för
911 1989 42 21 en
973 1981 130 29 allmän
1122 1981 183 40 planering
1324 1983 45 39 på
1388 1984 169 29 området.
1579 1984 49 30 Av
1649 1984 108 39 några

253 2026 303 30 remissinstanser
584 2028 63 29 har
675 2028 222 35 framhållits,
927 2031 51 28 att
1006 2030 123 40 frågan
1158 2041 56 21 om
1244 2033 178 30 reaktorer
1449 2034 56 29 för
1534 2034 222 39 fartygsdrift

253 2076 109 29 måste
380 2077 341 39 uppmärksammas.
739 2079 64 29 Det
820 2081 37 28 är
876 2080 190 39 självfallet
1082 2082 176 35 önskvärt,
1276 2085 50 28 att
1342 2084 245 39 utvecklingen
1605 2095 42 19 av
1662 2085 94 30 olika

252 2127 98 38 typer
367 2136 41 20 av
426 2127 178 30 reaktorer
622 2129 174 34 studeras;
818 2130 278 40 begränsningen
1113 2142 42 20 av
1172 2133 83 30 våra
1273 2142 155 21 resurser
1449 2134 96 30 torde
1563 2135 192 29 emellertid

252 2177 293 39 nödvändiggöra,
567 2180 49 28 att
637 2179 131 31 arbetet
787 2180 70 29 tills
877 2181 118 29 vidare
1015 2182 10 28 i
1047 2181 147 31 främsta
1215 2185 151 27 rummet
1387 2184 148 30 inriktas
1556 2185 44 40 på
1620 2186 136 29 reakto-

252 2235 64 26 rer,
343 2226 222 31 beträffande
591 2229 93 31 vilka
711 2230 41 29 de
779 2230 192 31 materiella
999 2233 64 28 och
1091 2233 163 29 tekniska
1280 2233 340 41 förutsättningarna
1649 2235 106 40 ligger

253 2280 266 35 synnsammast
545 2279 52 29 till
624 2279 55 30 för
706 2289 67 20 oss.
803 2281 12 28 I
843 2281 93 30 detta
965 2283 255 39 sammanhang
1247 2283 61 30 bör
1335 2285 89 29 dock
1454 2285 147 39 kraftigt
1629 2287 126 29 under-

252 2327 148 39 strykas,
421 2329 51 28 att
490 2330 57 28 det
566 2347 43 2 —
626 2331 78 29 med
724 2331 263 39 utvecklingens
1007 2333 201 29 nuvarande
1229 2334 130 31 snabba
1379 2336 75 29 takt
1537 2337 38 28 är
1595 2336 161 39 omöjligt

251 2378 50 28 att
324 2379 78 29 med
426 2378 219 31 bestämdhet
667 2380 134 30 förutse
826 2381 267 32 förhållandena
1116 2384 44 39 på
1184 2384 94 29 detta
1301 2385 141 31 område
1467 2395 61 21 ens
1553 2387 110 29 under
1687 2387 68 29 den

252 2429 175 28 närmaste
455 2430 285 39 tioårsperioden.
769 2432 217 30 Situationen
1014 2434 68 29 kan
1110 2434 44 40 på
1182 2434 79 29 kort
1287 2435 49 30 tid
1363 2436 129 31 ändras
1519 2437 64 29 och
1609 2437 145 30 därmed

250 2478 106 30 också
378 2479 169 39 förnyade
569 2481 262 39 överväganden
853 2483 35 30 få
910 2483 100 39 göras
1033 2484 146 29 rörande
1202 2485 465 42 utvecklingsprogrammet.
