2298 2714
490 134 26 25 e
548 133 36 29 12
713 129 242 33 Sanmansatta
982 128 130 33 Banko-
1141 128 55 32 och
1222 127 261 42 Lag-Utskottets
1510 129 211 33 Betänkande
1747 129 63 33 N:o
1839 133 29 28 1.

646 225 64 31 För
737 223 52 33 det
818 224 100 31 första
944 223 59 32 har
1026 223 55 42 jag
1108 226 48 29 att
1183 224 116 39 erinra,
1342 227 48 29 att
1423 225 105 32 denna
1554 224 180 33 Utskottets
1762 226 83 40 åsigt
1872 229 36 28 är
1935 224 67 33 helt
2029 224 57 32 och

496 276 100 33 håliet
636 275 165 32 stridande
835 279 87 28 emot
953 275 71 39 den,
1054 286 65 21 som
1148 276 134 31 uttalats
1310 276 87 31 öfver
1424 288 121 21 samma
1572 280 104 36 ämne,
1706 277 26 42 ej
1761 277 83 32 blott
1870 277 35 31 af
1929 286 155 22 samman-

495 331 64 29 satt
598 327 123 32 Banko-
765 328 58 31 och
864 327 214 40 Lag-Utskott
1111 327 51 31 vid
1204 327 191 40 föregående
1437 328 138 40 riksdag,
1618 332 75 28 utan
1734 328 59 32 ock
1826 329 51 31 vid
1910 328 98 39 begge
2050 328 37 31 de

496 379 148 32 sednaste
672 378 206 41 riksdagarne
906 379 34 31 af
965 378 54 32 det
1046 378 132 32 Utskott
1204 398 47 4 —
1279 379 420 33 Konstitutions-Utskottet
1726 400 48 4 —
1803 390 66 23 som
1889 378 197 42 grundlagen

496 430 166 32 tillerkänt
696 433 76 35 rätt,
814 433 57 36 att,
914 430 10 31 i
964 429 56 32 fall
1053 430 35 30 af
1120 430 75 31 tvist
1223 430 119 39 derom,
1372 431 89 31 tolka
1488 431 70 31 dess
1586 442 78 29 egen
1692 431 128 42 lydelse,
1850 434 82 29 samt
1958 433 49 28 att
2034 430 55 32 det

495 482 125 32 derföre
660 481 70 32 icke
768 492 92 31 synes
899 492 76 20 vara
1010 481 260 32 konstitutionelt
1297 481 120 40 riktigt,
1447 485 57 35 att,
1533 482 50 31 vid
1611 493 121 21 samma
1759 483 138 40 riksdag,
1928 482 56 31 der
2013 492 74 31 nyss

495 545 40 20 en
575 544 107 21 annan
713 544 89 20 mera
834 532 134 41 behörig
1001 532 133 42 tydning
1161 532 93 32 deraf
1279 532 94 40 skett,
1403 533 129 32 försöka
1560 533 74 42 tyda
1661 534 275 41 grundlagsbudet
1963 535 40 39 på
2030 533 57 31 all-

496 585 86 32 deles
618 587 133 29 motsatt
782 587 80 36 sätt;
904 583 121 32 hvilket
1051 583 108 32 försök
1184 584 54 41 jag
1266 584 58 32 ock
1351 595 95 22 anser
1472 595 76 21 vara
1575 586 35 31 så
1636 584 126 42 mycket
1790 596 86 21 mera
1903 584 183 41 obehöfligt,

495 647 67 22 som
593 635 164 32 Utskottet
783 635 50 32 vill
863 635 171 41 hänskjuta
1061 635 72 32 hela
1160 635 112 40 frågan
1300 646 51 21 om
1378 636 54 32 det
1459 629 181 48 föreslagna
1666 647 62 31 nya
1763 639 254 39 myntsystemets
2039 636 48 30 in-

496 687 134 33 förande
658 689 81 30 samt
779 697 51 22 om
870 686 63 33 alla
968 686 125 32 derföre
1127 687 208 41 erforderliga
1361 687 150 41 åtgärder
1537 688 49 31 till
1614 688 214 41 Regeringens
1856 686 232 34 förberedande

495 739 206 39 behandling,
743 739 59 30 och
843 738 54 31 det
932 738 40 31 då
1007 739 100 30 måste
1142 749 75 20 vara
1253 742 80 27 mest
1360 739 155 40 lämpligt,
1543 742 48 28 att
1618 739 65 31 låta
1710 740 199 40 Regeringen
1936 739 94 31 äfven
2057 739 33 30 få

497 789 123 42 pröfva,
654 800 50 21 om
733 789 103 40 någon
865 788 311 41 grundlagsändring
1201 792 36 28 är
1264 788 141 42 behöflig
1432 789 77 31 eller
1535 789 80 32 icke.

646 842 56 30 Att
729 851 38 21 en
795 840 98 32 sådan
922 840 138 40 ändring
1087 841 100 31 måste
1214 840 150 40 försiggå,
1397 841 99 31 innan
1524 841 74 40 guld
1627 840 62 32 kan
1716 841 93 37 göras
1834 838 48 32 till
1909 839 96 40 laglig
2033 838 51 32 be-

498 892 198 31 stämmande
725 891 219 31 värdemätare
971 891 10 31 i
1010 890 137 41 Sverige,
1179 891 108 31 derom
1315 895 36 28 är
1375 892 54 41 jag
1452 892 50 31 för
1521 892 63 31 min
1605 891 49 32 del
1674 889 198 33 fortfarande
1892 890 193 41 öfvertygad.

497 943 61 41 Jag
586 944 99 30 måste
714 942 158 41 medgifva
902 946 47 28 att
976 942 63 39 det,
1070 942 63 40 mig
1160 943 182 40 veterligen,
1372 942 69 33 icke
1469 942 102 32 finnas
1600 944 98 39 några
1717 940 135 42 positiva
1871 941 128 41 lagbud,
2020 952 65 21 som

498 994 131 32 alldeles
656 994 85 32 klart
768 994 59 31 och
855 994 113 42 tydligt
995 993 176 32 bestämma
1199 994 82 46 hvad
1308 1005 66 20 som
1403 1006 42 20 nu
1473 998 36 28 är
1535 994 124 31 landets
1687 991 230 40 värdemätare,
1952 993 58 31 och
2034 993 55 41 jag

498 1049 69 28 tror
606 1046 54 31 det
700 1056 74 20 vara
814 1056 37 21 en
894 1048 66 28 stor
999 1044 90 39 brist,
1124 1056 67 20 som
1220 1045 58 32 bör
1305 1045 166 41 afhjelpas,
1501 1049 49 27 att
1577 1045 53 31 det
1657 1044 69 31 icke
1754 1043 102 31 finnes
1885 1055 38 20 en
1951 1043 135 32 särskild

498 1097 63 41 lag,
597 1108 66 21 som
697 1107 83 30 noga
812 1096 143 41 angifver
987 1099 177 37 gränsorna
1196 1097 59 31 och
1282 1096 141 32 vilkoren
1453 1097 49 31 för
1529 1096 38 32 de
1595 1095 85 33 olika
1707 1094 140 33 Svenska
1875 1095 214 41 myntslagens

496 1168 42 4 —
566 1147 200 39 banksedel-,
795 1148 133 38 silfver-,
958 1147 90 41 guld-
1077 1147 58 32 och
1164 1147 286 42 koppar-myntens
1478 1146 212 33 användande
1717 1145 51 32 vid
1795 1145 135 42 ligvider
1956 1146 59 32 och
2035 1145 52 33 be-

498 1199 120 32 stämdt
645 1197 164 43 uttrycker
836 1198 120 31 hvilket
982 1198 109 31 ibland
1119 1198 82 39 dem,
1231 1209 67 21 som
1327 1198 58 32 bör
1411 1199 95 31 hafva
1532 1197 248 33 företrädesrätt
1807 1197 59 32 och
1894 1208 92 20 auses
2013 1207 75 21 vara

499 1249 219 32 värdemätare
746 1250 10 30 i
785 1249 83 31 riket
894 1249 77 31 eller
998 1268 49 3 —
1074 1250 102 30 såsom
1206 1250 198 31 motionären
1432 1249 109 42 tyckes
1568 1250 74 40 vilja
1667 1251 49 28 att
1742 1248 60 30 den
1830 1247 81 31 skall
1930 1248 100 31 kallas
2048 1266 41 5 —

501 1299 123 33 Svensk
646 1299 187 42 mynlenhet.
879 1300 43 31 Af
947 1300 37 31 de
1013 1299 117 40 lagbud
1159 1300 58 32 och
1246 1300 210 39 föreskrifter,
1477 1311 66 21 som
1572 1300 103 31 finnas
1700 1299 132 38 intagna
1850 1299 9 30 i
1879 1299 208 40 grundlagen,

497 1351 11 32 i
548 1351 322 42 myntbestämnings-
911 1351 59 31 och
1008 1350 214 40 banklagarne
1250 1354 83 28 samt
1359 1352 10 30 i
1397 1352 37 31 de
1463 1351 113 40 Kongl.
1606 1350 278 39 Förordningarne
1909 1360 50 21 om
1988 1352 98 39 mynt,

499 1402 150 31 framstår
689 1402 81 31 dock
809 1401 275 41 grundlagsbudet
1118 1402 9 30 i
1157 1405 37 28 72
1222 1402 16 42 &
1264 1402 299 40 Regeriugsformen
1596 1413 49 20 om
1680 1400 331 31 riksbankssedlarnes
2040 1411 47 19 er-

499 1453 170 31 kännande
698 1454 102 31 såsom
832 1456 87 38 mynt
946 1453 59 32 och
1032 1452 217 33 förbindelsen
1278 1457 48 28 att
1352 1453 101 32 inlösa
1481 1453 69 32 dem
1580 1452 71 32 med
1679 1451 116 39 silfvrer,
1815 1453 103 30 såsom
1939 1451 54 32 det
2016 1453 75 29 mest

499 1504 252 38 bestämmande,
781 1504 161 31 hvarifrån
971 1504 63 31 alla
1061 1504 39 31 de
1127 1504 101 31 andra
1255 1506 85 39 utgå,
1370 1505 60 31 och
1459 1504 113 31 hvaraf
1597 1504 60 31 den
1685 1502 206 41 oförtydbara
1918 1503 171 30 slutsatsen

503 1556 58 31 bör
588 1555 180 40 dragas,att
803 1555 54 31 det
890 1555 142 31 Svenska
1060 1555 193 41 riksmyntet
1280 1567 44 19 nu
1355 1556 104 31 hvilar
1487 1555 58 31 och
1574 1574 39 4 —
1643 1555 34 30 så
1704 1554 93 39 länge
1826 1554 198 40 grundlagen
2053 1556 36 28 är

498 1606 194 32 oförändrad
729 1625 41 4 —
808 1607 105 30 måste
952 1606 84 31 hvila
1072 1608 40 38 på
1146 1617 38 20 en
1218 1606 102 40 grund
1349 1606 35 31 af
1408 1606 117 31 silfver.
1580 1606 45 41 Ty
1653 1604 81 32 hvad
1762 1604 197 40 grundlagen
1988 1604 101 30 kallar

499 1660 87 38 mynt
625 1656 63 32 kan
728 1656 70 32 icke
841 1667 73 21 vara
953 1656 140 32 hvarken
1134 1660 47 28 ett
1219 1657 210 31 sidoordnadt
1461 1657 59 32 och
1553 1660 41 28 än
1622 1655 123 31 mindre
1774 1658 46 28 ett
1847 1654 241 32 underordnadt

498 1711 98 38 mynt,
640 1711 76 28 utan
758 1708 54 30 det
851 1718 66 21 som
958 1707 113 31 främst
1111 1708 58 31 bör
1207 1708 163 31 användas
1406 1708 58 31 och
1498 1708 83 40 gälla
1608 1707 50 32 vid
1686 1707 62 31 alla
1788 1706 138 31 skeende
1954 1706 134 41 liqvider

498 1764 83 26 samt
620 1759 86 40 tjena
745 1758 49 31 till
828 1758 103 39 grund
959 1758 50 31 vid
1037 1759 63 31 alla
1128 1758 77 32 aftal
1235 1759 60 31 och
1322 1758 216 40 beräkningar
1564 1769 51 21 om
1643 1758 129 31 värden.
1826 1757 74 31 Man
1929 1757 62 31 kan
2018 1756 69 32 icke

498 1813 77 27 utan
604 1809 99 31 skada
730 1809 93 31 hafva
851 1811 52 30 två
930 1809 65 31 lika
1022 1809 147 40 gällande
1198 1810 166 41 myntslag,
1394 1810 60 31 och
1482 1813 58 28 när
1569 1811 35 29 så
1630 1812 45 34 är,
1703 1808 62 31 kan
1792 1808 296 40 grundlagsmyntet

498 1860 70 31 icke
603 1860 110 31 ställas
740 1860 11 30 i
778 1860 101 30 andra
909 1863 151 35 rummet;
1102 1863 32 38 ty
1165 1871 52 20 om
1245 1860 53 31 det
1325 1860 106 31 kunde
1459 1860 145 31 beröfvas
1631 1859 100 31 första
1758 1858 135 41 platsen,
1923 1860 34 30 så
1984 1857 102 33 skulle

499 1910 55 32 det
580 1910 109 32 kunna
716 1910 151 32 försättas
895 1911 83 31 ända
1005 1911 61 31 ned
1094 1912 41 39 på
1163 1911 53 31 det
1241 1911 104 40 lägsta
1371 1914 209 38 trappsteget,
1615 1913 22 28 t.
1668 1920 50 23 ex,
1746 1910 11 30 i
1785 1908 100 32 bredd
1914 1909 69 32 med
2011 1908 78 42 kop-

498 1964 191 39 parmyntet,
718 1961 60 31 och
806 1961 290 41 grundlagsbudets
1123 1961 86 32 kraft
1231 1962 59 31 och
1318 1961 161 42 betydelse
1507 1972 73 21 vore
1608 1961 182 39 derigenom
1810 1963 114 28 nästan
1944 1960 66 32 helt
2030 1960 59 32 och

498 2012 100 31 hållet
624 2011 179 41 borttagen.
859 2012 66 32 Och
966 2023 52 21 om
1058 2023 71 21 man
1170 2016 51 35 än,
1263 2023 113 30 genom
1410 2014 100 38 några
1536 2011 149 41 skickligt
1711 2011 111 42 gjorda
1844 2011 241 40 slutledningar,

498 2066 83 28 samt
613 2063 71 31 med
715 2063 206 40 begagnande
949 2063 34 31 af
1008 2063 54 31 det
1088 2063 187 32 obestämda
1301 2064 10 31 i
1338 2063 168 42 uttrycken
1535 2063 60 32 och
1623 2062 182 41 begreppen
1832 2072 51 21 om
1912 2062 81 31 hvad
2019 2072 68 21 som

496 2117 37 28 är
568 2117 97 38 mynt,
700 2114 204 41 myntgrund,
934 2114 197 41 myntenhet,
1161 2115 218 31 värdemätare
1406 2114 78 32 eller
1509 2113 112 39 likare,
1651 2112 100 32 skulle
1779 2112 109 31 kunna
1911 2112 107 32 bevisa
2039 2113 48 39 sig

497 2164 81 32 fram
606 2165 132 39 derhän,
780 2168 49 28 att
860 2166 165 39 ingenting
1053 2165 131 32 hindrar
1210 2166 105 41 skjuta
1342 2165 60 32 ned
1430 2165 232 41 silfvermyntet
1689 2164 57 31 och
1776 2166 85 29 sätta
1887 2164 200 41 guldmyntet

497 2215 128 40 öfverst,
667 2217 35 31 så
741 2220 68 28 tror
845 2216 53 41 jag
931 2216 53 32 det
1016 2227 74 21 vara
1117 2216 175 43 olämpligt,
1321 2219 49 29 att
1396 2217 68 32 visa
1490 2214 292 43 grundlagsbudets
1809 2214 120 43 tydliga
1956 2215 129 40 mening
