2297 2725
463 99 234 37 Sammansatta
724 103 127 35 Banko-
879 102 51 37 och
964 104 238 50 Lag-Utskottets
1229 110 205 37 Betänkande
1465 114 57 35 N:o
1550 116 24 33 1.
1754 123 18 29 7

214 204 49 21 om
304 193 70 32 icke
415 196 314 34 värdeförhållandet
770 200 115 31 mellan
925 201 75 40 guld
1041 203 59 32 och
1132 205 109 32 silfver
1268 206 81 32 varit
1376 218 113 30 genom
1517 210 109 42 lagens
1654 212 165 34 föreskrift

213 244 241 43 oföränderligt,
485 247 53 32 det
564 249 53 31 vill
645 253 85 37 säga,
760 262 49 20 om
839 252 68 32 icke
936 264 37 20 en
1003 253 116 34 dubbel
1148 257 198 33 värdelikare
1375 261 81 31 varit
1483 262 169 33 fastställd.

364 297 164 33 Utskottet
569 300 58 31 har
667 301 73 32 bort
780 303 105 32 erinra
925 315 50 21 om
1011 306 92 32 dessa
1142 307 235 41 förhållanden,
1414 312 49 39 då,
1493 314 50 30 vid
1572 314 187 43 förändring
1786 317 36 31 af

212 348 70 31 vårt
309 350 235 39 myntväsende,
574 351 89 41 fråga
690 352 106 33 kunde
825 357 117 39 uppstå
968 360 48 28 att
1042 357 162 34 bibehålla
1231 360 272 43 silfverstandard,
1534 366 102 31 under
1664 367 54 32 det
1745 379 71 21 man

212 398 130 38 dermed
382 402 252 32 sammanbunde
675 415 36 20 en
753 405 239 39 guldstandard.
1047 409 50 32 Då
1137 410 164 33 Utskottet
1332 413 70 32 icke
1430 415 58 31 här
1515 415 61 32 kan
1606 419 146 31 utveckla
1778 420 38 31 de

211 449 107 32 vidare
358 450 124 42 följder,
518 453 116 32 sådant
660 454 62 32 kan
750 456 95 31 hafva
872 459 41 39 på
940 461 251 39 myntväsendet,
1221 463 53 30 vill
1301 463 163 34 Utskottet
1492 467 113 32 endast
1630 469 186 41 ytterligare

210 501 107 31 erinra
344 513 50 19 om
423 507 86 27 ännu
538 507 47 28 ett
612 505 247 41 förfaringssätt,
890 519 66 20 som
985 509 61 31 kan
1074 511 205 40 ifrågasättas
1307 515 58 30 och
1385 516 160 40 verkligen
1565 518 85 31 lärer
1669 530 57 29 ega
1746 514 69 38 rum

211 550 8 31 i
248 551 167 42 Ryssland,
452 556 48 29 att
527 555 157 40 nemligen
713 558 85 30 såväl
826 558 89 40 guld-
944 570 65 21 som
1038 561 199 43 silfvermynt
1263 568 161 38 utmyntas
1453 568 69 31 med
1549 570 263 40 metallinnehåll,

210 601 74 32 fullt
323 605 222 31 motsvarande
574 607 222 39 prägelvärdet
823 613 83 28 samt
933 611 119 32 tillåtas
1081 613 73 40 löpa
1181 614 180 33 oberoende
1389 618 34 30 af
1447 618 179 33 hvarandra
1654 622 59 30 och
1743 623 70 31 med

210 655 47 28 ett
285 655 186 40 ömsesidigt
496 657 310 40 värdeförhållande,
837 670 77 29 som,
942 661 81 32 hvad
1054 663 109 32 Staten
1193 665 162 41 beträffar,
1374 669 172 32 fastställes
1575 671 46 31 tid
1649 672 81 32 efter
1757 685 56 19 an-

210 714 74 29 nan,
314 705 70 38 och,
414 706 79 31 hvad
523 709 100 38 anugår
651 709 160 32 enskildes
838 711 223 33 förhållanden
1091 715 45 30 till
1167 715 190 41 hvarandra,
1387 722 37 28 är
1451 720 230 34 öfverlemnadt
1708 725 33 30 åt
1759 725 54 30 det

209 754 61 31 fria
309 756 121 39 aftalet,
475 759 68 30 med
586 760 154 39 rättighet
779 761 48 31 för
868 762 37 31 de
933 764 142 31 enskilde
1103 768 46 28 att
1176 766 49 31 för
1253 768 106 42 hvarje
1386 770 77 32 aftal
1492 771 175 34 bestämma
1693 774 10 31 i
1730 775 81 31 hvad

207 805 84 40 slags
321 810 87 38 mynt
435 807 205 43 betalningen
669 811 81 31 skall
777 812 163 41 fullgöras.

358 858 157 32 Jemföres
557 872 41 19 nu
633 861 53 31 det
715 866 214 38 myntsystem,
961 865 50 32 för
1037 867 120 32 hvilket
1183 870 200 32 motionären
1411 874 155 39 uppställt
1594 875 216 41 hufvudgrunv-

206 907 110 39 derna,
346 910 69 30 med
445 909 53 32 det
524 912 10 29 i
562 912 176 32 Frankrike
768 915 68 30 med
865 915 76 32 flera
969 917 111 32 länder
1115 919 156 41 gällande,
1301 923 35 30 så
1364 922 141 33 befinnes
1523 928 68 38 att,
1620 928 103 31 såsom
1754 929 54 32 Ut-

204 958 121 32 skottet
352 960 98 31 redan
479 963 157 39 anmärkt,
666 966 506 40 utmyntningsbestämmelserna
1199 975 56 28 äro
1282 972 66 32 lika
1375 974 49 31 för
1452 975 37 31 de
1519 981 87 37 mynt
1624 978 8 30 i
1653 979 74 39 guld
1748 981 59 30 och

204 1009 117 39 silfver,
353 1011 105 32 hvilka
491 1013 58 31 här
576 1014 102 32 skulle
706 1019 171 37 utmyntas,
908 1019 58 30 och
996 1020 37 30 de
1062 1023 221 31 motsvarande
1309 1024 153 33 Franska.
1518 1028 203 33 Motionären
1749 1031 58 31 har

203 1059 66 41 lagt
308 1063 196 39 gramvigten
533 1065 47 30 till
608 1066 119 39 grund;
767 1067 59 31 och
855 1068 40 32 då
923 1072 36 28 31
990 1071 157 32 caroliner
1174 1073 90 32 skola
1291 1079 78 36 väga
1398 1079 58 29 100
1484 1089 98 30 gram,
1612 1080 59 31 har
1698 1081 107 42 hvarje

202 1111 98 32 sådan
342 1123 39 21 en
422 1115 65 37 vigt
514 1115 34 31 af
574 1118 98 36 3,2258
707 1128 98 29 gram,
836 1119 77 31 eller
953 1120 64 32 lika
1044 1123 70 30 med
1145 1124 326 44 10-francs-styckets.
1525 1130 90 31 Båda
1642 1132 163 32 innehålla

201 1162 103 32 tillika
345 1164 74 39 guld
456 1165 35 30 af
513 1163 97 48 "0.0.
638 1167 76 32 halt.
770 1169 43 31 Af
849 1170 198 43 silfvermynt
1087 1174 112 40 skulle,
1235 1176 39 31 då
1307 1179 40 30 20
1375 1180 89 30 mark
1492 1180 131 32 föreslås
1651 1185 47 28 att
1725 1187 79 37 väga

203 1215 60 30 100
297 1225 99 29 gram.
426 1217 286 42 en-marksstycket
739 1219 128 33 komma
893 1226 48 27 att
967 1227 79 36 väga
1074 1226 17 29 5
1119 1235 98 30 gram,
1248 1228 77 31 eller
1351 1229 64 32 lika
1445 1232 69 30 med
1542 1233 261 42 en-francs-styc-

200 1264 64 38 ket,
294 1266 59 30 och
382 1266 83 31 båda
492 1267 92 33 dessa
611 1272 88 38 mynt
725 1270 102 32 skulle
855 1273 127 40 präglas
1009 1275 10 30 i
1047 1275 106 31 silfver
1180 1277 35 31 af
1239 1278 64 32 lika
1330 1280 77 39 halt,
1445 1282 77 31 eller
1547 1280 106 48 251000
1708 1285 94 32 Lika-

199 1325 68 21 som
295 1316 8 30 i
332 1317 177 32 Frankrike
549 1320 59 30 och
638 1321 38 30 de
703 1321 102 40 öfriga
832 1323 10 30 i
872 1326 79 29 1865
980 1326 51 30 års
1061 1326 192 33 konvention
1282 1330 189 41 deltagande
1499 1334 155 32 länderna
1681 1336 120 32 silfver-

198 1370 126 36 mynten
354 1369 19 30 å
400 1370 18 29 2
446 1369 106 32 francs
593 1371 59 31 och
693 1372 160 32 derunder
891 1375 69 31 icke
1000 1379 55 28 äro
1096 1378 179 41 ovilkorligt
1318 1381 282 43 betalningsmedel
1628 1386 49 31 för
1704 1387 97 40 högre

197 1426 124 22 summa
360 1421 39 28 än
442 1421 39 28 50
515 1420 116 39 francs,
661 1423 35 30 så
735 1423 103 31 skulle
878 1425 59 31 här
966 1427 212 42 markmyntet
1205 1441 74 20 vara
1307 1433 182 41 ovilkorligt
1517 1435 284 41 betalningsmedel

198 1477 71 21 man
298 1469 58 30 och
387 1479 69 20 man
485 1472 135 31 emellan
648 1472 136 32 allenast
813 1476 67 30 med
910 1476 60 31 den
998 1478 241 42 inskränkning,
1257 1492 67 21 som
1354 1485 196 32 motionären
1570 1487 164 41 föreslagit
1752 1489 49 31 till

197 1521 39 28 10
263 1519 100 32 mark.

343 1571 63 31 Det
433 1583 42 19 nu
503 1572 215 41 föreliggande
746 1575 153 41 förslaget
925 1578 109 41 skiljer
1061 1581 47 39 sig
1136 1581 143 33 deremot
1306 1583 71 32 från
1406 1585 55 31 det
1489 1587 145 32 Franska
1661 1592 138 39 myntsy-

193 1622 115 30 stemet
335 1621 9 31 i
373 1621 60 32 den
472 1625 199 40 väsendtliga
710 1627 289 41 omständigheten,
1042 1633 49 29 att
1118 1632 10 30 i
1156 1632 54 32 det
1248 1633 86 32 förra
1362 1636 110 39 guldet
1499 1642 123 28 ensamt
1648 1642 36 28 är
1711 1640 88 40 lagdt

193 1670 49 31 till
269 1673 101 38 grund
400 1672 49 32 för
476 1674 122 32 likaren
628 1676 59 31 och
715 1688 39 19 en
782 1680 176 38 myntenhet
984 1680 158 33 fastställd
1173 1684 46 30 uti
1248 1685 171 40 carolinen,
1448 1687 123 32 hvadan
1592 1689 58 32 ock
1669 1691 10 30 i
1698 1694 98 38 syste-

193 1724 64 28 met
283 1722 70 32 icke
380 1724 91 39 ingär
499 1728 96 37 något
621 1727 208 41 silfvermynt,
860 1732 220 31 motsvarande
1108 1733 310 44 femfrancs-myntet
1444 1738 10 31 i
1481 1739 116 35 silfver,
1627 1744 78 28 utan
1733 1743 63 31 alla

191 1771 320 44 silfvermynt-sorter
537 1780 55 29 äro
620 1778 137 32 allenast
784 1779 190 43 skiljemynt.
1029 1783 152 33 Deremot
1208 1789 36 28 är
1271 1797 37 20 en
1337 1788 134 32 särskild
1500 1791 187 33 räkneenhet
1714 1793 83 31 före-

191 1822 119 41 slagen,
348 1825 159 40 nemligen
548 1828 140 39 marken,
732 1830 125 32 hvilken
886 1832 103 39 alltså,
1018 1834 104 31 tillika
1151 1836 70 31 med
1250 1837 70 32 dess
1348 1839 315 44 underafdelningar,
1692 1844 105 32 skulle

192 1873 159 42 begagnas
379 1876 49 31 för
456 1878 211 42 uttryckande
695 1880 35 31 af
755 1883 145 40 varupris
928 1884 58 31 och
1015 1885 9 30 i
1053 1881 225 51 räkenskaper.

342 1926 109 32 Skälet
490 1929 48 31 till
578 1931 180 39 antagande
798 1933 34 31 af
857 1944 38 20 en
924 1935 137 31 särskild
1088 1937 207 41 räkneenhet,
1325 1941 177 40 utgörande
1529 1943 206 33 tiondedelen
1763 1946 35 31 af

189 1977 238 40 myntenheten,
457 1979 100 41 ligger
584 1982 200 40 naturligtvis
812 1984 115 39 deruti,
957 1988 48 29 att
1032 1986 60 32 den
1119 1988 133 33 sednare
1272 1994 36 28 är
1326 1992 108 31 alltför
1453 1997 75 35 stor,
1554 1993 50 32 för
1622 1997 48 29 att
1687 1996 108 41 lämpa

188 2027 48 39 sig
263 2028 49 30 till
340 2031 75 29 våra
443 2029 222 34 förhållanden
694 2033 59 31 och
780 2045 107 29 vanor,
916 2046 67 22 som
1011 2040 78 38 göra
1115 2049 39 21 en
1182 2040 51 41 låg
1261 2042 96 32 enhet
1383 2044 324 42 ändamålsenligare;
1734 2058 59 20 un-

188 2077 56 32 der
271 2078 55 32 det
352 2081 69 31 åter
448 2083 193 39 antagaudet
669 2084 35 31 af
727 2095 38 21 en
794 2086 181 32 tiodubbelt
1002 2092 101 28 större
1132 2093 185 39 myntenhet
1345 2095 181 40 naturligen
1554 2096 179 33 föranledes
1760 2099 35 31 af

187 2129 227 42 omöjligheten
456 2136 47 27 att
543 2134 70 31 med
654 2134 194 43 fullkomligt
882 2138 296 35 tillfredsställande
1208 2145 222 39 noggrannhet
1456 2149 147 39 utmynta
1629 2151 47 29 ett
1701 2149 90 40 guld-

188 2183 87 38 mynt
301 2181 35 31 af
362 2182 122 32 mindre
511 2184 97 32 valör.
