1878 2810
291 140 19 29 4
735 149 275 34 Statsutskottets
1035 153 176 32 utlåtande
1235 165 41 21 nr
1303 157 49 31 74.

293 227 191 39 utsättning
514 234 47 27 att
593 230 295 38 fångarbetskraft
921 236 70 31 kan
1022 237 139 32 komma
1194 238 49 32 till
1274 241 223 39 användning
1531 242 57 33 vid
1621 245 179 33 arbetenas

292 277 193 33 utförande.

334 378 78 32 Med
431 380 238 37 tillstyrkande
685 393 43 21 av
747 384 122 38 Kungl.
890 386 118 37 Maj:ts
1028 388 129 38 förslag
1175 390 200 32 hemställer
1392 394 174 37 utskottet,

644 470 49 28 att
720 468 183 38 riksdagen
931 470 59 32 må
1017 471 49 31 till
1099 473 172 40 Utökning
1299 486 41 20 av
1370 477 428 40 sinnessjukavdelningen

599 518 56 31 vid
679 520 298 36 centralfängelset
1006 523 5 30 i
1035 523 209 33 Härnösand
1267 525 56 31 för
1344 527 202 37 budgetåret
1572 527 141 34 1946/47
1740 541 57 21 an-

597 567 72 31 visa
690 572 46 27 ett
757 569 346 42 investeringsanslag
1125 583 42 22 av
1192 576 38 29 31
1247 576 63 32 000
1335 578 139 32 kronor.

330 697 69 40 4:0)
427 699 503 44 Värmeledningsanläggning
955 706 58 31 vid
1038 709 385 38 rannsakningshäktet
1449 713 12 30 i
1483 713 118 37 Visby.
1628 715 79 31 Med
1730 717 66 30 till-

288 749 186 36 styrkande
498 760 41 21 av
561 751 123 38 Kungl.
707 753 117 38 Maj:ts
846 755 129 39 förslag
1005 759 123 38 (punkt
1150 761 29 35 4,
1205 770 25 21 s.
1253 760 31 40 8)
1313 763 65 30 och
1401 764 110 31 under
1534 764 147 38 erinran,
1706 770 48 27 att
1776 767 20 31 å

289 799 129 31 allmän
448 801 280 38 beredskapsstat
759 805 47 31 III
838 807 57 30 för
926 808 201 37 budgetåret
1160 809 141 33 1944/45
1331 814 162 36 uppförts
1522 819 47 27 ett
1602 817 121 37 anslag
1752 827 42 21 av

290 849 40 31 45
344 850 63 31 000
429 851 131 32 kronor
579 854 51 30 till
652 854 267 38 ifrågavarande
942 859 172 38 ändamål,
1137 861 199 33 hemställer
1357 864 175 38 utskottet,

640 994 48 27 att
715 991 183 37 riksdagen
924 993 58 31 må
1011 993 50 32 till
1090 994 490 44 Värmeledningsanläggning
1609 1001 57 31 vid
1692 1010 102 22 rann-

594 1041 284 36 sakningshäktet
899 1045 11 30 i
933 1043 103 39 Visby
1059 1044 55 31 för
1139 1046 201 37 budgetåret
1364 1046 142 34 1946/47
1531 1049 119 32 anvisa
1675 1055 46 27 ett
1745 1051 49 31 in-

593 1091 307 40 vesteringsanslag
922 1103 42 22 av
984 1096 41 29 45
1038 1095 64 32 000
1124 1097 137 31 kronor.

327 1222 68 40 5:o0)
418 1224 505 41 Värmeledningsanläggning
945 1238 46 21 m.
1011 1238 46 21 m.
1078 1230 59 30 vid
1157 1232 386 37 rannsakningshäktet
1562 1235 12 30 i
1596 1235 196 32 Halmstad.

286 1274 226 32 Beträffande
529 1275 266 38 ifrågavarande
813 1279 122 37 anslag
961 1279 121 40 (punkt
1104 1282 28 36 5,
1152 1291 25 21 s.
1198 1283 19 29 8
1239 1283 65 29 och
1324 1283 31 40 9)
1379 1284 160 32 kommer
1556 1286 165 31 utskottet
1742 1291 49 27 att

282 1332 118 23 senare
428 1325 121 37 avgiva
572 1326 187 38 utlåtande,
783 1328 105 32 vilket
915 1330 145 31 härmed

899 1415 165 31 anmäles.

323 1541 68 40 6:0)
416 1543 340 40 Vattenanläggning
778 1547 56 30 vid
858 1549 351 35 ungdomsanstalten
1232 1550 20 32 å
1273 1552 145 31 Skenäs.
1441 1553 80 32 Med
1543 1551 246 46 tillstyrkande

281 1600 40 22 av
349 1593 123 37 Kungl.
501 1594 118 37 Maj:ts
645 1596 130 38 förslag
805 1597 124 39 (punkt
956 1600 30 35 6,
1013 1609 24 22 s.
1069 1601 155 39 10—12),
1251 1602 104 31 vilket
1386 1613 99 22 avser
1511 1604 208 40 förbättring
1746 1616 43 21 av

279 1644 374 38 vattenförsörjningen
677 1647 57 31 vid
760 1648 311 40 Skenäsanstalten,
1101 1652 198 31 hemställer
1323 1651 176 45 utskottet,

634 1735 49 27 att
704 1732 184 38 riksdagen
909 1733 58 32 må
984 1735 52 31 till
1057 1736 333 40 Vattenanläggning
1411 1740 58 31 vid
1488 1741 297 36 ungdomsanstal-

586 1781 56 31 ten
666 1782 20 31 å
709 1782 130 32 Skenäs
862 1784 55 31 för
938 1785 200 36 budgetåret
1166 1785 140 33 1946/47
1333 1787 120 33 anvisa
1480 1793 46 28 ett
1548 1790 238 38 investerings-

586 1832 120 37 anslag
730 1841 42 23 av
794 1834 42 30 48
849 1835 65 30 000
940 1836 137 31 kronor.

320 1928 202 32 Stockholm
543 1932 66 30 den
631 1933 19 29 2
677 1932 87 37 april
790 1935 93 30 1946.

773 2033 48 32 På
848 2037 269 31 statsutskottets
1145 2039 142 37 vägnar:

829 2137 29 30 J.
886 2136 36 31 B.
950 2137 271 33 JOHANSSON.

317 2352 199 29 Närvarande:
535 2363 29 19 se
583 2357 91 25 under
692 2357 159 27 utlåtandet
872 2367 34 17 nr
925 2360 42 26 73.
