1894 2798
541 196 297 34 Statsutskottets
858 196 187 33 utlåtande
1065 209 41 20 nr
1134 199 74 31 109.
1602 199 20 30 7

176 276 57 33 De
253 275 92 34 båda
364 276 64 33 sist
448 276 155 34 nämnda
623 276 252 43 byggnaderna
895 280 61 30 äro
975 276 115 34 starkt
1109 276 174 41 förslitna,
1303 276 119 35 varför
1441 278 42 33 de
1502 277 10 33 i
1532 289 88 21 sam-

134 321 97 34 band
251 322 79 33 med
350 321 149 34 berörda
519 321 187 43 ändringar
727 322 84 33 böra
831 325 100 39 göras
953 322 52 33 till
1026 321 144 35 föremål
1191 322 55 33 för
1265 335 42 21 en
1326 322 295 43 genomgripande

134 367 211 41 reparation.

171 412 105 33 Inom
306 412 373 42 ezxternatbyggnaden
709 413 86 33 böra
823 412 120 34 vidare
974 412 92 34 vissa
1095 413 109 34 redan
1234 414 40 33 år
1304 416 86 30 1938
1422 412 195 44 föreslagna

129 457 317 43 kompletteringar
466 458 160 42 vidtagas
648 458 9 33 i
678 458 118 34 avsikt
817 463 54 29 att
892 458 128 34 bereda
1040 459 42 33 de
1102 458 94 34 äldre
1218 459 161 34 eleverna
1398 458 219 44 möjligheter

130 503 53 34 till
202 503 55 33 för
275 503 78 34 dem
370 503 146 43 lämplig
532 503 397 43 fritidssysselsättning.
948 503 154 35 Sålunda
1120 504 146 34 föreslås
1284 505 190 33 inredande
1492 517 44 21 av
1555 505 61 34 två

131 548 201 43 hobbyrum
357 549 10 33 i
391 549 157 34 källaren
573 554 94 29 samt
692 562 45 21 av
763 562 42 21 en
830 549 54 34 för
908 550 80 33 hela
1013 550 121 33 skolan
1160 562 202 30 gemensam
1387 550 230 42 samlingssal,

131 595 79 33 med
234 594 221 43 möjligheter
477 594 52 35 till
551 594 303 43 filmförevisning,
876 595 10 33 i
909 595 293 42 vindsvåningen.
1226 596 18 32 I
1266 595 155 34 källaren
1444 596 63 33 bör
1529 599 88 30 även

131 640 138 33 inredas
301 652 42 21 en
372 640 331 42 toalettavdelning,
734 640 194 43 tillgänglig
958 640 79 34 från
1067 641 221 42 skolgården,
1318 641 203 42 varigenom
1551 641 66 34 den

131 697 47 22 nu
196 697 46 22 av
259 685 206 42 hygieniska
481 685 74 35 skäl
572 685 174 51 utdömda
762 686 375 42 avträdesbyggnaden
1154 687 47 41 på
1217 687 128 41 gården
1362 686 72 34 kan
1451 687 125 41 slopas.

172 730 69 33 För
262 730 272 43 genomförande
554 743 43 21 av
618 730 156 43 angivna
794 731 328 42 byggnadsarbeten
1144 732 173 33 beräknas
1337 744 43 21 en
1399 732 153 33 kostnad
1572 744 44 22 av

130 776 98 34 cirka
255 779 65 30 635
334 779 64 30 000
425 776 141 40 kronor,
592 789 112 21 varav
731 780 65 29 355
812 780 65 30 000
903 776 131 34 kronor
1057 776 54 35 för
1136 776 221 43 uppförande
1385 790 46 21 av
1457 777 43 34 de
1525 777 92 34 båda

127 821 303 42 nybyggnaderna
448 821 66 34 och
536 825 39 30 10
590 825 66 30 000
676 822 130 34 kronor
823 821 54 34 för
895 822 112 34 därav
1024 821 183 35 föranledd
1226 823 173 42 utökning
1417 835 46 22 av
1480 825 133 31 värme-

128 867 191 33 centralen.

168 912 206 34 Emellertid
399 916 39 30 är
463 912 195 34 anstaltens
683 916 85 30 över
792 916 42 30 50
861 913 38 33 år
925 912 117 43 gamla
1065 912 311 44 pannanläggning
1400 926 46 22 av
1472 913 141 43 mycket

127 957 187 43 otidsenlig
329 958 262 40 konstruktion,
608 958 67 33 och
692 970 44 22 en
754 958 273 43 modernisering
1043 971 44 21 av
1104 958 208 34 densamma
1328 959 160 33 kommer
1504 959 110 34 under

127 1003 69 33 alla
222 1002 242 35 förhållanden
490 1008 55 29 att
570 1004 46 33 bli
642 1003 203 41 nödvändig
869 1004 97 33 inom
992 1008 53 30 ett
1068 1003 88 35 fåtal
1182 1005 50 33 år.
1258 1004 135 34 Därvid
1420 1005 63 33 bör
1507 1005 106 33 bland

126 1053 112 29 annat
254 1049 66 33 den
336 1048 206 34 nuvarande
557 1049 248 42 utrustningen
820 1049 54 34 för
889 1049 284 43 högtrycksånga
1188 1050 147 42 utbytas
1351 1055 76 29 mot
1442 1063 42 21 en
1500 1063 112 21 varm-

129 1094 350 42 vattenanläggning,
511 1093 110 35 vilket
654 1094 72 34 kan
741 1072 191 69 "beräknas
967 1094 155 35 medföra
1156 1095 73 34 dels
1262 1108 42 21 en
1336 1096 95 42 lägre
1464 1096 150 34 bränsle-

125 1139 232 43 förbrukning
379 1138 66 34 och
470 1139 70 34 dels
564 1152 41 21 en
630 1139 202 43 minskning
855 1153 45 21 av
924 1140 318 42 personalbehovet
1264 1140 53 34 för
1340 1118 273 70 anläggningens

127 1184 132 34 skötsel
282 1185 78 33 med
384 1197 43 21 en
450 1197 94 21 man.
565 1185 56 33 Av
643 1163 187 69 praktiska
849 1185 66 34 och
938 1185 228 35 ekonomiska
1190 1186 75 34 skäl
1288 1187 85 33 böra
1395 1186 100 35 dessa
1517 1186 96 34 arbe-

126 1234 61 29 ten
208 1229 135 35 utföras
364 1230 10 33 i
395 1230 173 34 samband
589 1230 81 34 med
691 1231 67 33 den
779 1230 198 43 föreslagna
997 1231 217 42 utökningen
1236 1244 45 21 av
1302 1233 309 33 värmecentralen.

125 1275 211 34 Kostnaden
361 1275 54 34 för
439 1276 117 34 denna
581 1276 237 43 upprustning
842 1289 46 21 av
914 1277 301 34 värmecentralen
1242 1277 171 34 beräknas
1439 1277 53 34 till
1518 1277 94 35 cirka

129 1324 41 30 75
186 1324 67 30 000
275 1320 139 35 kronor.

676 1412 415 39 Departementschefen.

172 1489 401 42 Departementschefen
600 1489 64 33 har
691 1489 141 39 erinrat,
860 1493 56 30 att
942 1489 72 34 han
1041 1490 11 33 i
1078 1490 93 33 årets
1199 1491 413 43 statsverksproposition

129 1541 164 42 (åttonde
314 1542 239 39 huvudtiteln,
573 1542 163 43 punkten
759 1543 79 41 272)
863 1542 195 34 framhållit
1079 1543 155 33 behovet
1255 1556 45 20 av
1320 1545 203 41 ytterligare
1546 1544 67 34 för-

126 1595 199 42 bättringar
352 1608 45 20 av
425 1596 81 33 vårt
533 1596 98 33 lands
660 1596 432 43 dövstumundervisning.
1120 1596 118 34 Bland
1266 1597 41 33 de
1336 1598 174 42 åtgärder,
1538 1611 74 21 som

124 1648 128 34 härvid
275 1648 105 34 borde
403 1648 268 43 ifrågakomma,
695 1649 80 33 ville
798 1649 389 43 departementschefen
1211 1663 75 21 som
1309 1663 42 21 en
1375 1664 46 20 av
1445 1652 42 33 de
1511 1664 101 30 ange-

126 1702 159 42 lägnaste
317 1698 114 52 nämna
457 1702 380 43 utbyggandet
872 1715 58 21 av
966 1703 646 36 dövstumskolväsendet

125 1756 121 33 med
282 1755 334 34 förskolor.
649 1756 229 33 Beträffande
900 1757 118 33 denna
1039 1756 98 43 fråga
1158 1757 67 34 och
1248 1758 68 33 vad
1338 1758 146 34 därmed
1506 1760 74 32 står
1600 1759 11 33 i

124 1808 174 34 samband
319 1808 63 33 har
404 1809 389 42 departementschefen
815 1809 120 34 anfört
956 1809 166 42 följande.

170 1880 324 33 Dövstumskolans
522 1880 149 33 främsta
697 1877 411 62 undervisningsuppgift
1137 1885 38 29 är
1202 1882 38 41 ju
1270 1887 53 28 att
1351 1884 74 32 lära
1451 1884 161 33 eleverna

124 1928 56 28 att
203 1924 84 33 tala.
310 1924 208 41 Visserligen
540 1924 121 33 kunna
685 1925 257 41 lärjungarna
929 1920 23 51 i
968 1926 86 32 våra
1076 1926 285 34 dövstumskolor
1385 1928 9 32 i
1419 1928 192 33 allmänhet

123 1967 77 34 icke
234 1968 176 42 bibringas
445 1968 82 33 fullt
559 1970 135 32 normal
730 1969 222 42 talförmåga,
975 1982 80 20 men
1078 1982 126 42 genom
1229 1970 382 44 förskolundervisning

124 2012 101 33 torde
251 2013 89 32 dock
350 1994 68 51 ett
445 2013 82 33 vida
553 2013 116 33 bättre
696 2014 147 32 resultat
868 1996 123 51 kunna
1017 2016 148 51 uppnås,
1192 2016 218 41 väsentligen
1436 2029 173 38 samman-

124 2056 186 48 hängande
330 2058 79 32 med
431 2058 61 32 det
512 2057 140 33 faktum
673 2062 55 29 att
749 2059 183 40 förmågan
954 2063 55 45 att
1029 2059 72 33 lära
1121 2062 39 30 är
1180 2060 140 33 särskilt
1341 2065 73 28 stor
1435 2061 9 33 i
1466 2061 142 33 förskol-

125 2101 132 33 åldern.
285 2100 98 34 Även
413 2102 142 32 barnets
584 2103 141 40 andliga
754 2103 204 41 utveckling
986 2103 9 33 i
1024 2104 115 41 övrigt
1167 2104 191 34 förbättras
1387 2118 125 28 genom
1542 2107 66 32 den

124 2145 150 40 tidigare
302 2146 253 33 intellektuella
582 2146 155 33 kontakt
766 2148 79 32 med
875 2147 259 42 omgivningen,
1166 2161 75 20 som
1272 2132 134 50 barnet
1425 2150 144 33 erhåller
1599 2151 9 32 i

123 2189 189 33 förskolan.
336 2189 104 33 Såväl
466 2190 236 41 pedagogiska
726 2203 74 20 som
825 2174 226 59 psykologisk
1054 2204 20 20 a
1097 2184 65 41 och
1188 2193 226 33 humanitära
1437 2195 75 32 skäl
1536 2196 73 31 tala

123 2233 150 33 sålunda
292 2234 53 32 för
363 2234 202 33 inrättande
586 2247 44 20 av
651 2235 182 33 förskolor.

162 2277 205 42 Skapandet
384 2291 44 20 av
446 2290 41 20 en
505 2279 147 32 effektiv
668 2279 385 42 förskolundervisning
1070 2280 51 33 för
1138 2281 226 34 dövstumma
1383 2283 99 32 torde
1498 2283 107 33 förut-

120 2326 108 33 sätta,
250 2327 54 28 att
325 2322 65 33 den
412 2326 99 37 göres
531 2324 227 39 obligatorisk
781 2324 61 33 och
865 2325 304 33 omhänderhaves
1192 2339 45 20 av
1258 2332 128 28 staten.
1407 2328 66 32 Att
1495 2328 111 34 införa

120 2367 129 33 allmän
279 2368 227 39 obligatorisk
535 2368 150 33 förskola
716 2370 97 32 torde
840 2370 193 32 emellertid
1062 2371 72 32 icke
1162 2383 87 21 vara
1276 2372 137 40 möjligt
1440 2373 8 32 i
1477 2373 127 40 dagens

121 2413 84 39 läge.
237 2413 67 32 Om
334 2413 426 40 förskolundervisningen
791 2414 84 33 skall
908 2415 86 40 fylla
1025 2415 50 33 sin
1106 2416 153 41 uppgift,
1290 2419 111 31 måste
1432 2419 172 40 nämligen

120 2458 177 33 förskolan
322 2458 44 33 ha
389 2471 39 20 en
455 2459 132 40 ganska
611 2459 131 41 dyrbar
767 2460 202 41 utrustning
992 2460 61 32 och
1080 2462 406 43 personaluppsättning.
1510 2465 94 32 Skol-
