2209 2693
409 226 38 32 12
851 227 354 37 Bevillningsutskottets
1229 227 198 30 Betänkande
1450 227 58 30 N:o
1532 227 49 30 12.

406 306 226 47 förvaltning
661 307 94 46 ägde
783 305 213 37 bestämma.
1054 306 58 35 Då
1141 306 62 36 det
1222 306 155 35 sålunda
1407 305 95 37 visat
1531 305 56 48 sig
1615 305 143 49 möjligt
1788 307 53 34 att
1865 305 12 35 i
1896 304 106 48 fråga

408 375 55 22 om
495 362 113 34 andra
638 361 153 37 artiklar
823 361 62 36 vid
918 360 347 47 tullbehandlingen
1298 361 253 35 åstadkomma
1581 360 191 36 afsevärda
1801 360 197 43 lättnader,

406 416 205 36 föreställer
644 415 56 47 sig
728 416 192 44 utskottet,
951 418 53 33 att
1033 416 70 34 den
1124 415 239 48 möjligheten
1392 415 32 48 ej
1455 415 122 35 skulle
1604 427 86 23 vara
1719 415 200 44 utesluten,
1949 417 54 32 att

406 483 88 24 vare
533 470 55 47 sig
622 482 130 35 genom
783 469 247 48 profvägning
1058 471 89 34 eller
1178 482 132 35 genom
1340 470 115 35 andra
1497 470 172 47 åtgärder
1709 468 56 36 för
1792 468 211 47 beräkning

408 526 39 35 af
472 524 129 37 vikten
626 525 138 48 jämväl
793 525 83 35 med
905 525 173 35 afseende
1112 527 20 32 å
1160 524 367 48 fartygsmaterialier
1569 525 67 34 och
1672 524 330 47 skeppsförnöden-

408 581 106 34 heter
554 579 184 35 lättnader
766 579 13 35 i
806 579 241 35 förevarande
1076 579 94 48 syfte
1206 579 125 35 kunde
1365 579 242 46 genomföras.
1663 579 57 34 De
1761 577 242 45 föreskrifter,

410 647 74 23 som
531 633 122 36 därför
693 634 193 43 erfordras,
929 634 106 35 torde
1076 634 204 34 emellertid
1321 634 116 34 redan
1479 636 46 44 på
1568 633 120 47 grund
1731 633 40 35 af
1808 632 57 36 sin
1894 634 112 33 natur

410 690 119 34 under
548 688 87 47 inga
663 688 258 35 förhållanden
949 688 88 35 böra
1061 687 200 48 inrymmas
1281 688 12 35 i
1313 688 185 35 tulltaxan
1527 688 88 35 eller
1644 687 149 35 därmed
1826 698 179 24 samman-

408 742 197 46 hängande
632 741 287 43 bestämmelser,
949 745 90 31 utan
1066 742 97 33 lärer
1191 742 62 34 det
1280 741 88 34 böra
1398 742 245 34 öfverlämnas
1669 744 36 31 åt
1733 741 139 45 Kungl.
1895 739 109 47 Maj:t

409 800 54 32 att
505 796 150 47 vidtaga
698 796 44 35 de
777 796 180 46 åtgärder,
990 808 74 23 som
1095 795 12 35 1
1141 795 240 36 förevarande
1412 795 173 36 afseende
1615 797 57 33 må
1692 794 166 36 befinnas
1894 794 109 35 ända-

410 850 227 46 målsenliga.
677 850 190 35 Utskottet
895 851 67 34 har
986 849 132 44 därför,
1149 849 242 48 bebjärtande
1419 850 149 46 frågans
1597 849 81 36 vikt
1703 850 67 34 och
1799 848 204 47 betydelse,

415 908 120 33 ansett
570 904 56 47 sig
668 904 88 36 böra
790 903 185 49 tillstyrka
1010 904 183 35 aflåtande
1227 904 39 35 af
1290 916 45 23 en
1365 903 193 36 skrifvelse
1586 903 13 35 i
1628 906 123 32 ämnet
1779 902 56 36 till
1863 902 141 46 Kungl.

409 958 116 49 Maj:t.

514 1014 127 35 Under
671 1013 230 47 åberopande
932 1013 40 35 af
996 1013 97 36 hvad
1115 1013 155 35 sålunda
1298 1012 122 36 blifvit
1449 1012 160 44 anfördt,
1635 1012 216 35 hemställer
1876 1010 129 36 bevill-

411 1068 306 46 ningsutskottet,

942 1179 52 32 att
1023 1175 226 46 Riksdagen,
1272 1175 12 34 i
1309 1174 203 46 anledning
1536 1174 41 35 af
1591 1174 242 35 förevarande
1854 1173 152 44 motion,

837 1229 85 35 ville
951 1229 14 34 i
994 1229 193 35 skrifvelse
1216 1228 56 35 till
1302 1229 139 46 Kungl.
1473 1227 107 48 Maj:t
1609 1228 159 42 anhålla,
1791 1230 53 32 att
1863 1227 142 46 Kungl.

840 1282 109 48 Maj:t
989 1282 143 35 täcktes
1174 1283 74 34 låta
1285 1282 224 44 undersöka,
1539 1281 183 35 huruvida
1751 1293 131 34 genom
1913 1280 93 47 prof-

841 1336 164 47 vägning
1035 1337 88 34 eller
1155 1339 47 44 på
1232 1340 112 31 annat
1374 1335 308 46 ändamålsenligt
1710 1338 72 32 sätt
1823 1335 188 35 lättnader

838 1391 12 35 i
883 1390 530 46 tullbehandlingshänseende
1455 1392 57 32 må
1548 1389 126 35 kunna
1705 1388 207 47 medgifvas
1945 1388 64 36 vid

838 1445 150 35 införsel
1029 1444 56 36 för
1118 1444 259 35 innehafvares
1415 1443 39 36 af
1487 1443 222 47 skeppsvarf
1752 1443 90 35 eller
1888 1442 121 35 meka-

838 1498 86 36 nisk
970 1498 174 36 verkstad
1189 1498 160 47 räkning
1402 1498 39 35 af
1470 1498 136 35 sådana
1648 1497 13 35 i
1708 1497 22 47 $
1774 1500 22 32 8
1838 1498 170 34 tulltaxe-

838 1553 337 35 underrättelserna
1218 1552 238 35 omförmälda
1491 1552 221 35 materialier
1746 1552 67 34 och
1856 1551 153 46 skepps-

839 1607 297 43 förnödenheter,
1182 1606 127 36 hvilka
1355 1606 83 35 icke
1489 1611 62 30 äro
1591 1605 55 36 till
1692 1604 321 48 husgerådssaker

839 1661 218 46 hänförliga,
1103 1660 186 36 äfvensom
1338 1660 159 35 därefter
1542 1659 151 46 vidtaga
1736 1660 44 34 de
1828 1659 182 47 åtgärder,

840 1715 149 35 hvartill
1042 1727 46 22 en
1147 1714 103 48 dylik
1298 1714 280 47 undersökning
1619 1714 76 35 kan
1746 1713 100 47 gifva
1889 1712 123 36 anled-

843 1781 99 34 ning.

518 1878 209 36 Stockholm
760 1877 71 35 den
862 1879 47 33 29
941 1889 94 23 mars
1069 1878 111 33 1906.

869 1985 52 35 På
949 1984 426 46 bevilluningsutskottets
1406 1989 154 41 vägnar:

1059 2102 48 34 H.
1160 2100 214 36 CAVALLI.
