1888 2796
289 182 18 28 2
743 178 248 27 Statsutskottets
1013 177 158 28 utlåtande
1192 185 37 18 nr
1252 177 63 26 159.

334 259 116 31 Under
469 258 219 40 åberopande
708 268 43 21 av
771 259 67 30 vad
858 257 145 31 sålunda
1023 257 135 31 anförts
1178 256 55 31 får
1252 256 165 30 utskottet
1437 255 192 36 hemställa,

643 370 49 26 att
709 366 184 38 riksdagen
911 364 66 37 må,
995 365 80 30 med
1092 364 99 30 bifall
1207 364 50 30 till
1276 363 215 31 motionerna
1511 363 27 29 I:
1554 363 18 30 5
1592 362 66 30 och
1677 362 44 30 II:
1740 362 37 29 12

599 424 90 25 samt
708 419 44 30 II:
767 419 74 36 265,
863 419 11 29 i
895 418 162 30 skrivelse
1077 418 52 30 till
1149 417 121 38 Kungl.
1293 416 101 39 Maj:t
1414 415 141 31 anhålla
1577 425 57 20 om
1655 425 43 20 en
1718 415 59 30 all-

599 473 87 39 sidig
716 472 183 39 utredning
932 482 42 20 av
1006 471 125 39 frågan
1163 481 57 20 om
1252 468 527 41 gemensamhetsanläggningar

599 527 66 29 och
683 526 240 30 fritidscentra.

338 635 197 30 Stockholm
554 634 66 30 den
638 634 41 30 29
699 633 69 39 maj
791 634 93 29 1945.

780 739 48 31 På
854 739 266 30 statsutskottets
1146 739 143 38 vägnar:

814 810 146 31 ALGOT
985 805 265 35 TÖRNKVIST.

330 1134 58 27 Vid
407 1133 194 27 förestående
621 1133 129 27 ärendes
768 1131 251 35 slutbehandling
1037 1131 87 27 inom
1142 1131 149 27 utskottet
1309 1131 82 26 hava
1409 1129 138 27 närvarit

331 1213 71 28 från
432 1213 148 27 första
609 1213 194 27 kammaren:
824 1213 108 26 herrar
952 1212 188 32 Lindström,
1159 1211 80 27 Sven
1259 1211 144 32 Larsson,
1424 1209 173 33 Bäcklund,
1617 1208 163 27 Bernhard

292 1259 136 32 Nilsson,
454 1258 109 33 Gustaf
587 1258 160 32 Karlsson,
771 1257 130 33 Boman,
926 1265 59 18 von
1010 1255 133 33 Heland,
1168 1254 167 34 Gillström,
1359 1254 82 27 Emil
1465 1253 174 34 Petersson,
1666 1253 113 27 Gustav

289 1303 84 26 Emil
392 1303 175 26 Andersson
587 1302 59 27 och
665 1302 123 34 Ragnar
807 1301 114 35 Bergh;
939 1303 80 25 samt

331 1382 72 27 från
436 1383 137 26 andra
607 1382 194 26 kammaren:
828 1381 108 27 herrar
963 1380 176 33 Törnkvist,
1163 1379 150 27 Eriksson
1339 1379 10 26 i
1375 1378 189 32 Stockholm,
1589 1378 156 27 Svensson
1770 1377 9 26 i

292 1427 146 31 Grönvik,
457 1427 187 34 Bergström,
661 1425 205 34 Mårtensson,
884 1425 144 33 Viklund,
1047 1424 203 33 Holmström,
1268 1423 177 33 Lindholm,
1462 1423 90 33 Sefve
1571 1423 59 26 och
1647 1422 132 27 Johans-

291 1480 56 18 son
366 1472 10 26 i
397 1471 146 35 Mysinge.
