1848 2782
260 172 17 29 2
689 176 285 31 Statsulskottets
999 177 178 30 utlåtande
1202 187 40 20 nr
1264 179 51 28 88.

305 263 12 28 I
339 263 261 36 propositionen
623 272 129 29 angavs
776 265 240 37 uttryckligen,
1039 268 51 27 att
1114 266 65 29 den
1205 266 194 36 föreslagna
1424 267 237 36 ersällningen
1684 277 58 20 an-

262 307 75 36 sågs
359 308 122 36 utgöra
502 310 46 27 ett
568 309 231 36 provisorium
823 310 9 28 i
854 310 149 29 avbidan
1024 311 43 36 på
1089 311 217 29 slutförande
1328 321 42 19 av
1391 312 91 28 vissa
1507 312 234 37 utredningar,

263 352 174 36 nämligen
453 353 65 29 den
534 353 37 29 år
592 354 83 29 1948
693 354 189 29 tillkallade
902 355 229 36 utredningen
1149 355 145 29 rörande
1312 356 116 29 arbete
1447 366 39 26 på
1505 357 168 28 obekväm
1691 366 52 20 ar-

261 397 126 29 betstid
403 397 64 30 och
482 398 430 37 arbetstidsutredningen.
929 400 75 29 Med
1021 400 137 36 hänsyn
1173 400 44 29 bl.
1233 410 28 19 a.
1279 400 49 29 till
1345 401 256 35 ersättningens
1618 402 125 28 karak-

261 442 52 28 tär
330 450 42 21 av
390 442 231 36 provisorium
641 443 268 30 eftersträvades
926 446 51 27 att
994 444 208 29 konstruera
1221 445 522 35 ersättningsbeslämmelserna

262 486 86 29 efter
368 486 37 30 så
425 487 101 29 enkla
546 487 105 36 linjer
671 497 73 19 som
763 487 148 37 möjligt.
931 488 46 30 På
998 489 110 36 grund
1128 498 43 19 av
1189 491 48 27 att
1260 489 231 36 ljänstgöring
1511 490 41 36 på
1573 490 170 30 obekväm

261 531 167 29 arbetstid
450 531 93 30 inom
566 532 347 36 statsförvaltningen
935 533 105 29 redan
1062 533 147 36 tidigare
1231 534 96 29 blivit
1348 534 9 29 i
1379 534 92 29 vissa
1495 535 59 28 fall
1577 535 165 37 kompen-

262 575 97 30 serad
379 583 123 29 genom
522 576 223 37 nedsättning
763 586 41 20 av
823 577 66 29 den
908 577 101 36 eljest
1028 578 218 29 föreskrivna
1265 579 212 29 arbetstiden
1496 581 125 36 ansågs
1641 582 102 28 emel-

261 619 99 30 lertid
385 620 219 37 erforderligt
627 623 51 27 att
701 629 121 28 genom
847 631 43 20 en
915 622 146 29 särskild
1087 623 91 35 regel
1203 623 181 30 förhindra
1408 624 334 38 dubbelkompensa-

262 665 80 29 tion.
360 665 210 36 Härigenom
588 666 275 36 komplicerades
881 666 189 30 emellertid
1092 667 265 37 tillämpningen
1374 678 42 19 av
1434 669 308 31 bestämmelserna

262 710 7 28 i
290 710 166 29 avsevärd
477 710 92 37 grad.

304 765 236 38 Utredningen
566 767 148 29 rörande
739 767 115 29 arbete
881 767 43 37 på
951 767 166 29 obekväm
1146 768 165 29 arbetstid
1340 768 63 29 har
1430 778 46 20 nu
1504 770 164 36 framlagt
1695 772 48 27 ett

260 809 219 31 betänkande
503 811 76 29 med
605 811 269 37 principförslag
899 811 146 30 rörande
1071 812 149 29 särskild
1246 812 266 37 kompensation
1538 814 53 28 för
1617 814 125 36 tjänst-

260 855 120 36 göring
404 855 43 36 på
471 855 168 30 obekväm
663 856 176 29 arbetstid.
865 857 13 28 I
902 856 235 29 betänkandet
1161 856 196 30 diskuteras
1383 857 123 37 frågan
1530 867 55 19 om
1611 859 64 29 och
1699 859 44 37 på

259 899 107 29 vilket
388 900 69 29 sätt
477 908 80 21 man
580 900 113 29 skulle
715 900 117 29 kunna
854 901 84 28 ernå
959 910 41 19 en
1023 901 198 36 utjämning
1243 901 92 29 olika
1358 902 212 35 tjänstemän
1594 903 149 29 emellan

260 953 41 20 av
319 944 40 29 de
378 944 220 36 olägenheter
616 954 42 20 ur
677 945 9 28 i
707 945 106 29 första
831 945 95 29 hand
946 944 226 37 fysiologiska
1191 945 63 30 och
1273 946 128 29 sociala
1420 947 226 36 synpunkter,
1668 956 74 21 som

260 988 68 30 kan
350 998 103 20 anses
475 998 82 20 vara
580 989 166 29 förenade
768 989 77 29 med
869 989 57 30 det
952 990 67 29 sätt
1039 990 107 36 varpå
1173 990 275 37 tjänstgöringen
1473 992 7 28 i
1505 992 238 36 verkligheten

260 1033 37 30 är
319 1033 136 37 förlagd
477 1034 9 28 i
509 1033 276 30 tidshänseende.
808 1034 93 29 Från
922 1033 112 30 denna
1057 1035 262 36 utgångspunkt
1342 1035 147 30 föreslår
1512 1037 231 36 utredningen

259 1096 43 3 —
324 1087 74 20 som
422 1078 105 36 enligt
550 1078 74 29 sina
649 1078 148 29 direktiv
819 1078 75 29 icke
917 1078 76 29 haft
1016 1080 49 27 alt
1090 1079 79 35 ingå
1193 1079 40 36 på
1259 1079 122 36 frågan
1406 1089 55 19 om
1486 1080 256 37 kompensatio-

261 1131 84 21 nens
362 1122 130 30 storlek
507 1123 63 29 och
587 1122 30 37 ej
637 1122 107 30 heller
759 1122 140 30 bedömt
915 1122 266 37 möjligheterna
1199 1133 40 19 av
1256 1133 40 19 en
1314 1124 428 37 kompensationsförmån

261 1167 8 29 i
292 1167 201 29 nuvarande
515 1167 155 37 löneläge
691 1185 44 3 —
755 1167 43 29 bl.
821 1176 30 20 a.
873 1169 52 28 att
947 1167 337 37 tidskompensation
1308 1169 8 28 i
1342 1169 90 28 form
1456 1178 40 20 av
1519 1169 223 38 nedsättning

260 1221 42 20 av
323 1211 104 37 eljest
449 1212 157 36 gällande
630 1212 166 29 arbetstid
821 1212 89 29 skall
935 1212 137 36 medges
1095 1212 57 29 vid
1178 1212 294 37 nattjänstgöring
1497 1214 62 29 och
1584 1216 51 27 att
1659 1214 84 30 kon-

261 1258 72 27 tant
361 1256 192 37 ersättning
581 1256 90 29 skall
699 1256 136 36 medges
864 1256 55 29 för
945 1257 94 36 övrig
1066 1257 169 29 obekväm
1262 1257 178 29 arbetslid.
1468 1259 49 28 Av
1543 1268 93 19 vissa
1667 1259 74 29 skäl

260 1310 100 20 anses
377 1301 385 37 tidskompensatlionen
778 1301 56 29 vid
851 1301 194 29 nattarbete
1062 1301 82 29 böra
1163 1301 247 37 kompletteras
1428 1303 76 28 med
1522 1312 41 19 en
1581 1303 162 29 kontant-

259 1345 267 37 kompensation
551 1354 42 21 av
621 1354 133 21 samma
782 1346 130 29 storlek
940 1355 73 20 som
1040 1346 65 29 den
1136 1346 53 29 för
1216 1347 94 36 övrig
1336 1348 168 29 obekväm
1532 1348 60 30 tid.
1622 1348 120 30 Utred-

260 1390 145 36 ningens
435 1390 178 36 majoritet
642 1391 64 28 har
735 1390 174 35 förutsatt,
941 1392 50 28 att
1019 1391 278 30 hittillsvarande
1328 1392 414 37 kompensationsanord-

258 1436 124 36 ningar
400 1436 11 29 i
429 1436 48 29 tid
496 1435 63 30 och
578 1443 131 29 pengar
729 1436 52 29 får
800 1436 183 30 avvecklas
1002 1436 9 29 i
1029 1437 170 29 samband
1219 1438 76 29 med
1314 1439 51 29 att
1383 1439 49 29 ett
1450 1439 109 35 dylikt
1577 1439 167 36 kompen-

260 1481 264 37 sationssystem
553 1481 133 30 införes
714 1481 80 30 eller
822 1481 9 29 i
859 1481 99 37 varje
987 1481 60 30 fall
1076 1482 109 29 innan
1214 1483 92 29 detta
1335 1483 121 36 börjar
1483 1484 178 36 tillämpas
1690 1484 54 29 för

260 1525 193 36 respektive
476 1525 285 37 personalgrupp.
785 1525 76 29 Med
887 1525 136 37 hänsyn
1047 1526 50 29 till
1122 1526 203 29 sambandet
1348 1527 129 29 mellan
1501 1528 58 28 sitt
1584 1527 158 37 uppdrag

259 1569 63 29 och
351 1570 82 29 1947
460 1569 56 30 års
542 1569 376 37 arbetstidsutredning
944 1570 62 29 har
1032 1570 232 36 utredningen
1290 1571 69 29 inte
1386 1572 85 35 tagit
1498 1572 165 36 ställning
1689 1572 52 29 till

262 1614 122 36 frågan
399 1623 57 20 om
471 1614 116 29 vilken
603 1614 49 29 tid
669 1615 42 36 på
728 1614 133 36 dygnet,
880 1623 74 20 som
969 1614 61 29 bör
1046 1614 178 29 betraktas
1241 1624 71 20 som
1329 1616 123 33 nattid,
1469 1616 62 29 och
1548 1616 70 29 inte
1636 1616 107 29 heller

261 1658 49 29 till
327 1658 125 37 frågan
467 1667 55 21 om
537 1659 239 29 utformandet
791 1668 41 20 av
847 1659 157 36 reglerna
1021 1659 53 28 för
1090 1659 67 29 den
1175 1659 344 37 tidskompensation,
1539 1670 72 19 som
1631 1661 111 29 skulle

259 1702 198 30 tillkomma
479 1703 372 36 statstjänstemännen
874 1704 43 36 på
939 1704 109 36 grund
1070 1713 43 20 av
1135 1705 202 28 nattarbete.

303 1756 101 30 Såväl
425 1756 10 29 i
456 1756 96 37 fråga
572 1766 57 20 om
651 1757 182 36 förslagets
854 1756 296 38 huvudprinciper
1172 1767 72 19 som
1264 1758 222 29 beträffande
1507 1758 235 37 detaljförsla-

260 1808 63 29 gen
337 1802 64 28 har
417 1801 96 30 stark
527 1801 110 29 kritik
653 1801 241 29 framkommit
909 1802 9 28 i
935 1802 172 36 åtskilliga
1125 1812 42 19 av
1183 1802 39 29 de
1237 1802 196 36 yltranden,
1452 1812 71 20 som
1538 1803 148 36 avgivilts
1701 1812 42 20 av

260 1845 112 30 skilda
397 1846 312 29 remissinstanser.
735 1846 150 29 Sålunda
912 1846 63 29 har
999 1846 420 37 arbetstidsutredningen
1445 1848 125 33 anfört,
1597 1850 51 27 att
1674 1848 68 29 frå-

260 1898 65 28 gan
345 1899 57 20 om
426 1890 219 36 förkortning
667 1900 42 19 av
729 1890 213 29 arbetstiden
962 1891 43 36 på
1026 1891 110 36 grund
1160 1901 42 19 av
1225 1892 191 29 nattarbete
1441 1893 48 28 till
1514 1893 86 36 följd
1624 1904 41 19 av
1689 1896 52 28 sin

259 1936 102 28 natur
384 1934 101 30 faller
505 1935 110 29 under
637 1935 397 36 skyddslagstiftningen
1054 1936 63 28 och
1141 1936 60 28 bör
1223 1936 89 29 lösas
1334 1944 123 28 genom
1480 1938 262 30 bestämmelser

259 1979 142 36 intagna
421 1979 164 37 antingen
607 1980 9 28 i
637 1979 374 37 arbetarskyddslagen
1031 1980 81 29 eller
1136 1981 6 27 i
1165 1980 463 39 arbetstidslagstiftningen.
1652 1984 12 28 I
1685 1992 56 20 en-

259 2023 105 37 lighet
388 2024 79 29 med
492 2024 58 29 sitt
573 2024 159 37 uppdrag
755 2024 158 29 kommer
936 2024 419 37 arbetstidsutredningen
1380 2028 50 27 att
1456 2027 192 37 framlägga
1674 2027 67 29 för-

260 2068 71 37 slag
351 2068 53 29 till
424 2068 54 37 lag
495 2077 56 21 om
570 2068 182 30 förkortad
771 2069 168 29 arbetstid
959 2069 53 29 för
1031 2070 92 28 vissa
1143 2069 193 36 kategorier
1355 2070 245 38 arbetstagare.
1622 2072 120 29 Utred-

259 2112 146 37 ningens
429 2113 128 37 förslag
580 2113 54 29 till
657 2113 409 37 arbetstidsförkortning
1089 2114 158 29 kommer
1270 2115 43 29 bl.
1337 2125 29 19 a.
1390 2118 51 27 att
1463 2126 79 20 avse
1567 2117 174 30 natiarbe-

259 2159 81 32 tare,
370 2166 81 20 men
478 2157 232 37 utredningen
737 2157 62 29 har
826 2158 95 29 ännu
951 2158 74 29 icke
1054 2159 103 28 fattat
1186 2159 159 29 definitiv
1374 2160 216 37 ståndpunkt
1620 2161 52 29 till
1701 2162 40 28 de

259 2201 151 36 grunder
435 2202 87 29 efter
544 2202 94 29 vilka
663 2202 409 37 arbetstidsförkortning
1097 2203 62 29 bör
1186 2204 58 28 ske
1270 2204 82 29 eller
1376 2205 53 29 till
1456 2205 285 37 förkortningens

259 2245 140 30 storlek.
422 2246 427 36 Arbetstidsutredningen
872 2256 104 20 anser
996 2248 56 29 det
1073 2248 121 29 därför
1218 2249 72 28 icke
1313 2250 130 37 riktigt,
1467 2253 48 27 att
1539 2252 123 36 frågan
1684 2261 56 19 om

258 2290 412 37 arbetstidsförkortning
697 2291 54 29 för
776 2292 235 29 nattarbetare
1038 2292 10 29 i
1075 2295 133 27 statens
1238 2293 105 36 tjänst
1370 2295 190 30 behandlas
1588 2296 152 34 särskilt,

260 2336 83 28 utan
364 2335 124 36 frågan
506 2335 61 29 bör
587 2335 93 29 lösas
703 2336 7 28 i
731 2337 46 27 ett
798 2336 109 29 större
929 2337 253 36 sammanhang
1202 2338 44 28 än
1266 2338 56 29 det
1345 2340 227 36 utredningen
1595 2340 147 30 rörande

259 2379 115 29 arbete
396 2380 44 36 på
462 2379 166 30 obekväm
650 2380 166 29 arbetstid
838 2380 78 29 haft
938 2382 50 28 att
1008 2381 183 30 behandla.
1214 2383 113 35 Enlig!
1350 2384 391 37 arbetstidsutredning-

260 2432 59 20 ens
338 2424 225 37 uppfattning
581 2425 62 28 bör
663 2424 118 30 därför
801 2425 122 36 frågan
942 2434 56 20 om
1017 2425 337 38 tidskompensalion
1373 2428 55 29 för
1447 2431 129 27 statens
1597 2429 144 36 tjänste-

260 2468 80 29 män
365 2469 102 29 anstå
491 2469 52 29 till
569 2469 79 29 dess
676 2469 272 30 statsmakterna
974 2470 69 29 kan
1069 2471 115 29 införa
1211 2481 41 19 en
1278 2473 148 34 generell
1454 2473 220 36 förkortning
1700 2483 43 20 av

260 2513 214 29 arbetstiden
490 2513 53 29 för
558 2514 68 29 alla
643 2514 243 29 nattarbetare.
906 2514 92 30 Intill
1015 2515 78 29 dess
1109 2515 94 29 detta
1220 2516 151 36 problem
1390 2517 90 30 löses
1495 2527 101 20 anser
1612 2518 130 29 arbets-
