1924 2860
492 177 123 31 Andra
632 175 254 37 lagutskottets
904 173 188 32 utlåtande
1109 173 51 30 Nr
1183 172 51 29 36.
1528 171 34 28 61

96 257 134 34 betagas
267 257 132 33 honom,
436 255 68 30 kan
520 282 2 5 ,
537 254 53 31 det
615 253 68 31 helt
707 253 86 30 visst
819 251 140 35 befaras,
983 252 51 29 att
1056 250 65 30 den
1147 251 117 33 utväg,
1289 259 69 20 som
1385 258 44 20 nu
1456 248 69 30 står
1549 247 63 30 den

95 307 362 37 jordbruksarbetande
498 306 240 35 befolkningen
774 306 106 33 öppen
916 304 49 29 att
993 311 120 26 genom
1152 300 226 36 övertagande
1412 310 43 21 av
1482 299 129 32 mindre

93 360 231 32 arrendebruk
359 359 118 31 bereda
511 359 52 35 sig
596 359 72 34 eget
704 357 86 35 hem,
819 348 111 38 skulle
963 355 11 30 i
1000 354 171 34 väsentlig
1196 354 80 30 mån
1302 353 91 30 bliva
1418 351 191 31 inskränkt.

96 413 250 35 Lagstiftarens
382 410 227 32 bemödanden
644 410 20 29 å
699 409 90 30 detta
823 407 135 31 område
993 407 61 30 bör
1084 405 118 30 därför
1225 405 119 30 endast
1366 404 111 36 åsyfta
1500 406 51 28 att
1574 404 37 29 så

97 465 95 36 långt
218 464 187 36 lämpligen
430 464 68 29 kan
522 462 56 30 ske
602 461 129 35 reglera
757 458 238 32 förhållandet.

139 517 55 30 Av
231 515 360 37 jordkommissionens
619 514 140 34 enquéte
784 511 162 34 framgår,
970 511 50 28 att
1044 509 55 30 det
1123 508 171 35 missnöje,
1318 517 71 20 som
1415 507 60 29 hos
1500 516 110 20 arren-

98 568 178 32 datorerna
302 567 162 36 försports
488 566 12 30 i
524 564 183 35 anledning
732 573 45 20 av
801 561 286 32 arrendeavtalets
1111 558 262 32 kombinerande
1398 558 74 30 med
1489 558 122 30 arbets-

94 619 207 37 skyldighet,
347 617 236 32 företrädesvis
625 616 136 30 härrört
803 614 119 34 därav,
966 615 50 28 att
1059 612 63 30 den
1165 611 221 31 arrendatorn
1428 608 183 37 åliggande

96 671 349 36 arbetsskyldigheten
470 679 43 21 av
537 668 207 37 jordägarna
768 665 174 32 värderats
966 665 55 30 till
1045 664 128 35 belopp,
1198 673 72 20 som
1295 662 182 35 väsentligt
1494 656 118 44 under-

97 724 97 35 stigit
231 723 39 31 de
309 723 68 30 fria
415 721 275 35 arbetspriserna.
737 718 148 32 Särskilt
924 717 107 30 under
1069 715 167 32 kristiden
1276 714 74 31 med
1388 714 64 31 den
1487 713 42 31 då
1564 713 48 30 in-

97 776 143 31 träffade
276 774 162 32 oerhörda
463 773 268 37 prisstegringen
754 772 42 35 på
820 770 65 31 den
909 769 65 31 fria
1000 767 323 33 arbetsmarknaden
1347 767 61 30 har
1433 766 89 31 detta
1548 766 63 30 för-

97 827 158 32 hållande
292 828 52 30 för
378 826 279 31 arrendatorerna
692 823 146 32 kommit
872 823 49 30 att
945 822 145 30 framstå
1113 822 110 29 såsom
1246 829 42 21 en
1312 819 171 36 uppenbar
1508 819 104 29 orätt-

98 881 83 30 visa.
228 880 60 31 Ett
312 879 182 35 berättigat
518 877 172 31 önskemål
715 885 99 26 synes
837 875 162 30 utskottet
1023 873 144 31 sålunda
1183 882 94 25 vara,
1294 873 51 29 att
1365 872 88 29 vissa
1466 870 148 36 grunder

97 932 53 31 för
185 932 183 35 värdering
406 940 44 21 av
482 940 40 20 en
557 930 12 30 i
602 927 205 32 arbetsavtal
842 926 165 37 ingående
1042 924 306 36 arbetsskyldighet
1371 923 144 30 fastslås.
1561 922 50 30 De

98 985 137 35 förslag,
276 994 71 21 som
371 983 210 31 härutinnan
605 979 246 36 framkommit,
875 988 102 27 synas
1001 978 161 31 utskottet
1186 976 83 31 dock
1293 976 72 30 icke
1390 976 82 30 utan
1496 974 114 31 vidare

99 1038 118 30 kunna
253 1036 171 37 godtagas.
472 1035 99 30 Detta
594 1033 71 30 lika
690 1031 165 36 ömtåliga
878 1040 71 22 som
973 1030 167 31 svårlösta
1164 1028 166 36 spörsmål
1355 1028 89 30 lärer
1467 1026 144 31 sålunda

98 1090 106 31 kräva
228 1090 46 30 ett
300 1088 196 37 ytterligare
519 1084 247 37 övervägande.

331 1174 252 38 Skyldigheten
607 1174 53 30 att
684 1172 114 37 bygga
822 1171 65 31 och
910 1169 209 32 underhålla
1143 1168 234 36 åbyggnader.

144 1238 86 30 Lika
254 1236 76 32 med
354 1236 253 31 motionärerna
629 1233 111 31 håller
764 1232 165 31 utskottet
952 1231 82 35 före,
1058 1231 51 30 att
1134 1229 167 31 tillvaron
1317 1238 44 21 av
1377 1226 233 38 åbyggnader,

98 1289 158 37 lämpade
291 1289 53 31 för
371 1289 60 30 sitt
454 1286 160 32 ändamål
638 1286 61 30 och
723 1286 13 30 i
759 1279 207 40 tillräckligt
989 1284 73 34 gott
1084 1281 112 36 stånd,
1221 1282 101 34 utgör
1345 1289 41 21 en
1410 1278 200 36 nödvändig

99 1342 186 36 betingelse
320 1341 54 30 för
407 1339 217 37 jordbrukets
656 1335 322 34 vidmakthållande
1001 1334 62 31 och
1085 1333 244 32 arrendatorns
1353 1331 156 32 trevnad.
1554 1331 57 30 Av

97 1395 68 31 den
189 1392 219 37 redogörelse,
432 1401 73 21 som
528 1391 13 30 i
564 1390 56 31 det
644 1388 202 37 föregående
870 1388 149 30 lämnats
1043 1386 54 30 för
1113 1384 361 37 jordkommissionens
1491 1382 121 31 under-

96 1446 160 36 sökning,
283 1446 154 34 framgår
461 1442 200 36 emellertid,
686 1443 53 30 att
762 1439 262 32 förhållandena
1047 1439 20 29 å
1083 1436 317 36 arrendegårdarna
1417 1437 59 28 äro
1493 1435 12 30 i
1521 1435 92 31 detta

98 1498 193 32 hänseende
325 1495 263 38 mångenstädes
622 1491 350 34 otillfredsställande.
1018 1489 265 36 Trångboddhet
1306 1488 75 31 med
1406 1488 109 31 därav
1538 1487 76 36 följ-

97 1551 89 32 ande
209 1549 127 32 sociala
359 1549 61 31 och
443 1547 203 38 hygieniska
669 1545 219 37 olägenheter
910 1544 227 31 förekommer
1160 1541 31 36 ej
1215 1541 120 31 sällan.
1374 1539 133 32 Härtill
1523 1540 90 30 kom-

99 1614 83 25 mer,
206 1604 53 30 att
281 1604 36 29 åt
341 1600 327 37 manbyggnaderna
692 1599 73 31 ofta
789 1607 66 26 nog
878 1596 30 36 ej
933 1596 96 36 gives
1053 1594 215 36 erforderligt
1292 1588 190 45 underhåll.

143 1656 57 30 Av
234 1654 105 36 sagda
374 1652 208 36 redogörelse
614 1651 155 35 framgår
793 1649 128 35 vidare,
945 1649 52 30 att
1020 1646 351 33 arrendekontrakten
1395 1645 11 30 i
1430 1645 104 35 fråga
1559 1654 54 21 om

99 1707 242 38 skyldigheten
375 1707 52 29 att
462 1705 111 35 bygga
602 1703 62 31 och
688 1702 204 32 underhålla
915 1699 221 38 åbyggnader
1159 1698 176 31 innehålla
1358 1697 257 31 bestämmelser

100 1771 45 21 av
168 1760 137 36 mycket
340 1757 169 32 växlande
533 1755 176 32 innebörd.
756 1754 82 31 Alla
861 1753 97 31 olika
980 1752 123 36 grader
1125 1762 46 20 av
1194 1749 191 38 byggnads-
1407 1749 63 31 och
1493 1748 121 31 under-

101 1811 289 37 hållsskyldighet
413 1810 111 30 finnas
547 1807 274 37 representerade
844 1806 93 31 ifrån
960 1806 21 29 å
1004 1814 64 21 ena
1091 1803 111 36 sidan,
1227 1804 53 29 att
1302 1801 223 31 arrendatorn
1546 1801 68 30 till-

100 1864 173 32 förbindes
308 1863 30 36 ej
373 1862 121 31 endast
525 1861 47 31 all
595 1858 377 37 underhållskyldighet
1010 1867 45 21 av
1080 1856 109 31 husen
1217 1856 21 29 å
1264 1854 351 35 arrendefastigheten

101 1920 87 29 utan
216 1919 90 29 även
342 1914 196 37 skyldighet
571 1915 52 29 att
658 1912 160 37 uppföras
841 1920 69 26 nya
944 1908 208 37 byggnader,
1176 1907 56 31 till
1255 1908 20 29 å
1298 1906 108 31 andra
1430 1905 109 36 sidan,
1563 1907 52 29 att

100 1970 204 37 jordägaren
326 1967 132 32 ikläder
480 1967 51 35 sig
554 1966 71 31 alla
647 1964 129 32 sådana
810 1962 241 37 skyldigheter.

146 2022 64 31 Att
239 2022 104 35 något
374 2020 107 30 måste
504 2021 98 33 göras
626 2017 53 31 för
701 2014 230 38 avhjälpande
955 2024 44 21 av
1022 2013 39 32 de
1087 2012 146 32 sålunda
1258 2011 235 31 konstaterade
1517 2010 94 31 miss-

102 2073 262 33 förhållandena
387 2073 21 30 å
430 2071 40 32 de
494 2070 133 31 mindre
648 2068 315 36 arrendegårdarna
991 2066 61 31 och
1079 2067 118 34 torpen
1224 2064 93 32 torde
1334 2064 91 36 ligga
1442 2065 93 29 utom
1550 2063 64 31 allt

101 2126 120 33 tvivel.
253 2126 57 30 Av
333 2125 85 35 skäl,
431 2133 72 21 som
519 2121 343 38 jordkommissionen
877 2119 126 36 anfört,
1017 2127 98 28 synes
1132 2117 167 31 utskottet
1315 2116 201 36 jordägaren
1533 2115 81 31 böra

101 2190 87 21 vara
211 2178 75 36 den,
310 2187 72 21 som
405 2177 154 30 närmast
582 2175 63 30 har
667 2175 52 30 att
742 2183 103 21 svara
868 2172 54 31 för
945 2173 52 29 att
1021 2172 20 29 å
1064 2169 349 35 arrendefastigheten
1430 2168 113 30 finnas
1560 2167 53 30 för

102 2231 218 38 jordbrukets
354 2227 208 33 bedrivande
594 2226 125 36 nödiga
753 2224 229 37 åbyggnader.
1028 2223 75 35 Det,
1127 2232 73 20 som
1223 2219 262 38 mångenstädes
1509 2219 104 31 redan

103 2285 94 30 varit
231 2282 165 36 brukligt,
430 2280 110 32 skulle
563 2279 202 36 härigenom
790 2277 173 36 lagfästas.
1009 2275 256 31 Motionärerna
1289 2273 89 31 hava
1402 2272 30 36 ej
1457 2274 156 29 närmare

103 2337 129 32 uttalat
263 2336 52 35 sig
339 2344 54 21 om
416 2334 56 31 det
495 2332 104 36 skick,
624 2331 76 31 vari
724 2330 203 37 jordägaren
950 2327 111 32 skulle
1085 2336 85 21 vara
1195 2324 138 38 skyldig
1357 2326 51 30 att
1432 2323 181 32 tillhanda-

103 2389 94 31 hålla
231 2387 226 32 arrendatorn
491 2383 277 39 åbyggnaderna.
814 2379 354 35 Jordkommissionen
1203 2378 64 31 har
1294 2377 212 31 härutinnan
1530 2376 84 31 före-

100 2441 117 35 slagit,
250 2442 50 29 att
334 2439 93 32 dessa
461 2437 111 32 skulle
596 2446 94 21 vara
714 2436 11 29 i
749 2436 48 29 ett
820 2434 85 31 efter
928 2434 113 30 ortens
1065 2430 239 32 förhållanden
1327 2429 155 35 behörigt
1505 2428 107 31 skick.

104 2493 64 31 Det
191 2502 99 27 synes
317 2490 188 33 emellertid
529 2489 163 31 utskottet
718 2488 115 30 kunna
859 2485 226 36 ifrågasättas,
1109 2482 175 32 huruvida
1308 2481 53 32 det
1385 2481 31 37 ej
1441 2490 80 22 vore
1545 2480 68 31 till-
