1940 2856
70 420 88 32 Lagen
177 421 50 22 den
240 421 35 22 25

93 454 60 30 juni
172 455 76 25 1909.

340 181 17 29 4
674 181 125 32 Andra
821 183 252 36 lagutskottets
1093 184 187 32 utlåtande
1301 186 50 30 Nr
1378 186 52 30 36.

337 267 113 31 Sedan
474 277 47 26 ny
546 268 215 35 proposition
785 268 145 31 avlåtits
955 269 56 31 till
1037 270 82 30 1909
1143 271 56 30 års
1224 271 153 35 riksdag,
1402 272 79 30 blev
1506 272 110 31 denna
1642 283 44 19 av
1710 274 86 31 riks-

295 319 111 36 dagen
430 320 163 34 antagen.

337 422 73 35 Lag
435 422 11 30 i
470 423 118 29 ämnet
622 422 202 31 utfärdades
852 423 65 30 den
946 425 40 29 25
1009 424 79 36 juni
1113 425 93 30 1909.
1254 425 116 36 Lagen
1394 436 102 21 avser
1519 427 77 35 jord
1619 429 21 29 å
1664 429 131 36 landet,

294 484 72 21 som
396 473 60 31 vid
479 473 298 31 arrendeavtalets
803 475 170 35 ingående
997 477 81 34 äges
1101 486 44 20 av
1170 477 104 35 bolag
1297 477 84 31 eller
1404 478 202 32 ekonomisk
1631 480 164 37 förening

293 525 85 31 eller
412 535 45 20 av
481 525 139 31 enskild
643 535 134 26 person,
802 526 120 31 vilken
947 527 75 31 icke
1045 529 39 28 är
1108 529 297 31 mantalsskriven
1429 531 20 29 å
1473 530 213 36 fastigheten
1710 532 86 31 eller

293 579 20 29 å
337 577 179 35 fastighet,
552 587 72 21 som
657 579 38 29 är
719 578 12 30 i
754 578 167 31 sambruk
945 579 78 30 med
1047 579 211 31 densamma.
1304 580 66 31 För
1393 581 122 36 lagens
1540 582 255 38 tillämplighet

293 628 173 31 erfordras
491 628 131 36 vidare,
646 631 52 29 att
721 630 162 31 arrendet
906 631 166 30 omfattar
1091 631 282 37 inrösningsjord
1390 633 57 30 till
1464 643 43 21 en
1525 634 82 30 vidd
1624 645 44 20 av
1685 636 109 30 minst

292 681 80 36 fyra
411 681 133 30 hektar.
595 680 265 37 Länsstyrelsen
894 682 70 30 kan
998 682 86 31 dock
1118 683 110 31 under
1264 684 94 30 vissa
1393 685 210 36 betingelser
1637 687 157 31 meddela

293 732 180 36 undantag
508 732 79 30 från
610 732 121 36 lagens
755 733 240 36 tillämpning.
1040 734 120 30 Såsom
1185 734 256 37 dispensgrund
1465 737 146 35 angives
1635 739 158 36 särskilt,

292 786 52 29 att
372 784 209 36 jordägaren
605 786 39 28 är
667 784 139 31 enskild
830 795 122 25 person
976 786 63 30 och
1063 786 56 30 det
1142 786 31 35 ej
1199 788 39 28 är
1262 788 205 36 uppenbart,
1491 790 52 29 att
1567 789 68 31 han
1651 791 144 30 besitter

293 836 56 31 det
382 835 228 31 arrenderade
645 836 156 31 området
835 837 85 30 eller
955 837 177 36 fastighet,
1158 848 110 20 varav
1293 838 56 31 det
1373 841 104 34 utgör
1501 850 42 21 en
1567 841 64 35 del,
1657 842 137 31 huvud-

293 887 160 35 sakligen
477 887 53 31 för
553 889 53 29 att
629 888 233 36 tillgodogöra
886 889 53 35 sig
963 889 377 37 skogsavkastningen,
1356 893 166 29 ävensom
1539 894 50 29 att
1606 893 55 30 det
1677 903 117 21 arren-

293 939 123 31 derade
444 939 154 31 området
623 940 57 30 till
704 940 236 30 beskaffenhet
963 941 64 30 och
1051 941 215 36 omfattning
1291 942 74 31 icke
1388 945 39 28 är
1450 943 136 36 sådant,
1609 946 52 29 att
1685 945 108 36 själv-

292 990 157 37 ständigt
484 991 168 36 jordbruk
688 992 70 30 kan
793 991 98 31 idkas
926 992 95 31 därå.
1067 992 74 31 Den
1176 994 232 30 norrländska
1443 995 250 37 arrendelagen
1724 997 70 30 kan

292 1042 131 32 således
448 1045 100 33 sägas
573 1053 83 20 vara
680 1043 129 31 avsedd
833 1045 51 29 att
908 1044 95 35 gälla
1026 1044 148 31 allenast
1196 1045 54 30 för
1267 1045 127 31 sådana
1412 1047 103 35 bolag
1532 1047 84 31 eller
1632 1049 161 30 enskilda

293 1095 119 30 idkare
446 1105 45 19 av
526 1095 301 30 trävaruindustri
855 1096 182 35 tillhöriga
1065 1096 216 36 fastigheter,
1307 1107 71 21 som
1402 1100 60 29 äro
1487 1109 44 20 av
1555 1100 237 31 beskaffenhet

291 1148 52 29 att
375 1146 117 36 lämpa
515 1147 56 35 sig
595 1147 53 30 för
670 1147 252 36 självständigt
945 1147 179 36 jordbruk.
1170 1148 16 30 I
1210 1149 169 31 avseende
1403 1151 20 29 å
1447 1151 145 30 arrende
1615 1161 44 20 av
1682 1152 110 30 andra

291 1198 346 30 trävaruindustrien
661 1199 185 35 tillhöriga
863 1199 206 35 fastigheter
1086 1200 111 35 gäller
1213 1201 181 30 allmänna
1409 1202 384 37 nyttjanderättslagen

292 1250 66 31 den
382 1251 40 29 14
446 1250 79 35 juni
551 1250 92 30 1907.
1082 1270 2 2 :

335 1301 219 31 Beträffande
590 1301 39 31 de
664 1302 314 36 huvudsakligaste
1013 1304 307 30 bestämmelserna
1354 1306 55 29 må
1434 1306 11 29 i
1469 1307 118 35 övrigt
1617 1306 62 31 här
1703 1308 89 29 åter-

292 1354 102 35 givas
418 1353 166 36 följande.

333 1405 251 31 Arrendeavtal
618 1406 87 30 skall
740 1408 173 34 upprättas
947 1407 202 35 skriftligen.
1197 1406 199 37 Ändringar
1424 1409 59 30 och
1508 1410 132 35 tillägg,
1665 1420 71 21 som
1760 1412 32 35 ej

288 1449 149 30 avfattas
460 1449 206 35 skriftligen,
690 1452 58 28 äro
772 1452 83 28 utan
879 1450 138 30 verkan.
1064 1450 210 31 Arrenderar
1298 1453 110 34 någon
1432 1454 42 33 på
1490 1453 112 34 grund
1618 1464 43 20 av
1679 1457 113 28 munt-

290 1493 64 35 ligt
377 1493 94 30 avtal
494 1492 84 36 jord,
603 1503 71 20 som
698 1493 12 30 i
734 1493 98 35 lagen
855 1503 107 26 avses,
986 1496 79 33 äger
1088 1494 68 30 han
1181 1496 69 29 rätt
1273 1497 51 28 att
1346 1496 186 30 eventuellt
1556 1506 119 26 genom
1692 1500 100 28 rätte-

289 1537 91 35 gång
404 1536 34 30 få
462 1536 153 36 skriftlig
638 1537 199 30 bekräftelse
861 1538 42 34 på
926 1537 263 31 arrenderätten.

333 1579 249 31 Arrendetiden
610 1582 38 28 är
672 1580 153 31 bestämd
849 1580 54 31 till
927 1581 104 29 minst
1056 1581 39 29 15
1118 1581 39 29 år
1180 1581 82 30 eller
1286 1582 236 30 arrendatorns
1546 1583 127 31 livstid.
1721 1585 70 30 Un-

288 1623 58 30 der
370 1623 90 30 vissa
483 1623 12 30 i
526 1623 97 35 lagen
647 1626 157 28 närmare
827 1624 149 35 angivna
999 1623 126 31 villkor
1148 1626 81 33 äger
1252 1625 220 31 arrendatorn
1496 1627 115 30 lämna
1635 1627 77 31 från
1738 1628 52 35 sig

289 1666 165 36 arrendet,
493 1666 122 30 därvid
649 1667 204 35 jordägaren
876 1668 55 29 må
955 1667 101 35 gälda
1079 1668 223 30 arrendatorn
1326 1669 110 35 skälig
1461 1669 101 31 lösen.
1608 1671 72 30 Vill
1703 1671 88 36 jord-

288 1712 125 33 ägaren
449 1710 73 30 icke
549 1711 152 34 återtaga
725 1710 214 36 fastigheten,
963 1712 70 29 står
1056 1710 55 31 det
1133 1711 222 31 arrendatorn
1378 1715 97 33 öppet
1498 1715 50 28 att
1574 1714 10 29 i
1608 1715 59 29 sitt
1690 1715 100 30 ställe

289 1755 87 29 sätta
399 1763 125 25 annan,
549 1753 75 31 med
647 1753 117 31 vilken
787 1754 202 36 jordägaren
1013 1754 154 36 skäligen
1191 1755 68 30 kan
1284 1756 103 36 nöjas.

333 1797 123 35 Legan,
480 1807 70 20 som
576 1797 67 30 kan
667 1799 144 29 utsättas
835 1798 11 29 i
869 1798 200 35 penningar,
1093 1799 230 30 naturaalster
1346 1799 81 30 eller
1448 1800 124 36 arbete,
1597 1801 85 30 skall
1704 1812 83 20 vara

289 1840 54 31 till
367 1840 152 36 beloppet
542 1840 162 31 bestämd.
750 1841 18 30 TI
792 1841 157 31 händelse
972 1852 45 19 av
1042 1842 10 29 i
1076 1844 93 28 orten
1194 1842 166 31 inträffad
1384 1844 137 29 svårare
1537 1844 166 31 missväxt
1720 1846 68 29 kan

288 1884 234 35 arrendatorn,
558 1884 110 30 därest
695 1885 102 35 legan
820 1887 39 27 är
882 1886 106 29 utsatt
1012 1885 11 30 i
1047 1886 192 35 penningar
1262 1886 81 30 eller
1367 1887 237 36 naturaalster,
1629 1888 158 35 påfordra

288 1927 111 36 skälig
423 1928 220 35 nedsättning
668 1928 11 29 i
702 1927 204 31 densamma.

332 1971 53 30 En
420 1971 113 36 viktig
566 1971 233 31 bestämmelse
831 1972 79 30 från
933 1972 218 36 synpunkten
1174 1982 46 20 av
1242 1973 237 31 arrendatorns
1503 1974 285 36 självständighet

288 2016 80 34 gent
402 2016 90 29 emot
526 2015 200 35 jordägaren
761 2018 38 27 är
832 2015 75 36 den,
941 2017 51 28 att
1028 2016 10 29 i
1061 2016 127 30 avtalet
1211 2016 74 30 icke
1308 2018 55 29 må
1383 2017 135 35 intagas
1542 2017 165 31 förbehåll
1732 2028 54 20 om

288 2057 193 37 skyldighet
505 2058 53 30 för
581 2058 225 31 arrendatorn
830 2061 50 28 att
903 2061 121 28 utöver
1048 2058 162 31 fastställt
1233 2060 94 30 antal
1344 2060 210 35 dagsverken
1570 2061 78 30 eller
1664 2072 123 20 annor-

288 2101 105 31 lunda
416 2101 145 31 bestämt
584 2102 112 31 arbete
719 2103 43 34 på
786 2102 182 36 tillsägelse
991 2102 136 36 betjäna
1143 2102 201 37 jordägaren
1360 2104 80 29 eller
1455 2114 116 20 annan
1587 2105 74 30 med
1674 2107 112 34 någon

288 2145 236 36 tjänstbarhet.
572 2146 41 35 Ej
637 2146 106 30 heller
766 2147 57 29 må
845 2146 223 30 arrendatorn
1091 2145 180 36 förpliktas
1294 2148 49 29 att
1365 2157 147 20 ansvara
1536 2148 52 30 för
1603 2158 112 21 annan
1733 2149 54 29 för

288 2189 204 35 fastigheten
526 2189 167 35 utgående
727 2190 91 30 skatt
851 2189 82 31 eller
965 2189 130 31 allmän
1130 2191 106 34 tunga
1271 2192 45 28 än
1350 2200 69 21 som
1443 2191 109 36 enligt
1576 2192 55 35 lag
1653 2193 133 34 åligger

287 2232 143 31 brukare
454 2233 35 29 så
513 2233 60 29 ock
598 2233 52 30 för
674 2233 283 36 vägunderhållet
981 2234 37 29 in
1041 2235 134 28 natura.

332 2276 52 30 En
408 2276 230 35 huvudpunkt
662 2277 10 29 i
698 2277 99 35 lagen
820 2279 38 28 är
882 2277 62 30 den
967 2276 221 31 arrendatorn
1212 2277 248 31 tillförsäkrade
1485 2280 110 29 rätten
1618 2281 50 28 att
1683 2279 21 29 å
1720 2279 65 30 den

288 2319 220 31 arrenderade
531 2320 118 35 jorden
672 2320 184 31 verkställa
878 2320 176 36 nyodling,
1077 2320 83 30 dock
1182 2320 31 36 ej
1230 2322 85 29 utan
1330 2321 217 36 jordägarens
1563 2322 222 36 medgivande

287 2364 20 29 å
343 2363 108 35 mark,
476 2363 84 31 därå
583 2364 107 30 finnes
714 2364 182 36 ståndskog
919 2364 82 30 eller
1024 2364 147 35 växtligt
1195 2364 323 36 ungskogsbestånd,
1543 2368 85 28 samt
1650 2367 50 29 att
1724 2366 59 30 vid

287 2406 157 31 avträdet
477 2407 130 30 erhålla
641 2408 189 35 ersättning
865 2408 52 29 för
951 2407 162 36 nyodling
1141 2407 62 30 och
1226 2407 107 31 andra
1356 2408 331 37 jordförbättringar,
1712 2419 71 20 som

287 2451 43 34 på
353 2451 47 29 ett
423 2451 176 35 varaktigt
622 2452 66 29 sätt
712 2451 135 30 förökat
871 2451 219 36 fastighetens
1114 2450 113 36 värde,
1251 2461 42 20 en
1308 2452 286 36 ersättningsrätt,
1611 2463 70 20 som
1698 2452 84 31 dock

286 2496 40 27 är
360 2493 187 36 begränsad
582 2494 68 31 dels
685 2494 184 31 såtillvida.
903 2497 50 28 att
988 2494 188 35 ersättning
1200 2494 53 31 för
1278 2495 163 36 nyodling
1465 2497 102 35 utgår
1589 2496 116 31 endast
1731 2497 51 30 för
