1940 2858
389 188 39 29 14
714 190 125 31 Andra
861 192 252 35 lagutskottets
1135 195 185 32 utlåtande
1341 197 50 31 Nr
1420 198 51 30 36.

343 274 52 29 att
430 274 77 29 visa
541 273 55 36 sig
630 274 171 37 olämplig
835 277 112 30 såsom
981 279 169 31 arbetare.
1196 280 82 31 Men
1311 284 90 29 även
1431 283 61 32 hos
1515 285 290 34 arrendatorerna
1828 290 21 30 å

342 324 199 36 bolagsjord
576 325 126 32 funnes
737 336 42 21 en
815 327 155 32 bestämd
1003 331 163 36 motvilja
1189 333 51 30 att
1264 333 55 30 för
1343 335 114 35 någon
1481 336 121 37 längre
1627 337 50 31 tid
1702 338 146 33 fastlåsa

342 376 54 34 sig
420 375 61 31 vid
504 376 180 37 arrenden,
709 378 63 30 där
796 378 99 32 deras
920 381 237 33 rörelsefrihet
1181 394 83 21 vore
1288 386 38 29 så
1349 386 113 31 starkt
1485 388 248 36 kringskuren.

384 427 17 29 I
434 429 170 33 enquéten
629 429 63 30 har
716 430 123 31 vidare
862 432 176 37 påpekats,
1063 435 52 29 att
1138 436 244 32 arrendeavtal
1405 439 44 34 på
1472 440 177 32 obestämd
1672 441 52 31 tid
1749 443 98 36 inga-

341 478 109 31 lunda
475 479 160 35 upphört.
682 481 148 37 Vanligt
855 493 81 21 vore
959 485 113 35 också,
1097 487 51 29 att
1171 487 185 37 jordägare
1381 490 140 36 uppläte
1546 492 168 37 fastighet
1739 495 43 33 på
1804 505 41 21 en

341 530 9 29 i
376 530 202 32 kontraktet
602 532 155 32 bestämd
782 534 51 31 tid
857 535 76 30 med
957 536 140 36 tillägg,
1120 540 63 33 att,
1207 539 89 31 efter
1320 540 112 32 denna
1456 542 69 31 tids
1551 545 144 36 utgång,
1712 547 134 30 avtalet

339 581 113 31 likväl
487 582 114 32 skulle
635 586 65 34 äga
736 586 145 31 bestånd
915 588 170 37 antingen
1120 590 74 30 tills
1229 591 133 37 vidare,
1398 594 55 30 till
1478 594 74 31 dess
1576 598 225 35 uppsägning
1825 600 20 29 å

340 633 199 36 någondera
571 635 98 31 sidan
695 637 136 36 skedde,
856 639 84 30 eller
963 640 102 30 också
1089 641 76 31 med
1189 644 49 29 ett
1262 644 40 29 år
1326 644 12 30 i
1362 645 133 36 sänder,
1519 647 76 30 tills
1619 650 226 36 uppsägning

339 685 135 31 skedde.
520 686 17 30 I
572 687 86 31 båda
695 688 110 31 fallen
828 690 201 32 förefunnes
1054 693 11 29 i
1090 693 72 30 lika
1187 694 68 36 hög
1279 696 88 35 grad
1392 706 131 22 samma
1547 699 182 32 osäkerhet
1754 702 11 29 i
1791 702 53 31 be-

339 737 206 36 sittningen.
591 738 16 30 I
642 739 89 31 båda
767 740 108 32 fallen
906 744 108 30 måste
1038 745 229 31 arrendatorn
1292 747 110 31 under
1426 750 96 35 varje
1547 751 39 30 år
1609 761 85 21 vara
1719 753 123 31 beredd

338 790 43 34 på
412 790 51 30 att
487 789 120 32 träffas
631 800 44 21 av
699 794 234 36 uppsägning.
979 795 74 30 Mot
1078 796 93 31 detta
1194 798 200 32 förfarande
1419 800 125 32 funnes
1570 803 87 30 intet
1681 803 125 32 hinder
1831 806 12 30 i

337 840 66 30 den
427 840 163 36 gällande
613 842 181 32 allmänna
817 846 261 36 arrendelagen.

379 892 124 35 Enligt
538 895 169 34 enquéten
743 895 86 31 hade
859 897 109 31 under
992 898 40 31 de
1057 902 133 29 senaste
1213 902 84 30 åren
1323 903 74 31 icke
1422 904 11 29 i
1456 904 193 33 allmänhet
1673 907 167 36 försports

336 944 117 35 någon
488 946 143 30 strävan
665 946 61 31 hos
750 947 208 37 jordägaren
992 951 52 30 att
1080 951 60 31 vid
1175 962 68 26 nya
1267 954 212 35 upplåtelser
1502 956 156 32 förkorta
1681 960 159 31 arrende-

336 994 96 32 tiden
468 996 94 30 inom
596 997 40 30 de
670 999 145 36 trakter,
850 1000 61 31 där
943 1001 40 30 de
1007 1004 179 35 egentliga
1209 1004 381 36 jordbruksarrendena
1614 1009 224 34 förekomma.

336 1046 134 32 Endast
494 1048 94 30 inom
612 1049 221 47 Skånelänen
858 1052 85 31 hade
968 1053 98 36 dylik
1091 1056 143 30 strävan
1258 1057 201 32 förmärkts.
1505 1059 17 31 I
1546 1060 41 31 de
1603 1062 134 31 trakter
1754 1064 84 35 åter,

335 1098 62 30 där
421 1099 204 35 jordbruket
649 1102 114 35 spelar
786 1112 42 21 en
853 1104 133 31 mindre
1011 1106 261 33 framträdande
1297 1110 67 30 roll
1388 1111 61 30 och
1470 1111 63 30 där
1549 1113 289 33 arrendatorerna

335 1150 63 30 och
432 1152 166 34 torparna
632 1154 42 34 på
707 1153 66 31 den
807 1156 114 34 grund
945 1157 12 29 i
979 1159 72 28 stor
1086 1160 246 36 utsträckning
1356 1162 54 30 för
1433 1162 226 37 jordägarens
1684 1167 154 36 räkning

334 1202 118 30 utföra
487 1203 217 32 industriellt
738 1206 126 36 arbete,
900 1209 111 30 såsom
1041 1209 309 39 skogskörningar,
1375 1213 146 37 kolning
1550 1225 28 21 o.
1604 1216 42 36 d.,
1670 1217 86 31 hade
1781 1219 56 30 det

334 1254 111 30 under
469 1254 39 31 de
525 1257 132 29 senaste
674 1258 84 29 åren
775 1258 106 31 blivit
897 1260 137 35 mycket
1051 1262 150 36 vanligt,
1218 1264 52 30 att
1287 1264 60 30 vid
1365 1275 69 26 nya
1450 1267 212 35 upplåtelser
1678 1270 159 31 arrende-

332 1305 97 31 tiden
453 1306 196 32 förkortats.
695 1308 75 31 Den
794 1310 110 31 under
927 1312 237 37 världskriget
1188 1315 164 31 inträdda
1376 1317 117 30 starka
1517 1319 192 36 växlingen
1736 1322 10 29 i
1769 1323 67 34 pri-

333 1366 101 21 serna
469 1360 116 34 syntes
618 1361 181 36 nämligen
823 1362 11 30 i
858 1363 152 31 nämnda
1045 1365 132 31 trakter
1211 1366 92 31 hava
1347 1369 146 31 medfört
1522 1380 42 21 en
1588 1372 148 36 avgjord
1760 1374 75 30 obe-

332 1409 174 35 nägenhet
523 1410 53 30 för
593 1411 104 36 långa
714 1413 217 32 avtalstider.
956 1415 102 31 Detta
1075 1417 116 35 gällde
1208 1418 10 30 i
1235 1419 49 30 all
1302 1421 188 34 synnerhet
1508 1422 325 39 bolagsarrendena,

331 1460 99 30 vilka
465 1462 71 30 ofta
571 1472 68 26 nog
663 1464 171 36 upplåtits
857 1467 42 34 på
923 1467 121 31 endast
1067 1470 49 29 ett
1139 1470 40 29 år
1203 1470 11 29 i
1237 1471 136 31 sänder.
1419 1472 105 32 Dessa
1547 1476 212 31 strävanden
1783 1479 51 29 att

330 1512 156 31 förkorta
521 1515 242 31 arrendetiden
799 1517 86 31 hade
920 1519 91 35 gjort
1039 1520 54 35 sig
1117 1521 162 35 gällande
1304 1523 31 35 ej
1360 1524 120 31 endast
1504 1525 79 31 från
1607 1526 226 37 jordägarens

330 1564 87 30 sida.
464 1562 100 34 Även
599 1567 287 32 arrendatorerna
922 1570 97 36 hade,
1044 1574 98 33 säges
1170 1573 66 35 det,
1261 1575 95 30 varit
1380 1575 81 36 föga
1484 1576 161 37 benägna
1669 1579 53 30 för
1747 1580 85 36 lång

330 1616 179 31 avtalstid.

372 1667 120 31 Under
526 1669 214 36 åberopande
765 1681 44 20 av
834 1672 64 30 den
923 1674 200 37 utredning,
1148 1686 72 20 som
1244 1677 150 31 sålunda
1417 1678 205 38 förebragts,
1648 1681 63 31 har
1735 1682 96 31 kom-

330 1719 190 31 missionen
552 1721 131 31 anfört:
719 1722 49 31 De
804 1724 341 38 missförhållanden,
1170 1737 72 21 som
1266 1730 89 29 trots
1379 1730 64 30 den
1468 1731 178 32 allmänna
1671 1734 160 31 arrende-

329 1770 121 36 lagens
474 1773 213 30 strävanden
711 1774 12 30 i
748 1776 142 30 motsatt
916 1776 172 37 riktning,
1113 1779 149 31 faktiskt
1287 1780 223 33 förekommit
1535 1784 11 30 1
1571 1785 72 30 stor
1660 1786 170 30 utsträck-

328 1822 99 36 ning,
453 1824 108 30 måste
585 1825 153 35 givetvis
763 1836 103 21 mana
890 1828 56 30 till
971 1830 49 29 ett
1044 1829 185 37 allvarligt
1253 1831 204 33 beaktande.
1517 1835 46 30 Ftt
1588 1836 241 37 oeftergivligt

328 1874 133 31 villkor
485 1875 53 30 för
559 1877 51 30 att
626 1886 125 26 genom
768 1878 66 30 den
851 1880 127 30 sociala
994 1881 251 37 arrendelagen
1263 1884 115 30 skulle
1394 1886 126 31 vinnas
1539 1888 66 30 vad
1622 1888 75 31 med
1715 1888 115 32 denna

328 1925 58 35 lag
421 1927 175 35 åsyftades
632 1939 92 25 vore,
759 1930 52 30 att
846 1931 350 37 arrendeperioderna
1229 1935 75 30 icke
1338 1936 97 31 bleve
1459 1938 54 30 för
1536 1939 111 31 korta.
1694 1936 133 45 Endast

328 1976 115 32 därest
465 1979 244 32 arrendetiden
733 1982 107 30 sattes
857 1983 255 35 jämförelsevis
1129 1986 94 35 lång,
1241 1987 117 30 kunde
1374 1989 382 34 arrendeförhållandet
1774 1993 54 30 för

327 2029 229 31 arrendatorn
591 2032 121 31 bereda
748 2034 106 35 något
882 2044 43 20 av
950 2035 65 31 den
1040 2036 296 38 självständighet
1360 2040 62 30 och
1446 2042 176 36 trygghet,
1647 2053 72 21 som
1745 2054 82 21 vore

327 2081 231 31 utmärkande
583 2083 53 31 för
659 2084 66 30 den
749 2085 228 37 självägande
994 2088 154 31 bondens
1165 2089 188 37 ställning;
1370 2092 61 29 och
1448 2093 120 31 endast
1586 2095 110 30 under
1712 2095 113 31 denna

327 2132 253 37 förutsättning
615 2135 115 31 kunde
766 2136 56 31 det
857 2138 191 37 förväntas,
1083 2142 51 29 att
1169 2141 68 30 han
1271 2142 113 30 skulle
1417 2145 89 34 ägna
1531 2146 106 35 något
1662 2147 163 35 livligare

327 2184 147 31 intresse
509 2185 53 31 för
594 2187 223 35 jordbrukets
840 2189 240 32 förbättrande
1104 2192 62 30 och
1190 2193 185 31 utökande.
1420 2195 18 30 I
1460 2196 112 31 likhet
1597 2198 76 31 med
1703 2199 122 31 herrar

326 2235 185 37 Wihlborg
535 2238 62 30 och
621 2238 140 32 Nilsson
785 2242 127 34 ansåge
937 2242 281 38 kommissionen,
1236 2246 51 29 att
1312 2255 42 20 en
1376 2247 106 30 sådan
1499 2249 204 36 minimitid,
1721 2252 102 29 som
1803 2245 22 44 i

325 2287 66 30 den
415 2288 229 32 norrländska
668 2292 249 36 arrendelagen
942 2294 53 30 för
1019 2296 219 31 närvarande
1262 2299 39 28 är
1325 2297 227 38 föreskriven,
1578 2311 80 20 vore
1679 2302 143 31 alldeles

325 2339 227 37 otillräcklig.
587 2341 207 33 Emellertid
818 2344 116 31 kunde
950 2346 273 32 kommissionen
1240 2348 75 31 icke
1333 2349 136 31 biträda
1485 2351 119 31 herrar
1621 2353 201 37 Wihlborgs

324 2390 63 30 och
411 2390 158 33 Nilssons
594 2394 129 36 förslag
748 2405 56 20 om
828 2396 147 37 höjning
999 2408 44 20 av
1069 2399 110 30 denna
1204 2400 51 30 tid
1280 2400 57 30 till
1363 2401 39 30 30
1425 2402 49 30 år.
1509 2403 101 31 Stora
1628 2401 194 45 betänklig-

325 2442 95 30 heter
437 2445 108 29 måste
562 2447 91 29 möta
671 2448 71 29 mot
759 2448 52 30 att
827 2448 142 31 fastlåsa
987 2451 306 35 arrendeavgiften
1308 2452 54 30 för
1375 2462 41 21 en
1429 2455 37 29 så
1479 2456 170 31 avsevärd
1663 2457 158 31 arrende-

323 2494 129 35 period.
496 2495 308 34 Kontrahenterna
828 2501 108 30 måste
960 2501 142 31 beredas
1126 2503 184 36 möjlighet
1334 2505 51 30 att
1409 2505 112 32 bättre
1545 2517 148 26 anpassa
1717 2509 102 35 legan
