1928 2856
362 178 40 31 32
696 179 125 32 Andra
842 180 254 37 lagutskottets
1115 181 187 32 utlåtande
1322 182 51 31 Nr
1401 181 51 31 36.

324 256 230 32 beskaffenhet
588 257 72 30 ofta
694 257 146 31 befunne
875 258 61 36 sig,
970 267 78 21 vore
1075 258 57 31 det
1155 258 189 32 emellertid
1368 269 43 21 av
1436 260 86 36 vikt,
1546 261 51 29 att
1621 260 31 36 ej
1676 261 42 35 på
1740 261 87 36 jord-

323 311 125 34 ägaren
483 309 92 31 lades
609 309 217 31 ekonomiska
861 309 118 31 bördor
1010 319 44 21 av
1088 310 65 31 allt
1189 310 53 31 för
1276 313 69 29 stor
1380 312 119 36 tyngd.
1546 312 70 31 Till
1650 312 176 32 allmänna

320 360 369 38 nyttjanderättslagen
723 361 83 31 hade
841 361 116 31 därför
990 362 193 35 föreslagits
1217 363 54 31 det
1304 363 133 36 tillägg,
1461 366 52 29 att
1540 364 56 31 det
1619 364 97 35 ålåge
1739 365 89 36 jord-

320 416 127 33 ägaren
470 414 51 29 att
544 412 60 31 vid
630 413 168 31 tillträdet
821 414 265 31 tillhandahålla
1109 415 224 30 arrendatorn
1356 415 200 32 bostadshus
1579 416 62 31 och
1664 416 53 30 för
1739 417 88 36 jord-

321 465 139 30 brukets
483 464 207 32 bedrivande
713 465 126 36 nödiga
863 465 196 37 byggnader
1082 466 12 30 i
1118 466 166 31 brukbart
1306 467 105 31 skick.
1451 467 64 31 Att
1531 468 107 31 ordna
1653 469 172 36 angående

322 517 435 37 underhållsskyldigheten
792 517 106 31 under
932 518 238 31 arrendetiden
1205 519 83 31 hade
1323 519 150 31 däremot
1506 519 150 32 lämnats
1690 521 76 30 fritt
1788 522 38 29 åt

321 571 175 34 parternas
529 569 106 31 avtal.
682 569 52 31 Då
766 569 221 32 arrendatorn
1022 571 175 35 nämligen
1232 571 103 31 blivit
1367 571 232 31 tillförsäkrad
1627 582 41 21 en
1692 574 35 29 så
1750 583 74 25 pass

321 621 166 31 avsevärd
522 621 192 31 arrendetid
748 631 71 21 som
854 622 125 31 femton
1013 624 49 34 år,
1095 633 80 20 vore
1207 623 55 30 det
1292 623 136 36 obilligt
1462 624 51 30 att
1536 625 188 36 samtidigt,
1749 625 75 31 med

322 672 147 37 ändring
493 683 44 21 av
562 673 156 35 gällande
742 674 228 36 lagstiftning,
988 675 145 35 pålägga
1156 675 198 35 jordägaren
1377 685 40 20 en
1442 675 88 36 legal
1554 676 195 36 skyldighet
1772 679 52 29 att

322 725 109 31 under
453 725 236 31 arrendetiden
713 726 203 31 underhålla
938 727 275 36 åbyggnaderna.
1240 745 37 3 —
1303 727 17 31 I
1343 727 66 31 den
1431 727 179 31 allmänna
1634 729 189 36 nyttjande-

321 778 186 35 rättslagen
531 777 85 31 hade
640 778 117 30 vidare
781 778 124 31 införts
928 780 47 29 ett
998 779 185 36 stadgande
1207 789 54 20 om
1286 781 67 29 rätt
1377 780 52 31 för
1453 781 158 34 torparen
1636 780 59 31 och
1711 791 112 21 arren-

319 829 120 31 datorn
463 831 51 29 att
537 831 20 29 å
580 829 55 31 det
659 830 223 31 arrenderade
905 831 149 31 området
1078 832 184 31 verkställa
1285 832 169 36 nyodling
1471 835 87 28 samt
1575 832 59 31 vid
1650 834 173 31 arrendets

319 881 221 36 upphörande
563 892 45 20 av
631 882 201 36 jordägaren
854 871 109 42 undfå
987 884 198 35 gottgörelse
1209 884 115 30 därför
1347 887 160 27 ävensom
1531 885 53 29 för
1607 884 215 36 jordförbätt-

318 934 117 35 ringar
468 934 106 31 under
607 935 11 29 i
651 934 179 31 huvudsak
859 945 130 21 samma
1014 935 200 36 betingelser
1237 945 70 21 som
1330 936 96 30 såväl
1451 938 253 29 reservanterna
1728 938 11 29 i
1762 938 60 30 sitt

319 986 115 31 utkast
456 986 55 30 till
534 987 56 35 lag
613 996 54 21 om
693 987 89 30 vissa
805 987 349 36 jordbruksarrenden
1177 998 71 20 som
1264 988 455 36 kommissionsmajoriteten
1735 990 11 29 i
1763 990 58 30 sitt

319 1038 183 36 lagförslag
537 1039 166 35 upptagit.
750 1039 121 36 Någon
907 1042 68 28 rätt
1002 1040 51 30 för
1077 1040 221 31 arrendatorn
1321 1042 50 29 att
1395 1041 53 30 till
1473 1041 115 35 odling
1612 1042 117 35 intaga
1752 1043 69 30 viss

318 1089 53 31 del
393 1100 43 20 av
460 1090 324 36 huvudfastigheten
808 1091 85 31 hade
917 1091 147 31 däremot
1088 1093 31 35 ej
1144 1095 127 28 ansetts
1295 1093 82 30 böra
1400 1093 145 36 stadgas.
1562 1112 39 2 —
1616 1094 204 36 Ytterligare

319 1141 84 31 hade
427 1142 189 36 föreslagits
640 1143 90 30 vissa
753 1143 208 35 stadganden
984 1143 128 36 därom,
1126 1147 53 28 att
1202 1145 95 30 avtal
1320 1145 209 31 beträffande
1552 1146 140 30 arrende
1712 1157 44 20 av
1773 1157 46 20 nu

319 1194 263 36 ifrågavarande
606 1195 84 35 slag,
703 1197 86 28 även
812 1206 55 20 om
891 1196 55 30 det
969 1206 79 21 vore
1072 1197 177 35 muntligt,
1273 1198 86 29 utan
1375 1198 138 30 särskilt
1529 1198 166 30 förbehåll
1711 1199 108 30 skulle

319 1247 91 35 gälla
433 1248 69 29 mot
526 1257 46 26 ny
595 1249 116 34 ägare;
735 1250 52 28 att
811 1248 200 35 giltigheten
1027 1259 44 20 av
1087 1249 39 30 de
1144 1249 172 30 förordade
1333 1249 293 31 bestämmelserna
1645 1251 69 30 icke
1731 1251 88 35 finge

319 1308 120 26 genom
463 1300 93 29 avtal
581 1299 142 35 rubbas;
754 1303 93 28 samt
869 1303 53 28 att
946 1301 238 36 länsstyrelsen
1209 1301 105 30 under
1338 1301 89 30 vissa
1451 1302 234 31 förhållanden
1709 1303 110 30 kunde

319 1350 157 36 medgiva
498 1351 134 36 dispens
656 1352 76 30 från
755 1353 115 35 lagens
893 1353 230 36 tillämpning.

360 1403 269 31 Reservanterna
664 1404 90 31 hava
789 1405 54 30 till
878 1406 61 29 sist
974 1405 201 36 framhållit,
1210 1407 51 29 att
1295 1406 107 35 enligt
1425 1406 96 31 deras
1546 1407 219 31 förmenande
1787 1408 31 35 ej

316 1455 105 31 visats
444 1456 102 35 något
570 1456 106 31 behov
708 1459 50 28 att
792 1458 11 29 i
827 1458 119 35 övriga
969 1468 45 20 av
1038 1458 213 36 majoriteten
1275 1458 190 36 föreslagna
1489 1458 197 36 avseenden,
1710 1460 108 30 såsom

317 1507 210 31 beträffande
562 1511 69 28 rätt
665 1510 54 29 till
754 1510 183 35 skogsfång
961 1510 59 30 och
1045 1510 159 35 mulbete,
1228 1511 82 35 giva
1334 1512 155 34 torparen
1513 1511 61 30 och
1598 1511 65 31 den
1686 1512 132 30 mindre

319 1560 223 31 arrendatorn
578 1571 41 20 en
655 1561 208 36 lagstadgad,
899 1564 176 33 parternas
1099 1562 68 30 fria
1190 1563 95 29 avtal
1309 1562 246 37 undandragen
1579 1565 78 29 rätt.
1704 1563 113 36 Några

317 1612 186 31 avsevärda
538 1613 321 31 missförhållanden
888 1614 85 30 hade
997 1614 185 35 nämligen,
1207 1614 103 30 såvitt
1333 1624 44 20 av
1401 1614 53 31 för
1476 1615 341 35 jordkommissionen

318 1664 196 36 tillgänglig
550 1665 183 36 utredning
762 1665 203 36 framginge,
990 1666 214 30 härutinnan
1227 1666 29 36 ej
1282 1667 90 35 gjort
1395 1667 50 36 sig
1470 1667 167 35 gällande.
1682 1668 56 30 Av
1761 1678 53 20 na-

317 1716 129 36 turliga
477 1717 73 30 skäl
579 1717 86 31 hade
687 1717 291 36 lagändringarna
1001 1718 30 35 ej
1055 1720 127 29 ansetts
1207 1718 80 30 böra
1310 1718 131 31 erhålla
1464 1720 189 30 retroaktiv
1677 1721 138 30 verkan.

140 1815 105 24 Herrar
358 1812 129 31 Herrar
522 1813 125 31 Olsson
682 1813 60 30 och
780 1813 145 31 Wohlin
959 1813 90 31 hava
1084 1813 12 30 i
1132 1814 53 29 sin
1211 1815 206 30 reservation
1441 1815 53 30 till
1517 1825 41 20 en
1583 1815 119 36 början
1725 1816 91 35 gjort

90 1849 27 25 0.
136 1849 160 62 vf
316 1864 89 31 vissa
428 1865 177 30 allmänna
629 1865 200 32 uttalanden
852 1876 56 20 om
930 1865 370 37 jordbruksnäringens
1323 1867 164 35 ställning
1510 1867 62 30 och
1589 1868 227 35 utvecklings-

314 1913 216 45 möjligheter
554 1913 87 45 samt
665 1917 121 31 därvid
810 1917 205 35 framhållit,
1039 1919 50 29 att
1112 1919 48 29 ett
1184 1918 185 36 väsentligt
1392 1919 128 30 villkor
1543 1920 54 29 för
1619 1920 36 29 så
1680 1920 56 30 väl
1751 1919 64 31 den

313 1969 219 36 självägande
566 1969 252 36 jordbrukande
852 1970 261 36 befolkningens
1148 1980 71 21 som
1254 1971 440 36 nyttjanderättshavarnas
1718 1972 97 30 kvar-

313 2021 160 31 hållande
509 2021 59 31 vid
603 2021 200 36 jordbruket
838 2032 77 21 vore
949 2033 42 20 en
1014 2022 208 37 förbättring
1248 2023 10 29 i
1281 2023 96 31 deras
1399 2024 215 30 ekonomiska
1639 2024 174 36 ställning.

312 2072 149 32 Orsaken
485 2073 55 31 till
563 2075 51 29 att
636 2074 298 32 arrendatorernas
956 2075 60 30 och
1040 2077 177 33 torparnas
1239 2075 165 36 ställning
1418 2085 79 20 vore
1509 2075 134 31 mindre
1658 2076 157 31 tillfreds-

313 2125 166 31 ställande
501 2127 44 28 än
570 2125 40 31 de
633 2126 221 36 självägande
878 2127 186 31 böndernas
1089 2136 79 21 vore
1192 2127 86 30 först
1300 2127 62 30 och
1379 2127 120 31 främst
1514 2129 51 30 att
1588 2128 82 31 söka
1693 2129 12 29 i
1721 2128 93 31 deras

311 2177 136 31 mindre
481 2179 123 35 trygga
638 2178 195 36 besittning.
880 2179 126 31 Vidare
1041 2189 80 20 vore
1156 2180 51 29 att
1236 2179 130 36 märka,
1389 2182 51 28 att
1462 2180 55 30 det
1540 2182 108 29 större
1672 2181 141 30 svenska

310 2229 200 37 jordbruket
544 2230 78 30 från
658 2231 180 31 1880-talet
872 2231 75 31 haft
980 2233 50 29 att
1073 2231 126 36 kämpa
1238 2231 75 31 med
1347 2241 42 21 av
1424 2231 64 31 den
1521 2232 179 31 allmänna
1733 2232 79 30 kon-

311 2281 389 38 Junkturutvecklingen
723 2283 161 31 beroende
907 2284 216 31 ekonomiska
1147 2283 219 36 svårigheter.
1413 2284 51 30 Då
1488 2294 46 21 nu
1551 2285 261 35 möjligheterna

310 2335 50 29 att
394 2334 119 31 bereda
548 2335 41 36 på
624 2337 48 29 ett
704 2338 105 28 större
844 2336 82 36 gods
960 2335 145 32 sittande
1139 2335 82 31 eller
1256 2336 52 30 till
1332 2338 48 28 ett
1403 2336 239 36 godskomplex
1666 2336 146 31 hörande

312 2386 396 36 nyttjanderättshavare
731 2397 229 28 gynnsamma
983 2388 126 30 villkor
1132 2388 12 30 i
1168 2388 88 30 form
1280 2398 44 20 av
1348 2388 76 36 låga
1440 2388 177 37 arrenden,
1634 2388 179 36 tidsenliga

312 2439 195 35 mangårds-
530 2439 61 31 och
603 2440 357 36 ekonomibyggnader
972 2442 88 29 samt
1071 2439 108 31 andra
1193 2440 173 30 förmåner
1378 2441 12 30 i
1401 2441 167 35 väsentlig
1578 2441 82 30 mån
1671 2440 140 32 berodde

309 2490 43 36 på
376 2491 224 36 godsägarens
623 2492 218 31 ekonomiska
865 2493 176 35 ställning,
1064 2493 37 30 så
1123 2491 113 32 kunde
1261 2492 57 30 väl
1342 2492 130 36 förstås,
1488 2494 50 30 att
1555 2492 257 37 mångenstädes
