1896 2830
461 175 395 37 Bevillningsutskottets
881 172 217 32 betänkande
1123 172 49 30 Nr
1205 173 50 30 27.
1570 165 38 29 25

101 273 52 22 ses
177 263 78 31 från
279 263 41 30 de
345 262 197 36 ändringar,
566 269 74 21 som
663 260 58 30 må
744 259 196 30 föranledas
964 267 41 21 av
1029 258 40 30 de
1094 257 110 30 under
1229 256 66 30 den
1318 254 148 37 löpande
1489 253 115 36 fastig-

103 312 415 38 betstaxeringsperioden
549 310 187 31 inträffade
768 309 321 37 förskjutningarna
1121 308 10 30 i
1164 307 271 30 virkesmassans
1468 304 137 34 storlek,

103 366 153 29 rättelser
276 373 42 22 av
340 363 45 31 fel
406 363 58 31 vid
484 362 199 36 taxeringen
705 371 44 21 m.
773 370 44 21 m.
862 359 120 32 Såsom
1005 369 42 21 en
1067 357 200 38 jämförelse
1289 356 57 31 må
1368 357 157 34 nämnas,
1548 357 58 31 att,

103 417 142 29 bortsett
262 414 78 31 från
357 414 186 36 ändringar
562 422 74 21 som
655 412 198 31 föranledas
871 421 40 20 av
929 409 293 37 omständigheter
1239 418 42 21 av
1298 407 208 31 sistberörda
1524 406 82 36 slag,

103 467 65 30 den
189 464 278 39 genomsnittliga
486 463 216 37 sänkningen
721 472 41 21 av
783 461 278 37 taxeringsnivån
1080 460 56 31 vid
1158 460 83 30 1933
1261 458 55 31 års
1336 457 153 37 taxering
1508 457 10 30 i
1539 456 66 31 för-

104 517 162 31 hållande
282 517 51 30 till
351 516 66 31 den
434 513 90 38 nivå,
543 524 73 21 som
633 513 129 31 ernåtts
781 513 56 31 vid
858 513 83 30 1928
960 512 54 31 års
1033 511 163 36 taxering,
1213 510 135 36 belöpte
1366 509 49 36 sig
1432 508 51 31 till
1500 508 11 30 i
1527 510 80 28 runt

104 569 44 29 tal
168 568 40 30 20
227 569 152 35 procent,
400 566 114 30 vilken
532 565 171 36 sänkning
720 564 51 31 till
790 565 107 30 större
915 563 97 31 delen
1029 561 150 31 berodde
1196 561 46 36 på
1259 558 347 32 omkostnadsavdra-

103 622 70 33 gets
193 617 131 37 ökning
345 616 78 31 från
445 613 40 34 !/s4
506 616 52 30 till
580 613 41 33 1/3
642 625 41 21 av
705 614 376 35 bruttoavkastningen.
1126 612 63 31 Vid
1211 612 165 30 anmälan
1395 610 10 31 i
1427 608 180 32 statsrådet

104 669 65 31 den
197 670 39 29 18
261 677 92 21 mars
383 669 82 29 1932
489 677 42 20 av
555 666 120 37 frågan
702 676 57 21 om
784 665 156 37 grunden
965 665 54 30 för
1043 663 182 37 värdering
1249 672 41 21 av
1315 661 204 37 skogsmark
1543 660 63 30 och

104 720 156 30 växande
281 719 84 36 skog
384 718 56 31 vid
463 719 83 29 1933
568 717 54 31 års
644 717 178 30 allmänna
841 714 335 38 fastighetstaxering
1195 714 90 30 hade
1304 712 88 31 dock
1413 710 195 31 dåvarande

104 769 123 32 chefen
247 770 54 30 för
320 769 389 36 finansdepartementet
728 767 45 37 på
794 766 169 37 grundval
983 774 41 21 av
1045 765 43 31 då
1108 764 233 36 föreliggande
1361 762 118 31 siffror
1499 763 110 28 ansett

106 821 47 36 sig
181 821 118 30 kunna
325 820 110 30 räkna
462 820 79 30 med
568 828 41 21 en
635 817 221 37 nedsättning
884 826 42 21 av
951 814 326 38 taxeringsvärdena
1305 814 78 30 med
1411 813 9 30 i
1448 812 161 30 medeltal

105 872 144 30 allenast
270 870 161 37 omkring
455 871 38 29 10
512 872 152 34 procent.

147 922 111 30 Innan
282 921 58 37 jag
361 924 96 34 tager
479 920 161 36 ställning
661 920 50 30 till
735 920 56 30 det
815 929 47 21 nu
883 918 235 37 föreliggande
1140 917 164 36 förslaget
1325 916 59 30 vill
1408 915 57 37 jag
1489 914 122 37 bringa

105 974 7 28 i
136 973 139 30 erinran
298 971 106 37 några
427 972 214 36 synpunkter
663 971 149 30 rörande
836 969 102 37 syftet
960 969 80 30 med
1062 969 66 30 den
1150 968 160 36 gällande
1331 966 279 36 taxeringsmeto-

107 1023 76 36 den,
206 1023 92 30 vilka
322 1022 57 30 vid
403 1031 80 28 nyss
508 1021 153 30 nämnda
685 1021 135 30 tillfälle
843 1019 189 31 framlades
1056 1028 41 20 av
1120 1017 201 31 dåvarande
1346 1016 123 31 chefen
1494 1015 55 30 för
1572 1014 40 30 fi-

104 1075 371 36 nansdepartementet.
521 1072 73 31 Den
618 1072 54 30 för
695 1072 155 36 taxering
874 1081 43 20 av
940 1070 204 36 skogsmark
1167 1070 65 29 och
1255 1067 158 31 växande
1435 1068 84 35 skog
1543 1066 68 37 gäl-

105 1125 101 30 lande
233 1124 171 31 särskilda
428 1124 160 30 metoden
615 1122 158 37 åsyftade
800 1124 49 28 att
875 1121 171 30 fastställa
1075 1121 75 29 »det
1176 1120 115 35 värde,
1318 1128 74 21 som
1420 1118 43 30 de
1493 1118 118 29 kunna

104 1184 100 22 anses
234 1176 64 35 äga
327 1175 58 30 vid
412 1177 47 28 ett
487 1174 85 30 efter
602 1174 181 29 rationella
810 1172 150 37 grunder
990 1171 153 30 bedrivet
1173 1170 227 36 skogsbruk».
1453 1168 158 37 Tidigare

110 1226 110 38 (prop.
248 1220 171 43 102/1927,
444 1224 62 31 sid.
529 1223 75 40 490)
633 1224 90 30 hade
744 1222 221 36 framhållits,
988 1224 49 28 att
1060 1231 83 20 man
1165 1221 79 30 med
1268 1221 113 29 denna
1402 1219 117 30 metod
1544 1217 68 37 syf-

105 1277 78 30 tade
205 1277 51 29 till
278 1279 49 28 alt
346 1293 45 4 —
412 1275 196 36 visserligen
631 1273 312 36 schablonmässigt
962 1290 45 4 —
1027 1271 37 31 få
1084 1271 92 31 fram
1198 1271 139 35 värden,
1361 1279 74 22 som
1459 1269 154 36 skäligen

105 1328 117 30 kunde
242 1336 100 21 anses
361 1329 176 27 motsvara
558 1326 147 35 skogens
724 1324 182 31 saluvärde
924 1323 111 31 under
1056 1323 41 30 de
1118 1323 176 29 närmaste
1314 1320 82 32 åren
1413 1320 111 31 under
1544 1319 68 30 för-

105 1378 190 36 utsältning
319 1387 42 21 av
388 1377 146 36 skogens
559 1376 160 30 fortsatta
743 1375 224 36 användning
991 1373 55 31 för
1070 1371 160 38 uthålligt
1256 1372 204 36 skogsbruk.
1513 1370 99 30 >»Man

106 1429 63 30 har
191 1427 180 36 sålunda»,
393 1427 135 37 yttrade
547 1425 380 38 departementschefen
953 1424 109 39 (prop.
1084 1420 162 41 220/1932
1269 1423 62 29 sid.
1353 1421 69 39 82),
1447 1424 67 27 »att
1535 1421 78 30 stäl-

108 1480 31 29 la
163 1479 50 36 sig
240 1478 134 36 frågan,
399 1477 163 31 hurudan
586 1477 119 36 kalkyl
734 1485 42 21 en
803 1476 139 35 köpare,
971 1484 74 20 som
1069 1474 65 30 har
1158 1473 56 30 för
1241 1473 112 30 avsikt
1378 1475 49 27 att
1454 1471 159 30 fortsätta

106 1530 79 30 med
216 1528 173 31 rationellt
419 1527 203 36 skogsbruk,
651 1527 120 37 plägar
800 1527 92 35 göra.
944 1525 79 30 Han
1051 1523 109 31 måste
1191 1524 121 30 därvid
1341 1521 271 39 uppenbarligen

106 1582 82 35 göra
210 1580 91 30 klart
321 1578 55 31 för
397 1578 60 37 sig,
479 1581 49 27 att
549 1578 54 30 det
624 1578 105 35 gäller
749 1586 42 21 en
814 1575 93 32 affär
929 1575 44 38 på
996 1574 78 37 lång
1096 1575 77 29 sikt.
1219 1574 79 30 Han
1319 1574 129 29 räknar
1469 1571 146 31 sålunda

107 1631 78 30 med
214 1630 30 36 ej
274 1630 85 30 blott
387 1628 309 36 årsavkastningen
721 1628 108 29 under
855 1627 41 29 de
924 1627 174 29 närmaste
1122 1624 83 31 åren
1229 1627 85 27 utan
1341 1624 65 30 den
1432 1622 183 31 sannolika

107 1680 310 36 årsavkastningen
442 1679 110 30 under
578 1688 41 21 en
646 1676 217 37 överskådlig
890 1676 154 31 framtid.
1096 1675 198 36 Säkerligen
1321 1674 196 36 kalkylerar
1544 1673 70 30 han

107 1732 31 36 ej
166 1732 107 30 heller
300 1731 79 30 med
406 1729 194 31 räntefoten
627 1728 55 31 för
711 1728 212 36 kortfristiga
953 1727 214 37 placeringar
1194 1729 83 27 utan
1304 1725 78 30 med
1408 1725 67 29 den
1504 1725 110 33 ränta,

107 1783 70 29 han
198 1782 69 30 kan
289 1782 120 29 väntas
430 1779 130 31 erhålla
581 1778 45 37 på
645 1778 79 37 lång
744 1779 77 30 sikt.
867 1778 66 30 Om
954 1778 104 35 köpet
1076 1777 78 30 sker
1175 1777 111 29 under
1307 1785 41 21 en
1370 1774 244 37 högkonjunk-

109 1836 54 27 tur
183 1833 82 29 eller
285 1841 42 21 en
350 1830 283 37 lågkonjunktur,
655 1830 63 30 bör
738 1829 9 30 i
769 1829 64 30 och
853 1828 55 30 för
928 1828 50 36 sig
998 1827 80 37 föga
1100 1826 151 38 påverka
1271 1827 113 29 denna
1404 1826 53 29 del
1480 1834 42 21 av
1544 1825 71 29 kal-

108 1884 113 34 kylen.
270 1881 265 31 Vederbörande
557 1881 63 29 har
645 1881 131 34 strängt
801 1882 90 33 taget
915 1879 101 35 ingen
1041 1877 186 36 anledning
1248 1880 49 27 att
1320 1877 142 29 komma
1485 1875 50 30 till
1557 1884 59 20 an-

109 1936 58 27 nat
190 1933 142 29 resultat
355 1932 58 29 vid
435 1931 56 30 det
513 1940 63 21 ena
599 1930 149 30 tillfället
772 1931 45 28 än
840 1929 57 30 vid
919 1929 57 29 det
996 1928 109 29 andra
1128 1936 80 21 men
1230 1927 64 29 har
1318 1926 174 30 sannolikt
1513 1925 102 30 benä-

109 1984 124 35 genhet
256 1982 55 30 för
334 1983 107 29 större
465 1981 176 36 optimism
667 1980 57 30 vid
746 1979 298 36 högkonjunktur.
1090 1973 188 34 Ävenledes
1301 1975 109 31 måste
1434 1976 56 30 det
1514 1975 102 36 givet-

109 2034 49 30 vis
182 2032 153 38 påverka
361 2032 88 30 hans
475 2031 80 37 pris,
582 2040 56 20 om
666 2029 275 37 lågkonjunktur
964 2029 81 29 eller
1071 2027 288 36 högkonjunktur
1382 2026 148 30 förutses
1555 2034 61 21 un-

110 2085 59 29 der
190 2085 42 29 de
254 2084 86 29 allra
361 2083 173 29 närmaste
554 2080 92 36 åren,
670 2081 10 29 i
704 2079 37 31 så
762 2079 108 31 måtto
891 2079 183 36 nämligen,
1097 2081 49 27 att
1168 2078 56 30 det
1244 2076 272 38 uppenbarligen
1539 2076 77 29 stäl-

111 2135 47 29 ler
181 2134 50 36 sig
252 2132 278 36 fördelaktigare,
553 2141 55 20 om
631 2131 41 30 de
696 2131 174 29 närmaste
892 2128 100 32 årens
1014 2129 127 29 värden
1165 2129 121 28 väntas
1308 2128 46 29 bli
1376 2128 89 35 höga
1490 2126 64 30 och
1577 2126 41 29 de

111 2184 203 37 påföljande
336 2182 99 31 årens
458 2181 85 37 låga,
566 2183 43 28 än
631 2190 57 21 om
708 2181 190 35 ordningen
919 2180 66 29 blir
1004 2179 65 30 den
1090 2181 173 27 motsatta.
1307 2178 54 29 Att
1381 2178 175 29 dessutom
1576 2185 41 21 en

111 2245 72 20 mer
212 2235 81 29 eller
322 2234 134 29 mindre
484 2233 116 35 knapp
628 2229 275 38 kapitaltillgång
931 2231 122 28 utövar
1080 2229 51 29 sin
1159 2229 129 29 verkan
1321 2226 43 38 på
1390 2226 228 36 efterfrågans

111 2285 138 34 storlek,
274 2285 38 28 är
336 2283 130 36 tydligt,
490 2291 78 20 men
592 2281 71 35 just
688 2280 120 30 därför
831 2283 48 27 att
903 2280 54 29 det
980 2280 105 35 gäller
1111 2277 364 37 långtidsplaceringar
1499 2276 64 30 blir
1587 2276 30 35 ej

111 2335 106 29 heller
239 2334 129 29 verkan
391 2342 41 20 av
453 2332 112 29 denna
587 2331 116 29 faktor
723 2329 37 31 så
783 2330 104 35 stark,
911 2339 73 20 som
1008 2338 56 20 om
1088 2329 55 29 det
1163 2328 105 35 gäller
1291 2337 94 20 mera
1407 2326 211 35 kortfristiga

112 2384 141 30 sådana.
302 2384 68 29 Allt
396 2383 92 29 detta
514 2382 231 34 sammanlagt
771 2380 153 35 innebär,
953 2382 48 27 att
1030 2378 195 30 saluvärdet
1251 2377 45 36 på
1322 2377 203 35 skogsmark
1554 2376 64 30 och

113 2434 157 31 växande
290 2434 83 34 skog
394 2433 108 29 under
523 2431 246 35 förutsättning
791 2440 42 20 av
854 2430 76 29 dess
950 2429 159 29 fortsatta
1130 2428 223 35 användning
1374 2427 54 29 för
1448 2426 172 30 rationellt

112 2484 194 37 skogsbruk
339 2482 196 36 visserligen
564 2481 194 30 fluktuerar
789 2489 78 21 men
897 2497 44 3 —
971 2478 56 30 vid
1059 2478 204 30 oförändrat
1292 2477 257 37 penningvärde
1576 2493 43 4 -—
