1902 2822
598 148 276 30 Statsutskottets
894 148 175 30 utlåtande
1089 147 48 30 Nr
1164 149 49 29 öl.
1626 142 18 29 3

181 232 46 29 De
233 233 336 37 partementschefen
589 233 64 29 har
674 233 53 29 för
747 239 83 29 egen
851 233 54 29 del
926 233 9 29 i
956 233 140 29 ärendet
1118 234 114 27 anfört
1254 231 167 36 följande:

182 290 119 31 Såsom
325 291 247 36 inledningsvis
594 292 134 29 anförts
749 292 64 29 har
835 292 55 30 det
914 293 105 28 redan
1043 291 144 35 tidigare
1209 291 78 30 stått
1310 292 100 34 klart,
1435 294 47 26 att
1505 300 41 19 en
1570 300 71 19 om-

136 333 161 36 läggning
316 343 42 20 av
379 334 55 29 det
455 334 201 29 nuvarande
676 337 162 38 systemet
857 334 56 29 för
930 334 40 30 de
990 334 249 35 värnpliktigas
1259 333 182 36 rullföring
1461 333 64 29 och
1544 333 97 29 redo-

137 375 134 37 visning
293 379 135 27 snarast
450 376 107 30 borde
579 377 69 29 ske.
674 377 12 28 I
710 376 150 35 enlighet
882 377 80 29 med
984 377 113 29 denna
1121 376 224 35 uppfattning
1367 375 147 30 fattades
1537 374 106 31 också

139 418 55 30 vid
219 419 82 28 1940
323 418 55 30 års
398 418 140 35 lagtima
559 418 140 36 riksdag
718 421 46 28 ett
787 418 249 36 principbeslut
1058 419 8 29 i
1089 418 133 35 frågan,
1244 418 234 29 innebärande
1500 418 141 35 bemyn-

137 460 148 36 digande
303 460 56 30 för
380 460 120 36 Kungl.
522 460 102 36 Maj:t
646 464 48 27 att
716 461 137 35 vidtaga
874 460 224 35 erforderliga
1118 460 158 36 åtgärder
1296 461 54 29 för
1371 460 272 36 genomförande

137 502 46 36 på
201 503 92 30 detta
312 503 142 30 område
474 513 42 20 av
535 506 46 27 ett
601 503 198 30 maskinellt
818 503 368 36 redovisningssystem
1205 503 8 29 i
1234 502 232 36 huvudsaklig
1485 504 156 28 överens-

137 545 198 30 stämmelse
354 545 79 30 med
452 546 65 29 vad
540 555 75 20 som
634 545 163 30 anfördes
816 545 11 29 1
847 545 259 36 propositionen
1127 555 41 19 nr
1188 546 40 28 63
1249 545 50 30 till
1319 545 153 31 nämnda
1492 545 149 36 riksdag.

139 587 131 30 Härvid
289 588 209 35 förutsattes,
520 587 115 30 såsom
656 588 10 29 i
686 588 55 29 det
760 588 208 35 föregående
985 589 162 28 närmare
1165 588 200 35 utvecklats,
1386 591 48 26 att
1451 597 42 20 en
1513 587 130 30 central

138 629 366 36 hålkortsanläggning
534 629 112 30 skulle
675 630 144 30 inrättas
851 629 114 31 såsom
995 630 247 34 huvudsakligt
1271 630 211 35 hjälpmedel
1512 630 56 29 för
1597 632 47 27 ett

138 672 204 30 reformerat
369 673 251 35 redovisnings-
648 674 65 28 och
740 672 341 36 rullföringssystem.
1108 673 64 30 Vid
1199 673 40 29 de
1265 672 160 30 fortsatta
1453 672 189 29 undersök-

138 714 132 36 ningar,
290 724 75 20 som
386 715 218 30 erfordrades
624 715 56 29 för
696 716 195 29 utrönande
911 725 41 20 av
972 716 66 28 den
1056 714 215 36 lämpligaste
1292 717 103 33 typen
1416 714 53 30 för
1490 714 152 30 maskin-

138 760 213 32 aggregaten,
378 757 198 30 förutsattes
600 758 190 29 emellertid
812 757 130 36 jämväl
965 757 97 30 skola
1085 758 138 29 utredas
1247 757 133 36 frågan,
1405 757 172 29 huruvida
1601 766 42 20 en

140 799 48 29 till
210 799 115 30 lokala
349 800 240 35 myndigheter
609 800 290 29 decentraliserad
920 800 183 29 maskinell
1124 800 196 35 utrustning
1344 809 43 20 av
1409 799 139 30 enklare
1571 799 73 34 slag

138 842 111 29 skulle
269 842 120 29 kunna
410 842 157 30 medföra
588 851 41 20 en
649 842 191 35 godtagbar
859 842 135 36 lösning
1014 842 95 29 inom
1130 851 41 20 en
1192 842 112 35 rimlig
1325 842 254 29 kostnadsram.

184 884 49 30 De
250 885 160 30 fortsatta
429 884 309 36 undersökningar,
758 894 75 20 som
852 885 10 29 i
880 885 229 29 förevarande
1126 885 220 29 hänseenden
1365 884 162 29 bedrivits
1548 884 96 29 inom

138 927 227 35 arméstaben,
390 928 45 28 ha
458 937 46 20 nu
527 927 182 30 resulterat
730 927 10 29 i
762 927 235 36 föreliggande
1018 926 132 36 förslag
1173 936 56 20 om
1253 936 41 20 en
1317 926 10 29 1
1351 926 220 30 förhållande
1594 926 50 29 till

138 970 56 29 det
215 970 153 35 tidigare,
392 969 11 29 i
425 969 258 36 propositionen
705 979 42 19 nr
768 966 146 33 63/1940
937 969 25 29 L
986 969 193 30 skisserade
1203 969 163 35 förslaget
1388 968 45 36 på
1455 968 189 35 väsentliga

138 1012 149 35 punkter
310 1011 193 30 avvikande
528 1011 234 36 organisation
788 1021 42 20 av
857 1011 40 31 de
922 1011 249 35 värnpliktigas
1197 1010 183 37 rullföring
1404 1012 65 28 och
1494 1011 149 29 redovis-

138 1053 91 36 ning.
252 1054 74 29 Den
347 1063 46 20 nu
414 1054 195 35 föreslagna
629 1053 290 36 organisationen,
939 1053 56 30 för
1014 1063 79 20 vars
1113 1053 168 29 innebörd
1303 1054 64 28 och
1389 1054 255 28 konsekvenser

138 1096 11 29 i
167 1096 92 30 olika
278 1096 220 30 hänseenden
517 1097 162 28 närmare
698 1096 215 35 redogörelse
931 1096 149 30 lämnats
1099 1095 10 29 i
1131 1096 55 29 det
1204 1095 215 36 föregående,
1440 1095 144 30 innebär
1602 1105 41 19 en

138 1139 240 29 kombination
420 1148 41 20 av
501 1138 413 35 adresseringsmaskiner
943 1139 64 29 och
1037 1147 42 20 en
1109 1138 128 29 central
1267 1137 375 36 hålkortsanläggning,

138 1180 121 31 därvid
282 1180 457 36 adresseringsmaskinerna
762 1189 97 21 avses
883 1181 97 29 skola
1003 1180 193 35 uppställas
1220 1180 56 30 vid
1298 1180 257 36 truppförband
1578 1181 66 29 och

139 1223 90 30 vissa
255 1223 110 30 andra
394 1223 227 29 formationer
647 1223 65 29 och
740 1222 174 36 anstalter,
942 1223 125 29 medan
1095 1222 409 36 hålkortsanläggningen
1533 1223 111 29 skulle

138 1265 192 36 uppställas
352 1265 10 29 i
385 1265 217 30 arméstaben
625 1266 65 29 och
714 1266 178 29 därstädes
916 1266 142 30 komma
1081 1265 50 29 till
1155 1265 223 36 användning
1399 1265 54 29 för
1476 1265 10 29 1
1509 1266 133 29 huvud-

139 1308 62 29 sak
227 1307 189 30 statistiska
442 1307 173 30 ändamål.
643 1307 67 30 För
732 1307 211 36 betjänande
969 1317 41 21 av
1037 1307 435 36 maskinanläggningarna
1497 1308 66 29 och
1589 1307 56 30 för

138 1350 186 30 utförande
351 1360 43 20 av
420 1351 41 28 de
487 1349 293 36 arbetsuppgifter
805 1350 10 29 i
842 1350 120 35 övrigt,
990 1359 74 20 som
1094 1350 66 29 den
1187 1359 67 26 nya
1282 1350 277 35 organisationen
1587 1350 55 29 be-

139 1393 127 29 räknas
293 1392 168 35 medföra,
489 1392 175 30 erfordras
691 1392 78 29 civil
797 1392 315 36 biträdespersonal
1140 1392 49 29 till
1217 1393 157 29 avsevärt
1400 1393 103 35 antal,
1530 1392 114 30 vartill

138 1435 143 29 komma
306 1444 68 26 nya
401 1434 380 35 arvodesbefattningar
807 1434 56 30 för
888 1434 183 31 officerare
1097 1435 65 28 och
1187 1434 303 30 underofficerare.
1519 1434 125 30 Vidare

139 1477 174 30 erfordras
341 1477 10 28 i
378 1476 171 35 åtskilliga
576 1476 62 29 fall
665 1486 70 19 om-
765 1477 65 28 och
857 1476 372 36 tillbyggnadsarbeten
1257 1476 57 29 vid
1339 1476 306 35 förläggningarna

139 1520 56 29 för
218 1519 242 35 inrymmande
485 1528 41 19 av
551 1518 41 29 de
615 1528 68 25 nya
708 1518 223 31 maskinerna
956 1519 64 29 och
1047 1519 66 29 den
1140 1518 53 30 för
1218 1519 213 35 rullförings-
1457 1520 64 28 och
1547 1519 95 29 redo-

139 1561 317 36 visningsväsendet
480 1560 225 36 erforderliga
728 1561 215 35 personalen.

185 1603 67 30 För
272 1604 72 29 min
369 1604 53 29 del
442 1605 64 29 har
527 1604 59 35 jag
607 1603 116 30 funnit
745 1605 65 28 den
834 1614 46 19 pu
902 1604 10 29 i
934 1604 141 29 ärendet
1099 1603 195 33 förebragta
1317 1603 227 35 utredningen
1567 1603 77 35 giva

140 1645 56 30 vid
218 1646 149 35 handen,
389 1649 49 27 att
458 1649 46 27 ett
526 1649 127 33 system
676 1646 55 29 för
753 1646 220 36 redovisning
993 1656 41 20 av
1056 1646 43 29 de
1122 1645 240 36 värnpliktiga,
1386 1646 103 29 vilket
1512 1645 45 36 på
1578 1645 66 30 sätt

139 1688 10 29 i
171 1688 258 35 promemorian
452 1688 144 30 föreslås
621 1689 169 35 anknytes
814 1688 50 30 till
889 1689 42 29 de
954 1688 170 30 särskilda
1147 1688 299 35 fredsförbanden,
1470 1698 42 19 ur
1534 1688 109 29 effek-

139 1730 306 36 tivitetssynpunkt
466 1731 39 29 är
526 1730 135 36 avgjort
681 1731 189 35 överlägset
894 1731 55 31 det
970 1731 10 29 i
1000 1730 258 36 propositionen
1282 1739 40 21 nr
1345 1727 142 33 638/1940
1511 1730 25 29 L
1559 1730 84 29 skis-

140 1773 119 29 serade
275 1773 410 35 redovisningssystemet.
705 1772 221 31 Sistnämnda
945 1776 137 32 system,
1102 1773 104 29 vilket
1223 1773 145 29 innebar
1383 1782 40 20 en
1442 1772 203 35 fullständig

139 1815 259 35 centralisering
420 1824 40 20 av
483 1817 41 28 de
546 1815 250 35 värnpliktigas
819 1815 228 35 redovisning,
1073 1815 110 29 skulle
1206 1815 104 35 enligt
1332 1815 66 29 vad
1422 1816 40 28 de
1484 1815 160 29 fortsatta

139 1858 285 34 övervägandena
443 1857 126 29 ulvisat
590 1857 75 29 icke
685 1857 159 35 medgiva
865 1857 55 30 det
939 1857 157 35 ständiga
1116 1858 18 28 å
1157 1857 257 35 Jour-hållande
1433 1866 41 20 av
1495 1857 149 29 redovis-

139 1899 136 36 ningen,
297 1900 103 28 vilket
421 1900 37 28 är
476 1908 41 20 en
536 1899 248 35 förutsättning
804 1899 55 29 för
879 1902 48 26 att
946 1899 41 29 de
1006 1898 248 36 värnpliktigas
1274 1899 195 29 inkallelser
1489 1900 65 28 och
1575 1899 68 29 för-

141 1942 138 34 delning
296 1941 45 35 på
359 1940 404 36 mobiliseringsförband
780 1950 44 21 m.
843 1951 44 20 m.
906 1941 96 29 skola
1020 1941 119 29 kunna
1157 1941 59 29 ske
1232 1941 77 29 med
1328 1941 173 29 önskvärd
1519 1941 125 29 snabb-

140 1985 57 28 het
215 1985 64 28 och
300 1983 168 29 säkerhet.
491 1983 55 29 Att
567 1983 296 29 förberedelserna
883 1982 55 30 för
958 1982 437 36 värnpliktsinkallelserna
1415 1983 64 34 äga
1498 1993 77 19 rum
1588 1983 57 28 vid

141 2026 42 29 de
207 2025 256 31 fredsförband,
491 2034 74 20 som
594 2025 90 29 hava
711 2028 48 26 att
786 2024 196 36 ombesörja
1009 2026 41 28 de
1078 2025 248 35 värnpliktigas
1354 2025 198 29 inkallande
1579 2025 65 30 och

140 2068 241 34 emottagande
405 2067 54 30 vid
479 2066 246 36 mobilisering,
747 2066 110 30 måste
877 2067 105 29 också
1003 2067 103 34 enligt
1128 2067 123 29 sakens
1273 2070 103 27 natur
1398 2068 165 30 innebära
1586 2067 57 36 på-

142 2110 123 35 tagliga
291 2109 160 30 fördelar.
479 2108 64 36 Jag
569 2108 114 30 finner
709 2109 69 35 mig
804 2109 120 29 därför
950 2110 83 28 böra
1061 2109 8 28 i
1096 2109 133 35 princip
1257 2110 116 29 lämna
1399 2110 162 34 förslaget
1588 2120 56 19 om

141 2152 183 29 införande
345 2161 43 19 av
410 2151 203 29 maskinella
637 2151 235 34 anordningar
894 2151 56 30 vid
974 2151 301 35 truppförbanden
1297 2152 64 28 och
1387 2152 89 29 vissa
1501 2153 144 28 därmed

140 2193 199 36 jämförliga
361 2193 273 34 organisationer
654 2193 71 29 min
750 2193 204 35 tillstyrkan.

185 2235 77 29 Med
290 2236 92 29 detta
408 2236 382 35 ståndpunktstagande
817 2237 64 28 har
907 2236 59 35 jag
991 2236 76 29 icke
1095 2236 81 35 tagit
1203 2236 112 35 någon
1344 2236 113 34 slutlig
1483 2236 162 35 ställning

140 2277 52 30 till
218 2277 41 30 de
285 2277 116 36 frågor
425 2287 41 20 av
490 2277 349 35 lagstiftningsnatur,
866 2287 74 20 som
966 2277 8 29 1
1000 2278 234 30 arméstabens
1258 2278 231 35 promemoria
1516 2281 129 26 ansetts

141 2320 276 33 sammanhänga
433 2320 76 28 med
528 2319 286 35 genomförandet
830 2329 42 20 av
889 2320 54 28 det
960 2329 66 26 nya
1044 2320 409 34 redovisningssystemet,
1471 2320 173 35 nämligen

141 2361 72 29 dels
233 2361 163 34 förslaget
417 2370 54 20 om
493 2361 234 35 upphävande
748 2370 41 20 av
810 2362 65 28 den
898 2362 104 28 sedan
1024 2362 165 34 gammalt
1213 2362 7 28 i
1241 2362 291 34 värnpliktslagen
1554 2362 89 29 stad-

141 2403 86 34 gade
245 2402 194 30 skillnaden
457 2402 126 30 mellan
602 2402 163 36 beväring
784 2404 65 28 och
869 2403 202 35 landstorm,
1091 2403 71 29 dels
1181 2403 121 36 frågan
1323 2413 57 19 om
1402 2404 182 29 införande
1604 2413 42 20 av

141 2444 89 30 vissa
252 2444 154 35 rättsliga
427 2444 171 36 garantier
620 2444 54 29 för
693 2444 316 33 orderinkallelsers
1030 2444 165 31 effektiva
1217 2445 299 30 funktionerande.
1539 2446 106 29 Dessa
