1914 2852
292 161 102 28 Andra
420 161 196 27 kammarens
637 156 129 41 fjärde
799 159 151 34 tillfälliga
977 159 131 27 utskotts
1133 157 154 29 utlåtande
1314 158 43 27 Nr
1383 158 25 27 2.
1581 164 18 19 5

150 242 12 28 IT
193 242 102 29 tabell
330 243 10 28 1
377 242 87 30 hava
496 242 40 29 de
568 241 53 30 för
651 242 41 28 de
723 240 243 30 amerikanska
998 243 230 27 vetesorterna
1259 242 89 27 samt
1378 239 216 30 australvetet

104 290 85 27 mest
216 287 284 30 karakteristiska
527 287 256 38 egenskaperna
810 286 280 30 sammanställts.
1130 285 224 30 Beträffande
1381 285 40 30 de
1448 285 64 29 här
1538 294 57 20 an-

105 332 98 30 förda
229 332 165 30 siffrorna
418 332 55 30 för
495 332 203 37 fuktighets-
722 332 65 29 och
812 331 249 39 råproteinhalt
1084 331 63 29 bör
1169 331 216 34 omnämnas,
1411 333 48 27 att
1482 330 41 29 de
1547 338 48 21 er-

104 376 114 31 hållits
240 387 42 20 ur
305 378 65 29 den
392 377 137 37 vanliga
552 377 307 32 facklitteraturen,
881 386 80 20 men
985 379 48 27 att
1055 377 40 29 de
1118 375 9 30 i
1149 375 113 39 någon
1285 375 82 30 mån
1389 374 206 39 korrigerats

104 423 78 29 med
201 422 141 37 ledning
362 432 41 20 av
423 422 242 35 erfarenheter,
687 432 116 20 vunna
825 422 56 29 vid
901 421 74 30 vårt
995 422 192 29 samarbete
1206 421 80 30 med
1306 421 145 30 svenska
1472 421 123 29 kvarn-

104 467 171 30 kemister.
312 467 171 30 Siffrorna
506 467 54 30 för
582 466 143 40 specifik
750 467 137 37 degvikt
909 467 65 30 och
998 467 205 38 brödvolym
1227 466 133 38 grunda
1384 465 49 39 sig
1455 465 44 39 på
1522 465 73 32 rön,

104 512 120 38 gjorda
250 513 57 29 vid
333 512 81 31 våra
440 512 302 38 bakningsförsök.
780 512 224 31 Beträffande
1030 513 97 29 dessa
1153 512 63 30 bör
1241 510 214 36 framhållas,
1482 513 46 28 att
1555 511 41 29 de

104 557 123 30 utförts
255 561 84 27 utan
363 558 121 30 tillsats
512 568 41 20 av
578 559 134 29 bromat
738 559 81 29 eller
845 559 107 29 andra
979 556 435 40 mjölförbättringsmedel.

149 603 164 38 Samtliga
338 603 118 30 siffror
480 603 140 30 anföras
645 604 78 29 med
748 604 123 29 största
896 602 210 31 reservation
1130 603 64 30 och
1219 612 79 20 avse
1322 602 120 30 endast
1465 604 48 28 att
1537 611 57 20 an-

104 648 85 37 giva,
213 648 94 30 inom
332 648 91 30 vilka
447 650 141 36 gränser
610 649 39 29 de
672 648 267 39 ifrågavarande
961 648 257 38 egenskaperna
1242 647 9 30 i
1274 647 188 30 allmänhet
1484 646 109 31 bruka

103 693 141 35 variera,
275 704 79 19 men
382 694 156 29 däremot
565 693 73 31 icke
667 695 66 28 den
762 694 104 29 totala
896 693 223 30 variationen.
1172 692 151 31 Sålunda
1353 692 124 38 betyda
1505 691 87 30 talen

107 739 125 29 12—16
260 739 55 29 för
341 738 293 39 råproteinhalten
660 740 62 28 hos
751 738 176 30 Manitoba
956 739 14 28 I
999 739 65 29 och
1093 738 40 32 IT,
1162 741 47 27 att
1239 738 202 29 densamma
1469 737 9 29 i
1506 736 87 37 regel

102 783 105 36 ligger
228 784 128 30 mellan
379 784 97 30 dessa
498 784 148 37 gränser,
670 783 104 31 vilket
797 784 87 29 dock
907 783 74 30 icke
1003 783 154 32 hindrar,
1180 786 48 27 att
1250 783 65 29 den
1337 782 9 30 i
1369 782 142 30 enstaka
1534 781 60 30 fall

102 828 68 30 kan
194 828 42 38 gå
260 829 142 30 utanför
424 829 88 29 dem.

144 882 114 39 Ifråga
291 893 57 20 om
380 884 249 38 brödvolymen
659 884 63 30 bör
753 883 104 30 också
890 882 214 35 framhållas,
1138 886 48 27 att
1218 883 113 29 denna
1363 882 8 29 i
1405 881 186 31 allmänhet

100 928 66 29 kan
195 931 129 34 stegras
352 929 129 37 ganska
510 930 154 29 avsevärt
691 937 123 29 genom
840 927 359 39 bromatbehandling.

145 981 66 30 För
241 983 204 29 australvete
474 983 90 29 hava
594 982 78 38 inga
702 983 45 29 tal
778 982 55 30 för
862 981 145 40 specifik
1038 981 138 39 degvikt
1205 982 64 29 och
1300 982 204 38 brödvolym
1534 990 57 21 an-

100 1026 107 35 givits,
237 1026 43 30 då
308 1027 55 29 det
390 1026 266 31 siffermaterial,
686 1037 74 20 som
789 1027 86 30 varit
904 1026 213 39 tillgängligt,
1147 1029 127 28 ansetts
1302 1026 116 31 alltför
1445 1026 145 30 osäkert.

145 1071 79 30 Som
252 1071 155 37 framgår
434 1082 42 19 av
501 1072 157 33 tabellen,
685 1073 64 29 har
775 1072 268 30 Manitobavetet
1070 1071 78 30 från
1176 1072 141 30 Canada
1344 1072 63 29 och
1435 1072 54 29 det
1517 1072 74 28 där-

99 1116 78 29 med
207 1116 199 38 jämställda
437 1117 95 30 Hard
563 1117 121 38 Spring
714 1116 78 31 från
824 1117 148 30 Förenta
1003 1120 150 27 staterna
1184 1117 63 30 den
1280 1117 97 29 bästa
1407 1115 184 37 baknings-

100 1160 229 38 dugligheten.
371 1161 97 30 Detta
488 1162 100 30 beror
607 1161 136 31 särskilt
762 1162 44 39 på
826 1163 98 29 deras
943 1162 91 38 höga
1053 1161 209 39 proteinhalt
1289 1160 212 39 (glutenhalt)
1528 1161 63 29 och

101 1205 156 31 förnäma
281 1206 268 36 glutenkvalitet.
595 1207 48 30 De
665 1207 76 38 giva
763 1210 45 27 ett
831 1210 82 27 stort
936 1207 194 37 degutbyte,
1156 1208 171 29 155—160
1349 1215 96 29 gram
1467 1217 40 20 av
1533 1206 59 29 100

100 1258 96 28 sram
219 1251 95 37 mjöl,
340 1254 88 27 samt
451 1255 69 26 stor
544 1252 213 38 brödvolym.
806 1252 229 38 Fuktigheten
1059 1253 47 34 är,
1131 1251 137 31 särskilt
1292 1252 62 29 hos
1377 1252 40 30 de
1440 1252 151 30 förnäm-

100 1298 46 27 sta
170 1295 235 37 kvaliteterna,
427 1295 65 39 låg.

144 1340 277 33 Manitobavetet,
443 1351 74 21 som
538 1345 83 27 mest
645 1343 175 29 användes
841 1353 42 20 av
903 1343 209 33 kvarnarna,
1133 1352 99 21 anses
1253 1341 113 31 såsom
1388 1345 45 27 ett
1453 1351 139 29 synner-

99 1385 89 37 ligen
217 1385 244 40 »tillförlitligt»
490 1390 82 28 vete,
598 1387 137 31 särskilt
759 1387 156 39 lämpligt
940 1387 55 30 för
1018 1387 265 39 uppblandning
1308 1398 42 19 av
1374 1386 74 31 vårt
1472 1387 118 39 mjuka

100 1433 80 27 vete.
226 1431 63 29 Det
311 1432 98 33 enda,
429 1441 83 20 man
534 1433 67 29 kan
624 1433 167 29 anmärka
816 1432 43 38 på
882 1434 202 33 detsamma,
1106 1434 39 28 är
1165 1436 48 27 att
1235 1433 56 29 det
1311 1432 92 37 giver
1423 1436 46 26 ett
1489 1431 102 37 något

100 1474 118 37 gråare
245 1476 83 38 mjöl
356 1477 43 29 än
425 1476 113 38 mjukt
565 1480 73 27 vete
663 1477 65 29 och
755 1478 215 29 australvete.
1020 1477 13 29 I
1060 1487 40 20 en
1128 1478 53 29 del
1207 1477 61 30 fall
1293 1477 90 39 jäser
1408 1478 55 29 det
1488 1476 102 31 också

100 1521 110 29 sämre
234 1521 43 28 än
303 1520 89 31 vissa
417 1522 107 29 andra
551 1524 106 27 veten.

143 1564 254 31 Manitobavete
424 1562 64 33 och
518 1566 95 30 Hard
644 1566 123 39 Spring
796 1569 59 27 äro
884 1566 160 31 vårveten
1074 1568 64 28 och
1169 1568 95 29 torde
1294 1567 55 30 för
1377 1568 215 29 närvarande

100 1609 48 29 till
175 1610 167 38 väsentlig
369 1611 53 29 del
447 1610 95 30 bestå
570 1621 41 20 av
637 1614 114 27 sorten
779 1611 162 39 Marquis,
969 1611 114 30 vilken
1110 1612 9 29 i
1147 1612 268 30 Nordamerikas
1443 1611 148 31 vårvete-

99 1653 166 31 områden
296 1665 143 20 numera
470 1655 122 30 vunnit
622 1659 68 27 stor
722 1656 188 38 spridning.
966 1656 159 39 Tidigare
1167 1666 59 21 var
1269 1658 55 29 det
1366 1656 226 31 Fifevårvetet

105 1697 53 38 (=
172 1698 160 32 Kolben).
358 1709 73 21 som
456 1700 222 31 dominerade
702 1702 187 29 därstädes.

144 1743 94 30 Hard
259 1744 133 30 Winter
409 1746 136 35 utgöres
565 1756 41 19 av
625 1746 193 37 glutenrika
838 1747 178 30 höstveten
1036 1746 77 31 från
1134 1747 147 30 Förenta
1302 1750 159 27 staterna.
1493 1748 97 29 Detta

99 1798 105 20 namn
227 1788 189 31 innefattar
437 1789 85 31 flera
546 1790 90 31 olika
660 1794 116 28 sorter,
801 1791 264 39 ursprungligen
1087 1793 284 29 härstammande
1392 1792 77 30 från
1492 1793 99 38 Ryss-

99 1833 89 29 land.
235 1834 83 37 Mjöl
340 1844 41 20 av
403 1835 95 29 Hard
519 1835 133 31 Winter
671 1836 65 30 har
756 1836 75 30 icke
853 1837 79 30 fullt
952 1837 36 30 så
1010 1838 65 36 god
1097 1836 493 39 vattenabsorptionsförmåga

100 1887 72 20 som
212 1877 123 31 sådant
376 1889 40 20 av
456 1879 253 31 Manitobavete
738 1882 64 28 och
832 1881 93 37 giver
952 1882 104 30 också
1085 1881 103 38 något
1215 1882 135 30 mindre
1378 1883 212 37 brödvolvym.

100 1922 242 31 Vattenhalten
372 1925 38 28 är
437 1923 10 30 i
478 1925 206 36 genomsnitt
715 1928 90 35 taget
836 1925 104 39 något
969 1927 102 37 lägre,
1103 1927 88 29 dock
1222 1928 38 28 är
1291 1927 193 30 skillnaden
1514 1928 76 29 dem

99 1967 145 29 emellan
268 1967 10 29 i
303 1968 89 30 detta
418 1968 195 31 hänseende
636 1969 31 38 ej
692 1973 79 26 stor.

144 2011 234 38 Laplatavetet
402 2014 136 34 utgöres
564 2024 40 19 av
629 2014 303 38 sydamerikanskt
957 2015 146 32 vårvete,
1128 2016 275 37 huvudsakligen
1431 2016 76 31 från
1535 2017 56 29 Ar-

99 2056 146 33 sentina.
278 2057 62 30 Det
360 2058 63 29 har
442 2058 157 36 vanligen
621 2058 102 37 något
744 2061 94 36 lägre
857 2060 245 38 råproteinhalt
1124 2062 42 29 än
1189 2062 94 29 Hard
1304 2061 141 30 Winter.
1479 2062 111 29 Kvali-

100 2103 86 27 teten
210 2101 152 31 varierar
384 2102 103 30 också
512 2104 160 37 betydligt
699 2114 93 20 mera
818 2106 41 28 än
885 2106 62 29 hos
972 2106 90 30 detta
1087 2107 62 28 och
1175 2107 62 29 hos
1262 2106 185 30 Manitoba.
1495 2107 93 30 Vissa

100 2144 45 30 år,
170 2144 112 31 såsom
305 2149 20 27 t.
350 2157 48 19 ex.
425 2148 92 31 1929,
542 2149 67 29 kan
633 2149 54 29 det
710 2159 80 20 vara
815 2150 137 38 mycket
974 2151 61 29 bra
1057 2151 64 29 och
1144 2152 158 28 kommer
1324 2152 40 29 då
1390 2162 69 26 upp
1481 2152 9 29 i
1513 2151 77 30 nivå

101 2190 75 28 med
200 2190 95 30 Hard
319 2191 142 33 Winter,
484 2193 106 29 andra
614 2193 80 32 åter,
717 2193 113 31 såsom
856 2196 93 31 1928,
972 2195 66 29 blir
1059 2196 55 29 det
1136 2195 106 38 dåligt
1263 2197 64 28 och
1350 2198 38 28 är
1410 2196 40 30 då
1474 2197 117 29 ibland

101 2233 73 29 icke
196 2235 135 37 mycket
353 2236 109 29 hättre
484 2239 40 27 än
550 2237 72 30 vårt
643 2238 119 36 mjuka
787 2242 82 26 vete.
904 2240 128 29 Genom
1056 2239 50 30 sin
1129 2241 92 35 lägre
1241 2241 189 30 vattenhalt
1451 2241 66 30 blir
1537 2243 52 28 det

99 2278 84 29 dock
207 2279 157 36 vanligen
388 2281 229 30 värdefullare
638 2283 63 28 och
722 2283 157 36 betingar
898 2284 102 29 också
1024 2284 6 29 i
1053 2285 185 29 allmänhet
1263 2285 99 36 något
1386 2287 105 35 högre
1511 2286 78 38 pris.

146 2323 228 37 Faplatavetet
404 2324 191 30 innehåller
620 2336 70 20 som
719 2328 88 35 regel
834 2338 39 19 en
902 2329 63 28 rätt
994 2332 70 25 stor
1090 2333 136 33 procent
1256 2329 267 36 inblandningar
1550 2341 40 19 av

99 2368 106 28 andra
234 2368 172 35 sädesslag
433 2373 86 26 samt
549 2370 248 38 föroreningar,
827 2372 98 36 något
954 2382 71 20 som
1055 2375 152 28 avsevärt
1238 2375 67 28 kan
1334 2375 152 29 nedsätta
1516 2376 74 28 dess

99 2411 110 29 värde.

144 2455 226 31 Australvetet
391 2459 38 28 är
448 2460 151 28 närmast
624 2463 48 26 att
692 2470 81 20 anse
797 2471 71 19 som
891 2465 45 26 ett
959 2462 112 37 mjukt
1095 2466 71 26 vete
1188 2463 63 29 och
1275 2464 63 29 har
1359 2463 7 30 i
1390 2465 86 35 regel
1498 2465 92 36 lägre

100 2499 203 39 proteinhalt
331 2503 43 29 än
399 2502 174 31 Manitoba
599 2505 63 29 och
688 2505 94 30 Hard
808 2505 141 31 Winter.
988 2507 63 30 Det
1075 2509 37 28 är
1135 2508 188 30 emellertid
1347 2509 136 38 mycket
1507 2512 80 27 torrt
