1894 2810
470 148 394 37 Bevillningsutskottets
884 148 216 31 betänkande
1120 158 41 21 nr
1180 148 50 29 34.
1589 141 17 30 7

101 235 90 30 land.
219 233 207 37 Nedgången
453 233 9 30 i
490 233 242 36 Nobelprisens
761 233 136 35 storlek,
923 232 174 36 samtidigt
1122 241 75 21 som
1223 232 99 30 deras
1349 230 178 31 realvärde
1554 229 51 31 till

103 285 88 37 följd
221 295 42 20 av
294 285 216 35 sänkningen
538 286 11 30 i
579 284 273 36 penningvärdet
881 283 195 37 ytterligare
1106 283 209 35 minskades,
1347 283 140 29 komme
1518 285 48 26 att
1595 281 11 29 i

101 336 166 30 avsevärd
293 335 84 36 grad
403 334 139 30 minska
569 334 66 30 den
661 334 277 29 internationella
964 332 294 36 uppskattningen
1286 341 42 21 av
1355 330 249 37 prisbelöning-

101 396 94 21 arna.
215 386 277 30 Nobelstiftelsen
513 385 114 36 intoge
645 394 41 21 en
707 383 109 31 sådan
836 384 219 35 särställning
1072 383 107 30 bland
1198 382 147 30 svenska
1365 381 171 36 stiftelser,
1556 383 50 28 att

101 438 66 30 den
188 437 107 30 borde
318 437 225 29 tillerkännas
563 435 218 31 skattefrihet
802 438 84 27 trots
910 437 48 28 att
978 433 56 31 två
1055 444 41 20 av
1120 434 41 29 de
1181 433 72 30 fem
1273 432 116 37 prisen
1411 431 124 37 avsåge
1556 433 50 28 att

101 489 124 29 belöna
247 488 94 34 »den,
363 497 74 20 som
455 487 95 30 inom
569 487 214 29 litteraturen
801 486 65 29 har
883 485 206 36 producerat
1108 485 57 29 det
1183 484 229 30 utmärktaste
1430 483 11 30 i
1460 482 145 31 idealisk

101 539 170 35 riktning»
296 538 66 30 och
385 538 95 36 »den,
502 547 74 21 som
596 537 65 30 har
679 537 120 30 verkat
818 540 87 26 mest
924 537 81 29 eller
1024 536 77 29 bäst
1122 535 55 30 för
1196 535 137 30 folkens
1353 533 253 31 förbrödrande

102 591 65 29 och
186 589 232 31 avskaffande
440 589 81 30 eller
541 588 200 36 minskning
761 597 43 21 av
826 586 140 31 stående
987 587 132 29 arméer
1139 589 90 27 samt
1248 585 163 30 bildande
1433 585 66 30 och
1521 584 84 36 spri-

102 641 113 30 dande
239 650 42 20 av
306 640 331 35 fredskongresser».
664 639 119 29 Alfred
810 638 107 30 Nobel
943 637 89 30 hade
1057 637 177 30 förvärvat
1260 636 66 30 den
1354 634 251 37 förmögenhet,

102 692 69 29 han
192 699 123 28 genom
337 691 56 29 sitt
413 692 202 28 testamente
636 689 225 30 anförtrodde
882 687 34 31 åt
939 698 41 20 en
1002 688 123 30 svensk
1150 687 144 30 stiftelse
1315 689 49 28 att
1385 686 160 35 förvalta,
1569 683 38 32 så

102 745 70 33 gott
193 751 74 21 som
291 742 71 29 helt
382 741 66 30 och
469 740 106 31 hållet
597 748 122 28 genom
742 740 52 29 sin
818 739 219 30 verksamhet
1058 737 208 31 utomlands.
1294 737 78 30 Med
1393 737 138 36 hänsyn
1557 735 50 31 till

103 793 66 30 den
192 792 290 35 utomordentliga
505 791 182 36 betydelse,
713 801 74 20 som
813 789 276 30 Nobelstiftelsen
1116 789 112 31 direkt
1254 789 66 29 och
1345 788 150 29 indirekt
1519 787 89 30 hade

103 844 54 30 för
174 842 76 31 vårt
267 843 91 35 land,
375 842 107 30 borde
499 842 56 30 det
571 851 82 20 vara
671 850 41 20 en
730 840 188 30 hederssak
936 839 56 30 för
1009 848 54 21 oss
1081 841 49 28 att
1149 838 76 30 icke
1243 846 125 28 genom
1386 846 41 21 en
1444 835 89 31 hård
1550 837 56 29 be-

103 895 175 35 skattning
301 894 165 36 äventyra
486 893 42 29 de
547 892 138 35 värden,
706 892 66 29 den
793 890 287 37 representerade.

147 995 73 30 Vad
239 994 258 30 motionärerna
518 992 145 31 sålunda
685 992 127 35 anfört,
832 991 106 30 vilket
958 991 121 30 vunnit
1099 990 200 36 anslutning
1318 990 10 29 i
1348 989 159 36 samtliga
1527 989 81 29 över

103 1046 217 30 motionerna
337 1045 147 36 avgivna
502 1044 193 37 yttranden,
714 1043 116 30 finner
849 1042 166 30 utskottet
1032 1042 75 29 värt
1127 1041 190 36 synnerligt
1334 1039 205 31 beaktande.
1558 1039 49 30 Av

103 1096 65 30 den
194 1106 48 20 nu
266 1095 236 36 föreliggande
526 1094 227 35 utredningen
779 1094 66 29 har
868 1093 164 30 utskottet
1058 1092 153 35 bibragts
1237 1091 67 30 den
1328 1089 279 37 uppfattningen,

103 1150 49 27 att
175 1146 278 31 Nobelstiftelsen
478 1145 79 30 med
578 1145 136 36 hänsyn
737 1144 50 30 till
810 1144 52 29 sin
884 1143 243 36 organisation,
1153 1142 57 30 sitt
1232 1141 90 36 syfte
1347 1141 65 30 och
1436 1141 53 30 sin
1511 1140 97 30 verk-

104 1198 133 30 samhet
261 1197 134 36 intager
417 1205 42 21 en
486 1195 108 31 sådan
618 1195 221 35 särställning
863 1194 10 30 i
896 1193 200 37 jämförelse
1119 1193 80 30 med
1223 1192 110 30 andra
1358 1191 162 31 stiftelser
1542 1190 66 31 och

104 1247 355 36 sammanslutningar
481 1246 79 30 med
583 1246 164 30 liknande
771 1243 164 32 ändamål
957 1247 49 27 att
1029 1253 41 21 en
1094 1242 247 37 förmånligare
1363 1241 213 37 behandling
1597 1240 11 30 i

103 1298 437 36 beskattningshänseende
568 1297 69 30 kan
661 1305 100 22 anses
788 1295 184 30 önskvärd.
1000 1295 99 29 Detta
1124 1294 76 30 icke
1225 1294 105 29 minst
1354 1292 45 37 på
1428 1293 112 36 grund
1566 1301 42 21 av

106 1349 295 31 Nobelstiftelsens
427 1348 277 30 internationella
729 1346 184 37 betydelse.
941 1345 399 35 Skattefrihetsreglerna
1366 1344 57 30 för
1448 1343 163 30 stiftelser

104 1402 78 29 med
203 1399 257 36 allmännyttigt
479 1398 165 31 ändamål
666 1399 62 29 äro
748 1399 10 29 i
780 1398 163 30 utländsk
965 1397 213 35 lagstiftning
1201 1396 10 29 i
1233 1396 190 29 allmänhet
1445 1394 166 36 betydligt

104 1460 95 20 mera
225 1450 211 29 vidsträckta
466 1449 44 29 än
538 1449 10 29 i
576 1448 75 30 vårt
678 1448 92 29 land.
803 1446 67 31 Om
898 1446 276 30 Nobelstiftelsen
1203 1445 110 30 skulle
1340 1444 88 30 varit
1455 1444 154 29 hemma
1592 1440 21 47 -

104 1501 156 30 hörande
281 1501 10 29 i
311 1499 207 36 exempelvis
542 1498 188 35 Danmark,
753 1498 110 35 Norge
884 1498 81 29 eller
986 1496 148 30 Finland
1152 1513 45 3 —
1216 1494 104 37 något
1341 1504 74 21 som
1437 1495 10 29 i
1467 1494 67 30 och
1555 1494 55 29 för

105 1552 49 36 sig
172 1552 75 29 icke
266 1551 89 29 varit
374 1550 187 30 otänkbart
577 1566 44 4 —
641 1549 110 30 skulle
770 1549 203 29 densamma
992 1547 190 35 säkerligen
1201 1546 46 30 ha
1265 1546 88 30 varit
1374 1545 137 30 befriad
1530 1543 79 31 från

105 1602 298 37 skattskyldighet.
423 1596 94 34 Även
534 1600 79 30 med
630 1600 137 35 hänsyn
783 1599 118 29 härtill
917 1599 66 29 har
998 1598 164 29 utskottet
1179 1595 180 31 förståelse
1375 1596 57 29 för
1448 1596 66 30 den
1532 1604 77 27 syn-

104 1653 166 36 punkten,
294 1655 49 27 att
368 1661 41 21 en
434 1650 264 36 skatteeftergift
721 1650 10 29 i
757 1649 228 31 förevarande
1009 1648 61 30 fall
1097 1648 70 29 kan
1192 1656 100 21 anses
1319 1646 201 31 motiverad.

150 1704 13 29 I
183 1704 92 29 detta
296 1702 254 36 sammanhang
570 1702 64 29 bör
653 1700 190 31 emellertid
865 1700 130 30 erinras
1015 1708 58 20 om
1092 1701 49 27 att
1160 1697 83 31 våra
1263 1698 202 30 nuvarande
1485 1697 125 30 skatte-

106 1753 385 31 frihetsbestämmelser
508 1754 60 29 äro
582 1752 198 30 utformade
796 1751 85 31 efter
898 1761 42 20 en
955 1751 67 30 viss
1038 1750 211 37 systematik.
1270 1749 120 30 Denna
1406 1750 71 28 kan
1494 1748 10 29 i
1519 1748 92 29 kort-

105 1805 57 29 het
185 1804 178 36 uttryckas
388 1802 46 36 så,
457 1806 49 27 att
531 1803 87 29 först
638 1802 166 29 bestämts
827 1801 91 30 vissa
940 1798 173 36 ändamål,
1138 1808 75 21 som
1236 1801 128 27 ansetts
1386 1798 86 30 böra
1494 1797 116 30 föran-

107 1855 75 30 leda
202 1854 227 30 skattefrihet.
451 1852 138 31 Sådana
607 1851 164 31 ändamål
792 1852 60 29 äro
870 1852 44 29 bl.
934 1860 29 20 a.
986 1849 198 36 främjande
1202 1858 42 21 av
1263 1848 248 36 undervisning
1531 1848 81 29 eller

106 1904 196 36 utbildning
326 1907 90 27 samt
440 1913 42 20 av
508 1903 236 36 vetenskaplig
767 1902 191 35 forskning.
985 1900 156 31 Därefter
1167 1901 46 28 ha
1237 1900 10 29 i
1274 1899 339 35 författningstexten

106 1955 146 36 angivits
275 1954 90 30 vissa
389 1953 239 35 inrättningar,
653 1962 75 20 som
751 1951 130 35 främja
904 1951 98 29 dessa
1028 1948 173 31 ändamål.
1226 1949 164 34 Exempel
1415 1946 112 37 härpå
1551 1948 61 28 äro

106 2005 201 31 akademier
329 2005 65 29 och
417 2004 177 29 allmänna
616 2001 360 36 undervisningsverk.
1005 2000 163 35 Slutligen
1192 2000 66 29 har
1280 1999 10 30 i
1316 1997 295 36 författningstex-

107 2060 54 26 ten
181 2057 149 29 lämnats
350 2065 41 20 en
410 2053 222 36 beskrivning
649 2063 42 20 av
710 2053 41 29 de
770 2052 117 36 övriga
905 2051 161 30 stiftelser
1083 2051 65 29 och
1167 2049 209 36 föreningar,
1397 2058 75 21 som
1490 2065 45 4 —
1553 2056 58 21 an-

108 2107 156 30 norledes
287 2107 45 29 än
353 2105 21 30 å
394 2114 84 27 egen
497 2105 188 35 inrättning
703 2122 44 2 —
767 2103 130 36 främja
917 2112 134 20 samma
1072 2102 164 29 ändamål
1257 2111 74 20 som
1353 2101 41 28 de
1414 2100 198 36 uppräkna-

108 2157 41 30 de
171 2158 118 35 slagen
311 2165 43 21 av
375 2155 238 36 inrättningar.
638 2154 167 30 Stiftelser
828 2153 65 30 och
917 2152 198 35 föreningar
1137 2152 79 29 med
1239 2150 247 35 huvudsakligt
1507 2149 105 29 ända-

108 2206 69 31 mål
196 2210 49 27 att
264 2207 117 29 lämna
401 2205 188 30 understöd
608 2205 55 29 för
680 2203 196 30 beredande
895 2212 42 20 av
956 2201 244 34 undervisning
1221 2201 81 28 eller
1320 2199 195 35 utbildning
1534 2198 80 30 eller

108 2260 49 27 att
183 2256 129 35 främja
338 2254 236 36 vetenskaplig
598 2253 182 35 forskning
804 2253 45 29 ha
875 2251 145 30 sålunda
1044 2250 180 35 medgivits
1251 2249 226 30 skattefrihet.

153 2307 116 29 Härav
293 2305 96 30 torde
413 2303 146 35 framgå,
587 2306 48 26 att
660 2301 95 36 varje
781 2300 239 35 utsträckning
1044 2309 41 20 av
1112 2298 261 30 skattefriheten
1398 2296 109 30 måste
1532 2303 80 28 nog-

108 2360 99 33 grant
227 2356 197 34 övervägas,
443 2354 107 29 innan
569 2353 114 29 denna
700 2353 64 34 väg
782 2351 168 30 beträdes.
971 2350 51 29 En
1042 2348 108 31 sådan
1168 2348 239 34 utsträckning
1425 2347 65 29 bör
1509 2346 104 35 enligt

108 2408 183 29 utskottets
314 2405 137 35 mening
470 2404 75 29 icke
564 2403 59 30 ske
643 2403 8 29 i
673 2403 72 34 fall,
766 2401 45 31 då
831 2401 64 29 den
916 2399 201 36 ifrågasatta
1135 2399 195 36 ytterligare
1352 2396 260 31 skattefriheten

1659 990 129 25 Utskottet.
