2236 2632
714 159 344 31 -Jordbruksutskottets
1082 159 164 30 utlatand«:
1270 160 48 28 Nr
1343 160 49 29 77.
1794 160 17 28 5

258 243 65 38 att,
370 236 47 35 då
466 236 180 37 fonderna
692 237 11 35 1
748 236 285 37 Västerbottens
1074 237 68 35 och
1187 237 253 35 Norrbotteus
1481 238 61 35 län
1576 237 80 36 icke
1690 242 63 30 äro
1783 237 72 36 till-

256 286 163 49 räckligt
464 294 100 30 stora
610 289 60 36 för
714 294 52 30 att
807 289 139 46 kunna,
979 288 121 48 jämte
1137 288 134 48 övriga
1307 288 169 48 utgifter,
1513 288 210 36 vidkännas
1760 293 92 31 även

259 351 51 22 nu
336 338 290 49 ifrågavarande
655 339 216 47 kostnader,
901 339 108 37 dessa
1038 339 133 37 fonder
1190 340 120 35 skulle
1330 340 142 36 erhålla
1491 340 263 48 förstärkning
1774 340 78 36 från

252 390 259 63 jämtländska
538 390 326 47 renbetesfjällens
893 391 223 48 skogsfond.
1174 390 245 37 Sistnämnda
1447 391 103 46 fond,
1571 404 79 23 som
1670 391 64 36 vid
1759 394 94 33 1913

256 444 60 33 års
359 442 75 35 slut
474 441 167 49 uppgick
676 442 55 35 till
761 448 54 30 ett
844 421 143 70 belopp
1009 456 45 21 av
1087 443 201 44 1,093,200
1317 442 140 36 kronor
1487 444 45 34 14
1562 448 74 41 öre,
1667 442 97 36 hade
1792 443 61 35 vid

262 495 92 33 1917
387 495 59 33 års
475 494 75 34 slut
578 495 163 46 uppnått
769 506 47 23 en
845 494 140 35 storlek
1016 506 46 23 av
1094 495 202 45 1,364,126
1326 494 139 35 kronor
1493 495 47 34 50
1570 498 74 43 öre,
1665 493 131 36 oaktat
1815 496 41 33 år

259 546 97 34 1914
381 543 181 36 utbrutits
591 557 43 22 ur
662 543 140 37 fonden
831 549 53 30 ett
914 544 136 48 belopp
1079 557 47 22 av
1157 522 164 66 500,000
1350 544 139 35 kronor
1518 544 57 36 för
1599 523 54 57 att
1673 545 182 47 tilläggas

257 594 286 37 Västerbottens
571 595 69 35 och
670 594 250 37 Norrbottens
949 595 82 36 läns
1059 595 236 48 lappfonder.
1339 595 132 48 Enligt
1490 595 71 36 vad
1583 595 270 49 länsstyrelsen

254 646 11 35 1
293 646 219 36 Jämtlands
539 646 62 36 län
631 646 125 36 anfört
784 646 75 36 kan
887 646 63 36 det
978 651 94 31 även
1103 652 171 42 antagags,
1304 651 56 31 att
1388 646 153 46 fonden,
1567 659 60 23 om
1648 647 204 35 förhållan-

254 697 100 37 dena
381 701 21 33 å
430 698 384 36 trävarumarknaden
859 698 230 36 fortfarande
1132 700 119 34 under
1292 700 127 47 någon
1457 698 54 36 tid
1541 698 160 37 förbliva
1728 711 124 36 gynn-

254 762 156 35 samma,
452 750 75 35 kan
568 749 152 36 komma
761 755 55 30 att
855 754 76 31 rätt
967 750 206 48 väsentligt
1199 750 222 48 ytterligare
1450 750 110 47 stiga.
1617 750 73 36 Vid
1720 750 134 36 sådant

254 801 234 36 förhållande
516 801 106 36 torde
650 814 47 23 en
725 801 230 49 utbrytning
983 814 46 23 av
1055 801 225 48 ytterligare
1312 802 164 46 650,000
1506 801 140 36 kronor
1666 815 44 22 ur
1730 801 121 36 denna

253 852 91 36 fond
387 866 89 22 vara
504 858 53 30 ett
586 852 173 49 lämpligt
787 857 75 31 sätt
890 853 57 36 för
975 852 212 37 beredande
1215 866 47 22 av
1291 853 73 36 den
1395 852 205 48 behövliga
1628 852 120 37 ökade
1777 853 74 35 till-

251 906 155 46 gången
435 906 21 33 å
483 903 46 36 de
556 903 128 48 bägge
712 903 119 36 andra
859 903 132 36 länens
1020 904 235 57 lappfonder.

382 954 50 36 På
472 954 125 48 grund
640 954 115 36 härav
797 954 68 36 och
908 957 49 47 på
997 954 45 36 de
1071 955 82 35 skäl
1181 955 11 36 i
1222 955 140 47 övrigt,
1392 968 78 23 som
1501 956 143 35 anförts
1673 969 46 22 av
1749 956 99 35 såväl

251 1005 399 50 renbetesdelegerade
692 1019 82 23 som
809 1006 132 49 övriga
969 1005 12 36 1
1010 1006 156 36 ärendet
1192 1006 121 36 hörda
1340 1006 277 50 myndigheter,
1648 1019 111 24 anser
1781 1007 71 48 jag

251 1058 82 48 mig
374 1058 127 36 kunna
542 1057 144 37 biträda
727 1057 243 50 delegerades
1014 1058 291 48 framställning,
1347 1058 119 37 under
1495 1058 276 49 förutsättning
1798 1064 54 30 att

250 1110 139 36 avtalet
431 1109 83 37 med
544 1109 129 49 Norge
702 1109 12 36 1
742 1110 310 48 renbetesfrågan
1080 1109 72 36 blir
1179 1111 11 35 i
1219 1109 240 50 vederbörlig
1487 1110 165 49 ordning
1679 1110 173 49 godkänt

248 1162 70 35 och
364 1161 109 37 alltså
516 1161 171 36 kommer
733 1167 56 30 att
834 1161 107 37 träda
986 1162 12 35 1
1044 1161 256 50 tillämpning.
1367 1161 72 37 Det
1478 1167 159 44 uttagna
1675 1162 175 49 beloppet

252 1213 108 36 torde
401 1213 92 36 böra
532 1213 137 36 mellan
711 1212 46 37 de
794 1213 127 48 bägge
949 1213 276 49 lappfonderna
1254 1213 162 37 fördelas
1444 1217 49 45 på
1521 1194 76 56 sätt
1625 1213 225 50 delegerade

250 1264 208 63 föreslagit.
514 1257 110 43 Även
653 1264 11 36 i
695 1265 109 47 fråga
846 1278 61 22 om
949 1265 108 36 dessa
1098 1265 137 49 belopp
1278 1265 69 36 bör
1380 1265 165 48 givetvis
1571 1265 102 58 gälla
1701 1267 72 34 den
1803 1279 46 22 av

257 1317 95 34 1914
381 1318 61 34 års
470 1328 132 24 senare
629 1316 158 48 riksdag
815 1316 142 48 Kungl.
988 1316 107 49 Maj:t
1123 1316 159 49 tillagda
1310 1317 231 48 befogenhet
1569 1323 54 30 att
1656 1317 6 35 i
1691 1319 86 34 mån
1803 1330 43 23 av

249 1367 125 36 behov
402 1366 199 50 överflytta
629 1380 46 23 en
705 1367 59 36 del
795 1380 46 22 av
870 1345 71 58 den
970 1380 70 23 ena
1069 1345 160 59 fondens
1258 1346 283 71 kapitalbelopp
1562 1368 55 36 till
1637 1368 72 36 den
1730 1369 118 36 andra

250 1418 173 37 fonden.»

379 1487 123 37 Sedan
530 1487 205 48 riksdagen
764 1500 168 34 numera,
961 1488 86 36 med
1077 1488 105 36 bifall
1209 1488 57 36 till
1294 1489 143 48 Kungl.
1469 1488 124 49 Maj:ts
1612 1490 235 48 proposition

247 1552 45 23 nr
329 1541 86 46 201,
445 1539 59 36 för
531 1539 60 36 sin
620 1539 57 37 del
707 1539 172 48 godkänt
906 1540 247 36 förenämnda
1182 1540 85 36 med
1295 1540 130 48 Norge
1454 1541 197 36 avslutade
1678 1541 168 36 konven-

246 1591 78 36 tion
364 1591 161 37 rörande
558 1591 291 49 flyttlapparnas
877 1595 74 32 rätt
980 1592 56 36 till
1064 1592 240 49 revbetning,
1335 1592 56 36 får
1418 1592 189 37 utskottet
1635 1593 211 47 hemställa,

778 1666 54 31 att
872 1661 203 49 riksdagen
1111 1663 72 46 må,
1212 1661 84 37 med
1327 1661 105 37 bifall
1461 1662 55 36 till
1544 1662 142 48 Kungl.
1719 1662 127 50 Maj:ts

648 1712 247 37 förevarande
936 1712 250 50 proposition,
1228 1713 190 48 medgiva,
1462 1719 54 31 att
1550 1720 54 30 ett
1635 1714 135 50 belopp
1799 1728 46 22 av

650 1765 164 46 650,000
857 1764 140 37 kronor
1027 1767 71 43 må,
1130 1765 136 36 räknat
1292 1765 85 36 från
1405 1765 72 37 den
1510 1767 17 34 1
1552 1765 151 49 januari
1736 1768 108 43 1919,

647 1821 152 43 uttagas
846 1815 83 37 från
969 1816 258 49 jämtländska
1272 1816 325 50 renbetesfjällens
1634 1817 211 49 skogsfond

644 1873 97 31 samt
783 1867 114 37 därav
938 1867 85 37 från
1052 1881 145 23 samma
1224 1868 55 36 tid
1308 1869 135 48 läggas
1472 1869 56 35 till
1555 1869 290 37 Västerbottens

643 1919 181 49 lappfond
853 1920 165 47 260,000
1047 1919 138 37 kronor
1213 1920 68 37 och
1311 1920 56 36 till
1392 1920 250 38 Norrbottens
1663 1921 180 49 lappfond

644 1972 165 46 390,000
837 1971 149 37 kronor.

376 2029 219 38 Stockholm
625 2030 73 38 den
729 2033 21 34 6
780 2031 74 49 maj
888 2033 109 35 1919.

703 2100 52 36 På
778 2099 414 50 jordbruksutskottets
1220 2107 157 44 vägnar.

793 2168 166 39 RAOUL
1003 2168 280 38 HAMILTON.

445 2324 203 27 Närvarande
657 2334 6 14 :
682 2333 30 18 se
732 2323 146 28 utlåtande
896 2333 33 17 nr
948 2325 40 25 76.

1904 1492 133 24 Utskottet.
