2337 2770
724 209 256 41 Lag-Utskottets
1008 209 166 33 Utlåtande
1198 210 61 31 N:o
1284 210 53 30 27.
1750 209 38 31 19

228 292 78 47 dag,
348 302 82 25 vare
477 291 66 36 den
585 289 219 38 öfverlåtelse
844 289 172 48 gällande,
1058 302 73 24 som
1171 289 86 37 först
1291 289 138 37 skedde.
1483 289 156 50 Uppstår
1665 289 84 37 tvist
1776 301 56 25 om

227 343 190 37 företrädet
445 344 77 35 dem
551 343 160 47 emellan,
739 355 82 24 vare
848 343 59 48 lag
935 355 74 24 som
1036 343 11 35 1
1079 345 44 33 10
1152 343 19 47 $
1199 346 89 44 sägs.

982 499 43 35 13
1055 498 28 47 8.

358 600 112 48 Hvar,
498 613 73 24 som
599 600 53 37 till
680 600 130 37 Rätten
837 601 144 36 instämt
1007 600 148 37 klander
1182 600 21 35 å
1230 612 134 25 annans
1392 599 149 37 åtkomst
1569 599 51 36 till
1640 599 68 37 fast
1729 613 103 35 egen-

230 655 82 35 dom
342 653 83 37 eller
453 653 161 37 käromål
642 665 56 24 om
725 653 169 48 återgång
923 653 38 36 af
984 653 79 48 köp,
1091 654 80 47 byte
1200 653 85 36 eller
1313 652 114 48 gåfva,
1455 653 39 35 så
1521 652 64 36 ock
1614 664 55 24 om
1696 655 70 33 rätt
1780 653 54 35 till

229 707 99 36 lösen
355 706 39 35 af
417 705 298 48 frälseskattejord
744 705 86 36 eller
856 705 208 37 frälseränta
1091 705 83 36 eller
1203 717 55 24 om
1286 716 118 24 annan
1431 704 229 47 lösningsrätt
1687 705 53 36 till
1769 705 67 35 fast

230 758 179 48 egendom,
437 770 84 24 vare
549 758 140 48 skyldig
716 757 72 36 låta
816 758 114 36 denna
957 757 95 36 talan
1079 757 12 36 i
1118 756 360 49 lagfartsprotokollet
1499 757 209 46 antecknas;
1738 757 97 48 lyder

228 811 217 47 egendomen
473 810 109 36 under
608 810 84 36 flera
719 810 131 47 Rätter,
879 810 90 36 skall
997 810 213 46 anteckning
1237 814 101 43 göras
1366 808 59 36 vid
1453 809 88 36 hvar
1569 809 38 35 af
1631 809 87 36 dem.
1760 809 76 36 Har

228 863 110 37 sådan
367 863 214 47 anteckning
609 863 29 48 ej
669 863 103 44 skett,
807 863 44 36 då
879 861 192 37 käromålet
1099 862 53 36 till
1179 861 267 48 handläggning
1475 861 239 48 förekommer,
1743 861 93 48 gifve

227 916 68 35 den
336 914 94 48 Rätt,
472 915 49 36 dit
548 915 110 36 saken
685 919 38 31 är
750 915 161 47 instämd,
940 914 181 36 käranden
1149 914 105 47 nödig
1282 913 51 36 tid
1361 914 125 45 dertill,
1515 913 65 36 och
1607 913 94 37 hvile
1730 914 104 35 emel-

227 967 105 37 lertid
361 967 201 37 käromålet.
617 967 224 37 Försummas
870 967 115 36 denna
1013 967 60 44 tid,
1103 979 81 24 vare
1212 965 193 37 käromålet
1432 965 163 37 förfallet.

982 1121 45 35 14
1055 1120 29 47 8.

358 1225 109 36 Sökes
507 1225 129 48 lagfart
676 1225 21 35 å
737 1225 169 47 egendom
947 1236 131 24 samma
1118 1224 68 47 dag
1219 1223 108 37 sådan
1360 1222 212 49 anteckning
1605 1223 89 47 sker,
1723 1234 73 25 som
1824 1223 12 37 i

234 1280 42 34 13
306 1279 19 46 $
353 1281 87 44 sägs,
469 1277 86 36 eller
582 1277 131 48 efteråt,
742 1290 82 23 vare
852 1277 241 47 ansökningen
1120 1276 164 36 hvilande
1313 1275 54 36 till
1394 1276 78 35 dess
1500 1275 57 36 det
1574 1275 98 48 vises,
1687 1248 53 79 att
1754 1275 82 48 laga

228 1330 95 36 kraft
350 1330 134 47 egande
513 1330 80 36 dom
619 1302 112 79 finnes
759 1329 10 36 i
797 1330 67 36 den
891 1329 73 47 sak,
992 1328 147 37 hvarom
1167 1328 214 47 anteckning
1407 1327 116 36 blifvit
1550 1327 111 48 gjord.

983 1485 44 35 15
1057 1484 30 47 8.

360 1589 116 37 Slutes
518 1588 94 48 aftal,
653 1589 229 47 hvarigenom
923 1588 124 36 besvär
1089 1588 64 36 och
1195 1587 66 37 last
1292 1588 121 47 lägges
1442 1587 20 36 å
1489 1588 68 36 fast
1585 1587 168 48 egendom
1781 1586 55 37 till

229 1642 137 37 förmån
406 1642 53 35 för
500 1654 116 23 annan
644 1642 109 36 sådan
781 1641 179 47 egendom,
989 1641 112 35 såsom
1131 1640 179 47 angående
1338 1640 108 47 utsigt
1473 1640 85 36 eller
1585 1639 138 46 fenster,
1756 1643 79 43 väg,

230 1695 130 47 fädrift,
389 1694 234 47 vattenställe,
652 1696 136 33 vattens
816 1692 145 47 ledning
988 1692 83 36 eller
1098 1692 251 48 uppdämning,
1378 1692 66 35 ler-
1467 1692 84 35 eller
1567 1694 169 45 grustägt,
1752 1691 83 35 eller

230 1750 108 33 annat
379 1746 124 48 dylikt,
539 1746 107 35 varde
674 1746 59 35 det
760 1744 251 37 servitutsaftal
1038 1744 53 36 för
1118 1745 129 35 Rätten
1275 1744 140 48 uppvist
1442 1744 66 35 och
1534 1744 9 34 i
1573 1744 262 47 lagfartsproto-

230 1799 111 35 kollet
355 1799 145 46 intaget,
517 1798 39 35 så
570 1798 105 36 framt
689 1797 58 36 det
774 1796 89 36 skall
884 1796 94 47 gälla
1000 1800 71 32 mot
1099 1808 116 24 annan
1244 1808 103 35 egare
1374 1796 54 35 till
1455 1796 117 47 någon
1600 1795 38 35 af
1662 1796 41 34 de
1730 1807 105 35 egen-

231 1850 130 49 domar,
403 1849 120 37 aftalet
563 1854 107 43 rörer,
698 1853 45 32 än
771 1849 76 42 den,
883 1860 73 24 som
983 1848 191 36 detsamma
1201 1848 97 36 slutit
1325 1848 83 36 eller
1435 1848 74 35 lika
1536 1847 79 36 med
1642 1847 127 36 honom
1798 1850 38 32 är

230 1903 209 47 förbunden;
481 1902 66 36 och
586 1902 103 47 gälle,
730 1901 60 36 der
831 1900 389 48 servitutsupplåtarens
1261 1901 203 46 eganderätt
1492 1900 28 47 ej
1551 1903 122 43 genast
1701 1899 135 48 styrkes

231 1954 86 37 eller
357 1959 107 32 annat
508 1954 126 36 hinder
674 1957 110 33 möter
812 1955 72 33 mot
924 1952 137 36 aftalets
1089 1952 189 48 intagande
1305 1953 11 35 i
1343 1952 219 48 protokollet,
1591 1952 10 35 i
1629 1951 208 48 tillämpliga

232 2008 99 35 delar
358 2008 93 35 hvad
479 2007 11 35 i
520 2010 19 32 5
571 2006 65 36 och
667 2008 45 35 10
740 2006 39 47 $$
807 2006 12 35 i
846 2004 100 48 fråga
974 2017 55 23 om
1055 1982 129 70 lagfart
1211 2005 21 35 å
1259 2004 268 48 fastighetsfång
1555 2008 38 31 är
1622 2004 171 57 stadgadt.

360 2052 54 43 Är
453 2059 29 48 ej
517 2058 123 36 aftalet
667 2057 198 47 skriftligen
893 2057 204 48 upprättadt
1125 2057 65 36 och
1218 2056 38 36 af
1280 2057 134 35 vittnen
1443 2056 124 48 styrkt,
1595 2056 56 35 må
1679 2055 77 36 dess
1784 2055 51 36 in-

232 2112 151 48 tagande
410 2111 12 36 i
448 2110 211 49 protokollet
686 2110 77 36 icke
790 2108 203 49 medgifvas.

983 2265 42 34 16
1056 2264 28 47 8.

362 2368 78 37 Har
467 2369 78 47 den,
573 2380 74 25 som
674 2379 127 37 genom
829 2367 85 36 aftal
941 2366 45 49 på
1013 2369 69 33 sätt
1111 2366 11 36 i
1153 2369 45 34 15
1229 2367 24 46 &
1281 2369 92 45 sägs,
1396 2366 79 37 låtit
1501 2366 146 36 servitut
1673 2366 125 47 läggas
1818 2366 21 36 å
