2204 2636
391 216 37 31 14
601 219 105 29 Andra
733 219 197 29 Kammarens
957 219 173 37 Tillfälliga
1157 220 135 29 Utskotts
1314 218 72 38 (N:o
1409 218 36 38 2)
1473 219 163 30 Utlåtande
1659 220 55 28 N:o
1739 221 28 27 4.

390 295 126 35 svalna
545 295 56 35 för
640 295 340 47 upprätthållandet
1024 295 40 36 af
1100 297 105 34 dessa
1233 295 140 42 kassor,
1404 295 149 36 hvilkas
1583 299 132 32 största
1739 295 204 36 inkomster
1971 295 12 35 i

388 349 127 46 regeln
558 355 61 30 äro
656 350 43 34 de
742 349 157 47 afgifter,
934 361 76 23 som
1047 349 138 36 betalas
1218 349 57 35 för
1309 349 499 46 marketenterirättigheten,
1840 362 75 23 som
1940 349 43 48 ju

389 407 39 30 är
454 402 153 36 förenad
636 404 82 34 med
746 402 258 47 utskänkning
1033 402 40 35 af
1096 403 62 35 vin
1200 403 70 35 och
1299 403 258 47 maltdrycker.

547 456 196 36 Huruvida
786 457 100 34 detta
928 457 73 34 mål
1043 459 46 44 på
1132 457 60 35 det
1225 456 41 35 af
1292 456 270 36 motionärerna
1591 456 150 47 angifna
1771 459 110 32 sättet
1909 456 75 35 kan

389 509 141 45 vinnas,
563 523 108 35 synes
701 510 126 43 ovisst,
845 510 77 43 och,
938 510 110 35 äfven
1064 523 56 22 om
1138 512 38 33 så
1192 522 98 32 vore,
1308 511 101 34 torde
1426 511 62 34 det
1507 511 62 34 väl
1589 510 31 48 ej
1643 522 87 23 vara
1749 510 157 43 rättvist,
1930 513 53 32 att

388 563 333 47 truppförbandens
751 564 124 35 chefer
902 563 120 35 skulle
1050 564 56 35 för
1134 564 227 35 ändamålets
1392 563 186 36 vinnande
1606 563 169 36 beröfvas
1795 563 190 36 förmånen

388 620 53 32 att
481 620 47 44 på
571 620 112 44 något
723 617 111 36 friare
876 621 72 32 sätt
989 617 195 47 disponera
1227 617 102 36 öfver
1367 618 137 34 sådana
1533 617 57 36 till
1623 617 281 47 lägerkassorna
1932 617 52 35 in-

388 671 142 46 gående
560 675 132 43 poster,
724 683 78 24 som
832 670 30 48 ej
893 671 158 48 härfiyta
1080 671 80 35 från
1189 671 412 35 marketenterirörelse.

547 725 118 46 Fråga
692 725 69 35 har
790 724 120 36 derför
936 724 101 36 inom
1066 725 181 35 utskottet
1276 727 176 44 uppstått,
1484 737 57 23 om
1572 724 32 48 ej
1636 725 62 35 det
1728 736 85 24 vore
1842 724 143 48 möjligt

389 781 52 33 att
468 780 46 45 gå
545 790 46 23 en
616 779 193 46 medelväg
838 778 68 35 och
930 777 56 36 til
1015 778 223 36 statsverket
1265 778 157 46 indraga
1451 779 132 34 endast
1612 779 82 34 dem
1724 778 40 35 af
1784 790 51 23 nu
1853 778 130 47 ifråga-

388 832 117 35 stälda
535 832 146 36 kassors
709 832 215 44 inkomster,
956 844 77 23 som
1062 832 157 47 härflyta
1248 832 82 35 från
1354 832 436 35 marketenterirörelsen.

546 886 189 36 Utskottet
779 898 107 23 anser
928 886 106 43 dock,
1080 889 53 32 att
1174 898 45 23 en
1263 887 115 34 sådan
1411 885 154 47 delning
1594 886 39 35 af
1657 885 179 35 kassorna
1865 885 119 35 skulle

386 939 178 35 innebära
606 952 45 23 en
693 938 282 49 godtycklighet
1017 939 69 35 och
1127 939 30 47 ej
1184 940 85 34 leda
1298 939 55 36 till
1377 939 222 46 förenkling,
1631 942 89 32 utan
1751 951 148 23 snarare
1928 939 57 35 till

386 992 216 47 inveckling
630 993 39 35 af
692 993 337 47 truppförbandens
1063 993 240 35 ekonomiska
1336 992 237 47 förvaltning,
1604 992 204 48 hvarjemte
1837 993 149 47 mycket

387 1046 98 47 godt,
504 1059 77 23 som
610 1059 51 22 nu
676 1050 158 32 uträttas
854 1049 46 44 på
920 1046 192 35 chefernas
1136 1046 211 46 personliga
1366 1045 174 45 initiativ,
1563 1046 118 35 skulle
1697 1046 115 35 blifva
1829 1046 154 47 ogjordt,

388 1112 54 23 om
474 1101 62 35 det
566 1100 118 36 skulle
713 1100 177 36 behöfvas
918 1100 110 46 långa
1059 1099 211 36 skrifverier
1303 1099 55 35 för
1386 1103 53 32 att
1466 1099 158 36 utverka
1652 1099 168 36 tillstånd
1849 1100 132 35 dertill.

545 1155 18 34 I
606 1155 70 34 alla
717 1154 198 35 händelser
954 1155 106 34 torde
1103 1154 61 34 det
1207 1166 87 23 vara
1337 1153 78 35 skäl
1450 1156 54 32 att
1532 1153 202 48 uppskjuta
1764 1153 136 46 förslag
1927 1153 57 36 till

388 1208 171 46 åtgärder
589 1208 39 35 af
652 1208 72 35 den
752 1207 267 45 beskaffenhet,
1051 1219 75 23 som
1156 1207 270 35 motionärerna
1455 1207 131 47 åsyfta,
1608 1207 57 35 till
1685 1208 84 34 dess
1790 1219 46 22 en
1855 1207 129 47 ifråga-

388 1265 70 31 satt
498 1261 198 35 förändrad
738 1261 235 47 lagstiftning
1017 1261 190 46 angående
1236 1260 218 48 försäljning
1484 1260 40 35 af
1547 1260 64 36 vin
1640 1261 68 35 och
1738 1261 247 47 maltdrycker

387 1327 44 23 m.
462 1327 45 23 m.
540 1314 86 45 kan,
657 1316 114 34 sedan
801 1316 71 34 den
899 1314 13 35 i
944 1315 102 35 detta
1075 1314 93 48 syfte
1197 1314 155 36 tillsatta
1381 1314 164 35 komitén
1583 1314 111 36 slutat
1719 1314 81 36 sina
1821 1314 160 44 arbeten,

386 1368 147 36 komma
561 1369 118 35 under
707 1368 244 47 ompröfning.

545 1423 52 35 På
625 1423 121 46 grund
776 1422 40 35 af
840 1423 96 34 hvad
965 1422 156 35 sålunda
1150 1421 150 44 anförts,
1331 1421 54 35 får
1413 1421 181 36 utskottet
1621 1421 206 44 hemställa,

917 1532 53 33 att
1011 1530 126 34 herrar
1177 1529 229 36 Johanssons
1444 1529 69 35 och
1547 1529 229 47 Bengtssons
1807 1529 178 36 motioner

811 1583 82 36 icke
935 1585 114 33 måtte
1092 1583 55 35 till
1174 1585 124 44 någon
1327 1583 129 35 Andra
1484 1583 245 35 Kammarens
1759 1583 129 46 åtgärd
1916 1582 67 36 för-

813 1637 142 44 anleda,
987 1640 95 32 samt

920 1693 53 33 att
1014 1690 85 35 herr
1142 1689 224 48 Söderbergs
1408 1689 140 36 motion
1591 1689 31 48 ej
1661 1690 117 35 heller
1806 1692 112 34 måtte
1948 1690 41 35 af

814 1744 214 36 kammaren
1057 1743 196 44 bifallas.»,;

545 1849 40 35 af
605 1849 82 35 herr
716 1850 229 44 Magnusson.

543 2051 105 39 Herr
670 2054 94 44 Elof
800 2054 142 36 Nilsson
984 2053 67 35 har
1092 2053 129 46 begärt
1254 2057 54 32 att
1336 2054 66 35 här
1428 2053 36 35 få
1494 2054 238 44 antecknadt,
1765 2056 54 32 att
1846 2053 73 35 han
1949 2053 31 48 ej

387 2107 154 47 deltagit
568 2107 13 36 i
611 2108 169 36 ärendets
810 2107 149 47 slutliga
987 2106 228 48 behandling
1244 2107 99 36 inom
1373 2107 191 36 utskottet.
