2202 2654
659 231 243 41 Lagutskottets
935 231 177 33 Utlåtande
1139 231 65 31 N:o
1234 232 55 30 32.
1702 227 21 32 5

177 315 208 37 anbefalles
421 315 12 36 i
462 314 295 49 konkurslagen.
814 313 56 36 Då
897 312 240 49 Riksdagens
1156 311 249 37 förenämnda
1424 309 202 37 skrifvelse
1647 308 41 36 af
1703 308 75 36 den

179 371 21 34 3
230 367 73 49 maj
337 369 95 35 1895
462 367 204 48 föredrogs
695 366 11 35 i
736 365 204 37 statsrådet
968 365 74 36 den
1073 367 46 34 29
1150 364 70 49 maj
1257 365 108 44 1896,
1395 361 159 37 anförde
1583 360 194 48 nemligen

177 419 279 49 föredragande
485 418 435 50 departementschefen,
950 422 55 31 att
1032 417 86 46 han,
1148 429 81 23 som
1257 416 92 36 fann
1375 415 59 47 sig
1452 414 84 36 icke
1557 413 125 36 kunna
1700 412 78 36 för-

180 472 91 37 orda
300 472 74 36 den
401 471 40 37 af
466 470 218 47 Riksdagen
713 469 170 49 begärda
911 469 265 48 utredningen,
1217 470 121 46 ansåg
1368 466 240 47 Riksdagens
1663 464 115 36 fram-

180 524 183 49 ställning
404 523 136 37 endast
580 522 92 36 böra
714 521 195 37 föranleda
950 521 138 46 dertill,
1122 526 65 40 att,
1218 524 66 31 när
1313 519 144 47 förslag
1484 517 58 37 till
1570 530 74 36 nya
1671 516 108 48 lagar

180 576 91 36 eller
298 575 271 48 författningar
596 573 92 37 eller
715 573 57 36 till
804 573 162 47 ändring
997 572 11 35 i
1043 572 102 37 äldre
1181 572 141 36 sådana
1349 570 40 37 af
1419 568 126 38 annan
1573 568 207 48 anledning

179 628 259 49 upprättades,
480 627 47 36 de
564 626 42 37 af
643 625 220 48 Riksdagen
903 624 226 38 framhållna
1171 622 328 48 omständigheter
1539 621 12 36 i
1588 620 191 36 förekom-

181 680 136 36 mande
345 679 66 37 fall
438 684 111 44 toges
578 678 12 36 i
607 677 272 37 betraktande.

284 783 131 38 Under
444 783 140 36 sådana
610 780 263 38 förhållanden
902 779 221 37 hemställer
1149 778 200 47 utskottet,

737 889 55 31 att
828 883 249 38 förevarande
1115 882 141 37 motion
1293 882 83 36 icke
1404 883 61 34 må
1492 880 43 37 af
1560 878 220 49 Riksdagen

633 936 163 37 bifallas.

289 1041 220 38 Stockholm
538 1040 72 37 den
643 1042 17 34 1
691 1052 101 24 mars
826 1040 109 35 1898.

713 1143 53 36 På
794 1142 271 49 lagutskottets
1093 1145 160 43 vägnar:

711 1245 132 38 CARL
873 1245 40 36 B.
943 1241 313 39 HASSELROT.

866 1566 238 33 Reservation

293 1672 41 36 af
366 1671 87 36 herr
491 1671 166 47 Husberg
684 1669 12 35 i
725 1667 180 37 afseende
933 1669 21 33 å
981 1666 103 36 vissa
1112 1665 104 36 delar
1244 1664 42 36 af
1310 1663 206 36 utskottets
1545 1659 239 48 motivering.

294 1850 98 36 Herr
433 1849 185 36 Rudebeck
659 1848 68 35 har
768 1847 134 48 begärt
942 1846 37 35 få
1021 1843 243 47 antecknadt,
1294 1848 54 31 att
1374 1842 75 36 han
1476 1841 84 37 icke
1589 1838 159 49 deltagit
1775 1838 12 36 i

191 1903 176 37 ärendets
396 1900 233 48 behandling
656 1899 103 37 inom
787 1898 197 36 utskottet.
