<?xml version="1.0" encoding="UTF-8"?>
<alto xmlns="http://www.loc.gov/standards/alto/ns-v3#" xmlns:xlink="http://www.w3.org/1999/xlink" xmlns:xsi="http://www.w3.org/2001/XMLSchema-instance" xsi:schemaLocation="http://www.loc.gov/standards/alto/ns-v3# http://www.loc.gov/alto/v3/alto-3-0.xsd">
	<Description>
		<MeasurementUnit>pixel</MeasurementUnit>
		<sourceImageInformation>
			<fileName>/tmp/tess_lrpl6_l9_input.PNG</fileName>
		</sourceImageInformation>
		<OCRProcessing ID="OCR_0">
			<ocrProcessingStep>
				<processingSoftware>
					<softwareName>tesseract 5.3.0</softwareName>
				</processingSoftware>
			</ocrProcessingStep>
		</OCRProcessing>
	</Description>
	<Layout>
		<Page WIDTH="1838" HEIGHT="2766" PHYSICAL_IMG_NR="0" ID="page_0">
			<PrintSpace HPOS="0" VPOS="0" WIDTH="1838" HEIGHT="2766">
				<ComposedBlock ID="cblock_0" HPOS="253" VPOS="141" WIDTH="1271" HEIGHT="50">
					<TextBlock ID="block_0" HPOS="253" VPOS="141" WIDTH="1271" HEIGHT="50">
						<TextLine ID="line_0" HPOS="253" VPOS="141" WIDTH="1271" HEIGHT="50">
							<String ID="string_0" HPOS="253" VPOS="141" WIDTH="21" HEIGHT="29" WC="0.97" CONTENT="4"/><SP WIDTH="190" VPOS="141" HPOS="274"/>
							<String ID="string_1" HPOS="464" VPOS="145" WIDTH="185" HEIGHT="33" WC="0.93" CONTENT="Allmänna"/><SP WIDTH="17" VPOS="145" HPOS="649"/>
							<String ID="string_2" HPOS="666" VPOS="148" WIDTH="398" HEIGHT="41" WC="0.91" CONTENT="beredningsutskottets"/><SP WIDTH="16" VPOS="148" HPOS="1064"/>
							<String ID="string_3" HPOS="1080" VPOS="155" WIDTH="177" HEIGHT="31" WC="0.96" CONTENT="utlåtande"/><SP WIDTH="15" VPOS="155" HPOS="1257"/>
							<String ID="string_4" HPOS="1272" VPOS="167" WIDTH="43" HEIGHT="20" WC="0.96" CONTENT="nr"/><SP WIDTH="16" VPOS="167" HPOS="1315"/>
							<String ID="string_5" HPOS="1331" VPOS="159" WIDTH="37" HEIGHT="29" WC="0.96" CONTENT="11"/><SP WIDTH="16" VPOS="159" HPOS="1368"/>
							<String ID="string_6" HPOS="1384" VPOS="160" WIDTH="40" HEIGHT="29" WC="0.96" CONTENT="år"/><SP WIDTH="17" VPOS="160" HPOS="1424"/>
							<String ID="string_7" HPOS="1441" VPOS="161" WIDTH="83" HEIGHT="30" WC="0.95" CONTENT="1964"/>
						</TextLine>
					</TextBlock>
				</ComposedBlock>
				<ComposedBlock ID="cblock_1" HPOS="918" VPOS="452" WIDTH="140" HEIGHT="43">
					<TextBlock ID="block_1" HPOS="918" VPOS="452" WIDTH="140" HEIGHT="43">
						<TextLine ID="line_1" HPOS="918" VPOS="452" WIDTH="140" HEIGHT="43">
							<String ID="string_8" HPOS="918" VPOS="452" WIDTH="66" HEIGHT="41" WC="0.96" CONTENT="Nr"/><SP WIDTH="22" VPOS="452" HPOS="984"/>
							<String ID="string_9" HPOS="1006" VPOS="454" WIDTH="52" HEIGHT="41" WC="0.96" CONTENT="11"/>
						</TextLine>
					</TextBlock>
				</ComposedBlock>
				<ComposedBlock ID="cblock_2" HPOS="448" VPOS="554" WIDTH="1284" HEIGHT="97">
					<TextBlock ID="block_2" HPOS="448" VPOS="554" WIDTH="1284" HEIGHT="97">
						<TextLine ID="line_2" HPOS="448" VPOS="554" WIDTH="1284" HEIGHT="57">
							<String ID="string_10" HPOS="448" VPOS="554" WIDTH="183" HEIGHT="33" WC="0.96" CONTENT="Utlåtande"/><SP WIDTH="26" VPOS="554" HPOS="631"/>
							<String ID="string_11" HPOS="657" VPOS="558" WIDTH="11" HEIGHT="29" WC="0.96" CONTENT="i"/><SP WIDTH="23" VPOS="558" HPOS="668"/>
							<String ID="string_12" HPOS="691" VPOS="559" WIDTH="188" HEIGHT="42" WC="0.96" CONTENT="anledning"/><SP WIDTH="23" VPOS="559" HPOS="879"/>
							<String ID="string_13" HPOS="902" VPOS="572" WIDTH="43" HEIGHT="20" WC="0.96" CONTENT="av"/><SP WIDTH="24" VPOS="572" HPOS="945"/>
							<String ID="string_14" HPOS="969" VPOS="564" WIDTH="103" HEIGHT="30" WC="0.96" CONTENT="väckt"/><SP WIDTH="22" VPOS="564" HPOS="1072"/>
							<String ID="string_15" HPOS="1094" VPOS="567" WIDTH="133" HEIGHT="30" WC="0.96" CONTENT="motion"/><SP WIDTH="24" VPOS="567" HPOS="1227"/>
							<String ID="string_16" HPOS="1251" VPOS="569" WIDTH="178" HEIGHT="39" WC="0.96" CONTENT="angående"/><SP WIDTH="25" VPOS="569" HPOS="1429"/>
							<String ID="string_17" HPOS="1454" VPOS="573" WIDTH="243" HEIGHT="38" WC="0.96" CONTENT="språkstudier"/><SP WIDTH="23" VPOS="573" HPOS="1697"/>
							<String ID="string_18" HPOS="1720" VPOS="576" WIDTH="12" HEIGHT="29" WC="0.96" CONTENT="i"/>
						</TextLine>
						<TextLine ID="line_3" HPOS="644" VPOS="612" WIDTH="627" HEIGHT="39">
							<String ID="string_19" HPOS="644" VPOS="612" WIDTH="172" HEIGHT="31" WC="0.96" CONTENT="samband"/><SP WIDTH="13" VPOS="612" HPOS="816"/>
							<String ID="string_20" HPOS="829" VPOS="615" WIDTH="82" HEIGHT="30" WC="0.96" CONTENT="med"/><SP WIDTH="15" VPOS="615" HPOS="911"/>
							<String ID="string_21" HPOS="926" VPOS="617" WIDTH="117" HEIGHT="30" WC="0.96" CONTENT="arbete"/><SP WIDTH="19" VPOS="617" HPOS="1043"/>
							<String ID="string_22" HPOS="1062" VPOS="619" WIDTH="209" HEIGHT="32" WC="0.96" CONTENT="utomlands."/>
						</TextLine>
					</TextBlock>
				</ComposedBlock>
				<ComposedBlock ID="cblock_3" HPOS="232" VPOS="710" WIDTH="1497" HEIGHT="897">
					<TextBlock ID="block_3" HPOS="242" VPOS="710" WIDTH="1487" HEIGHT="275">
						<TextLine ID="line_4" HPOS="290" VPOS="710" WIDTH="1439" HEIGHT="67">
							<String ID="string_23" HPOS="290" VPOS="710" WIDTH="14" HEIGHT="30" WC="0.95" CONTENT="I"/><SP WIDTH="21" VPOS="710" HPOS="304"/>
							<String ID="string_24" HPOS="325" VPOS="719" WIDTH="44" HEIGHT="22" WC="0.96" CONTENT="en"/><SP WIDTH="21" VPOS="719" HPOS="369"/>
							<String ID="string_25" HPOS="390" VPOS="711" WIDTH="97" HEIGHT="33" WC="0.96" CONTENT="inom"/><SP WIDTH="21" VPOS="711" HPOS="487"/>
							<String ID="string_26" HPOS="508" VPOS="715" WIDTH="109" HEIGHT="31" WC="0.96" CONTENT="andra"/><SP WIDTH="21" VPOS="715" HPOS="617"/>
							<String ID="string_27" HPOS="638" VPOS="717" WIDTH="206" HEIGHT="34" WC="0.96" CONTENT="kammaren"/><SP WIDTH="20" VPOS="717" HPOS="844"/>
							<String ID="string_28" HPOS="864" VPOS="723" WIDTH="105" HEIGHT="30" WC="0.96" CONTENT="väckt"/><SP WIDTH="21" VPOS="723" HPOS="969"/>
							<String ID="string_29" HPOS="990" VPOS="725" WIDTH="64" HEIGHT="29" WC="0.96" CONTENT="och"/><SP WIDTH="21" VPOS="725" HPOS="1054"/>
							<String ID="string_30" HPOS="1075" VPOS="726" WIDTH="52" HEIGHT="30" WC="0.96" CONTENT="till"/><SP WIDTH="22" VPOS="726" HPOS="1127"/>
							<String ID="string_31" HPOS="1149" VPOS="727" WIDTH="178" HEIGHT="32" WC="0.95" CONTENT="allmänna"/><SP WIDTH="20" VPOS="727" HPOS="1327"/>
							<String ID="string_32" HPOS="1347" VPOS="726" WIDTH="382" HEIGHT="51" WC="0.92" CONTENT="beredningsutskottet"/>
						</TextLine>
						<TextLine ID="line_5" HPOS="245" VPOS="761" WIDTH="1484" HEIGHT="60">
							<String ID="string_33" HPOS="245" VPOS="761" WIDTH="171" HEIGHT="35" WC="0.96" CONTENT="hänvisad"/><SP WIDTH="20" VPOS="761" HPOS="416"/>
							<String ID="string_34" HPOS="436" VPOS="767" WIDTH="142" HEIGHT="36" WC="0.96" CONTENT="motion,"/><SP WIDTH="20" VPOS="767" HPOS="578"/>
							<String ID="string_35" HPOS="598" VPOS="769" WIDTH="46" HEIGHT="31" WC="0.96" CONTENT="II:"/><SP WIDTH="16" VPOS="769" HPOS="644"/>
							<String ID="string_36" HPOS="660" VPOS="770" WIDTH="75" HEIGHT="36" WC="0.96" CONTENT="418,"/><SP WIDTH="18" VPOS="770" HPOS="735"/>
							<String ID="string_37" HPOS="753" VPOS="782" WIDTH="44" HEIGHT="21" WC="0.96" CONTENT="av"/><SP WIDTH="16" VPOS="782" HPOS="797"/>
							<String ID="string_38" HPOS="813" VPOS="774" WIDTH="81" HEIGHT="31" WC="0.96" CONTENT="herr"/><SP WIDTH="18" VPOS="774" HPOS="894"/>
							<String ID="string_39" HPOS="912" VPOS="776" WIDTH="96" HEIGHT="31" WC="0.96" CONTENT="Rask"/><SP WIDTH="18" VPOS="776" HPOS="1008"/>
							<String ID="string_40" HPOS="1026" VPOS="778" WIDTH="65" HEIGHT="30" WC="0.96" CONTENT="och"/><SP WIDTH="20" VPOS="778" HPOS="1091"/>
							<String ID="string_41" HPOS="1111" VPOS="779" WIDTH="57" HEIGHT="31" WC="0.96" CONTENT="fru"/><SP WIDTH="18" VPOS="779" HPOS="1168"/>
							<String ID="string_42" HPOS="1186" VPOS="781" WIDTH="134" HEIGHT="31" WC="0.93" CONTENT="Ekroth"/><SP WIDTH="20" VPOS="781" HPOS="1320"/>
							<String ID="string_43" HPOS="1340" VPOS="783" WIDTH="212" HEIGHT="38" WC="0.92" CONTENT="hemställes,"/><SP WIDTH="19" VPOS="783" HPOS="1552"/>
							<String ID="string_44" HPOS="1571" VPOS="788" WIDTH="51" HEIGHT="29" WC="0.93" CONTENT="att"/><SP WIDTH="18" VPOS="788" HPOS="1622"/>
							<String ID="string_45" HPOS="1640" VPOS="788" WIDTH="89" HEIGHT="31" WC="0.92" CONTENT="riks-"/>
						</TextLine>
						<TextLine ID="line_6" HPOS="243" VPOS="815" WIDTH="1484" HEIGHT="63">
							<String ID="string_46" HPOS="243" VPOS="815" WIDTH="112" HEIGHT="40" WC="0.96" CONTENT="dagen"/><SP WIDTH="19" VPOS="815" HPOS="355"/>
							<String ID="string_47" HPOS="374" VPOS="819" WIDTH="12" HEIGHT="30" WC="0.96" CONTENT="i"/><SP WIDTH="21" VPOS="819" HPOS="386"/>
							<String ID="string_48" HPOS="407" VPOS="819" WIDTH="165" HEIGHT="33" WC="0.96" CONTENT="skrivelse"/><SP WIDTH="20" VPOS="819" HPOS="572"/>
							<String ID="string_49" HPOS="592" VPOS="823" WIDTH="52" HEIGHT="30" WC="0.96" CONTENT="till"/><SP WIDTH="21" VPOS="823" HPOS="644"/>
							<String ID="string_50" HPOS="665" VPOS="824" WIDTH="125" HEIGHT="41" WC="0.95" CONTENT="Kungl."/><SP WIDTH="21" VPOS="824" HPOS="790"/>
							<String ID="string_51" HPOS="811" VPOS="827" WIDTH="106" HEIGHT="40" WC="0.96" CONTENT="Maj:t"/><SP WIDTH="19" VPOS="827" HPOS="917"/>
							<String ID="string_52" HPOS="936" VPOS="830" WIDTH="108" HEIGHT="31" WC="0.96" CONTENT="måtte"/><SP WIDTH="18" VPOS="830" HPOS="1044"/>
							<String ID="string_53" HPOS="1062" VPOS="833" WIDTH="142" HEIGHT="31" WC="0.96" CONTENT="anhålla"/><SP WIDTH="19" VPOS="833" HPOS="1204"/>
							<String ID="string_54" HPOS="1223" VPOS="844" WIDTH="57" HEIGHT="21" WC="0.96" CONTENT="om"/><SP WIDTH="20" VPOS="844" HPOS="1280"/>
							<String ID="string_55" HPOS="1300" VPOS="837" WIDTH="187" HEIGHT="41" WC="0.96" CONTENT="utredning"/><SP WIDTH="18" VPOS="837" HPOS="1487"/>
							<String ID="string_56" HPOS="1505" VPOS="839" WIDTH="222" HEIGHT="33" WC="0.96" CONTENT="beträffande"/>
						</TextLine>
						<TextLine ID="line_7" HPOS="244" VPOS="868" WIDTH="1484" HEIGHT="57">
							<String ID="string_57" HPOS="244" VPOS="868" WIDTH="164" HEIGHT="41" WC="0.93" CONTENT="åtgärder"/><SP WIDTH="12" VPOS="868" HPOS="408"/>
							<String ID="string_58" HPOS="420" VPOS="890" WIDTH="45" HEIGHT="5" WC="0.91" CONTENT="—"/><SP WIDTH="15" VPOS="890" HPOS="465"/>
							<String ID="string_59" HPOS="480" VPOS="876" WIDTH="187" HEIGHT="32" WC="0.95" CONTENT="eventuellt"/><SP WIDTH="21" VPOS="876" HPOS="667"/>
							<String ID="string_60" HPOS="688" VPOS="878" WIDTH="5" HEIGHT="30" WC="0.96" CONTENT="i"/><SP WIDTH="17" VPOS="878" HPOS="693"/>
							<String ID="string_61" HPOS="710" VPOS="880" WIDTH="139" HEIGHT="31" WC="0.96" CONTENT="samråd"/><SP WIDTH="15" VPOS="880" HPOS="849"/>
							<String ID="string_62" HPOS="864" VPOS="882" WIDTH="82" HEIGHT="30" WC="0.96" CONTENT="med"/><SP WIDTH="15" VPOS="882" HPOS="946"/>
							<String ID="string_63" HPOS="961" VPOS="885" WIDTH="112" HEIGHT="30" WC="0.96" CONTENT="andra"/><SP WIDTH="14" VPOS="885" HPOS="1073"/>
							<String ID="string_64" HPOS="1087" VPOS="885" WIDTH="122" HEIGHT="32" WC="0.93" CONTENT="länder"/><SP WIDTH="13" VPOS="885" HPOS="1209"/>
							<String ID="string_65" HPOS="1222" VPOS="905" WIDTH="45" HEIGHT="5" WC="0.91" CONTENT="—"/><SP WIDTH="15" VPOS="905" HPOS="1267"/>
							<String ID="string_66" HPOS="1282" VPOS="889" WIDTH="56" HEIGHT="31" WC="0.96" CONTENT="för"/><SP WIDTH="13" VPOS="889" HPOS="1338"/>
							<String ID="string_67" HPOS="1351" VPOS="892" WIDTH="53" HEIGHT="28" WC="0.96" CONTENT="att"/><SP WIDTH="15" VPOS="892" HPOS="1404"/>
							<String ID="string_68" HPOS="1419" VPOS="891" WIDTH="12" HEIGHT="30" WC="0.96" CONTENT="i"/><SP WIDTH="15" VPOS="891" HPOS="1431"/>
							<String ID="string_69" HPOS="1446" VPOS="891" WIDTH="92" HEIGHT="31" WC="0.92" CONTENT="ökad"/><SP WIDTH="16" VPOS="891" HPOS="1538"/>
							<String ID="string_70" HPOS="1554" VPOS="895" WIDTH="174" HEIGHT="30" WC="0.91" CONTENT="utsträck-"/>
						</TextLine>
						<TextLine ID="line_8" HPOS="242" VPOS="921" WIDTH="1346" HEIGHT="64">
							<String ID="string_71" HPOS="242" VPOS="921" WIDTH="85" HEIGHT="42" WC="0.95" CONTENT="ning"/><SP WIDTH="14" VPOS="921" HPOS="327"/>
							<String ID="string_72" HPOS="341" VPOS="924" WIDTH="93" HEIGHT="32" WC="0.96" CONTENT="bistå"/><SP WIDTH="17" VPOS="924" HPOS="434"/>
							<String ID="string_73" HPOS="451" VPOS="928" WIDTH="165" HEIGHT="31" WC="0.96" CONTENT="svenskar"/><SP WIDTH="16" VPOS="928" HPOS="616"/>
							<String ID="string_74" HPOS="632" VPOS="939" WIDTH="77" HEIGHT="22" WC="0.96" CONTENT="som"/><SP WIDTH="17" VPOS="939" HPOS="709"/>
							<String ID="string_75" HPOS="726" VPOS="933" WIDTH="102" HEIGHT="31" WC="0.96" CONTENT="söker"/><SP WIDTH="13" VPOS="933" HPOS="828"/>
							<String ID="string_76" HPOS="841" VPOS="935" WIDTH="118" HEIGHT="31" WC="0.96" CONTENT="arbete"/><SP WIDTH="16" VPOS="935" HPOS="959"/>
							<String ID="string_77" HPOS="975" VPOS="937" WIDTH="10" HEIGHT="29" WC="0.96" CONTENT="i"/><SP WIDTH="16" VPOS="937" HPOS="985"/>
							<String ID="string_78" HPOS="1001" VPOS="937" WIDTH="158" HEIGHT="32" WC="0.96" CONTENT="utlandet"/><SP WIDTH="16" VPOS="937" HPOS="1159"/>
							<String ID="string_79" HPOS="1175" VPOS="940" WIDTH="56" HEIGHT="30" WC="0.95" CONTENT="för"/><SP WIDTH="14" VPOS="940" HPOS="1231"/>
							<String ID="string_80" HPOS="1245" VPOS="943" WIDTH="52" HEIGHT="30" WC="0.96" CONTENT="att"/><SP WIDTH="16" VPOS="943" HPOS="1297"/>
							<String ID="string_81" HPOS="1313" VPOS="943" WIDTH="142" HEIGHT="31" WC="0.96" CONTENT="studera"/><SP WIDTH="16" VPOS="943" HPOS="1455"/>
							<String ID="string_82" HPOS="1471" VPOS="946" WIDTH="117" HEIGHT="39" WC="0.96" CONTENT="språk."/>
						</TextLine>
					</TextBlock>
					<TextBlock ID="block_4" HPOS="236" VPOS="976" WIDTH="1489" HEIGHT="383">
						<TextLine ID="line_9" HPOS="286" VPOS="976" WIDTH="1439" HEIGHT="55">
							<String ID="string_83" HPOS="286" VPOS="976" WIDTH="13" HEIGHT="29" WC="0.96" CONTENT="I"/><SP WIDTH="28" VPOS="976" HPOS="299"/>
							<String ID="string_84" HPOS="327" VPOS="978" WIDTH="180" HEIGHT="32" WC="0.93" CONTENT="motionen"/><SP WIDTH="27" VPOS="978" HPOS="507"/>
							<String ID="string_85" HPOS="534" VPOS="980" WIDTH="214" HEIGHT="39" WC="0.24" CONTENT="framhålles,"/><SP WIDTH="27" VPOS="980" HPOS="748"/>
							<String ID="string_86" HPOS="775" VPOS="988" WIDTH="50" HEIGHT="28" WC="0.96" CONTENT="att"/><SP WIDTH="27" VPOS="988" HPOS="825"/>
							<String ID="string_87" HPOS="852" VPOS="987" WIDTH="62" HEIGHT="31" WC="0.95" CONTENT="allt"/><SP WIDTH="28" VPOS="987" HPOS="914"/>
							<String ID="string_88" HPOS="942" VPOS="988" WIDTH="67" HEIGHT="31" WC="0.96" CONTENT="fler"/><SP WIDTH="28" VPOS="988" HPOS="1009"/>
							<String ID="string_89" HPOS="1037" VPOS="992" WIDTH="148" HEIGHT="31" WC="0.96" CONTENT="svenska"/><SP WIDTH="27" VPOS="992" HPOS="1185"/>
							<String ID="string_90" HPOS="1212" VPOS="994" WIDTH="128" HEIGHT="31" WC="0.96" CONTENT="flickor"/><SP WIDTH="24" VPOS="994" HPOS="1340"/>
							<String ID="string_91" HPOS="1364" VPOS="998" WIDTH="56" HEIGHT="28" WC="0.96" CONTENT="tar"/><SP WIDTH="26" VPOS="998" HPOS="1420"/>
							<String ID="string_92" HPOS="1446" VPOS="997" WIDTH="279" HEIGHT="34" WC="0.96" CONTENT="hushållsarbete"/>
						</TextLine>
						<TextLine ID="line_10" HPOS="240" VPOS="1029" WIDTH="1485" HEIGHT="61">
							<String ID="string_93" HPOS="240" VPOS="1029" WIDTH="213" HEIGHT="38" WC="0.96" CONTENT="utomlands,"/><SP WIDTH="23" VPOS="1029" HPOS="453"/>
							<String ID="string_94" HPOS="476" VPOS="1034" WIDTH="140" HEIGHT="32" WC="0.96" CONTENT="särskilt"/><SP WIDTH="20" VPOS="1034" HPOS="616"/>
							<String ID="string_95" HPOS="636" VPOS="1036" WIDTH="13" HEIGHT="31" WC="0.96" CONTENT="i"/><SP WIDTH="21" VPOS="1036" HPOS="649"/>
							<String ID="string_96" HPOS="670" VPOS="1036" WIDTH="169" HEIGHT="41" WC="0.96" CONTENT="England,"/><SP WIDTH="21" VPOS="1036" HPOS="839"/>
							<String ID="string_97" HPOS="860" VPOS="1041" WIDTH="57" HEIGHT="30" WC="0.96" CONTENT="för"/><SP WIDTH="17" VPOS="1041" HPOS="917"/>
							<String ID="string_98" HPOS="934" VPOS="1044" WIDTH="55" HEIGHT="29" WC="0.96" CONTENT="att"/><SP WIDTH="20" VPOS="1044" HPOS="989"/>
							<String ID="string_99" HPOS="1009" VPOS="1043" WIDTH="74" HEIGHT="31" WC="0.96" CONTENT="lära"/><SP WIDTH="21" VPOS="1043" HPOS="1083"/>
							<String ID="string_100" HPOS="1104" VPOS="1046" WIDTH="51" HEIGHT="39" WC="0.96" CONTENT="sig"/><SP WIDTH="22" VPOS="1046" HPOS="1155"/>
							<String ID="string_101" HPOS="1177" VPOS="1047" WIDTH="151" HEIGHT="39" WC="0.96" CONTENT="språket."/><SP WIDTH="23" VPOS="1047" HPOS="1328"/>
							<String ID="string_102" HPOS="1351" VPOS="1049" WIDTH="126" HEIGHT="41" WC="0.96" CONTENT="Många"/><SP WIDTH="19" VPOS="1049" HPOS="1477"/>
							<String ID="string_103" HPOS="1496" VPOS="1051" WIDTH="66" HEIGHT="31" WC="0.92" CONTENT="har"/><SP WIDTH="18" VPOS="1051" HPOS="1562"/>
							<String ID="string_104" HPOS="1580" VPOS="1054" WIDTH="145" HEIGHT="30" WC="0.92" CONTENT="anställ-"/>
						</TextLine>
						<TextLine ID="line_11" HPOS="240" VPOS="1080" WIDTH="1485" HEIGHT="67">
							<String ID="string_105" HPOS="240" VPOS="1080" WIDTH="84" HEIGHT="43" WC="0.95" CONTENT="ning"/><SP WIDTH="20" VPOS="1080" HPOS="324"/>
							<String ID="string_106" HPOS="344" VPOS="1087" WIDTH="76" HEIGHT="29" WC="0.95" CONTENT="mot"/><SP WIDTH="20" VPOS="1087" HPOS="420"/>
							<String ID="string_107" HPOS="440" VPOS="1085" WIDTH="81" HEIGHT="32" WC="0.95" CONTENT="kost"/><SP WIDTH="21" VPOS="1085" HPOS="521"/>
							<String ID="string_108" HPOS="542" VPOS="1089" WIDTH="65" HEIGHT="30" WC="0.96" CONTENT="och"/><SP WIDTH="22" VPOS="1089" HPOS="607"/>
							<String ID="string_109" HPOS="629" VPOS="1089" WIDTH="70" HEIGHT="41" WC="0.96" CONTENT="logi"/><SP WIDTH="22" VPOS="1089" HPOS="699"/>
							<String ID="string_110" HPOS="721" VPOS="1094" WIDTH="91" HEIGHT="29" WC="0.96" CONTENT="samt"/><SP WIDTH="21" VPOS="1094" HPOS="812"/>
							<String ID="string_111" HPOS="833" VPOS="1103" WIDTH="44" HEIGHT="21" WC="0.96" CONTENT="en"/><SP WIDTH="21" VPOS="1103" HPOS="877"/>
							<String ID="string_112" HPOS="898" VPOS="1095" WIDTH="138" HEIGHT="32" WC="0.96" CONTENT="mindre"/><SP WIDTH="23" VPOS="1095" HPOS="1036"/>
							<String ID="string_113" HPOS="1059" VPOS="1106" WIDTH="139" HEIGHT="24" WC="0.96" CONTENT="summa"/><SP WIDTH="22" VPOS="1106" HPOS="1198"/>
							<String ID="string_114" HPOS="1220" VPOS="1100" WIDTH="205" HEIGHT="42" WC="0.92" CONTENT="fickpengar"/><SP WIDTH="19" VPOS="1100" HPOS="1425"/>
							<String ID="string_115" HPOS="1444" VPOS="1121" WIDTH="46" HEIGHT="5" WC="0.91" CONTENT="—"/><SP WIDTH="20" VPOS="1121" HPOS="1490"/>
							<String ID="string_116" HPOS="1510" VPOS="1106" WIDTH="215" HEIGHT="41" WC="0.96" CONTENT="anställning"/>
						</TextLine>
						<TextLine ID="line_12" HPOS="241" VPOS="1137" WIDTH="1482" HEIGHT="55">
							<String ID="string_117" HPOS="241" VPOS="1143" WIDTH="65" HEIGHT="23" WC="0.73" CONTENT="&gt;au"/><SP WIDTH="28" VPOS="1143" HPOS="306"/>
							<String ID="string_118" HPOS="334" VPOS="1137" WIDTH="111" HEIGHT="40" WC="0.58" CONTENT="pair»."/><SP WIDTH="30" VPOS="1137" HPOS="445"/>
							<String ID="string_119" HPOS="475" VPOS="1139" WIDTH="124" HEIGHT="41" WC="0.96" CONTENT="Många"/><SP WIDTH="29" VPOS="1139" HPOS="599"/>
							<String ID="string_120" HPOS="628" VPOS="1144" WIDTH="131" HEIGHT="30" WC="0.96" CONTENT="ordnar"/><SP WIDTH="28" VPOS="1144" HPOS="759"/>
							<String ID="string_121" HPOS="787" VPOS="1147" WIDTH="214" HEIGHT="42" WC="0.96" CONTENT="anställning"/><SP WIDTH="29" VPOS="1147" HPOS="1001"/>
							<String ID="string_122" HPOS="1030" VPOS="1158" WIDTH="124" HEIGHT="31" WC="0.96" CONTENT="genom"/><SP WIDTH="30" VPOS="1158" HPOS="1154"/>
							<String ID="string_123" HPOS="1184" VPOS="1161" WIDTH="87" HEIGHT="31" WC="0.96" CONTENT="egna"/><SP WIDTH="27" VPOS="1161" HPOS="1271"/>
							<String ID="string_124" HPOS="1298" VPOS="1154" WIDTH="191" HEIGHT="33" WC="0.96" CONTENT="kontakter"/><SP WIDTH="29" VPOS="1154" HPOS="1489"/>
							<String ID="string_125" HPOS="1518" VPOS="1159" WIDTH="66" HEIGHT="30" WC="0.96" CONTENT="och"/><SP WIDTH="29" VPOS="1159" HPOS="1584"/>
							<String ID="string_126" HPOS="1613" VPOS="1160" WIDTH="110" HEIGHT="31" WC="0.96" CONTENT="andra"/>
						</TextLine>
						<TextLine ID="line_13" HPOS="236" VPOS="1191" WIDTH="1487" HEIGHT="57">
							<String ID="string_127" HPOS="236" VPOS="1194" WIDTH="125" HEIGHT="32" WC="0.96" CONTENT="genom"/><SP WIDTH="27" VPOS="1194" HPOS="361"/>
							<String ID="string_128" HPOS="388" VPOS="1191" WIDTH="137" HEIGHT="39" WC="0.5" CONTENT="privata"/><SP WIDTH="25" VPOS="1191" HPOS="525"/>
							<String ID="string_129" HPOS="550" VPOS="1194" WIDTH="460" HEIGHT="44" WC="0.92" CONTENT="platsförmedlingsfirmor."/><SP WIDTH="28" VPOS="1194" HPOS="1010"/>
							<String ID="string_130" HPOS="1038" VPOS="1203" WIDTH="178" HEIGHT="41" WC="0.96" CONTENT="Englands"/><SP WIDTH="25" VPOS="1203" HPOS="1216"/>
							<String ID="string_131" HPOS="1241" VPOS="1207" WIDTH="186" HEIGHT="41" WC="0.92" CONTENT="offentliga"/><SP WIDTH="26" VPOS="1207" HPOS="1427"/>
							<String ID="string_132" HPOS="1453" VPOS="1211" WIDTH="270" HEIGHT="33" WC="0.92" CONTENT="arbetsförmed-"/>
						</TextLine>
						<TextLine ID="line_14" HPOS="237" VPOS="1239" WIDTH="1486" HEIGHT="60">
							<String ID="string_133" HPOS="237" VPOS="1239" WIDTH="112" HEIGHT="42" WC="0.96" CONTENT="lingar"/><SP WIDTH="26" VPOS="1239" HPOS="349"/>
							<String ID="string_134" HPOS="375" VPOS="1243" WIDTH="191" HEIGHT="34" WC="0.96" CONTENT="förmedlar"/><SP WIDTH="24" VPOS="1243" HPOS="566"/>
							<String ID="string_135" HPOS="590" VPOS="1249" WIDTH="177" HEIGHT="41" WC="0.95" CONTENT="nämligen"/><SP WIDTH="24" VPOS="1249" HPOS="767"/>
							<String ID="string_136" HPOS="791" VPOS="1251" WIDTH="76" HEIGHT="32" WC="0.93" CONTENT="icke"/><SP WIDTH="23" VPOS="1251" HPOS="867"/>
							<String ID="string_137" HPOS="890" VPOS="1253" WIDTH="419" HEIGHT="46" WC="0.92" CONTENT="hushållsanställningar"/><SP WIDTH="24" VPOS="1253" HPOS="1309"/>
							<String ID="string_138" HPOS="1333" VPOS="1261" WIDTH="55" HEIGHT="31" WC="0.96" CONTENT="för"/><SP WIDTH="25" VPOS="1261" HPOS="1388"/>
							<String ID="string_139" HPOS="1413" VPOS="1263" WIDTH="190" HEIGHT="33" WC="0.93" CONTENT="utländska"/><SP WIDTH="25" VPOS="1263" HPOS="1603"/>
							<String ID="string_140" HPOS="1628" VPOS="1267" WIDTH="95" HEIGHT="30" WC="0.90" CONTENT="med-"/>
						</TextLine>
						<TextLine ID="line_15" HPOS="236" VPOS="1293" WIDTH="1484" HEIGHT="70">
							<String ID="string_141" HPOS="236" VPOS="1293" WIDTH="155" HEIGHT="41" WC="0.96" CONTENT="borgare."/><SP WIDTH="18" VPOS="1293" HPOS="391"/>
							<String ID="string_142" HPOS="409" VPOS="1297" WIDTH="295" HEIGHT="36" WC="0.96" CONTENT="Erfarenheterna"/><SP WIDTH="16" VPOS="1297" HPOS="704"/>
							<String ID="string_143" HPOS="720" VPOS="1313" WIDTH="42" HEIGHT="22" WC="0.96" CONTENT="av"/><SP WIDTH="14" VPOS="1313" HPOS="762"/>
							<String ID="string_144" HPOS="776" VPOS="1305" WIDTH="133" HEIGHT="32" WC="0.96" CONTENT="sådana"/><SP WIDTH="15" VPOS="1305" HPOS="909"/>
							<String ID="string_145" HPOS="924" VPOS="1309" WIDTH="255" HEIGHT="41" WC="0.96" CONTENT="anställningar"/><SP WIDTH="14" VPOS="1309" HPOS="1179"/>
							<String ID="string_146" HPOS="1193" VPOS="1312" WIDTH="65" HEIGHT="31" WC="0.96" CONTENT="har"/><SP WIDTH="15" VPOS="1312" HPOS="1258"/>
							<String ID="string_147" HPOS="1273" VPOS="1314" WIDTH="74" HEIGHT="31" WC="0.96" CONTENT="ofta"/><SP WIDTH="16" VPOS="1314" HPOS="1347"/>
							<String ID="string_148" HPOS="1363" VPOS="1316" WIDTH="89" HEIGHT="30" WC="0.96" CONTENT="varit"/><SP WIDTH="17" VPOS="1316" HPOS="1452"/>
							<String ID="string_149" HPOS="1469" VPOS="1317" WIDTH="136" HEIGHT="32" WC="0.96" CONTENT="mindre"/><SP WIDTH="16" VPOS="1317" HPOS="1605"/>
							<String ID="string_150" HPOS="1621" VPOS="1316" WIDTH="99" HEIGHT="47" WC="0.96" CONTENT="goda."/>
						</TextLine>
					</TextBlock>
					<TextBlock ID="block_5" HPOS="279" VPOS="1347" WIDTH="1348" HEIGHT="63">
						<TextLine ID="line_16" HPOS="279" VPOS="1347" WIDTH="1348" HEIGHT="63">
							<String ID="string_151" HPOS="279" VPOS="1347" WIDTH="204" HEIGHT="36" WC="0.96" CONTENT="Detsamma"/><SP WIDTH="16" VPOS="1347" HPOS="483"/>
							<String ID="string_152" HPOS="499" VPOS="1354" WIDTH="97" HEIGHT="31" WC="0.96" CONTENT="torde"/><SP WIDTH="16" VPOS="1354" HPOS="596"/>
							<String ID="string_153" HPOS="612" VPOS="1355" WIDTH="111" HEIGHT="32" WC="0.96" CONTENT="delvis"/><SP WIDTH="16" VPOS="1355" HPOS="723"/>
							<String ID="string_154" HPOS="739" VPOS="1358" WIDTH="90" HEIGHT="39" WC="0.96" CONTENT="gälla"/><SP WIDTH="15" VPOS="1358" HPOS="829"/>
							<String ID="string_155" HPOS="844" VPOS="1360" WIDTH="256" HEIGHT="42" WC="0.95" CONTENT="anställningar"/><SP WIDTH="15" VPOS="1360" HPOS="1100"/>
							<String ID="string_156" HPOS="1115" VPOS="1364" WIDTH="13" HEIGHT="30" WC="0.96" CONTENT="i"/><SP WIDTH="16" VPOS="1364" HPOS="1128"/>
							<String ID="string_157" HPOS="1144" VPOS="1365" WIDTH="196" HEIGHT="33" WC="0.96" CONTENT="Frankrike"/><SP WIDTH="14" VPOS="1365" HPOS="1340"/>
							<String ID="string_158" HPOS="1354" VPOS="1369" WIDTH="67" HEIGHT="30" WC="0.96" CONTENT="och"/><SP WIDTH="16" VPOS="1369" HPOS="1421"/>
							<String ID="string_159" HPOS="1437" VPOS="1370" WIDTH="190" HEIGHT="40" WC="0.96" CONTENT="Tyskland."/>
						</TextLine>
					</TextBlock>
					<TextBlock ID="block_6" HPOS="280" VPOS="1401" WIDTH="1171" HEIGHT="59">
						<TextLine ID="line_17" HPOS="280" VPOS="1401" WIDTH="1171" HEIGHT="59">
							<String ID="string_160" HPOS="280" VPOS="1401" WIDTH="91" HEIGHT="33" WC="0.96" CONTENT="Våra"/><SP WIDTH="17" VPOS="1401" HPOS="371"/>
							<String ID="string_161" HPOS="388" VPOS="1405" WIDTH="167" HEIGHT="32" WC="0.95" CONTENT="nordiska"/><SP WIDTH="16" VPOS="1405" HPOS="555"/>
							<String ID="string_162" HPOS="571" VPOS="1409" WIDTH="235" HEIGHT="37" WC="0.95" CONTENT="grannländer"/><SP WIDTH="16" VPOS="1409" HPOS="806"/>
							<String ID="string_163" HPOS="822" VPOS="1413" WIDTH="98" HEIGHT="31" WC="0.96" CONTENT="torde"/><SP WIDTH="16" VPOS="1413" HPOS="920"/>
							<String ID="string_164" HPOS="936" VPOS="1414" WIDTH="119" HEIGHT="32" WC="0.96" CONTENT="vidare"/><SP WIDTH="15" VPOS="1414" HPOS="1055"/>
							<String ID="string_165" HPOS="1070" VPOS="1416" WIDTH="46" HEIGHT="31" WC="0.96" CONTENT="ha"/><SP WIDTH="16" VPOS="1416" HPOS="1116"/>
							<String ID="string_166" HPOS="1132" VPOS="1427" WIDTH="134" HEIGHT="22" WC="0.96" CONTENT="samma"/><SP WIDTH="16" VPOS="1427" HPOS="1266"/>
							<String ID="string_167" HPOS="1282" VPOS="1421" WIDTH="169" HEIGHT="39" WC="0.96" CONTENT="problem."/>
						</TextLine>
					</TextBlock>
					<TextBlock ID="block_7" HPOS="277" VPOS="1454" WIDTH="1348" HEIGHT="54">
						<TextLine ID="line_18" HPOS="277" VPOS="1454" WIDTH="1348" HEIGHT="54">
							<String ID="string_168" HPOS="277" VPOS="1454" WIDTH="228" HEIGHT="36" WC="0.96" CONTENT="Beträffande"/><SP WIDTH="18" VPOS="1454" HPOS="505"/>
							<String ID="string_169" HPOS="523" VPOS="1460" WIDTH="251" HEIGHT="42" WC="0.95" CONTENT="motiveringen"/><SP WIDTH="16" VPOS="1460" HPOS="774"/>
							<String ID="string_170" HPOS="790" VPOS="1465" WIDTH="12" HEIGHT="30" WC="0.96" CONTENT="i"/><SP WIDTH="14" VPOS="1465" HPOS="802"/>
							<String ID="string_171" HPOS="816" VPOS="1466" WIDTH="113" HEIGHT="40" WC="0.96" CONTENT="övrigt"/><SP WIDTH="16" VPOS="1466" HPOS="929"/>
							<String ID="string_172" HPOS="945" VPOS="1467" WIDTH="56" HEIGHT="31" WC="0.96" CONTENT="får"/><SP WIDTH="17" VPOS="1467" HPOS="1001"/>
							<String ID="string_173" HPOS="1018" VPOS="1469" WIDTH="170" HEIGHT="32" WC="0.96" CONTENT="utskottet"/><SP WIDTH="16" VPOS="1469" HPOS="1188"/>
							<String ID="string_174" HPOS="1204" VPOS="1472" WIDTH="147" HEIGHT="32" WC="0.96" CONTENT="hänvisa"/><SP WIDTH="16" VPOS="1472" HPOS="1351"/>
							<String ID="string_175" HPOS="1367" VPOS="1475" WIDTH="53" HEIGHT="30" WC="0.96" CONTENT="till"/><SP WIDTH="16" VPOS="1475" HPOS="1420"/>
							<String ID="string_176" HPOS="1436" VPOS="1477" WIDTH="189" HEIGHT="31" WC="0.96" CONTENT="motionen."/>
						</TextLine>
					</TextBlock>
					<TextBlock ID="block_8" HPOS="232" VPOS="1508" WIDTH="1486" HEIGHT="99">
						<TextLine ID="line_19" HPOS="276" VPOS="1508" WIDTH="1442" HEIGHT="68">
							<String ID="string_177" HPOS="276" VPOS="1508" WIDTH="179" HEIGHT="34" WC="0.96" CONTENT="Utskottet"/><SP WIDTH="18" VPOS="1508" HPOS="455"/>
							<String ID="string_178" HPOS="473" VPOS="1512" WIDTH="65" HEIGHT="30" WC="0.96" CONTENT="har"/><SP WIDTH="19" VPOS="1512" HPOS="538"/>
							<String ID="string_179" HPOS="557" VPOS="1513" WIDTH="175" HEIGHT="33" WC="0.96" CONTENT="inhämtat"/><SP WIDTH="20" VPOS="1513" HPOS="732"/>
							<String ID="string_180" HPOS="752" VPOS="1518" WIDTH="161" HEIGHT="38" WC="0.96" CONTENT="yttrande"/><SP WIDTH="21" VPOS="1518" HPOS="913"/>
							<String ID="string_181" HPOS="934" VPOS="1521" WIDTH="82" HEIGHT="30" WC="0.96" CONTENT="över"/><SP WIDTH="19" VPOS="1521" HPOS="1016"/>
							<String ID="string_182" HPOS="1035" VPOS="1523" WIDTH="180" HEIGHT="31" WC="0.96" CONTENT="motionen"/><SP WIDTH="20" VPOS="1523" HPOS="1215"/>
							<String ID="string_183" HPOS="1235" VPOS="1525" WIDTH="81" HEIGHT="31" WC="0.96" CONTENT="från"/><SP WIDTH="20" VPOS="1525" HPOS="1316"/>
							<String ID="string_184" HPOS="1336" VPOS="1524" WIDTH="382" HEIGHT="52" WC="0.92" CONTENT="arbetsmarknadssty-"/>
						</TextLine>
						<TextLine ID="line_20" HPOS="232" VPOS="1561" WIDTH="556" HEIGHT="46">
							<String ID="string_185" HPOS="232" VPOS="1561" WIDTH="114" HEIGHT="31" WC="0.96" CONTENT="relsen"/><SP WIDTH="17" VPOS="1561" HPOS="346"/>
							<String ID="string_186" HPOS="363" VPOS="1564" WIDTH="67" HEIGHT="30" WC="0.93" CONTENT="och"/><SP WIDTH="17" VPOS="1564" HPOS="430"/>
							<String ID="string_187" HPOS="447" VPOS="1564" WIDTH="341" HEIGHT="43" WC="0.92" CONTENT="skolöverstyrelsen."/>
						</TextLine>
					</TextBlock>
				</ComposedBlock>
				<ComposedBlock ID="cblock_4" HPOS="274" VPOS="1641" WIDTH="1032" HEIGHT="56">
					<TextBlock ID="block_9" HPOS="274" VPOS="1641" WIDTH="1032" HEIGHT="56">
						<TextLine ID="line_21" HPOS="274" VPOS="1641" WIDTH="1032" HEIGHT="56">
							<String ID="string_188" HPOS="274" VPOS="1641" WIDTH="491" HEIGHT="45" WC="0.92" CONTENT="Arbetsmarknadsstyrelsen"/><SP WIDTH="17" VPOS="1641" HPOS="765"/>
							<String ID="string_189" HPOS="782" VPOS="1651" WIDTH="102" HEIGHT="31" WC="0.96" CONTENT="anför"/><SP WIDTH="17" VPOS="1651" HPOS="884"/>
							<String ID="string_190" HPOS="901" VPOS="1653" WIDTH="12" HEIGHT="29" WC="0.96" CONTENT="i"/><SP WIDTH="16" VPOS="1653" HPOS="913"/>
							<String ID="string_191" HPOS="929" VPOS="1652" WIDTH="187" HEIGHT="33" WC="0.96" CONTENT="huvudsak"/><SP WIDTH="17" VPOS="1652" HPOS="1116"/>
							<String ID="string_192" HPOS="1133" VPOS="1656" WIDTH="173" HEIGHT="41" WC="0.95" CONTENT="följande:"/>
						</TextLine>
					</TextBlock>
				</ComposedBlock>
				<ComposedBlock ID="cblock_5" HPOS="219" VPOS="1703" WIDTH="1495" HEIGHT="804">
					<TextBlock ID="block_10" HPOS="219" VPOS="1703" WIDTH="1495" HEIGHT="804">
						<TextLine ID="line_22" HPOS="273" VPOS="1703" WIDTH="1440" HEIGHT="56">
							<String ID="string_193" HPOS="273" VPOS="1703" WIDTH="14" HEIGHT="29" WC="0.96" CONTENT="I"/><SP WIDTH="19" VPOS="1703" HPOS="287"/>
							<String ID="string_194" HPOS="306" VPOS="1704" WIDTH="181" HEIGHT="32" WC="0.96" CONTENT="motionen"/><SP WIDTH="19" VPOS="1704" HPOS="487"/>
							<String ID="string_195" HPOS="506" VPOS="1707" WIDTH="200" HEIGHT="34" WC="0.96" CONTENT="diskuteras"/><SP WIDTH="19" VPOS="1707" HPOS="706"/>
							<String ID="string_196" HPOS="725" VPOS="1712" WIDTH="156" HEIGHT="32" WC="0.96" CONTENT="närmast"/><SP WIDTH="20" VPOS="1712" HPOS="881"/>
							<String ID="string_197" HPOS="901" VPOS="1716" WIDTH="151" HEIGHT="31" WC="0.95" CONTENT="svenska"/><SP WIDTH="18" VPOS="1716" HPOS="1052"/>
							<String ID="string_198" HPOS="1070" VPOS="1717" WIDTH="146" HEIGHT="32" WC="0.96" CONTENT="flickors"/><SP WIDTH="19" VPOS="1717" HPOS="1216"/>
							<String ID="string_199" HPOS="1235" VPOS="1721" WIDTH="157" HEIGHT="38" WC="0.96" CONTENT="problem"/><SP WIDTH="20" VPOS="1721" HPOS="1392"/>
							<String ID="string_200" HPOS="1412" VPOS="1723" WIDTH="12" HEIGHT="30" WC="0.96" CONTENT="i"/><SP WIDTH="21" VPOS="1723" HPOS="1424"/>
							<String ID="string_201" HPOS="1445" VPOS="1724" WIDTH="169" HEIGHT="31" WC="0.95" CONTENT="samband"/><SP WIDTH="20" VPOS="1724" HPOS="1614"/>
							<String ID="string_202" HPOS="1634" VPOS="1727" WIDTH="79" HEIGHT="30" WC="0.96" CONTENT="med"/>
						</TextLine>
						<TextLine ID="line_23" HPOS="229" VPOS="1746" WIDTH="1485" HEIGHT="56">
							<String ID="string_203" HPOS="229" VPOS="1746" WIDTH="416" HEIGHT="46" WC="0.90" CONTENT="hushållsanställningar"/><SP WIDTH="15" VPOS="1746" HPOS="645"/>
							<String ID="string_204" HPOS="660" VPOS="1755" WIDTH="13" HEIGHT="29" WC="0.96" CONTENT="i"/><SP WIDTH="17" VPOS="1755" HPOS="673"/>
							<String ID="string_205" HPOS="690" VPOS="1756" WIDTH="167" HEIGHT="36" WC="0.96" CONTENT="utlandet,"/><SP WIDTH="16" VPOS="1756" HPOS="857"/>
							<String ID="string_206" HPOS="873" VPOS="1768" WIDTH="83" HEIGHT="21" WC="0.96" CONTENT="men"/><SP WIDTH="15" VPOS="1768" HPOS="956"/>
							<String ID="string_207" HPOS="971" VPOS="1760" WIDTH="67" HEIGHT="30" WC="0.96" CONTENT="den"/><SP WIDTH="18" VPOS="1760" HPOS="1038"/>
							<String ID="string_208" HPOS="1056" VPOS="1763" WIDTH="190" HEIGHT="39" WC="0.96" CONTENT="utmynnar"/><SP WIDTH="16" VPOS="1763" HPOS="1246"/>
							<String ID="string_209" HPOS="1262" VPOS="1766" WIDTH="11" HEIGHT="30" WC="0.96" CONTENT="i"/><SP WIDTH="15" VPOS="1766" HPOS="1273"/>
							<String ID="string_210" HPOS="1288" VPOS="1775" WIDTH="44" HEIGHT="21" WC="0.96" CONTENT="en"/><SP WIDTH="16" VPOS="1775" HPOS="1332"/>
							<String ID="string_211" HPOS="1348" VPOS="1767" WIDTH="166" HEIGHT="32" WC="0.96" CONTENT="anhållan"/><SP WIDTH="17" VPOS="1767" HPOS="1514"/>
							<String ID="string_212" HPOS="1531" VPOS="1771" WIDTH="49" HEIGHT="29" WC="0.93" CONTENT="att"/><SP WIDTH="17" VPOS="1771" HPOS="1580"/>
							<String ID="string_213" HPOS="1597" VPOS="1772" WIDTH="117" HEIGHT="29" WC="0.91" CONTENT="utred-"/>
						</TextLine>
						<TextLine ID="line_24" HPOS="228" VPOS="1790" WIDTH="1485" HEIGHT="55">
							<String ID="string_214" HPOS="228" VPOS="1790" WIDTH="84" HEIGHT="41" WC="0.96" CONTENT="ning"/><SP WIDTH="19" VPOS="1790" HPOS="312"/>
							<String ID="string_215" HPOS="331" VPOS="1793" WIDTH="114" HEIGHT="32" WC="0.96" CONTENT="skulle"/><SP WIDTH="18" VPOS="1793" HPOS="445"/>
							<String ID="string_216" HPOS="463" VPOS="1796" WIDTH="101" HEIGHT="38" WC="0.96" CONTENT="göras"/><SP WIDTH="17" VPOS="1796" HPOS="564"/>
							<String ID="string_217" HPOS="581" VPOS="1798" WIDTH="221" HEIGHT="33" WC="0.96" CONTENT="beträffande"/><SP WIDTH="18" VPOS="1798" HPOS="802"/>
							<String ID="string_218" HPOS="820" VPOS="1801" WIDTH="140" HEIGHT="32" WC="0.96" CONTENT="bistånd"/><SP WIDTH="19" VPOS="1801" HPOS="960"/>
							<String ID="string_219" HPOS="979" VPOS="1804" WIDTH="36" HEIGHT="31" WC="0.96" CONTENT="åt"/><SP WIDTH="19" VPOS="1804" HPOS="1015"/>
							<String ID="string_220" HPOS="1034" VPOS="1807" WIDTH="168" HEIGHT="30" WC="0.96" CONTENT="svenskar"/><SP WIDTH="19" VPOS="1807" HPOS="1202"/>
							<String ID="string_221" HPOS="1221" VPOS="1818" WIDTH="74" HEIGHT="21" WC="0.96" CONTENT="som"/><SP WIDTH="19" VPOS="1818" HPOS="1295"/>
							<String ID="string_222" HPOS="1314" VPOS="1811" WIDTH="103" HEIGHT="30" WC="0.96" CONTENT="söker"/><SP WIDTH="18" VPOS="1811" HPOS="1417"/>
							<String ID="string_223" HPOS="1435" VPOS="1813" WIDTH="115" HEIGHT="30" WC="0.95" CONTENT="arbete"/><SP WIDTH="19" VPOS="1813" HPOS="1550"/>
							<String ID="string_224" HPOS="1569" VPOS="1814" WIDTH="12" HEIGHT="30" WC="0.93" CONTENT="i"/><SP WIDTH="18" VPOS="1814" HPOS="1581"/>
							<String ID="string_225" HPOS="1599" VPOS="1815" WIDTH="114" HEIGHT="30" WC="0.91" CONTENT="utlan-"/>
						</TextLine>
						<TextLine ID="line_25" HPOS="226" VPOS="1835" WIDTH="1487" HEIGHT="54">
							<String ID="string_226" HPOS="226" VPOS="1835" WIDTH="69" HEIGHT="31" WC="0.95" CONTENT="det."/><SP WIDTH="23" VPOS="1835" HPOS="295"/>
							<String ID="string_227" HPOS="318" VPOS="1837" WIDTH="13" HEIGHT="29" WC="0.96" CONTENT="I"/><SP WIDTH="21" VPOS="1837" HPOS="331"/>
							<String ID="string_228" HPOS="352" VPOS="1837" WIDTH="70" HEIGHT="31" WC="0.96" CONTENT="den"/><SP WIDTH="19" VPOS="1837" HPOS="422"/>
							<String ID="string_229" HPOS="441" VPOS="1840" WIDTH="84" HEIGHT="30" WC="0.96" CONTENT="mån"/><SP WIDTH="21" VPOS="1840" HPOS="525"/>
							<String ID="string_230" HPOS="546" VPOS="1850" WIDTH="118" HEIGHT="22" WC="0.96" CONTENT="annan"/><SP WIDTH="20" VPOS="1850" HPOS="664"/>
							<String ID="string_231" HPOS="684" VPOS="1844" WIDTH="157" HEIGHT="39" WC="0.96" CONTENT="kategori"/><SP WIDTH="20" VPOS="1844" HPOS="841"/>
							<String ID="string_232" HPOS="861" VPOS="1848" WIDTH="196" HEIGHT="38" WC="0.96" CONTENT="ungdomar"/><SP WIDTH="22" VPOS="1848" HPOS="1057"/>
							<String ID="string_233" HPOS="1079" VPOS="1851" WIDTH="38" HEIGHT="29" WC="0.96" CONTENT="är"/><SP WIDTH="22" VPOS="1851" HPOS="1117"/>
							<String ID="string_234" HPOS="1139" VPOS="1853" WIDTH="148" HEIGHT="30" WC="0.95" CONTENT="svenska"/><SP WIDTH="22" VPOS="1853" HPOS="1287"/>
							<String ID="string_235" HPOS="1309" VPOS="1854" WIDTH="126" HEIGHT="31" WC="0.96" CONTENT="flickor"/><SP WIDTH="22" VPOS="1854" HPOS="1435"/>
							<String ID="string_236" HPOS="1457" VPOS="1866" WIDTH="75" HEIGHT="21" WC="0.96" CONTENT="som"/><SP WIDTH="22" VPOS="1866" HPOS="1532"/>
							<String ID="string_237" HPOS="1554" VPOS="1860" WIDTH="54" HEIGHT="28" WC="0.93" CONTENT="tar"/><SP WIDTH="22" VPOS="1860" HPOS="1608"/>
							<String ID="string_238" HPOS="1630" VPOS="1859" WIDTH="83" HEIGHT="30" WC="0.92" CONTENT="hus-"/>
						</TextLine>
						<TextLine ID="line_26" HPOS="225" VPOS="1879" WIDTH="1486" HEIGHT="59">
							<String ID="string_239" HPOS="225" VPOS="1879" WIDTH="309" HEIGHT="45" WC="0.92" CONTENT="hållsanställning"/><SP WIDTH="18" VPOS="1879" HPOS="534"/>
							<String ID="string_240" HPOS="552" VPOS="1895" WIDTH="109" HEIGHT="26" WC="0.96" CONTENT="avses,"/><SP WIDTH="21" VPOS="1895" HPOS="661"/>
							<String ID="string_241" HPOS="682" VPOS="1889" WIDTH="97" HEIGHT="30" WC="0.96" CONTENT="torde"/><SP WIDTH="20" VPOS="1889" HPOS="779"/>
							<String ID="string_242" HPOS="799" VPOS="1890" WIDTH="58" HEIGHT="30" WC="0.96" CONTENT="det"/><SP WIDTH="18" VPOS="1890" HPOS="857"/>
							<String ID="string_243" HPOS="875" VPOS="1892" WIDTH="56" HEIGHT="29" WC="0.96" CONTENT="väl"/><SP WIDTH="21" VPOS="1892" HPOS="931"/>
							<String ID="string_244" HPOS="952" VPOS="1892" WIDTH="11" HEIGHT="30" WC="0.97" CONTENT="i"/><SP WIDTH="21" VPOS="1892" HPOS="963"/>
							<String ID="string_245" HPOS="984" VPOS="1893" WIDTH="38" HEIGHT="30" WC="0.97" CONTENT="så"/><SP WIDTH="20" VPOS="1893" HPOS="1022"/>
							<String ID="string_246" HPOS="1042" VPOS="1894" WIDTH="61" HEIGHT="30" WC="0.96" CONTENT="fall"/><SP WIDTH="20" VPOS="1894" HPOS="1103"/>
							<String ID="string_247" HPOS="1123" VPOS="1896" WIDTH="158" HEIGHT="32" WC="0.96" CONTENT="närmast"/><SP WIDTH="18" VPOS="1896" HPOS="1281"/>
							<String ID="string_248" HPOS="1299" VPOS="1899" WIDTH="91" HEIGHT="39" WC="0.95" CONTENT="gälla"/><SP WIDTH="21" VPOS="1899" HPOS="1390"/>
							<String ID="string_249" HPOS="1411" VPOS="1900" WIDTH="131" HEIGHT="32" WC="0.96" CONTENT="sådana"/><SP WIDTH="20" VPOS="1900" HPOS="1542"/>
							<String ID="string_250" HPOS="1562" VPOS="1904" WIDTH="149" HEIGHT="30" WC="0.96" CONTENT="svenska"/>
						</TextLine>
						<TextLine ID="line_27" HPOS="226" VPOS="1925" WIDTH="1485" HEIGHT="61">
							<String ID="string_251" HPOS="226" VPOS="1925" WIDTH="196" HEIGHT="38" WC="0.96" CONTENT="ungdomar"/><SP WIDTH="21" VPOS="1925" HPOS="422"/>
							<String ID="string_252" HPOS="443" VPOS="1937" WIDTH="75" HEIGHT="21" WC="0.96" CONTENT="som"/><SP WIDTH="18" VPOS="1937" HPOS="518"/>
							<String ID="string_253" HPOS="536" VPOS="1930" WIDTH="70" HEIGHT="30" WC="0.95" CONTENT="kan"/><SP WIDTH="18" VPOS="1930" HPOS="606"/>
							<String ID="string_254" HPOS="624" VPOS="1931" WIDTH="189" HEIGHT="32" WC="0.95" CONTENT="betecknas"/><SP WIDTH="20" VPOS="1931" HPOS="813"/>
							<String ID="string_255" HPOS="833" VPOS="1944" WIDTH="76" HEIGHT="21" WC="0.96" CONTENT="som"/><SP WIDTH="20" VPOS="1944" HPOS="909"/>
							<String ID="string_256" HPOS="929" VPOS="1936" WIDTH="408" HEIGHT="42" WC="0.91" CONTENT="långtidspraktikanter,"/><SP WIDTH="20" VPOS="1936" HPOS="1337"/>
							<String ID="string_257" HPOS="1357" VPOS="1944" WIDTH="95" HEIGHT="30" WC="0.96" CONTENT="vilka"/><SP WIDTH="20" VPOS="1944" HPOS="1452"/>
							<String ID="string_258" HPOS="1472" VPOS="1945" WIDTH="102" HEIGHT="31" WC="0.93" CONTENT="söker"/><SP WIDTH="18" VPOS="1945" HPOS="1574"/>
							<String ID="string_259" HPOS="1592" VPOS="1947" WIDTH="119" HEIGHT="39" WC="0.92" CONTENT="yrkes-"/>
						</TextLine>
						<TextLine ID="line_28" HPOS="225" VPOS="1969" WIDTH="1485" HEIGHT="53">
							<String ID="string_260" HPOS="225" VPOS="1969" WIDTH="65" HEIGHT="30" WC="0.96" CONTENT="och"/><SP WIDTH="19" VPOS="1969" HPOS="290"/>
							<String ID="string_261" HPOS="309" VPOS="1970" WIDTH="306" HEIGHT="44" WC="0.96" CONTENT="språkutbildning"/><SP WIDTH="19" VPOS="1970" HPOS="615"/>
							<String ID="string_262" HPOS="634" VPOS="1976" WIDTH="212" HEIGHT="32" WC="0.96" CONTENT="utomlands."/><SP WIDTH="19" VPOS="1976" HPOS="846"/>
							<String ID="string_263" HPOS="865" VPOS="1979" WIDTH="177" HEIGHT="40" WC="0.96" CONTENT="Styrelsen"/><SP WIDTH="17" VPOS="1979" HPOS="1042"/>
							<String ID="string_264" HPOS="1059" VPOS="1983" WIDTH="59" HEIGHT="29" WC="0.96" CONTENT="vill"/><SP WIDTH="19" VPOS="1983" HPOS="1118"/>
							<String ID="string_265" HPOS="1137" VPOS="1984" WIDTH="221" HEIGHT="33" WC="0.94" CONTENT="beträffande"/><SP WIDTH="20" VPOS="1984" HPOS="1358"/>
							<String ID="string_266" HPOS="1378" VPOS="1988" WIDTH="219" HEIGHT="33" WC="0.93" CONTENT="sistnämnda"/><SP WIDTH="17" VPOS="1988" HPOS="1597"/>
							<String ID="string_267" HPOS="1614" VPOS="1991" WIDTH="96" HEIGHT="31" WC="0.92" CONTENT="kate-"/>
						</TextLine>
						<TextLine ID="line_29" HPOS="225" VPOS="2014" WIDTH="1484" HEIGHT="52">
							<String ID="string_268" HPOS="225" VPOS="2014" WIDTH="75" HEIGHT="39" WC="0.92" CONTENT="gori"/><SP WIDTH="16" VPOS="2014" HPOS="300"/>
							<String ID="string_269" HPOS="316" VPOS="2016" WIDTH="170" HEIGHT="36" WC="0.96" CONTENT="meddela,"/><SP WIDTH="18" VPOS="2016" HPOS="486"/>
							<String ID="string_270" HPOS="504" VPOS="2020" WIDTH="50" HEIGHT="28" WC="0.96" CONTENT="att"/><SP WIDTH="18" VPOS="2020" HPOS="554"/>
							<String ID="string_271" HPOS="572" VPOS="2021" WIDTH="195" HEIGHT="38" WC="0.96" CONTENT="ungdomar"/><SP WIDTH="17" VPOS="2021" HPOS="767"/>
							<String ID="string_272" HPOS="784" VPOS="2023" WIDTH="129" HEIGHT="31" WC="0.96" CONTENT="mellan"/><SP WIDTH="20" VPOS="2023" HPOS="913"/>
							<String ID="string_273" HPOS="933" VPOS="2025" WIDTH="38" HEIGHT="29" WC="0.96" CONTENT="18"/><SP WIDTH="18" VPOS="2025" HPOS="971"/>
							<String ID="string_274" HPOS="989" VPOS="2027" WIDTH="65" HEIGHT="29" WC="0.96" CONTENT="och"/><SP WIDTH="17" VPOS="2027" HPOS="1054"/>
							<String ID="string_275" HPOS="1071" VPOS="2027" WIDTH="41" HEIGHT="30" WC="0.96" CONTENT="30"/><SP WIDTH="17" VPOS="2027" HPOS="1112"/>
							<String ID="string_276" HPOS="1129" VPOS="2028" WIDTH="40" HEIGHT="30" WC="0.96" CONTENT="år"/><SP WIDTH="14" VPOS="2028" HPOS="1169"/>
							<String ID="string_277" HPOS="1183" VPOS="2038" WIDTH="78" HEIGHT="22" WC="0.96" CONTENT="som"/><SP WIDTH="16" VPOS="2038" HPOS="1261"/>
							<String ID="string_278" HPOS="1277" VPOS="2031" WIDTH="152" HEIGHT="32" WC="0.96" CONTENT="avslutat"/><SP WIDTH="19" VPOS="2031" HPOS="1429"/>
							<String ID="string_279" HPOS="1448" VPOS="2033" WIDTH="54" HEIGHT="30" WC="0.96" CONTENT="sin"/><SP WIDTH="17" VPOS="2033" HPOS="1502"/>
							<String ID="string_280" HPOS="1519" VPOS="2036" WIDTH="190" HEIGHT="30" WC="0.96" CONTENT="teoretiska"/>
						</TextLine>
						<TextLine ID="line_30" HPOS="223" VPOS="2058" WIDTH="1486" HEIGHT="62">
							<String ID="string_281" HPOS="223" VPOS="2058" WIDTH="66" HEIGHT="30" WC="0.96" CONTENT="och"/><SP WIDTH="16" VPOS="2058" HPOS="289"/>
							<String ID="string_282" HPOS="305" VPOS="2059" WIDTH="185" HEIGHT="39" WC="0.96" CONTENT="praktiska"/><SP WIDTH="15" VPOS="2059" HPOS="490"/>
							<String ID="string_283" HPOS="505" VPOS="2062" WIDTH="198" HEIGHT="42" WC="0.95" CONTENT="utbildning"/><SP WIDTH="16" VPOS="2062" HPOS="703"/>
							<String ID="string_284" HPOS="719" VPOS="2066" WIDTH="65" HEIGHT="30" WC="0.97" CONTENT="och"/><SP WIDTH="17" VPOS="2066" HPOS="784"/>
							<String ID="string_285" HPOS="801" VPOS="2076" WIDTH="73" HEIGHT="21" WC="0.96" CONTENT="som"/><SP WIDTH="17" VPOS="2076" HPOS="874"/>
							<String ID="string_286" HPOS="891" VPOS="2069" WIDTH="66" HEIGHT="29" WC="0.96" CONTENT="har"/><SP WIDTH="17" VPOS="2069" HPOS="957"/>
							<String ID="string_287" HPOS="974" VPOS="2070" WIDTH="108" HEIGHT="39" WC="0.96" CONTENT="några"/><SP WIDTH="15" VPOS="2070" HPOS="1082"/>
							<String ID="string_288" HPOS="1097" VPOS="2071" WIDTH="58" HEIGHT="31" WC="0.96" CONTENT="års"/><SP WIDTH="15" VPOS="2071" HPOS="1155"/>
							<String ID="string_289" HPOS="1170" VPOS="2074" WIDTH="306" HEIGHT="38" WC="0.96" CONTENT="yrkeserfarenhet"/><SP WIDTH="15" VPOS="2074" HPOS="1476"/>
							<String ID="string_290" HPOS="1491" VPOS="2078" WIDTH="64" HEIGHT="30" WC="0.93" CONTENT="har"/><SP WIDTH="16" VPOS="2078" HPOS="1555"/>
							<String ID="string_291" HPOS="1571" VPOS="2080" WIDTH="138" HEIGHT="40" WC="0.92" CONTENT="möjlig-"/>
						</TextLine>
						<TextLine ID="line_31" HPOS="222" VPOS="2101" WIDTH="1486" HEIGHT="54">
							<String ID="string_292" HPOS="222" VPOS="2101" WIDTH="99" HEIGHT="31" WC="0.96" CONTENT="heter"/><SP WIDTH="18" VPOS="2101" HPOS="321"/>
							<String ID="string_293" HPOS="339" VPOS="2105" WIDTH="52" HEIGHT="27" WC="0.96" CONTENT="att"/><SP WIDTH="18" VPOS="2105" HPOS="391"/>
							<String ID="string_294" HPOS="409" VPOS="2111" WIDTH="124" HEIGHT="32" WC="0.96" CONTENT="genom"/><SP WIDTH="21" VPOS="2111" HPOS="533"/>
							<String ID="string_295" HPOS="554" VPOS="2108" WIDTH="188" HEIGHT="38" WC="0.96" CONTENT="styrelsens"/><SP WIDTH="20" VPOS="2108" HPOS="742"/>
							<String ID="string_296" HPOS="762" VPOS="2110" WIDTH="220" HEIGHT="42" WC="0.96" CONTENT="förmedling,"/><SP WIDTH="19" VPOS="2110" HPOS="982"/>
							<String ID="string_297" HPOS="1001" VPOS="2115" WIDTH="45" HEIGHT="38" WC="0.95" CONTENT="på"/><SP WIDTH="19" VPOS="2115" HPOS="1046"/>
							<String ID="string_298" HPOS="1065" VPOS="2117" WIDTH="168" HEIGHT="37" WC="0.96" CONTENT="grundval"/><SP WIDTH="21" VPOS="2117" HPOS="1233"/>
							<String ID="string_299" HPOS="1254" VPOS="2128" WIDTH="42" HEIGHT="21" WC="0.96" CONTENT="av"/><SP WIDTH="17" VPOS="2128" HPOS="1296"/>
							<String ID="string_300" HPOS="1313" VPOS="2120" WIDTH="182" HEIGHT="31" WC="0.96" CONTENT="bilaterala"/><SP WIDTH="19" VPOS="2120" HPOS="1495"/>
							<String ID="string_301" HPOS="1514" VPOS="2124" WIDTH="91" HEIGHT="29" WC="0.93" CONTENT="avtal"/><SP WIDTH="19" VPOS="2124" HPOS="1605"/>
							<String ID="string_302" HPOS="1624" VPOS="2126" WIDTH="84" HEIGHT="29" WC="0.91" CONTENT="mel-"/>
						</TextLine>
						<TextLine ID="line_32" HPOS="223" VPOS="2145" WIDTH="1485" HEIGHT="67">
							<String ID="string_303" HPOS="223" VPOS="2145" WIDTH="59" HEIGHT="31" WC="0.96" CONTENT="lan"/><SP WIDTH="18" VPOS="2145" HPOS="282"/>
							<String ID="string_304" HPOS="300" VPOS="2148" WIDTH="137" HEIGHT="39" WC="0.96" CONTENT="Sverige"/><SP WIDTH="19" VPOS="2148" HPOS="437"/>
							<String ID="string_305" HPOS="456" VPOS="2151" WIDTH="64" HEIGHT="29" WC="0.96" CONTENT="och"/><SP WIDTH="17" VPOS="2151" HPOS="520"/>
							<String ID="string_306" HPOS="537" VPOS="2160" WIDTH="43" HEIGHT="21" WC="0.96" CONTENT="en"/><SP WIDTH="17" VPOS="2160" HPOS="580"/>
							<String ID="string_307" HPOS="597" VPOS="2154" WIDTH="63" HEIGHT="29" WC="0.96" CONTENT="rad"/><SP WIDTH="17" VPOS="2154" HPOS="660"/>
							<String ID="string_308" HPOS="677" VPOS="2154" WIDTH="286" HEIGHT="41" WC="0.96" CONTENT="västeuropeiska"/><SP WIDTH="17" VPOS="2154" HPOS="963"/>
							<String ID="string_309" HPOS="980" VPOS="2158" WIDTH="131" HEIGHT="36" WC="0.96" CONTENT="länder,"/><SP WIDTH="19" VPOS="2158" HPOS="1111"/>
							<String ID="string_310" HPOS="1130" VPOS="2161" WIDTH="132" HEIGHT="31" WC="0.93" CONTENT="erhålla"/><SP WIDTH="15" VPOS="2161" HPOS="1262"/>
							<String ID="string_311" HPOS="1277" VPOS="2164" WIDTH="132" HEIGHT="30" WC="0.92" CONTENT="arbets-"/><SP WIDTH="17" VPOS="2164" HPOS="1409"/>
							<String ID="string_312" HPOS="1426" VPOS="2166" WIDTH="65" HEIGHT="29" WC="0.96" CONTENT="och"/><SP WIDTH="18" VPOS="2166" HPOS="1491"/>
							<String ID="string_313" HPOS="1509" VPOS="2164" WIDTH="199" HEIGHT="48" WC="0.92" CONTENT="uppehålls-"/>
						</TextLine>
						<TextLine ID="line_33" HPOS="221" VPOS="2190" WIDTH="1483" HEIGHT="63">
							<String ID="string_314" HPOS="221" VPOS="2190" WIDTH="159" HEIGHT="32" WC="0.95" CONTENT="tillstånd"/><SP WIDTH="25" VPOS="2190" HPOS="380"/>
							<String ID="string_315" HPOS="405" VPOS="2194" WIDTH="67" HEIGHT="29" WC="0.96" CONTENT="och"/><SP WIDTH="26" VPOS="2194" HPOS="472"/>
							<String ID="string_316" HPOS="498" VPOS="2194" WIDTH="97" HEIGHT="41" WC="0.96" CONTENT="hjälp"/><SP WIDTH="26" VPOS="2194" HPOS="595"/>
							<String ID="string_317" HPOS="621" VPOS="2197" WIDTH="81" HEIGHT="30" WC="0.96" CONTENT="med"/><SP WIDTH="25" VPOS="2197" HPOS="702"/>
							<String ID="string_318" HPOS="727" VPOS="2198" WIDTH="324" HEIGHT="44" WC="0.91" CONTENT="platsanskaffning"/><SP WIDTH="24" VPOS="2198" HPOS="1051"/>
							<String ID="string_319" HPOS="1075" VPOS="2204" WIDTH="10" HEIGHT="29" WC="0.96" CONTENT="i"/><SP WIDTH="26" VPOS="2204" HPOS="1085"/>
							<String ID="string_320" HPOS="1111" VPOS="2205" WIDTH="158" HEIGHT="32" WC="0.96" CONTENT="utlandet"/><SP WIDTH="30" VPOS="2205" HPOS="1269"/>
							<String ID="string_321" HPOS="1299" VPOS="2208" WIDTH="155" HEIGHT="33" WC="0.96" CONTENT="(avtalen"/><SP WIDTH="25" VPOS="2208" HPOS="1454"/>
							<String ID="string_322" HPOS="1479" VPOS="2211" WIDTH="168" HEIGHT="31" WC="0.96" CONTENT="omfattar"/><SP WIDTH="25" VPOS="2211" HPOS="1647"/>
							<String ID="string_323" HPOS="1672" VPOS="2214" WIDTH="32" HEIGHT="39" WC="0.96" CONTENT="ej"/>
						</TextLine>
						<TextLine ID="line_34" HPOS="221" VPOS="2233" WIDTH="1487" HEIGHT="60">
							<String ID="string_324" HPOS="221" VPOS="2233" WIDTH="312" HEIGHT="39" WC="0.95" CONTENT="hushållsarbete)."/><SP WIDTH="17" VPOS="2233" HPOS="533"/>
							<String ID="string_325" HPOS="550" VPOS="2239" WIDTH="123" HEIGHT="32" WC="0.96" CONTENT="Denna"/><SP WIDTH="15" VPOS="2239" HPOS="673"/>
							<String ID="string_326" HPOS="688" VPOS="2243" WIDTH="569" HEIGHT="42" WC="0.91" CONTENT="praktikantutbytesverksamhet"/><SP WIDTH="15" VPOS="2243" HPOS="1257"/>
							<String ID="string_327" HPOS="1272" VPOS="2252" WIDTH="111" HEIGHT="31" WC="0.96" CONTENT="måste"/><SP WIDTH="18" VPOS="2252" HPOS="1383"/>
							<String ID="string_328" HPOS="1401" VPOS="2255" WIDTH="101" HEIGHT="38" WC="0.96" CONTENT="sägas"/><SP WIDTH="16" VPOS="2255" HPOS="1502"/>
							<String ID="string_329" HPOS="1518" VPOS="2256" WIDTH="59" HEIGHT="30" WC="0.96" CONTENT="ske"/><SP WIDTH="18" VPOS="2256" HPOS="1577"/>
							<String ID="string_330" HPOS="1595" VPOS="2257" WIDTH="113" HEIGHT="31" WC="0.96" CONTENT="under"/>
						</TextLine>
						<TextLine ID="line_35" HPOS="220" VPOS="2278" WIDTH="1486" HEIGHT="67">
							<String ID="string_331" HPOS="220" VPOS="2278" WIDTH="82" HEIGHT="31" WC="0.96" CONTENT="fullt"/><SP WIDTH="20" VPOS="2278" HPOS="302"/>
							<String ID="string_332" HPOS="322" VPOS="2280" WIDTH="235" HEIGHT="40" WC="0.96" CONTENT="betryggande"/><SP WIDTH="23" VPOS="2280" HPOS="557"/>
							<String ID="string_333" HPOS="580" VPOS="2284" WIDTH="131" HEIGHT="31" WC="0.96" CONTENT="former"/><SP WIDTH="22" VPOS="2284" HPOS="711"/>
							<String ID="string_334" HPOS="733" VPOS="2287" WIDTH="11" HEIGHT="29" WC="0.96" CONTENT="i"/><SP WIDTH="24" VPOS="2287" HPOS="744"/>
							<String ID="string_335" HPOS="768" VPOS="2289" WIDTH="192" HEIGHT="30" WC="0.96" CONTENT="samarbete"/><SP WIDTH="23" VPOS="2289" HPOS="960"/>
							<String ID="string_336" HPOS="983" VPOS="2292" WIDTH="79" HEIGHT="29" WC="0.96" CONTENT="med"/><SP WIDTH="23" VPOS="2292" HPOS="1062"/>
							<String ID="string_337" HPOS="1085" VPOS="2293" WIDTH="188" HEIGHT="31" WC="0.96" CONTENT="utländska"/><SP WIDTH="23" VPOS="2293" HPOS="1273"/>
							<String ID="string_338" HPOS="1296" VPOS="2292" WIDTH="410" HEIGHT="53" WC="0.91" CONTENT="arbetsmarknadsmyn-"/>
						</TextLine>
						<TextLine ID="line_36" HPOS="219" VPOS="2322" WIDTH="1485" HEIGHT="56">
							<String ID="string_339" HPOS="219" VPOS="2322" WIDTH="157" HEIGHT="39" WC="0.96" CONTENT="digheter"/><SP WIDTH="24" VPOS="2322" HPOS="376"/>
							<String ID="string_340" HPOS="400" VPOS="2327" WIDTH="66" HEIGHT="29" WC="0.96" CONTENT="och"/><SP WIDTH="23" VPOS="2327" HPOS="466"/>
							<String ID="string_341" HPOS="489" VPOS="2327" WIDTH="11" HEIGHT="29" WC="0.95" CONTENT="i"/><SP WIDTH="23" VPOS="2327" HPOS="500"/>
							<String ID="string_342" HPOS="523" VPOS="2328" WIDTH="107" HEIGHT="39" WC="0.96" CONTENT="några"/><SP WIDTH="24" VPOS="2328" HPOS="630"/>
							<String ID="string_343" HPOS="654" VPOS="2329" WIDTH="131" HEIGHT="35" WC="0.96" CONTENT="länder,"/><SP WIDTH="24" VPOS="2329" HPOS="785"/>
							<String ID="string_344" HPOS="809" VPOS="2333" WIDTH="79" HEIGHT="29" WC="0.96" CONTENT="med"/><SP WIDTH="24" VPOS="2333" HPOS="888"/>
							<String ID="string_345" HPOS="912" VPOS="2334" WIDTH="96" HEIGHT="31" WC="0.96" CONTENT="vilka"/><SP WIDTH="22" VPOS="2334" HPOS="1008"/>
							<String ID="string_346" HPOS="1030" VPOS="2335" WIDTH="181" HEIGHT="32" WC="0.96" CONTENT="bilaterala"/><SP WIDTH="23" VPOS="2335" HPOS="1211"/>
							<String ID="string_347" HPOS="1234" VPOS="2340" WIDTH="90" HEIGHT="29" WC="0.96" CONTENT="avtal"/><SP WIDTH="24" VPOS="2340" HPOS="1324"/>
							<String ID="string_348" HPOS="1348" VPOS="2341" WIDTH="76" HEIGHT="30" WC="0.96" CONTENT="icke"/><SP WIDTH="24" VPOS="2341" HPOS="1424"/>
							<String ID="string_349" HPOS="1448" VPOS="2343" WIDTH="152" HEIGHT="35" WC="0.95" CONTENT="träffats,"/><SP WIDTH="24" VPOS="2343" HPOS="1600"/>
							<String ID="string_350" HPOS="1624" VPOS="2346" WIDTH="80" HEIGHT="29" WC="0.96" CONTENT="med"/>
						</TextLine>
						<TextLine ID="line_37" HPOS="219" VPOS="2366" WIDTH="1485" HEIGHT="60">
							<String ID="string_351" HPOS="219" VPOS="2366" WIDTH="429" HEIGHT="42" WC="0.91" CONTENT="branschorganisationer"/><SP WIDTH="23" VPOS="2366" HPOS="648"/>
							<String ID="string_352" HPOS="671" VPOS="2374" WIDTH="83" HEIGHT="30" WC="0.96" CONTENT="eller"/><SP WIDTH="22" VPOS="2374" HPOS="754"/>
							<String ID="string_353" HPOS="776" VPOS="2375" WIDTH="122" HEIGHT="31" WC="0.96" CONTENT="ideella"/><SP WIDTH="22" VPOS="2375" HPOS="898"/>
							<String ID="string_354" HPOS="920" VPOS="2377" WIDTH="211" HEIGHT="41" WC="0.96" CONTENT="föreningar."/><SP WIDTH="24" VPOS="2377" HPOS="1131"/>
							<String ID="string_355" HPOS="1155" VPOS="2382" WIDTH="276" HEIGHT="33" WC="0.96" CONTENT="Verksamheten"/><SP WIDTH="21" VPOS="2382" HPOS="1431"/>
							<String ID="string_356" HPOS="1452" VPOS="2386" WIDTH="145" HEIGHT="40" WC="0.96" CONTENT="började"/><SP WIDTH="24" VPOS="2386" HPOS="1597"/>
							<String ID="string_357" HPOS="1621" VPOS="2389" WIDTH="83" HEIGHT="30" WC="0.96" CONTENT="1934"/>
						</TextLine>
						<TextLine ID="line_38" HPOS="219" VPOS="2412" WIDTH="1483" HEIGHT="55">
							<String ID="string_358" HPOS="219" VPOS="2412" WIDTH="65" HEIGHT="29" WC="0.96" CONTENT="och"/><SP WIDTH="19" VPOS="2412" HPOS="284"/>
							<String ID="string_359" HPOS="303" VPOS="2413" WIDTH="169" HEIGHT="31" WC="0.96" CONTENT="omfattar"/><SP WIDTH="19" VPOS="2413" HPOS="472"/>
							<String ID="string_360" HPOS="491" VPOS="2415" WIDTH="155" HEIGHT="39" WC="0.96" CONTENT="följande"/><SP WIDTH="21" VPOS="2415" HPOS="646"/>
							<String ID="string_361" HPOS="667" VPOS="2417" WIDTH="136" HEIGHT="32" WC="0.96" CONTENT="länder:"/><SP WIDTH="22" VPOS="2417" HPOS="803"/>
							<String ID="string_362" HPOS="825" VPOS="2420" WIDTH="150" HEIGHT="40" WC="0.95" CONTENT="Belgien,"/><SP WIDTH="21" VPOS="2420" HPOS="975"/>
							<String ID="string_363" HPOS="996" VPOS="2423" WIDTH="204" HEIGHT="36" WC="0.96" CONTENT="Frankrike,"/><SP WIDTH="20" VPOS="2423" HPOS="1200"/>
							<String ID="string_364" HPOS="1220" VPOS="2427" WIDTH="150" HEIGHT="31" WC="0.96" CONTENT="Förenta"/><SP WIDTH="21" VPOS="2427" HPOS="1370"/>
							<String ID="string_365" HPOS="1391" VPOS="2432" WIDTH="163" HEIGHT="34" WC="0.96" CONTENT="staterna,"/><SP WIDTH="21" VPOS="2432" HPOS="1554"/>
							<String ID="string_366" HPOS="1575" VPOS="2432" WIDTH="127" HEIGHT="35" WC="0.96" CONTENT="Irland,"/>
						</TextLine>
						<TextLine ID="line_39" HPOS="219" VPOS="2455" WIDTH="1331" HEIGHT="52">
							<String ID="string_367" HPOS="219" VPOS="2455" WIDTH="292" HEIGHT="39" WC="0.96" CONTENT="Nederländerna,"/><SP WIDTH="19" VPOS="2455" HPOS="511"/>
							<String ID="string_368" HPOS="530" VPOS="2460" WIDTH="160" HEIGHT="36" WC="0.96" CONTENT="Schweiz,"/><SP WIDTH="19" VPOS="2460" HPOS="690"/>
							<String ID="string_369" HPOS="709" VPOS="2463" WIDTH="288" HEIGHT="37" WC="0.96" CONTENT="Storbritannien,"/><SP WIDTH="19" VPOS="2463" HPOS="997"/>
							<String ID="string_370" HPOS="1016" VPOS="2468" WIDTH="249" HEIGHT="39" WC="0.96" CONTENT="Västtyskland"/><SP WIDTH="17" VPOS="2468" HPOS="1265"/>
							<String ID="string_371" HPOS="1282" VPOS="2472" WIDTH="65" HEIGHT="29" WC="0.96" CONTENT="och"/><SP WIDTH="17" VPOS="2472" HPOS="1347"/>
							<String ID="string_372" HPOS="1364" VPOS="2472" WIDTH="186" HEIGHT="33" WC="0.96" CONTENT="Österrike."/>
						</TextLine>
					</TextBlock>
				</ComposedBlock>
			</PrintSpace>
		</Page>
	</Layout>
</alto>
