1918 2832
613 165 225 30 Statsutskottets
859 166 148 29 utlåtande
1029 166 47 28 Nr
1099 166 68 29 126.
1604 163 36 31 11

191 238 174 42 Slutligen
398 250 80 21 vore
513 241 51 30 att
586 241 132 36 nämna,
744 241 50 29 att
817 239 197 42 betydande
1037 238 267 43 prisstegringar
1327 240 19 30 å
1367 238 190 42 byggnads-
1580 238 63 32 och

139 281 317 42 ledningsmaterial
479 283 58 39 ägt
559 292 74 21 rum
657 282 86 31 efter
765 281 462 41 kostnadsberäkningarnas
1250 282 224 40 uppgörande
1491 282 88 30 samt
1594 282 50 30 att

138 323 59 32 det
228 323 173 41 beviljade
435 324 156 41 anslaget
613 325 104 40 något
740 323 209 42 understigit
972 323 59 32 det
1053 323 136 42 belopp,
1213 323 115 31 vartill
1351 322 231 32 kostnaderna
1604 333 40 21 av

138 366 319 41 anstaltsstyrelsen
480 365 193 33 beräknats.

191 424 123 33 Under
346 425 207 42 hänvisning
586 425 53 31 till
672 425 59 32 det
764 425 143 32 anförda
929 425 62 31 har
1013 424 351 42 byggnadsstyrelsen
1386 424 185 38 hemställt,
1595 425 50 30 att

141 476 199 41 ytterligare
375 476 113 38 15,000
520 475 127 32 kronor
679 478 106 30 måtte
820 476 118 31 ställas
973 475 55 33 till
1056 475 189 42 styrelsens
1267 474 201 42 förfogande
1490 475 53 31 för
1566 475 80 31 slut-

137 526 143 32 förande
303 538 41 20 av
367 527 146 31 berörda
535 527 149 31 arbeten.

193 578 388 40 Departementschefen
599 578 61 31 har
679 578 54 31 för
752 589 86 30 egen
858 578 55 31 del
933 578 123 31 anfört.

192 627 124 33 Såsom
350 628 148 42 framgår
530 639 41 21 av
604 628 371 42 byggnadsstyrelsens
1010 627 253 42 framställning
1285 627 12 31 i
1320 628 114 30 ämnet
1456 627 87 31 hava
1564 626 82 32 flera

140 670 295 41 omständigheter
467 670 157 39 medfört,
648 673 50 29 att
728 670 187 42 utgifterna
937 671 53 30 för
1012 670 255 41 ifrågavarande
1291 669 140 32 arbeten
1453 669 59 31 vid
1536 668 110 32 Svart-

140 712 52 42 sjö
225 713 138 31 komma
396 714 50 30 att
469 713 171 41 överstiga
663 712 58 32 det
744 713 139 41 belopp,
906 712 115 32 vartill
1044 713 174 30 desamma
1241 723 41 20 av
1305 711 265 32 statsmakterna
1592 711 53 32 be-

139 755 150 32 räknats.
335 755 76 31 Mot
444 755 190 41 styrelsens
667 755 253 41 uppskattning
953 766 41 20 av
1017 754 307 32 merkostnaderna
1346 754 97 31 torde
1466 754 74 31 icke
1566 764 80 21 vara

139 799 104 39 något
270 799 51 29 att
349 797 119 32 erinra.
514 797 69 32 För
616 797 166 31 täckande
816 808 41 20 av
891 797 260 41 merutgifterna
1183 797 89 31 lärer
1299 796 58 31 det
1377 797 54 31 för
1452 796 194 31 ändamålet

139 839 164 32 anvisade
337 839 155 42 anslaget
525 851 41 20 av
590 839 134 39 120,000
746 840 128 31 kronor
897 840 33 30 få
952 839 187 32 förstärkas
1162 839 79 31 med
1266 839 114 38 15,000
1401 838 136 32 kronor.
1581 838 66 41 Jag

139 881 153 39 föreslår,
317 883 50 30 att
389 882 277 41 förstärkningen
689 884 80 39 äger
791 893 75 20 rum
890 892 123 31 genom
1038 881 187 32 anvisande
1241 892 42 20 av
1298 881 222 41 erforderliga
1534 880 112 32 medel

139 925 44 40 på
205 924 210 42 tilläggsstat
438 924 53 31 till
514 926 91 30 årets
627 924 151 32 riksstat.

195 1018 181 31 Utskottet
399 1018 113 31 finner
536 1017 53 42 sig
612 1018 82 31 böra
717 1018 174 40 tillstyrka
913 1017 100 32 bifall
1037 1017 55 32 till
1115 1017 126 42 Kungl.
1267 1017 120 41 Maj:ts
1411 1017 138 41 förslag.
1586 1016 58 32 Ut-

143 1068 127 32 skottet
286 1068 197 32 hemställer
500 1068 109 38 alltså,

450 1145 50 30 att
534 1143 182 42 riksdagen
750 1145 55 30 må
839 1144 52 31 till
926 1144 130 31 Statens
1092 1143 344 41 tvångsarbetsanstalt
1457 1145 21 30 å
1501 1142 148 42 Svartsjö

408 1194 54 32 och
496 1197 122 29 statens
650 1194 293 32 alkoholistanstalt
976 1195 185 31 därstädes:
1191 1194 97 32 Vissa
1311 1194 296 41 byggnadsarbeten
1628 1195 19 30 å

408 1245 211 42 tilläggsstat
640 1245 38 31 II
701 1245 53 31 till
774 1244 187 33 riksstaten
977 1245 53 31 för
1045 1245 205 41 budgetåret
1267 1244 138 32 1939/40
1420 1244 110 32 under
1544 1244 103 32 femte

409 1296 219 31 huvudtiteln
651 1296 119 32 anvisa
793 1298 50 30 ett
864 1296 351 41 reservationsanslag
1238 1306 41 21 av
1303 1295 113 39 15,000
1437 1295 136 33 kronor.

196 1354 200 33 Stockholm
419 1355 66 32 den
508 1356 40 31 26
572 1356 86 41 april
681 1355 91 32 1940.

639 1449 49 31 På
711 1449 276 31 statsutskottets
1010 1450 136 39 vägnar:

671 1524 190 32 ANDERS
891 1523 228 33 RÄSTOCK.

196 1749 218 29 Närvarande:
439 1750 38 29 Se
501 1750 101 28 under
626 1749 182 29 utlåtandet
830 1759 38 18 nr
894 1750 67 28 123.

1704 1021 131 23 Utskottet.
