2190 2651
695 178 122 30 Banko-
826 177 163 31 Utskottets
1012 174 201 32 Betänkande
1235 174 58 29 N:o
1316 174 50 28 20.
1757 171 34 27 11

241 268 113 36 tioner
382 268 31 47 ej
452 270 47 45 på
527 265 155 37 förhand
713 265 226 48 förfärdigas
955 264 58 35 till

248 318 238 49 upptagande
506 318 109 36 bland
636 317 384 46 kassabehållningen,

244 376 86 30 utan
389 368 278 37 underskrifvas
720 368 128 35 endast
889 368 8 34 i
942 367 69 35 den

245 424 96 41 mån,
383 434 76 21 som
494 420 44 35 de
567 420 7 34 i
606 420 67 34 och
703 418 57 36 för
788 418 226 46 afdelnings-

246 473 190 34 kontorets
464 471 136 35 rörelse
630 468 199 46 erfordras,
850 475 97 30 samt
963 473 53 30 att

246 522 83 36 med
359 521 92 36 först
479 521 180 46 afgående
679 527 85 42 post
785 520 93 36 efter
899 520 113 46 assig-

246 574 234 35 nationernas
493 572 213 47 utgifvande
720 571 221 46 förteckning
953 569 57 48 på

247 626 200 41 desamma,
475 623 253 49 innefattande
757 633 182 33 nummer,
958 621 63 35 da-

245 682 76 29 tum
349 675 65 35 och
435 686 155 29 summa,
605 674 57 35 till
678 673 243 36 riksbankens
938 670 77 37 huf-

246 726 217 49 vudkontor
489 724 182 37 insändes.

320 770 292 55 Öfverflyttning
649 775 35 36 af
712 775 121 36 medel
862 774 81 36 från
973 786 46 23 en

250 829 57 35 till
336 840 120 23 annan
478 827 157 45 räkning
651 827 10 34 i
677 826 243 35 riksbankens
937 823 82 36 huf-

250 879 210 36 vudkontor
512 878 87 35 eller
646 876 230 37 omedelbart
915 881 107 41 uttag

247 931 83 36 från
352 929 404 47 afdelningskontorets
773 927 154 46 räkning
943 927 83 35 der-

250 981 124 36 städes
408 980 219 36 verkställer
654 979 180 48 styrelsen
864 977 157 36 medelst

252 1031 221 38 utfärdande
508 1030 39 36 af
571 1029 266 37 handskrifven
860 1029 163 48 assigna-

246 1085 86 35 tion.

330 1289 91 36 Lika
450 1287 84 37 med
563 1286 18 48 $
611 1289 46 34 94
686 1299 110 23 mom.
828 1288 16 32 1
875 1285 65 36 och
970 1287 32 33 2.

1066 263 56 36 till
1151 260 234 51 upptagande
1413 260 9 35 i
1451 257 274 48 behållningen,
1748 261 89 31 utan

1074 314 105 35 skola
1225 310 275 38 underskrifvas
1541 308 131 37 endast
1713 310 11 33 i
1766 306 71 37 den

1066 367 95 42 mån,
1203 377 80 23 som
1326 362 43 37 de
1410 361 56 36 för
1498 359 341 47 afdelningskonto-

1068 422 73 30 rets
1195 416 138 35 rörelse
1388 411 204 44 erfordras;
1632 416 98 30 samt
1783 414 55 31 att

1071 466 84 36 med
1185 466 115 36 första
1329 464 91 37 efter
1448 462 303 48 anvisningarnes
1769 473 69 23 un-

1069 517 277 45 derskrifvande
1388 513 177 48 afgående
1599 518 83 43 post
1709 515 130 33 anmä-

1064 569 60 35 lan
1165 581 55 22 om
1260 566 238 45 utfärdandet
1531 565 79 35 med
1644 562 147 49 uppgift
1819 565 22 33 &

1074 631 183 31 nummer,
1299 616 271 50 utgifningsdag
1611 614 60 36 och
1710 625 130 24 namn-

1068 670 204 48 teckningar
1312 672 20 32 å
1360 667 286 47 anvisningarne
1674 665 56 36 till
1758 662 84 38 huf-

1074 721 253 36 vudkontoret
1352 718 184 37 insändes.

1123 765 292 55 Öfverflyttning
1455 768 39 37 af
1530 767 118 36 medel
1688 766 81 36 från
1798 778 46 24 en

1073 824 56 35 till
1158 835 120 23 annan
1306 821 157 47 räkning
1478 820 10 35 i
1505 818 239 36 riksbankens
1760 816 85 36 huf-

1075 874 214 36 vudkontor
1335 873 91 35 eller
1466 869 233 37 omedelbart
1739 873 108 43 uttag

1078 925 79 36 från
1174 923 401 49 afdelningskontorets
1591 920 159 46 räkning
1766 918 81 37 der-

1074 976 123 36 städes
1239 974 216 37 verkställer
1482 972 181 49 styrelsen
1692 969 156 38 medelst

1078 1026 220 37 utfärdande
1314 1024 38 37 af
1363 1022 261 39 handskrifven
1642 1020 205 49 anvisning.

1399 1191 18 48 $
1448 1194 55 34 64.

1129 1280 110 37 Mom.
1271 1282 30 33 1.
1354 1276 424 48 Afdelningskontorens
1793 1280 59 29 rä-

1079 1332 204 46 kenskaper
1325 1329 66 36 och
1420 1327 228 47 förvaltning
1675 1324 178 50 granskas

1081 1384 141 46 årligen
1237 1394 133 35 genom
1386 1379 83 50 fyra
1486 1390 187 38 personer,
1691 1376 32 37 af
1729 1375 125 36 hvilka

1081 1434 231 48 Riksdagens
1340 1432 188 36 kammare
1557 1435 81 30 utse
1668 1426 186 38 hvardera

1082 1489 73 33 två.

1134 1537 111 36 Mom.
1276 1538 32 33 2.
1362 1532 226 38 Berättelser
1606 1530 104 36 skola
1730 1527 39 37 af
1780 1533 76 43 sty-

1084 1589 164 36 relserna
1289 1584 158 49 afgifvas
1474 1582 100 37 såväl
1601 1581 55 36 till
1684 1578 172 38 bemälde

1085 1640 194 41 revisorer,
1307 1644 67 28 när
1403 1636 44 35 de
1476 1631 291 44 sammanträda,
1796 1642 61 24 an-

1087 1689 142 50 gående
1282 1686 308 46 diskonterings-,
1640 1684 102 35 låne-
1788 1681 70 36 och

1087 1739 328 39 kreditivrörelsen
1444 1741 95 32 samt
1555 1733 220 38 hithörande
1792 1733 67 36 be-

1086 1792 198 45 vaknings-
1343 1790 67 35 och
1464 1783 396 50 utsökningsärenden,

1089 1857 79 23 som
1208 1843 57 35 till
1298 1840 232 47 Riksdagens
1557 1835 304 39 Banko-Utskott

1089 1895 67 36 och
1199 1893 183 36 revisorer
1423 1891 102 36 öfver
1565 1893 124 39 stats-,
1723 1886 138 37 banko-

1090 1946 67 36 och
1184 1942 318 49 riksgäldsverken
1529 1938 192 49 angående
1746 1937 116 36 afdel-

1090 1995 297 49 ningskontorets
1427 1992 137 36 rörelse
1598 1993 45 46 på
1672 1989 62 36 det
1761 1988 101 44 hela;

1093 2046 164 39 börande
1299 2043 230 38 sistnämnda
1561 2041 220 37 berättelser
1807 2039 56 36 till

1091 2097 233 47 fullmäktige
1352 2095 191 42 inlemnas,
1560 2092 71 36 den
1646 2092 55 36 till
1716 2090 148 37 Banko-

1082 2150 193 36 Utskottet
1302 2151 124 32 senast
1451 2150 19 31 å
1486 2145 120 48 dagen
1622 2142 80 37 före
1719 2140 143 38 riksda-

1083 2213 89 38 gens
1200 2199 130 48 början
1359 2197 68 35 och
1457 2196 69 36 den
1551 2195 57 35 till
1624 2194 232 36 revisorerne
