<?xml version="1.0" encoding="UTF-8"?>
<alto xmlns="http://www.loc.gov/standards/alto/ns-v3#" xmlns:xlink="http://www.w3.org/1999/xlink" xmlns:xsi="http://www.w3.org/2001/XMLSchema-instance" xsi:schemaLocation="http://www.loc.gov/standards/alto/ns-v3# http://www.loc.gov/alto/v3/alto-3-0.xsd">
	<Description>
		<MeasurementUnit>pixel</MeasurementUnit>
		<sourceImageInformation>
			<fileName>/tmp/tess_fq1w2czj_input.PNG</fileName>
		</sourceImageInformation>
		<OCRProcessing ID="OCR_0">
			<ocrProcessingStep>
				<processingSoftware>
					<softwareName>tesseract 5.3.0</softwareName>
				</processingSoftware>
			</ocrProcessingStep>
		</OCRProcessing>
	</Description>
	<Layout>
		<Page WIDTH="2132" HEIGHT="2638" PHYSICAL_IMG_NR="0" ID="page_0">
			<PrintSpace HPOS="0" VPOS="0" WIDTH="2132" HEIGHT="2638">
				<ComposedBlock ID="cblock_0" HPOS="465" VPOS="164" WIDTH="1274" HEIGHT="41">
					<TextBlock ID="block_0" HPOS="465" VPOS="164" WIDTH="1274" HEIGHT="41">
						<TextLine ID="line_0" HPOS="465" VPOS="164" WIDTH="1274" HEIGHT="41">
							<String ID="string_0" HPOS="465" VPOS="173" WIDTH="158" HEIGHT="28" WC="0.91" CONTENT="Sammans."/><SP WIDTH="23" VPOS="173" HPOS="623"/>
							<String ID="string_1" HPOS="646" VPOS="171" WIDTH="92" HEIGHT="28" WC="0.91" CONTENT="Stats-"/><SP WIDTH="25" VPOS="171" HPOS="738"/>
							<String ID="string_2" HPOS="763" VPOS="170" WIDTH="49" HEIGHT="28" WC="0.92" CONTENT="och"/><SP WIDTH="22" VPOS="170" HPOS="812"/>
							<String ID="string_3" HPOS="834" VPOS="167" WIDTH="337" HEIGHT="38" WC="0.91" CONTENT="Bevillnings-Utkottets"/><SP WIDTH="23" VPOS="167" HPOS="1171"/>
							<String ID="string_4" HPOS="1194" VPOS="166" WIDTH="193" HEIGHT="28" WC="0.96" CONTENT="Betänkande"/><SP WIDTH="27" VPOS="166" HPOS="1387"/>
							<String ID="string_5" HPOS="1414" VPOS="165" WIDTH="57" HEIGHT="28" WC="0.94" CONTENT="N:o"/><SP WIDTH="22" VPOS="165" HPOS="1471"/>
							<String ID="string_6" HPOS="1493" VPOS="164" WIDTH="27" HEIGHT="29" WC="0.93" CONTENT="I."/><SP WIDTH="201" VPOS="164" HPOS="1520"/>
							<String ID="string_7" HPOS="1721" VPOS="165" WIDTH="18" HEIGHT="27" WC="0.96" CONTENT="3"/>
						</TextLine>
					</TextBlock>
				</ComposedBlock>
				<ComposedBlock ID="cblock_1" HPOS="190" VPOS="241" WIDTH="1601" HEIGHT="2073">
					<TextBlock ID="block_1" HPOS="190" VPOS="241" WIDTH="1593" HEIGHT="315">
						<TextLine ID="line_1" HPOS="191" VPOS="241" WIDTH="1590" HEIGHT="56">
							<String ID="string_8" HPOS="191" VPOS="254" WIDTH="98" HEIGHT="33" WC="0.96" CONTENT="dande"/><SP WIDTH="28" VPOS="254" HPOS="289"/>
							<String ID="string_9" HPOS="317" VPOS="254" WIDTH="32" HEIGHT="32" WC="0.79" CONTENT="al"/><SP WIDTH="25" VPOS="254" HPOS="349"/>
							<String ID="string_10" HPOS="374" VPOS="264" WIDTH="55" HEIGHT="33" WC="0.96" CONTENT="nya"/><SP WIDTH="31" VPOS="264" HPOS="429"/>
							<String ID="string_11" HPOS="460" VPOS="252" WIDTH="159" HEIGHT="42" WC="0.92" CONTENT="spelkort;"/><SP WIDTH="37" VPOS="252" HPOS="619"/>
							<String ID="string_12" HPOS="656" VPOS="250" WIDTH="55" HEIGHT="32" WC="0.96" CONTENT="och"/><SP WIDTH="30" VPOS="250" HPOS="711"/>
							<String ID="string_13" HPOS="741" VPOS="261" WIDTH="49" HEIGHT="22" WC="0.96" CONTENT="om"/><SP WIDTH="29" VPOS="261" HPOS="790"/>
							<String ID="string_14" HPOS="819" VPOS="249" WIDTH="86" HEIGHT="33" WC="0.96" CONTENT="äfven"/><SP WIDTH="30" VPOS="249" HPOS="905"/>
							<String ID="string_15" HPOS="935" VPOS="247" WIDTH="83" HEIGHT="34" WC="0.96" CONTENT="detta"/><SP WIDTH="31" VPOS="247" HPOS="1018"/>
							<String ID="string_16" HPOS="1049" VPOS="250" WIDTH="47" HEIGHT="30" WC="0.93" CONTENT="må"/><SP WIDTH="30" VPOS="250" HPOS="1096"/>
							<String ID="string_17" HPOS="1126" VPOS="252" WIDTH="126" HEIGHT="38" WC="0.90" CONTENT="antagas"/><SP WIDTH="29" VPOS="252" HPOS="1252"/>
							<String ID="string_18" HPOS="1281" VPOS="248" WIDTH="6" HEIGHT="30" WC="0.96" CONTENT="i"/><SP WIDTH="32" VPOS="248" HPOS="1287"/>
							<String ID="string_19" HPOS="1319" VPOS="249" WIDTH="97" HEIGHT="40" WC="0.96" CONTENT="någon"/><SP WIDTH="30" VPOS="249" HPOS="1416"/>
							<String ID="string_20" HPOS="1446" VPOS="247" WIDTH="70" HEIGHT="31" WC="0.87" CONTENT="mån"/><SP WIDTH="30" VPOS="247" HPOS="1516"/>
							<String ID="string_21" HPOS="1546" VPOS="244" WIDTH="88" HEIGHT="33" WC="0.73" CONTENT="hlifva"/><SP WIDTH="32" VPOS="244" HPOS="1634"/>
							<String ID="string_22" HPOS="1666" VPOS="241" WIDTH="115" HEIGHT="47" WC="0.96" CONTENT="följden"/>
						</TextLine>
						<TextLine ID="line_2" HPOS="191" VPOS="296" WIDTH="1590" HEIGHT="53">
							<String ID="string_23" HPOS="191" VPOS="306" WIDTH="31" HEIGHT="33" WC="0.77" CONTENT="al"/><SP WIDTH="39" VPOS="306" HPOS="222"/>
							<String ID="string_24" HPOS="261" VPOS="317" WIDTH="36" HEIGHT="21" WC="0.95" CONTENT="en"/><SP WIDTH="31" VPOS="317" HPOS="297"/>
							<String ID="string_25" HPOS="328" VPOS="308" WIDTH="30" HEIGHT="30" WC="0.95" CONTENT="så"/><SP WIDTH="32" VPOS="308" HPOS="358"/>
							<String ID="string_26" HPOS="390" VPOS="303" WIDTH="134" HEIGHT="46" WC="0.92" CONTENT="betydlig"/><SP WIDTH="29" VPOS="303" HPOS="524"/>
							<String ID="string_27" HPOS="553" VPOS="301" WIDTH="282" HEIGHT="44" WC="0.77" CONTENT="skatteförhöjning"/><SP WIDTH="30" VPOS="301" HPOS="835"/>
							<String ID="string_28" HPOS="865" VPOS="312" WIDTH="65" HEIGHT="21" WC="0.96" CONTENT="som"/><SP WIDTH="30" VPOS="312" HPOS="930"/>
							<String ID="string_29" HPOS="960" VPOS="300" WIDTH="57" HEIGHT="33" WC="0.96" CONTENT="den"/><SP WIDTH="29" VPOS="300" HPOS="1017"/>
							<String ID="string_30" HPOS="1046" VPOS="311" WIDTH="40" HEIGHT="21" WC="0.80" CONTENT="nu"/><SP WIDTH="30" VPOS="311" HPOS="1086"/>
							<String ID="string_31" HPOS="1116" VPOS="299" WIDTH="188" HEIGHT="43" WC="0.94" CONTENT="ifrågasatta,"/><SP WIDTH="44" VPOS="299" HPOS="1304"/>
							<String ID="string_32" HPOS="1348" VPOS="300" WIDTH="79" HEIGHT="32" WC="0.96" CONTENT="lärer"/><SP WIDTH="28" VPOS="300" HPOS="1427"/>
							<String ID="string_33" HPOS="1455" VPOS="296" WIDTH="76" HEIGHT="34" WC="0.96" CONTENT="dock"/><SP WIDTH="30" VPOS="296" HPOS="1531"/>
							<String ID="string_34" HPOS="1561" VPOS="296" WIDTH="220" HEIGHT="33" WC="0.96" CONTENT="erfarenheten"/>
						</TextLine>
						<TextLine ID="line_3" HPOS="190" VPOS="346" WIDTH="1591" HEIGHT="52">
							<String ID="string_35" HPOS="190" VPOS="359" WIDTH="31" HEIGHT="32" WC="0.90" CONTENT="al"/><SP WIDTH="38" VPOS="359" HPOS="221"/>
							<String ID="string_36" HPOS="259" VPOS="359" WIDTH="59" HEIGHT="32" WC="0.92" CONTENT="den"/><SP WIDTH="43" VPOS="359" HPOS="318"/>
							<String ID="string_37" HPOS="361" VPOS="358" WIDTH="141" HEIGHT="31" WC="0.91" CONTENT="sednaste"/><SP WIDTH="42" VPOS="358" HPOS="502"/>
							<String ID="string_38" HPOS="544" VPOS="354" WIDTH="338" HEIGHT="44" WC="0.91" CONTENT="skatteförhöjningens"/><SP WIDTH="30" VPOS="354" HPOS="882"/>
							<String ID="string_39" HPOS="912" VPOS="350" WIDTH="158" HEIGHT="41" WC="0.96" CONTENT="inverkan,"/><SP WIDTH="28" VPOS="350" HPOS="1070"/>
							<String ID="string_40" HPOS="1098" VPOS="352" WIDTH="92" HEIGHT="42" WC="0.96" CONTENT="enligt"/><SP WIDTH="34" VPOS="352" HPOS="1190"/>
							<String ID="string_41" HPOS="1224" VPOS="351" WIDTH="73" HEIGHT="33" WC="0.95" CONTENT="hvad"/><SP WIDTH="31" VPOS="351" HPOS="1297"/>
							<String ID="string_42" HPOS="1328" VPOS="350" WIDTH="203" HEIGHT="45" WC="0.96" CONTENT="nyssnämnda"/><SP WIDTH="30" VPOS="350" HPOS="1531"/>
							<String ID="string_43" HPOS="1561" VPOS="348" WIDTH="121" HEIGHT="44" WC="0.95" CONTENT="uppgift"/><SP WIDTH="30" VPOS="348" HPOS="1682"/>
							<String ID="string_44" HPOS="1712" VPOS="346" WIDTH="69" HEIGHT="46" WC="0.90" CONTENT="(Bil."/>
						</TextLine>
						<TextLine ID="line_4" HPOS="191" VPOS="400" WIDTH="1590" HEIGHT="53">
							<String ID="string_45" HPOS="191" VPOS="412" WIDTH="43" HEIGHT="41" WC="0.87" CONTENT="A)"/><SP WIDTH="30" VPOS="412" HPOS="234"/>
							<String ID="string_46" HPOS="264" VPOS="411" WIDTH="126" HEIGHT="37" WC="0.95" CONTENT="utvisar,"/><SP WIDTH="36" VPOS="411" HPOS="390"/>
							<String ID="string_47" HPOS="426" VPOS="409" WIDTH="98" HEIGHT="31" WC="0.96" CONTENT="tillåta"/><SP WIDTH="28" VPOS="409" HPOS="524"/>
							<String ID="string_48" HPOS="552" VPOS="408" WIDTH="51" HEIGHT="31" WC="0.96" CONTENT="det"/><SP WIDTH="29" VPOS="408" HPOS="603"/>
							<String ID="string_49" HPOS="632" VPOS="407" WIDTH="182" HEIGHT="41" WC="0.96" CONTENT="antagande,"/><SP WIDTH="28" VPOS="407" HPOS="814"/>
							<String ID="string_50" HPOS="842" VPOS="410" WIDTH="44" HEIGHT="27" WC="0.88" CONTENT="att"/><SP WIDTH="28" VPOS="410" HPOS="886"/>
							<String ID="string_51" HPOS="914" VPOS="404" WIDTH="319" HEIGHT="42" WC="0.77" CONTENT="skatteförhöjningen"/><SP WIDTH="30" VPOS="404" HPOS="1233"/>
							<String ID="string_52" HPOS="1263" VPOS="403" WIDTH="74" HEIGHT="33" WC="0.95" CONTENT="skall"/><SP WIDTH="31" VPOS="403" HPOS="1337"/>
							<String ID="string_53" HPOS="1368" VPOS="405" WIDTH="7" HEIGHT="30" WC="0.96" CONTENT="i"/><SP WIDTH="30" VPOS="405" HPOS="1375"/>
							<String ID="string_54" HPOS="1405" VPOS="403" WIDTH="51" HEIGHT="31" WC="0.96" CONTENT="det"/><SP WIDTH="27" VPOS="403" HPOS="1456"/>
							<String ID="string_55" HPOS="1483" VPOS="402" WIDTH="65" HEIGHT="32" WC="0.96" CONTENT="hela"/><SP WIDTH="31" VPOS="402" HPOS="1548"/>
							<String ID="string_56" HPOS="1579" VPOS="400" WIDTH="135" HEIGHT="33" WC="0.95" CONTENT="medföra"/><SP WIDTH="31" VPOS="400" HPOS="1714"/>
							<String ID="string_57" HPOS="1745" VPOS="411" WIDTH="36" HEIGHT="21" WC="0.95" CONTENT="en"/>
						</TextLine>
						<TextLine ID="line_5" HPOS="190" VPOS="450" WIDTH="1593" HEIGHT="48">
							<String ID="string_58" HPOS="190" VPOS="460" WIDTH="81" HEIGHT="34" WC="0.45" CONTENT="ökad"/><SP WIDTH="43" VPOS="460" HPOS="271"/>
							<String ID="string_59" HPOS="314" VPOS="461" WIDTH="144" HEIGHT="31" WC="0.95" CONTENT="inkomst."/><SP WIDTH="55" VPOS="461" HPOS="458"/>
							<String ID="string_60" HPOS="513" VPOS="458" WIDTH="159" HEIGHT="33" WC="0.95" CONTENT="Utskottet"/><SP WIDTH="42" VPOS="458" HPOS="672"/>
							<String ID="string_61" HPOS="714" VPOS="458" WIDTH="52" HEIGHT="31" WC="0.70" CONTENT="bar"/><SP WIDTH="33" VPOS="458" HPOS="766"/>
							<String ID="string_62" HPOS="799" VPOS="457" WIDTH="119" HEIGHT="32" WC="0.96" CONTENT="således"/><SP WIDTH="28" VPOS="457" HPOS="918"/>
							<String ID="string_63" HPOS="946" VPOS="459" WIDTH="101" HEIGHT="29" WC="0.96" CONTENT="ansett"/><SP WIDTH="29" VPOS="459" HPOS="1047"/>
							<String ID="string_64" HPOS="1076" VPOS="454" WIDTH="45" HEIGHT="43" WC="0.95" CONTENT="sig"/><SP WIDTH="31" VPOS="454" HPOS="1121"/>
							<String ID="string_65" HPOS="1152" VPOS="455" WIDTH="69" HEIGHT="32" WC="0.96" CONTENT="böra"/><SP WIDTH="32" VPOS="455" HPOS="1221"/>
							<String ID="string_66" HPOS="1253" VPOS="455" WIDTH="153" HEIGHT="43" WC="0.94" CONTENT="tillstyrka"/><SP WIDTH="30" VPOS="455" HPOS="1406"/>
							<String ID="string_67" HPOS="1436" VPOS="454" WIDTH="56" HEIGHT="31" WC="0.95" CONTENT="den"/><SP WIDTH="29" VPOS="454" HPOS="1492"/>
							<String ID="string_68" HPOS="1521" VPOS="453" WIDTH="172" HEIGHT="40" WC="0.92" CONTENT="föreslagna"/><SP WIDTH="31" VPOS="453" HPOS="1693"/>
							<String ID="string_69" HPOS="1724" VPOS="450" WIDTH="59" HEIGHT="33" WC="0.89" CONTENT="för-"/>
						</TextLine>
						<TextLine ID="line_6" HPOS="192" VPOS="506" WIDTH="864" HEIGHT="50">
							<String ID="string_70" HPOS="192" VPOS="513" WIDTH="166" HEIGHT="43" WC="0.76" CONTENT="böjningen"/><SP WIDTH="31" VPOS="513" HPOS="358"/>
							<String ID="string_71" HPOS="389" VPOS="514" WIDTH="7" HEIGHT="30" WC="0.93" CONTENT="i"/><SP WIDTH="29" VPOS="514" HPOS="396"/>
							<String ID="string_72" HPOS="425" VPOS="509" WIDTH="127" HEIGHT="44" WC="0.91" CONTENT="afgiften"/><SP WIDTH="31" VPOS="509" HPOS="552"/>
							<String ID="string_73" HPOS="583" VPOS="510" WIDTH="45" HEIGHT="32" WC="0.95" CONTENT="för"/><SP WIDTH="29" VPOS="510" HPOS="628"/>
							<String ID="string_74" HPOS="657" VPOS="510" WIDTH="165" HEIGHT="43" WC="0.95" CONTENT="stämpling"/><SP WIDTH="30" VPOS="510" HPOS="822"/>
							<String ID="string_75" HPOS="852" VPOS="508" WIDTH="31" HEIGHT="32" WC="0.96" CONTENT="af"/><SP WIDTH="25" VPOS="508" HPOS="883"/>
							<String ID="string_76" HPOS="908" VPOS="506" WIDTH="148" HEIGHT="44" WC="0.96" CONTENT="spelkort."/>
						</TextLine>
					</TextBlock>
					<TextBlock ID="block_2" HPOS="190" VPOS="552" WIDTH="1601" HEIGHT="1762">
						<TextLine ID="line_7" HPOS="325" VPOS="552" WIDTH="1459" HEIGHT="52">
							<String ID="string_77" HPOS="325" VPOS="563" WIDTH="245" HEIGHT="33" WC="0.91" CONTENT="Vidkommande"/><SP WIDTH="29" VPOS="563" HPOS="570"/>
							<String ID="string_78" HPOS="599" VPOS="560" WIDTH="136" HEIGHT="34" WC="0.95" CONTENT="härefter"/><SP WIDTH="27" VPOS="560" HPOS="735"/>
							<String ID="string_79" HPOS="762" VPOS="561" WIDTH="57" HEIGHT="32" WC="0.96" CONTENT="den"/><SP WIDTH="30" VPOS="561" HPOS="819"/>
							<String ID="string_80" HPOS="849" VPOS="558" WIDTH="108" HEIGHT="46" WC="0.96" CONTENT="gjorda"/><SP WIDTH="31" VPOS="558" HPOS="957"/>
							<String ID="string_81" HPOS="988" VPOS="558" WIDTH="278" HEIGHT="42" WC="0.89" CONTENT="framställningen,"/><SP WIDTH="36" VPOS="558" HPOS="1266"/>
							<String ID="string_82" HPOS="1302" VPOS="561" WIDTH="44" HEIGHT="29" WC="0.93" CONTENT="att"/><SP WIDTH="27" VPOS="561" HPOS="1346"/>
							<String ID="string_83" HPOS="1373" VPOS="553" WIDTH="222" HEIGHT="36" WC="0.91" CONTENT="ofvanberörda"/><SP WIDTH="31" VPOS="553" HPOS="1595"/>
							<String ID="string_84" HPOS="1626" VPOS="552" WIDTH="158" HEIGHT="34" WC="0.90" CONTENT="barmher-"/>
						</TextLine>
						<TextLine ID="line_8" HPOS="191" VPOS="602" WIDTH="1593" HEIGHT="57">
							<String ID="string_85" HPOS="191" VPOS="616" WIDTH="337" HEIGHT="43" WC="0.87" CONTENT="tighetsinrättningar,"/><SP WIDTH="42" VPOS="616" HPOS="528"/>
							<String ID="string_86" HPOS="570" VPOS="611" WIDTH="101" HEIGHT="34" WC="0.93" CONTENT="hvilka"/><SP WIDTH="42" VPOS="611" HPOS="671"/>
							<String ID="string_87" HPOS="713" VPOS="613" WIDTH="47" HEIGHT="32" WC="0.95" CONTENT="för"/><SP WIDTH="42" VPOS="613" HPOS="760"/>
							<String ID="string_88" HPOS="802" VPOS="610" WIDTH="187" HEIGHT="33" WC="0.95" CONTENT="närvarande"/><SP WIDTH="36" VPOS="610" HPOS="989"/>
							<String ID="string_89" HPOS="1025" VPOS="611" WIDTH="118" HEIGHT="42" WC="0.94" CONTENT="åtnjuta"/><SP WIDTH="41" VPOS="611" HPOS="1143"/>
							<String ID="string_90" HPOS="1184" VPOS="612" WIDTH="75" HEIGHT="29" WC="0.95" CONTENT="vissa"/><SP WIDTH="40" VPOS="612" HPOS="1259"/>
							<String ID="string_91" HPOS="1299" VPOS="608" WIDTH="122" HEIGHT="33" WC="0.95" CONTENT="andelar"/><SP WIDTH="29" VPOS="608" HPOS="1421"/>
							<String ID="string_92" HPOS="1450" VPOS="608" WIDTH="32" HEIGHT="32" WC="0.95" CONTENT="af"/><SP WIDTH="24" VPOS="608" HPOS="1482"/>
							<String ID="string_93" HPOS="1506" VPOS="602" WIDTH="278" HEIGHT="51" WC="0.92" CONTENT="kortstämplings-"/>
						</TextLine>
						<TextLine ID="line_9" HPOS="191" VPOS="657" WIDTH="1591" HEIGHT="51">
							<String ID="string_94" HPOS="191" VPOS="667" WIDTH="133" HEIGHT="41" WC="0.96" CONTENT="medlen,"/><SP WIDTH="29" VPOS="667" HPOS="324"/>
							<String ID="string_95" HPOS="353" VPOS="666" WIDTH="87" HEIGHT="34" WC="0.95" CONTENT="skola"/><SP WIDTH="29" VPOS="666" HPOS="440"/>
							<String ID="string_96" HPOS="469" VPOS="667" WIDTH="6" HEIGHT="30" WC="0.96" CONTENT="i"/><SP WIDTH="31" VPOS="667" HPOS="475"/>
							<String ID="string_97" HPOS="506" VPOS="666" WIDTH="102" HEIGHT="32" WC="0.94" CONTENT="stället"/><SP WIDTH="31" VPOS="666" HPOS="608"/>
							<String ID="string_98" HPOS="639" VPOS="664" WIDTH="110" HEIGHT="33" WC="0.96" CONTENT="erhålla"/><SP WIDTH="32" VPOS="664" HPOS="749"/>
							<String ID="string_99" HPOS="781" VPOS="662" WIDTH="156" HEIGHT="34" WC="0.96" CONTENT="bestämda"/><SP WIDTH="30" VPOS="662" HPOS="937"/>
							<String ID="string_100" HPOS="967" VPOS="663" WIDTH="197" HEIGHT="41" WC="0.96" CONTENT="statsbidrag,"/><SP WIDTH="29" VPOS="663" HPOS="1164"/>
							<String ID="string_101" HPOS="1193" VPOS="663" WIDTH="32" HEIGHT="30" WC="0.96" CONTENT="så"/><SP WIDTH="29" VPOS="663" HPOS="1225"/>
							<String ID="string_102" HPOS="1254" VPOS="662" WIDTH="79" HEIGHT="31" WC="0.95" CONTENT="visar"/><SP WIDTH="16" VPOS="662" HPOS="1333"/>
							<String ID="string_103" HPOS="1349" VPOS="661" WIDTH="57" HEIGHT="31" WC="0.96" CONTENT="den"/><SP WIDTH="18" VPOS="661" HPOS="1406"/>
							<String ID="string_104" HPOS="1424" VPOS="660" WIDTH="175" HEIGHT="40" WC="0.52" CONTENT="utredning,"/><SP WIDTH="23" VPOS="660" HPOS="1599"/>
							<String ID="string_105" HPOS="1622" VPOS="659" WIDTH="54" HEIGHT="31" WC="0.96" CONTENT="här"/><SP WIDTH="16" VPOS="659" HPOS="1676"/>
							<String ID="string_106" HPOS="1692" VPOS="657" WIDTH="90" HEIGHT="32" WC="0.96" CONTENT="ofvan"/>
						</TextLine>
						<TextLine ID="line_10" HPOS="192" VPOS="707" WIDTH="1591" HEIGHT="50">
							<String ID="string_107" HPOS="192" VPOS="721" WIDTH="95" HEIGHT="31" WC="0.91" CONTENT="blifvit"/><SP WIDTH="31" VPOS="721" HPOS="287"/>
							<String ID="string_108" HPOS="318" VPOS="719" WIDTH="131" HEIGHT="38" WC="0.91" CONTENT="lemnad,"/><SP WIDTH="37" VPOS="719" HPOS="449"/>
							<String ID="string_109" HPOS="486" VPOS="723" WIDTH="44" HEIGHT="27" WC="0.87" CONTENT="att"/><SP WIDTH="31" VPOS="723" HPOS="530"/>
							<String ID="string_110" HPOS="561" VPOS="717" WIDTH="127" HEIGHT="32" WC="0.95" CONTENT="berörda"/><SP WIDTH="33" VPOS="717" HPOS="688"/>
							<String ID="string_111" HPOS="721" VPOS="716" WIDTH="155" HEIGHT="32" WC="0.95" CONTENT="förmåner"/><SP WIDTH="28" VPOS="716" HPOS="876"/>
							<String ID="string_112" HPOS="904" VPOS="714" WIDTH="92" HEIGHT="33" WC="0.96" CONTENT="sedan"/><SP WIDTH="31" VPOS="714" HPOS="996"/>
							<String ID="string_113" HPOS="1027" VPOS="715" WIDTH="105" HEIGHT="42" WC="0.96" CONTENT="längre"/><SP WIDTH="29" VPOS="715" HPOS="1132"/>
							<String ID="string_114" HPOS="1161" VPOS="713" WIDTH="78" HEIGHT="32" WC="0.96" CONTENT="tider"/><SP WIDTH="27" VPOS="713" HPOS="1239"/>
							<String ID="string_115" HPOS="1266" VPOS="712" WIDTH="123" HEIGHT="32" WC="0.96" CONTENT="tillbaka"/><SP WIDTH="31" VPOS="712" HPOS="1389"/>
							<String ID="string_116" HPOS="1420" VPOS="716" WIDTH="52" HEIGHT="38" WC="0.96" CONTENT="egt"/><SP WIDTH="29" VPOS="716" HPOS="1472"/>
							<String ID="string_117" HPOS="1501" VPOS="721" WIDTH="68" HEIGHT="22" WC="0.96" CONTENT="rum"/><SP WIDTH="27" VPOS="721" HPOS="1569"/>
							<String ID="string_118" HPOS="1596" VPOS="710" WIDTH="57" HEIGHT="32" WC="0.95" CONTENT="och"/><SP WIDTH="30" VPOS="710" HPOS="1653"/>
							<String ID="string_119" HPOS="1683" VPOS="707" WIDTH="100" HEIGHT="34" WC="0.95" CONTENT="blifvit"/>
						</TextLine>
						<TextLine ID="line_11" HPOS="192" VPOS="760" WIDTH="1591" HEIGHT="52">
							<String ID="string_120" HPOS="192" VPOS="773" WIDTH="86" HEIGHT="32" WC="0.92" CONTENT="dessa"/><SP WIDTH="31" VPOS="773" HPOS="278"/>
							<String ID="string_121" HPOS="309" VPOS="769" WIDTH="474" HEIGHT="43" WC="0.91" CONTENT="barmhertighetsinrättningar"/><SP WIDTH="24" VPOS="769" HPOS="783"/>
							<String ID="string_122" HPOS="807" VPOS="765" WIDTH="146" HEIGHT="45" WC="0.96" CONTENT="förnyade"/><SP WIDTH="30" VPOS="765" HPOS="953"/>
							<String ID="string_123" HPOS="983" VPOS="768" WIDTH="116" HEIGHT="41" WC="0.93" CONTENT="gånger"/><SP WIDTH="28" VPOS="768" HPOS="1099"/>
							<String ID="string_124" HPOS="1127" VPOS="763" WIDTH="248" HEIGHT="45" WC="0.86" CONTENT="tillförsäkrade;"/><SP WIDTH="31" VPOS="763" HPOS="1375"/>
							<String ID="string_125" HPOS="1406" VPOS="761" WIDTH="141" HEIGHT="35" WC="0.90" CONTENT="hvarföre"/><SP WIDTH="30" VPOS="761" HPOS="1547"/>
							<String ID="string_126" HPOS="1577" VPOS="773" WIDTH="116" HEIGHT="21" WC="0.91" CONTENT="samma"/><SP WIDTH="32" VPOS="773" HPOS="1693"/>
							<String ID="string_127" HPOS="1725" VPOS="760" WIDTH="58" HEIGHT="34" WC="0.84" CONTENT="för-"/>
						</TextLine>
						<TextLine ID="line_12" HPOS="192" VPOS="812" WIDTH="1591" HEIGHT="51">
							<String ID="string_128" HPOS="192" VPOS="826" WIDTH="116" HEIGHT="37" WC="0.84" CONTENT="måner,"/><SP WIDTH="29" VPOS="826" HPOS="308"/>
							<String ID="string_129" HPOS="337" VPOS="823" WIDTH="68" HEIGHT="32" WC="0.91" CONTENT="med"/><SP WIDTH="31" VPOS="823" HPOS="405"/>
							<String ID="string_130" HPOS="436" VPOS="821" WIDTH="112" HEIGHT="33" WC="0.91" CONTENT="fästadt"/><SP WIDTH="28" VPOS="821" HPOS="548"/>
							<String ID="string_131" HPOS="576" VPOS="820" WIDTH="143" HEIGHT="33" WC="0.93" CONTENT="afseende"/><SP WIDTH="27" VPOS="820" HPOS="719"/>
							<String ID="string_132" HPOS="746" VPOS="819" WIDTH="113" HEIGHT="43" WC="0.91" CONTENT="jemväl"/><SP WIDTH="33" VPOS="819" HPOS="859"/>
							<String ID="string_133" HPOS="892" VPOS="821" WIDTH="34" HEIGHT="39" WC="0.96" CONTENT="på"/><SP WIDTH="30" VPOS="821" HPOS="926"/>
							<String ID="string_134" HPOS="956" VPOS="818" WIDTH="50" HEIGHT="32" WC="0.96" CONTENT="det"/><SP WIDTH="16" VPOS="818" HPOS="1006"/>
							<String ID="string_135" HPOS="1022" VPOS="817" WIDTH="150" HEIGHT="33" WC="0.95" CONTENT="allmänna"/><SP WIDTH="18" VPOS="817" HPOS="1172"/>
							<String ID="string_136" HPOS="1190" VPOS="827" WIDTH="91" HEIGHT="32" WC="0.96" CONTENT="gagn,"/><SP WIDTH="21" VPOS="827" HPOS="1281"/>
							<String ID="string_137" HPOS="1302" VPOS="816" WIDTH="85" HEIGHT="32" WC="0.96" CONTENT="dessa"/><SP WIDTH="18" VPOS="816" HPOS="1387"/>
							<String ID="string_138" HPOS="1405" VPOS="816" WIDTH="207" HEIGHT="41" WC="0.95" CONTENT="inrättningar"/><SP WIDTH="19" VPOS="816" HPOS="1612"/>
							<String ID="string_139" HPOS="1631" VPOS="812" WIDTH="152" HEIGHT="41" WC="0.96" CONTENT="medföra,"/>
						</TextLine>
						<TextLine ID="line_13" HPOS="191" VPOS="866" WIDTH="1591" HEIGHT="46">
							<String ID="string_140" HPOS="191" VPOS="875" WIDTH="68" HEIGHT="33" WC="0.96" CONTENT="icke"/><SP WIDTH="30" VPOS="875" HPOS="259"/>
							<String ID="string_141" HPOS="289" VPOS="875" WIDTH="86" HEIGHT="32" WC="0.96" CONTENT="torde"/><SP WIDTH="31" VPOS="875" HPOS="375"/>
							<String ID="string_142" HPOS="406" VPOS="875" WIDTH="98" HEIGHT="31" WC="0.96" CONTENT="kunna"/><SP WIDTH="30" VPOS="875" HPOS="504"/>
							<String ID="string_143" HPOS="534" VPOS="873" WIDTH="74" HEIGHT="31" WC="0.95" CONTENT="eller"/><SP WIDTH="29" VPOS="873" HPOS="608"/>
							<String ID="string_144" HPOS="637" VPOS="873" WIDTH="70" HEIGHT="31" WC="0.96" CONTENT="böra"/><SP WIDTH="30" VPOS="873" HPOS="707"/>
							<String ID="string_145" HPOS="737" VPOS="872" WIDTH="68" HEIGHT="31" WC="0.93" CONTENT="dem"/><SP WIDTH="31" VPOS="872" HPOS="805"/>
							<String ID="string_146" HPOS="836" VPOS="870" WIDTH="155" HEIGHT="42" WC="0.89" CONTENT="fråntagas"/><SP WIDTH="27" VPOS="870" HPOS="991"/>
							<String ID="string_147" HPOS="1018" VPOS="869" WIDTH="73" HEIGHT="33" WC="0.96" CONTENT="eller"/><SP WIDTH="30" VPOS="869" HPOS="1091"/>
							<String ID="string_148" HPOS="1121" VPOS="872" WIDTH="94" HEIGHT="39" WC="0.96" CONTENT="några"/><SP WIDTH="29" VPOS="872" HPOS="1215"/>
							<String ID="string_149" HPOS="1244" VPOS="868" WIDTH="111" HEIGHT="33" WC="0.95" CONTENT="sådana"/><SP WIDTH="35" VPOS="868" HPOS="1355"/>
							<String ID="string_150" HPOS="1390" VPOS="867" WIDTH="145" HEIGHT="42" WC="0.76" CONTENT="åtgärder"/><SP WIDTH="29" VPOS="867" HPOS="1535"/>
							<String ID="string_151" HPOS="1564" VPOS="866" WIDTH="148" HEIGHT="42" WC="0.96" CONTENT="vidtagas,"/><SP WIDTH="27" VPOS="866" HPOS="1712"/>
							<String ID="string_152" HPOS="1739" VPOS="869" WIDTH="43" HEIGHT="28" WC="0.96" CONTENT="att"/>
						</TextLine>
						<TextLine ID="line_14" HPOS="192" VPOS="917" WIDTH="1588" HEIGHT="53">
							<String ID="string_153" HPOS="192" VPOS="929" WIDTH="178" HEIGHT="41" WC="0.96" CONTENT="minskning"/><SP WIDTH="28" VPOS="929" HPOS="370"/>
							<String ID="string_154" HPOS="398" VPOS="928" WIDTH="7" HEIGHT="30" WC="0.96" CONTENT="i"/><SP WIDTH="30" VPOS="928" HPOS="405"/>
							<String ID="string_155" HPOS="435" VPOS="926" WIDTH="154" HEIGHT="32" WC="0.88" CONTENT="desamma"/><SP WIDTH="31" VPOS="926" HPOS="589"/>
							<String ID="string_156" HPOS="620" VPOS="923" WIDTH="203" HEIGHT="45" WC="0.88" CONTENT="tilläfventyrs"/><SP WIDTH="30" VPOS="923" HPOS="823"/>
							<String ID="string_157" HPOS="853" VPOS="924" WIDTH="55" HEIGHT="30" WC="0.96" CONTENT="kan"/><SP WIDTH="29" VPOS="924" HPOS="908"/>
							<String ID="string_158" HPOS="937" VPOS="921" WIDTH="120" HEIGHT="44" WC="0.88" CONTENT="uppstå."/><SP WIDTH="55" VPOS="921" HPOS="1057"/>
							<String ID="string_159" HPOS="1112" VPOS="921" WIDTH="42" HEIGHT="33" WC="0.88" CONTENT="Då"/><SP WIDTH="31" VPOS="921" HPOS="1154"/>
							<String ID="string_160" HPOS="1185" VPOS="921" WIDTH="51" HEIGHT="32" WC="0.96" CONTENT="det"/><SP WIDTH="31" VPOS="921" HPOS="1236"/>
							<String ID="string_161" HPOS="1267" VPOS="931" WIDTH="40" HEIGHT="21" WC="0.96" CONTENT="nu"/><SP WIDTH="28" VPOS="931" HPOS="1307"/>
							<String ID="string_162" HPOS="1335" VPOS="922" WIDTH="48" HEIGHT="31" WC="0.95" CONTENT="må"/><SP WIDTH="28" VPOS="922" HPOS="1383"/>
							<String ID="string_163" HPOS="1411" VPOS="930" WIDTH="68" HEIGHT="22" WC="0.96" CONTENT="vara"/><SP WIDTH="29" VPOS="930" HPOS="1479"/>
							<String ID="string_164" HPOS="1508" VPOS="922" WIDTH="45" HEIGHT="29" WC="0.90" CONTENT="att"/><SP WIDTH="28" VPOS="922" HPOS="1553"/>
							<String ID="string_165" HPOS="1581" VPOS="917" WIDTH="130" HEIGHT="40" WC="0.95" CONTENT="förutse,"/><SP WIDTH="28" VPOS="917" HPOS="1711"/>
							<String ID="string_166" HPOS="1739" VPOS="920" WIDTH="41" HEIGHT="30" WC="0.70" CONTENT="all"/>
						</TextLine>
						<TextLine ID="line_15" HPOS="190" VPOS="970" WIDTH="1592" HEIGHT="47">
							<String ID="string_167" HPOS="190" VPOS="978" WIDTH="109" HEIGHT="34" WC="0.95" CONTENT="antalet"/><SP WIDTH="34" VPOS="978" HPOS="299"/>
							<String ID="string_168" HPOS="333" VPOS="978" WIDTH="165" HEIGHT="39" WC="0.95" CONTENT="kortlekar,"/><SP WIDTH="29" VPOS="978" HPOS="498"/>
							<String ID="string_169" HPOS="527" VPOS="988" WIDTH="65" HEIGHT="21" WC="0.96" CONTENT="som"/><SP WIDTH="32" VPOS="988" HPOS="592"/>
							<String ID="string_170" HPOS="624" VPOS="978" WIDTH="120" HEIGHT="30" WC="0.96" CONTENT="komma"/><SP WIDTH="31" VPOS="978" HPOS="744"/>
							<String ID="string_171" HPOS="775" VPOS="979" WIDTH="45" HEIGHT="28" WC="0.90" CONTENT="alt"/><SP WIDTH="28" VPOS="979" HPOS="820"/>
							<String ID="string_172" HPOS="848" VPOS="975" WIDTH="160" HEIGHT="41" WC="0.96" CONTENT="stämplas,"/><SP WIDTH="28" VPOS="975" HPOS="1008"/>
							<String ID="string_173" HPOS="1036" VPOS="976" WIDTH="7" HEIGHT="30" WC="0.96" CONTENT="i"/><SP WIDTH="32" VPOS="976" HPOS="1043"/>
							<String ID="string_174" HPOS="1075" VPOS="972" WIDTH="69" HEIGHT="44" WC="0.96" CONTENT="följd"/><SP WIDTH="31" VPOS="972" HPOS="1144"/>
							<String ID="string_175" HPOS="1175" VPOS="971" WIDTH="31" HEIGHT="33" WC="0.96" CONTENT="af"/><SP WIDTH="27" VPOS="971" HPOS="1206"/>
							<String ID="string_176" HPOS="1233" VPOS="971" WIDTH="57" HEIGHT="33" WC="0.96" CONTENT="den"/><SP WIDTH="30" VPOS="971" HPOS="1290"/>
							<String ID="string_177" HPOS="1320" VPOS="970" WIDTH="199" HEIGHT="35" WC="0.96" CONTENT="fördubblade"/><SP WIDTH="29" VPOS="970" HPOS="1519"/>
							<String ID="string_178" HPOS="1548" VPOS="970" WIDTH="234" HEIGHT="41" WC="0.94" CONTENT="beskattningen"/>
						</TextLine>
						<TextLine ID="line_16" HPOS="192" VPOS="1021" WIDTH="1590" HEIGHT="50">
							<String ID="string_179" HPOS="192" VPOS="1033" WIDTH="139" HEIGHT="31" WC="0.93" CONTENT="kommer"/><SP WIDTH="28" VPOS="1033" HPOS="331"/>
							<String ID="string_180" HPOS="359" VPOS="1035" WIDTH="45" HEIGHT="28" WC="0.68" CONTENT="alt"/><SP WIDTH="28" VPOS="1035" HPOS="404"/>
							<String ID="string_181" HPOS="432" VPOS="1031" WIDTH="187" HEIGHT="32" WC="0.95" CONTENT="åtminstone"/><SP WIDTH="30" VPOS="1031" HPOS="619"/>
							<String ID="string_182" HPOS="649" VPOS="1030" WIDTH="8" HEIGHT="30" WC="0.96" CONTENT="i"/><SP WIDTH="29" VPOS="1030" HPOS="657"/>
							<String ID="string_183" HPOS="686" VPOS="1030" WIDTH="101" HEIGHT="41" WC="0.96" CONTENT="någon"/><SP WIDTH="29" VPOS="1030" HPOS="787"/>
							<String ID="string_184" HPOS="816" VPOS="1028" WIDTH="69" HEIGHT="31" WC="0.93" CONTENT="mån"/><SP WIDTH="30" VPOS="1028" HPOS="885"/>
							<String ID="string_185" HPOS="915" VPOS="1024" WIDTH="116" HEIGHT="44" WC="0.91" CONTENT="aftaga,"/><SP WIDTH="28" VPOS="1024" HPOS="1031"/>
							<String ID="string_186" HPOS="1059" VPOS="1028" WIDTH="31" HEIGHT="30" WC="0.96" CONTENT="så"/><SP WIDTH="29" VPOS="1028" HPOS="1090"/>
							<String ID="string_187" HPOS="1119" VPOS="1023" WIDTH="101" HEIGHT="35" WC="0.96" CONTENT="skulle"/><SP WIDTH="29" VPOS="1023" HPOS="1220"/>
							<String ID="string_188" HPOS="1249" VPOS="1035" WIDTH="36" HEIGHT="21" WC="0.96" CONTENT="en"/><SP WIDTH="29" VPOS="1035" HPOS="1285"/>
							<String ID="string_189" HPOS="1314" VPOS="1022" WIDTH="108" HEIGHT="44" WC="0.95" CONTENT="åtgärd"/><SP WIDTH="31" VPOS="1022" HPOS="1422"/>
							<String ID="string_190" HPOS="1453" VPOS="1025" WIDTH="7" HEIGHT="30" WC="0.93" CONTENT="i"/><SP WIDTH="30" VPOS="1025" HPOS="1460"/>
							<String ID="string_191" HPOS="1490" VPOS="1022" WIDTH="92" HEIGHT="43" WC="0.91" CONTENT="afsigt"/><SP WIDTH="27" VPOS="1022" HPOS="1582"/>
							<String ID="string_192" HPOS="1609" VPOS="1026" WIDTH="45" HEIGHT="28" WC="0.2" CONTENT="ett"/><SP WIDTH="19" VPOS="1026" HPOS="1654"/>
							<String ID="string_193" HPOS="1673" VPOS="1021" WIDTH="109" HEIGHT="33" WC="0.96" CONTENT="bereda"/>
						</TextLine>
						<TextLine ID="line_17" HPOS="191" VPOS="1072" WIDTH="1594" HEIGHT="48">
							<String ID="string_194" HPOS="191" VPOS="1083" WIDTH="186" HEIGHT="33" WC="0.90" CONTENT="statsverket"/><SP WIDTH="29" VPOS="1083" HPOS="377"/>
							<String ID="string_195" HPOS="406" VPOS="1093" WIDTH="35" HEIGHT="21" WC="0.96" CONTENT="en"/><SP WIDTH="32" VPOS="1093" HPOS="441"/>
							<String ID="string_196" HPOS="473" VPOS="1081" WIDTH="94" HEIGHT="33" WC="0.89" CONTENT="fördel"/><SP WIDTH="27" VPOS="1081" HPOS="567"/>
							<String ID="string_197" HPOS="594" VPOS="1079" WIDTH="64" HEIGHT="33" WC="0.96" CONTENT="leda"/><SP WIDTH="32" VPOS="1079" HPOS="658"/>
							<String ID="string_198" HPOS="690" VPOS="1078" WIDTH="43" HEIGHT="33" WC="0.95" CONTENT="till"/><SP WIDTH="28" VPOS="1078" HPOS="733"/>
							<String ID="string_199" HPOS="761" VPOS="1079" WIDTH="176" HEIGHT="41" WC="0.95" CONTENT="minskning"/><SP WIDTH="30" VPOS="1079" HPOS="937"/>
							<String ID="string_200" HPOS="967" VPOS="1079" WIDTH="6" HEIGHT="31" WC="0.96" CONTENT="i"/><SP WIDTH="17" VPOS="1079" HPOS="973"/>
							<String ID="string_201" HPOS="990" VPOS="1078" WIDTH="86" HEIGHT="32" WC="0.92" CONTENT="dessa"/><SP WIDTH="20" VPOS="1078" HPOS="1076"/>
							<String ID="string_202" HPOS="1096" VPOS="1076" WIDTH="490" HEIGHT="42" WC="0.90" CONTENT="barmhertighetsinrättningars"/><SP WIDTH="16" VPOS="1076" HPOS="1586"/>
							<String ID="string_203" HPOS="1602" VPOS="1072" WIDTH="183" HEIGHT="41" WC="0.96" CONTENT="inkomster,"/>
						</TextLine>
						<TextLine ID="line_18" HPOS="191" VPOS="1124" WIDTH="1593" HEIGHT="50">
							<String ID="string_204" HPOS="191" VPOS="1146" WIDTH="49" HEIGHT="21" WC="0.96" CONTENT="om"/><SP WIDTH="44" VPOS="1146" HPOS="240"/>
							<String ID="string_205" HPOS="284" VPOS="1135" WIDTH="64" HEIGHT="32" WC="0.96" CONTENT="icke"/><SP WIDTH="42" VPOS="1135" HPOS="348"/>
							<String ID="string_206" HPOS="390" VPOS="1144" WIDTH="99" HEIGHT="22" WC="0.96" CONTENT="annan"/><SP WIDTH="41" VPOS="1144" HPOS="489"/>
							<String ID="string_207" HPOS="530" VPOS="1132" WIDTH="127" HEIGHT="42" WC="0.96" CONTENT="lämplig"/><SP WIDTH="41" VPOS="1132" HPOS="657"/>
							<String ID="string_208" HPOS="698" VPOS="1135" WIDTH="91" HEIGHT="37" WC="0.94" CONTENT="utväg"/><SP WIDTH="28" VPOS="1135" HPOS="789"/>
							<String ID="string_209" HPOS="817" VPOS="1134" WIDTH="45" HEIGHT="28" WC="0.87" CONTENT="att"/><SP WIDTH="28" VPOS="1134" HPOS="862"/>
							<String ID="string_210" HPOS="890" VPOS="1130" WIDTH="146" HEIGHT="43" WC="0.91" CONTENT="betrygga"/><SP WIDTH="30" VPOS="1130" HPOS="1036"/>
							<String ID="string_211" HPOS="1066" VPOS="1129" WIDTH="85" HEIGHT="32" WC="0.96" CONTENT="dessa"/><SP WIDTH="31" VPOS="1129" HPOS="1151"/>
							<String ID="string_212" HPOS="1182" VPOS="1127" WIDTH="203" HEIGHT="42" WC="0.95" CONTENT="inrättningar"/><SP WIDTH="29" VPOS="1127" HPOS="1385"/>
							<String ID="string_213" HPOS="1414" VPOS="1125" WIDTH="49" HEIGHT="34" WC="0.96" CONTENT="vid"/><SP WIDTH="30" VPOS="1125" HPOS="1463"/>
							<String ID="string_214" HPOS="1493" VPOS="1127" WIDTH="57" HEIGHT="31" WC="0.96" CONTENT="den"/><SP WIDTH="30" VPOS="1127" HPOS="1550"/>
							<String ID="string_215" HPOS="1580" VPOS="1125" WIDTH="68" HEIGHT="32" WC="0.87" CONTENT="dem"/><SP WIDTH="29" VPOS="1125" HPOS="1648"/>
							<String ID="string_216" HPOS="1677" VPOS="1124" WIDTH="107" HEIGHT="33" WC="0.87" CONTENT="tillför-"/>
						</TextLine>
						<TextLine ID="line_19" HPOS="191" VPOS="1175" WIDTH="1592" HEIGHT="51">
							<String ID="string_217" HPOS="191" VPOS="1187" WIDTH="128" HEIGHT="32" WC="0.96" CONTENT="säkrade"/><SP WIDTH="31" VPOS="1187" HPOS="319"/>
							<String ID="string_218" HPOS="350" VPOS="1186" WIDTH="118" HEIGHT="32" WC="0.96" CONTENT="förmån"/><SP WIDTH="31" VPOS="1186" HPOS="468"/>
							<String ID="string_219" HPOS="499" VPOS="1185" WIDTH="97" HEIGHT="31" WC="0.93" CONTENT="tillika"/><SP WIDTH="29" VPOS="1185" HPOS="596"/>
							<String ID="string_220" HPOS="625" VPOS="1183" WIDTH="150" HEIGHT="43" WC="0.90" CONTENT="vidtages."/><SP WIDTH="57" VPOS="1183" HPOS="775"/>
							<String ID="string_221" HPOS="832" VPOS="1182" WIDTH="42" HEIGHT="31" WC="0.92" CONTENT="En"/><SP WIDTH="29" VPOS="1182" HPOS="874"/>
							<String ID="string_222" HPOS="903" VPOS="1181" WIDTH="91" HEIGHT="33" WC="0.95" CONTENT="sådan"/><SP WIDTH="31" VPOS="1181" HPOS="994"/>
							<String ID="string_223" HPOS="1025" VPOS="1185" WIDTH="91" HEIGHT="38" WC="0.96" CONTENT="utväg"/><SP WIDTH="28" VPOS="1185" HPOS="1116"/>
							<String ID="string_224" HPOS="1144" VPOS="1190" WIDTH="73" HEIGHT="22" WC="0.96" CONTENT="vore"/><SP WIDTH="28" VPOS="1190" HPOS="1217"/>
							<String ID="string_225" HPOS="1245" VPOS="1179" WIDTH="49" HEIGHT="32" WC="0.96" CONTENT="väl"/><SP WIDTH="29" VPOS="1179" HPOS="1294"/>
							<String ID="string_226" HPOS="1323" VPOS="1183" WIDTH="43" HEIGHT="29" WC="0.96" CONTENT="att"/><SP WIDTH="29" VPOS="1183" HPOS="1366"/>
							<String ID="string_227" HPOS="1395" VPOS="1178" WIDTH="160" HEIGHT="42" WC="0.88" CONTENT="samtidigt"/><SP WIDTH="28" VPOS="1178" HPOS="1555"/>
							<String ID="string_228" HPOS="1583" VPOS="1176" WIDTH="69" HEIGHT="33" WC="0.89" CONTENT="med"/><SP WIDTH="17" VPOS="1176" HPOS="1652"/>
							<String ID="string_229" HPOS="1669" VPOS="1175" WIDTH="114" HEIGHT="34" WC="0.89" CONTENT="skatte-"/>
						</TextLine>
						<TextLine ID="line_20" HPOS="193" VPOS="1228" WIDTH="1591" HEIGHT="52">
							<String ID="string_230" HPOS="193" VPOS="1239" WIDTH="216" HEIGHT="41" WC="0.70" CONTENT="förböjningen"/><SP WIDTH="43" VPOS="1239" HPOS="409"/>
							<String ID="string_231" HPOS="452" VPOS="1236" WIDTH="114" HEIGHT="32" WC="0.74" CONTENT="tilldela"/><SP WIDTH="44" VPOS="1236" HPOS="566"/>
							<String ID="string_232" HPOS="610" VPOS="1233" WIDTH="512" HEIGHT="42" WC="0.38" CONTENT="barmhertighelsinrättningarne"/><SP WIDTH="29" VPOS="1233" HPOS="1122"/>
							<String ID="string_233" HPOS="1151" VPOS="1242" WIDTH="35" HEIGHT="23" WC="0.96" CONTENT="en"/><SP WIDTH="31" VPOS="1242" HPOS="1186"/>
							<String ID="string_234" HPOS="1217" VPOS="1230" WIDTH="76" HEIGHT="33" WC="0.96" CONTENT="ökad"/><SP WIDTH="31" VPOS="1230" HPOS="1293"/>
							<String ID="string_235" HPOS="1324" VPOS="1231" WIDTH="89" HEIGHT="32" WC="0.95" CONTENT="andel"/><SP WIDTH="27" VPOS="1231" HPOS="1413"/>
							<String ID="string_236" HPOS="1440" VPOS="1231" WIDTH="7" HEIGHT="31" WC="0.95" CONTENT="i"/><SP WIDTH="31" VPOS="1231" HPOS="1447"/>
							<String ID="string_237" HPOS="1478" VPOS="1230" WIDTH="56" HEIGHT="32" WC="0.96" CONTENT="den"/><SP WIDTH="31" VPOS="1230" HPOS="1534"/>
							<String ID="string_238" HPOS="1565" VPOS="1228" WIDTH="139" HEIGHT="43" WC="0.93" CONTENT="förhöjda"/><SP WIDTH="30" VPOS="1228" HPOS="1704"/>
							<String ID="string_239" HPOS="1734" VPOS="1228" WIDTH="50" HEIGHT="32" WC="0.91" CONTENT="be-"/>
						</TextLine>
						<TextLine ID="line_21" HPOS="191" VPOS="1278" WIDTH="1595" HEIGHT="54">
							<String ID="string_240" HPOS="191" VPOS="1288" WIDTH="216" HEIGHT="44" WC="0.88" CONTENT="skattningen;"/><SP WIDTH="42" VPOS="1288" HPOS="407"/>
							<String ID="string_241" HPOS="449" VPOS="1298" WIDTH="68" HEIGHT="22" WC="0.96" CONTENT="men"/><SP WIDTH="40" VPOS="1298" HPOS="517"/>
							<String ID="string_242" HPOS="557" VPOS="1287" WIDTH="35" HEIGHT="32" WC="0.95" CONTENT="då"/><SP WIDTH="45" VPOS="1287" HPOS="592"/>
							<String ID="string_243" HPOS="637" VPOS="1284" WIDTH="222" HEIGHT="46" WC="0.75" CONTENT="förhöjningen"/><SP WIDTH="41" VPOS="1284" HPOS="859"/>
							<String ID="string_244" HPOS="900" VPOS="1285" WIDTH="177" HEIGHT="42" WC="0.95" CONTENT="egentligen"/><SP WIDTH="45" VPOS="1285" HPOS="1077"/>
							<String ID="string_245" HPOS="1122" VPOS="1284" WIDTH="53" HEIGHT="32" WC="0.79" CONTENT="har"/><SP WIDTH="43" VPOS="1284" HPOS="1175"/>
							<String ID="string_246" HPOS="1218" VPOS="1281" WIDTH="43" HEIGHT="33" WC="0.74" CONTENT="till"/><SP WIDTH="35" VPOS="1281" HPOS="1261"/>
							<String ID="string_247" HPOS="1296" VPOS="1282" WIDTH="100" HEIGHT="42" WC="0.95" CONTENT="grund"/><SP WIDTH="29" VPOS="1282" HPOS="1396"/>
							<String ID="string_248" HPOS="1425" VPOS="1285" WIDTH="43" HEIGHT="28" WC="0.96" CONTENT="att"/><SP WIDTH="29" VPOS="1285" HPOS="1468"/>
							<String ID="string_249" HPOS="1497" VPOS="1280" WIDTH="55" HEIGHT="33" WC="0.90" CONTENT="öka"/><SP WIDTH="30" VPOS="1280" HPOS="1552"/>
							<String ID="string_250" HPOS="1582" VPOS="1278" WIDTH="204" HEIGHT="35" WC="0.89" CONTENT="statsverkets"/>
						</TextLine>
						<TextLine ID="line_22" HPOS="194" VPOS="1332" WIDTH="1594" HEIGHT="50">
							<String ID="string_251" HPOS="194" VPOS="1343" WIDTH="145" HEIGHT="37" WC="0.95" CONTENT="inkomst,"/><SP WIDTH="29" VPOS="1343" HPOS="339"/>
							<String ID="string_252" HPOS="368" VPOS="1344" WIDTH="80" HEIGHT="29" WC="0.95" CONTENT="samt"/><SP WIDTH="27" VPOS="1344" HPOS="448"/>
							<String ID="string_253" HPOS="475" VPOS="1340" WIDTH="51" HEIGHT="31" WC="0.96" CONTENT="det"/><SP WIDTH="30" VPOS="1340" HPOS="526"/>
							<String ID="string_254" HPOS="556" VPOS="1340" WIDTH="6" HEIGHT="30" WC="0.96" CONTENT="i"/><SP WIDTH="26" VPOS="1340" HPOS="562"/>
							<String ID="string_255" HPOS="588" VPOS="1339" WIDTH="52" HEIGHT="32" WC="0.95" CONTENT="allt"/><SP WIDTH="31" VPOS="1339" HPOS="640"/>
							<String ID="string_256" HPOS="671" VPOS="1337" WIDTH="47" HEIGHT="33" WC="0.95" CONTENT="fall"/><SP WIDTH="29" VPOS="1337" HPOS="718"/>
							<String ID="string_257" HPOS="747" VPOS="1348" WIDTH="92" HEIGHT="34" WC="0.96" CONTENT="synes"/><SP WIDTH="29" VPOS="1348" HPOS="839"/>
							<String ID="string_258" HPOS="868" VPOS="1347" WIDTH="83" HEIGHT="22" WC="0.96" CONTENT="mera"/><SP WIDTH="31" VPOS="1347" HPOS="951"/>
							<String ID="string_259" HPOS="982" VPOS="1337" WIDTH="138" HEIGHT="42" WC="0.96" CONTENT="lämpligt"/><SP WIDTH="29" VPOS="1337" HPOS="1120"/>
							<String ID="string_260" HPOS="1149" VPOS="1335" WIDTH="56" HEIGHT="32" WC="0.96" CONTENT="och"/><SP WIDTH="32" VPOS="1335" HPOS="1205"/>
							<String ID="string_261" HPOS="1237" VPOS="1334" WIDTH="126" HEIGHT="33" WC="0.96" CONTENT="ledande"/><SP WIDTH="29" VPOS="1334" HPOS="1363"/>
							<String ID="string_262" HPOS="1392" VPOS="1332" WIDTH="44" HEIGHT="34" WC="0.96" CONTENT="till"/><SP WIDTH="29" VPOS="1332" HPOS="1436"/>
							<String ID="string_263" HPOS="1465" VPOS="1333" WIDTH="83" HEIGHT="33" WC="0.88" CONTENT="såväl"/><SP WIDTH="30" VPOS="1333" HPOS="1548"/>
							<String ID="string_264" HPOS="1578" VPOS="1332" WIDTH="68" HEIGHT="32" WC="0.66" CONTENT="reda"/><SP WIDTH="20" VPOS="1332" HPOS="1646"/>
							<String ID="string_265" HPOS="1666" VPOS="1333" WIDTH="8" HEIGHT="31" WC="0.66" CONTENT="i"/><SP WIDTH="24" VPOS="1333" HPOS="1674"/>
							<String ID="string_266" HPOS="1698" VPOS="1336" WIDTH="90" HEIGHT="28" WC="0.90" CONTENT="stats-"/>
						</TextLine>
						<TextLine ID="line_23" HPOS="193" VPOS="1384" WIDTH="1595" HEIGHT="50">
							<String ID="string_267" HPOS="193" VPOS="1394" WIDTH="224" HEIGHT="40" WC="0.95" CONTENT="förvaltningen"/><SP WIDTH="42" VPOS="1394" HPOS="417"/>
							<String ID="string_268" HPOS="459" VPOS="1402" WIDTH="66" HEIGHT="21" WC="0.95" CONTENT="som"/><SP WIDTH="43" VPOS="1402" HPOS="525"/>
							<String ID="string_269" HPOS="568" VPOS="1395" WIDTH="113" HEIGHT="28" WC="0.89" CONTENT="största"/><SP WIDTH="43" VPOS="1395" HPOS="681"/>
							<String ID="string_270" HPOS="724" VPOS="1389" WIDTH="145" HEIGHT="44" WC="0.88" CONTENT="trygghet"/><SP WIDTH="38" VPOS="1389" HPOS="869"/>
							<String ID="string_271" HPOS="907" VPOS="1389" WIDTH="47" HEIGHT="31" WC="0.96" CONTENT="för"/><SP WIDTH="28" VPOS="1389" HPOS="954"/>
							<String ID="string_272" HPOS="982" VPOS="1388" WIDTH="129" HEIGHT="33" WC="0.93" CONTENT="nämnda"/><SP WIDTH="31" VPOS="1388" HPOS="1111"/>
							<String ID="string_273" HPOS="1142" VPOS="1387" WIDTH="217" HEIGHT="43" WC="0.42" CONTENT="iurättningar,"/><SP WIDTH="29" VPOS="1387" HPOS="1359"/>
							<String ID="string_274" HPOS="1388" VPOS="1389" WIDTH="45" HEIGHT="29" WC="0.96" CONTENT="att"/><SP WIDTH="27" VPOS="1389" HPOS="1433"/>
							<String ID="string_275" HPOS="1460" VPOS="1385" WIDTH="52" HEIGHT="32" WC="0.95" CONTENT="det"/><SP WIDTH="28" VPOS="1385" HPOS="1512"/>
							<String ID="string_276" HPOS="1540" VPOS="1384" WIDTH="119" HEIGHT="42" WC="0.96" CONTENT="bidrag,"/><SP WIDTH="27" VPOS="1384" HPOS="1659"/>
							<String ID="string_277" HPOS="1686" VPOS="1387" WIDTH="102" HEIGHT="29" WC="0.95" CONTENT="staten"/>
						</TextLine>
						<TextLine ID="line_24" HPOS="193" VPOS="1435" WIDTH="1596" HEIGHT="52">
							<String ID="string_278" HPOS="193" VPOS="1445" WIDTH="68" HEIGHT="32" WC="0.96" CONTENT="dem"/><SP WIDTH="32" VPOS="1445" HPOS="261"/>
							<String ID="string_279" HPOS="293" VPOS="1443" WIDTH="137" HEIGHT="44" WC="0.96" CONTENT="beviljat,"/><SP WIDTH="29" VPOS="1443" HPOS="430"/>
							<String ID="string_280" HPOS="459" VPOS="1443" WIDTH="91" HEIGHT="43" WC="0.96" CONTENT="utgår"/><SP WIDTH="28" VPOS="1443" HPOS="550"/>
							<String ID="string_281" HPOS="578" VPOS="1444" WIDTH="101" HEIGHT="31" WC="0.96" CONTENT="såsom"/><SP WIDTH="31" VPOS="1444" HPOS="679"/>
							<String ID="string_282" HPOS="710" VPOS="1446" WIDTH="45" HEIGHT="27" WC="0.67" CONTENT="ett"/><SP WIDTH="30" VPOS="1446" HPOS="755"/>
							<String ID="string_283" HPOS="785" VPOS="1441" WIDTH="44" HEIGHT="32" WC="0.96" CONTENT="till"/><SP WIDTH="30" VPOS="1441" HPOS="829"/>
							<String ID="string_284" HPOS="859" VPOS="1438" WIDTH="142" HEIGHT="45" WC="0.94" CONTENT="beloppet"/><SP WIDTH="30" VPOS="1438" HPOS="1001"/>
							<String ID="string_285" HPOS="1031" VPOS="1438" WIDTH="152" HEIGHT="34" WC="0.96" CONTENT="bestämdt"/><SP WIDTH="32" VPOS="1438" HPOS="1183"/>
							<String ID="string_286" HPOS="1215" VPOS="1439" WIDTH="55" HEIGHT="31" WC="0.93" CONTENT="och"/><SP WIDTH="31" VPOS="1439" HPOS="1270"/>
							<String ID="string_287" HPOS="1301" VPOS="1438" WIDTH="192" HEIGHT="43" WC="0.91" CONTENT="påräkneligt"/><SP WIDTH="29" VPOS="1438" HPOS="1493"/>
							<String ID="string_288" HPOS="1522" VPOS="1436" WIDTH="118" HEIGHT="43" WC="0.95" CONTENT="anslag,"/><SP WIDTH="22" VPOS="1436" HPOS="1640"/>
							<String ID="string_289" HPOS="1662" VPOS="1435" WIDTH="127" HEIGHT="33" WC="0.85" CONTENT="istället"/>
						</TextLine>
						<TextLine ID="line_25" HPOS="195" VPOS="1487" WIDTH="1594" HEIGHT="49">
							<String ID="string_290" HPOS="195" VPOS="1496" WIDTH="45" HEIGHT="33" WC="0.93" CONTENT="för"/><SP WIDTH="29" VPOS="1496" HPOS="240"/>
							<String ID="string_291" HPOS="269" VPOS="1501" WIDTH="42" HEIGHT="27" WC="0.90" CONTENT="elt"/><SP WIDTH="31" VPOS="1501" HPOS="311"/>
							<String ID="string_292" HPOS="342" VPOS="1498" WIDTH="93" HEIGHT="30" WC="0.96" CONTENT="ovisst"/><SP WIDTH="31" VPOS="1498" HPOS="435"/>
							<String ID="string_293" HPOS="466" VPOS="1496" WIDTH="57" HEIGHT="31" WC="0.96" CONTENT="och"/><SP WIDTH="28" VPOS="1496" HPOS="523"/>
							<String ID="string_294" HPOS="551" VPOS="1495" WIDTH="43" HEIGHT="31" WC="0.74" CONTENT="Lill"/><SP WIDTH="32" VPOS="1495" HPOS="594"/>
							<String ID="string_295" HPOS="626" VPOS="1493" WIDTH="143" HEIGHT="43" WC="0.93" CONTENT="beloppet"/><SP WIDTH="29" VPOS="1493" HPOS="769"/>
							<String ID="string_296" HPOS="798" VPOS="1492" WIDTH="156" HEIGHT="40" WC="0.92" CONTENT="vexlande,"/><SP WIDTH="29" VPOS="1492" HPOS="954"/>
							<String ID="string_297" HPOS="983" VPOS="1494" WIDTH="100" HEIGHT="30" WC="0.87" CONTENT="såsom"/><SP WIDTH="32" VPOS="1494" HPOS="1083"/>
							<String ID="string_298" HPOS="1115" VPOS="1489" WIDTH="201" HEIGHT="34" WC="0.87" CONTENT="förbållandet"/><SP WIDTH="28" VPOS="1489" HPOS="1316"/>
							<String ID="string_299" HPOS="1344" VPOS="1495" WIDTH="34" HEIGHT="28" WC="0.96" CONTENT="är"/><SP WIDTH="29" VPOS="1495" HPOS="1378"/>
							<String ID="string_300" HPOS="1407" VPOS="1489" WIDTH="68" HEIGHT="33" WC="0.93" CONTENT="med"/><SP WIDTH="18" VPOS="1489" HPOS="1475"/>
							<String ID="string_301" HPOS="1493" VPOS="1487" WIDTH="165" HEIGHT="34" WC="0.91" CONTENT="andelarne"/><SP WIDTH="22" VPOS="1487" HPOS="1658"/>
							<String ID="string_302" HPOS="1680" VPOS="1489" WIDTH="7" HEIGHT="31" WC="0.92" CONTENT="i"/><SP WIDTH="20" VPOS="1489" HPOS="1687"/>
							<String ID="string_303" HPOS="1707" VPOS="1488" WIDTH="82" HEIGHT="31" WC="0.91" CONTENT="kort-"/>
						</TextLine>
						<TextLine ID="line_26" HPOS="193" VPOS="1539" WIDTH="1597" HEIGHT="51">
							<String ID="string_304" HPOS="193" VPOS="1546" WIDTH="329" HEIGHT="44" WC="0.83" CONTENT="stämplingsafgiften,"/><SP WIDTH="30" VPOS="1546" HPOS="522"/>
							<String ID="string_305" HPOS="552" VPOS="1545" WIDTH="53" HEIGHT="32" WC="0.95" CONTENT="har"/><SP WIDTH="30" VPOS="1545" HPOS="605"/>
							<String ID="string_306" HPOS="635" VPOS="1544" WIDTH="56" HEIGHT="33" WC="0.96" CONTENT="den"/><SP WIDTH="32" VPOS="1544" HPOS="691"/>
							<String ID="string_307" HPOS="723" VPOS="1543" WIDTH="169" HEIGHT="43" WC="0.96" CONTENT="föreslagna"/><SP WIDTH="33" VPOS="1543" HPOS="892"/>
							<String ID="string_308" HPOS="925" VPOS="1542" WIDTH="219" HEIGHT="43" WC="0.96" CONTENT="förändringen"/><SP WIDTH="32" VPOS="1542" HPOS="1144"/>
							<String ID="string_309" HPOS="1176" VPOS="1544" WIDTH="5" HEIGHT="30" WC="0.95" CONTENT="i"/><SP WIDTH="30" VPOS="1544" HPOS="1181"/>
							<String ID="string_310" HPOS="1211" VPOS="1542" WIDTH="82" HEIGHT="32" WC="0.96" CONTENT="detta"/><SP WIDTH="30" VPOS="1542" HPOS="1293"/>
							<String ID="string_311" HPOS="1323" VPOS="1540" WIDTH="175" HEIGHT="35" WC="0.96" CONTENT="hänseende"/><SP WIDTH="29" VPOS="1540" HPOS="1498"/>
							<String ID="string_312" HPOS="1527" VPOS="1544" WIDTH="86" HEIGHT="40" WC="0.96" CONTENT="synts"/><SP WIDTH="18" VPOS="1544" HPOS="1613"/>
							<String ID="string_313" HPOS="1631" VPOS="1539" WIDTH="159" HEIGHT="33" WC="0.96" CONTENT="Utskottet"/>
						</TextLine>
						<TextLine ID="line_27" HPOS="193" VPOS="1590" WIDTH="1595" HEIGHT="51">
							<String ID="string_314" HPOS="193" VPOS="1598" WIDTH="251" HEIGHT="43" WC="0.22" CONTENT="ändamålsenlig."/><SP WIDTH="58" VPOS="1598" HPOS="444"/>
							<String ID="string_315" HPOS="502" VPOS="1598" WIDTH="86" HEIGHT="31" WC="0.52" CONTENT="Detta"/><SP WIDTH="45" VPOS="1598" HPOS="588"/>
							<String ID="string_316" HPOS="633" VPOS="1595" WIDTH="95" HEIGHT="44" WC="0.93" CONTENT="gäller"/><SP WIDTH="40" VPOS="1595" HPOS="728"/>
							<String ID="string_317" HPOS="768" VPOS="1596" WIDTH="87" HEIGHT="32" WC="0.94" CONTENT="likväl"/><SP WIDTH="43" VPOS="1596" HPOS="855"/>
							<String ID="string_318" HPOS="898" VPOS="1606" WIDTH="7" HEIGHT="20" WC="0.72" CONTENT="i"/><SP WIDTH="40" VPOS="1606" HPOS="905"/>
							<String ID="string_319" HPOS="945" VPOS="1594" WIDTH="142" HEIGHT="33" WC="0.96" CONTENT="afseende"/><SP WIDTH="43" VPOS="1594" HPOS="1087"/>
							<String ID="string_320" HPOS="1130" VPOS="1594" WIDTH="107" HEIGHT="32" WC="0.90" CONTENT="endast"/><SP WIDTH="41" VPOS="1594" HPOS="1237"/>
							<String ID="string_321" HPOS="1278" VPOS="1595" WIDTH="16" HEIGHT="31" WC="0.90" CONTENT="å"/><SP WIDTH="34" VPOS="1595" HPOS="1294"/>
							<String ID="string_322" HPOS="1328" VPOS="1593" WIDTH="37" HEIGHT="32" WC="0.96" CONTENT="de"/><SP WIDTH="28" VPOS="1593" HPOS="1365"/>
							<String ID="string_323" HPOS="1393" VPOS="1593" WIDTH="215" HEIGHT="40" WC="0.96" CONTENT="inrättningar,"/><SP WIDTH="29" VPOS="1593" HPOS="1608"/>
							<String ID="string_324" HPOS="1637" VPOS="1590" WIDTH="151" HEIGHT="33" WC="0.96" CONTENT="allmänna"/>
						</TextLine>
						<TextLine ID="line_28" HPOS="194" VPOS="1642" WIDTH="1594" HEIGHT="48">
							<String ID="string_325" HPOS="194" VPOS="1652" WIDTH="180" HEIGHT="38" WC="0.91" CONTENT="barnhuset,"/><SP WIDTH="43" VPOS="1652" HPOS="374"/>
							<String ID="string_326" HPOS="417" VPOS="1648" WIDTH="334" HEIGHT="35" WC="0.84" CONTENT="frimurarebarnbuset"/><SP WIDTH="37" VPOS="1648" HPOS="751"/>
							<String ID="string_327" HPOS="788" VPOS="1648" WIDTH="56" HEIGHT="31" WC="0.91" CONTENT="och"/><SP WIDTH="29" VPOS="1648" HPOS="844"/>
							<String ID="string_328" HPOS="873" VPOS="1646" WIDTH="460" HEIGHT="39" WC="0.8" CONTENT="serafimerordens-lasaretet,"/><SP WIDTH="30" VPOS="1646" HPOS="1333"/>
							<String ID="string_329" HPOS="1363" VPOS="1645" WIDTH="115" HEIGHT="32" WC="0.93" CONTENT="hvilkas"/><SP WIDTH="28" VPOS="1645" HPOS="1478"/>
							<String ID="string_330" HPOS="1506" VPOS="1642" WIDTH="282" HEIGHT="34" WC="0.91" CONTENT="vidmaktbållande"/>
						</TextLine>
						<TextLine ID="line_29" HPOS="195" VPOS="1696" WIDTH="1594" HEIGHT="46">
							<String ID="string_331" HPOS="195" VPOS="1703" WIDTH="67" HEIGHT="32" WC="0.80" CONTENT="mod"/><SP WIDTH="43" VPOS="1703" HPOS="262"/>
							<String ID="string_332" HPOS="305" VPOS="1702" WIDTH="142" HEIGHT="33" WC="0.89" CONTENT="afseende"/><SP WIDTH="40" VPOS="1702" HPOS="447"/>
							<String ID="string_333" HPOS="487" VPOS="1704" WIDTH="15" HEIGHT="30" WC="0.92" CONTENT="å"/><SP WIDTH="42" VPOS="1704" HPOS="502"/>
							<String ID="string_334" HPOS="544" VPOS="1701" WIDTH="89" HEIGHT="32" WC="0.96" CONTENT="deras"/><SP WIDTH="36" VPOS="1701" HPOS="633"/>
							<String ID="string_335" HPOS="669" VPOS="1698" WIDTH="189" HEIGHT="34" WC="0.93" CONTENT="omfattande"/><SP WIDTH="29" VPOS="1698" HPOS="858"/>
							<String ID="string_336" HPOS="887" VPOS="1697" WIDTH="160" HEIGHT="45" WC="0.91" CONTENT="gagneliga"/><SP WIDTH="32" VPOS="1697" HPOS="1047"/>
							<String ID="string_337" HPOS="1079" VPOS="1698" WIDTH="195" HEIGHT="33" WC="0.96" CONTENT="verksamhet"/><SP WIDTH="29" VPOS="1698" HPOS="1274"/>
							<String ID="string_338" HPOS="1303" VPOS="1696" WIDTH="56" HEIGHT="34" WC="0.96" CONTENT="kan"/><SP WIDTH="30" VPOS="1696" HPOS="1359"/>
							<String ID="string_339" HPOS="1389" VPOS="1707" WIDTH="89" HEIGHT="22" WC="0.96" CONTENT="anses"/><SP WIDTH="30" VPOS="1707" HPOS="1478"/>
							<String ID="string_340" HPOS="1508" VPOS="1706" WIDTH="83" HEIGHT="22" WC="0.95" CONTENT="mera"/><SP WIDTH="29" VPOS="1706" HPOS="1591"/>
							<String ID="string_341" HPOS="1620" VPOS="1697" WIDTH="102" HEIGHT="31" WC="0.93" CONTENT="såsom"/><SP WIDTH="29" VPOS="1697" HPOS="1722"/>
							<String ID="string_342" HPOS="1751" VPOS="1705" WIDTH="38" HEIGHT="22" WC="0.96" CONTENT="en"/>
						</TextLine>
						<TextLine ID="line_30" HPOS="194" VPOS="1747" WIDTH="1596" HEIGHT="50">
							<String ID="string_343" HPOS="194" VPOS="1760" WIDTH="116" HEIGHT="28" WC="0.91" CONTENT="slatens"/><SP WIDTH="40" VPOS="1760" HPOS="310"/>
							<String ID="string_344" HPOS="350" VPOS="1754" WIDTH="237" HEIGHT="43" WC="0.96" CONTENT="angelägenhet,"/><SP WIDTH="42" VPOS="1754" HPOS="587"/>
							<String ID="string_345" HPOS="629" VPOS="1754" WIDTH="100" HEIGHT="31" WC="0.96" CONTENT="såsom"/><SP WIDTH="38" VPOS="1754" HPOS="729"/>
							<String ID="string_346" HPOS="767" VPOS="1752" WIDTH="54" HEIGHT="32" WC="0.95" CONTENT="ock"/><SP WIDTH="43" VPOS="1752" HPOS="821"/>
							<String ID="string_347" HPOS="864" VPOS="1761" WIDTH="92" HEIGHT="33" WC="0.95" CONTENT="synes"/><SP WIDTH="29" VPOS="1761" HPOS="956"/>
							<String ID="string_348" HPOS="985" VPOS="1750" WIDTH="95" HEIGHT="40" WC="0.96" CONTENT="deraf,"/><SP WIDTH="29" VPOS="1750" HPOS="1080"/>
							<String ID="string_349" HPOS="1109" VPOS="1754" WIDTH="44" HEIGHT="28" WC="0.96" CONTENT="att"/><SP WIDTH="29" VPOS="1754" HPOS="1153"/>
							<String ID="string_350" HPOS="1182" VPOS="1748" WIDTH="88" HEIGHT="34" WC="0.96" CONTENT="dessa"/><SP WIDTH="30" VPOS="1748" HPOS="1270"/>
							<String ID="string_351" HPOS="1300" VPOS="1750" WIDTH="205" HEIGHT="41" WC="0.96" CONTENT="inrättningar"/><SP WIDTH="30" VPOS="1750" HPOS="1505"/>
							<String ID="string_352" HPOS="1535" VPOS="1748" WIDTH="55" HEIGHT="32" WC="0.95" CONTENT="fått"/><SP WIDTH="28" VPOS="1748" HPOS="1590"/>
							<String ID="string_353" HPOS="1618" VPOS="1748" WIDTH="47" HEIGHT="41" WC="0.92" CONTENT="sig"/><SP WIDTH="28" VPOS="1748" HPOS="1665"/>
							<String ID="string_354" HPOS="1693" VPOS="1747" WIDTH="97" HEIGHT="32" WC="0.88" CONTENT="tiller-"/>
						</TextLine>
						<TextLine ID="line_31" HPOS="196" VPOS="1798" WIDTH="1593" HEIGHT="48">
							<String ID="string_355" HPOS="196" VPOS="1806" WIDTH="95" HEIGHT="33" WC="0.94" CONTENT="kända"/><SP WIDTH="44" VPOS="1806" HPOS="291"/>
							<String ID="string_356" HPOS="335" VPOS="1806" WIDTH="125" HEIGHT="32" WC="0.93" CONTENT="andelar"/><SP WIDTH="42" VPOS="1806" HPOS="460"/>
							<String ID="string_357" HPOS="502" VPOS="1805" WIDTH="31" HEIGHT="32" WC="0.92" CONTENT="af"/><SP WIDTH="39" VPOS="1805" HPOS="533"/>
							<String ID="string_358" HPOS="572" VPOS="1802" WIDTH="382" HEIGHT="44" WC="0.88" CONTENT="kortstämplingsafgiften"/><SP WIDTH="42" VPOS="1802" HPOS="954"/>
							<String ID="string_359" HPOS="996" VPOS="1803" WIDTH="81" HEIGHT="31" WC="0.94" CONTENT="inom"/><SP WIDTH="43" VPOS="1803" HPOS="1077"/>
							<String ID="string_360" HPOS="1120" VPOS="1802" WIDTH="67" HEIGHT="31" WC="0.89" CONTENT="hela"/><SP WIDTH="30" VPOS="1802" HPOS="1187"/>
							<String ID="string_361" HPOS="1217" VPOS="1802" WIDTH="87" HEIGHT="31" WC="0.80" CONTENT="riket."/><SP WIDTH="58" VPOS="1802" HPOS="1304"/>
							<String ID="string_362" HPOS="1362" VPOS="1801" WIDTH="52" HEIGHT="31" WC="0.68" CONTENT="Att"/><SP WIDTH="29" VPOS="1801" HPOS="1414"/>
							<String ID="string_363" HPOS="1443" VPOS="1798" WIDTH="140" HEIGHT="34" WC="0.92" CONTENT="deremot"/><SP WIDTH="30" VPOS="1798" HPOS="1583"/>
							<String ID="string_364" HPOS="1613" VPOS="1798" WIDTH="109" HEIGHT="32" WC="0.96" CONTENT="bereda"/><SP WIDTH="30" VPOS="1798" HPOS="1722"/>
							<String ID="string_365" HPOS="1752" VPOS="1798" WIDTH="37" HEIGHT="32" WC="0.96" CONTENT="de"/>
						</TextLine>
						<TextLine ID="line_32" HPOS="194" VPOS="1850" WIDTH="1596" HEIGHT="47">
							<String ID="string_366" HPOS="194" VPOS="1859" WIDTH="114" HEIGHT="38" WC="0.53" CONTENT="städer,"/><SP WIDTH="42" VPOS="1859" HPOS="308"/>
							<String ID="string_367" HPOS="350" VPOS="1858" WIDTH="101" HEIGHT="31" WC="0.95" CONTENT="hvilka"/><SP WIDTH="43" VPOS="1858" HPOS="451"/>
							<String ID="string_368" HPOS="494" VPOS="1857" WIDTH="44" HEIGHT="32" WC="0.95" CONTENT="för"/><SP WIDTH="29" VPOS="1857" HPOS="538"/>
							<String ID="string_369" HPOS="567" VPOS="1858" WIDTH="65" HEIGHT="30" WC="0.93" CONTENT="sina"/><SP WIDTH="31" VPOS="1858" HPOS="632"/>
							<String ID="string_370" HPOS="663" VPOS="1854" WIDTH="392" HEIGHT="42" WC="0.89" CONTENT="fattigvårdsinrättningar"/><SP WIDTH="29" VPOS="1854" HPOS="1055"/>
							<String ID="string_371" HPOS="1084" VPOS="1853" WIDTH="46" HEIGHT="32" WC="0.95" CONTENT="för"/><SP WIDTH="29" VPOS="1853" HPOS="1130"/>
							<String ID="string_372" HPOS="1159" VPOS="1852" WIDTH="189" HEIGHT="33" WC="0.95" CONTENT="närvarande"/><SP WIDTH="30" VPOS="1852" HPOS="1348"/>
							<String ID="string_373" HPOS="1378" VPOS="1852" WIDTH="86" HEIGHT="32" WC="0.95" CONTENT="hafva"/><SP WIDTH="30" VPOS="1852" HPOS="1464"/>
							<String ID="string_374" HPOS="1494" VPOS="1850" WIDTH="87" HEIGHT="33" WC="0.95" CONTENT="andel"/><SP WIDTH="30" VPOS="1850" HPOS="1581"/>
							<String ID="string_375" HPOS="1611" VPOS="1851" WIDTH="8" HEIGHT="31" WC="0.93" CONTENT="i"/><SP WIDTH="27" VPOS="1851" HPOS="1619"/>
							<String ID="string_376" HPOS="1646" VPOS="1850" WIDTH="144" HEIGHT="42" WC="0.90" CONTENT="stämpel-"/>
						</TextLine>
						<TextLine ID="line_33" HPOS="194" VPOS="1902" WIDTH="1594" HEIGHT="49">
							<String ID="string_377" HPOS="194" VPOS="1910" WIDTH="127" HEIGHT="41" WC="0.66" CONTENT="afgilten"/><SP WIDTH="44" VPOS="1910" HPOS="321"/>
							<String ID="string_378" HPOS="365" VPOS="1910" WIDTH="45" HEIGHT="31" WC="0.96" CONTENT="för"/><SP WIDTH="28" VPOS="1910" HPOS="410"/>
							<String ID="string_379" HPOS="438" VPOS="1910" WIDTH="79" HEIGHT="37" WC="0.96" CONTENT="kort,"/><SP WIDTH="36" VPOS="1910" HPOS="517"/>
							<String ID="string_380" HPOS="553" VPOS="1918" WIDTH="64" HEIGHT="22" WC="0.96" CONTENT="som"/><SP WIDTH="31" VPOS="1918" HPOS="617"/>
							<String ID="string_381" HPOS="648" VPOS="1909" WIDTH="7" HEIGHT="29" WC="0.96" CONTENT="i"/><SP WIDTH="30" VPOS="1909" HPOS="655"/>
							<String ID="string_382" HPOS="685" VPOS="1907" WIDTH="105" HEIGHT="32" WC="0.96" CONTENT="staden"/><SP WIDTH="31" VPOS="1907" HPOS="790"/>
							<String ID="string_383" HPOS="821" VPOS="1904" WIDTH="168" HEIGHT="40" WC="0.95" CONTENT="tillverkas,"/><SP WIDTH="29" VPOS="1904" HPOS="989"/>
							<String ID="string_384" HPOS="1018" VPOS="1905" WIDTH="156" HEIGHT="32" WC="0.91" CONTENT="bestämda"/><SP WIDTH="32" VPOS="1905" HPOS="1174"/>
							<String ID="string_385" HPOS="1206" VPOS="1904" WIDTH="199" HEIGHT="42" WC="0.91" CONTENT="statsanslag,"/><SP WIDTH="28" VPOS="1904" HPOS="1405"/>
							<String ID="string_386" HPOS="1433" VPOS="1902" WIDTH="97" HEIGHT="33" WC="0.96" CONTENT="skulle"/><SP WIDTH="30" VPOS="1902" HPOS="1530"/>
							<String ID="string_387" HPOS="1560" VPOS="1902" WIDTH="89" HEIGHT="33" WC="0.96" CONTENT="blifva"/><SP WIDTH="28" VPOS="1902" HPOS="1649"/>
							<String ID="string_388" HPOS="1677" VPOS="1906" WIDTH="46" HEIGHT="28" WC="0.96" CONTENT="att"/><SP WIDTH="29" VPOS="1906" HPOS="1723"/>
							<String ID="string_389" HPOS="1752" VPOS="1903" WIDTH="36" HEIGHT="41" WC="0.96" CONTENT="på"/>
						</TextLine>
						<TextLine ID="line_34" HPOS="195" VPOS="1953" WIDTH="1595" HEIGHT="47">
							<String ID="string_390" HPOS="195" VPOS="1966" WIDTH="118" HEIGHT="27" WC="0.92" CONTENT="stalens"/><SP WIDTH="36" VPOS="1966" HPOS="313"/>
							<String ID="string_391" HPOS="349" VPOS="1959" WIDTH="166" HEIGHT="33" WC="0.89" CONTENT="bekostnad"/><SP WIDTH="31" VPOS="1959" HPOS="515"/>
							<String ID="string_392" HPOS="546" VPOS="1963" WIDTH="112" HEIGHT="28" WC="0.89" CONTENT="ersälta"/><SP WIDTH="29" VPOS="1963" HPOS="658"/>
							<String ID="string_393" HPOS="687" VPOS="1969" WIDTH="35" HEIGHT="21" WC="0.96" CONTENT="en"/><SP WIDTH="38" VPOS="1969" HPOS="722"/>
							<String ID="string_394" HPOS="760" VPOS="1958" WIDTH="38" HEIGHT="42" WC="0.93" CONTENT="på"/><SP WIDTH="28" VPOS="1958" HPOS="798"/>
							<String ID="string_395" HPOS="826" VPOS="1956" WIDTH="223" HEIGHT="42" WC="0.91" CONTENT="tillfälligheten"/><SP WIDTH="30" VPOS="1956" HPOS="1049"/>
							<String ID="string_396" HPOS="1079" VPOS="1956" WIDTH="32" HEIGHT="32" WC="0.93" CONTENT="af"/><SP WIDTH="26" VPOS="1956" HPOS="1111"/>
							<String ID="string_397" HPOS="1137" VPOS="1954" WIDTH="189" HEIGHT="34" WC="0.92" CONTENT="kortfabriks"/><SP WIDTH="29" VPOS="1954" HPOS="1326"/>
							<String ID="string_398" HPOS="1355" VPOS="1955" WIDTH="122" HEIGHT="32" WC="0.95" CONTENT="tillvaro"/><SP WIDTH="28" VPOS="1955" HPOS="1477"/>
							<String ID="string_399" HPOS="1505" VPOS="1954" WIDTH="56" HEIGHT="32" WC="0.95" CONTENT="och"/><SP WIDTH="30" VPOS="1954" HPOS="1561"/>
							<String ID="string_400" HPOS="1591" VPOS="1953" WIDTH="199" HEIGHT="32" WC="0.96" CONTENT="verksamhet"/>
						</TextLine>
						<TextLine ID="line_35" HPOS="197" VPOS="2003" WIDTH="1593" HEIGHT="46">
							<String ID="string_401" HPOS="197" VPOS="2014" WIDTH="81" HEIGHT="31" WC="0.70" CONTENT="inom"/><SP WIDTH="43" VPOS="2014" HPOS="278"/>
							<String ID="string_402" HPOS="321" VPOS="2012" WIDTH="108" HEIGHT="32" WC="0.96" CONTENT="staden"/><SP WIDTH="43" VPOS="2012" HPOS="429"/>
							<String ID="string_403" HPOS="472" VPOS="2010" WIDTH="155" HEIGHT="33" WC="0.95" CONTENT="beroende"/><SP WIDTH="43" VPOS="2010" HPOS="627"/>
							<String ID="string_404" HPOS="670" VPOS="2010" WIDTH="134" HEIGHT="32" WC="0.96" CONTENT="inkomst"/><SP WIDTH="43" VPOS="2010" HPOS="804"/>
							<String ID="string_405" HPOS="847" VPOS="2009" WIDTH="67" HEIGHT="32" WC="0.86" CONTENT="med"/><SP WIDTH="40" VPOS="2009" HPOS="914"/>
							<String ID="string_406" HPOS="954" VPOS="2019" WIDTH="35" HEIGHT="21" WC="0.95" CONTENT="en"/><SP WIDTH="43" VPOS="2019" HPOS="989"/>
							<String ID="string_407" HPOS="1032" VPOS="2007" WIDTH="123" HEIGHT="42" WC="0.95" CONTENT="ständig"/><SP WIDTH="34" VPOS="2007" HPOS="1155"/>
							<String ID="string_408" HPOS="1189" VPOS="2007" WIDTH="55" HEIGHT="32" WC="0.96" CONTENT="och"/><SP WIDTH="37" VPOS="2007" HPOS="1244"/>
							<String ID="string_409" HPOS="1281" VPOS="2006" WIDTH="244" HEIGHT="42" WC="0.95" CONTENT="stadigvarande,"/><SP WIDTH="30" VPOS="2006" HPOS="1525"/>
							<String ID="string_410" HPOS="1555" VPOS="2003" WIDTH="116" HEIGHT="34" WC="0.96" CONTENT="hvilket"/><SP WIDTH="27" VPOS="2003" HPOS="1671"/>
							<String ID="string_411" HPOS="1698" VPOS="2014" WIDTH="92" HEIGHT="35" WC="0.96" CONTENT="synes"/>
						</TextLine>
						<TextLine ID="line_36" HPOS="196" VPOS="2056" WIDTH="1594" HEIGHT="48">
							<String ID="string_412" HPOS="196" VPOS="2065" WIDTH="87" HEIGHT="31" WC="0.96" CONTENT="desto"/><SP WIDTH="43" VPOS="2065" HPOS="283"/>
							<String ID="string_413" HPOS="326" VPOS="2063" WIDTH="119" HEIGHT="33" WC="0.96" CONTENT="mindre"/><SP WIDTH="37" VPOS="2063" HPOS="445"/>
							<String ID="string_414" HPOS="482" VPOS="2063" WIDTH="150" HEIGHT="41" WC="0.95" CONTENT="lämpligt,"/><SP WIDTH="30" VPOS="2063" HPOS="632"/>
							<String ID="string_415" HPOS="662" VPOS="2072" WIDTH="77" HEIGHT="29" WC="0.96" CONTENT="som,"/><SP WIDTH="42" VPOS="2072" HPOS="739"/>
							<String ID="string_416" HPOS="781" VPOS="2071" WIDTH="48" HEIGHT="21" WC="0.96" CONTENT="om"/><SP WIDTH="30" VPOS="2071" HPOS="829"/>
							<String ID="string_417" HPOS="859" VPOS="2060" WIDTH="86" HEIGHT="33" WC="0.91" CONTENT="äfven"/><SP WIDTH="42" VPOS="2060" HPOS="945"/>
							<String ID="string_418" HPOS="987" VPOS="2059" WIDTH="104" HEIGHT="32" WC="0.89" CONTENT="dervid"/><SP WIDTH="30" VPOS="2059" HPOS="1091"/>
							<String ID="string_419" HPOS="1121" VPOS="2059" WIDTH="132" HEIGHT="32" WC="0.92" CONTENT="fästades"/><SP WIDTH="33" VPOS="2059" HPOS="1253"/>
							<String ID="string_420" HPOS="1286" VPOS="2057" WIDTH="131" HEIGHT="33" WC="0.92" CONTENT="vilkoret"/><SP WIDTH="36" VPOS="2057" HPOS="1417"/>
							<String ID="string_421" HPOS="1453" VPOS="2061" WIDTH="44" HEIGHT="29" WC="0.96" CONTENT="att"/><SP WIDTH="28" VPOS="2061" HPOS="1497"/>
							<String ID="string_422" HPOS="1525" VPOS="2057" WIDTH="137" HEIGHT="40" WC="0.96" CONTENT="anslaget"/><SP WIDTH="30" VPOS="2057" HPOS="1662"/>
							<String ID="string_423" HPOS="1692" VPOS="2056" WIDTH="98" HEIGHT="32" WC="0.96" CONTENT="skulle"/>
						</TextLine>
						<TextLine ID="line_37" HPOS="197" VPOS="2108" WIDTH="1594" HEIGHT="50">
							<String ID="string_424" HPOS="197" VPOS="2117" WIDTH="151" HEIGHT="41" WC="0.91" CONTENT="upphöra,"/><SP WIDTH="44" VPOS="2117" HPOS="348"/>
							<String ID="string_425" HPOS="392" VPOS="2126" WIDTH="49" HEIGHT="21" WC="0.92" CONTENT="om"/><SP WIDTH="37" VPOS="2126" HPOS="441"/>
							<String ID="string_426" HPOS="478" VPOS="2113" WIDTH="137" HEIGHT="33" WC="0.92" CONTENT="fabriken"/><SP WIDTH="30" VPOS="2113" HPOS="615"/>
							<String ID="string_427" HPOS="645" VPOS="2113" WIDTH="152" HEIGHT="39" WC="0.96" CONTENT="nedlades,"/><SP WIDTH="31" VPOS="2113" HPOS="797"/>
							<String ID="string_428" HPOS="828" VPOS="2110" WIDTH="51" HEIGHT="34" WC="0.95" CONTENT="det"/><SP WIDTH="29" VPOS="2110" HPOS="879"/>
							<String ID="string_429" HPOS="908" VPOS="2112" WIDTH="146" HEIGHT="42" WC="0.95" CONTENT="möjligen"/><SP WIDTH="31" VPOS="2112" HPOS="1054"/>
							<String ID="string_430" HPOS="1085" VPOS="2111" WIDTH="98" HEIGHT="32" WC="0.96" CONTENT="kunde"/><SP WIDTH="31" VPOS="2111" HPOS="1183"/>
							<String ID="string_431" HPOS="1214" VPOS="2111" WIDTH="57" HEIGHT="32" WC="0.96" CONTENT="låta"/><SP WIDTH="30" VPOS="2111" HPOS="1271"/>
							<String ID="string_432" HPOS="1301" VPOS="2111" WIDTH="46" HEIGHT="41" WC="0.96" CONTENT="sig"/><SP WIDTH="29" VPOS="2111" HPOS="1347"/>
							<String ID="string_433" HPOS="1376" VPOS="2114" WIDTH="72" HEIGHT="37" WC="0.96" CONTENT="göra"/><SP WIDTH="30" VPOS="2114" HPOS="1448"/>
							<String ID="string_434" HPOS="1478" VPOS="2113" WIDTH="45" HEIGHT="28" WC="0.96" CONTENT="att"/><SP WIDTH="30" VPOS="2113" HPOS="1523"/>
							<String ID="string_435" HPOS="1553" VPOS="2108" WIDTH="148" HEIGHT="33" WC="0.93" CONTENT="bibehålla"/><SP WIDTH="31" VPOS="2108" HPOS="1701"/>
							<String ID="string_436" HPOS="1732" VPOS="2109" WIDTH="59" HEIGHT="31" WC="0.92" CONTENT="rät-"/>
						</TextLine>
						<TextLine ID="line_38" HPOS="197" VPOS="2158" WIDTH="1593" HEIGHT="52">
							<String ID="string_437" HPOS="197" VPOS="2168" WIDTH="139" HEIGHT="42" WC="0.92" CONTENT="tigheten"/><SP WIDTH="45" VPOS="2168" HPOS="336"/>
							<String ID="string_438" HPOS="381" VPOS="2165" WIDTH="42" HEIGHT="33" WC="0.92" CONTENT="till"/><SP WIDTH="41" VPOS="2165" HPOS="423"/>
							<String ID="string_439" HPOS="464" VPOS="2166" WIDTH="52" HEIGHT="32" WC="0.94" CONTENT="det"/><SP WIDTH="41" VPOS="2166" HPOS="516"/>
							<String ID="string_440" HPOS="557" VPOS="2164" WIDTH="133" HEIGHT="34" WC="0.92" CONTENT="fixerade"/><SP WIDTH="42" VPOS="2164" HPOS="690"/>
							<String ID="string_441" HPOS="732" VPOS="2164" WIDTH="220" HEIGHT="40" WC="0.89" CONTENT="statsanslaget"/><SP WIDTH="41" VPOS="2164" HPOS="952"/>
							<String ID="string_442" HPOS="993" VPOS="2173" WIDTH="112" HEIGHT="32" WC="0.95" CONTENT="genom"/><SP WIDTH="32" VPOS="2173" HPOS="1105"/>
							<String ID="string_443" HPOS="1137" VPOS="2166" WIDTH="40" HEIGHT="29" WC="0.86" CONTENT="att"/><SP WIDTH="28" VPOS="2166" HPOS="1177"/>
							<String ID="string_444" HPOS="1205" VPOS="2161" WIDTH="136" HEIGHT="34" WC="0.95" CONTENT="använda"/><SP WIDTH="31" VPOS="2161" HPOS="1341"/>
							<String ID="string_445" HPOS="1372" VPOS="2161" WIDTH="98" HEIGHT="43" WC="0.96" CONTENT="någon"/><SP WIDTH="30" VPOS="2161" HPOS="1470"/>
							<String ID="string_446" HPOS="1500" VPOS="2159" WIDTH="45" HEIGHT="33" WC="0.95" CONTENT="del"/><SP WIDTH="29" VPOS="2159" HPOS="1545"/>
							<String ID="string_447" HPOS="1574" VPOS="2158" WIDTH="87" HEIGHT="34" WC="0.95" CONTENT="deraf"/><SP WIDTH="27" VPOS="2158" HPOS="1661"/>
							<String ID="string_448" HPOS="1688" VPOS="2162" WIDTH="102" HEIGHT="31" WC="0.96" CONTENT="såsom"/>
						</TextLine>
						<TextLine ID="line_39" HPOS="198" VPOS="2212" WIDTH="1592" HEIGHT="49">
							<String ID="string_449" HPOS="198" VPOS="2221" WIDTH="152" HEIGHT="40" WC="0.93" CONTENT="premium"/><SP WIDTH="31" VPOS="2221" HPOS="350"/>
							<String ID="string_450" HPOS="381" VPOS="2218" WIDTH="46" HEIGHT="32" WC="0.93" CONTENT="för"/><SP WIDTH="28" VPOS="2218" HPOS="427"/>
							<String ID="string_451" HPOS="455" VPOS="2229" WIDTH="35" HEIGHT="20" WC="0.92" CONTENT="en"/><SP WIDTH="32" VPOS="2229" HPOS="490"/>
							<String ID="string_452" HPOS="522" VPOS="2217" WIDTH="186" HEIGHT="32" WC="0.90" CONTENT="kortfabriks"/><SP WIDTH="29" VPOS="2217" HPOS="708"/>
							<String ID="string_453" HPOS="737" VPOS="2227" WIDTH="82" HEIGHT="22" WC="0.95" CONTENT="mera"/><SP WIDTH="31" VPOS="2227" HPOS="819"/>
							<String ID="string_454" HPOS="850" VPOS="2215" WIDTH="148" HEIGHT="33" WC="0.96" CONTENT="skenbara"/><SP WIDTH="28" VPOS="2215" HPOS="998"/>
							<String ID="string_455" HPOS="1026" VPOS="2220" WIDTH="36" HEIGHT="27" WC="0.95" CONTENT="än"/><SP WIDTH="31" VPOS="2220" HPOS="1062"/>
							<String ID="string_456" HPOS="1093" VPOS="2215" WIDTH="133" HEIGHT="43" WC="0.93" CONTENT="verkliga"/><SP WIDTH="25" VPOS="2215" HPOS="1226"/>
							<String ID="string_457" HPOS="1251" VPOS="2214" WIDTH="144" HEIGHT="33" WC="0.88" CONTENT="fortvaro."/><SP WIDTH="42" VPOS="2214" HPOS="1395"/>
							<String ID="string_458" HPOS="1437" VPOS="2212" WIDTH="172" HEIGHT="43" WC="0.63" CONTENT="Ömsorgen"/><SP WIDTH="27" VPOS="2212" HPOS="1609"/>
							<String ID="string_459" HPOS="1636" VPOS="2223" WIDTH="49" HEIGHT="22" WC="0.96" CONTENT="om"/><SP WIDTH="17" VPOS="2223" HPOS="1685"/>
							<String ID="string_460" HPOS="1702" VPOS="2212" WIDTH="88" HEIGHT="32" WC="0.96" CONTENT="dessa"/>
						</TextLine>
						<TextLine ID="line_40" HPOS="196" VPOS="2263" WIDTH="1591" HEIGHT="51">
							<String ID="string_461" HPOS="196" VPOS="2271" WIDTH="392" HEIGHT="43" WC="0.56" CONTENT="falligvårdsinrätlningar"/><SP WIDTH="42" VPOS="2271" HPOS="588"/>
							<String ID="string_462" HPOS="630" VPOS="2274" WIDTH="32" HEIGHT="28" WC="0.95" CONTENT="är"/><SP WIDTH="43" VPOS="2274" HPOS="662"/>
							<String ID="string_463" HPOS="705" VPOS="2269" WIDTH="157" HEIGHT="32" WC="0.89" CONTENT="dessutom"/><SP WIDTH="39" VPOS="2269" HPOS="862"/>
							<String ID="string_464" HPOS="901" VPOS="2278" WIDTH="35" HEIGHT="22" WC="0.96" CONTENT="en"/><SP WIDTH="41" VPOS="2278" HPOS="936"/>
							<String ID="string_465" HPOS="977" VPOS="2268" WIDTH="201" HEIGHT="39" WC="0.96" CONTENT="kommunens"/><SP WIDTH="34" VPOS="2268" HPOS="1178"/>
							<String ID="string_466" HPOS="1212" VPOS="2269" WIDTH="155" HEIGHT="30" WC="0.95" CONTENT="närmaste"/><SP WIDTH="31" VPOS="2269" HPOS="1367"/>
							<String ID="string_467" HPOS="1398" VPOS="2265" WIDTH="243" HEIGHT="45" WC="0.92" CONTENT="angelägenhet;"/><SP WIDTH="30" VPOS="2265" HPOS="1641"/>
							<String ID="string_468" HPOS="1671" VPOS="2263" WIDTH="116" HEIGHT="33" WC="0.91" CONTENT="hvadan"/>
						</TextLine>
					</TextBlock>
				</ComposedBlock>
			</PrintSpace>
		</Page>
	</Layout>
</alto>
