2129 2648
389 190 16 28 2
614 189 161 29 Sammans.
800 190 89 29 Stats-
914 191 48 28 och
984 190 347 39 Bevillnings-Utskottets
1354 191 189 29 Betänkande
1566 192 57 27 N:o
1646 190 25 30 I.

344 267 68 34 hela
441 267 395 46 kortstämplingsafgiften.
893 270 86 33 Detua
1011 269 121 42 fortfor,
1161 270 93 34 sedan
1287 272 91 33 4756
1409 273 50 32 års
1489 271 180 43 författning
1698 269 98 35 blifvit
1824 282 111 32 genom

346 320 108 44 Kongl.
487 321 230 44 Förordningen
747 322 57 33 den
835 322 46 32 24
910 323 83 43 April
1027 323 92 33 1788
1151 324 153 43 upplifvad
1334 325 57 32 och
1421 323 57 34 den
1509 323 209 34 förstnämnda
1741 323 33 34 år
1789 324 145 43 stadgade

343 374 88 44 afgill
460 373 164 35 förklarats
655 375 188 33 fortfarande
871 376 83 32 skola
984 377 140 43 erläggas
1154 377 68 32 med
1254 378 18 32 6
1305 376 194 45 runstycken,
1531 378 44 32 till
1604 379 34 31 år
1672 377 103 40 1812,
1791 377 47 40 då,
1855 376 70 34 utöf

342 437 51 22 ver
435 427 198 33 förenämnda
675 427 88 44 afgift
798 427 32 33 al
856 428 18 32 6
907 430 199 42 runstycken,
1138 430 5 31 i
1173 429 333 44 Bevillningsstadgans
1536 430 21 32 4
1586 434 57 29 art.
1674 430 18 32 6
1722 428 16 44 $
1766 429 167 33 föreskrefs

339 490 37 21 en
420 480 272 43 bevillningsafgift
720 481 32 32 af
779 480 17 32 2
825 479 160 44 skillingar
1013 481 102 33 Banko
1146 481 46 33 för
1222 483 102 42 hvarje
1353 481 198 44 spelkortiek,
1581 493 65 22 som
1678 485 5 29 i
1713 482 80 32 riket
1822 481 110 33 tillver-

343 532 104 41 kades,
490 533 120 33 hvilken
640 531 190 35 sistnämnda
859 533 86 43 afgift
974 532 59 34 lika
1066 535 68 31 med
1163 533 98 44 öfriga
1293 535 205 42 bevillningen
1529 536 101 42 ingick
1662 535 44 32 till
1735 536 195 31 statsverket.

339 583 56 33 Vid
442 584 92 34 1815
571 586 49 32 års
650 585 122 42 riksdag
801 585 93 33 funno
925 586 104 33 Rikets
1057 586 141 41 Ständer,
1229 587 68 32 med
1325 587 143 33 afseende
1498 589 37 42 på
1564 588 35 31 de
1628 588 201 42 svårigheter,
1847 586 84 33 hvari

337 637 152 33 allmänna
520 638 168 33 barnhuset
718 637 130 33 kommit
875 638 206 45 synnerligast
1108 649 113 32 genom
1251 638 147 34 förlusten
1427 641 31 31 af
1483 640 56 32 den
1565 640 87 32 andel
1668 640 31 32 af
1714 638 218 34 kronotionde-

337 692 191 38 spanmålen,
569 700 65 21 som
676 690 43 31 dit
762 690 81 31 förut
885 692 99 39 utgått
1028 690 65 32 från
1135 690 137 40 Finland,
1313 692 112 40 skäligt
1465 695 43 27 att
1551 692 44 30 till
1626 692 168 40 ersättning
1827 689 105 33 härför

338 740 107 43 bevilja
477 740 167 34 barnhuset
675 739 114 34 hålften
819 741 31 32 af
876 740 311 45 bevillningsafgiften
1220 740 46 35 för
1294 742 37 33 de
1361 744 6 30 i
1397 741 179 34 Stockholm
1600 741 178 34 tillverkade
1796 741 135 44 spelkort

336 794 77 31 eller
452 804 36 22 en
531 795 124 40 skilling
697 793 102 33 Banko
830 793 46 33 för
906 795 104 42 hvarje
1041 794 130 32 kortlek.
1228 795 39 32 På
1298 805 118 22 samma
1444 797 82 41 gång
1555 796 120 31 tillades
1700 796 114 41 jemväl
1844 794 86 32 barn-

337 845 95 33 husen
474 845 84 40 eller,
600 844 54 33 der
683 846 110 33 sådana
823 844 28 46 ej
882 846 120 41 funnos,
1032 846 429 44 fattigvårdsinrättningarne
1491 850 6 29 i
1527 847 37 32 de
1592 846 116 41 städer,
1736 847 52 32 der
1819 846 112 33 kortfa-

335 897 103 33 briker
481 897 121 41 funnos,
644 902 58 28 rätt
748 898 45 33 till
822 898 97 32 halfva
950 899 312 42 bevillningsafaften
1292 899 46 32 för
1367 900 36 31 de
1433 900 6 31 i
1470 910 116 22 samma
1617 899 101 33 städer
1749 898 179 33 tillverkade

334 949 147 44 spelkort.
537 951 180 32 Sedermera
749 950 109 33 förblef
885 950 333 44 kortstämpelafgiften
1252 951 18 32 2
1300 950 158 43 skillingar
1489 953 17 31 6
1526 950 189 45 runstycken
1737 952 95 31 Banko
1852 950 76 33 intill

333 1004 34 31 år
400 1003 105 40 1835,
533 1002 39 33 då
599 1001 56 34 den
687 1001 157 45 förhöjdes
873 1003 44 32 till
948 1003 17 33 6
997 1002 160 44 shillingar
1185 1003 113 41 Banko,
1327 1002 153 34 hvarefter
1509 1004 58 32 den
1584 1004 32 31 år
1637 1003 91 34 1842
1749 1004 181 44 ytterligare

333 1054 161 43 förhöjdes
532 1053 42 34 till
618 1055 18 32 8
680 1053 158 45 skillingar
876 1056 100 32 Banko
1018 1055 49 33 allt
1100 1056 45 32 för
1174 1056 104 43 hvarje
1309 1057 119 31 kortlek
1458 1055 56 33 och
1546 1056 66 32 med
1643 1055 209 34 bibehållande
1882 1056 47 32 för

333 1106 139 43 samtliga
501 1106 222 33 ofvannämnda
754 1108 470 43 barnmhertighetsinrättningar
1252 1108 32 32 af
1310 1108 81 33 förut
1417 1108 147 43 stadgade
1593 1108 123 33 andelar
1744 1108 183 43 afafgiften.

333 1158 146 43 Slutligen
509 1159 63 32 blef
597 1160 46 31 vid
679 1160 248 32 1853—41854
956 1164 90 29 årens
1076 1159 122 43 riksdag
1228 1171 35 21 en
1295 1159 173 44 förböjning
1496 1161 32 31 al
1553 1161 19 31 4
1588 1159 162 43 skillingar
1765 1161 101 31 Bonko
1882 1160 47 32 för

333 1209 107 45 hvarje
471 1210 118 33 kortlek
619 1210 152 41 bestämd,
801 1211 118 32 hvilken
950 1211 175 44 förhöjning
1154 1211 45 33 till
1230 1212 64 32 hela
1324 1214 53 30 sitt
1406 1213 121 42 belopp,
1557 1213 67 31 med
1660 1212 144 33 afseende
1833 1211 14 32 å
1878 1210 50 33 all-

332 1266 111 29 mänuna
486 1262 183 34 barnhusets
712 1263 94 32 behof
844 1263 30 32 af
910 1263 179 40 understöd,
1118 1262 101 34 skulle
1258 1261 122 35 komma
1418 1265 129 31 nämnda
1584 1264 135 33 barnhus
1749 1274 104 22 ensanr
1884 1262 42 33 till

332 1314 90 42 godo.
479 1314 103 43 Enligt
610 1315 55 32 den
695 1316 7 30 i
733 1315 70 43 följd
834 1315 31 32 af
888 1315 187 33 sistherörda
1107 1314 244 43 riksdagsbeslut
1383 1316 171 39 utfärdade,
1582 1326 40 22 nu
1653 1316 140 42 gällande
1811 1315 116 32 författ-

332 1368 74 40 ning
433 1368 8 29 i
470 1370 115 35 ämnet,
615 1367 107 41 Kongl.
754 1367 231 42 Förordningen
1014 1368 57 31 den
1106 1368 41 32 145
1181 1367 171 33 December
1385 1367 94 33 1854
1510 1372 89 38 utgör
1627 1367 120 33 således
1764 1368 166 31 kortstäm-

333 1418 177 42 pelafgiften
546 1419 39 31 42
617 1419 159 41 skillingar
805 1419 101 31 Banko
935 1418 72 32 eller
1038 1419 71 42 374
1138 1424 52 27 öre
1220 1419 162 43 Biksmynt
1412 1419 46 32 för
1487 1419 103 42 hvarje
1614 1418 178 41 kortiek,
1765 1414 30 52 af
1806 1419 121 31 hvilken

331 1468 87 42 afgift
446 1469 152 33 allmänna
630 1470 167 32 barnhuset
825 1470 135 43 åtnjuter
989 1470 65 32 dels
1082 1481 35 21 en
1147 1471 122 41 skilling
1297 1471 102 31 Banko
1429 1470 45 32 för
1504 1469 107 46 hvarje
1641 1472 6 30 i
1671 1471 181 32 Stockholm
1870 1471 59 31 till-

333 1521 109 32 verkad
484 1522 118 32 kortlek
646 1522 57 32 och
745 1522 65 32 dels
854 1523 19 30 4
916 1520 162 43 skillingar
1106 1521 101 33 Banko
1238 1521 47 34 för
1314 1523 104 42 hvarje
1447 1524 83 30 inom
1562 1523 64 31 hela
1657 1524 80 31 riket
1765 1522 162 32 tillverkad

332 1570 135 42 kortlek,
510 1573 171 33 barnhusen
724 1573 75 32 eller
841 1574 430 42 fattigvårdsinrältningarne
1313 1575 6 30 i
1361 1573 98 43 öfriga
1495 1574 115 40 städer,
1637 1574 54 33 der
1722 1571 206 35 kortfobriker

329 1623 108 41 finnas,
477 1625 116 32 erhålla
634 1636 36 21 eu
712 1626 121 41 skilling
875 1626 101 31 Banko
1021 1625 45 32 för
1096 1626 103 43 hvarje
1230 1627 5 30 i
1260 1626 89 32 dessa
1378 1626 104 33 städer
1511 1625 159 33 tillverkad
1701 1625 118 32 kortlek
1848 1631 80 26 samt

330 1676 340 33 serafimer-lasarettet
712 1678 56 31 och
817 1677 335 33 frimurarebarnhuset
1189 1678 159 32 bekomma
1380 1678 146 32 hvardera
1560 1679 17 31 35
1608 1679 189 43 runstycken
1825 1676 102 33 Banko

331 1726 47 33 för
408 1726 108 47 hvarje
546 1730 81 31 inom
657 1729 78 32 riket
765 1726 160 35 tillverkad
958 1730 128 33 kortlek.

466 1780 189 33 Beträffonde
685 1791 39 22 nu
754 1780 104 43 frågan
889 1792 48 21 om
967 1782 58 31 den
1057 1780 171 42 föreslagna
1258 1780 219 44 förhöjningen
1495 1783 6 30 i
1521 1780 406 44 kortstämplingsafgiften
1914 1776 17 52 ,;

330 1834 31 30 så
404 1832 57 32 och
503 1832 36 31 då
570 1831 179 34 densannna
780 1833 93 43 utgör
901 1834 83 31 skatt
1012 1835 15 30 å
1057 1834 240 42 förbrukningen
1327 1834 31 32 af
1384 1844 36 21 en
1448 1834 121 39 artikel,
1598 1844 66 21 som
1696 1835 33 41 på
1760 1835 77 31 intet
1866 1837 61 30 sätt

332 1884 57 32 kan
420 1883 145 34 hänföras
594 1886 45 31 till
670 1885 350 43 nödvändighetsvaror,
1050 1887 55 31 och
1136 1885 98 33 denna
1264 1884 82 33 skatt
1377 1884 291 42 företrädesvis,
1629 1879 34 53 om
1686 1886 26 42 ej
1732 1885 194 33 uteslutande

331 1935 131 33 drabbar
502 1937 81 39 dem,
624 1947 67 21 som
736 1936 96 34 förmå
864 1937 70 33 bära
963 1942 99 28 större
1093 1937 226 39 skattebördor,
1350 1938 53 31 har
1433 1936 156 34 Utskottet
1618 1942 101 28 ansett
1748 1937 175 32 densamma

330 1998 51 29 nu,
423 1987 35 34 då
500 1988 95 32 ökade
638 1988 173 32 statshbehof
852 1988 141 43 påfordra
1038 1988 170 33 beredande
1250 1989 32 32 af
1307 1990 97 31 ökade
1434 1987 172 45 tillgångar,
1637 1989 98 33 kunna
1765 1989 58 32 och
1853 1988 70 33 böra

329 2039 111 32 anlitas
480 2039 45 33 för
560 2044 43 28 alt
633 2042 6 30 i
670 2042 46 30 sin
746 2042 69 31 mån
847 2041 121 42 bidraga
1001 2042 43 31 till
1075 2039 129 46 fyllande
1233 2040 31 32 af
1289 2041 87 32 dessa
1407 2041 99 32 behof.
1563 2041 99 41 Enligt
1692 2042 36 31 de
1757 2040 167 44 uppgifter,

328 2090 159 33 Utskottet
517 2089 160 35 förskaffat
708 2094 46 39 sig
783 2093 156 42 angående
967 2093 114 32 antalet
1116 2092 171 42 stämplade
1317 2092 155 33 kortlekar
1501 2093 55 32 och
1574 2092 104 33 derför
1695 2091 104 44 erlagd
1818 2093 103 32 bevill-

328 2145 73 38 ning
431 2143 64 32 från
532 2144 56 30 och
619 2142 69 33 med
724 2144 91 32 41845
847 2144 73 42 (Bil.
951 2144 55 43 A),
1036 2145 54 31 bar
1118 2143 95 32 denna
1246 2144 166 42 bevillning
1441 2146 7 30 i
1479 2144 143 32 medeltal
1654 2144 45 32 för
1727 2145 37 31 de
1796 2145 42 30 tio
1855 2145 68 31 sist-

330 2193 142 33 förflutna
501 2196 73 31 åren
605 2195 115 43 utgjort
752 2195 127 40 68,161
916 2196 70 32 Rdr
1017 2196 44 33 65
1092 2200 70 39 öre,
1192 2196 115 32 hvadan
1337 2206 111 32 genom
1476 2206 35 22 en
1532 2196 178 33 fördubblad
1728 2194 195 44 stämplings-

325 2245 87 42 afgill
441 2256 37 22 en
507 2247 66 32 icke
602 2248 33 32 så
664 2248 192 41 oväsendtlig
887 2248 159 41 tillökning
1076 2250 7 30 i
1112 2249 216 31 statsinkomst
1357 2246 98 35 skulle
1484 2249 99 32 kunna
1615 2246 163 45 påräknas.
1811 2248 108 33 Härvid

327 2296 55 33 kan
421 2299 179 41 visserligen
646 2300 153 38 invändas,
841 2303 44 28 att
913 2300 55 31 den
1000 2300 136 42 förhöjda
1167 2300 126 42 aigiften
1323 2300 86 31 torde
1440 2300 156 32 förorsaka
1628 2298 152 34 minskadt
1809 2300 109 31 använ-
