2202 2606
700 152 277 31 Bankoutskottets
1000 151 162 32 utlåtande
1186 152 50 31 Nr
1258 153 52 31 27.
1746 153 13 29 1

940 552 58 39 Nr
1026 551 60 41 27.

792 707 111 27 Ankom
923 707 41 27 till
984 706 166 36 riksdagens
1171 706 92 27 kansli
1283 706 53 27 den
1357 706 32 27 19
1408 705 70 36 april
1500 708 64 24 1921
1585 706 37 26 kl.
1643 707 17 26 6
1679 715 22 17 e.
1722 715 34 17 m.

414 849 204 42 Utlåtande,
657 849 13 34 i
709 848 199 44 anledning
944 859 43 23 av
1023 847 138 46 Kungl.
1204 847 125 44 Maj:ts
1354 848 231 44 proposition
1622 847 188 44 angående

601 916 157 43 fortsatt
799 915 165 43 befrielse
1003 915 61 45 för
1104 916 218 35 riksbanken
1364 916 116 35 under
1519 916 71 34 viss
1632 915 54 35 tid
1714 915 95 43 från

610 985 250 45 skyldigheten
902 988 52 31 att
996 985 116 35 inlösa
1155 996 43 23 av
1238 985 138 34 banken
1404 985 152 43 utgivna
1584 984 121 35 sedlar
1732 984 79 34 med

605 1054 92 45 guld
718 1055 116 42 jämte
862 1065 42 23 en
932 1055 12 33 1
973 1057 117 32 ämnet
1118 1055 102 33 väckt
1248 1054 142 34 motion.

336 1211 16 35 I
381 1224 46 23 en
469 1210 55 36 till
565 1208 207 48 riksdagen
813 1208 73 36 den
914 1209 23 33 4
967 1220 98 23 mars
1098 1208 95 34 1921
1225 1207 159 48 avlåten,
1415 1207 54 36 till
1498 1207 313 37 bankoutskottet

205 1264 75 35 den
311 1265 20 34 9
362 1275 145 24 samma
548 1260 138 37 månad
728 1258 184 37 hänvisad
953 1258 237 50 proposition
1233 1272 44 22 nr
1321 1261 70 33 122
1422 1259 67 36 har
1516 1259 142 49 Kungl.
1688 1258 120 49 Maj:t,

205 1315 119 36 under
353 1313 236 49 åberopande
619 1325 45 23 av
693 1311 286 49 propositionen
1007 1310 122 48 bilagt
1157 1310 139 48 utdrag
1325 1323 45 23 av
1398 1310 414 49 statsrådsprotokollet

205 1371 92 31 över
337 1364 290 37 finansärenden
670 1363 58 36 för
769 1375 144 23 samma
954 1362 87 47 dag,
1072 1362 198 48 föreslagit
1301 1361 208 49 riksdagen
1538 1362 190 48 medgiva,
1758 1367 53 30 att

205 1417 230 38 riksbanken
479 1418 59 34 må
579 1415 58 36 för
678 1414 106 36 tiden
825 1414 82 35 från
949 1413 70 36 och
1049 1413 84 36 med
1162 1413 73 36 den
1268 1415 16 33 1
1317 1413 94 49 april
1441 1413 55 36 till
1524 1413 72 37 och
1625 1413 85 36 med
1739 1412 72 36 den

205 1471 50 35 30
298 1468 212 51 september
553 1469 95 34 1921
693 1478 90 24 vara
825 1465 166 48 fritagen
1019 1464 84 36 från
1131 1464 270 49 skyldigheten
1430 1469 56 32 att
1515 1464 63 37 vid
1608 1464 203 37 anfordran

206 1521 120 36 inlösa
354 1534 48 23 av
429 1520 151 37 banken
608 1518 163 49 utgivna
800 1517 124 37 sedlar
953 1517 84 36 med
1066 1516 92 48 guld
1188 1516 94 37 efter
1310 1516 108 37 deras
1446 1516 154 50 lydelse,
1629 1516 86 37 med
1734 1520 76 32 rätt

207 1573 96 36 dock
344 1572 60 37 för
441 1570 230 37 riksbanken
701 1575 66 36 att,
796 1582 60 23 om
885 1568 284 37 förhållandena
1198 1568 127 36 därtill
1353 1568 89 49 giva
1475 1568 220 49 anledning,
1730 1568 80 36 före

207 1627 197 46 utgången
433 1637 46 22 av
506 1622 166 37 nämnda
700 1621 53 36 tid
782 1623 250 47 återupptaga
1059 1620 243 48 inlösningen
1328 1633 46 23 av
1402 1620 172 37 bankens
1603 1620 133 37 sedlar.

336 1676 17 36 I
396 1681 53 31 ett
490 1680 88 31 över
619 1672 165 37 nämnda
822 1672 233 49 proposition
1085 1671 166 49 avgivet,
1281 1671 72 37 den
1384 1673 46 35 10
1459 1685 101 23 mars
1592 1673 94 35 1921
1720 1672 91 48 dag-

177 1728 182 46 tecknat
413 1726 194 37 utlåtande
648 1739 45 22 nr
736 1727 45 33 21
822 1723 156 37 anförde
1018 1723 325 47 bankoutskottet,
1387 1730 53 30 att
1480 1723 200 47 utskottet,
1724 1722 86 37 med

207 1780 149 48 hänsyn
383 1779 57 36 till
469 1778 73 36 den
579 1778 110 36 korta
730 1775 194 47 arbetstid,
966 1788 81 24 som
1076 1775 108 37 stode
1213 1775 183 37 utskottet
1424 1776 69 36 och
1521 1775 206 49 riksdagen
1755 1775 54 36 till

206 1831 97 37 buds
344 1831 80 36 före
466 1830 106 49 påsk,
615 1833 124 32 ansett
780 1829 61 47 sig
879 1828 58 36 för
965 1827 62 37 det
1055 1827 217 36 dåvarande
1298 1827 133 36 endast
1459 1827 91 37 böra
1578 1827 149 46 föreslå,
1758 1832 54 31 att

205 1884 74 36 den
306 1882 232 37 riksbanken
566 1881 206 48 medgivna
801 1879 199 37 befrielsen
1029 1879 82 35 från
1140 1878 269 49 skyldigheten
1438 1884 55 31 att
1511 1878 123 37 inlösa
1654 1892 47 22 av
1721 1878 90 36 ban-

207 1935 73 36 ken
307 1934 159 49 utgivna
494 1933 124 36 sedlar
647 1932 85 36 med
762 1931 93 50 guld
884 1931 140 36 erhölle
1053 1930 176 49 förlängd
1258 1930 180 49 giltighet
1465 1931 58 36 till
1557 1930 72 37 den
1661 1932 17 34 1
1710 1935 101 31 näst-

207 1986 229 37 kommande
465 1985 86 49 maj.

336 2037 217 49 Riksdagen
582 2036 142 36 fattade
752 2035 164 51 beslut
905 2030 24 60 i
945 2034 379 37 överensstämmelse
1362 2034 85 36 med
1475 2034 206 36 utskottets
1710 2034 101 36 hem-

206 2089 146 37 ställan.
409 2089 82 36 Den
532 2087 230 37 riksbanken
791 2086 205 48 medgivna
1023 2085 205 38 befrielsen
1257 2086 82 36 från
1376 2085 269 50 skyldigheten
1673 2085 138 36 att'in-

207 2142 80 36 lösa
314 2155 47 22 av
389 2140 151 37 banken
567 2139 160 49 utgivna
756 2139 123 36 sedlar
907 2138 85 37 med
1021 2137 93 49 guld
1143 2138 149 48 upphör
1321 2137 159 37 sålunda
1508 2137 85 36 med
1613 2139 198 47 utgången

207 2207 45 22 av
281 2193 93 49 april
403 2192 147 37 månad.

335 2244 18 36 I
381 2244 64 36 sitt
488 2257 98 23 ovan
628 2243 250 37 omförmälda
919 2241 194 37 utlåtande
1142 2241 211 37 förklarade
1382 2241 61 49 sig
1478 2240 185 37 utskottet
1691 2241 120 36 tillika

213 2305 126 41 Bihang
363 2305 50 31 till
435 2304 189 41 riksdagens
642 2303 158 42 protokoll
825 2303 93 31 1921.
964 2304 21 30 8
1008 2303 90 30 saml.
1133 2303 44 30 22
1200 2301 78 41 häft.
1325 2302 66 35 (Nr
1414 2300 65 36 27).
1751 2302 14 30 1
