2192 2626
331 199 118 32 Andra
473 198 215 33 Kammarens
714 198 177 42 Tillfälliga
922 198 139 32 Utskotts
1084 198 77 41 (N:o
1184 200 32 37 2)
1248 195 170 35 Utlåtande
1441 197 66 32 N:o
1530 200 51 31 30.
1710 199 19 31 9

175 278 86 37 med
290 283 56 31 att
374 277 248 49 dödligheten
651 277 12 36 i
691 277 255 49 smittkoppor
974 277 157 49 sjunker
1159 277 87 36 med
1277 278 45 35 70
1343 282 169 44 procent.
1570 276 49 37 Så
1638 277 133 37 utkom

174 330 75 37 den
284 332 20 35 6
343 343 99 23 mars
474 331 96 35 1816
599 329 247 37 föreskriften
875 342 59 23 om
964 329 251 49 obligatorisk
1244 328 249 48 vaccination,
1522 329 249 49 hvarigenom

175 382 468 49 vaccinationsprocenten
671 381 225 49 ytterligare
925 381 146 50 höjdes,
1102 381 70 37 och
1202 381 11 36 i
1233 381 203 49 jämbredd
1455 381 158 36 härmed
1633 381 139 37 sänkes

175 434 249 49 dödligheten
451 433 13 36 i
492 433 256 49 smittkoppor
775 433 84 37 med
889 447 75 35 nya
992 435 48 35 40
1068 438 169 44 procent.
1296 432 249 49 Småningom
1573 433 199 37 försvinna

175 486 199 50 kopporna
402 490 137 32 nästan
568 485 244 49 fullständigt
838 485 13 36 i
880 485 136 49 början
1045 486 39 35 af
1113 485 220 47 1840-talet,
1363 498 87 23 men
1478 507 50 4 —
1557 485 40 35 af
1621 485 68 36 allt
1718 491 54 31 att

175 538 111 36 döma
314 560 49 4 —
391 541 48 46 på
467 537 125 49 grund
621 537 40 36 af
682 537 193 37 bristande
895 537 280 36 revaccination
1194 537 123 36 under
1336 536 227 37 kommande
1583 537 187 48 perioder,

175 590 250 49 hvarigenom
455 589 45 37 de
529 601 132 24 senare
691 588 333 48 åldersklasserna,
1053 593 96 32 trots
1177 588 189 49 ympning
1390 588 12 36 i
1422 588 248 48 barndomen,
1692 591 80 35 åter

175 641 129 37 blifvit
345 655 59 23 om
448 641 71 37 ock
560 641 13 36 i
613 640 153 50 ringare
808 641 95 48 grad
946 641 228 49 mottagliga
1206 641 60 36 för
1294 641 353 49 koppsmittämnet,
1678 655 93 35 upp-

175 694 148 36 blossar
351 696 81 34 åter
459 694 12 35 i
499 693 136 49 början
665 693 40 36 af
734 693 210 37 1870-talet
972 706 47 23 en
1047 693 125 48 häftig
1192 692 176 49 epidemi,
1390 706 79 23 som
1490 693 283 48 sammanlagdt

174 745 220 50 bortryckte
428 745 12 36 i
468 748 84 33 vårt
580 744 89 37 land
698 750 92 31 nära
820 746 111 45 5,000
960 758 192 36 personer,
1182 744 116 37 bland
1326 744 131 37 hvilka
1487 749 55 32 ett
1569 744 85 37 icke
1684 745 88 37 obe-

174 797 144 49 tydligt
359 797 105 37 antal
505 810 138 23 vuxne.
701 797 155 36 Varnad
894 797 40 36 af
958 797 125 36 denna
1111 796 198 49 allvarliga
1337 796 247 50 påminnelse,
1614 796 158 50 började

174 863 51 22 nu
255 850 257 36 allmänheten
541 854 56 31 att
626 862 47 23 en
701 849 56 36 tid
784 849 77 36 låta
890 862 79 24 mer
997 853 46 31 än
1072 849 80 36 förr
1179 848 243 37 revaccinera
1442 848 72 48 sig,
1535 848 71 36 och
1627 849 144 48 följden

175 902 111 35 häraf
310 901 68 36 har
406 904 98 45 ånyo
534 900 126 37 blifvit
688 914 48 23 en
764 904 40 33 så
833 900 216 50 betydande
1078 900 196 49 sänkning
1292 900 13 36 i
1324 900 235 37 dödsfallens
1580 901 116 47 antal,
1718 906 55 31 att

175 966 88 23 man
283 953 59 36 för
360 952 168 37 tillfället
548 957 135 32 nästan
703 954 76 35 kan
798 958 105 43 säga,
925 958 55 31 att
1000 952 306 49 smittkopporna
1326 953 69 35 hos
1415 965 63 23 oss
1498 957 64 31 äro
1582 953 187 36 utrotade.

176 1004 114 37 Snart
331 1005 112 49 sagdt
483 1005 133 48 hvarje
660 1008 40 33 år
741 1005 227 50 importeras
1010 1004 95 37 dock
1134 1004 85 37 från
1247 1004 175 36 utlandet
1450 1009 56 31 ett
1533 1003 93 37 eller
1655 1010 117 31 annat

175 1056 290 50 smittkoppfall,
507 1057 147 36 hvilket
695 1057 261 47 tvifvelsutan,
999 1056 127 37 därest
1166 1056 161 49 lämplig
1358 1056 178 48 jordmån
1566 1056 11 36 i
1606 1056 98 37 form
1733 1057 42 36 af

175 1122 48 23 en
260 1109 267 48 ofullständigt
568 1109 223 36 vaccinerad
819 1108 223 49 befolkning
1069 1108 241 49 påträffades,
1340 1108 121 37 skulle
1490 1108 107 49 gifva
1624 1109 150 49 upphof

174 1161 59 36 till
262 1174 74 40 nya
366 1161 319 49 koppepidemier.

303 1213 128 35 Åfven
469 1213 85 35 från
586 1212 173 37 utlandet
791 1211 123 37 skulle
951 1215 139 45 många
1123 1212 109 36 bevis
1266 1211 129 37 kunna
1433 1212 153 36 anföras
1618 1215 49 46 på
1696 1213 74 35 den

175 1264 293 49 ovedersägliga
497 1269 120 44 nytta,
647 1263 490 50 skyddskoppympningen
1166 1263 175 47 medfört,
1371 1276 88 24 men
1485 1264 191 36 utskottet
1703 1264 67 36 vill

174 1316 97 36 dock
303 1316 208 36 inskränka
548 1316 60 48 sig
644 1317 60 35 till
739 1321 54 31 ett
826 1316 108 47 enda,
969 1329 86 23 men
1088 1315 106 36 detta
1222 1315 153 48 mycket
1403 1315 152 36 talande
1584 1316 185 48 exempel.

303 1368 17 36 I
362 1368 45 36 de
451 1368 218 49 preussiska
702 1368 71 36 och
810 1367 174 49 bajerska
1026 1367 266 36 armékårerna
1333 1372 41 31 är
1415 1367 117 36 sedan
1568 1369 95 35 1831
1700 1368 69 36 och

177 1422 97 35 1833
316 1420 84 36 icke
442 1420 98 36 blott
581 1419 239 37 vaccination
860 1425 93 30 utan
994 1419 113 36 äfven
1148 1418 281 37 revaccination
1469 1419 194 49 påbjuden
1701 1420 70 36 och

174 1477 153 44 strängt
355 1472 238 48 genomförd.
642 1472 181 36 Däremot
851 1471 69 36 har
948 1471 12 36 i
988 1470 209 37 Frankrike
1225 1471 98 36 först
1351 1474 47 46 på
1418 1484 133 23 senare
1571 1471 106 36 tiden
1698 1471 73 36 den

175 1524 293 37 bestämmelsen
503 1524 149 47 införts,
690 1529 55 31 att
778 1523 71 37 alla
883 1523 175 48 rekryter
1091 1523 109 36 skola
1238 1522 231 37 vaccineras.
1525 1523 131 37 Under
1684 1523 87 36 fält-

173 1580 110 45 tåget
314 1577 251 36 1870—-1871
596 1589 67 23 var
690 1575 245 49 följaktligen
964 1575 74 36 den
1066 1575 157 36 franska
1252 1575 130 36 armén
1411 1575 153 49 mycket
1591 1575 64 36 illa
1684 1589 86 23 vac-

175 1628 163 44 cinerad,
374 1628 122 36 under
532 1628 62 36 det
628 1632 55 32 att
711 1627 160 37 flertalet
900 1627 40 36 af
964 1627 184 48 tyskarne
1178 1640 92 23 voro
1299 1625 96 38 både
1424 1626 246 37 vaccinerade
1700 1628 70 36 och

173 1679 301 37 revaccinerade.
531 1679 213 37 Resultatet
781 1679 110 35 häraf
927 1678 126 36 visade
1095 1678 61 49 sig
1184 1679 116 35 också
1328 1681 48 46 på
1405 1678 63 36 det
1496 1684 97 31 mest
1621 1678 149 49 tydliga

173 1736 87 31 sätt.
316 1731 78 36 När
414 1731 256 48 smittkoppor
699 1730 161 37 utbrutit
888 1730 104 36 inom
1021 1730 46 36 de
1087 1730 97 36 båda
1205 1730 206 46 arméerna,
1431 1730 89 47 gick
1541 1730 227 48 sjukdomen

173 1796 81 23 som
284 1796 46 23 en
358 1782 128 50 löpeld
515 1795 139 35 genom
684 1783 73 35 den
786 1781 150 37 franska
965 1782 129 46 hären,
1123 1782 123 35 under
1274 1781 64 36 det
1367 1786 55 31 att
1447 1781 135 37 endast
1601 1786 56 32 ett
1677 1781 92 36 fåtal

174 1834 41 36 af
253 1834 183 50 tyskarna
477 1847 201 36 angrepos.
736 1833 133 49 Enligt
910 1833 180 36 officiella
1132 1833 126 36 siffror
1299 1833 101 48 dogo
1437 1833 121 36 under
1590 1833 180 48 fälttåget

174 1887 40 35 af
252 1886 256 50 smittkoppor
549 1886 102 36 inom
690 1886 73 36 den
798 1885 155 37 franska
985 1885 200 36 fältarmén
1220 1886 137 46 23,469
1387 1897 98 35 man,
1515 1885 11 35 i
1555 1885 74 36 den
1657 1885 113 48 tyska

173 1941 81 33 åter
295 1938 135 37 endast
472 1941 73 33 278
587 1952 98 22 man.
742 1938 16 36 I
799 1937 270 48 redogörelsen
1111 1937 58 36 för
1210 1937 113 48 tyska
1360 1937 149 36 arméns
1546 1937 120 36 hälso-
1700 1937 69 35 och

174 1990 182 48 sjukvård
396 1990 121 36 under
559 1990 129 48 kriget
725 1995 123 42 yttras
884 1989 114 36 också
1032 1989 85 35 med
1147 1989 157 36 stolthet
1332 1988 168 48 följande
1531 1988 81 36 ord:
1655 1988 113 36 »Midt

174 2041 11 35 i
229 2041 143 35 härden
414 2042 59 35 för
514 2041 264 48 koppsmittan
821 2040 84 35 stod
945 2039 112 48 tyska
1099 2041 142 43 armén,
1276 2044 136 31 nästan
1441 2040 160 35 oberörd
1631 2040 40 35 af
1696 2040 72 35 den

173 2092 159 35 rasande
371 2092 169 36 farsoten
575 2092 70 35 och
674 2091 86 36 fullt
788 2090 149 49 väpnad
966 2090 112 36 äfven
1106 2095 79 31 mot
1213 2090 124 36 denna
1366 2090 135 47 fiende,
1526 2090 58 35 för
1612 2090 155 36 hvilken

174 2143 104 36 såväl
320 2143 217 36 hemlandet
579 2155 81 23 som
702 2142 212 37 Frankrike
957 2141 70 36 och
1056 2142 86 35 dess
1172 2143 103 35 armé
1310 2141 147 36 dukade
1490 2141 152 36 under.»
1703 2142 67 35 Att

174 2195 105 35 detta
313 2200 163 43 säregna
505 2194 238 36 förhållande
771 2194 82 36 icke
885 2206 64 22 var
977 2192 191 37 beroende
1197 2196 47 45 på
1272 2196 127 45 någon
1428 2193 146 36 mindre
1603 2198 166 42 mottag-

179 2246 121 47 lighet
332 2247 59 35 för
426 2246 233 36 smittämnet
692 2246 69 36 hos
799 2246 73 36 den
909 2244 112 48 tyska
1058 2244 181 36 nationen
1273 2244 11 35 i
1318 2244 85 36 dess
1432 2244 140 46 helhet,
1602 2245 168 47 framgår

264 2306 70 31 Bih.
360 2307 48 31 till
433 2306 109 31 Riksd.
568 2306 87 31 Prot.
686 2308 90 30 1903.
823 2308 21 29 8
868 2305 96 31 Saml.
989 2308 20 27 2
1037 2304 74 40 Afd.
1138 2307 20 29 2
1184 2304 104 31 Band.
1313 2307 41 30 30
1380 2304 91 40 Häft.
1707 2306 17 29 2
