1840 2784
403 196 388 35 Jordbruksutskottets
813 192 181 32 utlåtande
1014 200 44 21 nr
1077 191 20 30 3
1118 190 40 30 år
1179 188 82 30 1961
1566 183 20 31 3

133 288 174 32 Utskottet
330 287 64 30 har
417 286 76 30 icke
516 282 118 32 funnit
657 279 187 41 anledning
867 278 54 31 till
944 277 141 30 erinran
1106 276 74 29 mot
1203 269 267 43 ifrågavarande
1492 270 96 29 över-

89 340 121 30 låtelse
227 338 128 30 liksom
373 336 30 40 ej
423 336 109 30 heller
549 334 52 31 till
618 331 128 40 Kungl.
764 330 124 39 Maj:ts
906 327 132 42 förslag
1053 326 13 30 i
1083 325 112 40 övrigt
1213 322 112 31 under
1342 321 169 41 punkten.
1529 319 61 31 Ut-

89 391 132 29 skottet
236 387 202 31 hemställer
455 384 157 35 sålunda,

444 437 50 29 att
509 434 188 39 riksdagen
711 431 59 31 må
783 429 160 40 medgiva
958 430 51 28 att
1024 427 24 30 f.
1062 427 33 30 d.
1111 424 280 32 skolhemmanet
1406 419 184 41 Vidingsjö

401 485 184 42 prästgård
600 493 42 21 nr
660 484 15 29 1
699 481 205 39 (stadsägan
920 490 42 20 nr
979 478 40 30 78
1037 478 37 37 +
1094 476 41 31 79
1153 477 36 36 +
1208 474 41 31 80
1266 475 38 38 +
1321 473 40 30 81
1381 473 37 37 -+-
1437 471 41 31 82
1495 472 37 36 +
1549 469 42 31 83

404 539 37 35 +
463 536 41 30 84
525 537 37 36 +
583 534 42 31 85
647 535 37 36 +
706 532 58 36 86)
787 532 11 29 i
818 529 217 40 Linköpings
1055 527 78 31 stad
1153 526 58 30 må
1231 524 172 31 överlåtas
1423 522 52 30 till
1495 520 98 31 forti-

402 583 430 39 fikationsförvaltningen
860 583 74 28 mot
961 581 48 28 ett
1035 578 163 39 vederlag
1225 585 42 21 av
1295 572 140 33 285950
1462 573 132 29 kronor

404 639 90 29 samt
513 637 45 40 på
576 636 12 30 i
607 633 187 32 huvudsak
813 633 42 30 de
874 631 127 31 villkor
1021 629 12 30 i
1053 628 121 41 övrigt,
1196 635 76 22 som
1292 619 302 48 domänstyrelsen

404 687 188 40 föreslagit.

817 868 60 31 3:0

602 955 104 30 Tofta
722 953 32 31 52
776 954 5 30 i
796 951 221 34 Kronobergs
1032 949 60 30 län

141 1041 395 44 Departementschefen
552 1041 66 29 har
632 1057 46 4 —
694 1037 88 32 efter
799 1038 51 29 att
866 1036 47 29 ha
930 1033 177 40 redogjort
1125 1031 55 31 för
1198 1028 320 40 domänstyrelsens
1536 1034 65 21 un-

97 1096 64 30 der
176 1095 115 41 punkt
308 1094 19 30 3
342 1094 13 30 i
371 1090 263 43 propositionen
650 1087 203 32 redovisade
871 1085 133 40 förslag
1019 1081 240 33 innebärande
1276 1077 229 33 förevarande
1520 1076 81 30 kro-

99 1144 235 42 noegendoms
353 1142 211 40 försäljning
583 1140 53 30 till
655 1138 233 41 egendomens
907 1133 204 32 nuvarande
1129 1132 67 31 och
1214 1127 251 35 förutvarande
1484 1134 119 24 arren-

98 1196 142 30 datorer
260 1196 99 30 Rune
379 1191 197 42 Rundqvist
597 1190 66 32 och
683 1190 130 29 dennes
834 1187 100 31 fader
954 1184 95 33 Fritz
1069 1182 198 41 Rundqvist
1288 1180 55 31 för
1364 1189 43 21 en
1426 1176 177 42 köpeskil-

100 1247 74 41 ling
196 1254 43 22 av
261 1244 62 31 163
336 1243 63 31 000
421 1244 53 30 kr.
497 1244 89 29 samt
608 1240 46 41 på
675 1240 93 30 vissa
790 1238 152 40 angivna
962 1235 127 31 villkor
1111 1234 11 30 i
1144 1232 112 41 övrigt
1276 1249 46 5 —
1341 1229 169 40 tillstyrkt
1531 1227 72 31 för-

101 1295 353 42 säljningsförslaget.

149 1396 185 39 Utskottet,
352 1405 75 21 som
445 1394 155 31 ansluter
619 1392 51 39 sig
687 1391 52 31 till
756 1389 126 40 Kungl.
900 1388 127 39 Maj:ts
1042 1384 273 39 framställning,
1331 1380 212 36 hemställer,

458 1446 50 28 att
531 1442 188 39 riksdagen
742 1440 58 30 må
822 1438 172 40 medgiva,
1018 1439 50 29 att
1091 1433 330 41 kronoegendomen
1443 1430 104 31 Tofta
1570 1428 35 31 5?

414 1495 11 30 i
447 1493 165 31 Tävelsås
635 1491 139 34 socken,
796 1489 221 39 Kronobergs
1039 1487 70 35 län,
1132 1485 59 31 må
1213 1484 109 40 säljas
1343 1482 53 31 till
1419 1482 99 30 Rune
1540 1479 68 31 och

415 1544 93 31 Fritz
530 1542 198 40 Rundqvist
751 1541 53 30 för
827 1549 43 22 en
891 1537 234 40 köpeskilling
1147 1545 43 21 av
1214 1535 58 30 163
1285 1533 59 31 000
1366 1533 131 30 kronor
1519 1530 89 31 samt

416 1595 45 40 på
479 1595 12 30 i
510 1593 188 31 huvudsak
718 1592 41 30 de
779 1591 127 30 villkor
925 1589 12 30 i
957 1587 122 41 övrigt,
1100 1595 75 22 som
1196 1583 302 40 domänstyrelsen
1518 1581 90 30 före-

418 1646 111 39 slagit.

830 1801 61 31 4:0

660 1887 94 30 Boda
771 1887 31 28 1:
819 1886 12 29 i
846 1883 142 31 Kalmar
1002 1883 58 29 län

152 1977 121 44 Under
294 1975 159 40 punkten
475 1973 20 29 4
516 1973 10 29 i
548 1971 262 41 propositionen
831 1969 65 29 har
918 1962 386 44 departementschefen
1326 1961 12 30 i
1361 1959 151 41 enlighet
1532 1957 82 31 med

112 2026 322 41 domänstyrelsens
462 2022 261 39 framställning
751 2018 180 40 föreslagit
959 2019 50 28 att
1036 2012 268 43 ifrågavarande
1331 2008 283 41 kronoegendom

114 2079 90 30 skall
224 2077 168 40 utbjudas
412 2076 11 29 i
444 2075 178 29 allmänna
641 2070 220 32 marknaden
880 2068 80 30 med
981 2068 48 29 ett
1050 2063 183 33 saluvärde
1254 2072 42 21 av
1318 2061 61 31 192
1393 2059 63 31 000
1476 2060 52 29 kr.
1549 2058 67 30 och

115 2130 44 39 på
176 2129 94 29 vissa
285 2127 126 30 villkor
428 2127 11 29 i
456 2124 120 40 övrigt.

162 2227 184 36 Utskottet,
365 2235 75 21 som
458 2224 115 30 finner
590 2222 127 39 Kungl.
736 2220 123 39 Maj:ts
878 2218 131 38 förslag
1026 2217 84 30 böra
1128 2214 176 41 godtagas,
1322 2206 212 49 hemställer,

471 2276 49 27 att
542 2272 187 38 riksdagen
750 2271 57 28 må
827 2267 170 39 medgiva,
1019 2268 50 27 att
1089 2262 328 40 kronoegendomen
1437 2260 95 30 Boda
1555 2259 31 29 14
1608 2258 12 29 i

426 2325 207 37 Tryserums
666 2320 137 33 socken,
834 2319 144 29 Kalmar
1009 2316 69 36 län,
1108 2315 58 29 må
1196 2313 80 30 med
1306 2314 48 28 ett
1386 2309 183 31 saluvärde
1599 2307 20 30 å

430 2373 60 30 192
505 2372 62 30 000
586 2372 131 29 kronor
738 2369 106 39 säljas
864 2368 45 39 på
928 2368 12 30 i
959 2365 186 30 huvudsak
1164 2364 42 30 de
1225 2362 136 36 villkor,
1382 2369 74 22 som
1477 2358 143 31 domän-

430 2423 168 39 styrelsen
620 2419 188 39 föreslagit.
