2167 2560
336 201 39 27 22
761 195 292 33 Stuts-Utskottets
1083 195 177 32 Utlåtande
1284 196 62 31 N:o
1374 198 38 28 13
1435 207 29 19 a.

289 283 429 45 Generalpoststyrelsen,
760 282 222 34 beträffande
1009 282 60 34 det
1108 283 125 43 belopp
1275 282 8 33 i
1328 282 276 42 traktamenten,
1634 292 71 24 som
1740 283 91 33 efter
1859 283 66 33 den

289 334 237 45 ifrågastälda
555 333 226 44 regleringen
811 333 39 33 af
874 334 147 33 lönerna
1050 333 114 34 skulle
1192 333 140 34 komma
1362 335 53 32 att
1444 329 97 47 utgå,
1571 333 178 42 anmärkt,
1779 335 55 31 att
1853 334 74 33 stor

290 384 187 45 svårighet
517 387 111 31 mötte
670 386 54 32 att
760 384 110 34 redan
899 394 47 23 nu
973 387 162 40 uppgöra
1164 394 41 23 en
1233 383 200 44 beräkning
1461 383 39 34 af
1524 383 225 43 postverkets
1776 383 150 43 utgifter

290 437 55 33 för
386 436 207 34 tilldelande
635 436 39 32 åt
713 435 266 34 vederbörande
1009 434 39 34 af
1084 435 243 33 traktamente
1361 435 55 33 till
1443 431 126 36 sådant
1596 434 136 42 belopp,
1763 436 66 40 att,
1859 433 66 35 till-

292 497 177 24 sammans
497 486 79 34 med
605 485 202 44 aflöningen
835 483 21 36 å
885 487 83 41 stat,
998 485 194 34 detsamma
1220 482 110 36 måtte
1358 485 130 34 bereda
1516 484 265 35 vederbörande
1811 494 42 23 en
1872 484 55 34 för

292 538 103 33 deras
436 537 189 43 uppehälle
668 535 210 44 erforderlig
904 536 166 42 inkomst,
1099 545 80 24 men
1207 537 55 32 att
1290 536 172 42 styrelsen
1492 534 194 35 emellertid
1714 531 131 47 ansåge
1874 534 54 44 sig

294 599 65 33 ega
401 588 79 34 skäl
521 589 145 41 antaga,
708 589 66 40 att,
808 586 12 33 i
848 586 177 43 medeltal,
1055 583 277 46 ifrågavarande
1359 585 111 44 utgift
1496 585 78 35 icke
1603 585 113 34 skulle
1743 584 55 35 för
1825 585 102 33 vakt-

293 638 140 44 betjent
473 637 199 44 öfverstiga
713 647 42 24 en
783 637 113 33 krona
925 647 54 23 om
1008 636 123 44 dagen.
1187 635 86 35 Med
1301 636 200 44 beräkning
1528 635 107 35 häraf
1660 636 63 34 och
1751 636 79 33 med
1857 635 71 34 fäst

293 689 167 34 afseende
493 686 46 46 på
567 689 137 33 antalet
731 686 260 45 vaktbetjente,
1021 687 123 35 hvilka
1173 688 77 32 med
1279 687 266 34 inberäknande
1573 686 39 34 af
1637 686 42 34 de
1709 687 45 33 38
1783 684 46 45 på
1856 688 72 32 stat

293 739 174 44 uppförde
507 738 421 35 kontorsvaktmästarne
970 738 185 43 upptagits
1196 738 51 33 till
1295 739 83 41 713,
1408 738 66 33 har
1502 737 59 34 det
1588 737 170 43 antagits,
1794 739 53 31 att
1877 739 52 31 ett

292 791 125 43 belopp
458 790 40 33 af
537 791 162 41 260,245
740 790 131 32 kronor
912 789 113 33 skulle
1066 788 112 34 blifva
1220 788 212 44 tillräckligt
1464 789 55 33 för
1550 787 227 34 bestridande
1813 787 39 34 af
1877 789 50 32 ut-

293 840 158 44 gifterna
480 840 56 34 till
564 840 278 34 traktamenten.

421 891 192 35 Utskottet
640 891 66 33 har
733 890 79 34 icke
841 889 115 34 funnit
985 889 192 43 anledning
1205 889 54 33 till
1288 888 238 44 anmärkning
1552 891 71 31 mot
1653 888 66 33 den
1739 888 66 33 här
1821 888 107 34 ofvan

293 945 168 31 närmare
489 941 223 35 behandlade
740 940 311 43 framställningen
1078 940 152 33 rörande
1258 940 43 33 de
1328 939 60 34 vid
1416 939 208 43 postverket
1647 939 161 33 anstälde
1828 939 100 33 vakt-

293 992 178 44 betjentes
499 989 356 46 aflöningsförmåner
883 991 64 34 och
976 990 114 44 öfriga
1119 991 142 33 dermed
1289 990 349 43 sammanhängande
1666 989 145 43 förslag.

422 1042 56 34 Af
515 1043 43 33 de
590 1043 11 33 i
636 1041 285 44 aflöningsstaten
953 1041 157 44 begärda
1138 1040 247 44 förhöjningar
1413 1037 154 37 återstår
1595 1050 47 23 nu
1671 1042 54 31 att
1753 1040 175 34 behandla

293 1095 74 33 dels
395 1094 173 43 förslaget
597 1104 54 23 om
680 1092 182 43 tillökning
888 1092 13 33 i
929 1092 157 43 unslaget
1114 1091 54 34 till
1196 1091 184 43 aftönande
1395 1089 46 44 af
1448 1089 478 45 poststationsföreståndare,

295 1145 73 33 dels
397 1145 67 33 ock
491 1144 175 43 förslaget
693 1153 53 23 om
782 1142 182 44 tillökning
992 1142 13 34 i
1033 1141 157 43 anslaget
1218 1141 53 34 till
1299 1142 185 42 afltörande
1511 1140 47 43 af
1580 1143 100 32 extra
1694 1140 159 35 biträden
1871 1141 56 34 vid

290 1195 312 44 postunstalterna.

423 1245 18 34 T
470 1242 104 47 fråga
602 1255 55 23 om
685 1245 55 33 det
771 1244 96 33 förra
896 1243 39 34 af
947 1243 152 34 nämnda
1128 1243 134 43 förslag
1281 1243 65 33 har
1363 1242 412 43 Generalpoststyrelsen
1791 1241 133 34 anfört:

297 1299 50 31 att
377 1296 80 34 med
484 1292 271 38 föreståndarne
784 1293 55 35 för
867 1294 266 43 poststationer,
1162 1293 124 34 hvilka
1315 1293 78 34 icke
1422 1303 84 25 vore
1521 1292 61 34 vid
1594 1292 153 44 jernväg
1763 1292 162 44 belägna,

296 1347 10 33 i
341 1347 195 33 allmänhet
568 1356 86 24 vore
687 1345 176 34 afslutade
897 1345 174 34 kontrakt
1098 1355 55 23 om
1181 1343 264 44 befattningens
1472 1342 292 44 handhafvande;
1794 1346 50 30 att
1872 1343 59 34 det

297 1397 228 44 följaktligen
566 1397 12 33 i
620 1396 194 34 allmänhet
855 1396 125 33 endast
1020 1405 85 24 vore
1139 1395 11 33 i
1183 1395 168 33 händelse
1385 1394 39 34 af
1452 1394 228 34 kontraktets
1707 1393 224 44 uppsägning

298 1457 71 24 som
399 1458 43 23 en
469 1446 287 44 löneförhöjning
784 1446 54 33 för
867 1446 100 34 dessa
1001 1443 478 45 poststationsföreståndare
1506 1444 118 34 kunde
1653 1442 276 46 ifragakomma,;

298 1501 50 30 att
375 1498 119 34 derest
528 1495 111 36 sådan
662 1496 225 44 uppsägning
915 1497 131 33 skedde
1075 1496 65 33 och
1167 1496 146 43 lämplig
1340 1505 126 33 person
1493 1495 78 34 icke
1599 1494 138 44 funnes,
1759 1505 72 23 som
1847 1504 85 25 vore

297 1548 102 43 villig
427 1551 55 31 att
509 1559 46 32 på
583 1548 94 33 förut
706 1547 165 43 gällande
899 1547 118 35 vilkor
1045 1546 203 43 handlägga
1276 1546 294 44 postgöromålen,
1599 1545 118 34 kunde
1739 1565 46 3 —
1809 1545 62 34 der
1898 1544 31 45 ej

298 1599 271 43 uppsägningen
611 1595 150 46 ansåges
802 1597 176 34 innefatta
1020 1596 192 43 anledning
1252 1599 55 31 att
1348 1596 150 44 indraga
1526 1596 177 33 stationen
1733 1615 46 4 —
1809 1596 123 43 nödigt

299 1650 160 33 hefinnas
500 1652 55 31 att
598 1648 131 43 bevilja
770 1658 43 23 en
854 1648 204 44 förhöjning
1097 1648 12 33 i
1150 1647 162 34 arfvodet
1346 1647 92 33 inom
1467 1647 64 33 den
1562 1646 39 34 af
1626 1646 305 44 författningarna

299 1700 217 33 föreskrifna
551 1703 126 40 gräns;
710 1701 50 31 att
788 1699 163 34 arfvodet
978 1699 56 34 till
1061 1695 487 46 poststationsföreståndare,
1579 1707 72 24 som
1679 1707 85 24 vore
1793 1697 139 34 anstäld

299 1761 45 32 på
385 1753 74 31 stat
498 1771 51 2 —
589 1750 139 34 hvilket
770 1749 147 34 arfvode
949 1750 11 33 i
993 1749 167 34 medeltal
1193 1748 147 44 utginge
1372 1748 77 34 med
1481 1749 68 32 198
1578 1748 132 33 kronor
1738 1768 47 2 —
1814 1748 117 33 kunde

296 1800 142 44 jemlikt
480 1800 132 43 Kongl.
656 1799 140 34 brefvet
837 1800 66 33 den
946 1802 46 32 20
1033 1799 102 34 Mars
1169 1800 95 32 1874
1292 1799 11 33 i
1331 1798 80 34 mån
1447 1798 39 34 af
1509 1798 109 34 behof
1646 1797 101 44 höjas
1776 1798 53 34 till
1859 1800 72 32 600

301 1852 148 43 kronor;
493 1854 50 31 att
582 1850 97 35 hvad
720 1850 154 44 anginge
914 1854 157 40 utvägen
1113 1852 65 40 att,
1213 1849 61 34 der
1316 1860 41 23 en
1386 1848 204 45 förhöjning
1617 1848 11 34 i
1657 1848 164 35 arfvodet
1848 1859 85 24 vore

302 1902 254 44 oundgänglig,
587 1911 54 24 om
670 1900 177 34 stationen
876 1902 113 33 skulle
1009 1902 122 32 kunna
1147 1900 205 42 bibehållas,
1369 1910 125 33 genom
1509 1899 196 34 stationens
1719 1899 215 44 indragning

302 1952 218 34 förekomma
556 1962 41 23 en
627 1951 190 43 tillökning
845 1951 10 34 i
883 1952 121 43 utgift,
1035 1951 117 34 talade
1181 1953 71 31 mot
1281 1950 218 44 vidtagande
1527 1949 11 34 i
1566 1949 166 35 afsevärd
1760 1950 174 34 utsträck-

301 2003 85 43 ning
428 2003 40 34 af
510 2002 122 43 dylika
675 1999 169 45 åtgärder
884 2002 80 34 icke
1010 2002 152 34 allenast
1202 2001 256 34 allmänhetens
1489 2000 108 34 behof
1622 2000 39 34 af
1686 2000 248 34 underlättade

301 2053 166 35 tillfällen
508 2053 56 34 till
604 2052 276 44 postutvexling,
923 2054 86 32 utan
1051 2051 107 35 äfven
1187 2051 249 34 erfarenheten
1469 2051 150 34 rörande
1648 2051 59 34 det
1733 2050 198 35 finansiella

301 2105 191 34 resultatet
528 2103 40 35 af
597 2102 318 44 poststationernas
944 2102 244 43 verksamhet;
1219 2105 50 31 att
1296 2103 111 33 under
1435 2101 58 34 det
1521 2101 201 44 aflöningen
1750 2101 55 34 till
1833 2102 102 32 samt-

300 2155 74 43 liga
418 2166 49 25 nu
507 2153 160 36 varande
706 2154 270 42 poststationers
1008 2151 246 37 förestandare
1282 2173 49 3 —
1359 2153 66 34 den
1457 2153 88 33 enda
1580 2152 39 34 af
1655 2152 41 33 de
1725 2151 127 34 hittills
1880 2150 55 34 för

302 2207 307 40 poststationerna
649 2202 328 45 ifrägakommande
1020 2203 161 45 utgifter,
1223 2213 73 24 som
1329 2203 178 44 uppginge
1536 2203 53 33 till
1617 2200 109 45 något
1753 2201 183 35 afsevärdt

302 2256 127 46 belopp
460 2279 47 3 —
536 2254 165 45 utgjorde
736 2255 162 45 omkring
934 2257 160 42 564.500
1127 2255 142 43 kronor,
1300 2265 37 23 så
1364 2254 118 34 kunde
1510 2254 198 33 inkomsten
1737 2252 39 34 af
1801 2255 136 31 ensamt
