1858 2790
257 150 18 30 2
587 149 388 30 Jordbruksutskottets
997 148 179 30 utlåtande
1198 157 42 20 nr
1261 150 19 28 6
1300 149 39 29 år
1361 149 84 29 1959

262 234 46 29 ha
327 236 89 27 samt
436 233 228 39 impediment
684 233 17 29 2
720 233 56 29 ha.
795 233 66 29 Till
881 233 215 39 egendomen
1115 232 63 29 hör
1199 232 100 30 andel
1319 232 11 29 i
1350 232 250 30 Österrekarne
1620 232 144 29 härads-

265 283 216 40 allmänning
498 283 81 30 med
596 293 42 20 en
656 283 192 38 utdelning,
867 292 74 20 som
959 282 55 30 för
1032 283 83 29 åren
1136 282 214 30 1951—1956
1369 282 153 39 uppgick
1539 282 52 30 till
1609 282 11 29 i
1637 282 128 29 medel-

265 334 48 29 tal
328 334 61 30 335
406 334 52 29 kr.
474 342 62 30 per
553 333 48 30 år.
618 334 50 29 Av
683 333 269 39 åbyggnaderna
967 334 38 28 är
1020 332 291 40 manbyggnaden
1327 333 11 28 i
1355 334 72 37 gott
1443 332 104 30 stånd
1563 334 90 28 samt
1668 332 98 29 ladu-

265 383 313 40 gårdsbyggnaden
600 383 78 30 med
703 383 79 30 stall
807 383 64 29 och
894 383 76 39 loge
992 383 12 29 i
1027 383 188 39 medelgott
1240 383 108 30 skick.
1373 382 314 40 Taxeringsvärdet
1712 382 54 30 för

263 433 170 40 inägorna
453 434 40 29 är
513 434 39 29 75
568 433 61 30 200
651 433 50 29 kr.
725 433 211 39 Skogsdelen
958 434 38 28 är
1018 432 220 30 samtaxerad
1259 433 79 29 med
1359 433 212 39 kronopark.

310 483 204 30 Saluvärdet
531 483 20 29 å
567 483 213 39 egendomen
799 483 61 29 bör
877 483 106 39 enligt
1001 483 303 39 domänstyrelsen
1321 483 213 29 bestämmas
1552 483 51 29 till
1624 483 61 29 128
1700 483 62 29 000

264 534 63 34 kr.,
351 543 105 20 varav
480 534 41 30 53
537 534 62 29 000
623 534 51 29 kr.
699 534 55 29 för
779 534 129 38 skogen
930 551 45 4 —
999 534 97 30 2560
1120 534 94 28 msk
1237 551 44 3 —
1304 533 17 29 5
1337 533 62 31 000
1425 534 52 28 kr.
1503 532 55 30 för
1582 533 147 29 andelen
1753 533 10 28 i

263 584 394 39 häradsallmänningen
681 584 65 29 och
771 584 40 29 70
827 584 61 30 000
912 584 52 29 kr.
989 584 55 29 för
1067 584 178 39 inägorna.
1272 584 174 39 Styrelsen
1471 583 64 29 har
1558 583 58 30 vid
1642 583 122 30 beräk-

263 633 128 40 ningen
413 643 42 20 av
473 634 122 29 värdet
616 634 20 29 å
655 633 180 39 inägorna,
857 643 74 21 som
952 633 157 30 baserats
1130 634 44 39 på
1194 633 473 39 uppskattningsnämndens
1688 634 75 28 vär-

267 684 130 39 dering,
422 684 39 29 67
476 684 64 29 278
565 684 62 34 kr.,
652 684 85 39 tagit
762 684 138 39 hänsyn
923 684 51 29 till
1001 684 197 29 sedermera
1222 684 124 39 gjorda
1369 684 255 39 investeringar
1647 693 55 20 om
1728 693 39 20 ca

268 734 18 29 3
301 734 61 30 050
384 734 51 29 kr.

311 783 243 40 Egendomens
572 784 204 29 arrendator
793 784 64 29 har
874 784 159 39 frånsagt
1052 784 51 39 sig
1119 784 255 39 optionsrätten
1393 784 65 30 och
1476 784 172 39 avflyttat.

313 834 12 29 I
353 834 143 29 ärendet
522 834 111 29 hörda
658 834 244 39 myndigheter
928 834 65 29 har
1020 834 127 29 liksom
1175 833 385 40 departementschefen
1588 835 75 29 icke
1692 834 75 30 haft

265 884 103 39 något
390 886 49 27 att
461 884 115 30 erinra
598 884 78 30 med
698 886 50 28 att
769 884 213 39 egendomen
1004 884 106 39 säljes
1131 893 123 31 genom
1275 884 111 29 utbud
1408 884 79 30 med
1509 887 49 27 ett
1582 885 183 29 saluvärde

266 943 42 20 av
329 934 59 30 128
403 934 62 30 000
486 935 52 28 kr.

312 1010 12 28 I
349 1009 58 29 sitt
431 1010 82 28 över
534 1009 178 29 motionen
736 1009 146 39 avgivna
904 1009 164 39 yttrande
1094 1009 66 29 den
1187 1009 40 30 10
1250 1009 154 30 februari
1430 1009 84 30 1959
1537 1010 64 29 har
1624 1009 143 30 domän-

267 1059 169 38 styrelsen
457 1061 116 27 ansett
592 1061 49 27 att
660 1059 238 29 motionärens
916 1059 185 40 yrkanden
1120 1059 75 29 icke
1215 1059 62 30 bör
1296 1059 182 30 föranleda
1498 1060 114 38 någon
1632 1060 134 29 riksda-

265 1117 83 31 gens
368 1109 132 39 åtgärd.
523 1110 174 39 Styrelsen
717 1110 74 34 har,
813 1109 102 30 såvitt
936 1119 48 20 nu
1005 1111 38 28 är
1063 1110 10 29 i
1094 1109 108 39 fråga,
1223 1109 117 30 anfört
1365 1110 5 29 i
1389 1110 188 29 huvudsak
1598 1110 166 39 följande.

311 1167 135 38 Frågan
474 1167 175 30 huruvida
680 1168 273 29 statsmakterna
980 1168 63 28 bör
1070 1168 135 29 besluta
1232 1177 57 19 om
1318 1168 131 29 sådana
1478 1168 180 29 allmänna
1684 1168 85 30 rikt-

264 1208 104 39 linjer
390 1209 54 29 för
466 1209 502 39 förvaltningsverksamheten
991 1209 149 30 rörande
1163 1210 349 38 kronegendomarna
1548 1219 73 21 som
1645 1218 123 31 garan-

266 1253 102 31 terar,
389 1253 48 27 att
459 1251 55 29 för
534 1251 178 29 allmänna
732 1251 132 29 fritids-
883 1251 64 29 och
967 1251 384 30 rekreationsändamål
1372 1252 82 29 eller
1473 1252 72 29 viss
1564 1252 204 39 bebyggelse

266 1302 45 21 m.
341 1302 44 19 m.
414 1293 167 38 lämpliga
609 1293 167 29 områden
806 1293 60 29 bör
895 1303 195 19 reserveras
1119 1293 54 29 för
1202 1293 111 39 dylikt
1344 1293 225 39 utnyttjande
1598 1294 64 29 och
1692 1294 75 28 icke

265 1335 170 29 överlåtas
457 1335 51 29 till
533 1335 136 29 enskild
690 1344 138 30 person,
850 1336 37 28 är
908 1335 192 38 ingalunda
1121 1345 54 29 ny.
1198 1336 67 30 För
1285 1335 53 29 sin
1360 1335 53 29 del
1435 1335 64 29 har
1521 1336 168 38 styrelsen
1711 1336 56 28 be-

267 1376 97 29 aktat
385 1376 208 39 spörsmålet
613 1377 10 28 i
645 1377 169 29 samband
836 1377 78 29 med
936 1379 49 27 att
1008 1377 169 38 styrelsen
1198 1377 111 29 under
1332 1376 82 30 1940
1436 1377 195 39 igångsatte
1653 1387 42 19 en
1716 1379 53 27 ut-

266 1418 146 38 redning
432 1418 150 29 rörande
602 1419 40 28 de
663 1419 284 38 grundläggande
967 1418 188 39 riktlinjer,
1178 1428 74 20 som
1273 1418 44 30 då
1337 1419 126 38 ansågs
1484 1418 85 30 böra
1587 1428 84 20 vara
1689 1420 79 37 väg-

266 1460 146 29 ledande
437 1460 54 29 för
515 1460 67 29 den
607 1460 167 29 framtida
797 1460 254 39 dispositionen
1076 1470 42 20 av
1143 1460 257 39 egendomarna
1423 1461 10 28 i
1458 1460 109 39 fråga.
1594 1461 173 38 Styrelsen

265 1502 87 28 fann
375 1502 122 28 därvid
521 1504 50 27 att
594 1502 257 39 egendomarna
874 1502 118 29 kunde
1016 1502 169 39 uppdelas
1210 1503 10 28 i
1245 1511 58 20 sex
1325 1502 285 39 huvudgrupper.
1634 1502 65 29 Till
1724 1511 42 20 en

268 1552 42 19 av
331 1543 100 29 dessa
453 1543 191 30 hänfördes
667 1544 219 38 egendomar,
910 1553 74 20 som
1008 1544 118 29 kunde
1149 1544 180 29 förväntas
1351 1544 92 29 bliva
1465 1544 227 38 erforderliga
1716 1544 54 28 för

268 1587 50 27 att
334 1585 181 38 tillgodose
532 1588 48 26 ett
596 1586 106 29 lokalt
720 1586 232 38 samhälleligt
969 1585 111 29 behov
1097 1595 41 19 av
1152 1586 101 28 mark
1270 1586 54 28 för
1341 1585 256 39 tätbebyggelse
1613 1586 64 29 och
1693 1586 77 28 där-

268 1627 54 28 för
344 1627 104 29 borde
471 1636 196 20 reserveras
690 1627 131 29 härför.
845 1628 51 28 En
920 1636 117 20 annan
1061 1635 111 31 grupp
1196 1627 125 39 ansågs
1344 1627 84 29 böra
1451 1627 150 29 omfatta
1624 1627 146 39 egendo-

267 1677 86 25 mar,
372 1669 94 29 vilka
485 1678 42 19 av
548 1671 47 27 ett
616 1669 113 29 flertal
751 1669 110 29 andra
881 1669 230 38 anledningar
1130 1669 187 30 bedömdes
1337 1669 71 29 tills
1426 1669 119 29 vidare
1566 1669 84 29 böra
1669 1669 100 29 kvar-

266 1710 91 29 bliva
384 1711 10 28 i
424 1711 131 28 allmän
582 1711 95 33 vård,
708 1711 185 28 däribland
921 1711 221 38 egendomar,
1169 1711 95 28 vilka
1293 1711 152 29 sanolikt
1474 1711 118 29 kunde
1622 1713 145 36 antagas

264 1752 92 29 bliva
379 1752 176 39 begärliga
578 1752 113 29 såsom
716 1752 298 30 fritidsområden.
1039 1752 237 39 Utredningen
1301 1752 213 30 resulterade
1538 1752 11 29 i
1573 1754 50 28 att
1647 1753 120 39 styrel-

267 1803 60 19 sen
345 1794 85 29 fann
452 1794 74 29 skäl
548 1796 49 27 att
616 1794 10 28 i
645 1794 218 38 underdånig
883 1794 166 29 skrivelse
1068 1794 65 29 den
1154 1794 18 29 8
1192 1794 185 30 november
1400 1794 79 29 1941
1502 1794 196 34 hemställa,
1718 1796 49 27 att

267 1836 214 38 proposition
511 1835 108 29 måtte
649 1836 138 37 avgivas
816 1836 178 38 angående
1023 1838 48 27 ett
1102 1836 206 38 riksdagens
1337 1836 253 39 principbeslut
1619 1836 148 29 rörande

266 1877 267 39 tillämpningen
559 1886 41 20 av
624 1877 39 29 de
689 1877 206 39 uppdragna
919 1877 225 38 riktlinjerna
1170 1877 53 29 för
1247 1878 276 38 egendomarnas
1548 1877 218 39 disposition.

265 1919 146 29 Jämlikt
439 1919 120 38 nådigt
586 1919 112 29 beslut
726 1919 66 29 den
820 1919 40 30 30
888 1919 145 29 oktober
1063 1919 81 29 1942
1173 1919 86 30 fann
1287 1919 125 39 Kungl.
1441 1919 105 39 Maj:t
1574 1919 191 29 emellertid

265 1960 306 38 framställningen
592 1961 74 29 icke
688 1960 182 30 föranleda
890 1961 113 38 någon
1026 1961 124 38 Kungl.
1172 1961 123 38 Maj:ts
1317 1961 131 38 åtgärd.

312 2003 11 28 I
345 2002 86 29 brist
451 2003 44 38 på
516 2002 252 39 principbeslut
793 2012 41 19 av
854 2003 63 29 här
938 2002 185 38 ifrågasatt
1144 2005 104 26 natur
1269 2003 63 28 har
1355 2003 175 28 ärendena
1551 2012 56 19 om
1630 2002 139 38 försälj-

264 2044 83 38 ning
369 2053 41 20 av
430 2044 101 29 mark
554 2044 79 29 från
655 2044 369 38 kronoegendomarna
1047 2044 91 29 måst
1160 2044 165 29 bedömas
1347 2044 78 29 från
1450 2044 60 29 fall
1533 2044 51 29 till
1607 2044 72 29 fall.
1701 2045 65 28 Det

264 2086 69 28 kan
355 2086 88 29 dock
466 2087 152 37 utsägas,
642 2088 48 28 att
713 2086 41 29 de
779 2088 81 26 utav
882 2086 169 38 styrelsen
1075 2086 105 38 enligt
1203 2095 89 20 ovan
1315 2086 159 38 åsyftade
1498 2086 267 38 grundlinjerna

263 2127 10 28 i
296 2130 86 27 stort
405 2130 66 26 sett
492 2128 90 28 varit
606 2128 212 38 vägledande
842 2127 53 29 för
916 2128 279 29 verksamheten.
1219 2128 202 29 Emellertid
1443 2137 80 20 vore
1546 2128 57 29 det
1625 2128 140 29 otvivel-

265 2169 109 39 aktigt
393 2179 40 19 av
450 2169 287 38 utomordentligt
754 2169 115 34 värde,
887 2179 55 19 om
960 2169 102 29 dessa
1079 2170 178 28 allmänna
1274 2169 176 40 riktlinjer
1468 2169 93 39 finge
1580 2170 186 28 statsmak-

265 2213 116 27 ternas
405 2211 212 39 uttryckliga
641 2211 174 29 sanktion.

308 2253 236 28 Motionärens
566 2253 182 38 yrkanden
770 2253 221 29 beträffande
1014 2253 41 29 de
1081 2253 153 29 aktuella
1256 2252 408 39 försäljningsobjekten,
1688 2253 78 28 kro-

265 2294 305 38 noegendomarna
588 2294 263 29 Himmelsända
870 2295 10 28 i
900 2294 106 39 Kjula
1026 2295 127 28 socken
1173 2296 90 27 samt
1282 2294 196 39 Knivberga
1496 2294 11 29 i
1526 2295 240 38 Norrköpings

265 2336 87 34 stad,
382 2345 102 29 synes
513 2336 170 39 styrelsen
708 2336 167 38 tämligen
902 2336 116 38 lösligt
1047 2336 189 38 grundade.
1264 2336 74 30 Vad
1365 2336 11 28 i
1404 2336 111 29 första
1542 2336 94 29 hand
1663 2336 100 29 berör

263 2378 275 33 Himmelsända,
564 2387 74 21 som
660 2396 44 2 —
729 2378 103 29 såvitt
858 2379 170 38 styrelsen
1054 2378 129 29 förstår
1205 2396 44 3 —
1275 2377 146 30 föreslås
1448 2378 98 29 skola
1570 2387 194 20 reserveras

263 2420 156 28 närmast
442 2420 116 28 såsom
579 2419 270 34 fritidsområde,
871 2420 68 28 kan
960 2420 169 38 styrelsen
1149 2419 75 29 icke
1245 2419 109 34 finna,
1376 2421 50 27 att
1446 2419 214 39 egendomen
1680 2420 85 28 läm-

261 2469 63 31 par
340 2461 50 38 sig
406 2461 54 28 för
475 2460 209 30 ändamålet.
702 2461 223 38 Egendomen
941 2461 99 30 torde
1056 2461 147 30 sålunda
1219 2470 82 21 vara
1317 2461 142 38 belägen
1475 2461 44 39 på
1534 2461 119 29 alltför
1668 2461 94 38 långt
