2173 2677
656 216 309 33 Jordbruksutskottets
993 221 151 31 Utlåtande
1168 224 46 29 Nr
1239 226 51 28 69.
1774 227 17 31 5

363 281 111 28 Ånnstsntsnnss
499 295 145 5 RAA

465 350 73 26 Hela
558 352 157 27 kostnaden
967 357 112 27 Statens
1274 356 362 42 Väghållningsdistriktets

434 386 44 25 för
497 388 244 33 vägunderhållet,
965 389 107 42 bidrag,
1402 397 108 31 bidrag,

469 426 49 23 öre
537 432 34 24 pr
590 425 120 34 vägfyrk
904 432 48 23 öre
971 438 34 24 pr
1024 431 120 33 vägfyrk
1336 436 48 23 öre
1403 442 34 24 pr
1459 434 118 33 vägfyrk

581 542 33 26 10
1022 548 16 25 2
1456 551 16 25 8

579 586 35 27 20
1021 592 17 27 4
1438 596 33 26 16

580 633 33 25 30
1022 638 16 26 8
1438 641 33 25 22

579 677 34 27 40
1005 683 33 25 12
1438 686 34 26 28

579 723 34 26 50
1005 728 33 26 18
1437 731 34 26 32

579 768 34 27 60
1005 773 31 25 24
1437 777 34 25 36

579 813 34 27 70
1003 818 34 26 32
1438 821 33 26 38

578 854 34 42 380
1003 863 34 25 40
1436 865 34 27 40

579 903 33 26 920
1003 908 34 26 48
1437 911 34 26 42

565 949 48 26 100
1004 954 33 25 56
1436 955 35 26 44

564 994 48 26 110
1003 999 33 25 64
1436 1000 34 26 46

561 1038 51 27 120
1003 1043 33 25 72
1436 1045 34 26 48

561 1083 52 27 130
1003 1088 34 25 80
1437 1091 33 25 20

560 1128 51 26 140
1002 1133 34 25 88
1436 1135 33 25 52

367 1165 2 9 |
560 1174 52 26 150
1002 1178 34 26 96
1437 1180 33 26 54

1410 1233 16 17 0.
1455 1234 21 17 8.
1496 1234 17 18 V

328 1327 125 38 Såsom
496 1330 224 36 motionären
763 1331 201 46 anmärker,
1006 1332 66 37 har
1101 1333 170 49 gällande
1299 1335 133 49 väglag
1461 1336 92 36 varit
1578 1337 155 36 föremål
1757 1336 56 37 för

221 1382 148 49 mycket
396 1383 168 50 missnöje
592 1383 69 50 och
689 1385 170 46 klander;
879 1387 68 35 och
975 1386 102 37 detta
1104 1387 103 37 torde
1237 1389 73 45 väl,
1341 1390 45 36 då
1414 1389 61 37 det
1490 1391 190 49 härvidlag
1698 1391 116 49 gäller

221 1441 54 32 ett
316 1437 140 46 besvär,
484 1437 142 38 hvilket
652 1441 38 34 så
717 1439 161 50 ingriper
905 1441 12 35 i
946 1442 63 35 vår
1037 1442 176 49 allmoges
1241 1443 169 37 ekonomi
1438 1456 78 24 som
1544 1444 270 50 väghållnings-

222 1491 176 46 besväret,
427 1493 101 48 ligga
556 1493 12 35 i
597 1491 139 39 sakens
749 1499 127 46 natur.
935 1495 123 37 Delvis
1086 1497 102 36 torde
1217 1497 187 49 missnöjet
1431 1511 85 24 vara
1544 1498 176 51 befogadt
1747 1500 67 36 och

222 1546 179 36 utskottet
430 1547 67 35 vill
526 1546 123 38 därför
677 1548 79 37 icke
785 1548 162 47 förneka,
977 1554 53 32 att
1058 1563 45 23 en
1130 1552 151 35 revision
1313 1551 39 36 af
1378 1554 177 47 väglagen
1586 1554 122 36 kunde
1728 1567 87 23 vara

221 1600 155 49 önsklig.
425 1600 68 37 För
516 1604 235 36 närvarande
793 1603 102 36 torde
932 1603 62 37 det
1035 1605 92 35 dock
1165 1618 88 23 vara
1281 1607 231 48 synnerligen
1537 1606 98 37 svårt
1662 1620 60 24 om
1752 1621 63 23 ens

220 1655 148 48 möjligt
395 1657 54 33 att
476 1656 161 49 angifva,
667 1656 12 36 i
708 1656 150 37 hvilken
881 1657 165 50 riktning
1074 1671 44 23 en
1147 1659 108 36 sådan
1285 1660 156 36 revision
1474 1662 199 47 lämpligen
1694 1662 120 36 skulle

220 1710 55 48 gå.
331 1707 224 51 Visserligen
584 1711 67 35 har
679 1709 92 38 efter
803 1713 97 35 1905
931 1710 57 38 års
1016 1713 154 35 revision
1190 1714 38 35 af
1247 1714 176 49 väglagen
1439 1714 136 51 förslag
1594 1729 59 23 om
1673 1716 141 37 ändrin-

220 1775 67 36 gar
314 1763 13 35 i
355 1775 141 24 samma
524 1764 62 49 lag
615 1764 62 37 vid
705 1763 184 52 åtskilliga
917 1765 173 38 tillfällen
1120 1767 96 36 varit
1244 1768 154 36 föremål
1426 1770 56 35 för
1509 1770 227 49 Riksdagens
1755 1771 58 36 be-

219 1816 192 50 handling,
441 1830 85 24 men
555 1818 45 36 då
619 1819 126 37 därvid
768 1820 231 49 synnerligen
1016 1821 206 49 skiljaktiga
1242 1823 192 49 meningar
1450 1824 98 49 gjort
1563 1825 55 49 sig
1633 1825 181 49 gällande,

219 1872 73 36 kan
322 1872 179 37 utskottet
524 1873 78 36 icke
632 1873 79 36 dela
739 1873 69 37 den
830 1875 245 48 uppfattning,
1092 1888 76 23 som
1188 1877 225 36 motionären
1429 1891 104 35 synes
1552 1878 101 50 hysa,
1674 1881 54 34 att
1741 1879 71 37 led-

220 1926 90 49 ning
349 1926 61 36 vid
451 1939 45 23 en
538 1925 153 50 förnyad
718 1928 218 49 lagrevision
965 1929 117 36 skulle
1111 1930 122 36 kunna
1261 1931 143 37 hämtas
1432 1945 44 23 ur
1495 1932 228 50 Riksdagens
1743 1933 69 37 för-

220 1978 216 51 handlingar
463 1981 13 35 i
505 1981 216 37 dithörande
750 1981 132 50 frågor.
937 1983 42 49 Ej
1010 1983 113 37 heller
1151 1984 105 37 torde
1285 1985 96 37 hvad
1410 1986 105 48 eljest
1544 1987 11 35 i
1575 1992 123 31 ämnet
1721 1986 92 38 före-

219 2034 159 37 kommit
398 2035 125 36 lämna
536 2036 111 48 nödig
661 2035 343 50 ledning
821 2030 17 63 i
856 2035 147 50 berörda
1024 2036 176 38 afseende.
1230 2037 119 39 Sådan
1363 2040 105 37 torde
1488 2041 115 48 enligt
1618 2043 195 35 utskottets

220 2088 237 37 förmenande
486 2091 32 47 ej
547 2091 55 35 stå
630 2095 55 31 att
714 2090 112 37 vinna
854 2096 111 31 annat
992 2095 44 33 än
1064 2104 134 36 genom
1226 2105 45 24 en
1285 2094 72 36 tids
1373 2095 213 49 ytterligare
1606 2096 208 37 erfarenhet

221 2142 47 51 på
295 2142 273 50 ifrågavarande
602 2144 146 37 område
777 2146 146 36 utöfver
952 2146 68 36 den
1049 2146 111 37 redan
1188 2160 135 24 vunna.
1369 2148 58 36 Då
1454 2149 179 37 utskottet
1661 2150 153 37 sålunda

220 2198 32 48 ej
291 2210 55 23 ser
373 2198 54 49 sig
455 2198 12 35 i
500 2198 105 36 stånd
634 2203 55 32 att
716 2212 62 24 ens
807 2200 11 35 i
852 2204 130 33 största
1011 2201 201 37 allmänhet
1240 2203 144 48 angifva
1411 2203 264 50 grunddragen
1703 2203 42 38 af
1769 2217 44 24 en

219 2252 218 48 lämpligare
465 2252 156 49 ordning
649 2257 44 32 än
723 2253 69 36 den
820 2254 211 37 nuvarande
1056 2254 57 38 för
1141 2256 339 49 upprätthållandet
1507 2257 42 37 af
1565 2258 66 36 den
1647 2257 58 38 för
1724 2271 89 24 sam-

218 2306 116 38 hället
352 2306 67 37 och
436 2306 67 37 den
524 2307 162 37 enskilde
703 2308 76 36 lika
798 2308 232 51 nödvändiga
1050 2310 183 38 allmänna
1253 2310 249 48 samfärdseln,
1517 2325 104 24 anser
1636 2313 177 37 utskottet

1872 1350 123 23 Utskottet.
