2208 2630
675 146 338 32 Jordbruksutskottets
1038 148 160 31 utlåtande
1223 149 51 31 Nr
1304 152 48 29 &&.
1765 156 15 28 7

208 242 184 43 verkning
433 243 60 34 må
534 246 71 40 äga
633 254 82 23 rum
744 245 160 34 allenast
932 245 10 33 i
972 245 68 34 den
1072 248 271 44 utsträckning,
1373 260 77 23 som
1480 253 41 30 är
1553 252 157 43 förenlig
1738 253 83 33 med

209 292 160 42 skogens
396 293 181 34 framtida
606 293 168 35 bestånd.

343 342 410 43 Skogshushållningens
794 345 176 34 iändamål
1011 346 72 34 kan
1127 350 110 41 sägas
1265 360 91 23 vara
1384 353 56 31 alt
1468 351 129 43 uppnå
1626 352 71 34 den
1729 356 95 31 mest

209 392 250 44 fördelaktiga
502 394 248 43 användning
778 406 48 22 av
855 395 93 34 både
977 396 71 34 den
1077 397 55 34 till
1161 398 341 44 skogsproduktion
1532 402 167 34 avsedda
1727 415 95 22 mar-

209 443 69 33 ken
320 444 68 33 och
417 443 45 34 de
490 444 217 42 produkter,
737 456 80 22 som
847 445 91 34 därå
965 446 128 34 kunna
1121 448 146 34 alstras.
1323 450 72 33 Det
1422 451 400 46 skogsvetenskapliga

209 493 202 42 begreppet
439 493 361 44 skogshushällning
828 496 179 33 omfattar
1026 496 103 34 såväl
1151 498 252 43 skogsskötsel
1423 501 84 33 med
1528 501 93 34 krav
1640 502 49 43 på
1708 503 115 34 fram-

208 543 206 42 bringande
455 553 48 23 av
536 544 134 42 högsta
704 543 156 43 möjliga
888 545 227 44 avkastning
1142 547 84 34 från
1256 548 140 43 skogen
1426 561 78 22 som
1533 551 68 33 ock
1629 552 193 43 skogstek-

210 592 125 43 nologi
363 593 68 32 och
460 593 320 43 skogsindelning.
836 594 129 34 Under
992 594 143 35 sådana
1159 596 264 37 förhållanden
1445 600 68 33 och
1534 600 48 34 då
1602 601 63 35 det
1684 602 11 32 i
1715 604 106 42 varje

209 642 151 34 särskilt
399 642 66 34 fall
507 643 382 44 ändamålsenligaste
931 647 113 32 sättet
1071 646 58 34 för
1157 647 390 44 skogsprodukternas
1576 652 246 43 utnyttjande
1858 665 7 7 -

209 695 42 30 är
291 695 53 31 ett
383 693 12 33 i
435 693 201 34 huvudsak
664 694 237 35 ekonomiskt
927 697 195 42 spörsmål,
1152 698 185 35 beroende
1366 711 46 22 av
1441 700 145 35 sådana
1613 702 59 34 för
1700 704 122 34 skilda

209 746 99 31 orter
348 743 67 34 och
456 744 96 33 tider
591 745 187 33 växlande
819 745 167 35 faktorer
1025 758 79 22 som
1146 750 518 44 avsättningsförhållanden,
1695 755 77 42 pris
1801 754 21 34 å

209 793 98 34 olika
336 794 320 34 virkessortiment
684 806 47 22 m.
763 807 60 30 m.,
853 799 98 30 samt
978 796 48 34 då
1053 798 12 32 i
1093 809 50 22 nu
1172 798 249 36 förevarande
1449 803 278 44 sammanhang
1754 816 65 22 an-

208 843 154 43 ledning
402 844 56 33 till
499 844 247 43 lagstiftande
788 846 131 33 härom
959 847 79 33 icke
1079 848 98 34 lärer
1216 849 136 43 finnas,
1386 862 112 31 synes
1531 855 53 31 ett
1611 854 210 42 utbytande

209 904 47 22 av
296 893 106 34 ordet
441 894 239 43 >»skogsvård>
724 898 78 31 mot
842 896 390 46 »>»skogshushållning»
1274 900 81 33 icke
1382 901 185 44 lämpligt.
1623 904 197 42 Uttrycket

207 943 75 43 god
314 943 205 43 skogsvård
552 945 69 33 har
652 944 59 34 för
739 946 122 43 övrigt
888 947 135 34 vunnit
1051 959 44 22 en
1125 948 75 34 viss
1228 950 166 43 burskap
1422 951 114 34 bland
1565 953 256 36 allmänheten

208 993 69 34 och
306 994 191 34 användes
524 994 145 43 jämväl
697 995 11 33 i
737 996 616 45 skogslagstiftningskommitténs
1378 1012 98 23 ovan
1497 1004 230 34 omnämnda
1746 1005 73 34 för-

208 1044 82 43 slag
316 1044 57 34 till
405 1044 63 43 lag
500 1044 196 44 angående
724 1046 94 34 vård
846 1058 48 22 av
922 1048 185 34 enskildes
1136 1049 147 44 skogar.
1340 1050 78 35 Och
1447 1052 64 34 det
1539 1065 112 31 synes
1681 1055 138 43 därför,

210 1106 59 21 om
311 1095 62 33 det
408 1095 111 34 också
548 1096 134 34 hittills
715 1096 81 34 icke
824 1097 11 33 i
866 1097 122 44 någon
1018 1099 112 43 högre
1159 1100 93 43 grad
1280 1101 164 43 nyttjats
1473 1107 122 31 såsom
1626 1104 192 44 fackterm,

210 1145 129 34 kunna
365 1145 151 35 kvarstå
544 1147 12 32 i
583 1146 71 34 den
683 1148 256 42 provisoriska
966 1149 121 43 lagen.

343 1196 219 34 Emellertid
602 1200 42 30 är
685 1198 197 43 antagligt,
925 1201 55 32 att
1007 1199 131 35 kravet
1166 1201 49 43 på
1243 1202 200 35 införande
1472 1215 47 22 av
1547 1205 272 45 beteckningen

209 1245 90 43 »god
344 1246 373 44 skogshushållning>
764 1248 10 33 i
819 1249 77 33 viss
937 1248 86 35 mån
1064 1250 199 35 föranletts
1305 1264 47 22 av
1380 1254 161 43 hänsyn,
1571 1267 79 22 som
1678 1256 141 35 kanske

207 1296 81 33 icke
320 1296 55 34 till
403 1296 94 34 fullo
525 1315 47 3 —
601 1297 229 35 åtminstone
858 1299 59 34 för
944 1299 62 35 det
1033 1301 193 34 allmänna
1253 1302 402 46 föreställningssättet
1682 1324 49 4 —
1757 1308 61 33 be-

208 1346 107 33 aktas
348 1358 132 31 genom
510 1347 269 35 användandet
807 1360 47 22 av
888 1351 188 41 uttrycket
1104 1352 89 42 »god
1222 1352 224 44 skogsvård»
1475 1354 123 35 såsom
1627 1368 106 22 norm
1761 1357 59 34 för

207 1396 291 44 avverkningen.
552 1397 73 34 Det
665 1398 119 43 ligger
816 1402 93 31 nära
941 1400 56 33 till
1026 1401 122 34 hands
1177 1404 56 32 att
1261 1405 139 42 antaga
1428 1407 55 31 att
1511 1406 189 42 uttrycket
1728 1407 88 44 »god

207 1446 372 45 skogshushållning»
607 1448 269 35 företrädesvis
908 1461 109 23 avser
1044 1450 118 35 sådan
1192 1454 239 34 omtänksam
1460 1455 246 45 hushållning
1734 1458 84 34 med

207 1497 139 43 skogen
386 1500 56 31 att
475 1497 279 36 vederbörande
782 1499 201 45 fastighets
1011 1501 180 35 framtida
1220 1503 122 35 behov
1370 1505 74 33 kan
1472 1505 88 35 fullt
1587 1507 229 43 tillgodoses.

206 1547 67 34 Ett
305 1547 120 44 dylikt
456 1549 159 34 resultat
643 1549 72 34 kan
743 1550 82 33 icke
852 1550 58 34 för
937 1552 75 33 alla
1039 1552 67 34 fall
1134 1552 68 35 nås
1232 1554 160 35 allenast
1419 1567 135 32 genom
1584 1557 234 36 bestämmel-

206 1608 110 23 serna
356 1609 59 23 om
456 1599 121 43 skydd
609 1599 59 34 för
699 1600 174 35 återväxt
899 1602 12 33 i
942 1602 93 34 1903
1064 1602 60 34 års
1152 1604 73 43 lag.
1280 1605 181 35 Däremot
1488 1607 69 33 har
1584 1608 149 43 hänsyn
1762 1610 56 33 till

206 1647 63 35 det
309 1648 178 35 framtida
525 1650 161 34 behovet
718 1651 115 43 tagits
861 1652 11 33 i
900 1653 157 42 lagarna
1084 1653 72 34 den
1188 1655 44 33 13
1260 1655 85 42 juni
1376 1657 94 33 1908
1500 1657 197 44 angående
1724 1659 94 35 vård

206 1710 48 22 av
281 1699 187 35 enskildes
496 1700 135 44 skogar
657 1701 103 34 inom
789 1701 200 50 Gottlands
1016 1703 62 34 län
1108 1705 70 33 och
1206 1705 71 34 den
1309 1706 46 34 20
1382 1706 85 43 juni
1499 1708 94 35 1913
1623 1709 194 44 angående

205 1749 93 34 vård
327 1761 46 22 av
401 1750 186 35 enskildes
616 1751 136 44 skogar
779 1752 49 43 på
856 1752 134 43 Öland,
1019 1754 101 34 vilka
1148 1755 107 43 lagar
1281 1756 193 35 innehålla
1502 1758 63 35 det
1584 1760 234 34 huvudstad-

204 1799 134 44 gande,
367 1803 56 31 att
454 1801 253 43 skogsägaren
735 1805 43 31 är
805 1803 210 44 berättigad
1043 1807 56 31 att
1127 1805 143 35 erhålla
1297 1807 173 34 tillstånd
1498 1809 57 33 till
1583 1811 235 44 avverkning

205 1849 49 43 på
294 1861 45 23 en
379 1850 100 45 gång
519 1852 11 33 i
571 1851 42 34 så
640 1855 78 31 stor
746 1854 271 44 utsträckning,
1047 1866 79 23 som
1156 1856 85 34 med
1270 1857 148 44 hänsyn
1447 1861 113 41 tagen
1587 1859 145 43 jämväl
1760 1862 57 33 till

204 1899 161 44 gårdens
396 1901 181 35 framtida
609 1903 122 34 behov
758 1906 43 31 är
827 1904 85 34 med
940 1905 160 44 skogens
1128 1906 174 35 återväxt
1328 1908 172 44 förenlig.
1555 1910 59 34 Då
1641 1922 52 23 nu
1722 1923 94 32 upp-

204 1951 113 41 givits
357 1954 56 32 att
453 1951 22 35 å
502 1953 101 34 vissa
630 1954 143 34 trakter
802 1955 19 32 2
850 1952 23 44 $
900 1956 12 32 i
943 1956 93 34 1918
1065 1957 60 34 ärs
1153 1957 63 43 lag
1243 1961 144 32 ansetts
1414 1959 80 35 icke
1522 1963 135 41 utgöra
1684 1962 135 34 hinder

203 2002 59 33 för
306 2003 232 43 avverkning
577 2015 48 22 av
669 2005 50 33 all
766 2005 389 45 avverkningsmogen
1201 2008 94 44 skog
1335 2021 66 22 ens
1442 2011 12 32 i
1487 2011 144 34 sådana
1659 2012 79 43 fall,
1769 2013 47 34 då

203 2051 279 36 vederbörande
522 2053 182 44 fastighet
731 2055 218 43 därigenom
978 2057 108 34 blivit
1115 2058 78 34 helt
1220 2059 71 33 och
1318 2059 118 35 hållet
1464 2061 162 44 skoglös,
1656 2063 69 34 har
1750 2063 68 43 jag

204 2105 123 31 ansett
370 2103 132 44 nödigt
546 2108 55 30 att
645 2105 11 33 i
696 2105 111 44 lagen
849 2109 185 41 upptages
1067 2119 45 22 en
1146 2109 208 44 uttrycklig
1382 2110 263 36 bestämmelse
1674 2113 10 33 i
1714 2113 102 35 detta

203 2164 121 23 ämne.

304 2204 71 34 Det
416 2216 46 22 av
503 2216 45 23 en
590 2205 385 45 skogsvårdsstyrelse
1016 2207 192 44 påyrkade
1242 2211 133 44 tillägg
1402 2212 57 33 till
1489 2213 19 33 3
1538 2209 23 45 8
1589 2213 12 33 i
1633 2214 93 34 1918
1756 2214 61 34 års
