1922 2788
279 136 18 29 6
677 141 374 31 Jordbruksutskottets
1077 142 175 30 utlåtande
1276 152 42 21 nr
1339 141 50 30 23.

285 225 112 29 under
422 224 139 37 ledning
584 234 42 20 av
648 234 43 20 en
714 234 83 27 egen
822 226 151 36 styrelse,
1001 226 150 35 lydande
1174 225 112 31 direkt
1308 226 110 29 under
1443 225 345 37 jordbruksdeparte-

283 278 138 27 mentet.
448 275 146 30 Beaktas
621 275 57 30 må
703 275 139 37 jämväl,
870 279 49 27 att
948 276 129 30 varken
1102 276 10 30 i
1138 275 81 31 våra
1247 277 165 30 nordiska
1438 277 233 36 grannländer
1695 277 90 35 eller,

283 324 103 31 såvitt
411 325 226 36 utredningen
659 326 134 30 kunnat
816 326 168 36 inhämta,
1007 326 11 30 i
1042 326 117 36 övriga
1182 327 204 36 europeiska
1410 327 121 29 länder
1552 327 235 30 förekommer

283 384 43 21 en
354 375 271 36 organisatorisk
655 376 223 36 samordning
908 377 127 30 mellan
1063 376 196 31 medicinal-
1288 377 65 30 och
1383 377 334 31 veterinärväsendet
1744 387 42 21 av

284 425 66 30 den
389 429 62 33 art,
489 435 74 21 som
600 426 175 36 tillämpas
799 426 11 30 i
836 425 76 32 vårt
937 427 90 30 land.
1066 426 102 31 Detta
1194 436 100 27 synes
1323 427 71 36 mig
1418 428 174 38 bestyrka,
1620 430 49 28 att
1697 437 87 21 sam-

283 475 129 32 bandet
438 477 127 29 mellan
591 476 198 31 medicinal-
817 478 66 29 och
910 477 333 30 veterinärväsendet
1268 477 77 30 icke
1374 478 38 29 är
1438 488 42 20 av
1509 478 66 29 den
1600 477 186 37 tvingande

285 529 111 34 natur,
429 529 50 27 att
506 535 43 21 en
578 535 199 27 gemensam
807 527 140 36 ledning
976 528 111 29 under
1115 528 67 30 alla
1213 526 245 32 förhållanden
1489 528 64 29 bör
1584 527 201 31 bibehållas.

288 577 11 28 I
327 576 199 37 anslutning
553 577 116 30 härtill
697 577 58 30 vill
781 577 59 38 jag
868 578 167 34 meddela,
1063 581 50 27 att
1138 578 58 38 jag
1222 577 10 30 i
1259 578 150 36 enlighet
1435 579 82 29 med
1544 578 243 37 utredningens

283 626 131 37 förslag
441 628 65 29 har
535 627 56 30 för
618 627 113 31 avsikt
762 632 50 26 att
841 627 139 37 påkalla
1011 628 147 31 särskild
1188 628 258 36 undersökning
1475 630 148 30 rörande
1651 629 134 37 möjlig-

282 677 144 30 heterna
464 681 49 27 att
552 677 105 32 vinna
698 687 43 21 en
781 678 137 30 klarare
944 678 274 37 gränsdragning
1244 679 129 30 mellan
1401 679 291 36 tjänsteläkarnas
1720 680 66 30 och

281 727 404 36 tjänsteveterinärernas
708 728 176 36 uppgifter
904 728 221 31 beträffande
1148 729 69 30 den
1238 729 115 30 lokala
1376 729 410 31 livsmedelskontrollens

282 778 266 31 handhavande.
569 778 55 30 En
641 777 109 32 sådan
768 779 259 36 undersökning
1046 779 65 30 har
1132 779 55 30 för
1204 778 111 37 övrigt
1334 780 87 30 även
1442 779 175 31 förordats
1637 789 44 21 av
1703 780 83 30 1946

282 827 57 31 års
365 828 263 31 statsrevisorer.
660 829 74 30 Kan
765 829 114 30 denna
908 828 97 37 fråga
1035 828 130 32 erhålla
1193 839 43 21 en
1264 829 174 36 praktiskt
1469 829 318 31 tillfredsställande

283 878 145 36 lösning,
455 878 104 30 vilket
583 878 60 37 jag
667 879 64 30 har
756 879 187 37 anledning
970 880 168 35 förmoda,
1166 880 67 30 blir
1257 880 141 36 givetvis
1424 880 147 30 behovet
1596 890 43 20 av
1662 889 42 21 en
1732 888 53 28 ge-

282 937 158 22 mensam
461 929 139 37 ledning
623 939 43 20 av
688 929 198 31 medicinal-
910 930 66 30 och
999 930 335 30 veterinärväsendet
1355 930 134 30 mindre
1512 931 125 30 uttalat
1661 931 45 29 än
1727 940 58 20 nu.

282 978 166 37 Slutligen
467 979 63 30 bör
547 978 215 37 framhållas,
784 982 49 28 att
853 980 363 31 kostnadsskillnaden
1237 980 128 31 mellan
1386 982 42 29 de
1447 979 91 32 båda
1559 980 226 31 alternativen

280 1047 45 4 —
346 1038 44 21 av
410 1029 228 36 utredningen
658 1030 180 30 beräknad
859 1030 51 30 till
930 1030 11 30 i
960 1034 81 27 runt
1060 1031 47 29 tal
1129 1031 40 30 25
1182 1031 64 30 000
1268 1031 130 30 kronor
1419 1050 43 3 —
1483 1031 77 30 icke
1581 1040 100 27 synes
1702 1040 83 21 vara

282 1088 43 21 av
353 1079 67 30 den
445 1080 305 37 storleksordning,
780 1084 50 26 att
857 1080 66 30 den
949 1081 71 30 kan
1048 1081 185 31 nämnvärt
1261 1080 152 36 påverka
1442 1081 345 36 ställningstagandet

283 1128 50 31 till
354 1129 235 37 föreliggande
608 1129 178 37 spörsmål.

326 1178 49 32 På
394 1180 112 36 grund
528 1189 43 21 av
594 1181 67 30 vad
680 1179 149 32 sålunda
849 1180 136 31 anförts
1006 1181 58 29 vill
1084 1180 59 38 jag
1162 1181 10 30 i
1195 1181 108 30 likhet
1323 1182 78 29 med
1423 1181 362 37 medicinalstyrelsen,

282 1239 79 21 vars
386 1229 215 37 ståndpunkt
624 1230 11 30 i
660 1231 91 30 detta
776 1231 197 30 hänseende
996 1231 76 30 icke
1094 1232 70 29 kan
1189 1229 216 32 frånkännas
1430 1231 148 30 särskild
1600 1232 185 36 betydelse,

281 1279 153 37 förorda,
456 1284 49 27 att
526 1280 56 31 för
601 1280 354 31 veterinärväsendets
976 1281 152 30 centrala
1148 1281 138 36 ledning
1308 1281 147 31 inrättas
1476 1285 47 26 ett
1544 1285 74 33 eget
1639 1282 146 30 ämbets-

281 1331 84 29 verk
390 1330 11 30 i
429 1330 233 36 huvudsaklig
687 1331 341 30 överensstämmelse
1053 1333 79 29 med
1160 1332 56 30 det
1241 1330 117 32 såsom
1384 1332 182 30 alternativ
1592 1332 31 30 II
1650 1332 134 30 beteck-

281 1381 90 29 nade
397 1380 172 37 förslaget.
598 1379 136 38 Frågan
758 1390 56 21 om
839 1381 271 31 ämbetsverkets
1133 1381 161 31 närmare
1319 1382 235 36 organisation
1581 1382 96 31 torde
1700 1383 86 30 böra

281 1434 170 33 upptagas
467 1430 45 37 på
531 1430 480 37 jJordbruksdepartementets
1029 1431 253 37 föredragning.
1303 1432 130 30 Därvid
1453 1433 97 29 torde
1568 1433 87 29 även
1673 1434 112 34 spörs-

281 1480 116 31 målen
422 1491 57 20 om
504 1481 211 31 samarbetet
741 1482 80 30 med
846 1481 352 37 medicinalstyrelsen
1222 1482 66 30 och
1314 1492 58 20 om
1399 1482 386 31 veterinärmedicinska

280 1532 189 30 anstaltens
491 1531 279 31 administration
791 1532 85 30 böra
896 1532 172 31 beaktas.»

327 1611 14 29 I
367 1611 260 36 propositionen
654 1620 41 20 nr
724 1611 40 29 68
792 1610 64 30 har
883 1608 286 38 föredraganden,
1197 1607 184 32 statsrådet
1409 1607 135 39 Sträng,
1575 1607 115 31 anfört
1721 1607 65 30 och

281 1661 178 36 föreslagit
482 1660 166 37 följande.

329 1712 33 30 »I
381 1711 258 36 propositionen
660 1710 176 37 angående
855 1710 293 36 omorganisation
1159 1719 41 20 av
1212 1709 353 36 medicinalstyrelsen
1576 1709 65 29 har
1662 1708 122 36 Kungl.

283 1760 103 37 Maj:t
415 1759 174 37 föreslagit
620 1760 183 36 riksdagen
833 1763 49 27 att
911 1759 57 30 vid
998 1759 336 36 omorganisationen
1363 1768 42 21 av
1436 1758 353 37 medicinalstyrelsen

282 1811 101 37 bryta
405 1815 36 26 ut
463 1810 333 31 veterinärväsendet
815 1810 66 30 och
902 1809 55 31 för
977 1810 74 30 dess
1071 1809 256 31 handhavande
1346 1809 128 31 inrätta
1495 1812 45 28 ett
1558 1809 139 31 särskilt
1717 1810 71 29 äm-

281 1861 171 36 betsverk,
475 1861 346 36 veterinärstyrelsen.
846 1860 14 30 I
883 1861 92 29 detta
995 1860 251 36 sammanhang
1269 1860 159 30 kommer
1447 1858 100 33 alltså
1568 1863 49 27 att
1635 1859 153 30 behand-

281 1912 52 30 las
358 1912 120 30 endast
501 1910 122 37 frågan
647 1921 56 20 om
727 1912 56 29 det
804 1920 69 27 nya
898 1911 266 29 ämbetsverkets
1187 1910 233 36 organisation
1444 1911 64 29 och
1531 1910 90 30 vissa
1646 1908 143 32 därmed

283 1962 345 36 sammanhängande
658 1961 178 36 spörsmål.

326 2014 14 30 I
358 2014 56 31 det
432 2023 42 21 av
492 2013 226 36 utredningen
737 2012 208 37 upprättade
961 2012 162 35 förslaget
1142 2011 49 30 till
1210 2010 313 37 veterinärstyrelse
1540 2011 65 29 har
1621 2019 92 26 man,
1734 2008 50 32 så-

283 2072 75 20 som
385 2062 93 32 förut
501 2062 143 35 berörts,
672 2061 109 37 utgått
804 2061 79 30 från
910 2065 49 29 att
985 2061 248 31 ämbetsverket
1259 2061 106 30 borde
1391 2061 215 36 organiseras
1630 2060 44 37 på
1699 2070 89 21 sam-

281 2124 58 20 ma
368 2115 67 29 sätt
460 2124 74 21 som
561 2113 206 36 exempelvis
796 2113 352 36 egnahemsstyrelsen
1175 2112 78 30 med
1281 2121 42 20 en
1353 2111 150 37 styrelse,
1531 2110 185 31 bestående
1743 2119 42 21 av

281 2165 280 30 överdirektören
580 2167 88 27 samt
686 2163 253 38 byråcheferna
958 2163 64 30 och
1041 2165 273 34 representanter
1334 2162 57 30 för
1407 2155 205 43 jordbruket
1632 2162 65 30 och
1716 2170 69 20 me-

282 2215 295 37 dicinalstyrelsen
595 2224 45 20 m.
659 2214 37 30 fl.
718 2213 120 31 Såsom
856 2214 75 30 skäl
951 2213 54 30 för
1025 2214 113 29 denna
1157 2212 345 37 organisationsform
1521 2212 63 30 har
1602 2211 183 36 åberopats

281 2269 50 27 att
350 2266 113 29 bättre
484 2265 216 37 anknytning
721 2264 50 30 till
789 2264 205 36 jordbruket
1015 2264 65 30 och
1103 2263 350 37 medicinalstyrelsen
1475 2262 200 37 därigenom
1698 2262 86 29 kun-

282 2316 41 30 de
342 2316 132 30 vinnas.
496 2316 13 29 I
530 2316 41 29 de
592 2315 146 36 avgivna
757 2314 206 38 yttrandena
984 2314 44 31 ha
1047 2314 147 30 rörande
1213 2314 113 30 denna
1346 2312 98 37 fråga
1462 2313 123 30 delade
1606 2311 179 36 meningar

282 2366 149 31 kommit
454 2366 49 30 till
527 2366 148 37 uttryck.

326 2416 115 36 Enligt
461 2416 70 30 min
550 2416 141 36 mening
711 2416 118 30 kunna
849 2414 195 36 visserligen
1064 2414 151 31 fördelar
1235 2415 9 29 i
1267 2414 41 30 de
1329 2423 41 21 av
1392 2414 227 36 utredningen
1638 2411 147 32 berörda

281 2467 243 30 hänseendena
543 2465 62 31 nås
625 2474 122 28 genom
768 2468 49 28 att
835 2465 197 36 organisera
1053 2464 337 37 veterinärstyrelsen
1411 2463 114 32 såsom
1546 2467 47 28 ett
1611 2462 175 37 kollegialt
