1868 2772
429 130 452 34 Konstitutionsutskottets
896 135 183 31 memorial
1093 145 43 20 nr
1151 136 40 30 27
1207 137 41 30 år
1264 137 85 30 1965
1573 142 61 31 155

276 207 231 40 Synpunkten
526 212 51 29 att
597 211 181 31 sökanden
798 214 90 39 själv
908 215 88 29 skall
1017 215 136 40 deltaga
1174 217 9 28 i
1205 216 131 30 arbetet
1356 217 63 29 har
1440 217 192 40 tillämpats

234 253 9 29 i
269 253 99 40 fråga
394 264 57 20 om
476 255 280 41 förvärvsobjekt
781 267 77 21 som
882 259 76 30 icke
983 260 39 29 är
1046 260 202 40 tillräckligt
1275 263 93 28 stora
1395 262 55 29 för
1475 265 49 27 att
1550 263 83 29 bära

231 295 238 33 kostnaderna
496 299 54 30 för
577 309 42 20 en
647 302 150 30 anställd
825 302 243 31 arbetsledare.

275 341 66 30 Vid
367 342 211 42 bedömning
606 355 41 19 av
674 346 123 39 frågan
824 347 174 31 huruvida
1025 348 118 40 fånget
1169 349 69 30 kan
1267 349 179 31 förväntas
1475 351 158 30 medföra

231 385 238 40 övervägande
498 390 98 38 nytta
623 389 54 30 för
704 390 208 39 jordbruket
940 393 81 29 eller
1049 394 226 38 näringslivet
1303 395 10 29 i
1341 397 99 28 orten
1469 396 63 29 har
1561 399 72 27 stor

231 429 138 40 hänsyn
395 432 103 39 tagits
524 434 52 29 till
603 433 244 32 förvärvarens
874 437 114 30 avsikt
1013 440 49 27 att
1089 438 131 30 tillföra
1247 440 213 38 egendomen
1489 441 143 39 kapital,

232 482 73 21 som
335 476 159 31 bedömts
523 478 219 40 erforderligt
773 481 54 29 för
857 483 50 28 att
936 482 215 39 förefintliga
1181 483 124 30 brister
1336 485 90 29 skall
1456 485 90 30 bliva
1578 495 55 20 av-

232 519 147 40 hjälpta.
410 522 117 30 Under
558 532 121 22 senare
709 525 38 29 år
777 525 64 30 har
869 526 10 29 i
911 526 150 39 enlighet
1091 528 80 29 med
1201 529 206 29 uttalanden
1438 530 123 29 härom
1592 540 42 20 av

233 564 84 29 1959
335 564 56 31 års
412 565 143 41 riksdag
581 567 114 40 (prop.
716 579 41 19 nr
781 569 182 36 148/1959,
986 580 25 21 s.
1034 572 79 30 222)
1142 572 114 30 såsom
1278 575 98 38 nytta
1400 574 53 29 för
1475 575 158 39 närings-

233 609 82 30 livet
339 611 11 29 i
375 613 98 27 orten
498 612 86 29 även
610 612 192 31 betraktats
828 615 304 41 skogsplantering
1158 617 43 39 på
1227 617 101 30 odlad
1354 619 90 38 jord,
1471 628 74 21 som
1571 620 62 29 bör

233 653 178 31 överföras
434 656 49 29 till
506 656 217 39 skogsmark.

275 698 12 28 I
310 698 347 33 överensstämmelse
680 703 78 29 med
781 704 205 29 uttalanden
1009 706 8 28 i
1041 705 221 31 förarbetena
1282 707 51 29 till
1357 708 159 38 gällande
1538 709 95 39 jord-

231 742 215 41 förvärvslag
474 745 64 29 har
567 754 41 21 en
639 745 118 31 liberal
788 748 350 40 tillståndsprövning
1167 751 91 30 skett
1288 751 221 32 beträffande
1539 755 94 28 stora

230 786 313 40 kapitalkrävande
573 790 121 39 objekt
723 792 64 29 och
818 793 76 29 små
923 802 42 20 ur
992 794 375 41 jordbrukssynpunkt
1397 798 236 30 ointressanta

231 831 152 32 enheter.
403 833 119 38 Någon
543 843 95 21 mera
659 836 152 39 enhetlig
831 837 103 38 gräns
955 842 71 26 mot
1046 839 40 30 de
1108 839 59 30 fall
1190 841 61 28 där
1272 850 42 19 en
1334 841 180 31 restriktiv
1533 843 99 39 pröv-

231 875 83 40 ning
337 879 132 28 ansetts
492 877 163 41 betingad
679 881 95 29 torde
799 882 75 29 icke
898 881 127 32 finnas.
1051 883 80 30 Som
1155 884 129 32 allmän
1308 887 90 37 regel
1423 887 97 29 torde
1543 887 90 39 gälla

231 921 49 28 att
301 931 42 20 en
364 921 119 30 liberal
506 932 63 30 syn
589 924 45 38 på
654 924 284 40 förvärvsfrågan
961 936 99 21 anses
1082 929 202 37 motiverad,
1306 930 62 29 där
1388 931 56 29 det
1465 931 76 30 icke
1562 932 70 29 kan

230 964 137 38 påvisas
392 966 114 39 någon
530 968 137 38 speciell
691 970 160 37 praktisk
877 973 96 36 nytta
998 981 40 20 ur
1061 973 226 38 jordbrukets
1312 976 180 38 synpunkt
1517 985 42 20 av
1582 978 50 28 att

231 1009 403 33 förvärvsrestriktioner
662 1015 265 38 upprätthålles.

146 1160 121 36 Kungl.
284 1162 122 35 Maj:ts
423 1162 347 39 tillståndsprövning
785 1166 106 36 enligt
908 1169 79 28 19553
1003 1169 57 29 års
1078 1169 54 36 lag

189 1231 49 29 Av
261 1233 40 29 de
323 1233 38 30 21
387 1233 163 36 ärenden,
574 1243 75 21 som
672 1236 154 39 avgjorts
851 1247 42 20 av
915 1238 125 40 Kungl.
1064 1240 105 39 Maj:t
1194 1241 109 29 under
1328 1241 110 30 första
1461 1242 170 31 kvartalet

148 1276 82 29 1964
251 1277 64 29 har
336 1279 47 28 ett
405 1277 144 31 bifallits
571 1280 65 29 och
657 1280 41 30 20
720 1281 179 40 avslagits;
925 1284 16 28 7
964 1283 153 30 ärenden
1136 1284 142 39 jämlikt
1301 1286 18 29 3
1343 1286 15 36 $
1381 1287 83 29 eller
1485 1287 19 29 4
1528 1287 15 37 8
1568 1288 65 29 och

148 1320 38 29 13
205 1321 152 30 ärenden
378 1322 109 30 under
506 1322 219 41 åberopande
744 1335 41 20 av
805 1327 18 28 5
844 1326 15 37 8
879 1327 10 29 i
911 1328 81 30 1955
1011 1328 56 29 års
1086 1329 65 39 lag.

190 1364 11 29 I
224 1364 57 31 det
303 1365 138 36 ärende,
465 1367 62 30 där
550 1369 126 39 Kungl.
700 1369 105 39 Maj:t
827 1371 203 31 meddelade
1054 1373 318 31 förvärvstillstånd
1395 1385 61 20 var
1480 1377 153 29 omstän-

144 1409 203 38 digheterna
365 1412 11 28 i
393 1411 140 31 korthet
551 1413 116 31 dessa:
689 1413 186 31 Sökanden
892 1416 85 38 ägde
996 1417 145 39 tidigare
1160 1427 41 20 en
1219 1418 176 40 fastighet,
1414 1421 218 30 omfattande

145 1465 40 20 ca
210 1455 34 30 31
274 1457 46 28 ha
343 1456 83 30 åker
452 1460 88 27 samt
567 1458 40 29 78
632 1459 44 29 ha
701 1460 189 38 produktiv
915 1461 217 40 skogsmark.
1157 1463 225 41 Fastigheten
1405 1475 61 20 var
1491 1466 141 31 försedd

145 1498 77 29 med
244 1499 160 31 modernt
427 1500 210 31 bostadshus
659 1503 64 29 och
746 1503 323 32 tillfredsställande
1091 1506 374 41 ekonomibyggnader.
1487 1528 43 3 —
1551 1510 82 29 För-

145 1545 314 39 värvsfastigheten
476 1547 192 30 omfattade
685 1557 37 21 ca
740 1549 40 29 26
797 1549 44 29 ha
858 1549 83 30 åker
957 1551 64 29 och
1037 1560 39 21 ca
1093 1551 39 29 50
1149 1552 44 30 ha
1209 1553 189 39 produktiv
1414 1555 218 39 skogsmark.

147 1588 195 36 Sökanden,
370 1599 74 20 som
472 1591 154 30 förutom
651 1593 171 38 jordbruk
850 1594 127 30 bedrev
1002 1595 305 40 sågverksrörelse,
1335 1598 104 41 avsåg
1466 1600 50 29 att
1543 1609 89 20 sam-

144 1633 113 30 bruka
282 1634 263 40 fastigheterna.
571 1636 382 32 Lantbruksnämnden
978 1640 9 28 i
1014 1639 220 32 Stockholms
1260 1642 57 29 län
1343 1643 118 40 ansåg,
1488 1645 50 29 att
1563 1644 68 30 för-

144 1679 117 28 värvet
281 1679 181 30 medförde
483 1682 50 28 att
553 1681 9 28 i
584 1690 42 20 en
647 1682 119 39 ägares
786 1683 95 29 hand
903 1685 279 30 sammanfördes
1202 1686 59 30 två
1280 1682 351 50 brukningsenheter,

146 1731 75 20 som
243 1732 61 20 var
328 1723 55 30 för
407 1724 51 39 sig
480 1734 62 20 var
564 1726 160 39 lämpade
749 1727 54 29 för
829 1727 58 30 sitt
911 1729 173 35 ändamål,
1109 1730 64 30 och
1197 1731 118 40 avslog
1339 1732 160 29 ansökan
1522 1733 110 30 under

145 1764 219 40 åberopande
391 1776 42 20 av
459 1767 19 29 4
506 1768 15 37 $
550 1777 105 22 mom.
683 1769 29 30 3.
741 1769 185 32 Sökanden
954 1771 187 32 besvärade
1169 1773 60 40 sig.
1258 1770 374 50 Lantbruksstyrelsen

147 1811 86 29 fann
249 1812 30 38 ej
302 1812 75 29 skäl
396 1812 121 30 bifalla
534 1814 178 30 besvären.
732 1815 185 30 Sökanden
937 1817 177 40 fullföljde
1133 1818 51 30 sin
1205 1819 105 30 talan.
1329 1820 97 30 Efter
1444 1821 188 30 omfattan-

145 1855 42 29 de
205 1855 246 41 skriftväxling
470 1858 188 39 tillstyrkte
676 1860 358 39 lantbruksstyrelsen
1052 1864 48 27 att
1121 1862 155 31 tillstånd
1295 1871 93 32 gavs,
1407 1866 84 29 enär
1508 1874 124 31 genom

147 1898 251 39 försäljningar
433 1901 128 29 mellan
596 1902 179 29 sökanden
811 1904 65 29 och
910 1904 363 32 lantbruksnämnden
1310 1907 174 31 förvärvet
1520 1910 112 29 skulle

145 1941 158 30 medföra
331 1942 153 31 fördelar
513 1954 40 19 ur
580 1945 430 41 arronderingssynpunkt
1038 1948 76 31 icke
1141 1950 86 29 blott
1256 1950 54 30 för
1339 1952 179 30 sökanden
1548 1956 85 27 utan

145 1985 86 30 även
250 1986 54 30 för
323 1996 117 21 annan
458 1988 244 38 jordbrukare.
723 1990 204 31 Sökandens
947 1992 165 39 fastighet
1133 1994 111 30 skulle
1261 2014 44 3 —
1324 2004 56 21 om
1402 1997 156 31 tillstånd
1578 1999 55 29 be-

145 2032 146 39 viljades
308 2051 44 2 —
369 2033 35 30 få
422 2043 41 20 en
481 2036 92 28 areal
591 2045 42 19 av
650 2045 39 20 ca
708 2035 39 29 74
765 2037 44 28 ha
827 2037 84 29 åker
929 2038 63 29 och
1009 2048 39 19 ca
1069 2039 60 29 150
1147 2040 44 29 ha
1210 2041 95 39 skog.
1322 2059 44 3 ——
1384 2042 124 40 Kungl.
1527 2039 105 49 Maj:t

147 2076 85 30 fann
249 2078 76 29 med
343 2078 138 39 hänsyn
497 2079 50 29 till
568 2080 4 28 i
592 2079 102 30 målet
712 2081 234 39 föreliggande
964 2083 172 30 särskilda
1152 2085 298 40 omständigheter
1466 2087 75 29 skäl
1557 2087 76 31 icke

148 2121 163 39 föreligga
333 2124 49 27 att
405 2123 43 38 på
470 2124 111 37 grund
604 2133 41 20 av
665 2125 361 39 jordförvärvslagens
1049 2127 261 31 bestämmelser
1332 2131 103 38 vägra
1459 2131 171 35 tillstånd;

146 2164 78 29 med
248 2166 148 39 ändring
419 2176 41 20 av
484 2167 374 40 lantbruksstyrelsens
882 2170 111 29 beslut
1019 2171 219 31 meddelades
1262 2174 119 29 därför
1406 2175 227 30 förvärvstill-

147 2209 111 29 stånd.

192 2251 158 30 Rörande
381 2254 40 29 de
451 2254 163 34 ärenden,
644 2256 62 28 där
737 2256 318 32 förvärvsansökan
1086 2259 164 38 avslagits
1280 2260 141 38 jämlikt
1453 2262 19 28 3
1504 2263 15 35 8
1551 2264 82 28 eller

147 2296 19 28 4
190 2296 26 36 $,
239 2297 164 30 hänvisas
428 2299 47 28 till
499 2298 118 40 Bilaga
640 2300 23 28 €
684 2301 62 28 och
770 2302 149 28 rörande
941 2303 247 39 ansökningar,
1211 2305 165 39 avslagna
1398 2306 142 38 jämlikt
1563 2307 18 29 5
1605 2307 15 36 $

147 2340 163 29 hänvisas
333 2341 50 28 till
407 2341 117 39 Bilaga
547 2343 40 28 D.

191 2383 48 28 Av
263 2383 338 39 avslagsgrunderna
625 2387 8 29 i
658 2388 18 28 3
701 2387 14 36 $
741 2388 62 29 har
829 2387 264 39 undantagslöst
1117 2390 193 40 åberopats,
1335 2395 49 29 alt
1410 2394 223 31 förvärvaren

148 2429 76 29 med
246 2429 116 39 fånget
386 2431 276 39 huvudsakligen
685 2433 128 38 åsyftat
836 2435 48 28 att
908 2436 81 28 utan
1014 2437 95 37 nylta
1133 2436 52 29 för
1205 2437 84 30 visst
1310 2437 173 40 jordbruk
1506 2440 7 28 i
1535 2442 97 28 orten

1626 2331 7 11 ,
