1862 2768
221 117 42 29 42
505 116 452 33 Konstitutionsutskottets
973 121 182 29 memorial
1169 131 42 19 nr
1227 123 39 29 27
1285 122 38 29 år
1341 124 83 28 1965

356 195 150 30 Givetvis
525 197 123 30 kunna
665 198 187 30 framdeles
873 200 215 38 uppkomma
1107 201 87 29 även
1215 202 120 33 andra,
1357 212 48 19 nu
1425 204 30 37 ej
1479 204 153 30 aktuella
1654 205 55 29 be-

311 239 78 34 hov,
411 240 53 29 till
486 241 93 30 vilka
601 242 189 30 understöd
813 252 41 19 ur
878 244 130 29 fonden
1031 245 69 29 kan
1122 254 101 21 anses
1246 247 194 29 motiverat.
1464 248 64 29 Det
1552 249 97 29 torde
1673 249 35 29 få

312 284 191 30 ankomma
526 285 44 39 på
594 286 125 39 Kungl.
744 287 105 39 Maj:t
873 289 50 28 att
948 289 78 29 med
1049 289 138 39 hänsyn
1211 290 44 29 bl.
1270 300 29 19 a.
1324 291 52 29 till
1401 292 174 29 storleken
1601 302 42 20 av
1668 294 40 28 de

311 328 137 39 belopp,
468 338 74 20 som
561 329 59 30 må
638 330 90 30 bliva
747 331 216 40 tillgängliga
984 332 53 30 för
1059 334 191 39 utdelning,
1272 335 107 38 pröva
1399 336 94 30 vilka
1514 345 67 31 nya
1603 337 105 29 ända-

313 372 70 30 mål
403 382 75 20 som
495 374 10 29 i
524 374 110 30 första
653 375 94 29 hand
764 375 84 30 böra
869 377 208 38 tillgodoses.

269 433 266 32 Statsutskottet
556 437 154 30 uttalade
736 437 78 34 (utl.
836 447 41 20 nr
902 439 98 33 128):

357 488 66 29 Det
441 488 179 31 allmänna
638 490 63 29 har
720 490 110 30 under
851 500 122 21 senare
991 492 37 29 år
1049 493 9 29 i
1077 493 137 29 alltmer
1233 494 91 30 ökad
1346 495 212 39 omfattning
1578 496 130 38 påtagit

313 532 51 39 sig
383 532 236 31 kostnaderna
640 534 53 29 för
714 534 160 40 åtgärder
893 536 45 39 på
958 536 123 42 barna-
1102 538 65 28 och
1186 538 324 39 ungdomsvårdens
1531 540 177 29 områden.

313 576 123 30 Såsom
471 578 216 30 revisorerna
726 579 188 31 framhålla
951 581 63 29 har
1042 582 202 39 därigenom
1272 583 179 30 allmänna
1479 584 229 29 arvsfondens

312 621 309 30 verksamhetsfält
642 623 146 30 kommit
810 626 53 28 att
883 624 175 30 beskäras.
1082 625 117 40 Enligt
1219 627 189 30 utskottets
1430 628 140 39 mening
1593 629 37 28 är
1653 629 55 29 det

313 665 168 30 önskvärt
498 667 49 29 att
563 676 43 20 en
623 667 146 40 översyn
787 677 42 21 av
845 668 208 31 hithörande
1069 670 262 31 bestämmelser
1350 672 158 29 kommer
1527 673 50 29 till
1597 673 111 29 stånd.

313 710 131 29 Därvid
465 710 60 29 bör
548 711 143 30 särskilt
711 712 229 35 undersökas,
962 714 173 30 huruvida
1158 715 65 29 och
1245 716 11 28 i
1278 715 39 30 så
1338 715 62 30 fall
1421 716 45 39 på
1487 717 66 29 vad
1577 718 67 28 sätt
1667 727 41 19 en

313 754 205 40 utvidgning
540 765 41 20 av
605 756 229 30 arvsfondens
857 758 386 31 verksamhetsområde
1268 760 188 39 lämpligen
1479 761 69 29 kan
1573 762 69 28 ske.

270 824 48 29 På
344 825 211 30 hemställan
580 836 42 20 av
648 827 170 31 utskottet
845 828 118 30 anhöll
990 829 187 40 riksdagen
1209 830 87 34 (skr.
1326 840 41 19 nr
1394 831 80 34 329)
1507 833 49 28 att
1585 832 124 39 Kungl.

227 868 105 40 Maj:t
356 869 81 30 ville
462 872 78 37 taga
567 871 109 29 under
703 872 238 39 övervägande
969 873 159 39 åtgärder
1155 875 10 28 i
1192 875 56 29 det
1276 884 42 20 av
1345 875 188 40 riksdagen
1561 877 146 38 angivna

228 913 115 39 syftet.

270 957 13 29 I
304 958 136 29 motion
461 959 56 29 vid
542 959 82 30 1955
648 960 56 29 års
725 961 145 39 riksdag
889 962 225 30 hemställdes
1138 972 56 20 om
1219 963 109 29 sådan
1351 964 149 39 ändring
1523 974 41 19 av
1586 965 123 38 regler-

227 1010 44 21 na
289 1002 55 29 för
363 1003 179 30 allmänna
563 1005 221 34 arvsfonden,
806 1007 51 28 att
878 1015 42 20 en
942 1006 167 39 tredjedel
1130 1016 43 20 av
1193 1007 154 30 influtna
1368 1008 112 29 medel
1502 1008 92 40 finge
1618 1012 92 26 stan-

226 1055 45 21 na
290 1046 64 30 hos
376 1047 67 29 den
463 1048 171 29 kommun
653 1049 156 29 varifrån
829 1050 139 29 medlen
987 1051 145 34 influtit,
1155 1053 51 28 att
1228 1052 181 34 kommun,
1434 1061 74 20 som
1531 1053 71 29 fick
1624 1055 85 27 mot-

226 1092 78 37 taga
331 1091 121 39 dylika
476 1092 122 34 medel,
625 1093 90 30 hade
741 1095 50 28 att
818 1094 160 30 utarbeta
1003 1095 263 30 bestämmelser
1293 1096 54 29 för
1374 1097 156 29 medlens
1558 1098 152 28 använd-

226 1135 83 39 ning
335 1136 66 29 och
426 1137 50 28 att
502 1137 223 39 länsstyrelse
752 1138 113 30 skulle
892 1139 185 39 godkänna
1103 1149 41 20 av
1170 1140 172 29 kommun
1368 1141 174 30 utarbetat
1569 1142 140 38 förslag.

226 1179 187 35 Motionen,
435 1189 74 21 som
528 1181 77 30 blev
624 1182 146 30 föremål
789 1182 55 30 för
863 1183 349 40 remissbehandling,
1232 1185 181 29 lämnades
1435 1185 45 39 på
1500 1186 209 29 hemställan

227 1233 41 20 av
287 1224 112 30 första
420 1225 227 39 lagutskottet
667 1228 85 28 utan
771 1227 207 39 riksdagens
1001 1228 131 39 åtgärd.

270 1268 13 29 I
304 1269 59 29 två
384 1269 223 40 likalydande
629 1271 171 29 motioner
821 1271 59 30 vid
906 1272 79 29 1961
1012 1272 55 30 års
1090 1273 143 39 riksdag
1254 1274 226 29 hemställdes
1502 1275 51 29 att
1576 1275 135 29 riksda-

227 1321 64 31 gen
310 1313 109 30 måtte
440 1314 140 30 anhålla
601 1317 50 28 att
674 1316 124 39 Kungl.
820 1316 106 39 Maj:t
948 1317 106 30 måtte
1076 1317 136 30 besluta
1235 1327 56 20 om
1314 1318 154 30 ändrade
1492 1319 218 29 bestämmel-

227 1367 53 20 ser
299 1367 56 20 om
375 1359 269 39 användningen
662 1369 41 20 av
721 1360 180 30 allmänna
920 1361 229 30 arvsfondens
1168 1363 111 29 medel
1299 1363 38 29 så
1355 1365 50 27 att
1426 1363 100 29 dessa
1546 1364 9 28 i
1576 1364 134 28 huvud-

227 1402 62 29 sak
309 1402 124 30 kunna
454 1403 203 39 disponeras
679 1405 52 28 till
753 1405 133 29 lokaler
908 1405 54 29 för
985 1406 217 39 ungdomens
1225 1406 397 40 fritidssysselsättning.

270 1447 78 29 Med
373 1448 187 39 anledning
585 1458 43 19 av
650 1449 219 30 motionerna
895 1450 158 29 erinrade
1080 1451 260 29 statsutskottet
1365 1460 58 20 om
1447 1453 50 27 att
1524 1452 66 28 den
1617 1452 93 29 över-

226 1491 156 39 vägande
400 1492 100 29 delen
516 1501 42 21 av
574 1492 41 30 de
633 1493 189 30 understöd
843 1502 75 21 som
936 1494 110 29 under
1064 1495 41 29 de
1124 1494 90 30 båda
1233 1495 43 29 då
1298 1498 117 27 senast
1434 1495 172 30 förflutna
1626 1496 84 28 bud-

226 1535 140 39 getåren
384 1536 113 39 utgått
516 1545 40 20 ur
576 1538 213 28 arvsfonden
807 1539 112 28 avsett
938 1538 121 40 bidrag
1076 1539 53 29 till
1150 1539 307 39 ungdomslokaler
1477 1549 44 19 m.
1537 1549 44 19 m.
1601 1540 109 38 Något

228 1580 179 30 uttalande
428 1581 79 29 från
526 1581 206 40 riksdagens
753 1582 75 30 sida
849 1591 57 20 om
927 1583 149 39 ändring
1097 1593 42 19 av
1160 1584 182 38 tillämpad
1365 1584 117 38 praxis
1505 1584 57 29 vid
1585 1584 125 29 fördel-

227 1624 82 39 ning
332 1634 43 20 av
398 1625 111 29 medel
534 1625 79 30 från
637 1626 129 29 fonden
791 1628 118 38 syntes
933 1627 170 30 utskottet
1128 1628 71 29 inte
1223 1627 166 39 påkallat.
1415 1628 174 30 Utskottet
1617 1629 93 29 hem-

227 1669 122 29 ställde
373 1671 50 27 att
445 1670 217 30 motionerna
686 1671 75 29 icke
785 1671 108 30 måtte
917 1671 180 30 föranleda
1119 1671 116 39 någon
1258 1672 206 39 riksdagens
1490 1672 131 39 åtgärd.

271 1714 199 39 Riksdagen
488 1714 109 29 beslöt
616 1715 9 29 i
645 1715 151 39 enlighet
813 1716 80 29 med
912 1716 187 29 utskottets
1119 1716 221 29 hemställan.

274 1758 82 29 1964
382 1758 56 29 års
465 1759 142 39 riksdag
633 1759 216 30 behandlade
876 1760 58 29 två
960 1760 223 39 likalydande
1211 1761 182 33 motioner,
1432 1762 73 28 vari
1534 1762 177 28 hemställ-

227 1803 59 29 des
313 1805 71 27 >»att
407 1803 186 40 riksdagen
619 1803 54 30 för
699 1804 53 29 sin
778 1805 54 29 del
858 1804 107 30 måtte
991 1805 136 30 besluta
1152 1814 56 20 om
1234 1805 109 29 sådan
1368 1806 149 39 ändring
1544 1815 41 20 av
1612 1807 98 38 lagen

226 1847 148 30 rörande
400 1848 170 29 arvfallen
596 1848 282 40 kvarlåtenskap,
907 1849 61 29 där
994 1850 86 38 legal
1106 1849 140 39 arvinge
1274 1850 139 33 saknas,
1440 1852 49 27 att
1516 1859 41 20 en
1585 1851 125 38 tredje-

227 1892 52 29 del
301 1901 42 20 av
365 1892 317 40 kvarlåtenskapen
705 1893 156 30 tillfaller
885 1894 66 28 den
972 1894 181 33 kommun,
1178 1894 61 29 där
1264 1894 65 29 den
1354 1894 137 30 avlidne
1515 1897 115 27 senast
1654 1904 57 20 va-

226 1936 45 29 rit
285 1937 306 34 mantalsskriven,
609 1940 91 27 samt
716 1939 49 28 att
781 1938 259 30 vederbörande
1057 1939 135 29 utskott
1208 1938 107 30 måtte
1333 1939 159 29 utarbeta
1511 1939 129 39 förslag
1659 1940 50 28 till

226 1981 120 29 härför
366 1981 204 39 erforderlig
590 1981 334 40 författningstext>.

270 2025 124 30 Första
415 2026 228 38 lagutskottet
664 2027 158 29 erinrade
845 2027 10 29 i
881 2027 59 29 sitt
963 2026 179 30 utlåtande
1167 2027 79 29 över
1269 2027 221 29 motionerna
1515 2037 55 19 om
1594 2030 49 27 att
1668 2038 42 19 en

225 2070 139 39 mycket
388 2070 194 39 betydande
606 2071 54 29 del
684 2080 42 20 av
748 2071 192 29 understöd
964 2080 73 20 som
1063 2071 136 29 lämnas
1223 2080 41 20 ur
1288 2071 130 30 fonden
1444 2072 53 28 för
1523 2072 187 30 närvaran-

227 2114 40 29 de
288 2114 59 39 går
369 2115 52 28 till
444 2115 159 38 åtgärder
627 2115 78 29 med
728 2115 97 30 stark
848 2115 94 30 lokal
965 2116 230 39 anknytning.
1218 2116 116 38 Enligt
1359 2116 187 29 utskottets
1570 2117 140 38 mening

226 2158 117 30 kunde
367 2159 58 29 det
447 2159 174 39 knappast
645 2161 143 37 antagas
812 2161 50 28 att
885 2159 265 40 ifrågavarande
1174 2159 163 30 ändamål
1364 2160 112 30 skulle
1501 2160 91 30 bliva
1615 2170 94 20 mera

226 2203 138 30 rättvist
385 2204 66 29 och
473 2213 95 20 mera
590 2204 161 30 effektivt
773 2204 263 39 tillgodosedda,
1060 2204 116 29 därest
1200 2204 279 30 motionärernas
1501 2205 133 39 förslag
1657 2213 54 30 ge-

227 2247 213 30 nomfördes.
463 2248 175 29 Utskottet
659 2248 177 39 avstyrkte
858 2248 99 30 bifall
979 2249 52 29 till
1053 2249 229 29 motionerna.

271 2292 201 39 Riksdagen
488 2292 109 30 beslöt
613 2293 10 28 i
640 2293 150 39 enlighet
806 2293 79 29 med
904 2293 187 29 utskottets
1108 2293 222 29 hemställan.

271 2336 12 28 I
309 2336 195 39 september
532 2336 83 30 1964
640 2337 209 30 tillkallades
877 2336 420 40 rättsavdelningschefen
1323 2337 36 29 B.
1387 2337 38 30 O.
1452 2337 174 30 Hamdahl
1654 2346 57 20 en-

227 2381 60 38 ligt
311 2381 126 39 Kungl.
463 2381 121 39 Maj:ts
609 2381 278 40 bemyndigande
912 2383 49 28 att
985 2381 114 29 såsom
1126 2381 291 39 utredningsman
1442 2382 82 38 göra
1548 2391 43 20 en
1617 2382 93 28 över-

227 2434 63 30 syn
309 2434 56 20 om
384 2426 178 29 allmänna
581 2425 221 30 arvsfonden.
823 2425 12 29 I
856 2425 150 30 direktiv
1023 2425 53 29 för
1095 2425 231 39 utredningen
1345 2443 43 3 —
1408 2425 302 30 arvsfondsutred-
