1832 2732
77 111 49 29 Nr
144 111 116 31 9—210.
472 112 390 30 Jordbruksutskottets
889 112 179 30 utlåtande
1093 122 42 20 nr
1159 113 30 29 9.
1573 113 15 29 1

769 321 61 41 Nr
857 321 39 41 9.

302 423 184 29 Utlåtande
507 423 80 29 med
607 422 189 40 anledning
816 432 42 20 av
879 422 126 40 Kungl.
1026 423 125 39 Maj:ts
1171 422 218 41 proposition
1409 422 181 40 angående

524 473 198 40 ytterligare
747 474 145 39 utgifter
914 474 20 30 å
958 474 208 39 tilläggsstat
1188 473 33 30 II
1245 473 53 30 till
1320 473 190 30 riksstaten
1532 473 59 40 för

525 525 202 39 budgetåret
755 524 162 37 1950/51,
944 524 107 30 såvitt
1076 524 263 40 propositionen
1367 533 101 21 avser
1493 523 97 41 jord-

524 575 274 30 bruksärenden.

125 676 175 30 Utskottet
325 676 55 30 får
404 676 145 29 härmed
574 676 120 39 avgiva
721 676 182 30 utlåtande
927 677 79 29 med
1031 676 189 39 anledning
1245 686 43 20 av
1312 676 125 39 Kungl.
1463 676 126 39 Maj:ts

79 727 53 29 till
151 727 187 39 riksdagen
357 727 67 29 den
444 727 39 29 16
502 736 95 20 mars
619 727 80 30 1951
722 727 142 30 avlåtna
882 726 228 41 proposition,
1129 737 43 20 nr
1192 727 72 34 150,
1286 727 178 39 angående
1482 728 107 38 ytter-

80 777 107 39 ligare
208 777 146 40 utgifter
377 778 20 29 å
418 777 210 39 tilläggsstat
651 779 29 29 II
704 777 54 30 till
779 777 193 30 riksstaten
994 778 56 30 för
1073 777 204 40 budgetåret
1302 777 160 36 1950/51,
1485 777 12 29 i
1521 777 68 30 vad

80 828 263 40 propositionen
368 837 99 22 avser
491 828 490 40 jordbruksdepartementets
1007 829 398 30 verksamhetsområde.

125 879 227 30 Beträffande
377 879 233 39 utredningen
634 879 12 29 i
670 879 211 30 hithörande
909 879 153 30 ärenden
1088 879 55 30 får
1167 880 173 29 utskottet
1364 879 12 29 i
1401 879 188 30 huvudsak

79 929 146 30 hänvisa
246 929 54 30 till
321 930 248 29 motsvarande
589 930 152 39 punkter
761 930 11 29 i
794 931 49 28 ett
862 929 264 41 propositionen
1146 930 107 39 bilagt
1276 930 127 39 utdrag
1423 939 42 22 av
1486 930 104 29 stats-

79 980 295 40 rådsprotokollet
394 980 55 30 för
469 981 155 29 nämnda
646 981 65 39 dag
737 980 131 40 (bilaga
890 980 16 30 7
929 990 25 20 s.
976 980 40 30 25
1039 982 65 29 och
1125 981 40 29 26
1187 982 91 28 samt
1299 980 113 39 bilaga
1437 980 39 31 10
1499 990 25 21 s.
1547 979 42 31 35

80 1030 65 30 och
165 1031 74 33 36).

550 1150 233 51 Egentliga
811 1150 311 51 statsutgifter.

526 1254 209 34 Nionde
771 1254 377 34 huvudtiteln.

477 1331 42 34 G.
543 1331 362 44 Lanthushållning
927 1332 13 33 i
964 1331 232 35 allmänhet.

128 1424 72 33 1:0o)
231 1425 36 28 11
290 1433 30 21 a.
355 1424 244 35 Befrämjande
619 1433 42 20 av
682 1424 221 36 fröodlingen
923 1433 44 21 m.
989 1433 61 21 m.:
1073 1424 202 36 Ytterligare
1296 1424 120 36 bidrag
1436 1425 54 29 till
1511 1424 79 30 Sve-

80 1475 90 36 riges
195 1475 312 35 utsädesförening.
530 1474 93 30 Från
646 1475 65 30 och
733 1475 80 30 med
836 1474 38 31 år
902 1475 77 30 1905
1002 1475 65 30 har
1090 1475 185 37 riksdagen
1299 1475 131 38 årligen
1453 1475 137 30 anvisat

81 1525 120 38 anslag
223 1525 54 30 till
304 1525 155 37 Sveriges
484 1525 312 38 utsädesförening.
821 1525 27 30 Å
873 1525 187 30 riksstaten
1084 1525 56 30 för
1164 1525 234 31 innevarande
1422 1525 169 38 budgetår

82 1577 38 28 är
145 1576 157 39 anslaget
328 1576 145 40 uppfört
498 1576 80 30 med
605 1576 63 30 520
682 1576 63 30 000
771 1577 142 29 kronor.
942 1576 182 40 Därjämte
1150 1576 64 32 har
1241 1577 93 30 årets
1360 1576 144 40 riksdag
1530 1585 61 21 an-

80 1626 90 30 visat
189 1628 48 29 ett
256 1626 356 40 tilläggsstatsanslag
630 1627 19 30 å
668 1626 41 31 30
724 1627 63 31 000
806 1627 141 30 kronor.

124 1677 157 39 Sveriges
300 1677 306 40 utsädesförening
625 1678 64 29 har
707 1678 190 35 hemställt,
916 1679 50 29 att
985 1678 20 30 å
1022 1678 210 39 tilläggsstat
1250 1677 54 30 till
1324 1677 191 30 riksstaten
1534 1678 57 29 för

81 1727 203 39 budgetåret
308 1727 147 36 1950/51
479 1728 91 29 skall
590 1727 200 40 ytterligare
812 1728 139 30 anvisas
972 1730 47 28 ett
1039 1728 124 37 belopp
1184 1737 42 21 av
1247 1728 40 30 23
1300 1728 60 30 250
1380 1728 130 30 kronor
1535 1727 55 30 för

80 1778 172 30 täckande
272 1787 44 21 av
335 1778 93 30 vissa
447 1778 192 30 kostnader
659 1778 55 30 för
736 1779 112 30 ökade
869 1779 97 29 löner
987 1779 35 30 åt
1045 1779 224 38 föreningens
1291 1778 167 30 arbetare.

127 1829 175 39 Styrelsen
331 1828 57 40 för
418 1828 381 40 lantbrukshögskolan
829 1829 63 29 och
924 1830 133 28 statens
1088 1829 309 39 lantbruksförsök
1425 1830 65 30 har
1519 1830 70 30 till-

80 1879 113 38 styrkt
211 1878 99 30 bifall
328 1878 53 29 till
399 1878 225 39 föreningens
642 1878 272 40 framställning.

124 1955 394 39 Departementschefen
548 1955 64 29 har
640 1955 88 30 efter
755 1956 163 29 närmare
947 1955 217 39 redogörelse
1193 1956 56 29 för
1278 1955 308 39 framställningen

81 2005 118 30 anfört
222 2005 170 39 följande.

127 2054 142 30 »Såsom
287 2055 156 39 framgår
462 2064 42 21 av
523 2055 57 30 det
599 2055 208 39 föregående
826 2055 65 30 har
911 2055 54 30 för
985 2056 39 30 år
1044 2056 81 29 1951
1147 2055 143 30 träffats
1310 2057 77 38 nytt
1405 2055 186 30 kollektiv-

77 2105 96 36 avtal
194 2105 55 30 för
270 2105 370 39 utsädesföreningens
662 2105 236 31 timavlönade
920 2105 169 37 arbetare,
1113 2105 107 31 vilket
1241 2106 139 30 medför
1402 2106 188 39 väsentligt

81 2155 110 29 ökade
212 2155 225 39 löneutgifter
458 2155 56 30 för
537 2155 205 39 föreningen
764 2156 112 30 under
897 2156 94 29 detta
1013 2156 49 30 år.
1084 2155 65 30 Vid
1172 2156 261 29 fastställandet
1454 2165 43 21 av
1519 2157 72 29 för-

83 2205 165 39 eningens
271 2207 69 28 stat
360 2206 64 29 har
444 2206 137 38 hänsyn
605 2206 75 30 icke
701 2207 138 28 kunnat
859 2208 98 36 tagas
978 2206 52 29 till
1053 2207 113 28 denna
1189 2206 315 38 kostnadsökning.
1529 2207 58 29 Så-

82 2264 74 20 som
174 2256 92 28 skett
282 2255 58 29 vid
358 2255 145 38 tidigare
520 2255 163 29 tillfällen
700 2265 103 29 synes
823 2255 206 39 föreningen
1046 2256 86 29 även
1151 2256 115 29 denna
1285 2256 89 38 gång
1390 2256 83 29 böra
1491 2256 99 29 kom-

82 2315 56 19 ma
166 2305 10 29 i
204 2305 210 39 åtnjutande
441 2314 42 20 av
509 2305 212 39 statsbidrag
749 2305 55 30 för
831 2307 51 28 att
908 2306 101 29 täcka
1038 2306 66 29 den
1131 2305 199 30 beräknade
1357 2306 234 29 kostnadsök-

82 2355 137 39 ningen,
242 2355 10 29 i
275 2355 68 30 den
365 2355 82 30 mån
470 2356 66 28 den
560 2364 99 21 avser
681 2356 66 29 den
771 2356 329 29 statsunderstödda
1124 2355 279 30 verksamheten.
1427 2356 164 30 Utsädes-

82 2405 204 38 föreningen
313 2406 65 28 har
401 2406 206 39 uppskattat
631 2407 112 28 denna
770 2406 226 30 merkostnad
1022 2406 51 29 till
1100 2406 40 30 23
1155 2407 62 29 250
1243 2407 130 29 kronor
1398 2406 53 32 för
1478 2407 111 29 första

111 2473 13 25 1
169 2473 111 31 Bihang
293 2472 46 25 till
351 2473 170 31 riksdagens
532 2472 147 32 protokoll
693 2474 76 24 1951.
791 2474 31 23 10
834 2474 83 23 saml.
938 2474 38 23 Nr
995 2476 90 23 9—10.
