1896 2794
259 118 39 31 10
715 124 275 33 Statsutskottets
1016 126 177 31 utlåtande
1215 136 43 21 nr
1281 127 52 32 97.

1029 207 252 31 Avlöningsstat.

572 262 28 29 1.
637 262 213 39 Avlöningar
879 263 53 30 till
962 264 175 30 ordinarie
1170 264 228 39 tjänstemän,

666 313 204 39 förslagsvis
919 337 473 7 rseeeserereerrrre
1295 309 54 48 rer
1358 309 36 48 rs
1423 315 131 30 kronor
1582 316 93 29 1792
1691 317 62 29 800

570 362 29 30 2.
636 363 161 30 Arvoden
837 364 64 29 och
940 365 174 29 särskilda
1152 365 245 39 ersättningar,

668 413 181 31 bestämda
872 424 42 20 av
938 414 127 39 Kungl.
1090 415 115 39 Maj:t,
1232 415 166 39 förslags-

669 473 50 21 DS
746 461 12 48 0
784 488 117 5 döRkRA
917 488 50 6 Gå
986 461 49 48 komm
1073 488 27 6 mk
1119 488 26 6 om
1163 489 27 5 MR
1202 461 11 48 Om
1229 489 48 5 MMA
1289 461 13 48 JR
1318 489 72 5 KORA
1480 476 15 17 >
1634 466 40 29 22
1689 466 64 30 200

569 514 29 30 3.
635 514 213 39 Avlöningar
866 515 52 29 till
936 515 269 30 icke-ordinarie
1223 516 173 39 personal,

665 564 204 40 fÖrSläg80lS
918 588 473 7 c=mmensÖesrNsR
1481 577 14 17 >
1579 567 96 28 2.032
1691 567 62 28 700

568 614 30 30 4.
635 615 132 39 Rörligt
792 615 129 39 tillägg,
946 616 206 39 förslagsvis
1184 639 206 6 ..........
1480 627 15 17 >
1611 617 64 29 424
1689 617 63 30 000

1229 670 161 51 Summa
1414 693 132 29 kronor
1570 693 20 28 4
1604 693 60 29 271
1683 693 77 34 700;

612 783 38 33 d)
680 783 52 29 till
759 784 249 29 Hovrätterna:
1051 784 215 39 Avlöningar
1294 784 56 29 för
1376 784 206 39 budgetåret
1612 785 151 35 1948/49

568 834 121 30 anvisa
714 836 47 28 ett
786 834 276 40 förslagsanslag
1085 845 42 20 av
1150 835 95 30 4271
1264 835 61 30 700
1350 836 146 34 kronor;

611 884 34 33 e)
675 883 146 35 besluta,
840 885 50 29 att
908 885 11 28 i
937 884 308 31 häradsrätternas
1263 885 389 40 personalförteckning
1673 886 89 29 skall

565 933 73 30 tills
664 934 118 30 vidare
807 934 81 30 från
917 935 65 29 och
1007 935 80 29 med
1112 935 205 39 budgetåret
1344 935 150 36 1948/49
1521 937 173 39 upptagas
1720 936 44 29 39

566 984 312 39 tingssekreterare
912 985 81 29 med
1028 985 179 40 placering
1237 986 12 29 i
1280 986 116 38 någon
1431 995 42 21 av
1507 986 254 38 lönegraderna

567 1034 43 30 Ce
637 1035 39 29 27
704 1035 65 30 och
796 1035 43 30 Ce
868 1035 40 30 25
937 1038 91 27 samt
1055 1037 50 28 att
1130 1036 53 29 till
1209 1036 435 40 personalförteckningen
1671 1036 90 31 skall

565 1085 100 39 fogas
686 1094 43 21 en
751 1085 245 41 Anmärkning
1019 1095 43 20 av
1081 1086 158 39 följande
1262 1086 145 39 lydelse:

611 1145 170 30 Befattning
797 1145 95 24 såsom
907 1145 259 30 tingssekreterare
1182 1146 47 24 må
1244 1146 143 24 tillsättas
1403 1146 103 24 endast
1522 1146 9 24 i
1548 1146 54 24 den
1619 1147 67 24 mån
1703 1147 60 23 för-

566 1187 201 30 utsättningar
784 1187 102 24 härför
903 1187 143 30 föreligga
1064 1188 90 30 enligt
1173 1195 35 17 av
1227 1188 155 30 riksdagen
1401 1188 154 30 godkända
1573 1189 125 30 grunder
1716 1189 49 23 för

566 1228 143 30 reglering
728 1236 35 17 av
780 1229 298 30 befordringsgången
1096 1230 187 24 beträffande
1302 1231 59 23 viss
1381 1231 226 24 icke-ordinarie
1626 1231 135 31 personal

565 1270 51 24 vid
632 1270 215 29 domstolarna;

608 1336 31 34 f)
669 1336 209 39 bemyndiga
902 1337 127 39 Kungl.
1053 1338 105 38 Maj:t
1179 1339 51 28 alt
1252 1338 143 30 utfärda
1419 1339 42 29 de
1485 1338 276 35 bestämmelser,

565 1396 75 20 som
660 1386 201 31 föranledas
882 1397 42 20 av
943 1388 67 29 vad
1032 1388 11 29 i
1064 1388 57 29 det
1145 1388 208 39 föregående
1375 1389 148 29 anförts.

300 1487 201 29 Stockholm
522 1487 68 29 den
615 1487 19 29 4
654 1487 71 39 maj
752 1487 94 30 1948.

742 1587 48 30 På
815 1587 280 30 statsutskottets
1119 1588 146 39 vägnar:

810 1689 30 29 J.
867 1689 36 29 B.
929 1688 270 31 JOHANSSON.

300 1872 64 29 Vid
380 1872 222 40 förestående
620 1873 146 29 ärendes
785 1872 285 41 slutbehandling
1090 1874 93 29 inom
1204 1874 171 30 utskottet
1392 1875 90 30 hava
1501 1876 172 29 närvarit:

296 1931 81 29 från
407 1932 156 29 första
584 1932 222 29 kammaren:
829 1932 121 30 herrar
971 1933 116 29 Johan
1108 1933 181 30 Bernhard
1310 1934 211 34 Johansson,
1544 1935 213 34 Lindström,

251 1973 163 34 Larsson,
439 1973 125 30 Gustaf
587 1974 179 34 Karlsson,
791 1974 152 34 Andrén,
968 1975 159 39 Heiding,
1151 1975 125 30 Gustaf
1301 1977 87 29 Iwar
1412 1976 194 35 Anderson,
1631 1978 125 29 fröken

252 2015 212 35 Andersson,
488 2016 123 29 herrar
635 2026 68 20 von
728 2016 145 35 Heland,
898 2017 116 29 Johan
1040 2018 79 29 Eric
1144 2017 155 35 Ericson,
1325 2019 183 30 Näsström
1534 2020 65 29 och
1625 2020 129 35 Ohlon;

252 2059 92 28 samt

296 2117 81 29 från
406 2117 145 30 andra
582 2118 222 29 kammaren:
825 2118 122 30 herrar
967 2119 170 30 Eriksson
1157 2120 11 29 i
1189 2120 212 34 Stockholm,
1424 2121 174 30 Svensson
1618 2122 11 29 i
1650 2122 109 30 Grön-

250 2158 70 35 vik,
347 2159 120 34 Ward,
495 2160 210 33 Rubbestad,
734 2160 230 34 Mårtensson,
991 2161 261 35 Wallentheim,
1282 2163 161 39 Staxäng,
1472 2164 198 35 Lindholm,
1698 2165 57 29 fru

251 2200 120 35 Alvén,
390 2202 122 29 herrar
530 2202 134 30 Boman
683 2202 10 29 i
712 2202 138 39 Kieryd,
870 2203 182 30 Petterson
1070 2204 12 29 i
1100 2204 186 39 Degerfors
1306 2206 65 29 och
1391 2206 109 30 Sefve.
