1918 2794
243 166 122 32 Första
387 168 220 31 kammarens
630 168 164 37 första
817 166 169 39 tillfälliga
1011 166 145 30 utskotts
1181 164 174 31 utlåtande
1380 173 39 20 nr
1444 163 25 29 7.
1583 170 17 19 5)

115 266 136 31 skickas
273 265 81 31 från
374 266 271 39 pastorsämbete
668 267 47 29 till
739 266 270 38 pastorsämbete
1033 265 56 30 vid
1110 264 162 38 flyttning
1295 264 65 29 och
1384 263 145 29 hamnar
1553 261 47 30 till

114 320 60 31 sist
194 320 57 31 vid
271 329 187 30 personens
480 320 67 30 död
570 319 16 31 å
612 318 191 40 riksbyrån.
827 319 263 30 Vederbörande
1113 317 53 30 får
1189 316 108 39 aldrig
1321 316 86 38 själv
1428 315 94 30 hand
1545 324 54 20 om

115 374 239 40 personakten.

159 428 65 30 Till
251 427 60 31 sist
336 427 202 31 framhåller
563 427 236 39 domkapitlet,
827 431 48 26 att
901 427 54 30 det
983 427 94 29 torde
1104 435 81 21 vara
1211 425 156 38 omöjligt
1393 427 47 27 att
1468 423 133 30 författ-

116 482 210 39 ningsvägen
348 481 128 39 reglera
499 482 42 29 de
561 480 257 39 anteckningar,
843 490 74 20 som
939 480 108 30 skulle
1071 479 35 31 få
1127 479 122 38 inflyta
1272 477 19 31 å
1313 477 189 40 prästbevis
1524 477 79 29 eller

115 545 115 21 annan
253 545 41 20 av
317 534 481 39 folkbokföringsmyndighet
820 534 166 30 utfärdad
1007 533 175 37 handling.
1207 532 121 30 Därest
1350 535 20 27 t.
1392 540 49 21 ex.
1464 540 42 21 en
1527 530 75 30 bar-

115 588 233 32 navårdsman
367 588 54 30 för
439 588 184 30 utförande
641 598 42 20 av
703 589 90 29 talan
813 598 57 20 om
888 587 323 36 underhållsbidrag
1232 586 47 30 till
1298 584 304 38 utomäktenskap-

116 643 59 39 ligt
195 642 87 31 barn
303 643 105 39 begär
428 642 216 38 fullständigt
667 642 121 38 utdrag
809 651 42 21 av
872 641 285 39 kyrkoböckerna
1180 639 147 30 rörande
1349 639 137 30 barnets
1507 637 96 34 börd,

116 697 69 31 kan
206 696 210 32 utfärdande
437 696 106 30 därav
566 696 139 39 givetvis
727 696 74 30 icke
822 695 142 30 hindras
986 703 123 29 genom
1132 692 215 35 författning,
1372 691 232 31 innebärande

116 751 127 31 förbud
259 754 73 27 mot
348 749 123 32 sådant
488 750 217 30 utfärdande.
724 749 64 30 Vid
805 747 338 39 utomäktenskaplig
1162 747 116 30 faders
1295 745 162 31 frånfälle
1474 744 129 31 erford-

116 814 56 21 ras
194 804 58 31 vid
273 804 184 30 arvsskifte
479 803 162 31 stundom
664 802 200 40 prästbevis,
888 802 178 30 utvisande
1089 804 49 27 att
1158 800 141 39 arvinge
1320 800 39 29 är
1379 798 225 39 trolovnings-

117 858 87 31 barn
220 858 81 30 eller
318 857 336 31 arvsrättsförklarat
672 857 87 29 barn
778 856 104 39 enligt
901 856 97 38 lagen
1016 856 67 29 den
1100 855 19 29 8
1136 854 73 38 juni
1233 854 82 29 1928
1334 862 57 20 om
1410 861 60 21 arv
1488 852 19 28 3
1526 851 78 38 kap.

117 914 19 28 2
153 910 30 40 8.
201 912 99 30 Flera
317 911 63 31 fall
396 911 117 30 kunna
532 911 224 39 uppkomma,
776 909 45 31 då
836 909 191 40 prästbevis
1044 909 77 29 med
1140 906 225 39 fullständiga
1382 905 222 39 upplysning-

118 976 39 21 ar
178 975 57 21 om
259 965 361 39 utomäktenskapliga
642 963 351 31 bördsförhållanden
1015 962 173 30 erfordras
1212 961 65 29 och
1302 960 61 29 där
1387 959 126 30 förbud
1537 961 71 27 mot

119 1019 209 31 utfärdande
351 1029 42 20 av
416 1019 94 39 intyg
532 1018 123 30 härom
677 1018 111 30 skulle
810 1016 111 31 direkt
944 1015 179 31 motverka
1146 1014 234 31 motionärens
1403 1012 134 30 önskan
1560 1014 47 28 att

119 1073 50 31 slå
186 1073 81 31 vakt
285 1082 57 21 om
360 1072 138 31 barnets
515 1073 64 29 väl.
599 1071 234 39 Domkapitlet
852 1070 178 38 avstyrker
1047 1069 97 30 bifall
1165 1068 129 38 jämväl
1313 1067 49 30 till
1382 1065 226 31 förevarande

119 1127 140 32 motion.

162 1180 117 31 Andra
294 1181 224 30 kammarens
533 1180 110 37 första
658 1178 171 37 tillfälliga
846 1178 130 30 utskott
990 1178 64 31 har
1071 1177 8 30 i
1097 1177 54 30 sitt
1168 1175 177 31 utlåtande
1362 1185 40 20 nr
1419 1176 18 28 2
1455 1175 55 29 för
1526 1182 82 29 egen

120 1236 54 30 del
192 1234 116 31 anfört
325 1233 168 40 följande:

165 1288 180 36 Utskottet,
364 1297 73 21 som
454 1287 94 30 delar
564 1287 67 30 den
646 1285 194 39 tankegång
857 1295 73 20 som
947 1284 145 31 kommit
1109 1284 49 30 till
1175 1283 138 37 uttryck
1330 1283 9 30 i
1355 1284 44 29 de
1414 1283 108 37 bägge
1538 1292 70 20 mo-

122 1342 165 35 tionerna,
308 1341 72 30 kan
398 1341 68 29 inte
486 1340 97 30 finna
603 1340 42 30 de
664 1343 71 27 mot
755 1343 44 27 ett
820 1339 99 30 bifall
940 1339 46 30 till
1009 1338 232 30 motionernas
1262 1337 182 38 yrkanden
1462 1336 146 30 anförda

121 1396 119 30 skälen
259 1395 240 38 övertygande.
522 1394 73 30 Den
615 1393 309 38 omständigheten,
945 1395 45 27 att
1012 1391 87 30 vissa
1122 1401 46 19 nu
1188 1391 158 38 gällande
1367 1390 168 29 formulär
1556 1389 54 30 för

121 1449 189 39 prästbevis
333 1451 152 36 upptaga
507 1447 247 38 anteckningar
778 1455 58 20 om
858 1444 358 35 bördsförhållanden,
1241 1444 99 36 utgör
1363 1443 9 29 i
1395 1443 65 29 och
1484 1443 54 29 för
1561 1443 49 35 sig

122 1502 82 30 intet
225 1501 75 30 skäl
323 1501 55 30 för
399 1504 47 27 att
468 1501 112 29 denna
602 1499 146 39 ordning
770 1500 55 29 för
848 1498 186 30 framtiden
1056 1498 88 29 skall
1165 1497 91 30 bliva
1280 1496 192 34 bestående,
1497 1496 112 29 därest

121 1565 42 21 en
178 1564 115 22 annan
310 1555 148 38 ordning
474 1555 38 29 är
528 1553 128 39 möjlig.
675 1553 72 30 Den
764 1553 114 29 lokala
896 1551 359 38 skattemyndigheten
1273 1550 95 30 torde
1386 1549 75 30 icke
1477 1549 132 29 behöva

121 1610 148 29 aviseras
286 1618 57 20 om
359 1608 134 31 enskild
510 1607 241 39 medborgares
768 1604 359 35 bördsförhållanden,
1146 1613 56 21 om
1221 1603 104 30 vilket
1344 1607 19 26 t.
1383 1613 29 19 o.
1432 1612 43 20 m.
1496 1602 112 30 veder-

120 1663 154 30 börande
292 1662 88 38 själv
400 1662 67 29 kan
489 1662 103 29 sväva
613 1661 7 30 i
640 1660 223 38 okunnighet.
885 1659 220 38 Tidpunkten
1125 1661 46 27 att
1194 1667 46 20 nu
1261 1656 195 31 undersöka
1477 1655 131 38 möjlig-

121 1717 100 30 heten
242 1726 42 20 av
304 1719 45 27 ett
371 1715 261 30 utmönstrande
652 1724 40 20 ur
711 1713 208 39 prästbetyg,
942 1711 358 38 folkbokföringskort
1321 1711 80 29 eller
1422 1719 115 20 annan
1559 1709 49 28 of-

122 1770 119 39 fentlig
263 1769 167 38 handling
453 1778 41 21 av
516 1768 248 37 anteckningar
786 1777 58 19 om
865 1764 404 41 adoptionsförhållande
1291 1764 81 29 eller
1395 1763 214 30 utomäkten-

122 1824 133 39 skaplig
273 1823 88 30 börd
381 1832 100 29 synes
501 1821 106 30 också
626 1822 52 29 väl
699 1821 89 29 vald.
812 1819 77 30 Med
910 1819 174 31 anlitande
1104 1828 41 20 av
1166 1817 148 31 särskild
1336 1816 195 36 sakkunnig
1552 1815 57 36 på-

122 1876 59 40 går
203 1876 94 30 inom
321 1875 186 31 statistiska
530 1873 241 39 centralbyrån
794 1873 128 30 arbetet
945 1873 78 29 med
1046 1875 47 27 att
1118 1871 154 30 utarbeta
1295 1870 129 35 förslag
1447 1869 49 30 till
1518 1869 91 29 olika

121 1929 200 40 prästbevis.
344 1928 63 31 Det
427 1937 100 29 synes
548 1928 109 29 under
676 1926 129 31 sådana
830 1925 239 30 förhållanden
1092 1924 165 38 lämpligt,
1280 1926 48 26 att
1349 1922 182 37 riksdagen
1555 1929 56 28 ger

122 1983 135 37 uttryck
280 1982 33 30 åt
335 1982 51 29 sin
408 1981 199 37 anslutning
626 1980 49 31 till
697 1980 233 29 motionärens
953 1977 192 39 tankegång
1168 1976 35 30 så
1225 1979 49 27 att
1294 1976 112 30 denna
1430 1975 67 29 kan
1520 1974 88 29 bliva

123 2038 6 28 i
149 2037 44 30 all
212 2037 66 29 den
297 2035 239 38 utsträckning
556 2033 35 31 så
611 2035 38 29 är
668 2033 132 38 möjligt
819 2032 148 30 beaktad
987 2032 108 29 under
1114 2031 52 30 det
1188 2029 177 38 pågående
1385 2028 129 30 arbetet
1534 2028 77 29 med

123 2089 234 31 utformandet
379 2099 40 20 av
440 2089 63 29 den
526 2097 66 28 nya
612 2085 546 39 folkbokföringsförordningens
1179 2083 152 37 detaljer.
1354 2081 106 30 Såvitt
1483 2080 128 30 utskot-

124 2147 44 27 tet
187 2143 133 30 kunnat
340 2142 97 30 finna
458 2141 61 29 bör
539 2141 55 30 det
614 2150 73 20 som
707 2150 42 20 en
769 2139 145 38 generell
936 2139 86 36 regel
1044 2138 77 29 med
1144 2136 33 31 få
1199 2137 186 36 undantag,
1407 2134 205 39 exempelvis

123 2197 57 30 vid
203 2195 164 39 flyttning
390 2205 39 20 ur
451 2195 87 29 riket
562 2197 86 27 samt
672 2193 55 30 vid
750 2192 194 35 arvsskifte,
968 2201 80 20 vara
1074 2190 196 36 tillräckligt
1294 2192 48 27 att
1364 2188 249 36 anteckningar

123 2250 146 29 rörande
288 2246 404 40 adoptionsförhållande
712 2246 63 29 och
798 2244 338 37 utomäktenskaplig
1156 2243 87 29 börd
1264 2242 185 38 begränsas
1471 2241 48 30 till
1541 2241 40 29 de
1604 2241 6 28 i

125 2299 527 40 folkbokföringsförordningen
680 2299 163 37 stadgade
870 2297 278 39 personakterna,
1176 2304 72 20 som
1277 2295 95 29 skola
1401 2295 118 37 utgöra
1547 2294 64 29 den

122 2365 67 29 nya
205 2354 237 39 kyrkoboken.
462 2353 166 30 Utskottet
649 2351 52 30 får
716 2351 119 30 därför
852 2350 190 34 hemställa,
1060 2352 45 27 att
1124 2348 108 30 andra
1250 2348 202 29 kammaren
1471 2347 7 29 i
1496 2347 114 29 anled-

124 2408 81 38 ning
223 2418 41 19 av
285 2406 225 30 förevarande
531 2405 175 33 motioner,
730 2404 40 29 II:
787 2404 40 29 25
847 2404 64 29 och
934 2403 41 29 II:
991 2403 51 32 80,
1064 2401 103 30 måtte
1187 2401 53 29 för
1260 2401 50 29 sin
1330 2400 52 29 del
1404 2399 140 32 besluta,
1565 2401 45 26 alt

125 2461 183 38 riksdagen
331 2459 104 31 måtte
458 2459 7 29 i
489 2459 162 30 skrivelse
674 2458 46 30 till
747 2457 120 39 Kungl.
893 2456 98 39 Maj:t
1014 2455 180 31 hemställa
1218 2454 71 30 dels
1311 2463 56 20 om
1390 2451 220 39 erforderliga
