1866 2766
408 154 405 40 Bevillningsutskottets
834 155 218 30 betänkande
1072 164 43 21 nr
1135 156 41 30 54
1196 155 39 30 år
1257 156 83 29 1964
1598 156 19 28 3

131 231 130 40 ningen
276 233 222 30 beträffande
514 234 66 30 den
596 234 52 30 del
666 244 39 21 av
722 235 376 39 ståndskogslikviden,
1115 244 75 20 som
1206 237 87 28 trots
1309 234 304 39 avdragsreglerna

131 285 68 29 blir
215 286 194 30 beskattad.
428 287 169 30 Likviden
614 287 70 30 kan
702 288 176 39 nämligen
895 288 151 29 fördelas
1063 288 44 39 på
1123 288 102 39 högst
1242 289 49 28 tio
1307 288 38 30 år
1361 288 106 30 bakåt
1483 288 9 29 i
1509 288 105 29 tiden.

176 338 117 40 Enligt
316 340 263 29 bestämmelser
603 341 10 29 i
637 340 251 40 förordningen
911 350 57 20 om
991 342 158 38 taxering
1173 341 54 30 för
1250 341 155 30 inkomst
1428 350 40 21 av
1492 341 121 33 medel,

131 401 76 20 som
223 392 126 30 insatts
366 393 20 30 å
403 393 223 39 skogskonto,
644 394 65 29 har
725 394 329 39 likvidmottagaren
1072 394 174 40 därjämte
1263 395 182 39 möjlighet
1463 397 49 27 att
1530 404 85 30 upp-

133 445 120 39 skjuta
280 446 269 39 beskattningen
576 456 40 20 av
643 447 77 29 hela
748 447 365 40 ståndskogslikviden
1141 457 69 30 upp
1236 448 52 29 till
1314 448 48 29 tio
1387 448 38 29 år
1451 447 128 30 framåt
1604 449 10 27 i

130 499 107 29 tiden.

129 703 344 40 Beskattningsläget
487 704 55 39 för
557 705 154 38 utgivare
727 715 42 20 av
783 705 322 39 ståndskogslikvid

172 779 118 39 Enligt
309 779 345 40 jorddelningslagen
676 781 71 29 kan
770 781 320 39 ståndskogslikvid
1114 782 193 29 fastställas
1330 784 50 27 att
1405 781 80 40 utgå
1506 782 45 39 på
1572 791 42 20 en

129 832 91 39 gång
234 832 83 30 eller
332 833 10 29 i
359 833 91 29 form
466 843 42 20 av
523 833 109 39 årliga
647 834 264 39 avbetalningar
926 835 112 29 under
1052 844 43 21 en
1111 835 50 29 tid
1178 844 42 20 av
1235 835 102 38 högst
1354 835 47 29 tio
1417 835 48 29 år.
1484 835 12 29 I
1512 835 103 39 prak-

127 885 99 29 tiken
244 885 177 40 tillämpas
440 886 161 39 vanligen
621 887 57 29 det
699 887 246 30 förstnämnda
965 890 175 37 systemet.
1162 888 51 29 Då
1233 888 156 29 likviden
1409 888 133 39 uppgår
1561 888 52 29 till

126 938 197 39 betydande
340 938 134 41 belopp,
493 939 237 30 förekommer
744 941 193 29 emellertid
954 940 215 40 uppdelning
1185 950 43 20 av
1245 941 204 30 densamma
1465 941 44 39 på
1528 941 86 29 flera

128 991 48 34 år,
194 991 91 30 dock
301 992 123 29 endast
442 992 251 39 undantagsvis
711 993 44 39 på
774 994 117 38 längre
908 994 51 29 tid
977 995 43 29 än
1040 993 70 30 fem
1128 994 49 29 år.

174 1044 327 39 Ståndskogslikvid
528 1045 38 29 är
593 1046 262 40 skattemässigt
882 1048 71 29 inte
980 1049 51 28 att
1057 1057 84 20 anse
1169 1057 76 20 som
1272 1047 248 34 driftkostnad,
1548 1048 64 29 och

129 1097 129 39 avdrag
276 1097 55 30 för
348 1098 154 30 likviden
518 1099 138 39 medges
672 1099 123 30 därför
810 1101 71 29 inte
896 1100 58 30 vid
969 1100 194 39 beräkning
1179 1110 41 20 av
1236 1100 212 30 nettointäkt
1464 1109 41 22 av
1518 1100 96 39 jord-

126 1151 289 39 bruksfastighet.
436 1152 165 30 Däremot
621 1154 39 28 är
680 1153 110 29 sådan
809 1153 109 30 likvid
938 1153 157 30 likställd
1115 1154 80 29 med
1215 1153 234 40 köpeskilling
1470 1153 54 30 för
1545 1154 69 29 fas-

128 1203 121 39 tighet,
270 1205 63 28 och
354 1205 138 39 hänsyn
512 1207 53 28 tas
585 1206 44 38 på
648 1206 114 39 grund
782 1207 108 30 härav
909 1207 52 30 till
982 1207 140 39 utgiven
1141 1207 322 39 ståndskogslikvid
1482 1207 57 29 vid
1557 1207 54 29 be-

129 1257 173 30 dömande
317 1267 41 21 av
374 1259 148 38 skogens
537 1259 264 39 ingångsvärde.

173 1311 12 28 I
206 1310 114 39 punkt
340 1311 20 28 4
380 1311 112 39 tredje
513 1312 134 38 stycket
667 1322 41 21 av
728 1313 273 39 anvisningarna
1020 1314 52 29 till
1093 1313 40 29 22
1160 1313 5 37 $
1187 1314 424 39 kommunalskattelagen

126 1363 141 39 stadgas
291 1366 50 27 att
364 1373 57 20 om
445 1365 103 38 ägare
572 1374 42 20 av
638 1363 166 41 fastighet
828 1366 56 29 vid
908 1366 458 39 jorddelningsförrättning
1390 1366 98 30 blivit
1512 1366 101 40 ålagd

129 1418 50 28 att
202 1416 102 39 gälda
327 1417 321 39 ståndskogslikvid
670 1419 64 28 och
757 1419 65 29 har
843 1419 213 39 avverkning
1079 1429 42 20 av
1143 1419 86 39 skog
1251 1420 83 28 eller
1356 1419 192 39 upplåtelse
1570 1429 42 20 av

128 1469 305 39 avverkningsrätt
453 1470 92 31 skett
565 1471 95 29 inom
680 1473 52 27 tre
753 1472 38 29 år
811 1471 80 30 från
910 1472 58 29 det
987 1472 311 39 lagakraftägande
1318 1472 113 30 beslut
1451 1481 56 21 om
1528 1472 85 30 fast-

125 1522 155 30 ställelse
303 1523 20 29 å
347 1523 257 39 förrättningen
628 1523 194 40 föreligger,
847 1525 88 30 skall
957 1525 46 39 på
1023 1525 158 39 yrkande
1204 1535 42 20 av
1267 1526 69 29 den
1359 1526 253 39 skattskyldige

127 1574 150 40 skogens
298 1576 255 39 ingångsvärde
574 1579 100 28 antas
696 1578 46 29 ha
763 1578 141 39 nedgått
925 1579 78 29 med
1024 1578 125 39 belopp
1170 1579 246 30 motsvarande
1436 1579 176 30 rotvärdet

126 1638 42 20 av
185 1629 68 29 den
272 1629 94 39 skog,
386 1639 74 20 som
479 1630 258 39 avverkningen
754 1632 83 29 eller
853 1631 218 39 upplåtelsen
1088 1631 175 30 omfattat.
1281 1632 172 39 Avdraget
1469 1633 38 29 är
1522 1632 88 30 dock

126 1682 186 38 begränsat
327 1683 51 30 till
393 1683 161 39 beloppet
568 1693 42 20 av
625 1684 376 39 ståndskogslikviden.

172 1735 382 30 Riksskaltenämnden
575 1737 64 29 har
660 1737 11 29 i
693 1737 167 30 skrivelse
881 1738 67 29 den
972 1738 36 29 17
1031 1739 89 38 april
1145 1738 82 29 1963
1248 1739 52 29 till
1321 1739 291 38 taxeringsinten-

128 1788 128 29 denten
278 1789 11 29 i
313 1789 243 39 Kopparbergs
579 1790 57 29 län
659 1790 128 30 uttalat
809 1791 51 38 sig
882 1791 148 29 rörande
1052 1791 269 39 tillämpningen
1343 1792 11 28 i
1375 1792 87 30 visst
1485 1791 61 30 fall
1569 1801 41 21 av

125 1841 310 30 bestämmelserna
454 1842 12 29 i
484 1842 113 39 punkt
616 1842 19 29 4
654 1843 112 38 tredje
786 1843 134 39 stycket
939 1852 42 21 av
998 1844 274 38 anvisningarna
1289 1845 52 28 till
1360 1844 40 29 22
1427 1844 5 37 $
1452 1845 159 29 kommu-

126 1894 288 38 nalskattelagen.
437 1895 199 29 Uttalandet
656 1895 105 39 avsåg
782 1895 266 30 förhållandena
1067 1897 80 29 med
1167 1897 169 29 avseende
1355 1898 20 29 å
1394 1898 76 38 laga
1490 1898 120 30 skiftet

126 1947 20 29 å
160 1947 214 30 Vika-Vinäs
391 1948 126 38 utskog
531 1949 10 28 i
557 1948 95 29 Mora
668 1948 139 39 köping.
824 1949 12 29 I
852 1949 141 29 ärendet
1008 1949 88 29 hade
1112 1950 160 38 upplysts
1288 1952 50 28 att
1351 1952 48 28 ett
1414 1951 76 38 laga
1504 1951 106 29 skifte

126 2000 38 28 år
188 2000 81 29 1945
290 2001 180 38 påbörjats
489 2002 21 29 å
529 2001 180 39 utskogen.
730 2002 74 28 Den
823 2002 40 29 25
881 2002 141 39 januari
1045 2002 82 29 1958
1146 2003 90 29 hade
1255 2003 195 38 sakägarna
1468 2003 141 39 jämlikt

125 2053 311 30 bestämmelserna
451 2055 9 28 i
477 2054 98 38 lagen
591 2064 56 19 om
662 2054 142 39 delning
818 2064 42 21 av
872 2055 80 39 jord
966 2056 19 29 å
1001 2056 117 29 landet
1134 2056 124 30 träffat
1272 2057 337 29 överenskommelse

126 2115 56 19 om
200 2108 51 27 att
268 2106 41 29 de
326 2115 67 29 nya
411 2107 260 38 skogsskiftena
687 2107 113 30 skulle
817 2108 172 29 tillträdas
1006 2111 149 27 snarast.
1172 2109 98 29 Efter
1285 2109 190 30 verkställd
1492 2110 118 38 skogs-

124 2158 151 38 räkning
293 2159 88 29 hade
401 2159 54 29 för
473 2159 194 39 sakägarna
686 2160 65 29 den
771 2160 39 29 20
829 2160 70 39 maj
923 2161 79 29 1961
1022 2161 278 39 tillkännagivits
1318 2162 174 29 storleken
1509 2172 42 20 av
1565 2164 43 28 de

125 2210 264 39 skogslikvider,
409 2221 75 19 som
503 2212 141 38 jämlikt
662 2213 154 29 nämnda
835 2214 54 37 lag
908 2213 112 29 skulle
1039 2214 91 37 utgå.
1150 2214 130 29 Härvid
1298 2214 89 29 hade
1406 2215 201 34 meddelats,

125 2265 50 27 att
191 2264 194 29 likviderna
401 2264 117 30 kunde
533 2265 169 28 inbetalas
718 2265 42 28 fr.
776 2274 29 20 o.
820 2275 44 19 m.
880 2266 66 28 den
960 2266 41 29 23
1016 2266 70 37 maj
1108 2266 78 29 1961
1205 2267 51 29 till
1272 2267 155 30 Svenska
1441 2267 168 31 Handels-

123 2316 159 30 bankens
298 2316 126 29 kontor
439 2317 10 28 i
466 2317 97 28 Mora
577 2317 64 29 och
656 2319 51 27 att
723 2318 100 29 ränta
838 2318 112 29 skulle
967 2320 80 36 utgå
1062 2322 19 26 å
1096 2318 31 39 ej
1145 2319 140 38 erlagda
1300 2319 147 30 likvider
1462 2320 41 29 fr.
1518 2330 29 20 o.
1562 2331 45 19 m.

124 2369 66 29 den
211 2370 12 27 1
245 2369 144 29 oktober
409 2369 92 29 1961.
519 2370 73 28 Den
612 2370 10 27 1
644 2370 78 37 juni
743 2370 79 29 1961
841 2370 89 30 hade
947 2371 194 38 sakägarna
1158 2372 140 29 tillträtt
1315 2373 74 28 sina
1407 2382 66 30 nya
1490 2373 118 39 skogs-

125 2422 142 29 skiften.
296 2422 93 38 Laga
418 2422 121 30 skiftet
568 2422 88 30 hade
686 2423 192 29 emellertid
908 2424 94 29 ännu
1032 2424 30 38 ej
1096 2424 197 35 fastställts,
1325 2426 63 28 och
1419 2426 188 38 lagakrafl-

123 2475 132 37 ägande
274 2475 112 29 beslut
406 2484 55 20 om
482 2475 106 29 sådan
610 2475 222 31 fastställelse
853 2477 115 29 kunde
990 2477 177 29 förväntas
1189 2478 140 38 tidigast
1348 2488 56 20 om
1426 2479 55 30 två
1499 2479 47 30 år.
