1868 2766
415 149 405 40 Bevillningsutskottets
842 150 218 31 betänkande
1080 160 42 20 nr
1142 151 40 30 54
1202 150 39 30 år
1263 151 83 29 1964
1605 149 19 29 9

141 231 60 26 ton
221 229 38 30 år
280 230 82 29 eller
384 239 104 20 mera.
510 230 202 29 Inkomsten
733 230 79 30 från
832 231 42 28 de
895 231 253 38 avverkningar
1168 239 74 20 som
1263 230 43 29 då
1325 230 81 29 sker
1425 229 70 29 kan
1514 229 108 29 delvis

138 273 197 37 jämställas
356 275 78 29 med
454 274 250 30 ackumulerad
722 275 166 30 inkomst.
908 276 314 28 Bestämmelserna
1239 276 123 28 härom
1381 274 69 29 kan
1468 274 155 29 emeller-

141 318 48 29 tid
213 319 178 38 tillämpas
415 319 122 30 endast
562 329 42 20 av
627 319 304 39 likvidmottagare
955 319 88 31 först
1066 319 106 30 sedan
1195 319 366 39 ståndskogslikviden
1585 320 37 28 är

140 363 104 29 känd.
260 363 58 29 Ett
335 364 108 29 motiv
459 363 54 30 för
528 366 50 27 att
594 363 30 39 ej
643 364 116 29 införa
775 365 193 38 spärregler
983 374 42 20 av
1039 373 88 20 ovan
1142 364 168 29 skisserat
1325 364 73 38 slag
1414 363 111 30 skulle
1540 372 81 21 vara

140 409 50 27 alt
209 416 82 20 man
309 408 204 38 härigenom
532 408 10 29 i
561 410 87 27 stort
667 410 66 28 sett
751 408 55 30 får
825 408 107 30 sådan
951 409 152 38 lindring
1120 409 10 28 i
1147 408 267 39 progressionen
1432 417 74 21 som
1525 417 97 21 avses

140 452 77 29 med
239 452 311 30 bestämmelserna
571 461 56 20 om
649 453 252 29 ackumulerad
921 453 155 29 inkomst
1096 454 9 28 i
1128 453 97 39 fråga
1245 462 56 20 om
1321 453 42 29 de
1383 455 97 27 extra
1500 453 122 29 insätt-

140 496 123 38 ningar
285 497 45 38 på
353 497 229 38 skogskontot
607 506 74 20 som
704 507 42 19 en
769 497 149 39 ändring
940 498 106 38 enligt
1069 498 177 29 motionen
1269 498 112 29 skulle
1403 497 217 39 möjliggöra.

183 541 80 28 Som
278 541 149 29 sålunda
442 541 211 30 framhållits
669 542 118 29 ställer
802 543 51 37 sig
868 543 372 38 lantmäteristyrelsen
1254 543 127 38 positiv
1395 542 51 29 till
1461 542 161 38 åtgärder

138 585 132 38 ägnade
295 588 51 28 att
372 586 231 39 komplettera
627 587 159 38 gällande
810 587 111 38 regler
944 587 54 29 för
1022 587 223 38 beskattning
1268 596 41 20 av
1334 587 254 38 skogslikvider
1611 587 10 28 i

140 630 169 29 samband
332 630 79 29 med
434 630 415 40 lantmäteriförrättning
871 632 38 29 så
930 634 50 28 att
1003 631 187 30 nackdelar
1211 641 41 20 av
1272 632 44 28 bl.
1331 640 29 20 a.
1383 631 67 29 den
1471 633 53 27 art
1546 640 75 20 som

139 674 124 29 nämns
285 675 9 28 i
317 675 178 29 motionen
516 675 70 29 kan
607 675 209 29 elimineras.
838 676 175 38 Styrelsen
1033 676 193 39 tillstyrker
1245 675 119 30 därför
1384 675 166 39 förslaget
1569 676 51 29 till

139 719 147 38 ändring
307 728 42 20 av
371 719 250 39 förordningen
641 729 57 19 om
720 720 156 39 taxering
897 720 54 30 för
970 720 155 29 inkomst
1145 730 40 20 av
1205 720 111 29 medel
1338 729 73 20 som
1431 721 126 29 insatts
1578 720 43 39 på

139 763 224 38 skogskonto.
384 764 97 28 Dock
498 764 97 29 torde
613 764 68 29 den
699 764 50 30 tid
768 765 110 29 under
895 765 116 29 vilken
1030 765 193 39 insättning
1240 765 44 39 på
1301 765 125 30 sådant
1443 765 108 29 konto
1568 765 54 29 får

139 807 60 29 ske
229 807 84 31 böra
342 808 44 39 på
415 808 158 39 lämpligt
602 810 69 28 sätt
699 809 199 38 begränsas.
928 810 210 38 Härigenom
1168 810 111 29 skulle
1307 810 197 29 motionens
1533 809 89 40 syfte

142 852 119 29 kunna
282 852 201 39 tillgodoses
505 853 65 29 och
591 853 42 29 de
653 853 199 39 föreslagna
873 854 235 39 ändringarna
1128 863 42 21 av
1190 855 113 38 punkt
1324 855 18 28 9
1363 864 41 20 av
1424 855 200 38 anvisning-

140 905 85 21 arna
246 897 52 29 till
320 897 73 36 2135
417 897 426 40 kommunalskattelagen
863 900 65 28 och
948 899 114 38 punkt
1082 898 19 29 4
1122 908 40 20 av
1183 899 273 38 anvisningarna
1475 899 52 29 till
1549 899 72 35 22
1606 893 19 49 $

139 950 42 20 av
197 950 135 20 samma
349 942 65 38 lag,
431 942 93 29 vilka
539 942 107 38 enligt
662 942 64 30 vad
743 952 88 19 ovan
848 945 93 36 sagts
958 943 111 29 skulle
1084 943 46 29 bli
1147 943 257 39 komplicerade
1419 946 49 27 att
1484 951 139 31 genom-

140 985 85 34 föra,
241 986 46 28 bli
305 986 212 39 obehövliga.

182 1055 265 41 Länsstyrelsen
468 1057 8 29 i
488 1057 242 39 Kopparbergs
748 1059 56 28 län
820 1058 102 30 anför
936 1059 10 29 i
963 1059 59 29 sitt
1036 1059 298 39 remissyttrande.

182 1118 278 30 Motionärernas
484 1119 130 39 förslag
637 1122 50 28 att
709 1121 70 29 viss
802 1121 262 38 uppmjukning
1086 1121 62 29 bör
1170 1121 60 29 ske
1252 1130 42 21 av
1316 1130 47 20 nu
1385 1121 159 39 gällande
1566 1121 56 29 be-

139 1163 229 34 stämmelser,
390 1164 201 38 varigenom
614 1165 155 38 utgivare
790 1174 42 21 av
853 1165 320 39 ståndskogslikvid
1195 1166 88 29 skall
1305 1167 64 37 äga
1389 1167 69 28 rätt
1478 1166 51 29 till
1551 1167 71 28 sär-

139 1207 83 29 skilt
245 1207 462 41 värdeminskningsavdrag
733 1209 55 29 för
812 1209 85 39 skog
922 1218 76 21 som
1021 1210 168 29 avverkas
1214 1210 10 29 i
1248 1210 71 29 viss
1345 1210 203 39 anslutning
1573 1210 52 30 till

138 1251 467 41 jorddelningsförrättning,
627 1253 144 30 rimmar
791 1255 54 28 väl
867 1255 78 29 med
965 1254 57 30 det
1042 1254 235 30 förhållandet
1297 1256 49 29 att
1366 1254 258 40 beskattnings-

138 1298 157 38 reglerna
318 1299 44 38 på
384 1299 218 30 härvarande
625 1299 141 30 område
789 1299 106 39 enligt
918 1300 267 38 länsstyrelsens
1207 1300 141 38 mening
1368 1299 63 29 bör
1453 1308 168 30 anpassas

140 1343 49 29 till
206 1344 49 28 att
271 1343 199 30 underlätta
485 1343 288 39 genomförandet
789 1353 41 20 av
845 1344 264 39 betydelsefulla
1124 1343 498 39 jorddelningsförrättningar

137 1387 43 28 bl.
196 1396 28 20 a.
240 1388 95 28 inom
351 1388 243 38 Kopparbergs
609 1388 68 29 län.

182 1432 66 29 För
264 1433 51 27 att
331 1432 119 38 uppnå
465 1432 57 29 det
537 1431 100 39 syfte,
655 1441 74 19 som
745 1432 166 39 förslaget
926 1442 108 23 avser,
1050 1432 62 29 bör
1126 1432 18 29 2
1161 1432 15 36 $
1193 1432 251 39 förordningen
1458 1442 57 20 om
1529 1435 93 27 taxe-

137 1476 77 38 ring
232 1475 54 30 för
304 1476 156 29 inkomst
478 1486 41 19 av
537 1476 122 33 medel,
679 1485 74 20 som
770 1477 127 29 insatts
914 1477 45 38 på
976 1477 224 38 skogskonto,
1217 1477 250 38 kompletteras
1484 1477 79 29 med
1579 1486 43 20 en

138 1520 243 29 bestämmelse
403 1529 42 21 av
466 1520 179 34 innebörd,
668 1522 50 27 att
739 1521 160 38 delägare
919 1521 11 29 i
951 1521 78 38 laga
1050 1520 115 35 skifte,
1187 1530 75 20 som
1283 1521 88 29 efter
1391 1522 168 29 tillträdet
1580 1531 36 19 av

140 1574 67 29 nya
222 1564 170 39 ägolotter
406 1564 65 30 och
485 1565 97 28 inom
596 1567 51 27 tre
663 1564 39 30 år
716 1564 80 30 från
811 1565 58 29 det
885 1565 77 39 laga
977 1564 230 39 kraftägande
1223 1565 113 29 beslut
1352 1574 56 20 om
1425 1565 200 30 fastställel-

138 1618 35 19 se
194 1608 19 29 å
233 1608 502 40 jorddelningsförrättningen
758 1609 193 39 föreligger,
975 1609 165 40 uppburit
1161 1609 109 30 likvid
1293 1609 54 30 för
1368 1609 193 40 upplåtelse
1583 1619 42 20 av

137 1653 304 39 avverkningsrätt
457 1653 50 29 till
526 1653 85 39 skog
627 1653 83 29 eller
726 1653 53 29 för
796 1654 174 29 avverkad
988 1655 94 38 skog,
1100 1654 56 30 må
1174 1654 132 29 erhålla
1322 1655 160 38 uppskov
1499 1654 55 30 för
1570 1655 52 29 så-

138 1697 69 29 dan
225 1697 115 30 intäkt
359 1697 10 29 i
389 1697 54 29 sin
461 1698 127 29 helhet.

181 1741 125 29 Vidare
325 1742 63 29 bör
406 1742 269 29 bestämmelsen
693 1743 10 28 i
722 1742 112 39 tredje
853 1743 135 39 stycket
1006 1742 19 29 4
1042 1743 158 39 punkten
1218 1753 42 20 av
1278 1743 273 38 anvisningarna
1568 1744 52 28 till

138 1785 71 36 223
235 1786 435 38 kommunalskattelagen,
692 1787 201 38 varigenom
916 1788 101 38 ägare
1039 1797 41 19 av
1101 1787 175 39 fastighet,
1299 1796 73 20 som
1393 1788 58 29 vid
1470 1787 153 39 jorddel-

139 1829 318 40 ningsförrättning
476 1830 98 30 blivit
593 1830 101 38 ålagd
714 1832 50 28 att
784 1830 103 39 gälda
907 1831 108 29 likvid
1035 1840 75 20 som
1130 1840 98 20 avses
1247 1831 11 29 i
1278 1832 114 38 punkt
1412 1832 18 28 9
1451 1841 41 19 av
1512 1832 114 29 anvis-

137 1876 170 38 ningarna
331 1876 52 29 till
408 1876 72 36 218
506 1876 436 38 kommunalskattelagen,
966 1876 43 38 på
1031 1876 92 29 vissa
1146 1875 126 30 villkor
1294 1875 235 30 tillförsäkras
1552 1877 69 28 rätt

140 1921 49 28 till
214 1921 142 29 särskilt
379 1920 461 38 värdeminskningsavdrag
863 1920 54 29 för
939 1920 95 38 skog,
1056 1920 37 29 så
1115 1920 51 29 till
1187 1920 80 29 vida
1289 1920 169 38 utbyggas
1479 1922 50 27 att
1551 1921 71 28 det-

140 1974 134 20 samma
294 1965 89 29 skall
403 1965 90 37 gälla
512 1973 57 20 om
588 1965 127 37 ägaren
735 1964 54 29 för
808 1964 170 38 gäldande
997 1974 41 19 av
1057 1964 108 29 sådan
1184 1964 108 29 likvid
1311 1963 79 30 från
1410 1964 213 38 skogskonto

142 2011 132 37 uttager
291 2009 122 33 medel,
430 2018 74 20 som
520 2009 125 29 insatts
660 2008 88 29 efter
763 2008 168 30 tillträdet
946 2018 40 20 av
1002 2018 45 29 ny
1062 2009 138 38 ägolott.

181 2083 380 30 Riksskattenämnden
588 2085 134 28 erinrar
746 2084 252 38 inledningsvis
1023 2093 54 19 om
1104 2084 59 28 sitt
1189 2083 227 30 förenämnda
1444 2085 179 28 uttalande

139 2137 65 27 den
227 2136 36 28 17
283 2137 87 38 april
394 2136 82 29 1963
495 2136 147 29 rörande
661 2137 266 38 tillämpningen
946 2146 41 19 av
1005 2137 111 38 punkt
1134 2136 19 28 4
1170 2137 113 38 tredje
1300 2137 134 38 stycket
1452 2146 39 20 av
1511 2137 111 29 anvis-

140 2189 170 37 ningarna
329 2189 50 29 till
400 2189 40 28 22
457 2190 15 35 $
493 2189 425 39 kommunalskattelagen
936 2190 65 28 och
1019 2189 102 29 anför
1138 2189 152 30 därefter
1309 2189 165 38 följande.

181 2251 50 29 Av
253 2251 177 28 motionen
452 2250 163 37 framgår,
637 2253 50 26 alt
706 2251 222 28 beträffande
948 2251 173 28 Soheröns
1142 2251 75 37 laga
1238 2250 105 29 skifte
1363 2251 191 38 tillämpats
1574 2254 44 26 ett

138 2295 106 28 delvis
262 2297 108 26 annat
389 2294 262 36 förfaringssätt
668 2295 42 28 än
729 2295 54 28 vid
802 2295 76 36 laga
896 2294 120 29 skiftet
1045 2295 7 28 å
1068 2295 213 29 Vika-Vinäs
1298 2295 136 37 utskog.
1451 2296 63 28 Vid
1532 2305 90 19 sam-

140 2338 180 29 manträde
342 2338 66 29 den
432 2338 40 28 29
494 2338 86 38 april
607 2338 82 28 1963
710 2338 64 29 har
796 2339 174 36 nämligen
992 2339 169 28 beslutats
1182 2348 55 18 om
1261 2339 185 30 successivt
1471 2339 151 29 tillträde

137 2383 87 28 efter
245 2383 93 28 hand
360 2391 74 20 som
455 2382 131 29 arbetet
607 2383 75 28 med
706 2382 227 38 värderingen
955 2382 53 29 för
1028 2382 149 29 likviden
1199 2383 66 28 blir
1284 2383 101 29 klart.
1406 2383 152 29 Sålunda
1577 2384 44 28 ha

139 2427 64 27 den
231 2427 8 27 1
266 2426 76 38 juni
373 2427 80 28 1963
475 2426 157 29 tillträlts
654 2427 90 28 vissa
766 2427 105 33 delar,
893 2427 63 28 den
984 2427 9 27 1
1018 2426 140 38 januari
1183 2426 82 29 1964
1285 2427 200 39 ytterligare
1506 2437 40 19 en
1568 2428 51 28 del

139 2471 62 28 och
227 2471 64 28 den
321 2472 10 26 1
360 2471 137 37 januari
529 2471 78 27 1965
633 2480 97 19 avses
754 2471 196 29 återstoden
977 2471 95 29 skola
1100 2471 181 29 tillträdas.
1307 2472 113 37 Enligt
1446 2473 175 27 motionen
