1878 2776
286 150 41 30 24
649 153 286 33 Statsutskottets
956 157 179 30 utlåtande
1155 167 43 21 nr
1219 160 40 29 10
1279 160 40 29 år
1340 161 81 29 1961

290 233 156 30 däröver.
470 235 13 29 I
506 235 236 32 betänkandet
763 238 138 31 lämnas
924 248 43 21 en
989 242 163 29 närmare
1173 243 217 39 redogörelse
1414 244 54 30 för
1490 246 67 29 den
1582 246 205 31 förväntade

290 283 239 40 flygtekniska
551 287 243 40 utvecklingen
818 288 175 31 framöver
1016 291 65 29 och
1103 292 251 40 understrykes
1377 297 72 28 mot
1471 296 185 39 bakgrund
1679 298 108 30 härav

289 334 296 40 angelägenheten
610 346 41 20 av
674 340 49 27 att
746 347 42 20 en
814 339 240 41 förstärkning
1078 342 159 31 kommer
1261 344 51 29 till
1337 345 102 30 stånd
1463 355 43 21 av
1527 346 43 31 de
1594 349 192 29 materiella

287 384 66 29 och
377 386 194 37 personella
595 396 202 21 resurserna
821 389 45 38 på
891 390 447 41 flygforskningsområdet.
1365 395 146 31 Särskilt
1535 397 144 31 betonas
1704 400 83 29 nöd-

290 435 233 39 vändigheten
558 446 43 20 av
633 440 49 28 att
716 438 238 40 flygtekniska
988 441 335 34 försöksanstaltens
1355 446 327 41 arbetsbetingelser
1716 449 69 30 för-

288 484 144 31 bättras.
452 486 52 29 En
523 488 171 39 väsentlig
714 489 132 40 ökning
867 500 41 20 av
928 491 66 30 den
1014 492 63 30 där
1097 494 173 30 anställda
1291 495 413 41 forskningspersonalen
1724 499 62 30 bör

289 534 150 31 sålunda
462 537 235 39 möjliggöras.
721 540 66 29 Det
812 541 140 39 statliga
975 542 185 32 tillskottet
1184 544 53 30 för
1263 546 193 31 anstaltens
1481 555 84 32 egen
1588 548 197 41 forskning,

288 584 69 30 den
381 595 25 21 s.
431 586 31 29 k.
487 588 258 39 nettoutgiften,
770 590 206 32 förutsättes
1009 592 1 30 i
1036 595 291 39 sammanhanget
1350 597 111 29 under
1483 607 45 20 en
1552 599 232 39 treårsperiod

289 634 91 39 stiga
406 635 78 30 från
513 637 50 34 1,2
590 638 52 29 till
669 639 51 33 2,8
747 640 89 39 milj.
863 641 138 30 kronor.
1031 643 183 40 Samtidigt
1241 646 130 29 räknar
1399 647 96 30 rådet
1522 649 79 29 med
1629 651 158 28 avsevärt

286 685 113 30 ökade
420 687 138 39 statliga
578 687 149 32 insatser
747 689 55 31 för
823 692 397 40 utrustningsändamål.
1241 696 251 40 Flygtekniska
1514 698 271 32 försöksanstal-

286 737 60 27 ten
368 735 64 30 har
455 737 10 29 i
488 737 54 30 sin
564 739 278 38 petitaskrivelse
865 741 56 30 för
941 742 205 40 budgetåret
1172 745 147 37 1961/62
1342 748 147 31 anslutit
1511 749 52 39 sig
1586 750 52 30 till
1662 750 122 31 försla-

287 792 66 32 gen
370 786 11 29 i
398 786 246 33 betänkandet.

330 836 395 39 Departementschefen
739 842 179 30 redovisar
934 844 161 30 närmare
1112 845 77 30 sina
1204 847 263 40 överväganden
1483 849 11 30 i
1510 851 204 40 anslutning
1731 852 52 29 till

283 885 58 30 det
365 886 195 41 framlagda
584 889 245 32 betänkandet.
855 892 49 30 Bl.
930 903 29 19 a.
983 894 222 31 konstaterar
1228 897 81 34 han,
1336 900 49 27 att
1410 898 271 40 flygindustrien
1706 902 10 29 i
1742 903 41 29 de

286 934 105 32 flesta
412 937 120 30 länder
551 958 44 3 —
616 940 85 29 även
721 941 10 28 i
752 942 77 29 vårt
849 961 44 3 —
914 943 23 30 f.
959 953 32 20 n.
1014 944 160 31 befinner
1195 947 51 39 sig
1266 948 12 28 i
1300 950 48 27 ett
1370 950 352 40 omställningsskede
1744 962 42 19 av

284 988 295 39 genomgripande
598 992 105 28 natur
719 992 79 29 med
818 992 101 31 svåra
937 996 402 40 anpassningsproblem.
1359 999 74 29 Den
1451 1000 156 31 aktuella
1626 1002 156 30 situatio-

286 1045 69 21 nen
388 1037 54 30 för
474 1038 242 40 flygtekniken
748 1051 155 30 rymmer
935 1044 120 30 därför
1088 1046 126 40 många
1247 1049 373 32 osäkerhetsfaktorer.
1654 1052 127 31 Härtill

283 1086 160 32 kommer
465 1089 58 29 vid
544 1090 256 41 bedömningen
824 1102 43 20 av
890 1093 175 42 förslaget,
1089 1098 50 28 att
1161 1106 238 31 prognoserna
1424 1100 53 30 för
1501 1101 204 31 luftfartens
1730 1105 52 27 ut-

282 1137 160 40 veckling
461 1139 76 30 icke
557 1141 122 30 enbart
698 1142 69 29 kan
786 1152 86 21 vara
891 1146 205 38 avgörande,
1116 1147 45 30 då
1180 1148 56 30 det
1256 1149 108 39 gäller
1383 1152 50 28 att
1453 1152 108 38 pröva
1580 1152 124 40 frågan
1724 1163 57 20 om

282 1187 113 30 ökade
421 1190 138 39 statliga
583 1191 149 30 insatser
756 1192 56 30 för
838 1195 126 30 svensk
989 1195 269 43 flygforskning.
1284 1199 53 30 En
1362 1201 194 40 avvägning
1580 1203 111 30 måste
1717 1204 64 30 här

283 1237 61 30 ske
369 1241 73 28 mot
467 1240 109 30 andra
601 1242 190 40 angelägna
817 1244 218 41 forsknings-
1060 1247 64 29 och
1150 1245 407 50 utvecklingsuppgifter.

325 1288 51 30 De
400 1289 146 31 anförda
570 1292 286 40 övervägandena
879 1294 64 31 har
965 1296 61 30 lett
1049 1297 386 39 departementschefen
1458 1302 52 30 till
1533 1303 68 29 den
1624 1300 156 48 uppfatt-

280 1338 142 40 ningen,
444 1342 48 28 att
514 1341 108 39 några
643 1351 96 22 mera
760 1344 349 33 kostnadskrävande
1133 1349 211 40 utökningar
1366 1360 42 20 av
1429 1353 174 30 anstalten
1625 1354 72 30 inte
1717 1355 63 30 bör

280 1389 115 29 under
409 1391 202 30 nuvarande
627 1392 245 32 förhållanden
887 1395 267 41 ifrågakomma.
1170 1399 111 31 Bland
1297 1404 108 27 annat
1420 1402 61 30 bör
1497 1404 193 31 anstaltens
1707 1408 72 27 net-

280 1439 145 39 toutgift
443 1440 194 33 bibehållas
656 1443 55 30 vid
733 1444 205 33 oförändrat
962 1447 49 34 1,2
1032 1448 89 40 milj.
1141 1449 131 31 kronor
1292 1451 66 30 och
1379 1452 100 39 eljest
1500 1454 82 30 ökat
1603 1457 175 37 utrymme

279 1488 146 32 beredas
444 1490 53 30 för
515 1492 11 29 i
544 1492 186 31 huvudsak
749 1495 124 31 endast
890 1498 238 30 automatiska
1146 1500 429 43 kostnadsförändringar.
1594 1504 98 30 Dock
1710 1508 68 27 tor-

279 1539 43 29 de
348 1540 10 29 i
384 1541 188 40 anledning
597 1552 42 20 av
662 1545 204 38 yrkandena
892 1546 55 30 för
971 1549 102 29 nästa
1098 1549 168 40 budgetår
1292 1561 56 20 om
1375 1552 241 42 förstärkning
1641 1565 41 20 av
1708 1556 69 30 for-

280 1590 206 31 skarstaben
503 1593 113 30 medel
633 1593 84 31 böra
733 1595 141 31 anvisas
892 1596 54 31 för
963 1597 20 29 4
1000 1607 69 30 nya
1086 1599 149 39 tjänster
1253 1610 75 21 som
1346 1603 174 30 laborator
1537 1605 10 29 i
1566 1605 210 40 lönegraden

278 1640 47 30 Be
347 1641 14 29 1
382 1641 11 30 i
412 1642 119 39 utbyte
549 1645 73 28 mot
641 1646 48 28 ett
707 1645 72 30 lika
798 1648 88 28 stort
902 1648 97 30 antal
1018 1649 151 39 tjänster
1187 1659 75 21 som
1282 1651 108 31 förste
1409 1653 368 43 forskningsingenjör

274 1690 10 29 i
303 1690 209 40 lönegraden
530 1693 48 29 Ae
596 1694 51 29 26.
665 1695 311 32 Merkostnaderna
993 1699 56 29 för
1065 1699 266 39 ifrågavarande
1349 1703 120 39 utbyte
1485 1714 43 19 av
1544 1706 150 38 tjänster
1711 1707 66 29 blir

278 1741 120 30 29700
426 1742 140 31 kronor.
594 1744 393 40 Departementschefen
1016 1749 193 40 tillstyrker
1236 1752 106 30 också
1371 1754 110 30 under
1509 1756 266 40 anslagsposten

277 1791 214 41 Avlöningar
506 1793 51 30 till
574 1794 96 40 övrig
684 1796 269 31 icke-ordinarie
968 1801 162 37 personal
1146 1801 110 30 ökade
1272 1803 113 29 medel
1402 1803 53 30 för
1472 1807 303 30 extra-ordinarie-

277 1842 156 39 sättning
454 1852 40 20 av
514 1844 93 30 vissa
628 1845 23 29 f.
673 1855 32 19 n.
726 1848 96 28 extra
845 1847 158 39 tjänster.
1024 1849 130 31 Härför
1173 1851 174 32 beräknas
1368 1853 41 30 86
1423 1854 62 30 000
1507 1856 140 30 kronor.
1669 1857 106 31 Arvo-

274 1892 188 39 desposten
487 1893 148 32 föreslås
659 1896 89 30 ökad
772 1897 81 30 med
877 1897 63 31 600
964 1899 140 30 kronor.
1129 1901 195 31 Därutöver
1346 1904 173 31 beräknas
1545 1906 54 30 för
1623 1907 151 31 besluta-

274 1942 43 29 de
338 1942 468 44 lönegradsuppflyttningar
828 1948 65 29 och
915 1950 386 42 grundlöneändringar
1323 1957 90 27 samt
1436 1955 54 30 för
1510 1956 264 32 löneklassänd-

274 1992 121 39 ringar
417 1993 148 41 höjning
587 1996 79 29 med
690 1998 234 39 sammanlagt
946 1998 40 31 45
1001 1999 62 30 000
1088 2001 139 31 kronor.
1251 2003 67 30 Till
1343 2005 120 39 rörligt
1487 2006 119 41 tillägg
1629 2008 61 30 bör
1714 2018 59 20 an-

271 2042 95 31 visas
390 2044 200 39 ytterligare
616 2045 63 30 394
693 2046 61 30 900
780 2048 132 30 kronor
937 2049 65 29 och
1026 2050 53 29 till
1105 2051 268 40 kompensation
1400 2055 55 30 för
1480 2056 108 40 höjda
1615 2058 158 40 folkpen-

271 2092 246 41 sionsavgifter
534 2096 199 39 ytterligare
752 2097 19 30 3
785 2098 63 29 200
867 2099 139 30 kronor.
1023 2119 44 3 —
1085 2102 48 29 De
1153 2102 184 32 förordade
1357 2106 311 40 uppräkningarna
1687 2119 86 30 upp-

273 2143 62 39 går
356 2146 232 39 sammanlagt
607 2146 53 30 till
679 2147 101 40 drygt
800 2148 65 30 824
879 2149 62 31 000
961 2150 140 31 kronor.

317 2244 176 31 Utskottet
511 2255 104 21 anser
635 2247 51 40 sig
704 2248 122 30 kunna
846 2250 140 30 ansluta
1006 2251 51 40 sig
1078 2252 50 30 till
1149 2252 40 30 de
1210 2255 219 38 synpunkter
1448 2257 64 29 och
1533 2259 237 40 ställningsta-

271 2295 149 38 ganden,
441 2305 73 21 som
535 2297 192 31 redovisats
748 2308 42 20 av
810 2300 385 39 departementschefen
1215 2304 10 29 i
1247 2305 204 40 anslutning
1472 2307 50 30 till
1543 2308 57 30 det
1621 2319 41 20 av
1684 2310 86 40 flyg-

270 2345 165 31 tekniska
455 2346 98 31 rådet
575 2348 147 39 avgivna
742 2349 248 36 betänkandet,
1012 2352 65 29 och
1100 2352 116 31 finner
1237 2354 44 39 på
1304 2354 41 30 de
1366 2365 43 20 av
1430 2357 339 39 departementsche-

270 2394 60 30 fen
347 2396 147 30 anförda
511 2397 121 30 skälen
648 2399 184 30 motiverat
847 2402 51 27 att
915 2401 74 29 icke
1006 2411 47 20 nu
1070 2403 186 30 medverka
1273 2404 51 30 till
1342 2405 113 40 någon
1472 2416 96 22 mera
1584 2409 184 31 kostnads-

270 2445 178 31 krävande
478 2448 207 40 utvidgning
714 2458 41 21 av
783 2450 270 31 verksamheten
1083 2452 57 31 vid
1171 2453 238 40 flygtekniska
1440 2457 326 33 försöksanstalten.
