2204 2632
178 1424 148 23 Utskottets

187 1459 128 29 yttrande.

369 192 19 30 2
881 191 250 32 Statsutskottets
1152 191 168 31 utlåtande
1342 191 53 30 Nr
1416 193 73 29 161.

472 278 74 35 dels
579 276 59 36 för
667 275 273 48 elektrifiering
967 289 47 23 av
1047 274 316 48 statsbanelinjen
1399 275 179 37 Kiruna—
1595 270 192 58 Gällivare
1816 281 56 31 ett
1899 289 63 22 an-

369 328 84 48 slag
494 341 46 23 av
582 328 203 47 2,350,000
827 327 154 45 kronor,
1011 327 87 36 med
1134 332 75 31 rätt
1245 327 59 36 för
1331 327 142 49 Kungl.
1502 326 108 49 Maj:t
1638 331 53 31 att
1720 326 244 38 förskottsvis

368 380 118 36 redan
515 379 120 36 under
660 382 40 33 år
727 381 95 33 1917
855 392 46 22 av
929 378 244 49 tillgängliga
1201 378 122 37 medel
1351 378 211 37 utanordna
1585 379 201 47 1,500,000
1808 379 154 47 kronor,

471 432 75 35 dels
573 444 48 23 av
648 430 65 37 det
740 430 61 36 för
828 430 263 37 fullbordande
1120 443 47 23 av
1199 430 121 36 första
1347 430 277 50 utbyggnaden
1652 443 47 23 av
1727 430 236 37 kraftstatio-

367 496 75 23 nen
470 483 64 35 vid
566 482 139 48 Porjus
734 495 46 23 av
807 482 207 47 riksdagen
1042 482 189 49 beviljade
1259 481 174 49 anslaget
1462 485 20 33 å
1512 483 162 45 775,000
1699 482 142 36 kronor
1869 485 94 33 åter-

369 534 155 36 stående
559 534 190 49 beloppet,
781 535 163 45 150,000
973 534 152 42 kronor,

471 587 75 35 dels
582 586 61 37 ock
682 586 60 36 för
770 585 233 49 påbörjande
1032 599 47 22 av
1107 599 46 23 en
1183 585 115 36 andra
1326 585 226 49 utbyggnad
1581 598 47 23 av
1654 584 165 37 nämnda
1848 584 116 36 kraft-

368 638 140 35 station
536 642 54 32 ett
618 638 135 48 anslag
780 650 47 24 av
861 639 163 45 925,000
1057 637 157 44 kronor;
1245 642 97 31 samt

472 689 42 47 B)
549 690 85 36 med
662 690 135 47 avslag
830 692 20 33 å
882 689 289 49 propositionen
1202 689 12 35 i
1247 688 127 49 övrigt
1398 689 70 36 hos
1494 687 143 50 Kungl.
1667 688 107 48 Maj:t
1803 687 160 48 anhålla,

368 746 54 31 att
450 741 140 48 Kungl.
621 741 106 49 Maj:t
754 741 146 36 täcktes
929 741 74 36 låta
1030 741 133 36 utreda
1190 743 48 47 på
1266 740 73 37 vad
1368 745 72 31 sätt
1469 754 47 22 en
1546 741 58 35 för
1623 740 72 36 den
1716 740 248 36 ekonomiska

367 792 226 50 bärigheten
626 807 46 22 av
700 792 334 48 statsbanelinjens
1063 791 408 38 Gällivare—Svartön
1500 792 272 48 elektrifiering
1795 791 168 37 nödvän-

368 845 66 47 dig
476 845 145 48 ökning
653 858 46 23 av
727 844 390 37 fraktkvantiteterna
1146 847 59 32 må
1233 844 128 35 kunna
1389 844 147 46 vinnas,
1570 843 120 37 under
1718 843 155 37 särskilt
1900 843 63 36 be-

367 896 163 37 aktande
571 910 46 23 av
648 896 215 37 intressena
904 901 55 31 att
1001 896 141 36 erhålla
1168 898 154 33 råvaror
1350 896 104 36 såväl
1483 896 58 35 för
1570 895 72 36 den
1671 895 166 36 svenska
1860 895 104 49 järn-

366 948 253 48 hanteringen
661 961 81 23 som
785 948 58 36 för
880 947 367 48 fosfattillverkning
1288 961 48 22 m.
1366 961 47 22 m.
1448 953 98 30 samt
1585 947 164 36 därefter
1779 950 98 46 ånyo
1905 946 59 37 för

366 1000 204 48 riksdagen
599 1000 216 48 framlägga
843 1000 148 48 förslag
1018 999 59 36 till
1105 999 116 48 sagda
1249 999 285 48 elektrifiering.

471 1051 237 37 Beträffande
749 1051 75 36 vad
864 1065 48 23 av
944 1051 280 36 motionärerna
1251 1051 147 36 anförts
1426 1051 58 36 till
1513 1051 86 36 stöd
1626 1050 58 36 för
1713 1050 110 36 dessa
1851 1050 112 36 fram-

368 1102 226 50 ställningar
621 1103 58 36 får
705 1103 187 37 utskottet
920 1103 160 36 hänvisa
1107 1103 55 36 till
1190 1102 248 37 motionerna.

470 1206 109 36 Efter
608 1206 127 36 därom
766 1207 10 35 i
805 1206 242 48 vederbörlig
1075 1206 164 48 ordning
1267 1205 212 37 framställd
1507 1205 166 48 begäran
1697 1205 69 36 har
1785 1204 177 50 yttrande

368 1262 91 32 över
500 1258 46 36 de
587 1258 160 37 berörda
789 1258 238 36 motionerna
1055 1258 166 48 avgivits
1250 1271 46 23 av
1320 1258 391 48 järnvägsstyrelsen,
1741 1257 120 36 vilket
1887 1262 76 44 ytt-

367 1310 117 36 rande
513 1313 122 33 såsom
664 1310 127 48 bilaga
818 1310 121 36 finnes
969 1309 147 49 vidlagt
1143 1310 103 36 detta
1275 1309 206 37 utlåtande.

471 1413 241 36 Beträffande
741 1413 99 36 först
868 1413 133 49 frågan
1030 1426 62 23 om
1121 1412 276 49 elektrifiering
1423 1425 47 24 av
1493 1411 307 49 järnvägslinjen
1820 1411 143 37 Kiruna

368 1463 217 38 —Svartön
625 1464 66 36 vill
731 1465 187 36 utskottet
954 1464 57 37 till
1039 1477 49 24 en
1115 1465 134 48 början
1278 1465 125 35 erinra
1431 1464 143 46 därom,
1604 1469 53 31 att
1684 1463 144 49 Kungl.
1859 1463 104 49 Maj:t

369 1516 180 37 nästlidet
590 1519 40 34 år
657 1517 171 48 föreslog
855 1516 206 49 riksdagen
1090 1521 53 31 att
1171 1519 60 34 för
1259 1516 160 36 berörda
1447 1515 174 37 ändamål
1649 1515 141 49 bevilja
1819 1520 52 31 ett
1900 1529 64 22 an-

369 1568 84 49 slag
493 1582 47 22 av
583 1570 228 46 15,530,000
853 1569 141 36 kronor
1032 1573 97 31 samt
1157 1568 115 36 därav
1300 1568 59 36 för
1387 1571 39 32 år
1456 1570 95 34 1917
1582 1568 131 35 anvisa
1742 1572 55 31 ett
1825 1566 137 50 belopp

369 1633 46 23 av
458 1622 202 46 3,500,000
702 1621 151 35 kronor.
909 1621 18 35 I
960 1619 170 49 enlighet
1157 1620 85 36 med
1271 1619 306 37 statsutskottets
1604 1619 12 35 i
1643 1624 128 31 ämnet
1798 1619 165 47 avgivna

367 1672 178 49 yttrande
575 1675 118 45 ansåg
721 1671 212 37 emellertid
960 1672 221 48 riksdagen,
1197 1676 56 32 att
1280 1672 88 36 med
1395 1672 124 36 beslut
1537 1684 61 23 om
1618 1670 344 48 elektrifieringens

369 1724 301 48 genomförande
698 1724 118 36 borde
844 1723 78 36 tills
951 1724 130 36 vidare
1111 1727 118 33 anstå.

472 1775 132 48 Enligt
645 1775 73 37 den
755 1789 51 22 nu
843 1775 212 49 framlagda
1083 1775 288 48 propositionen
1397 1775 190 36 beräknas
1616 1774 260 36 kostnaderna
1904 1774 59 35 för

369 1827 321 48 elektrifieringen
731 1840 48 23 av
821 1840 143 23 samma
1006 1827 227 36 bansträcka
1273 1829 133 46 uppgå
1433 1826 57 36 till
1519 1827 33 47 ej
1583 1826 147 36 mindre
1760 1830 49 32 än
1838 1826 11 35 i
1877 1832 87 29 runt

369 1879 51 36 tal
451 1880 228 46 28,500,000
707 1879 153 36 kronor.
907 1879 171 36 Bortsett
1107 1879 83 36 från
1219 1883 54 32 ett
1302 1880 11 34 i
1344 1880 97 34 1916
1471 1881 60 33 års
1560 1877 404 48 kostnadsberäkning

368 1930 85 36 icke
494 1931 188 47 ingående
724 1931 140 49 belopp
898 1931 57 36 för
991 1930 224 49 utflyttning
1242 1943 47 23 av
1318 1929 441 49 svagströmsledningar
1787 1943 48 22 m.
1865 1942 47 23 m.
1944 1933 20 32 å

372 1984 202 46 1,035,000
616 1983 153 47 kronor,
812 1987 41 31 är
892 1982 381 48 kostnadsökningen
1316 1981 54 37 att
1412 1982 160 35 hänföra
1604 1981 57 36 till
1689 1982 46 35 de
1763 1981 200 36 inträffade

370 2034 268 48 stegringarna
668 2037 20 33 å
716 2033 239 48 materialier,
984 2034 103 36 vilka
1114 2034 103 49 gjort
1245 2033 60 49 sig
1334 2033 154 37 särskilt
1516 2033 194 36 kännbara
1738 2033 12 35 i
1776 2032 187 37 avseende

370 2088 20 34 å
413 2086 86 48 järn
528 2086 69 36 och
626 2086 157 49 koppar,
814 2099 82 23 som
922 2086 13 36 i
963 2091 80 31 stor
1072 2085 230 47 omfattning
1330 2085 189 37 erfordras
1547 2085 60 36 för
1630 2084 331 48 elektrifieringen.

471 2137 75 36 Det
573 2140 40 34 år
644 2140 95 34 1916
770 2138 212 48 framlagda
1002 2137 185 49 förslaget
1206 2137 174 49 åsyftade
1399 2136 246 48 fullständigt
1663 2136 300 48 genomförande

370 2202 46 23 av
445 2188 322 50 elektrifieringen
797 2192 21 33 å
844 2190 86 36 hela
958 2190 176 36 sträckan
1162 2188 374 37 Kiruna--Svartön.
1592 2188 17 36 I
1638 2188 71 36 den
1737 2202 51 22 nu
1817 2188 146 36 föreva-

369 2240 118 37 rande
528 2241 286 49 propositionen
842 2242 68 36 har
938 2241 172 37 däremot
1138 2241 223 48 föreslagits
1391 2254 47 23 en
1465 2240 237 50 uppdelning
1729 2253 47 23 av
1806 2240 157 48 anlägg-

369 2293 156 47 ningen,
569 2296 40 34 så
651 2298 54 32 att
746 2294 135 36 endast
921 2293 188 37 bandelen
1151 2292 388 37 Kiruna—Gällivare
1582 2292 233 36 omedelbart
1844 2291 118 37 skulle
