1898 2796
415 195 389 30 Jordbruksutskottets
827 194 179 30 utlåtande
1027 203 42 20 nr
1090 195 26 28 B
1138 194 19 29 2
1179 194 38 29 år
1240 194 83 28 1958
1605 195 17 29 3

786 488 61 40 Nr
873 488 79 41 B2

340 590 184 30 Utlåtande
545 590 11 29 i
574 589 188 40 anledning
781 598 42 21 av
841 589 127 40 Kungl.
988 590 125 39 Maj:ts
1134 589 11 29 i
1163 588 457 40 statsverkspropositionen

558 641 27 29 B
603 640 123 40 gjorda
743 640 305 39 framställningar
1065 640 179 39 angående
1262 640 123 39 anslag
1404 639 52 30 till
1473 639 148 39 kapital-

560 690 261 40 investeringar,
844 690 106 30 såvitt
971 699 100 21 avser
1091 690 358 40 jordbruksärenden.

163 792 125 38 Kungl.
312 792 104 39 Maj:t
439 792 65 30 har
526 792 11 29 i
560 792 66 30 den
650 792 49 30 till
723 791 188 40 riksdagen
935 792 67 29 den
1025 792 18 29 6
1066 791 79 40 juni
1170 791 83 30 1958
1277 791 150 34 avlåtna,
1451 791 168 40 förnyade

117 842 262 40 propositionen
408 843 58 34 (nr
489 843 26 29 B
541 843 33 33 1)
603 842 177 39 angående
805 842 227 30 statsverkets
1055 842 158 30 tillstånd
1237 842 64 29 och
1324 842 112 29 behov
1458 841 55 30 för
1535 841 86 29 bud-

118 893 130 39 getåret
273 893 148 35 1958/59
445 893 131 30 erinrat
600 902 57 20 om
680 895 50 27 att
753 893 236 29 innevarande
1013 893 57 29 års
1094 893 96 29 förra
1213 893 142 39 riksdag
1379 893 104 29 fattat
1506 893 114 30 beslut

118 943 148 30 rörande
293 943 125 39 Kungl.
446 943 124 39 Maj:ts
597 943 303 39 framställningar
926 952 57 21 om
1010 944 121 38 anslag
1158 943 54 30 för
1240 944 107 38 sagda
1372 943 169 39 budgetår
1568 943 51 30 till

116 993 400 40 kapitalinvesteringar,
542 993 102 30 såvitt
670 1003 97 20 avser
791 993 488 40 jordbruksdepartementets
1304 994 316 30 verksamhetsom-

117 1044 92 29 råde.

161 1095 13 28 I
195 1094 264 40 propositionen
480 1104 41 19 nr
542 1095 25 29 B
591 1095 14 28 1
629 1094 222 39 ifrågasättes
872 1094 78 30 icke
970 1094 114 39 någon
1107 1094 148 39 ändring
1277 1104 41 20 av
1339 1095 206 39 riksdagens
1568 1095 52 30 så-

116 1144 109 30 lunda
245 1144 133 30 fattade
398 1144 124 30 beslut.

160 1196 14 28 I
192 1195 203 39 anslutning
412 1195 53 30 till
481 1195 232 30 förenämnda
728 1195 218 40 proposition
964 1205 40 20 nr
1022 1196 24 29 B
1067 1196 13 28 1
1100 1195 65 30 har
1181 1195 96 30 inom
1293 1195 190 40 riksdagen
1498 1196 121 30 väckts

116 1254 43 21 en
179 1245 53 30 till
254 1245 171 30 utskottet
446 1245 204 30 remitterad
670 1246 133 30 motion
824 1246 46 30 II:
887 1246 27 29 B
937 1246 57 29 191
1020 1255 42 20 av
1083 1246 80 29 herr
1187 1246 261 40 Wahrendorff,
1470 1247 12 29 i
1503 1246 117 30 vilken

116 1296 133 29 motion
270 1295 202 31 hemställes
494 1305 56 21 om
572 1296 189 30 anvisande
784 1306 41 20 av
848 1296 141 31 särskilt
1011 1296 355 40 investeringsanslag
1387 1297 52 30 till
1462 1297 157 30 täckdik-

117 1346 84 39 ning
221 1346 20 29 å
263 1346 115 30 Sunne
400 1346 237 40 försöksgård.

161 1421 185 30 Utskottet.
364 1422 66 29 Det
449 1422 11 29 i
478 1422 178 30 motionen
676 1423 44 29 II:
737 1423 25 29 B
784 1423 57 28 191
864 1422 197 30 framförda
1079 1423 173 39 yrkandet
1270 1432 57 20 om
1347 1423 142 31 särskilt
1508 1423 111 30 inves-

116 1472 256 39 teringsanslag
394 1472 52 29 till
471 1472 228 39 täckdikning
723 1473 19 29 å
765 1473 118 29 Sunne
906 1472 228 40 försöksgård
1158 1474 122 29 ämnar
1303 1474 171 30 utskottet
1496 1483 122 20 senare

116 1524 154 37 upptaga
288 1522 52 30 till
359 1522 223 40 behandling.
601 1523 53 29 Då
672 1523 30 39 ej
724 1523 96 29 inom
839 1523 188 39 riksdagen
1047 1523 243 31 framkommit
1309 1523 131 40 förslag
1460 1533 56 20 om
1537 1525 82 29 änd-

115 1572 79 39 ring
216 1582 44 20 av
284 1572 42 30 de
351 1582 42 20 av
417 1572 92 30 årets
534 1572 96 30 förra
654 1573 142 39 riksdag
821 1573 133 30 fattade
978 1573 160 30 besluten
1162 1574 148 30 rörande
1336 1574 283 40 kapitalinveste-

115 1623 128 38 ringar,
267 1623 103 29 såvitt
392 1632 98 21 avser
511 1623 489 40 jordbruksdepartementets
1022 1624 397 35 verksamhetsområde,
1442 1625 176 30 erfordras

115 1673 76 30 icke
211 1673 104 39 något
334 1674 189 30 utskottets
542 1674 117 30 vidare
679 1674 161 40 yttrande
859 1674 11 29 i
891 1674 219 30 sistnämnda
1129 1675 209 37 hänseende,
1358 1676 107 30 vilket
1485 1677 134 29 utskot-

115 1725 48 28 tet
180 1723 151 44 härmed
354 1723 54 30 får
431 1724 55 29 för
508 1724 187 39 riksdagen

736 1775 149 29 anmäla.

161 1857 200 30 Stockholm
384 1858 63 29 den
472 1859 18 28 8
511 1859 65 38 juli
602 1859 81 28 1958

553 1959 47 29 På
623 1959 383 39 jordbruksutskottets
1031 1961 145 38 vägnar:

623 2044 174 30 ANDERS
822 2045 287 29 PETTERSSON

158 2259 239 30 Närvarande:
420 2269 34 19 se
474 2260 111 29 under
605 2260 191 30 utlåtandet
820 2270 40 19 nr
880 2262 24 28 B
928 2262 26 27 1.

350 2514 95 20 581192
484 2510 165 24 Stockholm
672 2511 74 24 1958.
769 2511 79 24 Isaac
870 2512 111 23 Marcus
1004 2512 185 30 Boktryckeri
1212 2512 169 30 Aktiebolag
