1880 2840
263 170 40 32 26
785 173 228 30 Statsutskottets
1035 176 148 27 utlåtande
1205 176 48 27 Nr
1275 174 28 31 ÖJ.

317 246 85 42 78:0)
436 248 424 41 Tryckningskostnader.
913 249 81 31 Med
1027 249 187 41 anledning
1247 260 40 20 av
1321 250 127 41 Kungl.
1483 250 118 41 Maj:ts
1639 251 127 41 förslag

263 296 123 42 (punkt
409 298 49 38 93,
483 298 63 33 sid.
573 299 60 31 169
657 298 63 32 och
744 298 70 41 170)
837 299 198 32 hemställer
1051 300 179 38 utskottet,

585 376 51 30 att
657 374 181 43 riksdagen
863 377 55 29 må
939 376 159 31 nedsätta
1121 376 58 31 det
1202 376 171 32 ordinarie
1397 376 302 42 förslagsanslaget
1715 377 51 31 till

532 425 398 41 tryckningskostnader,
964 438 46 19 nu
1046 427 131 38 119,991
1213 427 135 37 kronor,
1380 427 78 31 med
1482 427 61 32 790
1565 428 127 31 kronor
1714 428 53 31 till

534 476 133 37 119,201
691 476 138 38 kronor;
854 476 88 32 dock
964 478 48 30 att
1034 477 12 30 i
1069 478 156 40 anslaget
1247 479 53 29 må
1323 478 33 30 få
1379 479 100 39 göras
1496 477 66 32 den
1576 478 189 41 jämkning,

532 536 75 21 som
632 526 167 32 erfordras
823 527 53 31 för
898 527 181 40 jämnande
1103 539 40 19 av
1166 527 239 32 huvudtitelns
1430 528 213 34 slutsumma,

737 673 151 58 Övriga
915 682 205 39 ordinarie
1149 683 150 49 anslag.

315 772 86 40 79:0)
434 773 221 32 Beträffande
678 774 114 41 övriga
813 774 171 32 ordinarie
1000 776 128 41 anslag,
1147 787 73 20 som
1236 777 11 30 i
1263 776 187 32 riksstaten
1467 777 52 31 för
1535 777 230 31 innevarande

262 823 170 41 budgetår
464 825 58 30 äro
556 824 172 41 uppförda
761 825 110 31 under
900 825 102 32 femte
1035 826 228 39 huvudtiteln,
1298 827 62 30 har
1387 829 113 39 någon
1524 827 146 42 ändring
1692 828 73 31 icke

261 873 208 41 ifrågasatts.

314 924 182 32 Utskottet
518 924 208 40 hemställer,

584 1003 50 29 att
668 1002 157 41 samtliga
859 1002 42 32 de
936 1003 171 31 ordinarie
1135 1004 118 40 anslag
1275 1004 111 31 under
1409 1004 102 31 femte
1535 1004 228 39 huvudtiteln,

530 1052 91 31 vilka
643 1052 73 31 icke
739 1053 61 31 här
823 1064 87 20 ovan
932 1053 98 31 blivit
1054 1053 140 32 särskilt
1217 1054 234 39 omförmälda,
1476 1057 53 29 må
1552 1055 11 30 i
1579 1055 185 32 riksstaten

529 1102 54 31 för
605 1102 202 41 budgetåret
832 1103 178 40 1934/1935
1032 1104 167 41 uppföras
1221 1104 78 31 med
1322 1104 227 32 oförändrade
1573 1105 137 41 belopp.

315 1168 201 32 Stockholm
540 1169 68 31 den
632 1169 40 31 23
695 1169 149 32 februari
870 1170 88 31 1934.

755 1261 49 32 På
828 1262 277 32 statsutskottets
1129 1264 136 40 vägnar:

774 1338 191 32 ANDERS
988 1338 267 33 ANDERSON.

315 1509 62 29 Vid
400 1509 202 30 förestående
625 1511 133 27 ärendes
781 1510 265 38 slutbehandling
1067 1512 89 28 inom
1178 1512 158 28 utskottet
1358 1512 84 28 hava
1465 1513 157 27 närvarit:

312 1568 75 28 från
425 1569 121 28 första
586 1569 198 28 kammaren:
825 1569 111 28 herrar
968 1569 140 35 Hamrin,
1143 1570 153 35 Lindblad,
1334 1570 74 35 Olof
1437 1570 109 35 Olsson,
1577 1570 139 29 Svensson
1752 1571 10 27 i

260 1610 252 37 Kompersmåla,
535 1611 204 34 Kvarnzelius,
762 1611 119 29 Nilsson
911 1612 3 27 i
937 1612 126 34 Malmö,
1081 1612 118 28 Nilsson
1219 1613 5 27 i
1241 1613 157 35 Gränebo,
1415 1612 109 35 Borell,
1544 1612 91 29 Oscar
1652 1613 109 35 Olsson,

263 1652 106 36 Bagge,
392 1653 132 36 Asplund
547 1654 59 27 och
633 1653 113 35 Thelin;
768 1656 94 26 samt:

312 1703 74 28 från
409 1704 118 27 andra
547 1704 199 28 kammaren:
768 1704 110 28 herrar
897 1704 147 29 Anderson
1064 1706 11 26 i
1095 1705 147 34 Råstock,
1263 1705 171 36 Holmgren,
1454 1705 137 35 Jansson,
1612 1705 152 29 Törnkvist

259 1746 10 26 i
292 1746 207 34 Karlskrona,
523 1745 126 29 Persson
670 1747 11 27 i
706 1746 133 37 Fritorp,
864 1746 141 29 Eriksson
1030 1748 10 26 i
1068 1747 193 34 Stockholm,
1284 1746 142 30 Svensson
1441 1748 10 27 i
1468 1747 154 35 Grönvik,
1638 1747 122 30 Jonsson

259 1788 9 27 i
291 1787 197 35 Eskilstuna,
512 1788 171 34 Holmdahl,
706 1788 116 29 Nilsson
846 1790 10 26 i
881 1789 118 37 Hörby,
1022 1789 131 28 Norssell
1176 1790 57 27 och
1258 1789 136 35 Olofsson
1417 1790 10 27 i
1451 1790 165 37 Digernäs.

699 2492 153 21 Stockholm
869 2494 72 20 1934.
973 2493 29 20 K.
1017 2494 27 19 L.
1059 2493 147 21 Beckmans
1220 2493 88 21 Boktr.
