1868 2780
280 139 38 30 10
562 141 403 40 Bevillningsulskottets
989 145 218 32 betänkande
1230 157 43 20 nr
1294 149 41 30 20
1356 150 39 29 år
1418 151 84 29 1956

281 231 41 19 en
345 223 202 30 individuell
569 226 170 39 prövning
763 227 9 28 i
793 228 94 38 varje
908 229 142 30 särskilt
1074 231 60 28 fall
1156 232 64 28 och
1242 232 66 29 den
1330 236 201 29 nuvarande
1554 238 150 36 gränsen
1727 239 54 29 för

281 272 117 39 dylika
428 275 129 38 avdrag
587 277 164 29 stundom
782 277 189 32 framstode
1001 280 115 29 såsom
1146 282 53 29 väl
1230 284 94 33 snäv,
1353 284 105 31 borde
1489 286 112 38 någon
1630 288 149 40 befogad

280 322 215 41 invändning
517 325 75 30 icke
616 326 120 30 kunna
760 328 141 30 anföras
924 329 167 31 häremot.

324 373 114 40 Enligt
463 375 187 30 utskottets
678 378 140 39 mening
843 379 61 29 bör
929 380 65 29 den
1022 390 72 20 som
1122 383 52 29 för
1201 384 52 28 sin
1281 384 214 41 försörjning
1522 388 37 28 är
1586 388 71 29 helt
1682 389 98 30 bero-

279 424 88 29 ende
391 433 41 20 av
460 426 221 39 folkpension
708 428 75 29 icke
810 429 132 30 behöva
968 431 97 29 avstå
1091 432 113 39 någon
1232 434 53 29 del
1313 435 106 31 därav
1444 437 10 28 i
1482 437 104 30 skatt.
1615 439 80 29 Som
1723 441 56 28 de-

278 475 340 37 partementschefen
640 478 195 30 framhållit
855 480 67 28 kan
945 481 56 29 det
1021 483 190 30 emellertid
1234 484 54 29 för
1309 486 217 31 närvarande
1547 488 158 35 inträffa,
1727 493 51 27 att

277 525 305 41 maximibeloppet
608 528 53 29 för
685 529 56 29 det
768 532 94 27 extra
887 532 136 38 avdrag,
1050 542 76 20 som
1150 533 69 30 kan
1246 535 229 32 tillerkännas
1500 534 275 50 folkpensionär,

277 574 75 30 icke
378 577 36 28 är
440 577 211 40 tillräckligt.
677 579 52 29 Då
756 589 42 20 en
824 580 108 30 sådan
960 582 219 31 konsekvens
1206 585 75 30 icke
1307 586 62 30 bör
1395 588 176 40 godtagas,
1598 590 177 31 erfordras

276 627 50 27 att
349 626 84 29 även
456 628 162 38 avdraget
642 629 52 30 för
719 630 301 40 folkpensionärer
1043 633 109 40 höjes,
1177 635 188 40 lämpligen
1389 639 78 29 med
1492 648 136 21 samma
1650 641 125 40 belopp

277 684 74 20 som
377 678 163 38 avdraget
565 680 56 28 vid
645 680 353 32 existensminimum.
1027 684 210 40 Härigenom
1264 686 120 31 vinnes
1412 689 86 29 även
1525 690 65 29 den
1618 690 157 31 fördelen

276 728 50 27 att
345 726 534 43 beskattningsmyndigheterna
897 732 53 30 får
971 734 220 39 möjligheter
1211 738 119 37 medge
1350 739 109 30 större
1477 740 130 39 avdrag
1627 742 9 28 i
1656 742 118 39 övriga

277 776 60 29 fall
357 786 41 20 av
416 779 138 29 nedsatt
574 780 284 40 skatteförmåga,
879 783 43 29 då
940 784 95 29 detta
1054 786 37 29 är
1110 786 167 39 påkallat.
1298 788 175 31 Utskottet
1493 789 55 30 får
1568 791 119 30 därför
1707 793 67 29 till-

276 828 119 38 styrka
414 829 100 30 bifall
535 830 50 30 till
606 832 262 39 propositionen
890 835 85 29 även
995 836 11 29 i
1026 835 228 33 förevarande
1274 840 179 29 avseende.

318 877 180 31 Gentemot
526 881 40 28 de
593 881 198 40 föreslagna
816 883 592 36 ikraftträdandebestämmelserna
1435 890 64 29 har
1526 892 171 30 utskottet
1723 895 51 27 in-

275 929 47 29 tet
348 930 49 28 att
422 931 125 29 erinra.
576 932 174 30 Utskottet
776 934 59 29 vill
862 935 233 40 understryka
1122 939 295 39 angelägenheten
1444 951 43 19 av
1511 944 51 28 att
1590 943 41 30 de
1657 944 117 30 lokala

274 978 405 41 skattemyndigheterna
708 983 37 29 så
775 987 96 26 snart
900 986 51 39 sig
979 987 80 37 göra
1089 987 86 30 låter
1203 990 185 39 genomgår
1419 992 107 29 redan
1555 993 218 31 behandlade

273 1029 237 40 ansökningar
534 1040 56 20 om
614 1032 160 31 befrielse
799 1035 79 29 från
901 1036 82 30 eller
1010 1038 224 40 nedsättning
1259 1049 41 22 av
1325 1041 245 41 skatteavdrag
1593 1044 10 28 i
1628 1045 65 28 och
1719 1046 54 28 för

272 1079 261 41 undersökning
559 1091 41 20 av
623 1082 175 31 huruvida
823 1086 105 38 enligt
952 1087 39 29 de
1018 1097 65 29 nya
1110 1088 310 33 bestämmelserna
1445 1092 134 40 förhöjt
1604 1095 167 30 existens-

272 1129 186 30 minimum
479 1132 70 29 kan
569 1133 268 39 ifråsakomma.

316 1181 12 28 I
344 1182 260 38 propositionen
620 1183 63 30 har
700 1185 162 39 slutligen
880 1187 195 39 föreslagits
1092 1189 92 29 vissa
1200 1191 188 39 ändringar
1411 1193 4 28 i
1432 1193 340 33 kommunalskatte-

272 1230 108 39 lagen,
405 1232 183 40 betingade
615 1243 40 20 av
682 1235 296 32 ikraftträdandet
1006 1247 40 21 av
1076 1240 65 28 den
1169 1249 66 30 nya
1265 1242 98 38 lagen
1390 1252 57 20 om
1472 1245 220 41 socialhjälp.
1721 1247 49 29 De

271 1280 195 40 föreslagna
488 1284 246 39 ändringarna,
759 1295 75 20 som
856 1288 37 29 är
915 1297 42 20 av
979 1289 230 31 redaktionell
1232 1293 113 33 natur,
1368 1293 198 31 föranleder
1590 1296 85 29 intet
1700 1298 70 28 sär-

269 1331 82 30 skilt
371 1334 162 36 yttrande
556 1335 77 29 från
656 1336 188 30 utskottets
868 1338 83 30 sida.

314 1383 12 28 I
353 1383 39 29 de
421 1384 233 39 föreliggande
680 1387 219 30 molionerna
926 1389 62 30 har
1016 1391 176 39 upptagits
1219 1392 123 39 frågan
1370 1403 57 20 om
1453 1395 70 29 viss
1551 1397 149 39 ändring
1728 1407 41 20 av

269 1432 340 41 förutsättningarna
628 1436 53 29 för
701 1437 201 32 erhållande
923 1449 41 21 av
984 1442 95 28 extra
1099 1442 129 39 avdrag
1248 1443 53 29 för
1320 1444 351 32 existensminimum.
1693 1449 75 28 Den

268 1482 203 39 ifrågasatta
498 1486 191 39 ändringen
715 1496 99 21 avser
838 1489 267 32 bestämmelsen
1132 1492 9 29 i
1167 1493 113 38 punkt
1308 1495 13 28 1
1351 1504 42 19 av
1416 1497 274 40 anvisningarna
1715 1500 53 29 till

267 1533 40 29 50
333 1534 15 35 $
372 1534 425 43 kominunalskattelagen
822 1541 48 27 att
894 1542 95 28 extra
1014 1542 127 40 avdrag
1164 1543 57 30 vid
1245 1545 341 31 existensminimum
1610 1549 75 30 icke
1710 1552 57 27 må

267 1584 185 37 medgivas,
475 1594 57 21 om
552 1588 65 28 den
637 1588 253 40 skattskyldige
911 1591 56 38 ägt
986 1591 199 40 tillgångar;
1209 1594 89 29 dock
1318 1597 50 28 att
1387 1596 123 31 härvid
1531 1598 133 31 bortses
1686 1600 80 29 från

266 1633 200 40 sedvanliga
488 1637 181 39 husgeråd.
694 1639 131 29 möbler
848 1641 64 28 och
935 1641 131 35 kläder,
1089 1643 278 42 arbetsredskap,
1392 1647 138 30 mindre
1551 1648 215 32 bostadsfas-

267 1684 107 38 tighet
390 1695 42 19 av
447 1687 156 30 enklaste
619 1688 246 31 beskaffenhet
882 1700 69 20 osv.
970 1693 12 28 I
1000 1693 40 29 de
1059 1693 9 29 i
1086 1694 189 41 anledning
1293 1705 40 21 av
1348 1698 263 39 propositionen
1628 1701 136 35 väckta,

264 1734 223 40 likalydande
505 1738 218 31 motionerna
742 1741 28 28 I:
788 1740 61 31 493
868 1742 64 28 och
952 1743 43 29 II:
1013 1743 61 30 653
1092 1745 105 38 yrkas
1217 1746 146 30 sålunda
1381 1749 50 28 att
1451 1749 186 39 riksdagen
1656 1752 107 29 måtte

264 1785 133 31 besluta
427 1788 109 29 sådan
566 1789 147 40 ändring
742 1800 42 19 av
811 1791 309 33 bestämmelserna
1150 1797 49 27 att
1229 1798 96 27 extra
1354 1798 128 40 avdrag
1512 1800 56 30 vid
1597 1802 167 30 existens-

264 1836 186 30 minimum
472 1839 57 28 må
548 1839 120 30 kunna
689 1840 146 40 beviljas
858 1843 85 29 även
964 1844 54 29 för
1042 1844 234 41 skattskyldig
1297 1848 77 29 med
1395 1849 245 40 belåningsbar
1662 1860 102 31 egna-

263 1885 113 30 hems-
404 1888 81 29 eller
512 1889 249 42 villafastighet
789 1892 53 29 för
868 1895 73 36 eget
968 1894 81 29 eller
1077 1895 179 40 familjens
1285 1899 222 39 utnyttjande
1535 1902 81 28 eller
1645 1911 118 21 annan

263 1936 143 41 tillgång
423 1947 41 20 av
483 1941 245 30 motsvarande
746 1943 115 29 värde.
881 1944 11 28 I
912 1944 42 29 de
969 1945 58 29 vid
1045 1946 205 39 riksdagens
1270 1948 125 39 början
1412 1950 135 35 väckta,
1567 1952 196 39 likalydan-

262 1987 40 28 de
328 1989 216 30 motionerna
568 1991 27 28 I:
615 1992 58 28 117
699 1993 65 28 och
791 1993 43 29 II:
854 1994 58 30 163
937 1994 201 32 hemställes
1163 1997 163 40 återigen,
1352 2001 49 28 att
1427 2000 186 40 riksdagen
1637 2003 11 29 i
1674 2004 87 28 skri-

262 2038 89 29 velse
375 2038 50 30 till
449 2040 125 38 Kungl.
598 2042 102 38 Maj:t
725 2043 106 30 måtte
855 2044 141 30 anhålla
1017 2055 55 20 om
1096 2047 130 41 förslag
1249 2048 51 30 till
1324 2049 108 31 sådan
1455 2052 149 41 ändring
1626 2062 44 20 av
1691 2055 71 38 gäl-

263 2087 99 31 lande
381 2089 262 32 bestämmelser
665 2095 49 27 att
736 2095 86 28 även
843 2103 164 30 personer
1029 2097 77 29 med
1128 2098 135 30 mindre
1286 2099 184 41 tillgångar
1492 2102 10 28 i
1524 2102 133 40 kapital
1677 2105 84 29 eller

260 2138 164 39 fastighet
453 2141 68 28 kan
548 2142 229 31 tillerkännas
803 2147 96 28 extra
925 2147 127 39 avdrag
1079 2148 105 39 enligt
1211 2150 40 29 50
1280 2150 15 36 8
1322 2151 437 43 kommunalskattelagen.

259 2189 52 28 Av
334 2189 189 31 innehållet
547 2192 8 28 i
579 2193 40 29 de
646 2193 220 31 sistnämnda
889 2197 218 30 motionerna
1130 2199 155 40 framgår
1309 2203 49 27 att
1383 2203 260 30 motionärerna
1667 2205 93 39 åsyf-

259 2240 49 28 tat
333 2240 93 30 såväl
451 2244 95 27 extra
571 2244 127 39 avdrag
722 2245 57 29 vid
801 2246 342 32 existensminimum
1169 2259 74 20 som
1267 2253 96 28 extra
1386 2253 128 40 avdrag
1538 2254 57 29 vid
1620 2256 139 29 nedsatt

259 2289 274 42 skatteförmåga
550 2293 44 39 på
611 2295 112 38 grund
743 2305 41 19 av
802 2296 176 41 långvarig
997 2298 175 39 sjukdom,
1193 2301 178 29 ålderdom
1389 2304 62 29 etc.

303 2340 174 32 Utskottet
500 2343 58 30 vill
583 2345 141 30 särskilt
750 2347 242 39 understryka,
1018 2351 49 27 att
1090 2350 66 30 den
1181 2360 81 30 nyss
1286 2352 178 40 återgivna
1487 2354 271 31 bestämmelsen

257 2390 9 27 i
288 2392 112 37 punkt
424 2394 12 28 1
461 2402 42 20 av
524 2395 273 39 anvisningarna
819 2397 51 29 till
892 2399 39 30 50
957 2399 15 36 8
994 2400 425 42 kommunalskattelagen
1442 2405 123 30 endast
1588 2407 80 37 äger
1690 2406 68 29 till-

259 2441 177 40 lämpning
455 2444 43 39 på
518 2446 96 28 extra
633 2446 129 39 avdrag
780 2448 56 29 vid
857 2449 350 31 existensminimum.
1228 2453 11 28 I
1260 2453 97 38 fråga
1376 2463 55 20 om
1452 2456 128 38 avdrag
1602 2456 53 29 för
1675 2458 81 28 ned-
