1860 2782
445 188 325 34 Bankoutskottets
786 187 182 35 memorial
985 200 42 21 nr
1046 190 14 31 1
1083 188 39 33 år
1139 190 90 31 1958
1541 189 41 30 49

140 268 298 44 Pappersbruket.
470 268 263 34 Leveranserna
765 280 45 21 av
843 267 229 43 sedelpapper
1105 267 79 33 från
1215 266 282 43 pappersbruket
1528 266 54 33 till

95 323 260 34 sedelkontoret
376 322 64 33 har
461 322 111 33 under
594 323 38 32 år
655 325 87 31 1957
764 322 154 42 uppgått
940 321 52 34 till
1016 325 88 36 97,11
1126 320 87 43 milj.
1236 321 248 39 sedelenheter,
1505 325 77 29 mot

97 381 112 35 159,84
228 376 86 42 milj.
335 376 237 34 sedelenheter
592 375 208 43 föregående
821 376 48 33 år.

140 430 266 42 Försäljningen
427 442 45 21 av
494 434 110 29 annat
624 441 134 31 papper
779 441 107 21 m.m.
908 429 63 33 har
992 428 76 34 haft
1092 433 53 29 ett
1166 428 107 34 värde
1296 441 44 21 av
1361 440 42 21 ca
1423 432 49 36 2,3
1492 428 90 40 mkr,

96 489 76 29 mot
189 497 42 21 ca
249 488 49 36 2,9
314 484 79 33 mkr
411 483 208 42 föregående
638 484 49 33 år.

140 539 80 32 Den
239 537 141 43 jämlikt
402 537 113 33 beslut
535 549 45 21 av
599 536 221 42 fullmäktige
841 536 209 34 anskaffade
1069 536 425 42 höghastighetskvarnen
1517 535 64 44 (re-

95 592 102 41 finer)
219 592 64 33 har
302 591 310 42 färdigmonterats
632 591 66 33 och
718 590 107 42 tagits
845 590 10 33 i
874 590 91 34 bruk
987 590 50 42 (se
1059 590 15 38 $
1097 593 42 30 26
1159 589 11 33 1
1189 590 213 33 berättelsen
1421 589 52 34 till
1494 592 88 31 1957

95 646 56 33 års
172 645 170 42 riksdag).
362 644 253 34 Kostnaderna
635 644 64 33 har
719 644 126 33 hittills
866 644 154 42 uppgått
1041 643 53 34 till
1114 655 41 21 ca
1178 646 65 30 147
1258 647 64 29 000
1344 643 139 40 kronor,
1505 655 77 21 var-

93 699 53 33 till
165 699 159 34 kommer
343 697 153 43 utgiften
516 697 54 34 för
591 698 206 33 drivmotor.

139 753 57 33 En
214 765 49 30 ny
281 751 238 43 torkcylinder
537 750 54 34 för
609 750 338 43 pappersmaskinen
965 751 64 33 har
1048 750 198 34 anskaffats
1265 751 65 33 och
1349 750 233 34 inmonterats

95 807 53 33 till
164 818 43 22 en
223 805 153 35 kostnad
392 817 44 21 av
452 817 41 21 ca
511 808 41 30 13
567 808 66 30 000
649 805 140 33 kronor.

140 860 129 33 Vidare
291 859 64 33 har
378 858 173 34 beslutats
573 858 109 42 inköp
706 870 44 22 av
773 870 43 21 en
839 858 75 34 s.k.
937 858 329 42 beta-komparator
1288 857 53 34 till
1364 869 43 22 en
1429 857 153 34 kostnad

96 926 45 21 av
164 925 42 22 ca
230 917 42 29 23
287 916 65 30 000
375 913 129 33 kronor
527 911 54 34 för
604 911 230 41 automatisk,
857 911 224 43 fortlöpande
1105 911 221 42 registrering
1349 923 46 21 av
1416 923 167 30 pappers-

96 966 122 34 vikten
243 966 60 34 vid
327 965 348 43 pappersmaskinen,
700 965 175 42 varjämte
899 977 41 21 ca
964 968 43 30 45
1022 968 66 30 000
1112 965 129 33 kronor
1265 964 167 43 anslagits
1455 964 53 34 till
1532 964 50 33 in-

95 1021 71 42 köp
185 1033 45 21 av
247 1032 43 21 en
306 1032 49 30 ny
373 1024 150 38 apparat
540 1019 54 33 för
612 1019 212 42 upplösning
841 1031 45 21 av
903 1019 306 42 pappersutskott,
1227 1018 131 34 avsedd
1378 1023 55 29 att
1450 1021 134 31 ersätta

96 1086 42 21 en
158 1073 178 34 föråldrad
356 1073 98 43 dylik
473 1078 161 37 apparat.

142 1127 115 35 Sedan
278 1127 114 33 beslut
412 1126 128 34 fattats
559 1139 59 21 om
639 1131 55 29 att
714 1126 53 33 för
787 1126 286 42 sedeltryckeriet
1093 1125 164 34 anskaffa
1276 1137 43 22 en
1339 1126 74 33 s.k.
1433 1126 150 33 helrota-

96 1180 233 35 tionsmaskin
353 1180 71 43 (jfr.
445 1180 145 42 nedan),
610 1180 110 42 pågår
740 1179 96 34 inom
856 1179 282 43 pappersbruket
1159 1178 189 43 utredning
1368 1191 58 22 om
1448 1179 42 33 de
1509 1190 74 22 ma-

97 1234 357 42 skinanskaffningar,
476 1246 76 22 som
574 1233 66 34 blir
663 1233 224 42 erforderliga
909 1232 54 34 för
984 1233 158 33 leverans
1166 1245 45 21 av
1233 1232 228 43 sedelpapper
1482 1232 12 33 i
1514 1233 69 33 rul-

95 1289 63 33 lar.
177 1288 251 34 Kostnaderna
447 1287 119 34 härför
585 1287 65 34 har
667 1286 219 43 preliminärt
906 1286 231 43 uppskattats
1156 1286 53 34 till
1229 1298 42 22 ca
1290 1289 66 30 250
1371 1289 65 31 000
1455 1286 129 34 kronor

101 1342 71 43 (jfr.
193 1341 119 34 BoU:s
334 1341 64 33 utl.
421 1344 99 30 1957:
537 1341 71 42 19).

142 1396 69 34 För
236 1394 206 34 mekaniska
468 1393 212 34 verkstaden
706 1394 63 33 har
796 1393 160 34 beställts
982 1405 43 21 en
1051 1405 48 30 ny
1126 1405 104 21 svarv
1257 1393 52 33 till
1335 1405 43 21 en
1405 1393 179 33 beräknad

97 1449 153 34 kostnad
275 1460 44 21 av
342 1460 41 21 ca
405 1451 41 29 21
463 1451 65 30 000
551 1447 130 33 kronor
703 1447 65 33 och
790 1446 54 34 för
867 1447 145 33 brukets
1035 1446 138 34 interna
1195 1451 218 37 transporter
1435 1458 43 21 en
1500 1445 84 44 lyft-

98 1503 103 33 truck
219 1502 52 34 till
289 1506 53 29 ett
358 1501 71 43 pris
447 1513 45 21 av
509 1501 163 41 omkring
688 1504 42 30 35
745 1504 66 30 000
828 1500 141 33 kronor.

143 1556 55 33 De
218 1555 113 34 totala
350 1554 239 34 kostnaderna
608 1553 54 34 för
683 1553 233 34 anskaffande
936 1553 66 34 och
1021 1553 237 42 inmontering
1278 1565 44 21 av
1342 1553 67 34 den
1430 1565 44 21 av
1497 1556 86 30 1954

98 1610 55 33 års
174 1609 142 42 riksdag
335 1608 183 34 beslutade
541 1606 443 44 ångpanneanläggningen
1004 1607 64 33 har
1089 1607 153 42 uppgått
1264 1606 52 34 till
1339 1610 66 30 337
1419 1610 65 30 000
1505 1607 79 33 kro-

97 1675 64 22 nor
180 1667 76 30 mot
275 1661 200 35 beräknade
496 1665 65 30 350
576 1665 66 30 000
662 1661 140 34 kronor.

143 1715 281 43 Modernisering
452 1715 66 34 och
546 1715 201 42 reparation
777 1727 45 21 av
851 1714 334 34 bostadssamhället
1214 1714 64 34 har
1306 1714 150 42 fortgått
1485 1714 99 42 plan-

97 1770 120 42 enligt.
239 1769 156 34 Sålunda
415 1769 63 33 har
499 1773 54 29 ett
575 1768 224 40 bostadshus,
822 1768 191 33 betecknat
1035 1780 41 20 nr
1098 1771 55 36 24,
1174 1767 270 34 moderniserats
1466 1768 53 33 till
1541 1780 43 21 en

97 1823 154 34 kostnad
273 1834 45 22 av
339 1835 41 21 ca
402 1825 42 31 84
459 1825 66 30 000
546 1822 141 39 kronor;
709 1821 256 34 centralvärme
986 1821 64 33 har
1070 1820 120 34 inletts
1212 1820 10 33 i
1245 1821 212 33 bostadshus
1478 1833 41 21 nr
1541 1824 43 30 58

97 1877 55 33 för
168 1889 43 21 en
228 1876 154 34 kostnad
400 1888 45 21 av
462 1888 41 21 ca
521 1879 42 29 24
579 1879 65 30 000
662 1875 139 39 kronor,
819 1874 176 42 varjämte
1013 1874 427 42 oljeeldningsanordning
1456 1874 128 34 insatts

98 1931 20 33 å
144 1928 442 42 centralvärmeledningen
611 1928 11 34 i
647 1928 168 42 fastighet
840 1940 41 21 nr
908 1931 42 29 66
976 1927 53 33 till
1054 1932 53 28 ett
1132 1927 71 42 pris
1229 1939 44 21 av
1299 1927 160 42 omkring
1484 1931 19 30 5
1518 1931 66 30 000

97 1984 140 33 kronor.
258 1982 244 42 Inmontering
523 1994 45 21 av
588 1980 400 42 centralvärmeledning
1008 1980 11 33 i
1041 1980 213 34 bostadshus
1275 1993 41 21 nr
1338 1984 40 30 61
1402 1981 109 42 pågår
1532 1981 52 33 till

98 2049 44 21 en
171 2036 179 35 beräknad
378 2035 154 34 kostnad
560 2047 45 22 av
633 2047 42 21 ca
703 2038 42 30 26
761 2038 65 30 000
854 2035 140 38 kronor,
1023 2033 175 42 varjämte
1227 2034 115 33 beslut
1371 2034 127 33 fattats
1526 2047 58 20 om

98 2089 274 42 modernisering
393 2101 45 22 av
460 2088 316 41 bostadsfastighet
797 2100 42 21 nr
861 2091 43 30 39
927 2087 53 33 för
1002 2099 42 21 en
1068 2087 180 33 beräknad
1270 2087 152 33 kostnad
1445 2100 45 20 av
1512 2100 73 21 om-

99 2144 101 41 kring
223 2147 42 30 29
281 2147 64 30 000
369 2143 139 33 kronor.

144 2197 68 33 För
235 2201 54 29 att
310 2195 139 34 minska
469 2194 401 34 underhållskostnaden
893 2194 64 33 har
978 2193 87 33 flera
1086 2193 161 41 uttjänta
1269 2193 107 34 uthus
1398 2193 100 34 rivits
1520 2194 65 33 och

99 2254 54 28 ett
169 2249 127 33 sådant
312 2248 199 42 ombyggts,
529 2248 62 32 allt
608 2247 54 33 för
678 2259 42 21 en
736 2246 153 34 kostnad
907 2258 44 21 av
967 2258 41 21 ca
1026 2249 40 29 14
1082 2249 66 29 000
1163 2246 140 33 kronor.

144 2303 56 32 En
216 2301 200 42 tennisplan
433 2301 62 33 har
512 2301 138 40 anlagts
667 2300 93 33 inom
779 2298 268 34 bruksområdet
1066 2298 51 33 till
1135 2310 42 21 en
1194 2299 152 32 kostnad
1365 2311 43 20 av
1425 2299 162 42 omkring

103 2359 40 29 18
158 2359 65 30 000
241 2355 138 33 kronor.

143 2409 68 34 Vid
247 2409 275 42 arrendegården
556 2408 224 33 Lill-Tumba
815 2408 63 33 har
914 2419 70 30 nya
1019 2406 438 42 centralvärmeledningar
1492 2410 93 29 samt

99 2463 144 42 elspisar
266 2462 212 34 installerats
502 2461 52 33 till
579 2474 41 20 en
646 2460 180 34 beräknad
850 2459 153 35 kostnad
1029 2473 44 20 av
1098 2472 39 21 ca
1165 2463 39 29 16
1221 2463 66 30 000
1310 2459 139 39 kronor,
1475 2471 110 22 varav

99 2515 124 34 hittills
242 2528 40 21 ca
302 2519 19 29 9
336 2518 65 31 000
419 2515 129 33 kronor
566 2514 206 33 utbetalats.

97 2578 16 26 4
134 2593 14 3 —
185 2577 99 31 Bihang
303 2577 38 25 till
359 2576 146 31 riksdagens
523 2576 129 31 protokoll
671 2578 69 22 1958.
776 2578 15 21 8
808 2575 72 25 saml.
917 2574 38 25 Nr
974 2577 9 22 1
