2210 2652
784 197 216 39 Lagutskottets
1021 198 152 29 utlåtande
1196 199 46 28 Nr
1265 199 26 28 9.
1830 199 14 30 1

954 582 83 49 Nr
1070 584 56 48 9,

742 740 107 26 Ankom
867 740 41 26 till
925 741 163 33 Riksdagens
1106 741 86 26 kansli
1209 742 50 26 den
1278 743 31 26 17
1327 743 113 25 februari
1460 742 63 27 1911
1542 743 36 28 kl.
1596 745 57 32 5,30
1673 753 21 17 e.
1712 753 35 18 m.

441 881 196 40 Utlåtande,
676 883 16 32 i
731 884 199 41 anledning
971 884 44 41 af
1049 885 101 32 väckt
1183 886 134 32 motion
1343 895 57 23 om
1425 886 182 42 skrifvelse
1633 887 53 32 till
1710 887 136 42 Kungl.

636 950 103 42 Maj:t
770 960 55 23 om
861 951 322 42 åvägabringande
1219 953 43 40 af
1289 954 194 41 utredning
1509 964 46 22 m.
1583 964 47 23 m.
1660 955 188 42 angående

636 1018 149 32 ändrad
832 1019 211 41 anordning
1092 1020 44 41 af
1179 1021 480 42 religionsundervisningen
1701 1023 15 31 i
1756 1023 90 41 folk-

633 1085 180 33 skolorna.

332 1231 65 36 Uti
426 1245 46 22 en
499 1234 99 34 inom
629 1233 127 35 Första
782 1234 213 35 kammaren
1022 1236 116 40 väckt,
1169 1235 58 35 till
1246 1236 244 47 lagutskottet
1507 1237 179 36 hänvisad
1704 1239 142 35 motion

230 1295 46 22 nr
304 1283 32 42 2,
367 1283 65 34 har
454 1283 85 35 herr
557 1286 45 33 K.
623 1287 33 32 J.
678 1287 142 32 Ekman
839 1285 198 43 hemställt,
1058 1290 53 30 att
1130 1285 209 48 Riksdagen
1358 1288 88 34 ville
1465 1287 146 36 besluta
1630 1293 54 30 att
1702 1289 12 34 i
1734 1288 112 36 skrif-

229 1334 98 34 velse
357 1334 59 34 till
444 1333 135 48 Kungl.
617 1333 107 48 Maj:t
756 1335 156 42 anhålla,
950 1340 54 30 att
1041 1335 134 48 Kungl.
1205 1335 104 49 Maj:t
1342 1337 5 34 i
1380 1338 266 48 sammanhang
1673 1338 84 36 med
1785 1339 61 36 det

229 1383 189 48 pågående
459 1384 143 35 arbetet
641 1384 156 36 rörande
837 1384 374 37 folkskoleväsendets
1248 1386 235 49 ombildning
1513 1389 87 35 ville
1636 1389 75 35 låta
1741 1390 105 35 verk-

230 1434 107 35 ställa
364 1434 214 48 utredning,
607 1435 184 35 huruvida
813 1436 81 35 icke
912 1436 493 49 religionsundervisningen
1424 1439 12 34 i
1456 1437 251 38 folkskolorna
1726 1440 119 35 skulle

228 1485 128 35 kunna
393 1485 211 48 uppdragas
640 1488 36 32 åt
712 1486 177 35 särskilda
921 1486 377 45 kristendomslärare,
1344 1488 156 36 utsedda
1532 1489 313 49 hufvudsakligen

227 1534 115 36 bland
367 1536 319 48 lärarpersonalen
714 1537 88 34 eller
829 1535 328 50 församlingarnas
1184 1539 248 48 prästerskap,
1470 1538 188 38 äfvensom
1686 1541 73 35 låta
1787 1547 58 29 ut-

228 1585 127 35 arbeta
390 1587 81 41 och,
510 1587 12 34 i
550 1586 71 36 den
658 1589 85 33 mån
771 1587 62 35 det
859 1587 323 49 grundlagsenligt
1208 1589 67 35 bör
1302 1590 73 42 ske,
1405 1588 58 37 för
1490 1590 210 49 Riksdagen
1728 1591 115 36 fram-

227 1636 110 47 lägga
376 1636 32 46 ej
452 1636 144 36 mindre
637 1635 138 50 förslag
814 1639 57 34 till
903 1638 201 48 stadgande
1140 1641 12 33 i
1185 1639 228 49 kyrkolagen
1441 1653 59 23 om
1529 1640 229 49 förpliktelse
1786 1641 60 37 för

230 1687 272 47 prästerskapet
533 1692 53 30 att
622 1689 107 45 åtaga
756 1688 55 47 sig
839 1687 71 36 den
938 1688 511 50 undervisningsskyldighet,
1479 1703 79 23 som
1591 1692 154 35 sålunda
1771 1692 73 36 kan

227 1737 147 34 komma
413 1742 54 30 att
508 1736 41 36 af
584 1738 275 47 prästerskapet
899 1736 156 46 fordras,
1089 1746 46 29 än
1162 1739 107 36 äfven
1296 1740 45 36 de
1368 1739 120 49 öfriga
1515 1741 149 48 förslag,
1693 1743 149 35 hvartill

228 1786 250 48 utredningen
506 1787 70 35 kan
603 1786 100 49 gifva
730 1788 212 48 anledning.

327 1887 72 35 Till
428 1887 82 36 stöd
537 1886 124 37 härför
688 1888 66 35 har
781 1890 230 34 motionären
1040 1888 122 37 anfört
1188 1888 179 49 följande:

331 1937 87 36 >Uti
447 1951 45 22 en
520 1951 121 23 annan
669 1938 62 36 vid
758 1940 250 35 innevarande
1027 1940 149 48 riksdag
1193 1942 105 34 väckt
1318 1942 140 35 motion
1478 1942 66 35 har
1564 1942 277 37 undertecknad

226 1988 129 35 tillåtit
391 1989 57 47 sig
484 1990 150 46 påpeka,
673 1994 55 30 att
759 1989 70 36 den
857 1990 187 35 allmänna
1071 1990 376 49 demokratiseringen
1477 1991 40 36 af
1540 1996 81 32 vårt
1648 1994 192 35 samhälls-

226 2039 111 41 skick,
375 2051 78 22 som
490 2040 93 46 tagit
619 2040 57 44 sig
704 2041 147 46 uttryck
887 2041 13 34 i
940 2042 94 33 1909
1072 2043 57 33 års
1156 2041 324 44 rösträttsreform,
1509 2043 79 35 icke
1615 2044 71 35 kan
1715 2044 125 48 undgå

225 2093 56 30 att
312 2089 145 34 sträcka
492 2089 80 34 sina
599 2089 224 47 verkningar
849 2089 108 36 äfven
986 2091 57 34 till
1071 2091 160 47 kyrkans
1258 2092 68 34 och
1355 2093 146 34 skolans
1530 2093 186 44 områden,
1745 2099 95 30 samt

225 2142 56 31 att
317 2137 61 36 det
415 2150 185 35 program,
638 2151 79 22 som
754 2139 130 35 därvid
916 2139 83 36 från
1035 2140 164 48 kyrkligt
1235 2142 67 34 och
1339 2142 390 49 kristendomsvänligt
1765 2144 74 35 håll

226 2199 109 37 synes
372 2188 78 46 mig
477 2188 88 35 böra
591 2187 110 48 följas
729 2188 57 36 för
812 2189 205 36 bevarande
1045 2189 39 36 af
1109 2191 294 35 kristendomens
1430 2193 239 47 välsignelser
1695 2197 37 32 åt
1758 2197 82 33 vårt

225 2237 89 44 folk,
343 2238 105 35 torde
476 2238 126 35 kunna
628 2238 278 37 sammanfattas
934 2240 12 34 i
975 2239 164 48 följande
1165 2243 63 33 två
1255 2240 320 50 hufvudpunkter:

325 2300 112 34 Bihang
454 2301 44 26 till
514 2301 98 26 Riksd.
629 2305 71 30 prot.
720 2302 81 26 1911.
840 2302 15 26 7
875 2302 85 26 Saml.
998 2303 16 25 1
1034 2303 69 33 Afd.
1138 2303 19 26 9I
1176 2303 80 34 Häft.
1291 2304 59 33 (Nr
1368 2304 41 32 9.)
1723 2307 13 25 1
