1941 2815
506 190 119 30 Andra
646 189 244 41 lagutskottets
911 188 178 31 utlåtande
1107 197 43 21 nr
1168 188 41 30 42
1228 187 39 31 år
1287 187 84 31 1970
1667 187 15 29 1

876 491 64 41 Nr
957 492 54 39 42

399 605 184 29 Utlåtande
608 605 10 29 i
640 603 189 40 anledning
851 612 42 21 av
915 603 127 39 Kungl.
1065 602 125 39 Maj:ts
1213 601 216 40 proposition
1453 601 80 29 med
1555 600 132 39 förslag

599 667 51 30 till
671 667 54 40 lag
746 676 56 20 om
824 665 148 41 ändring
994 665 10 30 i
1024 665 98 40 lagen
1148 664 119 36 (1962:
1282 664 82 35 381)
1388 673 56 21 om
1466 663 131 31 allmän
1617 663 71 40 för-

597 730 153 40 säkring,
788 739 33 20 m.
846 738 45 28 m.,
917 729 105 30 såvitt
1046 728 262 40 propositionen
1333 727 180 30 hänvisats
1541 726 52 30 till
1619 727 69 39 lag-

599 793 144 37 utskott,
762 793 108 39 jämte
889 792 182 29 motioner.

246 903 131 30 Genom
402 912 42 20 en
469 902 67 30 den
561 902 19 30 6
605 911 94 20 mars
727 901 82 30 1970
834 900 219 40 dagtecknad
1077 900 226 39 proposition,
1330 908 41 20 nr
1397 898 50 35 60,
1473 898 64 29 har
1562 897 126 40 Kungl.

201 958 115 39 Maj:t,
336 957 111 30 under
464 956 219 40 åberopande
701 965 42 21 av
760 955 263 40 propositionen
1040 954 139 39 bilagda
1196 953 126 40 utdrag
1340 962 43 21 av
1401 951 288 41 statsrådsproto-

201 1012 108 29 kollet
326 1012 79 29 över
424 1010 260 30 socialärenden
702 1009 66 30 och
783 1009 174 40 lagrådets
975 1008 183 40 protokoll,
1178 1007 180 40 föreslagit
1374 1006 188 39 riksdagen
1580 1008 50 28 att

247 1065 73 29 dels
337 1067 126 37 antaga
479 1065 41 29 de
535 1064 58 29 vid
608 1064 263 40 propositionen
887 1062 124 40 fogade
1027 1062 176 39 förslagen
1221 1062 50 29 till

252 1119 34 34 1)
316 1120 56 39 lag
388 1128 57 20 om
463 1119 148 39 ändring
628 1118 12 30 i
657 1119 101 38 lagen
781 1117 117 35 (1962:
915 1117 80 34 381)
1018 1125 57 21 om
1094 1116 129 30 allmän
1241 1115 211 39 försäkring,

250 1173 36 34 2)
316 1174 56 38 lag
391 1182 56 20 om
467 1173 148 38 ändring
633 1172 11 29 i
664 1172 100 39 lagen
789 1170 213 36 (1954:243)
1026 1179 57 20 om
1101 1168 428 42 yrkesskadeförsäkring,

250 1227 37 34 3)
316 1227 56 39 lag
392 1235 56 21 om
469 1226 148 39 ändring
635 1226 12 29 i
666 1226 100 38 lagen
791 1224 117 35 (1956:
925 1224 80 34 293)
1030 1232 56 21 om
1106 1223 194 39 ersättning
1320 1222 35 31 åt
1375 1222 231 34 smittbärare,

250 1281 37 34 4)
317 1281 55 39 lag
392 1289 57 21 om
469 1280 143 29 fortsatt
631 1279 201 38 försäkring
852 1278 107 39 enligt
978 1278 100 38 lagen
1103 1276 117 35 (1954:
1238 1276 80 34 774)
1342 1276 80 30 med
1443 1275 174 30 särskilda
1637 1275 55 29 be-

207 1334 218 30 stämmelser
447 1343 57 20 om
525 1333 144 39 frivillig
691 1330 441 41 sjukpenningförsäkring
1154 1331 10 29 i
1188 1330 131 30 allmän
1341 1329 200 37 sjukkassa,

248 1389 73 29 dels
344 1389 54 29 till
421 1387 181 40 Täckning
627 1396 42 20 av
691 1385 266 30 merkostnader
981 1384 54 31 för
1058 1384 122 39 bidrag
1203 1384 54 29 till
1282 1382 331 40 sjukförsäkringen
1638 1382 54 29 för

203 1443 206 39 budgetåret
438 1441 138 33 1970/71
605 1440 112 30 under
744 1439 107 30 femte
876 1438 225 30 huvudtiteln
1128 1438 121 29 anvisa
1276 1439 48 28 ett
1351 1437 273 40 förslagsanslag
1651 1445 42 20 av

207 1497 60 30 120
282 1496 63 30 000
360 1496 62 30 000
446 1496 141 29 kronor.

250 1577 267 39 Propositionen
540 1576 64 29 har
629 1574 223 30 beträffande
877 1573 190 30 anvisande
1094 1582 42 20 av
1161 1573 120 38 anslag
1306 1572 181 29 hänvisats
1512 1571 53 30 till
1592 1572 101 28 stals-

206 1632 171 30 utskottet
403 1630 65 30 och
493 1630 12 30 i
530 1630 111 39 övrigt
666 1629 53 30 till
744 1628 203 40 lagutskott.
975 1627 13 29 I
1015 1626 220 31 sistnämnda
1260 1626 55 30 del
1340 1626 65 29 har
1431 1625 262 40 propositionen

206 1686 208 30 behandlats
432 1694 42 20 av
491 1684 110 30 andra
618 1683 238 40 lagutskottet.

252 1767 13 28 I
282 1765 169 31 samband
466 1765 79 29 med
560 1763 264 41 propositionen
836 1763 65 29 har
916 1763 172 29 utskottet
1102 1761 190 30 behandlat
1307 1760 157 40 följande
1478 1761 12 28 i
1506 1759 187 39 anledning

208 1830 41 20 av
268 1820 205 29 densamma
490 1819 126 29 väckta
634 1818 181 29 motioner.

255 1875 34 33 1)
319 1874 29 29 I:
367 1873 81 31 10838
466 1883 42 20 av
523 1873 80 29 herr
622 1871 193 30 Österdahl.

254 1928 35 34 2)
320 1928 45 29 II:
385 1927 81 30 1268
483 1936 41 20 av
540 1926 81 29 herr
637 1925 188 40 Börjesson
840 1925 13 29 i
868 1924 227 39 Glömminge.

253 1982 37 33 3)
319 1982 46 28 II:
384 1981 82 29 1269
485 1990 40 20 av
544 1980 57 30 fru
619 1979 189 30 Marklund
825 1979 65 29 och
906 1978 81 30 herr
1005 1978 249 29 Hermansson.

557 2118 304 48 Propositionens
878 2115 278 48 huvudsakliga
1174 2114 169 37 innehåll

258 2206 12 29 I
292 2205 262 40 propositionen
577 2205 95 38 läggs
695 2204 91 29 fram
810 2203 131 39 förslag
964 2211 74 21 som
1064 2201 110 40 syftar
1197 2201 53 30 till
1272 2202 51 28 att
1345 2199 204 40 genomföra
1570 2198 127 41 princi-

212 2268 68 31 pen
301 2268 56 21 om
377 2258 242 37 jämställdhet
639 2257 129 30 mellan
787 2256 83 30 män
890 2256 65 29 och
974 2255 150 30 kvinnor
1144 2255 96 29 inom
1262 2253 340 40 sjukförsäkringen.
1623 2252 74 30 Den

213 2313 204 30 nuvarande
438 2310 448 39 hemmafruförsäkringen
906 2310 107 39 byggs
1036 2311 39 27 ut
1096 2309 53 29 till
1171 2310 51 28 att
1243 2308 148 29 omfatta
1413 2308 85 29 även
1519 2307 179 30 hemarbe-

212 2367 106 31 tande
340 2367 83 30 män
447 2365 65 31 och
534 2365 67 30 blir
624 2364 103 31 alltså
750 2373 43 20 en
816 2362 457 39 hemmamakeförsäkring.
1298 2362 53 29 En
1375 2360 246 31 motsvarande
1645 2360 53 29 ut-

214 2420 167 40 vidgning
413 2418 148 31 föreslås
596 2428 42 20 av
672 2418 66 30 den
772 2416 165 40 frivilliga
971 2414 496 42 sjukpenningförsäkringen.
1502 2413 196 40 Ändringar

215 2474 146 30 föreslås
384 2473 106 29 också
511 2473 10 29 i
543 2472 159 39 reglerna
723 2480 56 20 om
800 2470 209 39 barntillägg
1030 2469 53 30 till
1106 2468 248 40 sjukpenning.

258 2528 144 39 Förslag
426 2526 95 40 läggs
547 2526 86 30 även
657 2525 92 30 fram
774 2533 56 21 om
856 2523 154 30 ändrade
1034 2522 111 40 regler
1170 2522 55 30 för
1250 2520 448 41 sjukpenningklassplace-

217 2592 12 29 1
246 2609 44 3 —
303 2589 135 40 Bihang
456 2588 51 30 till
524 2587 205 39 riksdagens
745 2585 176 41 protokoll
939 2584 94 31 1970.
1050 2585 20 30 9
1086 2584 100 31 saml.
1203 2584 19 30 2
1240 2583 76 31 avd.
1332 2584 49 30 Nr
1397 2583 41 31 42
