1892 2834
290 155 42 32 52

721 153 257 33 Statsutskottets
1000 152 169 32 utlåtande
1192 152 53 31 Nr
1267 154 76 29 155.

654 230 36 37 a)
714 233 54 30 att
788 231 128 32 skolan
936 230 12 31 i
969 229 168 33 medeltal
1159 229 67 31 har
1246 229 110 31 minst
1377 229 40 30 12
1437 228 191 37 lärjungar
1648 228 14 31 i
1683 229 103 37 varje

611 280 167 47 årsklass,
1258 313 5 4 .

653 337 36 37 b)
713 339 54 30 att
784 337 126 32 skolan
928 336 312 37 fortsättningsvis
1256 336 210 36 uppbygges
1482 335 42 31 år
1541 335 57 32 för
1614 336 43 31 år
1675 335 14 31 i
1704 344 81 22 oav-

614 391 129 32 bruten
764 390 102 37 följd,

650 443 31 37 ce)
706 446 54 30 att
783 443 64 32 vid
870 443 127 32 skolan
1020 442 122 33 finnas
1166 442 181 32 ordinarie
1370 442 121 32 lärare
1513 441 58 33 till
1594 443 53 31 ett
1672 441 110 37 antal,

610 508 76 22 som
707 497 80 32 med
808 507 44 22 en
874 496 227 37 understiger
1124 497 136 31 antalet
1281 496 199 32 årsklasser
1501 495 13 32 i
1535 495 137 37 skolan,
1694 494 89 33 dock

613 553 53 30 att
690 551 63 32 vid
774 550 101 32 skola
897 550 80 32 med
999 550 127 32 enbart
1149 549 165 38 praktisk
1336 549 91 37 linje
1449 548 124 33 endast
1597 549 74 32 fem
1692 548 92 32 ordi-

612 605 101 31 narie
738 604 120 32 lärare
882 604 136 32 behöva
1042 604 175 31 anställas
1241 603 64 32 och
1330 605 55 30 att
1409 613 46 22 av
1480 602 79 33 dem
1582 601 69 34 den
1676 602 108 32 femte

611 658 145 32 läraren
780 658 154 32 behöver
959 657 174 32 tillsättas
1158 657 90 32 först
1271 656 63 32 vid
1359 655 129 38 sjunde
1511 656 160 32 klassens
1697 664 85 28 upp-

612 711 176 37 rättande,
807 713 94 30 samt
921 713 53 31 att
993 711 121 32 rektor
1134 710 188 32 förordnas
1342 709 64 32 vid
1425 709 67 33 den
1509 719 73 28 nya
1599 708 184 39 organisa-

611 766 141 32 tionens
772 764 230 37 påbörjande,
1023 766 171 30 ävensom

653 819 35 36 d)
713 821 54 30 att
787 819 127 32 skolan
934 818 13 32 i
968 818 120 37 övrigt
1110 818 13 31 i
1143 817 220 38 tillämpliga
1382 816 100 32 delar
1502 819 40 29 är
1564 816 186 33 anordnad
1770 816 12 31 i

612 872 159 38 enlighet
795 872 81 32 med
901 871 43 33 de
969 872 55 32 för
1049 871 208 32 kommunal
1282 870 192 32 flickskola
1499 869 168 38 gällande
1693 870 88 32 före-

613 925 158 33 skrifter.

1163 1012 68 34 HI.

656 1094 69 31 För
742 1093 298 32 utbekommande
1055 1103 47 21 av
1117 1092 217 36 statsbidrag
1351 1091 114 37 enligt
1481 1091 66 31 här
1562 1100 95 22 ovan
1672 1090 113 32 under

617 1146 17 32 I
652 1147 64 32 och
735 1147 38 31 II
792 1147 112 36 givna
921 1146 224 37 stadganden
1163 1146 87 31 böra
1267 1145 128 31 hinder
1413 1144 34 37 ej
1465 1146 96 30 möta
1579 1144 128 32 därav:

654 1198 33 38 a)
713 1202 53 30 att
787 1209 50 27 ny
858 1199 111 37 skola,
988 1198 362 37 parallellavdelning
1371 1198 88 32 eller
1481 1197 224 37 lärartjänst,
1727 1197 55 31 för

614 1253 122 32 vilken
757 1252 221 38 statsbidrag
999 1253 72 31 kan
1092 1253 99 36 utgå,
1213 1252 90 32 först
1324 1251 114 32 under
1461 1250 250 33 kalenderåret
1732 1249 51 32 in-

614 1308 132 31 rättats
767 1307 86 31 eller
875 1305 112 33 under
1007 1305 250 32 kalenderåret
1278 1305 167 38 upphört,
1466 1305 13 30 i
1499 1304 100 32 vilka
1620 1303 67 33 fall
1707 1303 76 32 sko-

614 1360 61 31 lan
699 1362 85 35 äger
809 1359 186 33 bekomma
1018 1358 221 37 statsbidrag
1264 1358 13 31 i
1302 1357 227 33 förhållande
1553 1357 59 32 till
1635 1356 69 33 den
1728 1355 56 33 del

615 1423 46 21 av
681 1413 143 36 läsåret,
846 1411 306 38 undervisningen
1172 1412 136 36 pågått,
1329 1411 88 32 eller

654 1465 35 37 b)
714 1468 54 30 att
786 1465 114 33 under
918 1465 250 32 kalenderåret
1186 1463 311 33 statsunderstödd
1514 1464 100 32 skola
1632 1463 13 32 i
1663 1462 120 33 veder-

615 1520 115 37 börlig
747 1518 154 38 ordning
918 1518 190 33 ombildats
1124 1518 59 32 till
1199 1518 206 32 kommunal
1423 1516 200 38 flickskola,
1640 1516 13 32 i
1670 1516 112 32 vilket

615 1573 67 32 fall
717 1572 220 37 statsbidrag
974 1572 92 32 skall
1101 1573 90 36 utgå
1226 1571 55 32 för
1316 1570 156 32 vardera
1505 1570 126 32 skolan
1666 1569 13 32 i
1714 1570 70 32 för-

615 1626 167 32 hållande
805 1626 59 31 till
888 1625 68 32 den
980 1624 56 33 del
1060 1635 46 21 av
1128 1625 143 36 läsåret,
1295 1634 76 22 som
1394 1623 308 37 undervisningen
1724 1624 60 36 på-

616 1681 77 36 gått
730 1679 113 37 enligt
882 1678 41 32 de
962 1679 54 31 för
1055 1677 42 33 de
1135 1677 177 33 särskilda
1349 1677 225 32 skolarterna
1610 1676 174 37 stadgade

617 1733 166 37 grunder,
804 1732 87 32 eller

656 1785 30 37 c)
712 1787 53 31 att
795 1785 308 37 undervisningen
1132 1784 113 38 enligt
1275 1783 242 38 vederbörligt
1547 1782 238 38 medgivande

616 1839 186 32 avkortats
821 1840 47 35 på
889 1838 117 37 grund
1026 1848 46 21 av
1091 1837 158 32 rådande
1270 1837 202 32 smittosam
1491 1836 166 38 sjukdom
1677 1836 108 33 bland

615 1892 207 32 människor
854 1892 86 32 eller
972 1891 162 37 husdjur,
1166 1891 13 31 i
1210 1890 122 33 vilken
1362 1890 170 32 händelse
1563 1889 220 37 statsbidrag

617 1946 91 32 skall
736 1947 88 35 utgå
853 1944 80 32 med
961 1954 136 22 samma
1125 1945 137 35 belopp,
1290 1954 75 21 som
1394 1954 57 21 om
1480 1942 305 38 undervisningen

616 1999 173 33 bedrivits
808 1999 13 31 i
840 1999 104 36 eljest
963 1998 161 32 bestämd
1141 1997 230 37 omfattning,
1390 1998 87 31 eller

656 2051 35 37 d)
717 2055 53 29 att
797 2053 120 31 lärare
945 2052 58 31 till
1030 2050 289 33 förekommande
1347 2061 47 21 av
1421 2050 205 32 smittofara
1654 2060 47 22 av
1728 2059 55 22 ve-

616 2105 220 33 derbörande
858 2104 212 38 myndighet
1094 2103 194 38 förbjudits
1312 2106 54 30 att
1389 2103 214 38 tjänstgöra,
1626 2103 13 31 i
1663 2102 121 32 vilken

617 2159 168 32 händelse
801 2157 231 38 statsbidrag,
1050 2158 158 32 förutom
1225 2158 58 31 till
1299 2156 160 33 vikaries
1478 2155 209 38 avlönande,
1705 2166 79 21 var-

620 2223 56 21 om
691 2213 65 31 här
772 2222 94 21 ovan
881 2212 114 31 under
1009 2211 19 31 I
1046 2210 178 37 förmäles,
1238 2210 93 32 skall
1347 2211 89 35 utgå
1451 2209 57 33 till
1524 2209 201 32 avlönande
1742 2219 44 22 av

618 2265 67 33 den
712 2266 83 31 från
822 2264 245 38 tjänstgöring
1095 2263 198 38 avstängde
1318 2264 146 31 läraren
1490 2262 79 33 med
1594 2263 190 32 oavkortat

617 2319 136 36 belopp,
773 2317 89 33 dock
881 2318 78 32 icke
978 2318 55 31 för
1053 2317 127 38 längre
1200 2317 53 32 tid
1271 2320 46 29 än
1336 2316 106 37 högst
1461 2326 61 22 sex
1539 2315 186 37 månader;

656 2370 31 37 e)
712 2371 217 37 bemyndiga
961 2371 134 36 Kungl.
1129 2370 111 37 Maj:t
1272 2372 53 30 att
1358 2370 13 30 i
1404 2370 107 36 fråga
1541 2379 57 22 om
1629 2369 155 36 tillämp-

617 2425 134 37 ningen
777 2435 46 21 av
849 2425 43 31 de
917 2424 111 32 under
1055 2424 120 31 I-III
1202 2423 158 37 angivna
1387 2423 156 37 grunder
1569 2422 150 33 utfärda
1744 2422 42 32 de

618 2482 166 29 närmare
813 2478 236 36 föreskrifter,
1078 2477 110 37 vilka,
1218 2477 12 31 i
1258 2476 243 37 huvudsaklig
1530 2477 255 31 överensstäm-
