1914 2852
524 153 110 29 Andra
653 153 223 35 lagutskottets
894 152 165 30 utlåtande
1080 152 48 29 Nr
1147 156 49 31 23,
1613 155 16 30 1

786 384 61 41 Nr
873 384 62 41 23.

563 521 120 28 Ankom
706 521 47 28 till
776 520 172 33 riksdagens
973 519 97 28 kansli
1093 518 57 29 den
1175 521 15 26 1
1216 519 74 33 april
1315 519 79 27 1930
1419 517 38 28 kl.
1484 517 38 28 12
1546 526 40 19 m.

346 626 181 33 Utlåtande
544 628 12 30 i
573 625 179 39 anledning
771 637 41 21 av
830 625 99 32 väckt
947 626 125 31 motion
1089 636 51 21 om
1158 626 69 30 viss
1244 622 142 39 ändring
1405 625 12 29 i
1433 623 44 32 40
1493 621 21 40 $
1530 621 98 39 lagen

567 688 51 21 om
641 675 242 40 fattigvården.

168 786 19 31 I
210 797 40 21 en
274 785 88 32 inom
386 785 108 32 första
519 784 193 33 kammaren
737 784 112 41 väckt,
874 784 54 32 till
951 783 190 39 lagutskott
1165 783 164 33 hänvisad
1353 782 133 39 motion,
1511 794 40 19 nr
1576 782 52 37 39,

123 834 113 33 vilken
252 834 196 34 behandlats
465 847 43 21 av
523 835 106 33 andra
645 834 233 39 lagutskottet,
896 834 61 32 har
971 834 77 32 herr
1066 834 197 32 Granström
1279 832 181 39 hemställt,
1476 835 52 30 att
1544 831 84 34 riks-

122 885 106 38 dagen
246 886 102 32 måtte
366 885 141 39 besluta,
525 889 51 29 att
595 886 41 32 40
656 885 18 39 $
692 886 17 31 2
728 897 97 21 mom.
843 885 12 32 i
873 885 98 38 lagen
990 896 51 20 om
1060 884 231 39 fattigvården
1309 883 61 33 den
1390 884 40 31 14
1447 883 73 38 juni
1541 883 84 32 1918

123 936 54 32 får
196 936 148 38 följande
362 935 145 33 ändrade
525 935 143 39 lydelse:

169 995 99 32 Mom.
287 996 31 31 2.
359 995 74 32 Har
450 995 35 32 åt
502 1014 45 3 —
563 1014 46 3 —
625 1014 44 3 —
687 993 128 34 erhålla
833 993 204 39 gottgörelse
1054 993 73 33 med
1144 992 119 39 belopp
1283 992 233 33 motsvarande
1533 992 96 38 utgå-

125 1037 80 32 ende
224 1037 199 38 dagsavgift
441 1036 57 33 vid
518 1040 169 29 närmaste
708 1040 127 29 statens
856 1036 126 33 anstalt
1002 1036 54 32 för
1075 1035 211 38 sinnessjuka
1307 1035 81 32 eller
1405 1035 74 32 med
1498 1034 132 33 hälften

125 1091 42 20 av
186 1079 154 39 verkliga
359 1079 279 38 vårdkostnaden,
661 1079 113 32 därest
795 1079 105 32 denna
921 1078 92 33 hälft
1034 1078 184 39 överstiger
1238 1078 62 33 här
1320 1078 146 38 angivna
1489 1077 141 38 dagsav-

125 1122 79 38 gift.
248 1122 74 38 Lag
342 1133 128 21 samma
490 1134 80 20 vare
592 1121 72 39 ock,
687 1133 51 20 om
760 1121 12 32 i
795 1121 155 32 förbidan
971 1121 44 38 på
1037 1121 61 32 den
1121 1120 112 39 sjukes
1257 1120 180 38 intagande
1458 1120 20 32 å
1503 1123 126 29 statens

125 1164 125 33 anstalt
272 1164 54 33 för
347 1164 212 38 sinnessjuka
580 1164 82 32 eller
683 1165 20 31 å
725 1163 131 33 enskild
876 1163 250 38 vederbörligen
1147 1163 157 38 godkänd
1326 1163 102 32 sådan
1450 1162 61 33 den
1534 1161 96 39 sjuke

125 1206 132 34 beredes
277 1207 83 32 vård
381 1207 19 32 å
421 1218 116 27 genom
558 1206 199 32 kommunen
778 1206 183 38 upprättad
981 1205 146 39 enklare,
1149 1217 43 21 av
1211 1204 241 40 tjänsteläkare
1473 1204 157 39 godkänd

125 1249 357 39 upptagningsanstalt
502 1249 82 32 eller
606 1248 100 33 också
727 1249 134 33 beredes
883 1248 316 33 tillfredsställande
1221 1248 82 33 vård
1324 1248 60 32 hos
1406 1247 132 33 enskild
1558 1258 72 28 per-

126 1304 68 22 son.
233 1292 223 38 Landstinget
474 1296 80 34 äger
572 1311 46 3 —
633 1311 44 3 —
694 1311 45 4 —
756 1291 155 33 befinnas
930 1290 175 40 lämpliga.

167 1383 225 34 Beträffande
409 1385 38 33 de
466 1384 86 40 skäl,
571 1396 69 21 som
658 1384 131 33 anförts
807 1384 55 33 till
880 1384 74 33 stöd
973 1384 55 32 för
1043 1384 139 32 berörda
1198 1383 210 40 hemställan,
1427 1383 56 32 får
1500 1382 128 33 utskot-

123 1438 48 30 tet
186 1435 142 33 hänvisa
343 1435 55 32 till
414 1435 177 33 motionen.

168 1532 88 35 Över
272 1535 166 32 motionen
456 1535 62 32 har
537 1535 174 39 utskottet,
739 1536 5 31 i
763 1535 62 32 den
845 1534 140 39 ordning
1007 1534 18 39 $
1046 1536 41 31 46
1108 1534 341 39 riksdagsordningen
1469 1533 160 34 föreskri-

124 1597 67 28 ver,
216 1585 118 39 begärt
359 1585 178 39 yttranden
562 1597 42 20 av
629 1585 344 39 medicinalstyrelsen
998 1585 61 32 och
1084 1588 126 30 statens
1234 1584 172 39 inspektör
1431 1584 52 33 för
1510 1584 118 39 fattig-

123 1636 83 32 vård
230 1636 60 32 och
313 1635 199 34 barnavård.
558 1635 51 32 De
632 1635 189 39 yttranden,
847 1646 68 21 som
938 1635 12 32 i
973 1635 180 38 anledning
1175 1635 106 32 härav
1302 1635 140 32 kommit
1463 1634 166 33 utskottet

123 1685 53 32 till
198 1685 120 40 handa,
342 1685 113 33 finnas
479 1685 123 39 fogade
626 1686 108 32 såsom
756 1685 132 38 bilagor
908 1685 58 33 vid
989 1685 91 33 detta
1102 1685 189 39 utlåtande;
1313 1685 60 33 och
1394 1685 160 33 hänvisar
1576 1688 51 30 ut-

123 1735 125 35 skottet
266 1735 55 33 till
340 1735 185 33 desammas
545 1735 159 34 innehåll.

168 1835 173 33 Utskottet
357 1835 171 39 behjärtar
546 1836 39 33 de
603 1836 114 39 motiv,
737 1848 69 20 som
826 1835 160 33 föranlett
1003 1836 262 38 ifrågavarande
1281 1836 133 34 motion.
1455 1836 174 33 Utskottet

123 1885 62 32 har
203 1885 183 33 emellertid
403 1886 12 31 i
434 1885 108 33 likhet
560 1886 74 32 med
654 1885 344 39 medicinalstyrelsen
1018 1886 60 32 och
1098 1889 125 30 statens
1244 1886 172 39 inspektör
1436 1887 53 32 för
1509 1887 118 39 fattig-

124 1936 82 32 vård
227 1936 60 32 och
308 1936 187 31 barnavård
515 1936 73 32 icke
610 1936 114 32 funnit
744 1936 75 32 skäl
842 1936 166 38 föreligga
1029 1940 51 28 att
1101 1936 132 32 biträda
1255 1937 220 32 motionärens
1498 1937 132 38 förslag

125 1998 50 19 om
195 1986 183 38 ändringar
394 1986 12 31 i
425 1986 39 32 de
483 1986 193 32 nuvarande
695 1986 292 32 bestämmelserna
1007 1998 51 20 om
1078 1987 202 37 gottgörelse
1301 1987 53 31 för
1373 1987 255 32 kommunernas

125 2036 261 39 ifrågavarande
408 2036 240 33 vårdkostnad.
695 2036 175 33 Utskottet
892 2037 127 32 tillåter
1041 2037 53 38 sig
1119 2037 209 32 fördenskull
1352 2037 187 39 hemställa,

477 2125 52 28 att
552 2121 217 33 förevarande
791 2121 123 32 motion
935 2120 74 34 icke
1030 2122 102 32 måtte
1153 2121 54 33 till
1230 2123 109 37 någon
1362 2122 196 39 riksdagens
1580 2123 48 32 åt-

431 2171 84 37 gärd
537 2171 185 32 föranleda.

169 2270 191 33 Stockholm
381 2271 58 32 den
462 2272 15 30 1
497 2271 88 38 april
607 2272 94 31 1930.

569 2345 49 33 På
643 2346 103 31 andra
771 2345 241 38 lagutskottets
1037 2351 144 32 vägnar:

687 2412 44 33 K.
752 2411 41 33 G.
812 2411 252 33 WESTMAN.

161 2558 117 34 Bihang
301 2558 47 28 till
371 2558 172 34 riksdagens
565 2559 142 34 protokoll
732 2561 90 26 1930.
868 2561 17 26 9
908 2559 83 27 saml.
1039 2561 17 26 2
1080 2559 63 28 avd.
1191 2562 38 25 18
1253 2559 74 34 häft.
1374 2556 57 35 (Nr
1455 2557 69 34 23.)
1570 2563 14 26 1

1664 1844 151 27 Utskottet.
