1918 2854
529 149 108 28 Andra
660 149 222 34 lagutskottets
905 148 162 29 utlåtande
1091 148 48 29 Nr
1154 152 48 26 23.
1610 148 18 30 3

118 244 120 33 Kungl.
258 242 338 34 Medicinalstyrelsen.

1393 294 123 38 Bilaga
1538 294 43 32 ÅA.

471 594 81 34 Till
578 593 262 43 Riksdagens
867 592 133 34 andra
1033 592 241 44 lagutskott.

166 686 124 33 Genom
315 684 292 34 ämbetsskrivelse
632 684 61 32 den
718 685 39 32 31
783 684 134 38 januari
944 684 83 32 1930
1053 683 62 32 har
1140 683 368 39 socialdepartementet
1532 683 96 33 anbe-

121 729 79 33 fallt
218 727 343 39 medicinalstyrelsen
581 731 50 28 att
649 727 54 32 till
722 727 90 31 Eder
830 726 123 38 avgiva
972 726 157 38 yttrande
1149 731 76 27 över
1244 738 38 20 en
1302 727 87 32 inom
1411 727 107 32 första
1537 726 91 33 kam-

120 783 112 20 maren
252 770 101 33 väckt
372 770 135 38 motion,
528 781 39 20 nr
588 769 52 38 39,
662 780 51 21 om
733 768 69 32 viss
825 768 145 38 ändring
989 768 12 31 i
1022 769 42 31 40
1086 767 19 39 8
1126 767 98 38 lagen
1245 779 52 21 om
1320 768 242 38 fattigvården.

162 814 19 32 I
199 814 165 32 motionen
385 812 207 38 framhålles,
614 815 49 29 att
682 811 343 37 omhändertagandet
1044 811 60 32 och
1125 810 200 33 beredandet
1347 823 42 20 av
1409 811 84 32 vård
1517 811 36 32 åt
1575 811 49 32 så-

121 857 87 31 dana
233 855 222 39 sinnessjuka,
481 867 68 20 som
575 854 29 38 ej
629 854 74 32 med
727 865 84 27 egna
835 853 108 33 medel
968 853 111 32 kunde
1105 853 148 32 bestrida
1280 853 51 32 sin
1357 853 163 38 sjukvård
1547 853 80 33 eller

118 910 116 27 genom
259 898 186 39 närskylda
471 896 370 39 försörjningspliktiga
866 896 129 33 erhålla
1020 896 114 38 sådan,
1159 907 78 21 vore
1265 899 49 29 ett
1338 896 190 38 åliggande,
1555 907 69 21 som

120 942 140 32 särskilt
279 942 53 31 för
350 941 127 33 mindre
495 940 194 33 kommuner
706 940 109 33 kunde
836 939 92 32 bliva
948 939 129 38 ganska
1099 939 222 37 betungande.
1365 939 68 32 Det
1453 951 77 20 vore
1553 939 73 32 där-

120 985 53 31 för
191 984 176 38 naturligt,
386 987 52 28 att
456 982 260 34 statsmakterna
734 985 119 35 ansett,
874 985 52 30 att
945 982 105 32 denna
1070 981 104 32 börda
1195 981 53 32 för
1266 981 297 33 åstadkommande
1584 993 43 20 av

118 1027 189 38 utjämning
329 1026 109 33 skulle
460 1026 97 32 bäras
580 1029 205 34 gemensamt
806 1037 42 20 av
872 1025 62 32 den
957 1027 104 30 större
1084 1024 209 38 kommunen,
1317 1024 217 38 landstinget.
1558 1024 66 32 En-

120 1070 64 37 ligt
201 1069 222 32 motionärens
443 1069 133 37 mening
593 1068 84 32 hade
696 1068 89 32 detta
803 1067 74 33 icke
897 1067 90 32 skett
1007 1067 11 31 i
1038 1066 188 38 tillräcklig
1248 1066 216 39 omfattning.
1509 1066 118 32 »Kvar

121 1113 70 31 står
211 1112 94 38 allt»,
326 1112 135 32 anföres
481 1111 11 32 i
512 1111 175 38 motionen,
710 1111 75 31 »för
805 1110 240 32 kommunerna
1067 1110 39 32 de
1127 1109 190 39 kostnader,
1342 1120 70 21 som
1433 1109 124 38 uppstå
1579 1109 47 31 in-

119 1167 64 20 nan
208 1155 61 32 den
294 1154 97 38 sjuke
413 1154 130 31 kunnat
567 1153 128 33 erhålla
719 1152 83 33 vård
827 1153 19 32 å
871 1153 110 37 någon
1011 1155 126 29 statens
1163 1151 127 33 anstalt
1314 1152 82 32 eller
1420 1151 203 33 statsunder-

122 1197 97 32 stödd
244 1196 131 33 enskild
400 1197 137 32 anstalt.
585 1196 18 31 I
630 1196 326 38 fattigvårdslagens
983 1197 41 31 40
1052 1194 18 39 $
1098 1196 16 30 1
1143 1207 96 20 mom.
1266 1195 149 38 stadgas,
1442 1199 50 28 att
1519 1195 111 32 därest

119 1239 183 33 kostnaden
326 1239 29 38 ej
379 1238 68 33 kan
470 1242 136 35 uttagas
628 1250 42 21 av
693 1238 60 32 den
776 1237 147 33 vårdade
950 1237 81 33 eller
1054 1238 53 31 för
1131 1237 118 32 honom
1275 1236 352 39 försörjningspliktig

119 1293 130 28 person,
275 1282 36 32 så
335 1281 90 33 skall
451 1281 104 32 denna
579 1281 111 38 utgift
713 1284 174 35 gottgöras
914 1292 42 20 av
983 1280 54 32 det
1063 1279 183 38 landsting,
1273 1279 88 33 inom
1387 1291 78 21 vars
1493 1279 133 33 område

120 1324 389 38 fattigvårdssamhället
530 1329 37 27 är
585 1323 144 39 beläget.
773 1323 88 32 Hela
879 1323 240 38 vårdavgiften
1141 1322 128 33 återfås
1292 1322 142 33 sålunda
1455 1323 11 31 i
1491 1322 39 33 de
1552 1322 73 38 fall,

119 1370 51 29 att
186 1367 83 32 vård
285 1366 143 33 erhålles
447 1367 20 32 å
485 1370 125 29 statens
630 1366 135 38 anstalt,
786 1367 19 31 å
826 1365 131 34 enskild
978 1365 290 33 statsunderstödd
1289 1365 128 32 anstalt
1437 1368 87 29 samt
1544 1369 82 28 även

118 1409 58 32 vid
197 1409 260 38 utackordering
478 1409 59 32 hos
560 1408 152 33 enskilda
734 1420 117 26 genom
874 1408 145 32 anstalts
1042 1408 145 37 försorg.

163 1452 74 32 Har
258 1452 150 32 däremot
426 1452 84 32 vård
532 1451 151 33 erhållits
706 1452 20 31 å
748 1463 42 20 av
811 1451 159 31 kommun
992 1450 80 32 eller
1095 1450 87 32 flera
1204 1450 195 32 kommuner
1421 1452 206 35 gemensamt

119 1494 184 38 upprättad
326 1494 138 38 anstalt,
490 1495 36 31 så
548 1494 76 32 sker
647 1494 60 32 den
730 1493 256 37 inskränkning,
1011 1496 51 29 att
1086 1492 117 32 endast
1227 1492 101 32 halva
1356 1492 270 32 vårdkostnaden

119 1540 150 35 ersättes,
293 1536 60 33 och
377 1537 54 32 för
453 1549 42 20 av
517 1536 198 32 kommunen
738 1535 188 33 anskaffad
948 1535 84 33 vård
1055 1535 58 32 hos
1140 1534 152 33 enskilda
1316 1546 157 27 personer
1496 1534 129 32 lämnas

119 1580 99 37 ingen
236 1579 198 39 ersättning.

163 1621 272 39 Uppenbarligen
460 1621 109 38 ligger
591 1622 11 30 i
625 1621 91 32 detta
740 1632 37 21 en
800 1620 244 32 inkonsekvens
1069 1620 60 32 och
1154 1619 227 33 förhållandet
1404 1622 223 35 uppmuntrar

120 1664 72 32 icke
215 1676 38 20 en
275 1664 158 32 kommun
456 1668 51 28 att
528 1665 11 31 i
560 1664 49 32 tid
630 1663 139 38 vidtaga
792 1662 240 33 förberedande
1056 1662 190 38 åtgärder.»

164 1706 206 32 Motionären
389 1718 98 21 anser
507 1706 55 32 det
580 1718 82 20 vara
683 1718 41 20 av
745 1709 84 29 stort
849 1705 142 32 allmänt
1010 1705 150 38 intresse,
1182 1708 50 29 att
1252 1704 238 33 kommunerna
1512 1704 113 32 stimu-

119 1748 128 32 lerades
269 1748 54 32 till
346 1752 51 29 att
421 1749 12 31 i
456 1748 49 32 tid
530 1748 142 38 vidtaga
694 1748 158 38 åtgärder
877 1748 54 32 för
955 1751 52 29 att
1028 1748 57 32 vid
1108 1747 212 32 inträffande
1344 1747 64 32 fall
1433 1759 41 20 av
1501 1747 123 32 sinnes-

121 1790 152 38 sjukdom
294 1790 113 32 kunna
427 1791 111 32 lämna
556 1791 93 37 vård,
671 1791 184 32 åminstone
874 1790 55 32 till
951 1790 72 32 dess
1046 1790 60 32 den
1128 1790 95 37 sjuke
1244 1789 111 33 kunde
1377 1789 136 32 beredas
1536 1788 89 39 plats

120 1833 16 30 å
161 1832 147 39 egentlig
332 1833 212 32 vårdanstalt
568 1833 53 31 för
643 1833 222 38 sinnessjuka.
910 1833 103 32 Detta
1036 1832 120 38 kunde,
1183 1832 105 38 enligt
1312 1832 221 32 motionärens
1560 1831 66 32 för-

119 1875 169 38 menande,
306 1875 59 32 ske
382 1886 117 27 genom
518 1876 225 37 upprättande
761 1887 41 20 av
820 1875 136 32 enklare
974 1874 405 39 upptagningsanstalter,
1401 1874 82 33 dock
1503 1886 42 20 av
1565 1873 61 32 den

119 1921 53 28 art
190 1921 51 28 att
260 1918 38 32 de
317 1917 111 33 kunde
448 1918 194 37 godkännas
662 1930 43 19 av
723 1918 247 31 vederbörande
990 1916 252 39 tjänsteläkare,
1264 1920 88 28 samt
1372 1916 157 38 möjligen
1552 1915 74 33 ock-

119 1960 36 31 så
176 1971 115 26 genom
312 1960 43 37 på
376 1960 144 32 förhand
543 1960 126 32 träffat
691 1960 92 32 avtal
805 1960 74 31 med
903 1959 163 38 lämpliga
1090 1959 152 32 enskilda
1267 1970 166 27 personer,
1459 1963 82 27 även
1564 1958 62 32 här

119 2001 98 32 alltid
237 2002 11 32 i
269 2002 134 32 samråd
424 2002 72 32 med
519 2002 251 37 tjänsteläkare.

164 2044 52 31 En
237 2047 106 35 utväg
364 2048 52 29 att
439 2045 107 31 förmå
568 2044 237 33 kommunerna
829 2047 51 29 att
901 2056 90 20 mera
1014 2044 179 32 intressera
1217 2043 52 38 sig
1291 2044 54 31 för
1367 2043 124 32 sådana
1515 2043 109 37 åtgär-

121 2087 58 30 der
200 2090 113 34 syntes
335 2087 139 37 erbjuda
497 2087 51 37 sig
569 2087 50 31 uti
642 2090 47 28 ett
710 2087 195 38 stadgande,
929 2090 51 28 att
1001 2087 12 32 i
1036 2087 37 32 de
1097 2086 74 33 fall,
1198 2086 42 32 då
1263 2086 61 32 den
1350 2085 95 37 sjuke
1468 2085 12 32 i
1501 2088 124 29 väntan

120 2129 42 37 på
180 2128 179 38 intagning
375 2129 44 38 på
437 2129 317 38 sinnessjukanstalt
771 2131 106 30 måste
894 2129 138 32 beredas
1050 2129 83 32 vård
1151 2130 19 31 å
1189 2128 157 38 godkänd
1364 2128 192 32 kommunal
1573 2139 55 21 an-

120 2171 83 32 stalt
224 2171 79 32 eller
326 2171 135 32 enklare
485 2172 358 37 upptagningsanstalt
867 2171 82 32 eller
974 2183 117 26 genom
1116 2171 216 32 kommunens
1358 2171 132 37 försorg
1515 2170 110 31 bered-

121 2214 56 31 des
201 2214 82 32 vård
306 2214 59 32 hos
390 2214 130 32 enskild
545 2226 128 26 person,
698 2213 270 33 vårdkostnaden
994 2216 141 30 ersattes
1160 2213 73 32 med
1258 2224 129 21 samma
1411 2212 119 38 belopp
1557 2223 70 21 som

121 2255 221 38 dagavgiften
369 2256 19 31 å
414 2259 167 29 närmaste
606 2259 125 29 statens
757 2256 126 32 anstalt
909 2255 81 32 eller
1012 2255 90 32 intill
1126 2255 131 32 hälften
1283 2267 42 20 av
1350 2254 154 38 verkliga
1529 2254 97 32 vård-

120 2297 194 37 kostnaden,
340 2298 60 31 där
423 2298 105 31 denna
551 2298 91 31 hälft
665 2301 169 34 överstege
855 2298 140 31 berörda
1019 2297 192 38 dagavgift.

165 2339 55 31 Nu
250 2337 156 39 gällande
437 2339 247 32 bestämmelser
713 2340 171 37 angående
916 2338 369 39 fattigvårdsstyrelses
1318 2341 69 29 rätt
1417 2341 51 29 att
1499 2337 128 32 erhålla

120 2381 203 37 gottgörelse
347 2381 77 31 från
447 2381 244 32 vederbörande
715 2381 173 38 landsting
914 2382 54 31 för
990 2381 145 37 utgifter
1162 2381 53 31 för
1239 2380 83 32 vård
1348 2392 42 20 av
1415 2379 211 38 sinnessjuka

122 2427 56 27 äro
202 2422 196 33 fastställda
420 2434 114 26 genom
558 2423 97 38 lagen
679 2435 50 20 om
752 2423 231 37 fattigvården
1008 2423 60 32 den
1093 2424 40 30 14
1156 2423 72 37 juni
1254 2423 84 31 1918
1362 2423 41 31 40
1428 2421 18 37 $
1471 2423 28 36 1,
1524 2423 18 30 2
1566 2421 62 32 och

122 2466 17 27 3
161 2476 105 27 mom.,
287 2465 104 32 sådan
413 2465 105 32 denna
539 2466 163 37 paragraf
723 2465 95 38 lyder
839 2465 106 38 enligt
965 2466 96 36 lagen
1084 2465 60 31 den
1168 2466 39 31 18
1226 2465 71 36 juni
1320 2465 95 32 1927.
