1862 2762
267 138 20 29 4
594 141 118 30 Andra
728 141 244 37 lagutskottets
988 142 179 31 utlåtande
1181 152 44 21 nr
1238 145 19 29 8
1273 144 39 30 år
1327 145 84 29 1964

262 228 216 37 prövningen
501 228 163 31 framhöll
688 230 218 36 kommittén,
928 232 50 29 att
1000 232 142 37 stränga
1164 232 259 37 avdragsregler
1443 232 184 31 minskade
1649 233 98 30 bred-

265 280 65 30 den
355 290 42 20 av
421 282 57 31 det
502 281 263 37 inkomstskikt,
789 283 94 30 inom
906 284 108 31 vilket
1038 285 89 30 ökad
1152 285 155 30 inkomst
1329 286 52 31 till
1406 285 89 37 följd
1519 296 42 22 av
1584 287 161 36 avdrags-

263 334 155 37 reglerna
444 334 100 31 ledde
569 335 51 30 till
645 336 163 30 minskad
833 337 156 37 pension.
1014 338 66 30 Vid
1105 347 42 21 en
1172 338 261 38 uppmjukning
1458 348 42 21 av
1525 339 222 37 avdragsreg-

262 387 97 30 lerna
381 387 78 31 blev
483 388 115 30 denna
621 389 131 30 verkan
777 399 42 21 av
842 399 42 21 en
907 391 289 38 inkomstökning
1219 392 166 30 märkbar
1409 392 56 30 för
1487 392 99 37 flera,
1609 393 65 30 och
1697 393 49 29 ef-

263 440 118 30 fekten
401 450 42 21 av
462 441 307 39 uppmjukningen
788 443 116 30 kunde
923 444 103 30 alltså
1044 444 12 29 i
1074 444 93 31 vissa
1186 445 61 30 fall
1267 445 47 30 bli
1333 445 66 30 den
1418 447 167 29 motsatta
1604 449 72 28 mot
1695 448 50 28 att

263 493 180 31 stimulera
457 494 54 31 till
528 494 276 37 arbetsinsatser,

305 547 216 30 Kommittén
543 548 118 37 utgick
683 548 81 31 från
785 551 51 29 att
858 550 130 30 allmän
1009 551 286 38 tilläggspension
1318 552 126 30 liksom
1466 552 279 38 tjänstepension

262 600 112 30 skulle
394 609 101 21 anses
515 602 123 36 utgöra
656 602 156 30 inkomst
830 603 56 30 vid
905 603 223 38 tillämpning
1147 613 42 22 av
1207 605 317 37 avdragsreglerna.
1544 606 13 29 I
1577 607 66 29 den
1662 606 82 30 mån

260 653 287 38 tilläggspension
572 654 119 38 utgick
714 655 83 30 kom
822 656 65 29 den
912 656 148 31 sålunda
1085 658 51 30 att
1159 657 72 31 helt
1255 658 83 30 eller
1361 659 108 30 delvis
1495 660 35 29 ta
1555 660 11 29 i
1591 660 153 37 anspråk

262 706 57 30 det
338 716 26 20 s.
378 706 33 32 k.
431 707 218 37 avdragsfria
666 708 171 38 beloppet.
857 709 116 31 Skulle
992 710 11 30 i
1022 710 118 37 dylika
1158 711 61 30 fall
1239 711 264 39 utformningen
1521 722 43 21 av
1582 714 161 37 avdrags-

262 760 155 37 reglerna
436 760 159 31 medföra
613 761 113 38 någon
745 762 249 32 stimulerande
1012 763 111 31 effekt
1140 765 44 37 på
1201 764 239 39 arbetsviljan,
1457 766 112 30 måste
1587 766 155 38 reglerna

261 814 274 37 uppenbarligen
558 814 144 31 mildras
725 815 11 30 i
759 816 137 37 mycket
918 816 68 38 hög
1008 818 95 36 grad,
1125 817 108 32 vilket
1256 818 111 31 skulle
1390 819 36 30 få
1448 819 52 31 till
1524 820 146 30 resultat
1692 821 51 29 att

260 867 86 29 även
362 876 177 28 personer,
556 877 74 21 som
646 868 90 30 hade
752 868 38 31 så
806 871 72 28 stor
893 870 75 30 icke
984 870 287 38 inkomstprövad
1287 872 157 37 pension,
1460 874 51 29 att
1527 873 42 30 de
1584 873 159 37 rimligen

259 919 72 30 inte
355 920 156 30 behövde
535 921 307 38 inkomstprövade
867 922 190 36 förmåner,
1081 923 113 31 skulle
1218 924 141 31 komma
1383 927 50 28 att
1458 925 36 31 få
1519 926 132 31 sådana
1675 926 69 30 för-

259 972 130 33 måner.
417 974 216 30 Kommittén
661 974 164 31 framhöll
853 976 128 35 vidare,
1008 978 52 29 att
1085 977 98 37 varje
1208 978 263 38 uppmjukning
1497 979 99 31 ledde
1621 980 52 30 till
1700 989 43 21 en

260 1026 130 38 ökning
405 1036 42 20 av
463 1026 478 38 folkpensionskostnaderna
958 1029 55 31 för
1028 1030 94 31 såväl
1138 1032 114 29 staten
1267 1041 75 21 som
1356 1032 267 31 kommunerna.
1638 1034 103 29 Kom-

257 1079 124 30 mittén
401 1080 88 30 fann
509 1081 42 29 de
572 1081 149 37 angivna
741 1082 121 30 skälen
882 1084 72 29 mot
973 1091 43 22 en
1036 1084 261 38 uppmjukning
1317 1094 42 22 av
1377 1086 307 38 avdragsreglerna
1704 1087 38 30 så

258 1133 165 37 vägande,
441 1135 52 29 att
511 1143 42 20 en
570 1135 147 36 generell
736 1135 147 38 ändring
900 1136 71 30 inte
986 1136 107 31 borde
1108 1137 142 31 komma
1266 1138 10 30 i
1295 1138 97 38 fråga
1408 1142 108 28 annat
1533 1141 45 29 än
1594 1141 11 29 i
1622 1142 47 28 ett
1686 1150 56 21 av-

260 1187 133 30 seende.

300 1239 129 31 Härvid
451 1240 160 38 åsyftade
630 1241 208 31 kommittén
858 1243 41 29 de
917 1252 27 21 s.
958 1243 33 30 k.
1012 1243 381 39 skärpningsreglerna,
1412 1246 94 30 vilka
1526 1246 146 31 innebar
1691 1248 51 29 att

256 1292 57 30 vid
335 1293 299 38 uppskattningen
656 1304 42 20 av
718 1295 259 38 förmögenhets
998 1297 209 38 avkastning
1228 1299 114 30 denna
1362 1299 114 31 skulle
1495 1300 86 30 ökas
1601 1301 78 30 med
1699 1301 42 30 20

256 1348 144 35 procent
425 1355 43 21 av
492 1347 58 30 det
575 1347 135 38 belopp,
734 1349 141 30 varmed
902 1348 286 39 förmögenheten
1213 1352 156 38 översteg
1394 1352 55 31 för
1472 1352 67 38 gift
1562 1354 180 36 pensions-

257 1399 193 38 berättigad
479 1400 39 30 15
533 1400 62 30 000
621 1400 52 31 kr.
705 1401 73 34 (för
802 1402 124 30 makar
950 1402 234 33 tillsammans
1210 1405 40 30 30
1265 1405 62 31 000
1353 1406 68 35 kr.)
1453 1407 64 30 och
1543 1407 56 31 för
1624 1417 116 21 annan

256 1453 360 38 pensionsberättigad
636 1454 41 30 20
692 1454 62 31 000
774 1455 51 30 kr.
845 1456 215 30 Kommittén
1079 1457 156 36 anförde,
1254 1460 50 29 att
1322 1459 66 30 den
1406 1459 90 38 höga
1515 1460 226 38 skärpnings-

255 1507 188 35 procenten
471 1507 241 38 otvivelaktigt
739 1508 149 30 verkade
915 1509 91 36 hårt,
1033 1510 106 37 något
1166 1520 75 21 som
1269 1512 142 31 särskilt
1440 1513 216 31 framträdde
1683 1524 57 20 om

256 1559 330 38 taxeringsvärdena
613 1560 44 37 på
684 1561 395 39 egnahemsfastigheter
1106 1564 112 31 skulle
1244 1564 102 38 höjas
1373 1575 95 22 mera
1496 1568 169 31 avsevärt.
1692 1568 47 30 På

255 1613 112 36 grund
389 1613 110 30 härav
522 1613 150 38 föreslog
695 1614 219 37 kommittén,
937 1617 50 29 att
1009 1616 401 39 skärpningsprocenten
1432 1620 142 31 sänktes
1597 1620 80 31 från
1698 1621 42 31 20

256 1665 52 31 till
328 1666 49 32 10.

302 1719 12 29 I
335 1719 124 39 Kungl.
480 1720 125 37 Maj:ts
623 1721 217 37 proposition
858 1731 44 21 nr
918 1724 42 29 90
978 1723 40 30 år
1038 1725 83 30 1962
1140 1726 78 29 med
1238 1725 130 39 förslag
1386 1726 52 30 till
1458 1727 54 38 lag
1531 1737 56 21 om
1607 1729 130 30 allmän

255 1772 210 39 försäkring,
504 1783 116 27 m.m.,
659 1774 146 31 anförde
841 1776 254 37 föredragande
1132 1778 396 40 departementschefen,
1566 1781 172 31 stasrådet

253 1826 157 31 Nilsson:

301 1880 118 30 »Efter
447 1880 184 38 slopandet
658 1891 42 20 av
727 1882 373 39 inkomstprövningen
1126 1885 222 32 beträffande
1376 1886 361 39 förtidspensionerna

254 1933 159 30 kommer
437 1934 42 31 de
505 1934 178 30 förmåner
707 1936 95 29 inom
828 1936 420 38 folkpensionssystemet,
1273 1948 73 21 som
1372 1940 154 36 alltjämt
1550 1942 40 29 är
1613 1942 124 30 under-

254 1986 144 31 kastade
450 1987 469 40 inkomstprövning,
947 1991 51 29 att
1015 1991 140 37 utgöras
1174 2001 42 21 av
1232 1992 248 39 hustrutillägg
1497 1994 64 30 och
1579 1995 160 30 kommu-

253 2040 81 29 nala
357 2040 264 38 bostadstillägg
643 2043 91 29 samt
757 2042 277 37 änkepensioner
1055 2044 11 29 i
1088 2044 187 39 anledning
1297 2055 42 22 av
1361 2047 150 30 dödsfall
1534 2047 75 31 före
1630 2049 66 30 den
1720 2050 15 29 1

251 2093 67 36 juli
333 2093 93 30 1960.

298 2146 132 31 Endast
450 2149 50 28 ett
520 2148 98 37 ringa
638 2149 94 29 antal
754 2149 232 39 förmånsslag
1004 2151 69 30 blir
1092 2151 132 32 således
1243 2153 11 30 i
1274 2153 273 39 fortsättningen
1566 2156 170 31 beroende

252 2208 43 21 av
325 2200 339 39 inkomstprövning.
694 2202 80 30 Som
805 2203 208 32 kommittén
1043 2204 138 38 mycket
1210 2205 121 39 riktigt
1360 2207 206 31 framhåller
1594 2209 144 38 betyder

253 2254 94 29 detta
370 2254 88 30 dock
483 2254 83 35 inte,
589 2256 51 29 att
662 2254 373 40 inkomstprövningen
1057 2267 146 22 numera
1227 2259 112 31 skulle
1360 2260 46 31 ha
1428 2261 99 38 ringa
1549 2262 186 38 betydelse.

252 2307 140 30 Antalet
421 2308 228 37 pensionärer
678 2309 78 30 med
786 2309 222 32 kommunalt
1035 2311 264 39 bostadstillägg
1328 2314 64 30 och
1420 2313 249 40 hustrutillägg
1698 2317 38 29 är

252 2360 176 39 nämligen
443 2361 141 37 mycket
601 2363 96 29 stort.
715 2362 52 30 En
783 2363 262 39 uppmjukning
1061 2374 42 21 av
1118 2365 507 41 inkomstprövningsreglerna
1641 2369 94 30 skul-
