1858 2764
292 136 38 31 12

1013 232 32 32 2.

611 139 121 31 Andra
749 139 247 37 lagutskottets
1014 140 179 31 utlåtande
1210 150 44 22 nr
1269 143 20 29 8
1307 141 39 30 år
1364 143 85 29 1964

967 294 136 42 Förslag

1005 354 52 31 till

997 427 70 42 Lag

383 497 57 21 om
455 486 127 33 ändrad
597 487 123 41 lydelse
734 498 43 21 av
793 488 43 34 16
853 488 22 42 &
891 489 98 41 lagen
1004 489 63 31 den
1083 490 43 32 23
1141 490 71 41 maj
1230 490 86 32 1962
1333 488 59 41 (ur
1407 488 85 42 382)
1509 489 172 42 angående

642 532 176 32 införande
833 544 44 22 av
892 533 98 42 lagen
1006 544 56 21 om
1077 534 126 31 allmän
1217 534 203 42 försäkring.

333 616 213 38 Härigenom
566 616 198 37 förordnas,
784 620 51 29 att
856 619 40 30 16
918 619 15 34 8
955 621 99 36 lagen
1074 621 67 30 den
1161 620 41 30 25
1222 620 70 37 maj
1318 620 83 30 1962
1423 620 178 38 angående
1622 620 155 32 införan-

292 669 41 31 de
352 678 44 23 av
416 669 100 38 lagen
537 679 57 21 om
615 670 131 32 allmän
767 671 202 39 försäkring
990 673 88 30 skall
1100 673 133 32 erhålla
1254 673 135 30 ändrad
1412 673 129 37 lydelse
1562 673 44 37 på
1628 674 70 31 sätt
1719 682 58 22 ne-

292 722 68 31 dan
376 722 153 38 angives.

466 801 185 33 (Gällande
675 802 148 37 lydelse)

1225 804 227 37 (Föreslagen
1469 805 146 37 lydelse)

985 857 39 32 16
1051 857 27 34 8.

334 907 316 31 Bestämmelserna
675 908 11 30 i
709 925 46 6 —
776 926 45 5 —
843 926 47 7 —
915 910 89 31 skall

288 959 66 32 ock
375 961 232 36 procenttalet
628 960 42 32 20
692 961 141 38 utbytas
856 965 74 29 mot
954 963 49 30 10.

1108 910 316 31 Bestämmelserna
1450 911 12 29 i
1485 928 46 6 —
1552 928 46 6 —
1619 928 46 6 —
1688 911 90 32 skall

1063 963 66 31 ock
1146 963 74 31 dels
1237 964 232 36 procenttalet
1487 963 41 32 20
1547 964 140 37 utbytas
1706 965 74 30 mot

1066 1016 50 36 10,
1140 1016 73 30 dels
1237 1016 170 37 beloppen
1433 1017 39 32 15
1487 1016 64 30 000
1574 1016 131 31 kronor
1728 1025 51 22 re-

1063 1067 157 38 spektive
1242 1070 43 29 20
1299 1069 63 30 000
1387 1069 131 30 kronor
1541 1069 141 37 utbytas
1706 1071 72 28 mot

1062 1120 42 31 20
1118 1122 64 31 000
1200 1121 131 31 kronor
1347 1121 197 37 respektive
1562 1122 42 30 30
1617 1122 64 30 000
1700 1121 79 32 kro-

1061 1182 75 22 nor.

1106 1288 123 30 Denna
1260 1289 55 36 lag
1346 1289 117 30 träder
1494 1289 11 30 i
1533 1289 96 37 kraft
1660 1290 67 30 den
1760 1291 15 28 1

1060 1341 69 35 juli
1146 1341 94 30 1964.

1105 1394 66 30 Det
1200 1393 130 37 åligger
1360 1394 418 37 riksförsäkringsverket

1061 1448 51 28 att
1144 1446 171 31 omräkna
1348 1447 170 36 utgående
1548 1447 187 38 pensioner
1767 1448 11 30 i

1061 1498 152 36 enlighet
1234 1499 79 30 med
1333 1500 310 31 bestämmelserna
1665 1501 11 29 i
1695 1500 82 30 den-

1062 1560 44 21 na
1125 1551 85 37 lag.»

882 1720 137 32 Särskilt
1033 1721 152 41 yttrande

288 1794 43 23 av
346 1785 82 33 herr
442 1785 190 33 Hiäbinette
649 1789 65 31 och
731 1787 57 31 fru
806 1788 132 42 Gunne,
955 1788 93 32 vilka
1066 1789 118 30 anfört
1201 1789 171 38 följande:

334 1838 69 31 »På
423 1840 113 36 grund
558 1849 42 21 av
620 1841 159 36 gällande
799 1841 264 31 bestämmelser
1084 1842 70 30 kan
1176 1843 106 29 redan
1304 1851 42 21 en
1369 1843 85 30 liten
1475 1845 97 28 extra
1594 1844 179 37 förtjänst,

290 1900 74 21 som
386 1901 44 21 en
452 1891 266 39 folkpensionär
739 1893 192 39 förvärvar,
954 1895 148 30 drabbas
1124 1904 43 20 av
1189 1895 38 30 så
1250 1896 93 29 stora
1367 1896 269 38 avbränningar,
1659 1899 50 29 att
1732 1906 42 21 en

286 1944 172 39 väsentlig
475 1945 54 30 del
546 1954 43 21 av
606 1946 114 30 denna
737 1946 233 31 merinkomst
987 1947 208 30 försvinner.
1213 1948 102 30 Detta
1335 1948 220 31 förhållande
1574 1950 200 30 motverkar

287 1997 108 38 enligt
408 1997 62 30 vår
483 1998 228 38 uppfattning
726 1998 126 39 många
866 1999 245 37 pensionärers
1125 2000 86 37 vilja
1226 2002 51 28 att
1292 2000 119 31 skaffa
1427 2001 51 38 sig
1493 2004 97 28 extra
1606 2002 167 38 förtjäns-

287 2051 62 29 ter.
366 2051 14 29 I
397 2050 111 31 likhet
523 2052 79 29 med
619 2052 262 30 motionärerna
898 2052 117 30 finner
1031 2053 34 29 vi
1082 2053 57 30 det
1157 2053 179 38 angeläget
1353 2055 52 29 att
1424 2053 349 39 folkpensionärerna

289 2103 200 31 stimuleras
508 2104 52 30 till
579 2104 269 31 arbetsinsatser
867 2114 80 21 men
965 2105 64 31 har
1046 2123 45 4 —
1109 2106 115 30 såsom
1245 2107 176 30 redovisas
1442 2108 10 29 i
1472 2110 109 28 annat
1600 2117 175 21 samman-

287 2156 94 38 hang
399 2174 46 4 —
463 2157 72 30 valt
554 2166 44 21 en
618 2166 118 21 annan
757 2157 148 39 lösning.
927 2158 116 38 Enligt
1062 2158 62 30 vår
1144 2159 141 38 mening
1305 2167 133 30 gagnar
1458 2169 82 22 man
1562 2161 211 38 folkpensio-

288 2210 151 29 närerna
454 2210 78 31 bäst
547 2217 124 30 genom
688 2211 50 30 att
752 2211 160 37 medgiva
928 2211 77 30 dem
1021 2220 42 21 en
1079 2213 108 34 extra,
1204 2220 41 21 av
1261 2212 200 30 inkomsten
1479 2213 192 31 oberoende
1687 2216 87 29 orts-

288 2262 386 38 avdragsförhöjning.»

721 2345 105 21 Svenska
839 2345 283 24 Tryckeriaktiebolaget,
1138 2345 137 21 Stockholm
1289 2346 50 21 1964

993 2378 71 17 680926
