1876 2840
286 163 19 29 8
706 168 102 28 Andra
829 168 216 34 lagutskottets
1068 171 158 27 utlåtande
1248 171 43 27 Nr
1312 173 48 26 43.

284 249 50 27 att
354 247 67 29 den
441 247 252 38 överflyttande
714 249 108 30 skulle
839 249 78 30 föra
935 250 79 30 med
1032 250 50 39 sig
1102 251 46 39 på
1166 251 130 31 honom
1315 253 192 39 belöpande
1526 255 103 30 andel
1648 264 42 21 av
1710 255 65 29 den

285 292 116 37 gamla
416 292 144 29 kassans
578 292 284 40 sjukhjälpsfond
878 294 80 30 eller
976 296 185 29 eventuellt
1177 296 85 38 själv
1279 298 138 38 erlägga
1434 298 156 31 däremot
1607 300 169 30 svarande

282 335 137 39 belopp.
439 336 199 31 Emellertid
658 338 44 29 ha
722 338 40 30 de
782 339 219 39 sakkunniga
1022 343 140 28 stannat
1182 341 57 30 vid
1259 345 48 27 att
1328 343 31 38 ej
1380 342 126 31 föreslå
1526 343 106 39 något
1652 343 124 31 sådant

284 381 134 30 villkor.
448 382 63 29 Det
536 381 154 36 intresse,
720 392 74 21 som
823 383 43 30 de
893 383 204 32 försäkrade
1125 386 272 39 uppenbarligen
1425 386 109 32 måste
1562 389 65 38 äga
1656 398 42 21 av
1726 391 49 27 att

283 425 67 30 den
375 435 69 28 nya
468 426 463 39 sjukkasseorganisationen
953 429 65 30 blir
1043 429 38 31 så
1106 432 95 28 stark
1226 432 64 29 och
1312 432 193 39 bärkraftig
1529 442 76 22 som
1630 433 144 39 möjligt,

283 470 65 29 och
375 471 251 35 medvetandet,
652 475 48 26 att
725 472 40 30 de
789 472 116 31 såsom
930 473 173 40 delaktiga
1128 475 10 29 i
1165 475 112 30 denna
1301 477 234 37 organisation
1560 479 142 30 komma
1726 481 49 26 att

282 524 84 20 vara
394 516 181 38 ansvariga
603 516 55 30 för
687 517 74 29 dess
789 517 206 36 utfästelser,
1020 520 98 29 torde
1146 521 119 37 utgöra
1295 521 183 39 tillräcklig
1505 523 188 39 anledning
1720 524 54 29 för

282 560 227 30 medlemmar
529 560 11 30 i
559 562 114 31 kassa,
694 570 73 21 som
785 562 172 38 upplöses,
978 566 48 27 att
1045 564 124 30 därvid
1188 565 83 30 söka
1291 566 232 37 genomdriva,
1544 570 50 27 att
1613 567 161 30 behållna

282 603 184 40 tillgångar
501 606 179 29 användas
714 606 53 30 för
801 608 190 38 tryggande
1025 618 43 20 av
1103 609 291 31 medlemmarnas
1429 611 159 31 fortsatta
1625 612 148 39 sjukför-

284 649 150 38 säkring.

328 728 128 31 Utöver
472 730 41 29 de
531 739 91 21 ovan
639 730 146 31 anförda
801 732 265 38 möjligheterna
1083 733 52 30 till
1152 734 171 39 övergång
1340 735 52 30 till
1409 736 65 30 den
1491 746 69 29 nya
1578 737 195 39 sjukkasse-

283 782 281 38 organisationen
586 783 115 31 finnes
724 784 104 39 enligt
852 785 158 38 gällande
1032 786 217 40 lagstiftning
1271 788 197 39 ytterligare
1490 799 41 21 en
1556 789 110 32 sådan
1688 792 85 38 möj-

280 834 118 39 lighet,
419 845 73 20 som
511 836 146 39 tidigare
675 837 10 29 i
704 838 112 29 denna
835 839 215 38 redogörelse
1069 840 142 30 berörts.
1233 841 172 39 Förening
1424 842 55 30 för
1496 843 163 31 inbördes
1679 845 92 38 sjuk-

280 887 108 40 hjälp,
412 898 74 21 som
507 890 37 29 är
566 890 81 30 eller
668 891 65 29 blir
753 891 205 39 registrerad
979 893 105 39 enligt
1106 894 497 41 understödsföreningslagen,
1627 898 70 29 kan
1721 897 51 31 så-

281 941 108 31 lunda
407 943 79 29 med
502 943 177 31 anlitande
696 953 42 21 av
754 945 56 29 det
826 945 11 29 i
855 946 40 29 61
914 946 65 29 och
996 947 41 29 68
1054 945 44 41 $$
1117 947 10 29 i
1145 948 152 30 nämnda
1315 949 56 38 lag
1388 949 163 31 anvisade
1568 950 203 40 förfarings-

281 995 103 30 sättet
407 995 150 31 överlåta
582 997 54 29 sin
659 997 417 40 sjukhjälpsverksamhet
1099 1001 81 29 eller
1204 1001 67 29 viss
1296 1002 55 29 del
1375 1002 106 30 därav
1504 1003 45 39 på
1573 1013 43 21 en
1641 1005 130 29 erkänd

281 1047 195 39 sjukkassa.
515 1049 53 30 En
606 1049 109 31 sådan
740 1050 200 32 överlåtelse
965 1053 70 29 kan
1062 1053 255 39 ifrågakomma
1346 1056 86 29 även
1457 1056 222 31 beträffande
1704 1058 67 29 för-

280 1101 114 39 ening,
415 1111 73 21 som
507 1102 76 31 icke
603 1104 88 29 varit
709 1104 205 38 registrerad
933 1106 104 39 enligt
1057 1106 293 40 sjukkasselagen.
1371 1109 65 29 Vid
1456 1110 96 37 dylik
1572 1110 200 31 överlåtelse

280 1154 90 38 gälla
395 1154 75 31 icke
495 1156 41 30 de
560 1156 9 29 i
597 1156 432 41 sjukkasseförordningen
1055 1160 165 39 stadgade
1244 1161 169 30 villkoren
1437 1162 10 30 i
1472 1162 99 40 fråga
1596 1174 57 19 om
1678 1162 94 32 ålder

280 1207 66 30 och
369 1208 256 31 hälsotillstånd
648 1210 55 30 för
725 1210 134 31 inträde
882 1212 10 29 i
915 1213 131 29 erkänd
1069 1213 193 38 sjukkassa.
1299 1215 67 30 För
1390 1219 49 26 att
1461 1215 200 32 överlåtelse
1685 1218 87 29 skall

279 1261 144 30 komma
445 1262 50 29 till
515 1262 102 30 stånd
639 1263 121 30 kräves
782 1265 198 35 emellertid,
1003 1269 48 27 att
1073 1267 257 31 vederbörande
1352 1269 153 30 erkända
1527 1269 185 39 sjukkassa
1734 1272 38 28 är

279 1315 81 29 med
379 1324 58 20 om
456 1316 105 30 saken
581 1316 67 30 och
668 1317 136 38 avgiver
822 1319 120 29 anbud
960 1318 44 39 på
1024 1320 246 38 övertagandet
1289 1325 90 26 samt
1399 1325 49 27 att
1467 1322 226 31 överlåtelsen
1712 1324 59 38 gil-

279 1367 50 30 las
352 1377 43 20 av
417 1368 392 40 tillsynsmyndigheten,
833 1380 76 21 som
932 1372 121 30 därvid
1075 1372 10 30 i
1108 1372 145 31 främsta
1275 1378 150 27 rummet
1446 1375 63 30 har
1530 1379 50 26 att
1602 1377 97 35 tillse,
1722 1380 49 27 att

279 1420 68 30 den
386 1422 153 30 erkända
577 1423 146 29 kassans
759 1424 163 30 ekonomi
948 1425 75 30 icke
1050 1426 128 29 skadas
1205 1427 78 30 eller
1310 1427 189 31 försämras
1526 1437 125 30 genom
1678 1431 93 29 Över-

280 1473 153 31 låtelsen.

324 1553 12 29 I
360 1554 497 39 övergångsbestämmelserna
880 1557 50 30 till
952 1558 65 30 den
1040 1568 92 20 ovan
1154 1561 212 29 omnämnda
1389 1562 230 38 kungörelsen
1641 1572 41 20 av
1705 1564 66 28 den

280 1607 40 29 26
358 1607 76 38 juni
475 1609 79 29 1931
584 1608 178 39 angående
789 1610 208 40 statsbidrag
1022 1611 36 30 åt
1085 1612 202 38 sjukkassor
1313 1614 65 29 har
1406 1615 162 38 stadgats,
1597 1619 49 27 att
1673 1619 97 27 stats-

278 1660 124 39 bidrag
424 1661 57 30 må
503 1661 82 40 utgå
609 1662 51 30 till
682 1663 167 39 förening,
875 1673 75 21 som
974 1666 37 29 är
1034 1666 81 29 eller
1139 1666 87 30 varit
1249 1667 204 38 registrerad
1476 1668 105 39 enligt
1608 1670 83 29 1910
1715 1669 55 30 års

278 1713 55 39 lag
353 1724 58 20 om
430 1715 212 38 sjukkassor,
662 1717 103 38 enligt
783 1717 41 30 de
843 1717 10 29 i
872 1718 42 30 de
933 1728 89 20 ovan
1040 1719 233 31 omförmälda
1292 1721 270 38 kungörelserna
1581 1732 43 20 av
1643 1723 66 29 den
1731 1724 35 28 11

278 1767 146 30 oktober
448 1769 81 29 1920
550 1769 67 29 och
639 1770 66 29 den
726 1770 40 29 30
786 1770 76 38 juni
887 1771 82 30 1913
990 1772 151 38 angivna
1164 1774 194 37 grunderna
1382 1774 50 30 till
1453 1775 64 29 och
1538 1776 80 29 med
1640 1776 53 30 för
1714 1777 55 29 det

279 1820 48 31 år,
347 1821 45 31 då
410 1824 151 29 nämnda
580 1825 56 38 lag
654 1825 135 38 upphör
808 1828 49 27 att
876 1827 64 37 äga
959 1826 218 40 tillämpning
1195 1827 20 30 å
1231 1827 213 41 föreningen.
1463 1825 307 49 Tillsynsmyndig-

276 1874 104 29 heten
398 1875 89 38 äger,
506 1876 62 29 där
587 1876 37 29 så
643 1878 122 37 prövas
785 1878 135 38 skäligt,
939 1879 168 38 medgiva,
1127 1883 49 26 att
1193 1880 168 39 förening,
1379 1881 115 30 vilken
1510 1882 67 30 den
1599 1883 14 29 1
1633 1881 136 40 januari

280 1928 82 29 1932
377 1929 38 29 är
431 1929 206 38 registrerad
653 1930 103 39 enligt
774 1931 83 30 1910
874 1931 55 30 års
946 1932 54 39 lag
1018 1933 65 29 och
1099 1933 117 30 vilken
1231 1934 193 31 sedermera
1439 1935 199 38 registreras
1655 1935 113 31 såsom

277 1982 369 40 understödsförening
663 1987 82 26 utan
761 1987 49 27 att
826 1985 10 29 i
854 1986 170 30 samband
1041 1986 144 30 därmed
1200 1990 143 36 antagas
1359 1988 52 30 till
1426 1989 131 30 erkänd
1574 1989 194 39 sjukkassa,

277 2034 149 31 tilldelas
464 2036 208 40 statsbidrag
709 2037 102 39 enligt
839 2040 247 29 ovannämnda
1114 2041 149 37 grunder
1288 2041 131 38 jämväl
1445 2042 54 30 för
1525 2043 50 29 tid
1602 2043 86 30 efter
1714 2044 55 30 det

275 2088 233 31 omförmälda
533 2090 56 38 lag
615 2091 149 38 upphört
790 2094 48 27 att
864 2093 65 37 äga
953 2092 221 40 tillämpning
1199 2093 20 31 å
1243 2094 213 39 föreningen.

321 2141 12 29 I
351 2143 214 38 proposition
583 2153 41 20 nr
646 2144 59 29 154
724 2144 48 30 till
793 2145 84 30 1930
894 2145 55 30 års
967 2146 140 39 riksdag
1125 2147 191 36 framhölls,
1333 2151 49 27 att
1401 2148 122 31 sådant
1539 2149 229 39 medgivande

275 2195 218 39 naturligtvis
509 2197 89 30 blott
615 2198 106 30 borde
737 2198 146 36 lämnas,
902 2200 61 29 när
981 2201 341 38 omständigheterna
1340 2202 165 36 utvisade,
1524 2207 51 26 att
1591 2204 176 39 omregist-

275 2249 160 39 reringen
452 2250 50 29 till
518 2251 369 40 understödsförening
904 2263 80 20 vore
1001 2256 46 27 ett
1064 2254 56 30 led
1136 2254 11 30 i
1165 2255 144 30 kassans
1328 2256 200 39 anslutning
1546 2257 50 30 till
1614 2258 67 30 den
1700 2267 67 29 nya

276 2302 280 39 organisationen
583 2305 81 29 eller
691 2304 94 39 eljest
811 2304 202 40 påkallades
1040 2316 43 21 av
1110 2308 139 30 alldeles
1277 2309 170 30 särskilda
1474 2311 294 36 omständigheter

277 2356 112 30 under
408 2356 295 39 övergångstiden.

320 2430 226 46 Övergången
563 2436 81 31 från
661 2438 55 30 det
733 2439 113 38 gamla
863 2442 162 35 systemet
1041 2440 52 30 till
1110 2441 57 30 det
1183 2451 67 29 nya
1268 2442 111 31 skulle
1396 2443 10 29 i
1423 2443 184 39 praktiken
1624 2445 142 37 gestalta

275 2488 49 38 sig
343 2488 46 39 på
408 2490 67 30 sätt
494 2500 73 20 som
587 2490 155 40 framgår
759 2501 42 20 av
820 2491 156 40 följande
994 2494 216 38 redogörelse
1229 2504 42 20 av
1292 2496 85 29 1929
1396 2496 55 30 års
1470 2496 234 39 sakkunniga:
