1868 2792
484 129 123 29 Första
633 127 245 39 lagutskottets
905 126 179 29 utlåtande
1110 135 42 19 nr
1178 125 51 29 24.
1591 124 20 29 9

151 215 68 29 När
248 224 42 19 en
321 213 179 38 långvarig
529 211 242 39 häktningstid
802 211 227 29 förekommit
1058 210 221 29 beträffande
1310 218 175 30 personer,
1516 209 93 29 vilka

107 257 91 39 gjort
225 256 50 38 sig
301 255 160 39 skyldiga
486 255 52 28 till
563 256 48 27 ett
637 255 110 28 större
772 254 95 28 antal
895 253 137 38 mycket
1059 252 248 29 kvalificerade
1334 251 276 39 förmögenhets-

106 300 103 33 brott,
233 308 101 29 synes
358 297 308 38 häktningstidens
691 296 102 38 längd
817 296 43 29 ha
885 295 113 29 berott
1021 294 44 40 på
1089 296 49 27 att
1163 295 66 28 den
1253 294 209 29 misstänkte
1486 301 123 31 genom

107 341 161 39 speciella
290 340 204 39 kunskaper
516 339 64 29 och
603 340 71 27 stor
698 338 199 29 erfarenhet
919 338 137 28 kunnat
1079 337 244 29 åstadkomma
1347 336 38 29 så
1408 336 202 30 invecklade

107 384 64 29 och
191 383 292 30 svårbedömbara
504 380 422 39 förmögenhetsrättsliga
945 379 271 33 transaktioner,
1237 380 50 28 att
1307 388 42 20 en
1369 378 242 40 exceptionellt

108 426 80 38 lång
205 426 49 29 tid
271 425 91 30 måst
379 427 100 36 tagas
495 424 10 28 i
522 423 153 40 anspråk
694 423 53 30 för
765 424 50 28 att
832 422 367 38 förundersökningen
1216 422 44 39 på
1278 423 48 27 ctt
1344 430 41 20 ur
1403 421 207 30 rättssäker-

107 468 260 39 hetssynpunkt
389 467 234 39 betryggande
648 467 68 28 sätt
739 465 112 30 skulle
875 466 120 28 kunna
1020 464 204 30 fullbordas.
1249 464 124 29 Därest
1397 473 42 20 en
1463 463 69 30 fast
1555 463 56 29 be-

108 510 190 39 gränsning
320 520 40 20 av
382 509 308 39 häktningstidens
714 508 103 38 längd
840 507 254 39 genomfördes,
1119 507 112 29 skulle
1255 507 94 30 detta
1372 506 239 38 otvivelaktigt

108 553 168 34 medföra,
299 554 50 28 att
371 562 42 19 en
435 551 285 30 välkvalificerad
742 559 127 31 person
891 550 89 29 hade
1003 551 158 28 avsevärt
1184 550 110 28 större
1317 549 221 38 möjligheter
1561 550 51 27 att

109 595 141 29 komma
277 595 44 39 på
347 595 45 28 fri
420 594 52 29 fot
498 594 108 29 innan
633 593 232 38 utredningen
894 592 169 30 avslutats
1092 593 45 28 än
1165 601 41 20 en
1234 592 200 32 misstänkt,
1465 600 73 20 som
1566 591 45 39 på

109 638 112 38 grund
245 647 40 20 av
309 646 42 20 en
374 646 74 20 mer
471 636 193 38 begränsad
688 635 231 29 intellektuell
943 634 203 38 utrustning
1170 634 75 29 icke
1270 634 89 29 hade
1384 643 134 19 samma
1543 633 69 30 för-

107 680 101 38 måga
234 681 49 28 att
307 680 85 37 begå
416 678 203 30 invecklade
643 678 102 29 brott.
771 678 52 29 En
848 676 258 38 inskränkning
1131 676 222 30 beträffande
1378 675 234 39 häktningsti-

109 721 65 29 den
196 721 111 30 skulle
328 721 147 29 sålunda
496 721 10 28 i
529 720 110 39 själva
658 720 119 29 verket
796 721 142 28 komma
958 721 49 28 att
1029 719 105 29 verka
1154 719 51 28 till
1225 718 139 30 förmån
1386 718 54 30 för
1462 719 39 28 de
1522 720 88 27 mest

108 764 247 29 kvalificerade
373 762 546 40 förmögenhetsbrottslingarna,
940 771 73 20 som
1032 761 106 29 oftast
1157 762 118 28 kunna
1295 760 193 30 återfinnas
1507 760 104 29 bland

108 815 165 30 personer
297 806 78 30 med
401 814 95 20 mera
519 805 217 29 omfattande
759 805 203 39 kunskaper
985 804 64 29 och
1073 805 78 29 med
1175 813 42 20 en
1240 803 51 30 till
1318 812 102 30 synes
1445 803 63 39 god
1533 804 78 28 eko-

109 849 139 29 nomisk
279 849 177 38 ställning.
487 849 52 28 En
566 848 253 35 bestämmelse,
851 857 74 19 som
956 847 195 39 uppenbart
1181 846 111 30 skulle
1322 854 114 31 gynna
1468 855 41 20 en
1541 846 69 29 viss

108 891 375 39 brottslingskategori,
512 890 96 29 torde
635 890 194 29 dessbättre
857 899 83 22 vara
967 889 220 30 främmande
1214 889 54 29 för
1295 888 142 30 svenskt
1465 889 147 29 rättsvä-

111 942 70 25 sen,
206 934 64 28 och
295 933 206 39 föreningen
525 935 94 37 tager
645 932 53 30 för
725 932 53 29 sin
802 933 55 29 del
882 932 44 39 på
950 934 57 28 det
1030 932 235 29 bestämdaste
1290 931 147 30 avstånd
1462 930 79 31 från
1568 940 43 20 en

109 975 119 29 sådan.
249 975 209 29 Observeras
478 975 61 29 bör
558 975 10 28 i
588 975 94 29 detta
701 975 265 37 sammanhang,
987 975 49 29 att
1056 974 66 30 den
1142 974 183 38 brottstyp,
1346 982 73 20 som
1439 974 63 28 här
1521 973 92 39 åsyf-

109 1019 65 32 tas,
195 1018 75 29 icke
290 1018 84 30 bara
395 1018 10 28 i
428 1017 76 30 vårt
526 1018 81 28 land
631 1019 85 27 utan
741 1018 85 28 även
848 1017 10 28 i
881 1017 108 29 andra
1012 1017 120 29 länder
1154 1016 89 30 visat
1266 1026 42 19 en
1330 1016 185 29 markerad
1538 1018 73 27 ten-

110 1060 84 30 dens
217 1060 51 29 till
290 1062 49 27 att
361 1060 91 29 bliva
475 1060 60 29 allt
557 1060 186 38 vanligare.

155 1103 12 27 I
193 1103 40 28 de
258 1101 72 34 fall,
356 1102 63 29 där
446 1101 116 39 längre
588 1101 283 39 häktningstider
897 1101 112 29 skulle
1034 1101 192 39 tillämpats
1252 1101 10 28 i
1288 1100 234 40 spionerimål,
1549 1101 64 28 har

110 1144 94 29 detta
224 1144 183 29 föranletts
428 1153 43 20 av
490 1144 202 29 samhällets
712 1144 146 29 intresse
879 1145 83 28 utav
981 1145 49 28 att
1050 1144 103 38 ingen
1173 1144 119 28 dömes
1312 1143 110 29 innan
1440 1143 88 29 hans
1550 1142 61 29 sak

110 1186 222 39 fullständigt
352 1186 99 30 blivit
473 1187 124 29 utredd
619 1186 65 29 och
706 1188 49 27 att
777 1185 144 40 givetvis
944 1185 270 38 häktningsskäl
1238 1185 176 38 förelegat.
1438 1184 174 29 Eftersom

110 1228 223 39 spionerimål
358 1228 74 30 ofta
455 1229 122 29 beröra
601 1228 244 29 förhållanden
870 1237 42 20 av
935 1227 183 29 invecklad
1142 1228 64 28 och
1230 1225 301 40 svåröverskådlig
1554 1227 59 28 ka-

109 1271 130 34 raktär,
263 1280 75 20 som
360 1271 55 30 för
437 1271 59 29 sitt
517 1272 93 28 rätta
630 1270 216 30 bedömande
869 1270 120 29 fordra
1011 1269 193 39 grundliga,
1227 1269 248 29 tidskrävande
1498 1269 115 28 utred-

110 1313 134 38 ningar,
266 1314 45 29 ha
333 1314 190 38 självfallet
545 1312 137 30 relativt
705 1312 102 39 långa
828 1312 284 38 häktningstider
1134 1312 29 38 ej
1189 1312 71 28 belt
1281 1312 136 28 kunnat
1440 1311 172 29 undvikas

110 1356 11 28 i
148 1356 119 38 dylika
294 1356 78 29 mål.
401 1356 65 29 Det
494 1364 101 29 synes
623 1356 54 28 väl
705 1355 175 38 knappast
908 1354 168 39 lämpligt,
1105 1356 48 27 att
1182 1363 41 19 en
1253 1353 53 29 för
1335 1353 151 38 spioneri
1515 1352 98 29 miss-

110 1398 101 29 tänkt
233 1406 137 30 person,
393 1397 222 29 beträffande
637 1397 116 29 vilken
777 1398 69 28 kan
870 1398 155 36 antagas,
1050 1398 50 27 att
1124 1396 68 29 han
1216 1396 158 28 kommer
1398 1397 49 27 att
1470 1394 143 29 ådömas

110 1441 49 27 ett
181 1440 95 39 långt
299 1439 234 29 frihetsstraff
555 1440 86 28 även
664 1448 56 20 om
741 1438 291 39 häktningstiden
1055 1438 111 28 skulle
1189 1437 44 39 på
1256 1437 110 38 grund
1391 1446 42 19 av
1455 1437 64 28 den
1543 1445 71 19 om-

111 1482 158 29 fattande
291 1481 233 39 utredningen
545 1481 198 29 utsträckas
765 1483 22 26 t.
809 1490 50 19 ex.
881 1481 81 28 över
983 1482 48 27 ett
1052 1480 95 28 halvt
1169 1479 48 34 år,
1240 1479 111 30 skulle
1374 1478 43 39 på
1439 1479 111 38 grund
1573 1487 41 20 av

112 1533 42 20 en
173 1524 49 30 fix
240 1525 91 38 regel
349 1524 144 39 frigivas
512 1523 87 30 efter
618 1525 46 28 ett
683 1523 95 29 halvt
796 1522 48 29 år.
864 1523 65 28 Det
948 1522 114 29 finnes
1081 1522 53 28 väl
1156 1521 75 29 skäl
1251 1523 49 27 att
1320 1522 135 37 antaga,
1476 1522 49 27 att
1544 1521 69 28 han

112 1566 44 29 då
181 1566 76 30 icke
284 1566 112 29 skulle
423 1565 118 30 finnas
568 1566 85 29 kvar
680 1565 63 29 här
769 1565 10 28 i
806 1565 90 28 riket
922 1564 57 29 vid
1006 1564 211 38 tidpunkten
1245 1563 53 29 för
1325 1562 290 29 huvudförhand-

112 1608 126 38 lingen.

157 1651 218 38 Föreningen
403 1651 155 29 ansluter
587 1650 51 39 sig
666 1649 189 39 självfallet
884 1649 51 29 till
965 1649 86 28 fullo
1079 1648 53 29 till
1160 1648 66 29 den
1254 1646 281 40 uppfattningen,
1565 1647 49 28 att

113 1693 95 39 varje
228 1693 187 40 utredning
435 1693 9 28 i
464 1692 164 30 brottmål
649 1692 88 29 skall
756 1692 161 29 bedrivas
938 1691 37 29 så
995 1690 124 30 snabbt
1140 1699 75 20 som
1234 1690 147 38 möjligt,
1403 1699 78 19 men
1502 1690 112 28 denna

113 1736 197 37 synpunkts
334 1735 270 39 tillgodoseende
629 1734 70 29 kan
723 1735 78 28 med
825 1734 139 37 hänsyn
989 1733 52 28 till
1065 1732 350 38 häktningsreglerna
1441 1731 9 29 i
1475 1740 46 19 nu
1547 1730 68 38 gäl-

113 1777 101 30 lande
241 1777 284 39 rättegångsbalk
552 1777 29 39 ej
612 1786 100 20 anses
739 1786 83 19 vara
849 1785 42 20 en
919 1773 341 41 lagstiftningsfråga
1287 1776 84 27 utan
1399 1775 37 27 är
1464 1773 9 28 i
1501 1773 114 29 stället

113 1821 48 28 ett
181 1820 170 39 spörsmål
373 1829 42 20 av
433 1820 72 28 helt
524 1818 206 29 ekonomisk
751 1820 62 31 art,
835 1818 31 29 d.
887 1826 29 20 v.
938 1826 25 20 s.
983 1817 171 29 beroende
1174 1825 41 19 av
1236 1815 188 39 tillgången
1444 1815 44 39 på
1508 1814 108 30 kvali-

114 1861 130 30 ficerad
270 1862 172 38 personal.
472 1862 9 27 I
508 1861 65 29 den
599 1861 82 28 mån
707 1861 65 28 den
798 1859 228 38 erforderliga
1051 1859 206 38 personalen
1285 1859 38 28 är
1349 1857 37 29 så
1411 1857 203 38 begränsad,

114 1912 75 21 som
212 1904 64 28 den
301 1905 117 36 tyvärr
443 1903 148 29 faktiskt
614 1902 151 38 alltjämt
789 1903 48 32 är,
862 1901 150 29 framför
1035 1901 60 28 allt
1119 1901 95 28 inom
1237 1901 40 28 de
1301 1900 110 28 större
1435 1900 181 28 städernas

114 1945 266 39 kriminalpolis,
402 1946 71 28 kan
492 1946 57 28 det
568 1945 180 29 dessvärre
768 1944 29 38 cj
821 1942 184 34 undvikas,
1027 1944 49 28 att
1097 1943 86 28 även
1203 1941 228 38 utredningar
1451 1941 10 28 i
1481 1940 135 29 mindre

114 1987 257 38 komplicerade
391 1988 93 28 brott
505 1988 43 28 än
569 1986 95 29 förut
685 1986 154 29 nämnda
859 1985 75 29 icke
955 1984 98 29 alltid
1074 1984 121 28 kunna
1216 1983 193 29 fullbordas
1431 1982 36 29 så
1489 1982 128 38 skynd-

115 2032 90 27 samt
225 2040 73 20 som
317 2031 37 28 är
372 2029 178 30 önskvärt.

157 2105 382 38 Advokatsamfundets
566 2104 144 38 styrelse
738 2103 206 29 framhåller
970 2101 251 39 inledningsvis
1248 2101 44 28 bl.
1320 2111 39 23 a.,
1388 2102 49 28 att
1464 2100 151 39 orimligt

113 2156 101 38 långa
236 2155 282 39 häktningstider
540 2155 278 29 understundom
842 2153 235 32 förekommit,
1101 2154 90 27 samt
1214 2152 190 28 fortsätter.

161 2215 71 28 Den
259 2214 137 38 lösning
422 2223 75 19 som
522 2213 259 29 motionärerna
808 2212 189 37 föreslagit,
1024 2211 174 38 nämligen
1226 2212 49 27 att
1303 2210 7 28 i
1338 2211 98 36 lagen
1463 2210 154 28 inskriva

116 2266 40 18 en
178 2257 132 36 längsta
332 2257 46 28 lid
400 2256 53 28 för
471 2266 40 18 en
531 2264 143 29 persons
694 2255 162 28 hållande
875 2254 9 27 i
903 2254 115 31 häkte,
1039 2254 37 27 är
1095 2253 190 28 emellertid
1305 2252 102 36 enligt
1430 2252 187 37 styrelsens

116 2298 140 38 mening
274 2298 75 29 icke
368 2297 254 37 genomförbar.
642 2297 58 28 Att
718 2296 195 28 bestämma
930 2306 40 18 en
990 2294 136 29 absolut
1147 2293 193 29 maximitid
1422 2295 80 26 utan
1522 2292 95 37 varje

118 2339 179 38 möjlighet
317 2340 47 28 till
385 2340 179 36 undantag
617 2356 6 3 —-
640 2347 78 20 vore
736 2337 163 37 orimligt.
919 2336 123 29 Vilken
1063 2335 46 29 tid
1130 2345 79 20 man
1229 2336 40 27 än
1291 2335 219 31 bestämmer,
1531 2335 87 27 lärer

118 2390 80 20 man
216 2392 82 19 vara
314 2382 179 28 nödsakad
514 2383 48 27 alt
582 2380 48 30 till
652 2379 336 30 tidsbestämmelsen
1009 2378 154 37 anknyla
1183 2387 39 18 en
1244 2378 67 27 rält
1331 2377 52 28 för
1402 2376 146 29 domstol
1569 2377 48 27 atl

118 2423 8 28 i
145 2423 260 38 undantagsfall
429 2422 154 37 medgiva
604 2422 232 37 förlängning,
856 2421 64 28 och
940 2421 6 27 i
968 2421 37 28 så
1025 2421 59 28 fall
1104 2421 37 27 är
1160 2421 52 27 det
1236 2421 90 26 svårt
1348 2421 47 26 alt
1416 2428 34 19 se
1469 2420 49 27 att
1539 2427 78 19 man
