2110 2650
359 209 38 30 10
726 208 117 42 Bilaga
867 208 49 31 till
939 208 214 41 lagutskottets
1176 206 164 32 utlåtande
1363 216 56 22 n:o
1444 206 51 32 24.

312 287 279 49 vidmagthålla
633 291 110 44 samt,
781 286 12 37 i
828 285 400 38 öfverensstämmelse
1258 284 84 37 med
1372 284 73 37 den
1475 282 190 38 särskilda
1692 283 101 50 plan,
1824 296 80 23 som

312 340 199 51 angående
531 339 200 50 befintliga
751 339 251 50 hagmarkers
1024 338 327 49 ändamålsenliga
1369 336 143 38 skötsel
1533 339 61 35 må
1609 349 91 25 vara
1715 335 189 50 faststäld,

314 395 142 36 sådana
485 393 151 37 marker
663 392 108 50 rödja
799 392 72 37 och
900 392 126 36 vårda.

439 446 76 36 För
542 445 133 50 hvarje
704 445 159 37 boställe
892 444 110 49 skall,
1034 443 46 38 då
1100 443 138 38 sådant
1259 444 41 37 af
1315 444 346 38 boställshafvaren
1684 443 111 38 äskas
1813 443 92 38 eller

313 499 111 50 eljest
466 498 42 38 af
545 503 174 46 synerätt
761 497 153 51 pröfvas
957 497 147 49 nödigt,
1133 497 80 37 viss
1242 497 220 50 kulturplan
1492 497 42 37 af
1558 501 225 45 synerätten
1813 496 92 38 fast-

311 551 143 49 ställas,
485 552 97 36 efter
610 551 65 37 det
702 551 146 48 förslag
877 549 126 38 dertill
1032 549 127 37 blifvit
1188 556 101 30 emot
1318 549 229 51 ersättning,
1570 563 80 23 som
1672 549 233 37 bestämmes

311 605 42 37 af
390 609 224 45 synerätten
657 604 70 36 och
760 603 134 48 gäldas
925 603 41 36 af
989 602 359 46 boställshafvaren,
1378 602 192 51 uppgjord
1598 602 42 37 af
1662 605 66 34 två
1755 602 12 36 i
1796 605 108 33 orten

310 657 148 37 boende
487 656 244 49 sakkunnige
761 660 99 43 män,
891 669 81 23 som
997 656 180 36 domaren
1204 655 92 37 eller
1319 660 126 32 rätten
1470 655 209 36 förordnar.
1719 655 102 36 Från
1846 657 58 33 så-

309 710 116 36 lunda
454 708 178 38 faststäld
660 708 219 50 kulturplan
909 710 61 34 må
998 706 185 38 afvikelse
1211 707 87 37 icke
1328 707 68 37 ske
1425 712 91 32 utan
1545 711 56 33 att
1629 706 166 49 ändring
1823 705 81 38 deri

310 761 42 38 af
375 766 174 46 synerätt
577 760 234 50 medgifvits.

1057 867 46 34 27
1134 863 31 51 8.

441 974 31 34 1.
530 970 325 37 Boställshafvare
897 969 97 37 skall
1037 969 61 36 väl
1140 968 115 37 vårda
1297 970 71 36 och
1404 968 276 49 vidmagthålla
1708 968 194 49 trädgård.

311 1023 69 38 Om
411 1027 20 33 å
459 1023 325 38 bostadsboställe
814 1022 181 49 trädgård
1026 1027 39 31 är
1095 1021 233 49 otillräcklig
1356 1022 92 36 eller
1468 1021 156 36 alldeles
1647 1021 152 48 saknas,
1822 1021 79 44 bör,

310 1076 66 37 der
417 1076 65 37 det
523 1077 76 36 kan
643 1076 68 36 ske
753 1075 88 36 med
874 1074 133 47 fördel,
1041 1073 72 37 den
1144 1073 127 49 gamla
1300 1073 182 49 utvidgas
1512 1073 93 37 eller
1634 1087 51 35 ny
1715 1073 188 49 anläggas

309 1129 95 37 efter
432 1134 41 44 ty
503 1133 174 45 synerätt
706 1127 144 50 skäligt
878 1126 166 50 pröfvar.
1100 1126 74 37 Vid
1203 1126 306 50 nästpåföljande
1530 1126 52 36 af-
1605 1126 70 36 och
1697 1125 207 37 tillträdes-

310 1195 70 35 syn
411 1184 72 45 må,
509 1194 60 23 om
599 1186 174 43 synerätt
801 1180 123 36 finner
953 1179 215 36 afträdaren
1194 1178 85 37 icke
1308 1179 115 36 hafva
1451 1177 174 38 innehaft
1655 1177 177 37 bostället
1861 1181 43 33 så

309 1233 126 49 länge,
479 1238 55 32 att
567 1233 276 49 afkastningen
877 1231 190 37 derunder
1094 1231 77 36 kan
1201 1244 112 23 anses
1342 1231 113 37 hafva
1485 1236 118 31 ersatt
1630 1230 273 49 utvidgnings-

308 1286 93 36 eller
443 1284 489 51 anläggningskostnaden,
977 1284 125 36 denna
1144 1284 164 36 kostnad
1351 1283 59 37 till
1445 1283 136 49 belopp
1616 1282 42 37 af
1680 1282 119 48 högst
1828 1288 74 31 tre-

309 1338 149 37 hundra
487 1338 141 37 kronor
656 1337 166 38 fördelas
852 1336 42 37 af
918 1340 173 45 synerätt
1120 1335 57 37 till
1205 1336 268 48 godtgörande
1502 1339 49 45 på
1579 1335 78 37 viss
1679 1335 66 45 tid,
1768 1334 134 37 beräk-

309 1391 75 36 nad
427 1390 81 37 från
554 1390 72 36 den
669 1390 87 49 dag,
799 1388 284 49 utvidgningen
1117 1388 91 36 eller
1238 1388 290 50 anläggningen
1557 1387 155 49 börjats,
1743 1387 70 37 och
1842 1387 60 36 till

308 1443 118 49 högst
453 1443 52 36 tio
535 1445 39 34 år
602 1442 94 37 efter
726 1442 47 37 då
800 1441 165 37 varande
994 1440 340 38 boställshafvares
1363 1440 158 37 afträde.

438 1498 33 35 2.
527 1495 18 36 I
574 1495 180 37 afseende
783 1498 49 46 på
861 1494 170 48 skogens
1061 1492 145 37 skötsel
1235 1492 70 37 och
1326 1493 92 37 vård
1439 1492 113 37 lände
1573 1492 56 36 till
1646 1490 257 38 efterrättelse

308 1548 101 36 hvad
439 1547 129 37 derom
599 1547 183 37 särskildt
810 1551 40 31 är
880 1545 191 48 stadgadt.

437 1602 33 34 3.
527 1599 220 37 Torfmosse
777 1598 98 37 skall
904 1596 322 50 ändamålsenligt
1254 1596 222 37 behandlas.

1050 1720 46 35 28
1127 1718 32 49 8.

440 1810 31 34 1.
528 1806 70 37 Om
633 1806 156 49 hägnad
818 1806 12 36 i
859 1805 228 50 egoskilnad
1117 1814 78 28 mot
1223 1818 148 24 annans
1393 1805 88 49 jord
1509 1804 101 50 gälle
1638 1803 99 37 hvad
1770 1802 131 38 derom

307 1864 41 32 är
390 1859 191 49 stadgadt.
637 1859 82 37 Den
762 1859 163 49 hägnad,
969 1858 317 37 boställshafvare
1317 1858 147 49 åligger
1491 1857 11 36 i
1531 1856 228 50 egoskilnad
1787 1855 113 50 hålla,

307 1912 98 37 skall
435 1912 62 37 vid
528 1911 182 37 boställes
740 1911 223 37 afträdande
992 1911 12 35 i
1032 1910 184 49 fredgildt
1245 1911 110 36 stånd
1384 1910 158 37 lemnas.

437 1966 32 35 2.
525 1963 81 37 Har
634 1963 179 49 till
702 1957 4 59 '
716 1963 97 49 följd
843 1963 42 36 af
908 1963 118 37 sådan
1056 1962 190 49 förening,
1277 1975 79 24 som
1388 1963 10 35 i
1431 1964 44 34 19
1506 1961 19 51 $
1549 1961 41 37 af
1607 1961 132 49 kongl.
1757 1962 145 37 förord-

306 2016 144 50 ningen
488 2016 73 36 den
596 2018 45 34 21
673 2015 202 37 december
907 2017 95 34 1857
1033 2015 256 47 omförmäles,
1320 2014 173 50 stängsel
1523 2015 10 35 i
1562 2013 231 50 egoskilnad
1824 2019 78 32 mot

306 2082 147 24 annans
476 2068 89 50 jord
594 2067 127 37 blifvit
749 2068 203 48 borttagen
983 2067 92 37 eller
1102 2067 86 36 icke
1216 2066 129 37 hållits
1375 2070 41 33 så
1445 2071 54 32 tät
1528 2072 54 31 att
1611 2066 74 37 den
1710 2072 79 32 mot
1807 2067 94 35 min-

306 2121 66 36 dre
414 2120 175 50 hemdjur
617 2126 71 43 gör
717 2120 94 48 fred,
841 2120 71 37 och
941 2120 150 49 upphör
1120 2120 73 36 den
1221 2119 180 49 förening
1429 2124 55 32 att
1512 2132 91 24 vara
1633 2119 192 49 gällande,
1855 2119 47 36 då

306 2173 109 48 skall,
445 2187 60 23 om
537 2172 177 37 bostället
742 2172 130 37 dervid
901 2171 227 38 innehafves
1158 2172 41 36 af
1222 2185 126 23 annan
1379 2177 46 31 än
1455 2171 84 49 den,
1567 2185 81 23 som
1670 2171 231 50 föreningen

304 2226 137 48 ingått,
469 2226 71 36 och
570 2229 174 44 synerätt
772 2226 124 35 finner
925 2225 216 35 kostnaden
1169 2224 59 36 för
1257 2223 341 50 återuppsättande
1621 2224 41 36 af
1680 2224 73 36 den
1770 2228 130 44 stäng-

305 2277 66 48 sel,
414 2277 180 37 bostället
635 2276 68 37 bör
744 2277 111 47 hålla,
898 2279 130 46 uppgå
1068 2276 58 36 till
1155 2276 121 48 högre
1308 2276 138 49 belopp
1476 2281 46 31 än
1552 2276 346 36 boställshafvaren

306 2342 113 24 anses
447 2329 93 37 böra
569 2329 225 48 vidkännas,
816 2328 392 49 hägnadskostnaden
1232 2328 41 36 af
1290 2333 223 44 synerätten
1533 2328 165 36 fördelas
1716 2327 58 37 till
1789 2327 112 49 godt-
