2108 2652
359 190 38 31 12
723 193 116 43 Bilaga
864 194 50 32 till
937 195 213 42 lagutskottets
1176 195 163 34 utlåtande
1361 207 57 22 n:o
1444 198 51 31 24.

315 271 138 36 sådant
482 276 40 32 är
552 272 184 37 särskildt
764 273 149 49 tillåtet,
943 274 32 49 ej
1005 275 120 36 heller
1154 275 295 50 skogseffekter,
1480 277 113 36 äfven
1622 290 60 24 om
1711 278 46 36 de
1785 278 131 37 kunna

313 336 112 24 anses
468 323 154 39 tillhöra
665 324 197 40 boställets
906 326 122 51 årliga
1057 327 236 51 afkastning.
1351 328 143 38 Gödsel
1522 329 56 38 får
1606 329 85 39 icke
1719 330 191 39 bortföras

311 376 84 37 från
437 376 176 50 boställe,
657 378 174 38 förenadt
876 380 83 37 med
988 380 199 49 jordbruk.
1245 381 196 38 BStråfoder
1477 386 58 33 må
1564 383 349 38 boställshafvaren

316 428 85 38 icke
444 430 77 36 förr
563 435 48 32 än
655 431 65 37 vid
749 432 276 37 afträdestiden
1055 432 82 38 från
1167 434 137 37 sådant
1332 434 162 38 boställe
1523 434 167 39 bortföra
1719 442 92 32 utan
1836 441 78 33 sär-

315 481 118 39 skildt
461 482 187 39 tillstånd.
703 484 114 37 Detta
847 485 126 49 sökes,
1004 499 59 24 om
1094 486 63 37 det
1186 487 114 37 äskas
1330 487 58 37 för
1416 488 133 48 längre
1565 488 57 38 tid
1638 494 47 32 än
1703 494 55 32 ett
1774 492 51 46 år,
1843 490 70 37 hos

316 540 175 44 synerätt
520 536 71 37 och
620 537 111 49 eljest
759 537 69 37 hos
858 538 240 50 Konungens
1127 539 440 51 befallningshafvande.
1623 541 76 38 Vid
1732 543 183 50 pröfning

315 587 43 37 af
383 588 160 37 ärendet
570 594 111 44 tages
710 589 12 37 i
751 596 196 44 noggrant
989 592 296 50 öfvervägande,
1329 593 189 38 huruvida
1548 594 64 37 det
1643 594 168 50 begärda
1839 595 77 37 till-

313 640 166 49 ståndet,
522 647 92 32 utan
657 642 119 38 skada
817 643 58 37 för
903 644 188 49 bostället,
1121 644 87 49 kan,
1239 645 86 37 med
1353 646 152 49 hänsyn
1534 646 57 37 till
1620 647 67 37 der
1713 648 201 49 befintliga

314 692 278 48 förhållanden,
624 695 192 35 meddelas
846 696 86 36 med
962 696 91 36 eller
1081 702 93 30 utan
1203 697 134 37 vilkor.
1381 698 121 36 Innan
1532 698 123 49 dylikt
1682 700 140 36 ärende
1842 700 71 36 hos

313 743 240 51 Konungens
583 745 428 51 befallningshafvande
1040 748 166 49 afgöres,
1237 749 98 37 skall
1363 750 275 50 domkapitlets
1659 752 180 48 yttrande
1854 752 58 37 in-

313 797 162 37 hemtas.
531 798 80 37 Har
653 799 359 49 boställshafvaren,
1056 806 67 32 när
1164 802 74 36 han
1274 802 98 37 skall
1406 803 147 37 afträda
1581 803 191 48 bostället,
1803 805 109 36 foder

313 849 120 48 öfver,
464 850 203 50 hembjude
698 851 63 37 det
791 853 289 37 efterträdaren.
1125 853 76 37 Vill
1229 854 77 37 han
1336 854 64 37 det
1430 855 32 49 ej
1492 855 82 37 lösa
1591 855 97 37 efter
1707 856 92 50 pris,
1817 870 93 35 som,

312 901 67 37 der
408 902 393 39 öfverenskommelse
830 905 131 36 härom
991 905 84 37 icke
1097 905 237 39 annorlunda
1354 907 140 49 träffas,
1512 908 136 37 varder
1665 908 193 38 bestämdt
1875 910 42 36 af

312 959 57 32 tre
397 955 100 48 gode
527 960 99 43 män,
656 957 160 36 utsedde
845 957 10 36 i
885 958 72 36 den
975 958 176 49 ordning,
1168 959 113 49 lagen
1299 972 59 24 om
1376 959 203 50 skiljemän
1595 960 74 37 den
1687 963 45 35 28
1750 961 162 37 oktober

317 1008 96 35 1887
444 1008 200 48 angående
673 1009 61 36 val
763 1009 41 37 af
828 1010 143 36 sådana
1000 1011 169 48 stadgar,
1200 1014 60 34 må
1289 1011 216 39 afträdaren
1533 1012 168 38 bortföra
1729 1013 136 38 fodret.

440 1063 33 34 2.
531 1060 80 38 Gör
639 1061 321 38 boställshafvare
991 1064 166 36 åverkan
1187 1066 20 34 å
1236 1064 191 49 bostället,
1458 1065 93 36 eller
1580 1065 236 38 öfverträder
1833 1067 76 36 han

313 1111 112 49 eljest
468 1112 59 37 sin
571 1114 289 49 nyttjanderätt,
900 1116 150 36 straffes
1079 1118 41 35 så
1150 1129 80 24 som
1260 1116 12 36 i
1300 1116 108 50 fråga
1437 1130 60 24 om
1527 1117 141 38 sådana
1697 1118 212 48 förseelser,

312 1163 207 49 begångna
548 1165 41 36 af
611 1166 163 37 brukare
803 1167 86 37 utaf
913 1168 87 48 legd
1025 1168 97 48 jord,
1147 1168 124 36 finnes
1301 1170 198 48 stadgadt;
1536 1183 88 23 vare
1654 1171 69 36 ock
1753 1171 157 49 skyldig

312 1220 144 33 ersätta
484 1216 50 37 all
563 1217 130 38 skada.

1002 1429 88 36 VUI
1121 1430 94 49 Kap.

934 1539 54 34 Om
1015 1539 52 34 af-
1093 1540 61 34 och
1179 1540 155 36 tillträde.

1058 1657 46 33 32
1130 1654 31 49 8.

443 1739 30 35 1.
530 1738 85 37 Med
646 1739 145 37 afträde
825 1743 21 33 å
873 1740 47 37 de
949 1741 356 50 löningsboställen,
1341 1757 83 23 som
1454 1743 111 38 skola
1599 1758 91 23 vara
1718 1744 12 37 i
1759 1745 147 37 författ-

311 1789 227 49 ningsenlig
566 1791 167 49 ordning
761 1793 311 47 utarrenderade,
1102 1794 181 36 förhålles
1313 1796 95 36 efter
1437 1796 141 36 allmän
1608 1797 74 49 lag.

440 1844 33 34 2.
517 1842 85 37 Alla
631 1844 118 36 andra
778 1844 187 37 boställen
994 1845 167 37 afträdas
1182 1849 125 34 såsom
1323 1847 138 37 hittills
1483 1848 73 36 den
1576 1851 17 34 1
1611 1850 89 47 maj;
1718 1849 189 49 inrymme

311 1893 97 37 dock
440 1894 218 38 afträdaren
689 1896 78 37 från
800 1896 71 37 den
893 1900 16 33 1
929 1910 99 25 mars
1045 1897 152 49 honom,
1214 1912 81 24 som
1314 1900 95 37 efter
1425 1900 183 49 kommer,
1628 1901 127 37 halfva
1772 1902 134 37 husen.

441 1949 32 34 3.
528 1938 95 45 Året
666 1948 79 36 före
788 1949 165 37 afträdet
983 1950 108 48 skall,
1121 1964 60 23 om
1211 1951 239 38 tillträdaren
1479 1953 136 37 sådant
1642 1953 182 50 påkallar,
1855 1954 53 37 af-

309 1998 179 37 trädaren
530 1999 75 37 låta
649 2003 37 33 åt
714 2000 238 39 tillträdaren
983 2003 210 37 verkställa
1222 2004 245 49 erforderligt
1495 2005 187 37 höstbruk
1712 2006 71 37 och
1813 2007 93 36 sådd

310 2056 101 31 emot
440 2051 226 50 ersättning,
697 2066 94 35 som,
822 2054 9 35 i
861 2054 96 37 brist
986 2054 36 37 af
1051 2055 231 49 åsämjande,
1308 2056 232 38 bestämmes
1556 2058 42 36 af
1612 2064 57 31 tre
1688 2058 101 50 gode
1806 2064 99 44 män,

309 2102 161 37 utsedde
499 2103 12 36 i
536 2104 72 36 den
639 2104 178 50 ordning,
847 2106 113 50 lagen
990 2120 59 23 om
1077 2107 203 50 skiljemän
1309 2109 74 37 den
1413 2112 46 35 28
1477 2109 161 38 oktober
1656 2110 251 50 1887
1761 2098 17 66 i
1798 2110 109 50 fråga

311 2168 58 23 om
400 2156 62 36 val
491 2155 42 37 af
546 2156 153 53 sådana
728 2157 270 49 föreskrifver;
1029 2159 96 36 dock
1155 2166 55 30 att
1238 2161 237 38 tillträdaren
1505 2162 191 38 anskaffar
1722 2164 148 37 utsäde.

438 2211 34 33 4.
528 2202 54 42 År
621 2208 62 38 vid
722 2210 105 36 tiden
869 2210 58 37 för
969 2212 182 36 boställes
1180 2213 224 37 afträdande
1445 2214 85 37 icke
1561 2215 203 48 bestämdt,
1789 2217 114 36 hvem

309 2272 79 24 som
434 2260 171 38 kommer
646 2266 56 32 att
747 2262 160 38 boställe
943 2263 180 49 tillträda,
1161 2264 97 37 skall
1288 2265 252 50 domkapitlet
1572 2267 236 46 föranstalta,
1848 2274 56 31 att

309 2311 178 37 bostället
530 2313 211 37 emellertid
786 2315 134 36 varder
949 2315 210 49 behörigen
1188 2317 166 37 brukadt
1389 2318 70 37 och
1489 2319 170 46 vårdadt,
1690 2319 97 37 intill
1816 2321 88 37 dess

308 2363 232 39 detsammas
570 2365 144 37 skötsel
744 2366 70 37 och
843 2367 93 36 vård
966 2368 72 36 kan
1069 2368 42 35 af
1134 2368 212 38 tillträdare
1371 2371 231 50 öfvertagas.
