1866 2782
267 158 39 30 22
571 161 124 29 Första
719 161 245 40 lagutskottets
988 163 179 31 utlåtande
1189 174 44 20 nr
1256 166 41 29 18
1319 165 40 31 år
1382 166 84 30 1958

269 242 60 39 går
347 243 188 40 placering,
555 244 183 40 hänsynen
759 246 51 29 till
829 246 277 32 vederbörandes
1125 248 273 38 hälsotillstånd,
1418 251 188 30 läkarvård
1625 252 65 29 och
1711 252 61 40 dy-

270 292 74 30 likt.

314 343 73 30 Vad
414 344 39 29 så
479 344 107 40 angår
612 345 167 40 förslaget
805 347 51 29 till
884 347 206 39 kungörelse
1117 350 80 29 med
1223 350 94 30 vissa
1343 350 221 31 föreskrifter
1591 352 178 40 angående

269 393 273 35 häradshäkten,
568 395 230 30 stadshäkten
823 397 64 29 och
912 398 241 39 polisarrester
1180 400 38 29 är
1244 402 49 28 att
1319 401 124 31 märka
1468 404 50 28 att
1544 402 77 30 häri
1646 400 124 47 uppta-

269 451 57 31 ges
352 444 42 29 de
420 444 226 31 minimikrav
671 446 46 39 på
743 447 198 30 lokalernas
967 448 246 31 beskaffenhet
1240 451 64 28 och
1331 452 213 39 utrustning,
1573 462 74 20 som
1674 454 96 29 över-

270 494 60 29 allt
354 494 112 30 måste
490 495 189 40 uppfyllas.
704 496 94 30 även
822 506 57 20 om
904 498 58 30 det
986 498 10 29 i
1021 499 64 29 och
1110 499 55 30 för
1190 500 52 39 sig
1266 501 89 29 varit
1380 502 168 30 önskvärt
1573 505 51 28 att
1649 503 119 40 längre

268 544 129 38 gående
419 545 154 39 anspråk
593 546 11 29 i
624 546 103 30 dessa
747 547 222 31 hänseenden
990 549 136 30 kunnat
1147 550 211 40 tillgodoses,
1380 551 55 30 får
1456 552 57 30 det
1533 552 11 29 i
1566 554 203 29 nuvarande

268 594 73 39 läge
362 595 167 39 godtagas
551 598 49 27 att
622 596 177 31 reformen
820 598 203 39 begränsats
1044 600 44 39 på
1110 601 68 29 sätt
1201 610 76 20 som
1299 601 100 30 skett.
1423 602 119 30 Redan
1564 603 204 39 härigenom

268 644 260 31 åstadkommes
557 647 106 29 också
692 648 192 39 väsentliga
913 648 250 41 förbättringar
1192 651 11 29 i
1233 651 221 31 förhållande
1483 653 52 29 till
1565 654 203 30 nuvarande

267 695 158 39 ordning.
446 696 51 29 Av
518 697 149 29 särskild
688 697 175 40 betydelse
884 698 55 30 får
958 699 58 30 det
1036 709 101 21 anses
1157 710 85 20 vara
1262 703 50 28 att
1332 702 165 40 tillsynen
1518 704 81 29 över
1619 704 150 30 bestäm-

267 745 191 30 melsernas
482 746 214 30 efterlevnad
721 748 144 39 skärpes
888 749 106 39 enligt
1019 750 165 40 förslaget
1208 751 11 29 i
1244 751 38 30 så
1304 752 111 30 måtto
1439 755 50 27 att
1513 753 57 30 det
1595 763 98 21 avses
1718 756 49 28 att

268 795 120 39 ålägga
419 796 43 30 de
494 796 315 40 tillsynsutövande
842 799 290 40 myndigheterna
1163 801 255 31 vidsträcktare
1451 803 317 41 inspektionsskyl-

267 845 126 39 dighet.
415 847 74 30 Mot
514 847 41 30 de
580 848 174 30 särskilda
779 849 237 39 stadgandena
1040 851 11 29 i
1075 850 166 41 förslaget
1265 852 65 30 har
1352 853 172 30 utskottet
1548 854 75 30 icke
1649 854 118 30 funnit

266 896 188 40 anledning
484 897 51 29 till
565 897 152 31 erinran.

310 946 47 30 På
380 947 115 39 grund
519 957 42 20 av
584 948 57 30 det
666 948 150 31 anförda
839 949 55 30 får
917 951 171 30 utskottet
1111 951 197 37 hemställa,

618 999 45 33 A)
695 1001 50 28 att
770 1000 188 39 riksdagen
982 1001 107 30 måtte
1116 1004 127 37 antaga
1268 1003 57 30 det
1350 1003 58 30 vid
1434 1004 229 31 förevarande
1689 1015 79 30 pro-

574 1049 153 39 position
752 1049 123 39 fogade
901 1050 165 41 förslaget
1088 1052 55 30 till
1169 1053 56 39 lag
1250 1062 56 21 om
1331 1054 258 40 behandlingen
1615 1065 42 20 av
1681 1056 86 29 häk-

572 1099 80 30 tade
676 1100 66 29 och
766 1100 167 30 anhållna
955 1110 46 21 m.
1026 1102 53 35 fl.;

617 1150 44 33 B)
692 1152 51 27 att
768 1150 187 40 riksdagen
980 1152 107 30 måtte
1112 1152 11 30 i
1150 1153 167 30 skrivelse
1343 1154 52 30 till
1421 1155 126 39 Kungl.
1575 1156 105 39 Maj:t
1707 1166 60 20 an-

573 1200 103 34 mäla,
696 1202 51 28 att
767 1201 187 39 riksdagen
973 1202 57 30 vid
1050 1204 217 39 granskning
1288 1214 41 20 av
1348 1204 57 30 det
1424 1205 58 30 vid
1503 1206 263 39 propositionen

572 1249 125 40 fogade
719 1250 165 41 förslaget
904 1252 53 30 till
978 1253 207 39 kungörelse
1207 1254 79 30 med
1305 1255 94 30 vissa
1419 1255 222 31 föreskrifter
1662 1257 105 39 angå-

572 1300 86 30 ende
682 1301 273 35 häradshäkten,
981 1303 228 31 stadshäkten
1234 1304 65 30 och
1322 1305 242 40 polisarrester
1588 1307 30 39 ej
1647 1307 119 30 funnit

573 1351 75 29 skäl
675 1352 84 38 göra
784 1352 110 30 andra
919 1354 206 30 uttalanden
1152 1355 44 29 än
1223 1355 170 30 utskottet
1418 1356 11 29 i
1456 1356 230 31 förevarande
1713 1360 53 27 ut-

568 1401 139 30 låtande
731 1403 169 39 upptagit.

307 1483 202 30 Stockholm
533 1484 66 30 den
626 1485 38 30 18
689 1494 96 21 mars
811 1486 82 30 1958

705 1586 49 30 På
774 1586 110 30 första
903 1588 247 39 lagutskottets
1169 1590 146 38 vägnar:

820 1654 121 30 OLOV
962 1655 241 31 RYLANDER

305 1902 63 29 Vid
388 1902 95 30 detta
505 1903 146 31 ärendes
675 1904 211 41 behandling
906 1906 66 29 har
992 1906 156 30 närvarit

303 1961 79 30 från
414 1961 168 32 första
612 1963 222 31 kammaren:
858 1964 121 31 herrar
1001 1965 171 35 Ahlkvist,
1194 1966 196 36 Lindblom,
1413 1968 66 30 Per
1500 1968 177 35 Olofsson,
1700 1970 63 29 Lo-

258 2003 134 35 denius,
415 2004 58 29 fru
497 2005 393 40 Sjöström-Bengtsson,
913 2007 57 30 fru
994 2008 109 30 Gärde
1125 2009 192 35 Widemar,
1339 2010 121 30 herrar
1483 2011 85 29 Erik
1591 2012 172 39 Svedberg

258 2046 65 29 och
348 2046 188 36 Arvidson;

302 2105 79 30 från
411 2107 155 30 andra
595 2108 222 30 kammaren:
838 2109 122 30 herrar
979 2110 184 39 Rylander,
1184 2111 179 40 Hedqvist,
1382 2112 210 31 Gustafsson
1612 2114 10 28 i
1642 2114 119 34 Borås,

258 2147 56 30 fru
334 2149 144 34 Boman,
498 2150 79 29 herr
598 2150 122 40 Onsjö,
740 2150 57 30 fru
817 2151 169 40 Löfqvist,
1006 2153 124 30 fröken
1150 2154 194 39 Bergegren
1363 2155 65 28 och
1447 2156 81 29 herr
1548 2156 150 29 Edlund.

488 2472 96 23 580580
623 2470 167 24 Stockholm
812 2470 75 25 1958.
908 2471 80 25 Isaac
1009 2472 111 25 Marcus
1141 2473 188 31 Boktryckeri
1350 2474 171 30 Aktiebolag
