2181 2675
409 186 19 30 2
941 184 214 39 Lagutskottets
1179 183 147 31 utlåtande
1348 184 47 30 Nr
1419 184 48 30 13.

409 266 207 49 ersättning
652 267 35 48 (8
720 266 61 49 14)
817 266 13 37 i
867 266 167 54 enlighet
1067 267 84 35 med
1181 267 44 35 de
1255 265 183 38 särskilda
1468 266 234 47 stadganden
1729 267 57 35 för
1815 265 100 37 olika
1943 267 67 36 fall

407 323 112 47 lagen
547 322 249 36 föreskrifver.
854 321 36 37 ÅA
920 322 115 35 andra
1065 321 106 36 sidan
1201 326 40 31 är
1270 327 109 41 ägare
1409 321 41 35 af
1473 324 94 33 tomt
1593 321 64 37 vid
1686 324 98 44 gata,
1815 333 78 24 som
1915 322 94 35 efter

408 379 130 46 lagens
579 377 296 36 ikraftträdande
916 377 172 47 upplåtes
1130 376 56 36 för
1220 376 154 35 allmänt
1401 376 257 47 begagnande,
1691 376 150 48 skyldig
1870 380 138 32 ersätta

409 434 131 35 staden
581 433 131 36 värdet
749 432 40 35 af
820 431 247 48 gatumarken
1099 432 128 34 utmed
1255 434 142 33 tomten
1425 431 99 35 intill
1552 439 132 39 gatans
1713 431 103 43 midt,
1849 431 93 35 dock
1973 431 32 49 ej

408 487 58 37 till
500 490 116 33 större
651 487 117 35 bredd
798 492 47 30 än
872 486 62 36 nio
965 489 116 33 meter
1109 486 33 47 (8
1174 485 74 48 31).
1306 486 135 35 Denna
1470 486 207 46 ersättning
1706 485 96 36 skall
1831 486 173 46 utgifvas,

409 543 47 35 då
495 542 92 36 efter
628 542 211 46 stadsplans
880 541 256 35 fastställande
1177 540 230 49 nybyggnad
1448 539 123 37 blifvit
1616 543 19 33 å
1663 544 142 32 tomten
1833 541 172 47 uppförd,

409 596 96 37 dock
534 596 32 49 ej
596 596 117 36 innan
742 599 114 43 gatan
883 595 180 48 upplåtits
1092 595 57 36 för
1178 595 154 35 allmänt
1360 595 246 47 begagnande
1635 593 36 50 ($
1702 592 75 51 33).

517 652 127 35 Såsom
688 650 146 47 garanti
875 651 56 35 för
974 651 122 34 denna
1141 650 225 46 ersättnings
1408 649 176 36 utfående
1614 653 59 32 må
1702 650 131 35 staden
1862 649 144 45 kräfva,

409 709 54 31 att
505 706 75 34 viss
623 705 185 43 säkerhet,
853 716 77 23 som
974 705 40 34 af
1051 704 360 46 byggnadsnämden
1453 704 231 45 godkännes,
1722 703 138 43 ställes,
1890 703 120 35 innan

408 758 231 49 nybyggnad
683 760 58 33 må
783 757 184 48 företagas
1002 757 34 47 ($
1067 759 46 34 33
1150 769 107 24 mom.
1291 756 46 49 3).
1396 755 210 48 Angående
1635 756 307 36 beskaffenheten
1971 755 42 36 af

409 814 123 35 denna
570 813 174 35 säkerhet
780 813 68 34 har
875 812 111 47 lagen
1014 812 14 35 i
1057 811 111 47 öfrigt
1194 812 84 35 icke
1307 814 116 45 yttrat
1451 812 67 45 sig,
1549 814 115 44 något
1692 823 78 23 som
1800 812 65 34 hos
1892 811 116 35 stads-

409 867 310 48 myndigheterna
762 867 114 35 vållat
911 871 76 31 stor
1014 866 151 35 tvekan.
1222 865 65 36 Uti
1316 878 46 22 en
1392 866 82 34 stad
1502 866 68 34 har
1600 865 276 36 vederbörande
1907 877 101 35 myn-

409 921 130 48 dighet
567 921 140 36 fordrat
734 921 221 46 utgifvande
985 920 40 36 af
1051 920 227 44 skuldsedel,
1308 919 160 48 löpande
1497 920 85 35 med
1613 922 21 33 6
1665 921 41 37 ?/v
1735 922 117 42 ränta,
1879 919 56 36 uti
1961 932 46 23 en

409 989 124 22 annan
575 975 148 36 kräfves
758 975 226 36 förbindelse
1014 976 84 34 med
1127 975 176 46 godkänd
1332 974 151 46 borgen,
1515 977 54 32 att
1597 978 233 40 tomtägaren
1860 974 34 35 »i
1922 975 85 45 laga

408 1030 55 36 tid
492 1030 69 36 och
591 1030 158 47 ordning
778 1030 163 46 utgifver
970 1030 72 34 den
1072 1029 218 47 ersättning,
1312 1040 77 24 som
1411 1029 63 35 det
1494 1028 118 47 enligt
1630 1029 62 46 lag
1713 1028 142 47 åligger
1871 1029 135 35 honom

409 1088 55 32 att
505 1085 110 46 gälda
658 1085 56 35 för
756 1085 129 35 värdet
914 1083 40 36 af
980 1084 72 34 den
1081 1083 143 43 mark»,
1256 1095 74 23 som
1362 1083 120 35 finnes
1511 1083 127 35 utmed
1666 1085 153 33 tomten.
1877 1082 131 36 Andra

408 1139 221 36 kommuner
671 1139 167 46 återigen
880 1151 89 22 anse
1018 1137 58 47 sig
1104 1137 84 36 icke
1217 1137 128 36 kunna
1373 1137 86 48 nöja
1489 1137 57 47 sig
1575 1137 84 35 med
1687 1136 145 36 mindre
1860 1137 146 47 betryg-

409 1194 122 46 gande
561 1193 175 35 säkerhet
765 1198 46 29 än
839 1192 222 46 inteckning
1089 1192 13 34 i
1129 1195 152 40 tomten,
1315 1192 238 34 alldenstund
1583 1192 62 34 det
1673 1191 69 35 lätt
1766 1191 74 35 kan
1869 1192 136 43 hända,

410 1251 65 41 att,
524 1248 115 34 sedan
684 1246 324 46 borgensmännen
1050 1245 123 36 blifvit
1208 1245 210 36 insolventa
1461 1245 91 35 eller
1593 1245 416 46 borgensförbindelsen

410 1302 102 35 öfver
557 1303 47 33 10
648 1303 40 33 år
716 1301 171 46 gammal,
926 1304 233 43 tomtägaren
1189 1305 40 29 är
1256 1300 230 35 urståndsatt
1515 1302 54 33 att
1598 1300 107 34 ställa
1734 1312 51 35 ny
1814 1300 186 44 säkerhet,

410 1356 68 35 och
521 1356 131 35 staden
695 1355 143 35 således
880 1354 162 35 riskerar
1076 1357 52 32 att
1150 1356 46 44 gå
1226 1353 107 36 miste
1362 1366 57 23 om
1451 1354 49 34 all
1528 1354 218 46 ersättning.
1805 1354 84 34 Den
1917 1366 91 34 upp-

408 1409 212 46 fattningen
663 1421 111 35 synes
815 1408 14 36 1
871 1408 202 35 allmänhet
1115 1412 89 43 göra
1246 1408 57 46 sig
1345 1407 184 47 gällande,
1574 1411 54 32 att
1663 1419 57 24 om
1751 1407 258 47 ersättningen

407 1463 99 35 inom
536 1464 75 35 viss
640 1463 85 35 kort
753 1463 55 35 tid
837 1463 96 35 skall
961 1461 164 48 utgifvas
1155 1462 69 48 (om
1255 1464 113 44 gatan
1396 1462 115 35 redan
1541 1466 40 30 är
1604 1461 131 47 utlagd
1761 1462 89 34 eller
1869 1461 140 46 vidgad

408 1517 152 35 framför
604 1516 167 49 tomten),
820 1520 59 32 må
927 1516 114 35 enbar
1087 1516 386 45 borgensförbindelse
1520 1528 87 23 vara
1654 1515 214 47 tillräcklig.
1930 1516 80 34 När

410 1572 167 34 däremot
619 1583 46 23 en
707 1571 129 46 längre
879 1570 56 35 tid
978 1575 130 30 väntas
1144 1570 159 47 förflyta,
1339 1569 116 35 innan
1484 1569 207 46 ersättning
1720 1569 96 35 skall
1844 1568 163 47 utgifvas

409 1626 58 44 (då
510 1628 113 44 gatan
664 1624 83 36 icke
787 1630 40 30 är
869 1624 68 36 och
975 1624 83 36 icke
1088 1624 227 35 omedelbart
1348 1629 130 31 väntas
1508 1622 51 36 bli
1586 1623 131 47 utlagd
1746 1623 91 35 eller
1865 1623 139 47 vidgad

409 1679 152 35 framför
601 1678 167 48 tomten),
812 1679 105 35 torde
958 1678 254 35 realsäkerhet
1244 1678 89 35 böra
1361 1678 142 35 fordras
1532 1681 91 31 utan
1651 1680 125 44 någon
1805 1689 77 24 som
1911 1678 98 34 helst

409 1733 218 44 räntevinst,
658 1733 146 35 hvilket
834 1732 30 48 ej
896 1733 106 35 torde
1032 1733 47 34 ha
1108 1732 96 35 varit
1231 1732 254 46 lagstiftarnas
1514 1732 162 46 mening.

518 1787 183 36 Gifvetvis
745 1793 39 29 är
827 1787 63 34 det
924 1786 205 35 emellertid
1158 1785 13 35 i
1199 1788 136 44 många
1367 1786 64 35 fall
1460 1789 134 44 ytterst
1623 1787 100 34 svårt
1747 1787 54 34 att
1828 1784 177 45 beräkna,

408 1846 68 30 när
506 1841 71 35 den
605 1840 179 48 tidpunkt
811 1840 76 35 kan
915 1839 162 46 inträffa,
1108 1840 47 35 då
1175 1840 255 46 ersättningen
1451 1840 96 35 skall
1567 1840 181 46 erläggas.
1793 1839 75 35 Det
1887 1838 118 46 beror,

410 1908 75 23 som
530 1895 38 35 af
608 1896 62 34 det
713 1895 265 35 ofvanstående
1020 1895 174 46 framgår,
1230 1895 72 35 dels
1337 1894 39 35 af
1408 1900 67 29 när
1503 1898 113 42 gatan
1645 1893 71 36 blir
1744 1893 179 47 upplåten
1951 1893 58 35 till

409 1950 154 34 allmänt
616 1949 257 46 begagnande,
924 1950 71 34 dels
1038 1948 40 35 af
1121 1954 68 29 när
1240 1948 230 48 nybyggnad
1520 1948 118 46 enligt
1683 1948 130 46 lagens
1856 1947 152 47 mening

410 2009 88 41 äger
525 2016 93 22 rum.

515 2057 139 47 Många
697 2056 316 47 omständigheter
1056 2056 129 35 kunna
1226 2056 103 47 spela
1366 2056 50 43 in,
1447 2055 129 36 hvilka
1604 2054 162 49 fördröja
1794 2055 215 36 utförandet

410 2111 40 35 af
489 2111 72 35 den
594 2111 289 47 gatureglering,
920 2123 76 22 som
1033 2111 258 46 stadsplanens
1321 2110 287 47 genomförande
1637 2109 165 35 innebär.
1859 2109 61 35 En
1949 2114 59 30 än-

408 2165 112 46 dring
552 2165 13 34 i
598 2166 137 46 planen
764 2166 74 33 kan
868 2164 158 35 behöfva
1055 2164 181 46 vidtagas,
1268 2165 158 34 anstånd
1456 2165 83 33 med
1569 2164 83 34 dess
1681 2163 196 35 utförande
1907 2164 100 33 inom

409 2220 93 35 visst
530 2220 148 34 område
707 2221 47 44 på
783 2219 122 46 grund
934 2219 39 34 af
999 2218 182 35 särskilda
1208 2218 154 35 vrsaker
1390 2218 159 35 behöfva
1578 2217 121 45 sökas,
1730 2217 154 35 oaktadt
1904 2221 102 41 gatu-

410 2273 106 35 mark
561 2273 116 35 redan
716 2272 230 44 förvärfvats,
992 2272 90 35 eller
1123 2272 115 35 andra
1282 2271 151 36 orsaker
1473 2272 101 47 spela
1614 2271 51 44 in,
1697 2282 76 25 som
1803 2271 204 48 uppskjuta
