1868 2848
492 154 111 29 Andra
625 154 222 33 lagutskottets
869 153 164 29 utlåtande
1056 152 47 29 Nr
1129 151 48 34 47.
1570 150 17 31 7

83 241 43 38 på
152 244 51 29 att
226 252 84 20 vara
334 240 237 32 uttömmande.
620 240 67 32 Det
712 243 114 34 syntes
854 239 116 32 därför
995 239 209 38 nödvändigt
1231 241 52 29 att
1309 238 169 32 oförtövat
1504 238 82 31 fort-

84 295 89 28 sätta
188 291 222 38 utredningen
427 303 42 19 av
487 291 124 37 frågan
628 302 50 20 om
696 290 169 38 reglering
880 301 42 20 av
940 289 39 32 de
996 289 12 31 i
1025 289 223 38 näringslivet
1263 288 211 32 verksamma
1491 299 95 27 orga-

81 342 243 32 nisationernas
350 341 259 38 kampmetoder.
659 340 69 32 Vid
757 340 106 31 denna
889 339 181 38 utredning
1097 338 101 32 borde
1225 338 92 32 vissa
1344 338 12 31 i
1382 338 206 32 motionerna

81 397 151 27 närmare
253 392 147 38 angivna
419 391 211 39 synpunkter
650 390 150 32 beaktas.

127 494 19 31 I
172 493 274 32 kommissionens
475 492 211 33 betänkande
714 492 61 31 har
804 491 217 39 framhållits,
1051 494 52 29 att
1130 490 54 32 till
1212 490 111 39 grund
1352 490 52 32 för
1431 489 155 33 kommis-

84 544 129 32 sionens
230 544 112 32 arbete
357 544 91 37 legat
462 543 57 33 det
533 555 42 20 av
589 543 61 32 den
665 542 211 38 sakkunnige
892 541 147 39 avgivna
1053 541 228 32 betänkandet
1295 540 170 39 angående
1480 540 107 38 tredje

84 606 92 21 mans
205 598 70 28 rätt
301 594 54 32 till
380 594 197 32 neutralitet
601 594 12 31 i
639 593 298 32 arbetskonflikter
963 593 103 37 jämte
1095 592 135 32 därmed
1259 590 328 39 sammanhängande

82 645 163 38 spörsmål
266 649 154 28 ävensom
441 644 39 32 de
503 649 77 27 över
600 642 209 34 sistnämnda
829 642 210 33 betänkande
1060 642 147 38 avgivna
1228 641 212 38 yttrandena.
1487 641 100 31 Kom-

81 696 188 39 missionen,
299 707 69 20 som
395 695 12 31 i
433 695 109 32 likhet
569 694 74 32 med
671 694 63 32 den
763 693 209 38 sakkunnige
1001 692 115 32 funnit
1141 691 220 39 lagstiftning
1387 692 44 38 på
1459 691 128 38 ifråga-

83 747 148 32 varande
250 746 134 32 område
404 745 216 39 synnerligen
640 745 179 39 önskvärd,
840 745 61 31 har
921 744 101 32 också
1043 744 113 31 funnit
1177 743 53 38 sig
1250 743 13 31 i
1283 746 85 28 stort
1389 745 65 30 sett
1474 742 113 31 kunna

83 797 115 38 bygga
222 797 44 38 på
290 797 62 31 den
376 796 228 38 sakkunniges
627 795 127 39 utkast,
780 795 103 32 ehuru
907 794 132 39 ganska
1062 794 190 38 betydande
1278 793 186 32 avvikelser
1488 792 101 32 blivit

84 847 129 38 gjorda.
259 847 53 32 En
334 847 192 32 kortfattad
548 846 208 38 redogörelse
780 846 53 32 för
855 845 275 32 kommissionens
1155 844 130 38 förslag
1308 843 92 32 torde
1423 843 62 32 här
1507 842 81 32 böra

84 898 139 32 lämnas.

125 998 178 38 Förslaget
327 998 51 32 till
402 998 54 38 lag
481 997 171 39 angående
674 999 91 30 vissa
789 996 214 32 ekonomiska
1025 994 274 38 stridsåtgärder.
1346 994 18 31 I
1389 994 92 32 detta
1505 1005 83 26 upp-

81 1053 98 35 tagas
201 1049 54 32 till
277 1061 41 20 en
339 1049 116 38 början
476 1048 94 32 vissa
603 1047 246 33 allmänna
880 1045 380 38 bestämmelser,
1295 1044 115 32 vartill
1431 1063 45 4 —
1498 1043 90 32 från-

85 1104 65 29 sett
171 1100 61 32 den
254 1100 188 39 definition,
464 1111 71 20 som
555 1099 93 38 gives
670 1099 19 31 å
711 1098 274 39 stridsåtgärder,
1008 1109 114 20 varom
1144 1097 12 31 i
1178 1096 166 38 förslaget
1364 1100 37 27 är
1423 1095 101 38 fråga
1544 1114 44 3 —

84 1150 244 39 motsvarighet
354 1150 122 32 saknas
504 1150 12 31 i
544 1150 62 31 den
633 1149 227 37 sakkunniges
887 1148 127 32 utkast.
1065 1147 113 32 Under
1204 1146 240 38 beteckningen
1471 1145 116 32 strids-

81 1201 122 38 åtgärd
222 1200 161 33 hänföras
400 1200 12 32 i
430 1200 145 31 främsta
594 1203 142 28 rummet
756 1210 24 21 s.
801 1198 32 32 k.
854 1197 259 39 massåtgärder,
1133 1196 137 33 varmed
1292 1195 124 33 förstås
1434 1194 154 38 blockad,

83 1252 132 38 bojkott
237 1252 61 32 och
322 1251 298 32 arbetsinställelse
648 1248 126 41 (strejk
797 1249 79 32 eller
899 1247 168 41 lockout).
1112 1248 62 32 Dit
1196 1247 158 32 hänföres
1377 1247 117 31 vidare
1518 1246 69 31 dels

84 1303 219 38 uppsägning
331 1314 41 20 av
399 1302 124 32 arbets-
553 1301 80 32 eller
660 1300 196 39 hyresavtal
884 1300 69 32 dels
983 1299 63 32 ock
1074 1302 103 28 annat
1205 1297 208 39 avbrytande
1443 1309 42 20 av
1512 1296 75 32 eko-

85 1353 131 32 nomisk
240 1352 214 40 förbindelse,
480 1357 62 27 när
567 1352 56 31 det
645 1351 76 32 sker
747 1362 42 21 av
812 1351 57 31 två
893 1350 80 32 eller
999 1349 89 33 flera
1110 1349 12 31 i
1146 1348 199 33 samverkan
1373 1346 35 41 (1
1436 1347 18 39 $
1480 1347 108 32 första

86 1402 164 40 stycket).

129 1454 179 37 Förslaget
327 1456 169 35 upptager
514 1453 93 31 vissa
626 1452 109 38 regler
755 1452 12 30 i
788 1451 100 38 fråga
908 1463 52 20 om
979 1450 197 38 behörighet
1196 1452 52 29 att
1267 1449 196 38 igångsätta
1485 1459 103 20 mass-

85 1504 132 38 åtgärd.
262 1503 150 33 Sålunda
431 1503 151 38 stadgas,
602 1506 51 28 att
670 1502 197 38 behörighet
885 1501 11 31 i
917 1500 114 39 dylikt
1050 1499 160 33 avseende
1230 1498 202 33 tillkommer
1450 1517 46 4 —
1515 1497 74 32 med

85 1554 92 32 vissa
191 1554 176 38 undantag
380 1573 44 3 —
439 1553 145 32 allenast
600 1552 164 39 förening,
782 1552 11 31 i
809 1563 75 21 vars
902 1551 215 32 verksamhet
1132 1550 99 37 ingår
1248 1552 51 29 att
1315 1549 155 37 företaga
1486 1559 102 20 mass-

85 1605 137 38 åtgärd;
245 1608 101 34 utgör
370 1604 104 32 sådan
499 1603 156 38 förening
678 1601 346 39 huvudorganisation
1047 1601 12 31 i
1083 1599 214 33 förhållande
1321 1599 53 31 till
1399 1599 107 31 andra
1531 1598 57 38 dy-

85 1655 72 32 lika
177 1655 205 38 föreningar,
405 1654 193 32 ankommer
619 1653 220 38 företagande
861 1664 41 20 av
924 1651 215 38 massåtgärd
1159 1649 215 33 uteslutande
1394 1650 44 38 på
1461 1648 127 32 huvud-

86 1705 271 39 organisationen
384 1703 35 40 (2
445 1703 52 40 $).
545 1704 176 38 Härjämte
745 1703 61 32 har
831 1702 224 39 föreskrivits,
1080 1705 52 28 att
1155 1700 165 38 förening,
1345 1712 69 19 som
1437 1699 62 32 vill
1523 1699 66 31 för-

85 1756 133 32 behålla
243 1756 53 37 sig
320 1759 51 28 att
393 1755 199 38 igångsätta
616 1753 222 39 massåtgärd,
864 1758 37 27 är
923 1752 127 39 pliktig
1075 1755 51 29 att
1148 1752 59 31 hos
1232 1750 245 33 vederbörande
1502 1749 87 32 läns-

86 1807 143 38 styrelse
251 1806 101 32 ställa
373 1805 157 32 säkerhet
551 1805 53 31 för
626 1804 215 39 skadestånd,
865 1815 68 20 som
957 1802 196 38 föreningen
1175 1802 68 31 kan
1267 1800 180 39 förpliktas
1470 1800 120 38 utgiva

86 1857 106 38 enligt
216 1857 62 31 den
303 1856 193 38 föreslagna
519 1856 109 37 lagen.
675 1855 91 32 Från
793 1854 106 32 denna
924 1853 181 32 föreskrift
1128 1857 95 33 göres
1249 1851 184 32 emellertid
1459 1851 56 31 det
1537 1850 53 31 be-

86 1907 222 38 tydelsefulla
326 1906 217 38 undantaget,
565 1909 51 28 att
633 1905 165 37 förening,
819 1916 68 20 som
907 1909 37 26 är
963 1907 79 35 part
1059 1903 13 31 i
1090 1902 198 33 arbetstvist
1306 1901 139 32 rörande
1464 1899 126 33 kollek-

86 1957 161 32 tivavtals
272 1957 172 37 ingående,
470 1961 80 32 äger
572 1959 82 28 utan
677 1955 167 32 ställande
866 1966 42 19 av
931 1966 44 19 nu
999 1953 143 38 angiven
1165 1952 157 32 säkerhet
1344 1954 67 28 mot
1434 1951 51 31 sin
1510 1953 80 29 mot-

86 2011 78 35 part
185 2007 142 37 vidtaga
350 2006 298 32 arbetsinställelse
670 2005 105 38 jämte
798 2003 254 33 arbetsblockad
1080 2001 37 40 (3
1143 2003 17 38 $
1185 2002 111 32 första
1319 2000 165 40 stycket).
1533 2000 57 32 Sä-

86 2058 118 31 kerhet
226 2057 88 32 skall
336 2060 137 35 utgöras
499 2068 42 20 av
564 2056 186 38 penningar
772 2055 79 31 eller
873 2054 61 32 ock
958 2066 41 19 av
1022 2052 307 38 värdehandlingar
1352 2051 81 32 eller
1455 2051 134 37 borgen,

87 2120 68 20 som
176 2107 240 38 länsstyrelsen
436 2107 208 38 godkänner;
666 2106 192 32 densamma
878 2104 88 32 skall
988 2104 53 32 för
1061 2103 91 32 olika
1173 2102 193 38 föreningar
1387 2102 94 37 gälla
1501 2100 90 33 olika

87 2159 129 37 belopp,
241 2158 173 32 bestämda
438 2157 53 31 för
515 2156 368 38 arbetsgivarförening
906 2155 10 31 i
939 2155 70 31 viss
1035 2154 139 31 relation
1199 2153 54 32 till
1278 2152 127 32 antalet
1428 2152 162 36 arbetare,

88 2221 68 19 som
181 2220 41 20 av
249 2208 212 37 föreningens
487 2207 214 31 medlemmar
726 2206 228 38 sysselsättas,
979 2208 88 28 samt
1092 2204 52 31 för
1170 2215 110 20 annan
1307 2202 153 37 förening
1485 2202 13 31 i
1521 2201 69 31 viss

87 2259 140 32 relation
248 2258 53 31 till
324 2258 72 31 dess
418 2257 263 32 medlemsantal.
725 2257 73 31 Har
820 2255 100 32 ställd
942 2255 157 31 säkerhet
1118 2254 104 37 tagits
1243 2253 12 31 i
1276 2252 146 38 anspråk
1443 2252 55 31 för
1520 2251 70 38 gäl-

89 2309 106 32 dande
218 2320 41 20 av
282 2308 203 31 skadestånd
508 2307 80 31 eller
610 2307 60 31 har
693 2306 143 37 ändring
858 2306 121 30 inträtt
1000 2305 10 30 i
1034 2305 38 31 de
1096 2303 244 38 förhållanden,
1364 2314 68 19 som
1456 2306 57 27 äro
1536 2313 54 19 av-

88 2359 145 37 görande
251 2359 53 30 för
322 2357 213 31 säkerhetens
554 2356 134 38 storlek,
707 2355 89 32 skall
814 2355 194 31 säkerheten
1028 2354 146 36 utfyllas
1192 2353 81 31 eller
1291 2352 79 31 ökas
1393 2351 36 39 (3
1449 2351 18 38 $
1487 2351 104 31 andra

88 2409 60 30 och
163 2409 105 37 tredje
285 2407 160 38 styckena
463 2410 87 28 samt
566 2408 83 30 4—5
668 2405 73 39 $$).
781 2406 61 31 Om
859 2404 155 37 förening
1030 2403 59 31 vill
1105 2403 141 37 vidtaga
1263 2401 222 38 massåtgärd,
1503 2400 88 32 skall

89 2458 155 38 skriftlig
268 2457 242 33 underrättelse
538 2457 111 31 därom
676 2456 128 31 lämnas
832 2455 70 37 den,
929 2466 69 20 som
1025 2453 162 37 åtgärden
1214 2464 105 26 avser,
1345 2451 79 32 eller
1449 2463 52 19 om
1526 2450 65 32 han
