<?xml version="1.0" encoding="UTF-8"?>
<alto xmlns="http://www.loc.gov/standards/alto/ns-v3#" xmlns:xlink="http://www.w3.org/1999/xlink" xmlns:xsi="http://www.w3.org/2001/XMLSchema-instance" xsi:schemaLocation="http://www.loc.gov/standards/alto/ns-v3# http://www.loc.gov/alto/v3/alto-3-0.xsd">
	<Description>
		<MeasurementUnit>pixel</MeasurementUnit>
		<sourceImageInformation>
			<fileName>/tmp/tess_npcav62q_input.PNG</fileName>
		</sourceImageInformation>
		<OCRProcessing ID="OCR_0">
			<ocrProcessingStep>
				<processingSoftware>
					<softwareName>tesseract 5.3.0</softwareName>
				</processingSoftware>
			</ocrProcessingStep>
		</OCRProcessing>
	</Description>
	<Layout>
		<Page WIDTH="2187" HEIGHT="2528" PHYSICAL_IMG_NR="0" ID="page_0">
			<PrintSpace HPOS="0" VPOS="0" WIDTH="2187" HEIGHT="2528">
				<ComposedBlock ID="cblock_0" HPOS="86" VPOS="448" WIDTH="198" HEIGHT="206">
					<TextBlock ID="block_0" HPOS="86" VPOS="448" WIDTH="198" HEIGHT="206">
						<TextLine ID="line_0" HPOS="107" VPOS="448" WIDTH="152" HEIGHT="34">
							<String ID="string_0" HPOS="107" VPOS="448" WIDTH="152" HEIGHT="34" WC="0.87" CONTENT="Angående"/>
						</TextLine>
						<TextLine ID="line_1" HPOS="102" VPOS="492" WIDTH="145" HEIGHT="18">
							<String ID="string_1" HPOS="102" VPOS="492" WIDTH="145" HEIGHT="18" WC="0.47" CONTENT="seminarii"/>
						</TextLine>
						<TextLine ID="line_2" HPOS="86" VPOS="518" WIDTH="198" HEIGHT="34">
							<String ID="string_2" HPOS="86" VPOS="518" WIDTH="109" HEIGHT="26" WC="0.93" CONTENT="lärares"/><SP WIDTH="21" VPOS="518" HPOS="195"/>
							<String ID="string_3" HPOS="216" VPOS="528" WIDTH="68" HEIGHT="24" WC="0.92" CONTENT="upp-"/>
						</TextLine>
						<TextLine ID="line_3" HPOS="97" VPOS="554" WIDTH="164" HEIGHT="32">
							<String ID="string_4" HPOS="97" VPOS="554" WIDTH="135" HEIGHT="32" WC="0.90" CONTENT="flyttning"/><SP WIDTH="21" VPOS="554" HPOS="232"/>
							<String ID="string_5" HPOS="253" VPOS="555" WIDTH="8" HEIGHT="23" WC="0.94" CONTENT="i"/>
						</TextLine>
						<TextLine ID="line_4" HPOS="91" VPOS="587" WIDTH="173" HEIGHT="33">
							<String ID="string_6" HPOS="91" VPOS="587" WIDTH="83" HEIGHT="33" WC="0.93" CONTENT="högre"/><SP WIDTH="20" VPOS="587" HPOS="174"/>
							<String ID="string_7" HPOS="194" VPOS="589" WIDTH="70" HEIGHT="25" WC="0.90" CONTENT="löne-"/>
						</TextLine>
						<TextLine ID="line_5" HPOS="137" VPOS="623" WIDTH="81" HEIGHT="31">
							<String ID="string_8" HPOS="137" VPOS="623" WIDTH="81" HEIGHT="31" WC="0.94" CONTENT="grad."/>
						</TextLine>
					</TextBlock>
				</ComposedBlock>
				<ComposedBlock ID="cblock_1" HPOS="66" VPOS="1138" WIDTH="209" HEIGHT="199">
					<TextBlock ID="block_1" HPOS="66" VPOS="1138" WIDTH="209" HEIGHT="199">
						<TextLine ID="line_6" HPOS="96" VPOS="1138" WIDTH="153" HEIGHT="32">
							<String ID="string_9" HPOS="96" VPOS="1138" WIDTH="153" HEIGHT="32" WC="0.66" CONTENT="Angående"/>
						</TextLine>
						<TextLine ID="line_7" HPOS="100" VPOS="1173" WIDTH="142" HEIGHT="31">
							<String ID="string_10" HPOS="100" VPOS="1173" WIDTH="142" HEIGHT="31" WC="0.90" CONTENT="folkskole-"/>
						</TextLine>
						<TextLine ID="line_8" HPOS="84" VPOS="1206" WIDTH="173" HEIGHT="27">
							<String ID="string_11" HPOS="84" VPOS="1206" WIDTH="173" HEIGHT="27" WC="0.72" CONTENT="läraresemi-"/>
						</TextLine>
						<TextLine ID="line_9" HPOS="66" VPOS="1242" WIDTH="209" HEIGHT="27">
							<String ID="string_12" HPOS="66" VPOS="1242" WIDTH="152" HEIGHT="26" WC="0.83" CONTENT="nariernas"/><SP WIDTH="19" VPOS="1242" HPOS="218"/>
							<String ID="string_13" HPOS="237" VPOS="1246" WIDTH="38" HEIGHT="23" WC="0.91" CONTENT="ut-"/>
						</TextLine>
						<TextLine ID="line_10" HPOS="104" VPOS="1276" WIDTH="135" HEIGHT="33">
							<String ID="string_14" HPOS="104" VPOS="1276" WIDTH="135" HEIGHT="33" WC="0.90" CONTENT="vidgning"/>
						</TextLine>
						<TextLine ID="line_11" HPOS="129" VPOS="1319" WIDTH="87" HEIGHT="18">
							<String ID="string_15" HPOS="129" VPOS="1319" WIDTH="32" HEIGHT="17" WC="0.74" CONTENT="m."/><SP WIDTH="24" VPOS="1319" HPOS="161"/>
							<String ID="string_16" HPOS="185" VPOS="1320" WIDTH="31" HEIGHT="17" WC="0.33" CONTENT="m."/>
						</TextLine>
					</TextBlock>
				</ComposedBlock>
				<ComposedBlock ID="cblock_2" HPOS="355" VPOS="123" WIDTH="1103" HEIGHT="47">
					<TextBlock ID="block_2" HPOS="355" VPOS="123" WIDTH="1103" HEIGHT="47">
						<TextLine ID="line_12" HPOS="355" VPOS="123" WIDTH="1103" HEIGHT="47">
							<String ID="string_17" HPOS="355" VPOS="123" WIDTH="41" HEIGHT="31" WC="0.95" CONTENT="20"/><SP WIDTH="419" VPOS="123" HPOS="396"/>
							<String ID="string_18" HPOS="815" VPOS="130" WIDTH="103" HEIGHT="31" WC="0.88" CONTENT="Stats-"/><SP WIDTH="11" VPOS="130" HPOS="918"/>
							<String ID="string_19" HPOS="929" VPOS="130" WIDTH="168" HEIGHT="35" WC="0.48" CONTENT="Utskottes"/><SP WIDTH="31" VPOS="130" HPOS="1097"/>
							<String ID="string_20" HPOS="1128" VPOS="136" WIDTH="171" HEIGHT="34" WC="0.93" CONTENT="Utlåtande"/><SP WIDTH="25" VPOS="136" HPOS="1299"/>
							<String ID="string_21" HPOS="1324" VPOS="139" WIDTH="61" HEIGHT="31" WC="0.74" CONTENT="N:o"/><SP WIDTH="24" VPOS="139" HPOS="1385"/>
							<String ID="string_22" HPOS="1409" VPOS="142" WIDTH="49" HEIGHT="28" WC="0.95" CONTENT="11."/>
						</TextLine>
					</TextBlock>
				</ComposedBlock>
				<ComposedBlock ID="cblock_3" HPOS="296" VPOS="374" WIDTH="1628" HEIGHT="498">
					<TextBlock ID="block_3" HPOS="908" VPOS="374" WIDTH="423" HEIGHT="44">
						<TextLine ID="line_13" HPOS="908" VPOS="374" WIDTH="423" HEIGHT="44">
							<String ID="string_23" HPOS="908" VPOS="374" WIDTH="423" HEIGHT="44" WC="0.58" CONTENT="Folkundervisningen."/>
						</TextLine>
					</TextBlock>
					<TextBlock ID="block_4" HPOS="296" VPOS="465" WIDTH="1628" HEIGHT="407">
						<TextLine ID="line_14" HPOS="439" VPOS="465" WIDTH="1485" HEIGHT="68">
							<String ID="string_24" HPOS="439" VPOS="466" WIDTH="91" HEIGHT="33" WC="0.41" CONTENT="25:0."/><SP WIDTH="58" VPOS="466" HPOS="530"/>
							<String ID="string_25" HPOS="588" VPOS="465" WIDTH="78" HEIGHT="35" WC="0.87" CONTENT="Med"/><SP WIDTH="48" VPOS="465" HPOS="666"/>
							<String ID="string_26" HPOS="714" VPOS="468" WIDTH="193" HEIGHT="47" WC="0.86" CONTENT="anledning"/><SP WIDTH="43" VPOS="468" HPOS="907"/>
							<String ID="string_27" HPOS="950" VPOS="472" WIDTH="109" HEIGHT="45" WC="0.42" CONTENT="deraf,"/><SP WIDTH="36" VPOS="472" HPOS="1059"/>
							<String ID="string_28" HPOS="1095" VPOS="480" WIDTH="59" HEIGHT="38" WC="0.96" CONTENT="att,"/><SP WIDTH="31" VPOS="480" HPOS="1154"/>
							<String ID="string_29" HPOS="1185" VPOS="477" WIDTH="107" HEIGHT="45" WC="0.79" CONTENT="enligt"/><SP WIDTH="33" VPOS="477" HPOS="1292"/>
							<String ID="string_30" HPOS="1325" VPOS="491" WIDTH="42" HEIGHT="22" WC="0.95" CONTENT="en"/><SP WIDTH="32" VPOS="491" HPOS="1367"/>
							<String ID="string_31" HPOS="1399" VPOS="478" WIDTH="95" HEIGHT="37" WC="0.84" CONTENT="inom"/><SP WIDTH="31" VPOS="478" HPOS="1494"/>
							<String ID="string_32" HPOS="1525" VPOS="481" WIDTH="399" HEIGHT="52" WC="0.58" CONTENT="FEcklesiastikdeparte-"/>
						</TextLine>
						<TextLine ID="line_15" HPOS="307" VPOS="516" WIDTH="1616" HEIGHT="65">
							<String ID="string_33" HPOS="307" VPOS="517" WIDTH="150" HEIGHT="31" WC="0.92" CONTENT="mentets"/><SP WIDTH="38" VPOS="517" HPOS="457"/>
							<String ID="string_34" HPOS="495" VPOS="516" WIDTH="86" HEIGHT="46" WC="0.95" CONTENT="byrå"/><SP WIDTH="33" VPOS="516" HPOS="581"/>
							<String ID="string_35" HPOS="614" VPOS="518" WIDTH="51" HEIGHT="34" WC="0.93" CONTENT="för"/><SP WIDTH="31" VPOS="518" HPOS="665"/>
							<String ID="string_36" HPOS="696" VPOS="520" WIDTH="331" HEIGHT="38" WC="0.80" CONTENT="folkskoleärenden"/><SP WIDTH="29" VPOS="520" HPOS="1027"/>
							<String ID="string_37" HPOS="1056" VPOS="527" WIDTH="176" HEIGHT="34" WC="0.91" CONTENT="verkstäld"/><SP WIDTH="33" VPOS="527" HPOS="1232"/>
							<String ID="string_38" HPOS="1265" VPOS="530" WIDTH="206" HEIGHT="47" WC="0.95" CONTENT="beräkning,"/><SP WIDTH="33" VPOS="530" HPOS="1471"/>
							<String ID="string_39" HPOS="1504" VPOS="534" WIDTH="52" HEIGHT="34" WC="0.95" CONTENT="för"/><SP WIDTH="30" VPOS="534" HPOS="1556"/>
							<String ID="string_40" HPOS="1586" VPOS="533" WIDTH="136" HEIGHT="38" WC="0.95" CONTENT="lärares"/><SP WIDTH="31" VPOS="533" HPOS="1722"/>
							<String ID="string_41" HPOS="1753" VPOS="536" WIDTH="58" HEIGHT="36" WC="0.90" CONTENT="vid"/><SP WIDTH="15" VPOS="536" HPOS="1811"/>
							<String ID="string_42" HPOS="1826" VPOS="538" WIDTH="97" HEIGHT="43" WC="0.44" CONTENT="folk-"/>
						</TextLine>
						<TextLine ID="line_16" HPOS="303" VPOS="565" WIDTH="1621" HEIGHT="61">
							<String ID="string_43" HPOS="303" VPOS="565" WIDTH="473" HEIGHT="41" WC="0.87" CONTENT="skolelärareseminarierna"/><SP WIDTH="42" VPOS="565" HPOS="776"/>
							<String ID="string_44" HPOS="818" VPOS="573" WIDTH="235" HEIGHT="46" WC="0.55" CONTENT="uppflyttning"/><SP WIDTH="39" VPOS="573" HPOS="1053"/>
							<String ID="string_45" HPOS="1092" VPOS="578" WIDTH="11" HEIGHT="32" WC="0.88" CONTENT="i"/><SP WIDTH="39" VPOS="578" HPOS="1103"/>
							<String ID="string_46" HPOS="1142" VPOS="579" WIDTH="100" HEIGHT="44" WC="0.82" CONTENT="högre"/><SP WIDTH="41" VPOS="579" HPOS="1242"/>
							<String ID="string_47" HPOS="1283" VPOS="580" WIDTH="169" HEIGHT="46" WC="0.81" CONTENT="lönegrad"/><SP WIDTH="43" VPOS="580" HPOS="1452"/>
							<String ID="string_48" HPOS="1495" VPOS="585" WIDTH="139" HEIGHT="36" WC="0.90" CONTENT="komme"/><SP WIDTH="34" VPOS="585" HPOS="1634"/>
							<String ID="string_49" HPOS="1668" VPOS="594" WIDTH="50" HEIGHT="28" WC="0.96" CONTENT="att"/><SP WIDTH="32" VPOS="594" HPOS="1718"/>
							<String ID="string_50" HPOS="1750" VPOS="589" WIDTH="108" HEIGHT="35" WC="0.96" CONTENT="under"/><SP WIDTH="28" VPOS="589" HPOS="1858"/>
							<String ID="string_51" HPOS="1886" VPOS="591" WIDTH="38" HEIGHT="34" WC="0.96" CONTENT="år"/>
						</TextLine>
						<TextLine ID="line_17" HPOS="307" VPOS="618" WIDTH="1617" HEIGHT="68">
							<String ID="string_52" HPOS="307" VPOS="618" WIDTH="95" HEIGHT="33" WC="0.37" CONTENT="187)"/><SP WIDTH="45" VPOS="618" HPOS="402"/>
							<String ID="string_53" HPOS="447" VPOS="618" WIDTH="177" HEIGHT="37" WC="0.77" CONTENT="erfordras"/><SP WIDTH="35" VPOS="618" HPOS="624"/>
							<String ID="string_54" HPOS="659" VPOS="626" WIDTH="49" HEIGHT="29" WC="0.96" CONTENT="ett"/><SP WIDTH="30" VPOS="626" HPOS="708"/>
							<String ID="string_55" HPOS="738" VPOS="624" WIDTH="124" HEIGHT="45" WC="0.96" CONTENT="anslag"/><SP WIDTH="30" VPOS="624" HPOS="862"/>
							<String ID="string_56" HPOS="892" VPOS="625" WIDTH="36" HEIGHT="34" WC="0.93" CONTENT="af"/><SP WIDTH="29" VPOS="625" HPOS="928"/>
							<String ID="string_57" HPOS="957" VPOS="627" WIDTH="111" HEIGHT="38" WC="0.92" CONTENT="2,500"/><SP WIDTH="32" VPOS="627" HPOS="1068"/>
							<String ID="string_58" HPOS="1100" VPOS="628" WIDTH="137" HEIGHT="47" WC="0.95" CONTENT="kronor,"/><SP WIDTH="31" VPOS="628" HPOS="1237"/>
							<String ID="string_59" HPOS="1268" VPOS="631" WIDTH="64" HEIGHT="35" WC="0.95" CONTENT="har"/><SP WIDTH="29" VPOS="631" HPOS="1332"/>
							<String ID="string_60" HPOS="1361" VPOS="633" WIDTH="131" HEIGHT="46" WC="0.87" CONTENT="Kongl."/><SP WIDTH="31" VPOS="633" HPOS="1492"/>
							<String ID="string_61" HPOS="1523" VPOS="636" WIDTH="101" HEIGHT="47" WC="0.96" CONTENT="Maj:t"/><SP WIDTH="29" VPOS="636" HPOS="1624"/>
							<String ID="string_62" HPOS="1653" VPOS="639" WIDTH="190" HEIGHT="47" WC="0.94" CONTENT="föreslagit,"/><SP WIDTH="31" VPOS="639" HPOS="1843"/>
							<String ID="string_63" HPOS="1874" VPOS="648" WIDTH="50" HEIGHT="27" WC="0.96" CONTENT="att"/>
						</TextLine>
						<TextLine ID="line_18" HPOS="300" VPOS="667" WIDTH="1621" HEIGHT="60">
							<String ID="string_64" HPOS="300" VPOS="667" WIDTH="53" HEIGHT="34" WC="0.78" CONTENT="till"/><SP WIDTH="44" VPOS="667" HPOS="353"/>
							<String ID="string_65" HPOS="397" VPOS="668" WIDTH="288" HEIGHT="50" WC="0.85" CONTENT="löneförhöjning"/><SP WIDTH="41" VPOS="668" HPOS="685"/>
							<String ID="string_66" HPOS="726" VPOS="674" WIDTH="111" HEIGHT="46" WC="0.95" CONTENT="enligt"/><SP WIDTH="42" VPOS="674" HPOS="837"/>
							<String ID="string_67" HPOS="879" VPOS="675" WIDTH="167" HEIGHT="45" WC="0.95" CONTENT="gällande"/><SP WIDTH="35" VPOS="675" HPOS="1046"/>
							<String ID="string_68" HPOS="1081" VPOS="681" WIDTH="154" HEIGHT="44" WC="0.96" CONTENT="grunder"/><SP WIDTH="29" VPOS="681" HPOS="1235"/>
							<String ID="string_69" HPOS="1264" VPOS="683" WIDTH="52" HEIGHT="34" WC="0.96" CONTENT="för"/><SP WIDTH="30" VPOS="683" HPOS="1316"/>
							<String ID="string_70" HPOS="1346" VPOS="684" WIDTH="114" HEIGHT="35" WC="0.96" CONTENT="lärare"/><SP WIDTH="31" VPOS="684" HPOS="1460"/>
							<String ID="string_71" HPOS="1491" VPOS="687" WIDTH="54" HEIGHT="34" WC="0.92" CONTENT="vid"/><SP WIDTH="31" VPOS="687" HPOS="1545"/>
							<String ID="string_72" HPOS="1576" VPOS="689" WIDTH="345" HEIGHT="38" WC="0.25" CONTENT="folkskolelärarese-"/>
						</TextLine>
						<TextLine ID="line_19" HPOS="299" VPOS="718" WIDTH="1621" HEIGHT="60">
							<String ID="string_73" HPOS="299" VPOS="718" WIDTH="215" HEIGHT="37" WC="0.92" CONTENT="minarierna"/><SP WIDTH="34" VPOS="718" HPOS="514"/>
							<String ID="string_74" HPOS="548" VPOS="722" WIDTH="59" HEIGHT="34" WC="0.96" CONTENT="det"/><SP WIDTH="38" VPOS="722" HPOS="607"/>
							<String ID="string_75" HPOS="645" VPOS="724" WIDTH="179" HEIGHT="36" WC="0.96" CONTENT="ordinarie"/><SP WIDTH="31" VPOS="724" HPOS="824"/>
							<String ID="string_76" HPOS="855" VPOS="726" WIDTH="161" HEIGHT="48" WC="0.96" CONTENT="anslaget"/><SP WIDTH="29" VPOS="726" HPOS="1016"/>
							<String ID="string_77" HPOS="1045" VPOS="729" WIDTH="54" HEIGHT="35" WC="0.96" CONTENT="till"/><SP WIDTH="30" VPOS="729" HPOS="1099"/>
							<String ID="string_78" HPOS="1129" VPOS="731" WIDTH="99" HEIGHT="35" WC="0.96" CONTENT="dessa"/><SP WIDTH="31" VPOS="731" HPOS="1228"/>
							<String ID="string_79" HPOS="1259" VPOS="735" WIDTH="206" HEIGHT="35" WC="0.96" CONTENT="seminarier"/><SP WIDTH="29" VPOS="735" HPOS="1465"/>
							<String ID="string_80" HPOS="1494" VPOS="739" WIDTH="107" HEIGHT="35" WC="0.96" CONTENT="måtte"/><SP WIDTH="30" VPOS="739" HPOS="1601"/>
							<String ID="string_81" HPOS="1631" VPOS="741" WIDTH="85" HEIGHT="35" WC="0.96" CONTENT="ökas"/><SP WIDTH="29" VPOS="741" HPOS="1716"/>
							<String ID="string_82" HPOS="1745" VPOS="744" WIDTH="76" HEIGHT="33" WC="0.93" CONTENT="med"/><SP WIDTH="27" VPOS="744" HPOS="1821"/>
							<String ID="string_83" HPOS="1848" VPOS="756" WIDTH="72" HEIGHT="22" WC="0.92" CONTENT="om-"/>
						</TextLine>
						<TextLine ID="line_20" HPOS="296" VPOS="769" WIDTH="1624" HEIGHT="73">
							<String ID="string_84" HPOS="296" VPOS="769" WIDTH="172" HEIGHT="36" WC="0.91" CONTENT="förmälda"/><SP WIDTH="39" VPOS="769" HPOS="468"/>
							<String ID="string_85" HPOS="507" VPOS="772" WIDTH="143" HEIGHT="48" WC="0.86" CONTENT="belopp;"/><SP WIDTH="46" VPOS="772" HPOS="650"/>
							<String ID="string_86" HPOS="696" VPOS="775" WIDTH="62" HEIGHT="34" WC="0.96" CONTENT="och"/><SP WIDTH="37" VPOS="775" HPOS="758"/>
							<String ID="string_87" HPOS="795" VPOS="776" WIDTH="44" HEIGHT="35" WC="0.95" CONTENT="då"/><SP WIDTH="29" VPOS="776" HPOS="839"/>
							<String ID="string_88" HPOS="868" VPOS="778" WIDTH="10" HEIGHT="34" WC="0.96" CONTENT="i"/><SP WIDTH="30" VPOS="778" HPOS="878"/>
							<String ID="string_89" HPOS="908" VPOS="778" WIDTH="99" HEIGHT="47" WC="0.96" CONTENT="fråga"/><SP WIDTH="30" VPOS="778" HPOS="1007"/>
							<String ID="string_90" HPOS="1037" VPOS="783" WIDTH="153" HEIGHT="34" WC="0.95" CONTENT="varande"/><SP WIDTH="31" VPOS="783" HPOS="1190"/>
							<String ID="string_91" HPOS="1221" VPOS="785" WIDTH="144" HEIGHT="46" WC="0.96" CONTENT="utgifter"/><SP WIDTH="29" VPOS="785" HPOS="1365"/>
							<String ID="string_92" HPOS="1394" VPOS="791" WIDTH="60" HEIGHT="31" WC="0.95" CONTENT="äro"/><SP WIDTH="30" VPOS="791" HPOS="1454"/>
							<String ID="string_93" HPOS="1484" VPOS="789" WIDTH="39" HEIGHT="35" WC="0.91" CONTENT="af"/><SP WIDTH="24" VPOS="789" HPOS="1523"/>
							<String ID="string_94" HPOS="1547" VPOS="790" WIDTH="227" HEIGHT="39" WC="0.91" CONTENT="fortvarande"/><SP WIDTH="31" VPOS="790" HPOS="1774"/>
							<String ID="string_95" HPOS="1805" VPOS="800" WIDTH="115" HEIGHT="42" WC="0.96" CONTENT="natur,"/>
						</TextLine>
						<TextLine ID="line_21" HPOS="296" VPOS="820" WIDTH="431" HEIGHT="52">
							<String ID="string_96" HPOS="296" VPOS="820" WIDTH="207" HEIGHT="37" WC="0.94" CONTENT="hemställer"/><SP WIDTH="34" VPOS="820" HPOS="503"/>
							<String ID="string_97" HPOS="537" VPOS="823" WIDTH="190" HEIGHT="49" WC="0.93" CONTENT="Utskottet,"/>
						</TextLine>
					</TextBlock>
				</ComposedBlock>
				<ComposedBlock ID="cblock_4" HPOS="705" VPOS="933" WIDTH="1214" HEIGHT="152">
					<TextBlock ID="block_5" HPOS="705" VPOS="933" WIDTH="1214" HEIGHT="152">
						<TextLine ID="line_22" HPOS="834" VPOS="933" WIDTH="1085" HEIGHT="63">
							<String ID="string_98" HPOS="834" VPOS="936" WIDTH="52" HEIGHT="31" WC="0.96" CONTENT="att"/><SP WIDTH="28" VPOS="936" HPOS="886"/>
							<String ID="string_99" HPOS="914" VPOS="933" WIDTH="202" HEIGHT="48" WC="0.86" CONTENT="Riksdagen"/><SP WIDTH="33" VPOS="933" HPOS="1116"/>
							<String ID="string_100" HPOS="1149" VPOS="938" WIDTH="62" HEIGHT="38" WC="0.96" CONTENT="må,"/><SP WIDTH="35" VPOS="938" HPOS="1211"/>
							<String ID="string_101" HPOS="1246" VPOS="940" WIDTH="72" HEIGHT="34" WC="0.95" CONTENT="med"/><SP WIDTH="24" VPOS="940" HPOS="1318"/>
							<String ID="string_102" HPOS="1342" VPOS="941" WIDTH="96" HEIGHT="35" WC="0.95" CONTENT="bifall"/><SP WIDTH="25" VPOS="941" HPOS="1438"/>
							<String ID="string_103" HPOS="1463" VPOS="943" WIDTH="48" HEIGHT="35" WC="0.96" CONTENT="till"/><SP WIDTH="25" VPOS="943" HPOS="1511"/>
							<String ID="string_104" HPOS="1536" VPOS="945" WIDTH="230" HEIGHT="37" WC="0.95" CONTENT="förevarande"/><SP WIDTH="24" VPOS="945" HPOS="1766"/>
							<String ID="string_105" HPOS="1790" VPOS="950" WIDTH="129" HEIGHT="46" WC="0.63" CONTENT="nådiga"/>
						</TextLine>
						<TextLine ID="line_23" HPOS="709" VPOS="983" WIDTH="1208" HEIGHT="57">
							<String ID="string_106" HPOS="709" VPOS="983" WIDTH="276" HEIGHT="48" WC="0.96" CONTENT="framställning,"/><SP WIDTH="31" VPOS="983" HPOS="985"/>
							<String ID="string_107" HPOS="1016" VPOS="986" WIDTH="82" HEIGHT="47" WC="0.96" CONTENT="höja"/><SP WIDTH="29" VPOS="986" HPOS="1098"/>
							<String ID="string_108" HPOS="1127" VPOS="989" WIDTH="175" HEIGHT="36" WC="0.96" CONTENT="ordinarie"/><SP WIDTH="34" VPOS="989" HPOS="1302"/>
							<String ID="string_109" HPOS="1336" VPOS="994" WIDTH="163" HEIGHT="46" WC="0.96" CONTENT="anslaget"/><SP WIDTH="31" VPOS="994" HPOS="1499"/>
							<String ID="string_110" HPOS="1530" VPOS="996" WIDTH="50" HEIGHT="34" WC="0.92" CONTENT="till"/><SP WIDTH="31" VPOS="996" HPOS="1580"/>
							<String ID="string_111" HPOS="1611" VPOS="997" WIDTH="306" HEIGHT="39" WC="0.82" CONTENT="folkskolelärare-"/>
						</TextLine>
						<TextLine ID="line_24" HPOS="705" VPOS="1034" WIDTH="670" HEIGHT="51">
							<String ID="string_112" HPOS="705" VPOS="1034" WIDTH="255" HEIGHT="36" WC="0.96" CONTENT="seminarierna"/><SP WIDTH="27" VPOS="1034" HPOS="960"/>
							<String ID="string_113" HPOS="987" VPOS="1039" WIDTH="77" HEIGHT="34" WC="0.87" CONTENT="med"/><SP WIDTH="33" VPOS="1039" HPOS="1064"/>
							<String ID="string_114" HPOS="1097" VPOS="1041" WIDTH="108" HEIGHT="44" WC="0.87" CONTENT="2,500"/><SP WIDTH="32" VPOS="1041" HPOS="1205"/>
							<String ID="string_115" HPOS="1237" VPOS="1042" WIDTH="138" HEIGHT="36" WC="0.96" CONTENT="kronor."/>
						</TextLine>
					</TextBlock>
				</ComposedBlock>
				<ComposedBlock ID="cblock_5" HPOS="289" VPOS="1135" WIDTH="1625" HEIGHT="455">
					<TextBlock ID="block_6" HPOS="294" VPOS="1135" WIDTH="1620" HEIGHT="297">
						<TextLine ID="line_25" HPOS="431" VPOS="1135" WIDTH="1483" HEIGHT="63">
							<String ID="string_116" HPOS="431" VPOS="1135" WIDTH="87" HEIGHT="33" WC="0.84" CONTENT="24:0."/><SP WIDTH="56" VPOS="1135" HPOS="518"/>
							<String ID="string_117" HPOS="574" VPOS="1135" WIDTH="11" HEIGHT="34" WC="0.91" CONTENT="I"/><SP WIDTH="35" VPOS="1135" HPOS="585"/>
							<String ID="string_118" HPOS="620" VPOS="1135" WIDTH="193" HEIGHT="49" WC="0.95" CONTENT="anledning"/><SP WIDTH="29" VPOS="1135" HPOS="813"/>
							<String ID="string_119" HPOS="842" VPOS="1139" WIDTH="39" HEIGHT="34" WC="0.96" CONTENT="af"/><SP WIDTH="26" VPOS="1139" HPOS="881"/>
							<String ID="string_120" HPOS="907" VPOS="1139" WIDTH="130" HEIGHT="49" WC="0.95" CONTENT="Kongl."/><SP WIDTH="31" VPOS="1139" HPOS="1037"/>
							<String ID="string_121" HPOS="1068" VPOS="1143" WIDTH="119" HEIGHT="47" WC="0.96" CONTENT="Maj:ts"/><SP WIDTH="31" VPOS="1143" HPOS="1187"/>
							<String ID="string_122" HPOS="1218" VPOS="1146" WIDTH="50" HEIGHT="35" WC="0.93" CONTENT="till"/><SP WIDTH="26" VPOS="1146" HPOS="1268"/>
							<String ID="string_123" HPOS="1294" VPOS="1147" WIDTH="159" HEIGHT="36" WC="0.91" CONTENT="sistlidne"/><SP WIDTH="31" VPOS="1147" HPOS="1453"/>
							<String ID="string_124" HPOS="1484" VPOS="1149" WIDTH="144" HEIGHT="47" WC="0.93" CONTENT="riksdag"/><SP WIDTH="28" VPOS="1149" HPOS="1628"/>
							<String ID="string_125" HPOS="1656" VPOS="1152" WIDTH="123" HEIGHT="46" WC="0.93" CONTENT="gjorda"/><SP WIDTH="33" VPOS="1152" HPOS="1779"/>
							<String ID="string_126" HPOS="1812" VPOS="1154" WIDTH="102" HEIGHT="36" WC="0.90" CONTENT="fram-"/>
						</TextLine>
						<TextLine ID="line_26" HPOS="295" VPOS="1182" WIDTH="1619" HEIGHT="63">
							<String ID="string_127" HPOS="295" VPOS="1182" WIDTH="170" HEIGHT="46" WC="0.93" CONTENT="ställning"/><SP WIDTH="42" VPOS="1182" HPOS="465"/>
							<String ID="string_128" HPOS="507" VPOS="1198" WIDTH="53" HEIGHT="22" WC="0.41" CONTENT="om"/><SP WIDTH="41" VPOS="1198" HPOS="560"/>
							<String ID="string_129" HPOS="601" VPOS="1187" WIDTH="567" HEIGHT="47" WC="0.41" CONTENT=" folkskolelärareseminariernas"/><SP WIDTH="37" VPOS="1187" HPOS="1168"/>
							<String ID="string_130" HPOS="1205" VPOS="1197" WIDTH="209" HEIGHT="48" WC="0.93" CONTENT="utvidgning"/><SP WIDTH="44" VPOS="1197" HPOS="1414"/>
							<String ID="string_131" HPOS="1458" VPOS="1201" WIDTH="76" HEIGHT="35" WC="0.93" CONTENT="från"/><SP WIDTH="34" VPOS="1201" HPOS="1534"/>
							<String ID="string_132" HPOS="1568" VPOS="1201" WIDTH="64" HEIGHT="35" WC="0.95" CONTENT="och"/><SP WIDTH="28" VPOS="1201" HPOS="1632"/>
							<String ID="string_133" HPOS="1660" VPOS="1204" WIDTH="75" HEIGHT="34" WC="0.92" CONTENT="med"/><SP WIDTH="32" VPOS="1204" HPOS="1735"/>
							<String ID="string_134" HPOS="1767" VPOS="1204" WIDTH="147" HEIGHT="37" WC="0.88" CONTENT="höstter-"/>
						</TextLine>
						<TextLine ID="line_27" HPOS="296" VPOS="1234" WIDTH="1618" HEIGHT="61">
							<String ID="string_135" HPOS="296" VPOS="1234" WIDTH="118" HEIGHT="35" WC="0.95" CONTENT="minen"/><SP WIDTH="38" VPOS="1234" HPOS="414"/>
							<String ID="string_136" HPOS="452" VPOS="1239" WIDTH="104" HEIGHT="42" WC="0.94" CONTENT="1878,"/><SP WIDTH="31" VPOS="1239" HPOS="556"/>
							<String ID="string_137" HPOS="587" VPOS="1238" WIDTH="192" HEIGHT="48" WC="0.96" CONTENT="beviljades"/><SP WIDTH="30" VPOS="1238" HPOS="779"/>
							<String ID="string_138" HPOS="809" VPOS="1241" WIDTH="52" HEIGHT="35" WC="0.96" CONTENT="för"/><SP WIDTH="30" VPOS="1241" HPOS="861"/>
							<String ID="string_139" HPOS="891" VPOS="1245" WIDTH="230" HEIGHT="36" WC="0.96" CONTENT="anordnande"/><SP WIDTH="30" VPOS="1245" HPOS="1121"/>
							<String ID="string_140" HPOS="1151" VPOS="1248" WIDTH="38" HEIGHT="33" WC="0.95" CONTENT="af"/><SP WIDTH="21" VPOS="1248" HPOS="1189"/>
							<String ID="string_141" HPOS="1210" VPOS="1260" WIDTH="41" HEIGHT="23" WC="0.95" CONTENT="en"/><SP WIDTH="31" VPOS="1260" HPOS="1251"/>
							<String ID="string_142" HPOS="1282" VPOS="1250" WIDTH="109" HEIGHT="45" WC="0.92" CONTENT="fjerde"/><SP WIDTH="31" VPOS="1250" HPOS="1391"/>
							<String ID="string_143" HPOS="1422" VPOS="1251" WIDTH="85" HEIGHT="36" WC="0.96" CONTENT="eller"/><SP WIDTH="30" VPOS="1251" HPOS="1507"/>
							<String ID="string_144" HPOS="1537" VPOS="1253" WIDTH="254" HEIGHT="37" WC="0.95" CONTENT="förberedande"/><SP WIDTH="31" VPOS="1253" HPOS="1791"/>
							<String ID="string_145" HPOS="1822" VPOS="1257" WIDTH="92" HEIGHT="36" WC="0.96" CONTENT="klass"/>
						</TextLine>
						<TextLine ID="line_28" HPOS="296" VPOS="1285" WIDTH="1617" HEIGHT="60">
							<String ID="string_146" HPOS="296" VPOS="1285" WIDTH="56" HEIGHT="33" WC="0.96" CONTENT="vid"/><SP WIDTH="31" VPOS="1285" HPOS="352"/>
							<String ID="string_147" HPOS="383" VPOS="1286" WIDTH="100" HEIGHT="35" WC="0.96" CONTENT="dessa"/><SP WIDTH="34" VPOS="1286" HPOS="483"/>
							<String ID="string_148" HPOS="517" VPOS="1288" WIDTH="249" HEIGHT="37" WC="0.95" CONTENT="läroanstalter"/><SP WIDTH="30" VPOS="1288" HPOS="766"/>
							<String ID="string_149" HPOS="796" VPOS="1304" WIDTH="41" HEIGHT="22" WC="0.95" CONTENT="en"/><SP WIDTH="31" VPOS="1304" HPOS="837"/>
							<String ID="string_150" HPOS="868" VPOS="1294" WIDTH="188" HEIGHT="48" WC="0.96" CONTENT="tillökning"/><SP WIDTH="30" VPOS="1294" HPOS="1056"/>
							<String ID="string_151" HPOS="1086" VPOS="1297" WIDTH="8" HEIGHT="34" WC="0.94" CONTENT="i"/><SP WIDTH="21" VPOS="1297" HPOS="1094"/>
							<String ID="string_152" HPOS="1115" VPOS="1298" WIDTH="159" HEIGHT="47" WC="0.95" CONTENT="anslaget"/><SP WIDTH="18" VPOS="1298" HPOS="1274"/>
							<String ID="string_153" HPOS="1292" VPOS="1300" WIDTH="51" HEIGHT="35" WC="0.92" CONTENT="till"/><SP WIDTH="20" VPOS="1300" HPOS="1343"/>
							<String ID="string_154" HPOS="1363" VPOS="1302" WIDTH="550" HEIGHT="42" WC="0.89" CONTENT="folkskolelärareseminarierna"/>
						</TextLine>
						<TextLine ID="line_29" HPOS="294" VPOS="1336" WIDTH="1616" HEIGHT="61">
							<String ID="string_155" HPOS="294" VPOS="1336" WIDTH="79" HEIGHT="34" WC="0.89" CONTENT="med"/><SP WIDTH="45" VPOS="1336" HPOS="373"/>
							<String ID="string_156" HPOS="418" VPOS="1340" WIDTH="112" HEIGHT="43" WC="0.74" CONTENT="8,550"/><SP WIDTH="45" VPOS="1340" HPOS="530"/>
							<String ID="string_157" HPOS="575" VPOS="1340" WIDTH="131" HEIGHT="35" WC="0.95" CONTENT="kronor"/><SP WIDTH="42" VPOS="1340" HPOS="706"/>
							<String ID="string_158" HPOS="748" VPOS="1343" WIDTH="66" HEIGHT="34" WC="0.96" CONTENT="och"/><SP WIDTH="44" VPOS="1343" HPOS="814"/>
							<String ID="string_159" HPOS="858" VPOS="1344" WIDTH="9" HEIGHT="34" WC="0.96" CONTENT="i"/><SP WIDTH="42" VPOS="1344" HPOS="867"/>
							<String ID="string_160" HPOS="909" VPOS="1346" WIDTH="162" HEIGHT="47" WC="0.93" CONTENT="anslaget"/><SP WIDTH="40" VPOS="1346" HPOS="1071"/>
							<String ID="string_161" HPOS="1111" VPOS="1349" WIDTH="51" HEIGHT="34" WC="0.93" CONTENT="till"/><SP WIDTH="43" VPOS="1349" HPOS="1162"/>
							<String ID="string_162" HPOS="1205" VPOS="1351" WIDTH="191" HEIGHT="46" WC="0.96" CONTENT="stipendier"/><SP WIDTH="30" VPOS="1351" HPOS="1396"/>
							<String ID="string_163" HPOS="1426" VPOS="1354" WIDTH="52" HEIGHT="34" WC="0.93" CONTENT="för"/><SP WIDTH="29" VPOS="1354" HPOS="1478"/>
							<String ID="string_164" HPOS="1507" VPOS="1356" WIDTH="299" HEIGHT="37" WC="0.87" CONTENT="seminariielever"/><SP WIDTH="30" VPOS="1356" HPOS="1806"/>
							<String ID="string_165" HPOS="1836" VPOS="1361" WIDTH="74" HEIGHT="34" WC="0.96" CONTENT="med"/>
						</TextLine>
						<TextLine ID="line_30" HPOS="296" VPOS="1389" WIDTH="283" HEIGHT="43">
							<String ID="string_166" HPOS="296" VPOS="1389" WIDTH="111" HEIGHT="43" WC="0.54" CONTENT="2,000"/><SP WIDTH="31" VPOS="1389" HPOS="407"/>
							<String ID="string_167" HPOS="438" VPOS="1389" WIDTH="141" HEIGHT="36" WC="0.95" CONTENT="kronor."/>
						</TextLine>
					</TextBlock>
					<TextBlock ID="block_7" HPOS="293" VPOS="1439" WIDTH="1618" HEIGHT="141">
						<TextLine ID="line_31" HPOS="424" VPOS="1439" WIDTH="1487" HEIGHT="65">
							<String ID="string_168" HPOS="424" VPOS="1439" WIDTH="125" HEIGHT="48" WC="0.94" CONTENT="Enligt"/><SP WIDTH="42" VPOS="1439" HPOS="549"/>
							<String ID="string_169" HPOS="591" VPOS="1442" WIDTH="92" HEIGHT="36" WC="0.96" CONTENT="hvad"/><SP WIDTH="45" VPOS="1442" HPOS="683"/>
							<String ID="string_170" HPOS="728" VPOS="1446" WIDTH="37" HEIGHT="33" WC="0.96" CONTENT="af"/><SP WIDTH="41" VPOS="1446" HPOS="765"/>
							<String ID="string_171" HPOS="806" VPOS="1447" WIDTH="58" HEIGHT="34" WC="0.95" CONTENT="det"/><SP WIDTH="43" VPOS="1447" HPOS="864"/>
							<String ID="string_172" HPOS="907" VPOS="1448" WIDTH="56" HEIGHT="34" WC="0.96" CONTENT="vid"/><SP WIDTH="43" VPOS="1448" HPOS="963"/>
							<String ID="string_173" HPOS="1006" VPOS="1449" WIDTH="129" HEIGHT="47" WC="0.90" CONTENT="Kongl."/><SP WIDTH="41" VPOS="1449" HPOS="1135"/>
							<String ID="string_174" HPOS="1176" VPOS="1453" WIDTH="120" HEIGHT="46" WC="0.96" CONTENT="Maj:ts"/><SP WIDTH="30" VPOS="1453" HPOS="1296"/>
							<String ID="string_175" HPOS="1326" VPOS="1455" WIDTH="266" HEIGHT="49" WC="0.95" CONTENT="framställning"/><SP WIDTH="28" VPOS="1455" HPOS="1592"/>
							<String ID="string_176" HPOS="1620" VPOS="1459" WIDTH="9" HEIGHT="34" WC="0.96" CONTENT="i"/><SP WIDTH="30" VPOS="1459" HPOS="1629"/>
							<String ID="string_177" HPOS="1659" VPOS="1459" WIDTH="93" HEIGHT="36" WC="0.95" CONTENT="detta"/><SP WIDTH="30" VPOS="1459" HPOS="1752"/>
							<String ID="string_178" HPOS="1782" VPOS="1463" WIDTH="129" HEIGHT="34" WC="0.95" CONTENT="ärende"/>
						</TextLine>
						<TextLine ID="line_32" HPOS="295" VPOS="1490" WIDTH="1612" HEIGHT="67">
							<String ID="string_179" HPOS="295" VPOS="1490" WIDTH="124" HEIGHT="42" WC="0.91" CONTENT="fogade"/><SP WIDTH="34" VPOS="1490" HPOS="419"/>
							<String ID="string_180" HPOS="453" VPOS="1494" WIDTH="350" HEIGHT="47" WC="0.90" CONTENT="statsrådsprotokoll"/><SP WIDTH="36" VPOS="1494" HPOS="803"/>
							<String ID="string_181" HPOS="839" VPOS="1498" WIDTH="185" HEIGHT="42" WC="0.90" CONTENT="inhemtas,"/><SP WIDTH="36" VPOS="1498" HPOS="1024"/>
							<String ID="string_182" HPOS="1060" VPOS="1502" WIDTH="115" HEIGHT="36" WC="0.96" CONTENT="kunde"/><SP WIDTH="30" VPOS="1502" HPOS="1175"/>
							<String ID="string_183" HPOS="1205" VPOS="1504" WIDTH="41" HEIGHT="34" WC="0.96" CONTENT="de"/><SP WIDTH="29" VPOS="1504" HPOS="1246"/>
							<String ID="string_184" HPOS="1275" VPOS="1505" WIDTH="53" HEIGHT="35" WC="0.96" CONTENT="för"/><SP WIDTH="29" VPOS="1505" HPOS="1328"/>
							<String ID="string_185" HPOS="1357" VPOS="1507" WIDTH="202" HEIGHT="36" WC="0.96" CONTENT="ändamålet"/><SP WIDTH="28" VPOS="1507" HPOS="1559"/>
							<String ID="string_186" HPOS="1587" VPOS="1510" WIDTH="43" HEIGHT="34" WC="0.96" CONTENT="då"/><SP WIDTH="32" VPOS="1510" HPOS="1630"/>
							<String ID="string_187" HPOS="1662" VPOS="1511" WIDTH="154" HEIGHT="46" WC="0.94" CONTENT="begärda"/><SP WIDTH="29" VPOS="1511" HPOS="1816"/>
							<String ID="string_188" HPOS="1845" VPOS="1514" WIDTH="62" HEIGHT="35" WC="0.94" CONTENT="och"/>
						</TextLine>
						<TextLine ID="line_33" HPOS="289" VPOS="1536" WIDTH="1611" HEIGHT="54">
							<String ID="string_189" HPOS="289" VPOS="1536" WIDTH="8" HEIGHT="27" WC="0.6" CONTENT="hå"/><SP WIDTH="66" VPOS="1536" HPOS="297"/>
							<String ID="string_190" HPOS="363" VPOS="1541" WIDTH="78" HEIGHT="15" WC="0.39" CONTENT="langd"/><SP WIDTH="120" VPOS="1541" HPOS="441"/>
							<String ID="string_191" HPOS="561" VPOS="1544" WIDTH="8" HEIGHT="12" WC="0.49" CONTENT="2"/><SP WIDTH="83" VPOS="1544" HPOS="569"/>
							<String ID="string_192" HPOS="652" VPOS="1542" WIDTH="9" HEIGHT="28" WC="0.14" CONTENT="på"/><SP WIDTH="573" VPOS="1542" HPOS="661"/>
							<String ID="string_193" HPOS="1234" VPOS="1556" WIDTH="4" HEIGHT="2" WC="0.96" CONTENT="1"/><SP WIDTH="41" VPOS="1556" HPOS="1238"/>
							<String ID="string_194" HPOS="1279" VPOS="1556" WIDTH="40" HEIGHT="16" WC="0.26" CONTENT="Pas"/><SP WIDTH="127" VPOS="1556" HPOS="1319"/>
							<String ID="string_195" HPOS="1446" VPOS="1574" WIDTH="4" HEIGHT="3" WC="0.0" CONTENT="Y"/><SP WIDTH="133" VPOS="1574" HPOS="1450"/>
							<String ID="string_196" HPOS="1583" VPOS="1561" WIDTH="11" HEIGHT="18" WC="0.43" CONTENT="A"/><SP WIDTH="120" VPOS="1561" HPOS="1594"/>
							<String ID="string_197" HPOS="1714" VPOS="1577" WIDTH="3" HEIGHT="3" WC="0.0" CONTENT="S"/><SP WIDTH="176" VPOS="1577" HPOS="1717"/>
							<String ID="string_198" HPOS="1893" VPOS="1563" WIDTH="7" HEIGHT="27" WC="0.15" CONTENT="ei"/>
						</TextLine>
					</TextBlock>
				</ComposedBlock>
				<ComposedBlock ID="cblock_6" HPOS="295" VPOS="1547" WIDTH="1442" HEIGHT="49">
					<TextBlock ID="block_8" HPOS="295" VPOS="1547" WIDTH="1442" HEIGHT="49">
						<TextLine ID="line_34" HPOS="320" VPOS="1547" WIDTH="1417" HEIGHT="34">
							<String ID="string_199" HPOS="320" VPOS="1554" WIDTH="2" HEIGHT="2" WC="0.0" CONTENT="-"/><SP WIDTH="93" VPOS="1554" HPOS="322"/>
							<String ID="string_200" HPOS="415" VPOS="1555" WIDTH="42" HEIGHT="4" WC="0.33" CONTENT="ole"/><SP WIDTH="76" VPOS="1555" HPOS="457"/>
							<String ID="string_201" HPOS="533" VPOS="1558" WIDTH="3" HEIGHT="4" WC="0.29" CONTENT="i"/><SP WIDTH="66" VPOS="1558" HPOS="536"/>
							<String ID="string_202" HPOS="602" VPOS="1557" WIDTH="17" HEIGHT="5" WC="0.56" CONTENT="N"/><SP WIDTH="55" VPOS="1557" HPOS="619"/>
							<String ID="string_203" HPOS="674" VPOS="1547" WIDTH="90" HEIGHT="19" WC="0.4" CONTENT="Sölkviän"/><SP WIDTH="35" VPOS="1547" HPOS="764"/>
							<String ID="string_204" HPOS="799" VPOS="1548" WIDTH="18" HEIGHT="16" WC="0.66" CONTENT="Ir"/><SP WIDTH="78" VPOS="1548" HPOS="817"/>
							<String ID="string_205" HPOS="895" VPOS="1550" WIDTH="45" HEIGHT="15" WC="0.51" CONTENT="tall"/><SP WIDTH="36" VPOS="1550" HPOS="940"/>
							<String ID="string_206" HPOS="976" VPOS="1552" WIDTH="114" HEIGHT="18" WC="0.10" CONTENT="Pr"/><SP WIDTH="53" VPOS="1552" HPOS="1090"/>
							<String ID="string_207" HPOS="1143" VPOS="1555" WIDTH="33" HEIGHT="16" WC="0.19" CONTENT="AÅ"/><SP WIDTH="87" VPOS="1555" HPOS="1176"/>
							<String ID="string_208" HPOS="1263" VPOS="1568" WIDTH="20" HEIGHT="4" WC="0.21" CONTENT="21"/><SP WIDTH="145" VPOS="1568" HPOS="1283"/>
							<String ID="string_209" HPOS="1428" VPOS="1560" WIDTH="89" HEIGHT="18" WC="0.28" CONTENT="RNE"/><SP WIDTH="105" VPOS="1560" HPOS="1517"/>
							<String ID="string_210" HPOS="1622" VPOS="1574" WIDTH="5" HEIGHT="1" WC="0.60" CONTENT="a"/><SP WIDTH="51" VPOS="1574" HPOS="1627"/>
							<String ID="string_211" HPOS="1678" VPOS="1576" WIDTH="59" HEIGHT="5" WC="0.31" CONTENT="er"/>
						</TextLine>
						<TextLine ID="line_35" HPOS="295" VPOS="1558" WIDTH="1442" HEIGHT="38">
							<String ID="string_212" HPOS="295" VPOS="1558" WIDTH="34" HEIGHT="16" WC="0.37" CONTENT="DC"/><SP WIDTH="72" VPOS="1558" HPOS="329"/>
							<String ID="string_213" HPOS="401" VPOS="1560" WIDTH="62" HEIGHT="18" WC="0.5" CONTENT="Ur"/><SP WIDTH="33" VPOS="1560" HPOS="463"/>
							<String ID="string_214" HPOS="496" VPOS="1559" WIDTH="120" HEIGHT="27" WC="0.0" CONTENT="ANTSlaf"/><SP WIDTH="36" VPOS="1559" HPOS="616"/>
							<String ID="string_215" HPOS="652" VPOS="1560" WIDTH="208" HEIGHT="24" WC="0.0" CONTENT="JASkrenokas"/><SP WIDTH="34" VPOS="1560" HPOS="860"/>
							<String ID="string_216" HPOS="894" VPOS="1562" WIDTH="46" HEIGHT="22" WC="0.82" CONTENT="ul"/><SP WIDTH="35" VPOS="1562" HPOS="940"/>
							<String ID="string_217" HPOS="975" VPOS="1567" WIDTH="222" HEIGHT="22" WC="0.4" CONTENT="ioöorenåmede"/><SP WIDTH="38" VPOS="1567" HPOS="1197"/>
							<String ID="string_218" HPOS="1235" VPOS="1572" WIDTH="122" HEIGHT="20" WC="0.16" CONTENT="Ofi:iDDp."/><SP WIDTH="44" VPOS="1572" HPOS="1357"/>
							<String ID="string_219" HPOS="1401" VPOS="1574" WIDTH="143" HEIGHT="20" WC="0.16" CONTENT="emeGgan"/><SP WIDTH="34" VPOS="1574" HPOS="1544"/>
							<String ID="string_220" HPOS="1578" VPOS="1576" WIDTH="62" HEIGHT="20" WC="0.81" CONTENT="Gen"/><SP WIDTH="35" VPOS="1576" HPOS="1640"/>
							<String ID="string_221" HPOS="1675" VPOS="1580" WIDTH="62" HEIGHT="14" WC="0.15" CONTENT="nva"/>
						</TextLine>
					</TextBlock>
				</ComposedBlock>
				<Illustration ID="cblock_7" HPOS="289" VPOS="1552" WIDTH="1617" HEIGHT="129"></Illustration>
				<ComposedBlock ID="cblock_8" HPOS="953" VPOS="1602" WIDTH="8" HEIGHT="8">
					<TextBlock ID="block_9" HPOS="953" VPOS="1602" WIDTH="8" HEIGHT="8">
						<TextLine ID="line_36" HPOS="953" VPOS="1602" WIDTH="8" HEIGHT="8">
							<String ID="string_222" HPOS="953" VPOS="1602" WIDTH="8" HEIGHT="8" WC="0.61" CONTENT="a"/>
						</TextLine>
					</TextBlock>
				</ComposedBlock>
				<ComposedBlock ID="cblock_9" HPOS="281" VPOS="1591" WIDTH="1626" HEIGHT="738">
					<TextBlock ID="block_10" HPOS="287" VPOS="1591" WIDTH="1620" HEIGHT="353">
						<TextLine ID="line_37" HPOS="453" VPOS="1591" WIDTH="1453" HEIGHT="60">
							<String ID="string_223" HPOS="453" VPOS="1606" WIDTH="76" HEIGHT="22" WC="0.72" CONTENT="vara"/><SP WIDTH="50" VPOS="1606" HPOS="529"/>
							<String ID="string_224" HPOS="579" VPOS="1596" WIDTH="4" HEIGHT="33" WC="0.77" CONTENT="i"/><SP WIDTH="49" VPOS="1596" HPOS="583"/>
							<String ID="string_225" HPOS="632" VPOS="1599" WIDTH="219" HEIGHT="35" WC="0.93" CONTENT="verksamhet"/><SP WIDTH="46" VPOS="1599" HPOS="851"/>
							<String ID="string_226" HPOS="897" VPOS="1611" WIDTH="124" HEIGHT="25" WC="0.92" CONTENT="endast"/><SP WIDTH="44" VPOS="1611" HPOS="1021"/>
							<String ID="string_227" HPOS="1065" VPOS="1605" WIDTH="107" HEIGHT="35" WC="0.95" CONTENT="under"/><SP WIDTH="44" VPOS="1605" HPOS="1172"/>
							<String ID="string_228" HPOS="1216" VPOS="1591" WIDTH="120" HEIGHT="51" WC="0.61" CONTENT="senare"/><SP WIDTH="31" VPOS="1591" HPOS="1336"/>
							<String ID="string_229" HPOS="1367" VPOS="1608" WIDTH="130" HEIGHT="37" WC="0.93" CONTENT="hälften"/><SP WIDTH="34" VPOS="1608" HPOS="1497"/>
							<String ID="string_230" HPOS="1531" VPOS="1613" WIDTH="37" HEIGHT="32" WC="0.65" CONTENT="al"/><SP WIDTH="27" VPOS="1613" HPOS="1568"/>
							<String ID="string_231" HPOS="1595" VPOS="1613" WIDTH="235" HEIGHT="37" WC="0.93" CONTENT="innevarande"/><SP WIDTH="30" VPOS="1613" HPOS="1830"/>
							<String ID="string_232" HPOS="1860" VPOS="1618" WIDTH="46" HEIGHT="33" WC="0.85" CONTENT="år."/>
						</TextLine>
						<TextLine ID="line_38" HPOS="300" VPOS="1645" WIDTH="1604" HEIGHT="61">
							<String ID="string_233" HPOS="300" VPOS="1672" WIDTH="6" HEIGHT="3" WC="0.55" CONTENT="F"/><SP WIDTH="122" VPOS="1672" HPOS="306"/>
							<String ID="string_234" HPOS="428" VPOS="1645" WIDTH="61" HEIGHT="34" WC="0.96" CONTENT="och"/><SP WIDTH="50" VPOS="1645" HPOS="489"/>
							<String ID="string_235" HPOS="539" VPOS="1649" WIDTH="74" HEIGHT="33" WC="0.94" CONTENT="med"/><SP WIDTH="44" VPOS="1649" HPOS="613"/>
							<String ID="string_236" HPOS="657" VPOS="1650" WIDTH="38" HEIGHT="33" WC="0.95" CONTENT="år"/><SP WIDTH="50" VPOS="1650" HPOS="695"/>
							<String ID="string_237" HPOS="745" VPOS="1653" WIDTH="91" HEIGHT="32" WC="0.69" CONTENT="18792"/><SP WIDTH="44" VPOS="1653" HPOS="836"/>
							<String ID="string_238" HPOS="880" VPOS="1653" WIDTH="136" HEIGHT="35" WC="0.96" CONTENT="komme"/><SP WIDTH="31" VPOS="1653" HPOS="1016"/>
							<String ID="string_239" HPOS="1047" VPOS="1655" WIDTH="201" HEIGHT="44" WC="0.48" CONTENT="emellertil,"/><SP WIDTH="31" VPOS="1655" HPOS="1248"/>
							<String ID="string_240" HPOS="1279" VPOS="1660" WIDTH="105" HEIGHT="46" WC="0.71" CONTENT="enligt"/><SP WIDTH="36" VPOS="1660" HPOS="1384"/>
							<String ID="string_241" HPOS="1420" VPOS="1662" WIDTH="88" HEIGHT="34" WC="0.94" CONTENT="hvad"/><SP WIDTH="36" VPOS="1662" HPOS="1508"/>
							<String ID="string_242" HPOS="1544" VPOS="1676" WIDTH="43" HEIGHT="22" WC="0.95" CONTENT="nu"/><SP WIDTH="30" VPOS="1676" HPOS="1587"/>
							<String ID="string_243" HPOS="1617" VPOS="1668" WIDTH="36" HEIGHT="30" WC="0.95" CONTENT="är"/><SP WIDTH="33" VPOS="1668" HPOS="1653"/>
							<String ID="string_244" HPOS="1686" VPOS="1665" WIDTH="5" HEIGHT="33" WC="0.92" CONTENT="i"/><SP WIDTH="32" VPOS="1665" HPOS="1691"/>
							<String ID="string_245" HPOS="1723" VPOS="1668" WIDTH="181" HEIGHT="34" WC="0.89" CONTENT="statsråds-"/>
						</TextLine>
						<TextLine ID="line_39" HPOS="292" VPOS="1695" WIDTH="1612" HEIGHT="67">
							<String ID="string_246" HPOS="292" VPOS="1695" WIDTH="210" HEIGHT="43" WC="0.94" CONTENT="protokollet"/><SP WIDTH="34" VPOS="1695" HPOS="502"/>
							<String ID="string_247" HPOS="536" VPOS="1697" WIDTH="81" HEIGHT="36" WC="0.88" CONTENT="(Bil."/><SP WIDTH="44" VPOS="1697" HPOS="617"/>
							<String ID="string_248" HPOS="661" VPOS="1700" WIDTH="61" HEIGHT="35" WC="0.94" CONTENT="N:o"/><SP WIDTH="43" VPOS="1700" HPOS="722"/>
							<String ID="string_249" HPOS="765" VPOS="1704" WIDTH="14" HEIGHT="30" WC="0.50" CONTENT="7"/><SP WIDTH="35" VPOS="1704" HPOS="779"/>
							<String ID="string_250" HPOS="814" VPOS="1703" WIDTH="61" HEIGHT="34" WC="0.91" CONTENT="sid."/><SP WIDTH="33" VPOS="1703" HPOS="875"/>
							<String ID="string_251" HPOS="908" VPOS="1706" WIDTH="43" HEIGHT="33" WC="0.92" CONTENT="42"/><SP WIDTH="29" VPOS="1706" HPOS="951"/>
							<String ID="string_252" HPOS="980" VPOS="1706" WIDTH="61" HEIGHT="34" WC="0.96" CONTENT="och"/><SP WIDTH="36" VPOS="1706" HPOS="1041"/>
							<String ID="string_253" HPOS="1077" VPOS="1708" WIDTH="61" HEIGHT="45" WC="0.93" CONTENT="43)"/><SP WIDTH="30" VPOS="1708" HPOS="1138"/>
							<String ID="string_254" HPOS="1168" VPOS="1710" WIDTH="210" HEIGHT="35" WC="0.90" CONTENT="meddeladt,"/><SP WIDTH="33" VPOS="1710" HPOS="1378"/>
							<String ID="string_255" HPOS="1411" VPOS="1714" WIDTH="298" HEIGHT="48" WC="0.89" CONTENT="undervisningen"/><SP WIDTH="28" VPOS="1714" HPOS="1709"/>
							<String ID="string_256" HPOS="1737" VPOS="1716" WIDTH="130" HEIGHT="46" WC="0.88" CONTENT="jemväl"/><SP WIDTH="33" VPOS="1716" HPOS="1867"/>
							<String ID="string_257" HPOS="1900" VPOS="1720" WIDTH="4" HEIGHT="32" WC="0.94" CONTENT="i"/>
						</TextLine>
						<TextLine ID="line_40" HPOS="288" VPOS="1743" WIDTH="1619" HEIGHT="62">
							<String ID="string_258" HPOS="288" VPOS="1743" WIDTH="116" HEIGHT="37" WC="0.96" CONTENT="denna"/><SP WIDTH="46" VPOS="1743" HPOS="404"/>
							<String ID="string_259" HPOS="450" VPOS="1747" WIDTH="93" HEIGHT="36" WC="0.96" CONTENT="klass"/><SP WIDTH="43" VPOS="1747" HPOS="543"/>
							<String ID="string_260" HPOS="586" VPOS="1762" WIDTH="50" HEIGHT="22" WC="0.96" CONTENT="att"/><SP WIDTH="39" VPOS="1762" HPOS="636"/>
							<String ID="string_261" HPOS="675" VPOS="1753" WIDTH="116" HEIGHT="46" WC="0.96" CONTENT="fortgå"/><SP WIDTH="41" VPOS="1753" HPOS="791"/>
							<String ID="string_262" HPOS="832" VPOS="1755" WIDTH="109" HEIGHT="35" WC="0.96" CONTENT="under"/><SP WIDTH="28" VPOS="1755" HPOS="941"/>
							<String ID="string_263" HPOS="969" VPOS="1755" WIDTH="81" HEIGHT="36" WC="0.94" CONTENT="hela"/><SP WIDTH="29" VPOS="1755" HPOS="1050"/>
							<String ID="string_264" HPOS="1079" VPOS="1758" WIDTH="85" HEIGHT="46" WC="0.95" CONTENT="året,"/><SP WIDTH="31" VPOS="1758" HPOS="1164"/>
							<String ID="string_265" HPOS="1195" VPOS="1760" WIDTH="61" HEIGHT="35" WC="0.96" CONTENT="och"/><SP WIDTH="32" VPOS="1760" HPOS="1256"/>
							<String ID="string_266" HPOS="1288" VPOS="1762" WIDTH="140" HEIGHT="35" WC="0.96" CONTENT="dermed"/><SP WIDTH="30" VPOS="1762" HPOS="1428"/>
							<String ID="string_267" HPOS="1458" VPOS="1764" WIDTH="162" HEIGHT="37" WC="0.96" CONTENT="inträdde"/><SP WIDTH="29" VPOS="1764" HPOS="1620"/>
							<String ID="string_268" HPOS="1649" VPOS="1767" WIDTH="66" HEIGHT="35" WC="0.92" CONTENT="ock"/><SP WIDTH="29" VPOS="1767" HPOS="1715"/>
							<String ID="string_269" HPOS="1744" VPOS="1768" WIDTH="163" HEIGHT="37" WC="0.91" CONTENT="behofvet"/>
						</TextLine>
						<TextLine ID="line_41" HPOS="287" VPOS="1796" WIDTH="1617" HEIGHT="71">
							<String ID="string_270" HPOS="287" VPOS="1796" WIDTH="38" HEIGHT="34" WC="0.93" CONTENT="af"/><SP WIDTH="25" VPOS="1796" HPOS="325"/>
							<String ID="string_271" HPOS="350" VPOS="1796" WIDTH="192" HEIGHT="47" WC="0.90" CONTENT="anslagens"/><SP WIDTH="29" VPOS="1796" HPOS="542"/>
							<String ID="string_272" HPOS="571" VPOS="1801" WIDTH="191" HEIGHT="49" WC="0.96" CONTENT="tillökning"/><SP WIDTH="31" VPOS="1801" HPOS="762"/>
							<String ID="string_273" HPOS="793" VPOS="1805" WIDTH="77" HEIGHT="34" WC="0.96" CONTENT="med"/><SP WIDTH="29" VPOS="1805" HPOS="870"/>
							<String ID="string_274" HPOS="899" VPOS="1810" WIDTH="50" HEIGHT="31" WC="0.96" CONTENT="ett"/><SP WIDTH="29" VPOS="1810" HPOS="949"/>
							<String ID="string_275" HPOS="978" VPOS="1807" WIDTH="74" HEIGHT="35" WC="0.96" CONTENT="lika"/><SP WIDTH="25" VPOS="1807" HPOS="1052"/>
							<String ID="string_276" HPOS="1077" VPOS="1813" WIDTH="89" HEIGHT="32" WC="0.96" CONTENT="stort"/><SP WIDTH="27" VPOS="1813" HPOS="1166"/>
							<String ID="string_277" HPOS="1193" VPOS="1811" WIDTH="137" HEIGHT="48" WC="0.96" CONTENT="belopp,"/><SP WIDTH="31" VPOS="1811" HPOS="1330"/>
							<String ID="string_278" HPOS="1361" VPOS="1825" WIDTH="73" HEIGHT="23" WC="0.92" CONTENT="som"/><SP WIDTH="17" VPOS="1825" HPOS="1434"/>
							<String ID="string_279" HPOS="1451" VPOS="1816" WIDTH="176" HEIGHT="36" WC="0.91" CONTENT="nästlidne"/><SP WIDTH="16" VPOS="1816" HPOS="1627"/>
							<String ID="string_280" HPOS="1643" VPOS="1818" WIDTH="38" HEIGHT="34" WC="0.96" CONTENT="år"/><SP WIDTH="20" VPOS="1818" HPOS="1681"/>
							<String ID="string_281" HPOS="1701" VPOS="1819" WIDTH="203" HEIGHT="48" WC="0.96" CONTENT="beviljades,"/>
						</TextLine>
						<TextLine ID="line_42" HPOS="287" VPOS="1846" WIDTH="1616" HEIGHT="70">
							<String ID="string_282" HPOS="287" VPOS="1846" WIDTH="87" HEIGHT="36" WC="0.79" CONTENT="eller"/><SP WIDTH="35" VPOS="1846" HPOS="374"/>
							<String ID="string_283" HPOS="409" VPOS="1851" WIDTH="111" HEIGHT="43" WC="0.79" CONTENT="8,550"/><SP WIDTH="35" VPOS="1851" HPOS="520"/>
							<String ID="string_284" HPOS="555" VPOS="1851" WIDTH="132" HEIGHT="36" WC="0.96" CONTENT="kronor"/><SP WIDTH="36" VPOS="1851" HPOS="687"/>
							<String ID="string_285" HPOS="723" VPOS="1855" WIDTH="9" HEIGHT="33" WC="0.96" CONTENT="i"/><SP WIDTH="30" VPOS="1855" HPOS="732"/>
							<String ID="string_286" HPOS="762" VPOS="1857" WIDTH="350" HEIGHT="49" WC="0.86" CONTENT="seminariianslaget"/><SP WIDTH="29" VPOS="1857" HPOS="1112"/>
							<String ID="string_287" HPOS="1141" VPOS="1862" WIDTH="63" HEIGHT="34" WC="0.93" CONTENT="och"/><SP WIDTH="33" VPOS="1862" HPOS="1204"/>
							<String ID="string_288" HPOS="1237" VPOS="1865" WIDTH="107" HEIGHT="40" WC="0.88" CONTENT="5,000"/><SP WIDTH="30" VPOS="1865" HPOS="1344"/>
							<String ID="string_289" HPOS="1374" VPOS="1864" WIDTH="130" HEIGHT="37" WC="0.96" CONTENT="kronor"/><SP WIDTH="29" VPOS="1864" HPOS="1504"/>
							<String ID="string_290" HPOS="1533" VPOS="1868" WIDTH="10" HEIGHT="33" WC="0.96" CONTENT="i"/><SP WIDTH="30" VPOS="1868" HPOS="1543"/>
							<String ID="string_291" HPOS="1573" VPOS="1869" WIDTH="160" HEIGHT="47" WC="0.95" CONTENT="anslaget"/><SP WIDTH="28" VPOS="1869" HPOS="1733"/>
							<String ID="string_292" HPOS="1761" VPOS="1871" WIDTH="53" HEIGHT="35" WC="0.92" CONTENT="till"/><SP WIDTH="30" VPOS="1871" HPOS="1814"/>
							<String ID="string_293" HPOS="1844" VPOS="1872" WIDTH="59" HEIGHT="35" WC="0.22" CONTENT="sti-"/>
						</TextLine>
						<TextLine ID="line_43" HPOS="288" VPOS="1899" WIDTH="362" HEIGHT="45">
							<String ID="string_294" HPOS="288" VPOS="1899" WIDTH="147" HEIGHT="45" WC="0.91" CONTENT="pendier"/><SP WIDTH="24" VPOS="1899" HPOS="435"/>
							<String ID="string_295" HPOS="459" VPOS="1900" WIDTH="36" HEIGHT="35" WC="0.96" CONTENT="åt"/><SP WIDTH="28" VPOS="1900" HPOS="495"/>
							<String ID="string_296" HPOS="523" VPOS="1902" WIDTH="127" HEIGHT="36" WC="0.96" CONTENT="elever."/>
						</TextLine>
					</TextBlock>
					<TextBlock ID="block_11" HPOS="283" VPOS="1951" WIDTH="1620" HEIGHT="113">
						<TextLine ID="line_44" HPOS="392" VPOS="1951" WIDTH="1511" HEIGHT="68">
							<String ID="string_297" HPOS="392" VPOS="1951" WIDTH="14" HEIGHT="34" WC="0.95" CONTENT="I"/><SP WIDTH="42" VPOS="1951" HPOS="406"/>
							<String ID="string_298" HPOS="448" VPOS="1954" WIDTH="260" HEIGHT="48" WC="0.96" CONTENT="sammanhang"/><SP WIDTH="42" VPOS="1954" HPOS="708"/>
							<String ID="string_299" HPOS="750" VPOS="1958" WIDTH="146" HEIGHT="36" WC="0.96" CONTENT="härmed"/><SP WIDTH="44" VPOS="1958" HPOS="896"/>
							<String ID="string_300" HPOS="940" VPOS="1961" WIDTH="90" HEIGHT="35" WC="0.96" CONTENT="hade"/><SP WIDTH="46" VPOS="1961" HPOS="1030"/>
							<String ID="string_301" HPOS="1076" VPOS="1962" WIDTH="132" HEIGHT="48" WC="0.95" CONTENT="Kongl."/><SP WIDTH="44" VPOS="1962" HPOS="1208"/>
							<String ID="string_302" HPOS="1252" VPOS="1966" WIDTH="121" HEIGHT="47" WC="0.93" CONTENT="Maj:ts"/><SP WIDTH="42" VPOS="1966" HPOS="1373"/>
							<String ID="string_303" HPOS="1415" VPOS="1969" WIDTH="129" HEIGHT="48" WC="0.95" CONTENT="nådiga"/><SP WIDTH="45" VPOS="1969" HPOS="1544"/>
							<String ID="string_304" HPOS="1589" VPOS="1973" WIDTH="314" HEIGHT="46" WC="0.95" CONTENT="uppmärksamhet"/>
						</TextLine>
						<TextLine ID="line_45" HPOS="283" VPOS="2000" WIDTH="1617" HEIGHT="64">
							<String ID="string_305" HPOS="283" VPOS="2000" WIDTH="126" HEIGHT="37" WC="0.92" CONTENT="fästats"/><SP WIDTH="30" VPOS="2000" HPOS="409"/>
							<String ID="string_306" HPOS="439" VPOS="2003" WIDTH="44" HEIGHT="46" WC="0.96" CONTENT="på"/><SP WIDTH="29" VPOS="2003" HPOS="483"/>
							<String ID="string_307" HPOS="512" VPOS="2017" WIDTH="44" HEIGHT="22" WC="0.94" CONTENT="en"/><SP WIDTH="29" VPOS="2017" HPOS="556"/>
							<String ID="string_308" HPOS="585" VPOS="2017" WIDTH="119" HEIGHT="25" WC="0.95" CONTENT="annan"/><SP WIDTH="28" VPOS="2017" HPOS="704"/>
							<String ID="string_309" HPOS="732" VPOS="2008" WIDTH="111" HEIGHT="47" WC="0.96" CONTENT="fråga,"/><SP WIDTH="30" VPOS="2008" HPOS="843"/>
							<String ID="string_310" HPOS="873" VPOS="2023" WIDTH="73" HEIGHT="22" WC="0.94" CONTENT="som"/><SP WIDTH="32" VPOS="2023" HPOS="946"/>
							<String ID="string_311" HPOS="978" VPOS="2012" WIDTH="163" HEIGHT="37" WC="0.94" CONTENT="tillhörde"/><SP WIDTH="17" VPOS="2012" HPOS="1141"/>
							<String ID="string_312" HPOS="1158" VPOS="2016" WIDTH="221" HEIGHT="48" WC="0.96" CONTENT="regleringen"/><SP WIDTH="19" VPOS="2016" HPOS="1379"/>
							<String ID="string_313" HPOS="1398" VPOS="2020" WIDTH="39" HEIGHT="35" WC="0.93" CONTENT="af"/><SP WIDTH="15" VPOS="2020" HPOS="1437"/>
							<String ID="string_314" HPOS="1452" VPOS="2022" WIDTH="272" HEIGHT="37" WC="0.91" CONTENT="seminariernas"/><SP WIDTH="16" VPOS="2022" HPOS="1724"/>
							<String ID="string_315" HPOS="1740" VPOS="2025" WIDTH="160" HEIGHT="36" WC="0.91" CONTENT="lönestat."/>
						</TextLine>
					</TextBlock>
					<TextBlock ID="block_12" HPOS="281" VPOS="2054" WIDTH="1619" HEIGHT="275">
						<TextLine ID="line_46" HPOS="418" VPOS="2054" WIDTH="1482" HEIGHT="66">
							<String ID="string_316" HPOS="418" VPOS="2054" WIDTH="67" HEIGHT="36" WC="0.90" CONTENT="Vid"/><SP WIDTH="30" VPOS="2054" HPOS="485"/>
							<String ID="string_317" HPOS="515" VPOS="2056" WIDTH="159" HEIGHT="36" WC="0.90" CONTENT="sistlidne"/><SP WIDTH="28" VPOS="2056" HPOS="674"/>
							<String ID="string_318" HPOS="702" VPOS="2059" WIDTH="147" HEIGHT="48" WC="0.93" CONTENT="riksdag"/><SP WIDTH="29" VPOS="2059" HPOS="849"/>
							<String ID="string_319" HPOS="878" VPOS="2061" WIDTH="85" HEIGHT="35" WC="0.92" CONTENT="aflät"/><SP WIDTH="28" VPOS="2061" HPOS="963"/>
							<String ID="string_320" HPOS="991" VPOS="2064" WIDTH="177" HEIGHT="47" WC="0.90" CONTENT="nemligen"/><SP WIDTH="28" VPOS="2064" HPOS="1168"/>
							<String ID="string_321" HPOS="1196" VPOS="2067" WIDTH="204" HEIGHT="50" WC="0.92" CONTENT="Riksdagen"/><SP WIDTH="17" VPOS="2067" HPOS="1400"/>
							<String ID="string_322" HPOS="1417" VPOS="2083" WIDTH="43" HEIGHT="24" WC="0.93" CONTENT="en"/><SP WIDTH="16" VPOS="2083" HPOS="1460"/>
							<String ID="string_323" HPOS="1476" VPOS="2074" WIDTH="221" HEIGHT="46" WC="0.91" CONTENT="underdånig"/><SP WIDTH="20" VPOS="2074" HPOS="1697"/>
							<String ID="string_324" HPOS="1717" VPOS="2076" WIDTH="183" HEIGHT="36" WC="0.96" CONTENT="skrifvelse"/>
						</TextLine>
						<TextLine ID="line_47" HPOS="282" VPOS="2104" WIDTH="1616" HEIGHT="60">
							<String ID="string_325" HPOS="282" VPOS="2104" WIDTH="184" HEIGHT="45" WC="0.66" CONTENT="angående"/><SP WIDTH="46" VPOS="2104" HPOS="466"/>
							<String ID="string_326" HPOS="512" VPOS="2107" WIDTH="155" HEIGHT="48" WC="0.80" CONTENT="behöflig"/><SP WIDTH="41" VPOS="2107" HPOS="667"/>
							<String ID="string_327" HPOS="708" VPOS="2110" WIDTH="210" HEIGHT="49" WC="0.94" CONTENT="förbättring"/><SP WIDTH="43" VPOS="2110" HPOS="918"/>
							<String ID="string_328" HPOS="961" VPOS="2113" WIDTH="10" HEIGHT="35" WC="0.91" CONTENT="i"/><SP WIDTH="32" VPOS="2113" HPOS="971"/>
							<String ID="string_329" HPOS="1003" VPOS="2115" WIDTH="345" HEIGHT="48" WC="0.91" CONTENT="teckningslärarnes"/><SP WIDTH="29" VPOS="2115" HPOS="1348"/>
							<String ID="string_330" HPOS="1377" VPOS="2122" WIDTH="127" HEIGHT="36" WC="0.96" CONTENT="vilkor."/><SP WIDTH="56" VPOS="2122" HPOS="1504"/>
							<String ID="string_331" HPOS="1560" VPOS="2124" WIDTH="124" HEIGHT="36" WC="0.96" CONTENT="Denna"/><SP WIDTH="29" VPOS="2124" HPOS="1684"/>
							<String ID="string_332" HPOS="1713" VPOS="2126" WIDTH="185" HEIGHT="38" WC="0.96" CONTENT="skrifvelse"/>
						</TextLine>
						<TextLine ID="line_48" HPOS="284" VPOS="2152" WIDTH="1614" HEIGHT="71">
							<String ID="string_333" HPOS="284" VPOS="2152" WIDTH="174" HEIGHT="40" WC="0.95" CONTENT="handlade"/><SP WIDTH="33" VPOS="2152" HPOS="458"/>
							<String ID="string_334" HPOS="491" VPOS="2159" WIDTH="54" HEIGHT="34" WC="0.95" CONTENT="väl"/><SP WIDTH="31" VPOS="2159" HPOS="545"/>
							<String ID="string_335" HPOS="576" VPOS="2161" WIDTH="201" HEIGHT="48" WC="0.96" CONTENT="egentligen"/><SP WIDTH="30" VPOS="2161" HPOS="777"/>
							<String ID="string_336" HPOS="807" VPOS="2174" WIDTH="56" HEIGHT="23" WC="0.96" CONTENT="om"/><SP WIDTH="30" VPOS="2174" HPOS="863"/>
							<String ID="string_337" HPOS="893" VPOS="2164" WIDTH="304" HEIGHT="48" WC="0.96" CONTENT="teckningslärare"/><SP WIDTH="30" VPOS="2164" HPOS="1197"/>
							<String ID="string_338" HPOS="1227" VPOS="2170" WIDTH="56" HEIGHT="35" WC="0.96" CONTENT="vid"/><SP WIDTH="28" VPOS="2170" HPOS="1283"/>
							<String ID="string_339" HPOS="1311" VPOS="2172" WIDTH="423" HEIGHT="51" WC="0.91" CONTENT="elementarläroverken;"/><SP WIDTH="25" VPOS="2172" HPOS="1734"/>
							<String ID="string_340" HPOS="1759" VPOS="2190" WIDTH="79" HEIGHT="24" WC="0.96" CONTENT="men"/><SP WIDTH="16" VPOS="2190" HPOS="1838"/>
							<String ID="string_341" HPOS="1854" VPOS="2180" WIDTH="44" HEIGHT="35" WC="0.95" CONTENT="då"/>
						</TextLine>
						<TextLine ID="line_49" HPOS="281" VPOS="2205" WIDTH="1612" HEIGHT="71">
							<String ID="string_342" HPOS="281" VPOS="2205" WIDTH="273" HEIGHT="40" WC="0.90" CONTENT="seminariernas"/><SP WIDTH="39" VPOS="2205" HPOS="554"/>
							<String ID="string_343" HPOS="593" VPOS="2213" WIDTH="309" HEIGHT="47" WC="0.96" CONTENT="teckningslärare"/><SP WIDTH="41" VPOS="2213" HPOS="902"/>
							<String ID="string_344" HPOS="943" VPOS="2216" WIDTH="177" HEIGHT="38" WC="0.94" CONTENT="innehade"/><SP WIDTH="43" VPOS="2216" HPOS="1120"/>
							<String ID="string_345" HPOS="1163" VPOS="2220" WIDTH="146" HEIGHT="46" WC="0.91" CONTENT="tjenster"/><SP WIDTH="43" VPOS="2220" HPOS="1309"/>
							<String ID="string_346" HPOS="1352" VPOS="2224" WIDTH="38" HEIGHT="35" WC="0.96" CONTENT="af"/><SP WIDTH="38" VPOS="2224" HPOS="1390"/>
							<String ID="string_347" HPOS="1428" VPOS="2225" WIDTH="77" HEIGHT="35" WC="0.95" CONTENT="icke"/><SP WIDTH="39" VPOS="2225" HPOS="1505"/>
							<String ID="string_348" HPOS="1544" VPOS="2226" WIDTH="137" HEIGHT="36" WC="0.93" CONTENT="mindre"/><SP WIDTH="34" VPOS="2226" HPOS="1681"/>
							<String ID="string_349" HPOS="1715" VPOS="2229" WIDTH="86" HEIGHT="47" WC="0.93" CONTENT="vigt,"/><SP WIDTH="31" VPOS="2229" HPOS="1801"/>
							<String ID="string_350" HPOS="1832" VPOS="2232" WIDTH="61" HEIGHT="35" WC="0.96" CONTENT="och"/>
						</TextLine>
						<TextLine ID="line_50" HPOS="281" VPOS="2255" WIDTH="1614" HEIGHT="74">
							<String ID="string_351" HPOS="281" VPOS="2255" WIDTH="102" HEIGHT="37" WC="0.96" CONTENT="deras"/><SP WIDTH="44" VPOS="2255" HPOS="383"/>
							<String ID="string_352" HPOS="427" VPOS="2260" WIDTH="257" HEIGHT="50" WC="0.95" CONTENT="undervisning"/><SP WIDTH="44" VPOS="2260" HPOS="684"/>
							<String ID="string_353" HPOS="728" VPOS="2277" WIDTH="80" HEIGHT="24" WC="0.92" CONTENT="vore"/><SP WIDTH="29" VPOS="2277" HPOS="808"/>
							<String ID="string_354" HPOS="837" VPOS="2267" WIDTH="113" HEIGHT="45" WC="0.91" CONTENT="egnad"/><SP WIDTH="30" VPOS="2267" HPOS="950"/>
							<String ID="string_355" HPOS="980" VPOS="2271" WIDTH="51" HEIGHT="32" WC="0.96" CONTENT="att"/><SP WIDTH="28" VPOS="2271" HPOS="1031"/>
							<String ID="string_356" HPOS="1059" VPOS="2268" WIDTH="10" HEIGHT="35" WC="0.96" CONTENT="i"/><SP WIDTH="30" VPOS="2268" HPOS="1069"/>
							<String ID="string_357" HPOS="1099" VPOS="2270" WIDTH="215" HEIGHT="38" WC="0.96" CONTENT="vidsträckta"/><SP WIDTH="30" VPOS="2270" HPOS="1314"/>
							<String ID="string_358" HPOS="1344" VPOS="2273" WIDTH="139" HEIGHT="37" WC="0.96" CONTENT="kretsar"/><SP WIDTH="29" VPOS="2273" HPOS="1483"/>
							<String ID="string_359" HPOS="1512" VPOS="2277" WIDTH="119" HEIGHT="47" WC="0.96" CONTENT="sprida"/><SP WIDTH="30" VPOS="2277" HPOS="1631"/>
							<String ID="string_360" HPOS="1661" VPOS="2279" WIDTH="41" HEIGHT="35" WC="0.96" CONTENT="de"/><SP WIDTH="30" VPOS="2279" HPOS="1702"/>
							<String ID="string_361" HPOS="1732" VPOS="2280" WIDTH="163" HEIGHT="49" WC="0.96" CONTENT="fördelar,"/>
						</TextLine>
					</TextBlock>
				</ComposedBlock>
			</PrintSpace>
		</Page>
	</Layout>
</alto>
