2176 2546
746 148 99 32 Stats-
857 146 165 33 Utskottets
1053 144 172 34 Utlåtande
1249 144 59 32 N:o
1334 145 45 29 11.
1818 139 18 31 9

270 234 42 34 de
341 236 101 32 extra
471 231 176 36 ordinarie
676 228 223 49 professorer,
928 225 139 35 hvilkas
1095 224 57 35 lön
1183 223 197 36 bestämdes
1399 222 54 35 till
1471 221 123 36 endast
1611 221 111 45 4,000
1739 220 145 46 kronor,

269 286 109 34 måtte
408 284 89 36 efter
526 283 68 35 fem
619 282 58 34 års
706 280 57 35 väl
793 278 178 36 vitsordad
1000 276 237 46 tjenstgöring
1266 274 85 46 utgå
1381 278 49 31 ett
1450 272 247 47 ålderstillägg
1713 271 77 35 med
1810 273 74 33 500

270 338 144 34 kronor.

399 386 219 45 Riksdagen,
649 396 74 23 som
752 381 188 47 godkände
973 380 233 46 grundsatsen
1241 389 55 23 om
1334 377 300 46 adjunkturernas
1663 370 222 54 ombildning

273 441 43 47 på
345 440 41 33 de
415 439 36 34 af
473 436 130 45 Kongl.
634 435 101 46 Maj:t
763 432 202 47 föreslagna
993 428 304 49 hufvudgrunder,
1327 428 111 46 ansåg
1468 429 90 33 dock
1587 427 146 35 lönerna
1763 426 52 34 för
1843 425 43 34 de

273 496 100 30 extra
406 489 176 35 ordinarie
609 487 261 47 professorerne
899 484 11 34 i
939 482 159 46 medicin,
1129 480 136 46 kirurgi
1292 479 64 36 och
1381 479 176 47 pediatrik
1588 479 85 34 böra
1706 477 180 35 nedsättas

271 543 53 34 till
368 541 111 45 3,500
524 540 131 34 kronor
684 537 77 35 med
791 534 164 36 afseende
980 534 20 34 å
1029 534 41 34 de
1098 533 169 35 arfvoden
1295 532 77 34 från
1402 530 110 35 andra
1538 530 82 44 håll,
1651 530 96 34 desse
1773 529 114 33 lärare

272 599 148 40 antogos
452 592 143 34 komma
629 593 52 31 att
705 589 171 46 uppbära,
906 590 89 31 samt
1023 585 155 35 deremot
1207 583 239 46 adjunkturen
1476 582 9 33 i
1515 581 157 47 patologi
1701 580 186 35 förändras

272 645 52 34 till
352 657 43 22 en
424 648 101 30 extra
553 641 177 35 ordinarie
755 637 393 49 professorsbefattning
1178 636 77 34 med
1288 634 66 34 den
1384 635 52 32 för
1464 633 98 46 dylik
1582 632 198 44 befattning
1797 631 91 34 före-

273 697 124 44 slagna
439 694 74 46 lön;
557 692 66 35 och
665 690 100 36 biföll
804 689 204 45 Riksdagen
1039 688 137 34 derföre
1206 687 123 34 endast
1361 686 11 33 i
1402 685 38 34 så
1469 684 108 33 måtto
1606 683 132 45 Kongl.
1768 682 120 45 Maj:ts

273 747 143 45 förslag,
446 750 49 30 att
522 744 46 47 på
596 746 102 32 extra
727 746 67 31 stat
822 742 52 33 för
902 739 238 35 innevarande
1169 738 39 35 år
1238 737 188 35 anvisades
1456 739 49 30 ett
1534 734 125 46 anslag
1688 734 39 33 af
1751 734 136 41 11,500

274 799 139 44 kronor,
456 795 129 36 hvaraf
624 794 107 35 borde
773 792 86 46 utgå
900 789 296 47 löneförbättring
1239 789 53 34 till
1335 789 41 33 de
1420 787 58 34 vid
1521 786 176 34 institutet
1729 784 160 34 anstälde

274 849 199 46 adjunkter,
515 847 185 34 hvaremot
743 844 128 45 Kongl.
911 842 118 47 Maj:ts
1072 840 261 45 framställning
1373 840 129 41 derom,
1533 841 51 30 att
1612 836 41 34 de
1684 835 205 35 nuvarande

274 899 322 47 adjunktslönerna
626 897 57 35 vid
711 896 172 35 institutet
913 894 114 45 måtte,
1062 893 5 34 i
1096 893 66 34 den
1194 892 81 34 mån
1306 893 41 33 de
1378 890 114 34 blefve
1521 887 208 47 disponibla,
1763 887 35 33 få
1827 898 62 22 an-

275 951 131 35 vändas
436 950 51 34 till
517 948 300 47 adjunkturernas
846 945 227 45 ombildning,
1103 943 78 35 icke
1211 955 95 22 vann
1335 940 228 45 Riksdagens
1593 938 111 35 bifall.

400 1002 99 34 Efter
540 1000 58 34 det
640 1000 10 33 i
690 998 195 44 anledning
915 995 106 35 häraf
1045 993 288 46 lärarekollegiet
1362 992 63 34 hos
1454 990 314 35 kanslersembetet
1798 987 93 46 gjort

275 1052 259 45 framställning.
578 1063 55 22 om
663 1048 285 37 önskvärdheten
980 1047 38 34 af
1043 1050 49 30 ett
1121 1045 172 34 definitivt
1321 1043 182 35 ordnande
1533 1041 37 34 af
1592 1035 297 55 adjunktsbefatt-

276 1105 175 45 ningarna
488 1103 58 34 vid
580 1101 176 35 institutet
784 1101 10 33 i
824 1096 255 47 hufvudsaklig
1108 1094 364 37 öfverensstämmelse
1502 1092 77 34 med
1610 1090 131 46 Kongl.
1771 1090 120 45 Maj:ts

277 1156 129 45 nådiga
434 1153 217 48 proposition
679 1152 12 34 i
719 1153 95 33 detta
842 1149 199 35 hänseende
1070 1148 52 34 till
1151 1152 117 30 senast
1296 1145 212 35 församlade
1532 1143 171 44 Riksdag,
1732 1141 89 34 dock
1842 1144 51 30 att

278 1207 237 46 adjunkturen
557 1205 12 33 i
610 1203 198 48 patologisk
851 1200 155 36 anatomi
1049 1199 107 34 måtte
1202 1198 181 34 förändras
1420 1195 53 35 till
1507 1207 41 22 en
1584 1198 101 30 extra
1714 1191 178 35 ordinarie

277 1257 192 48 profession
510 1256 78 34 med
631 1255 60 34 lön
726 1254 37 34 af
792 1255 111 43 4,500
941 1252 142 43 kronor,
1113 1250 103 44 hade,
1246 1249 45 46 på
1320 1251 67 31 sätt
1417 1259 48 22 nu
1494 1250 39 30 är
1563 1245 9 34 i
1601 1243 290 46 statsrådsproto-

278 1309 108 34 kollet
429 1307 83 46 (Bil.
543 1306 66 35 N:o
645 1308 30 39 7,
705 1305 63 35 sid.
800 1305 64 44 21)
894 1302 212 45 meddeladt,
1137 1299 324 44 kanslersembetet,
1492 1296 76 36 med
1599 1293 229 37 erkännande
1859 1292 34 34 af

278 1361 66 34 den
387 1359 136 46 vigtiga
565 1357 169 45 ställning
775 1354 301 44 undervisningen
1112 1352 11 34 i
1153 1351 127 47 speciel
1310 1349 199 47 patologisk
1538 1346 152 36 anatomi
1721 1357 47 22 nu
1797 1356 97 23 mera

278 1411 57 34 vid
378 1410 176 34 institutet
595 1407 187 45 innehade,
826 1405 232 36 öfverlemnat
1094 1404 114 34 denna
1238 1400 265 44 framställning
1533 1398 51 35 till
1615 1396 130 46 Kongl.
1772 1395 121 47 Maj:ts

278 1462 129 45 nådiga
435 1461 176 47 pröfning.

408 1512 55 34 Då
505 1511 208 45 Riksdagen
756 1509 77 34 icke
876 1505 185 47 medgifvit
1103 1503 263 36 bestämmande
1397 1502 38 34 af
1460 1501 146 34 lönerna
1635 1499 53 34 för
1713 1501 51 31 tre
1789 1496 38 34 af
1852 1494 42 35 de

280 1568 100 31 extra
408 1562 178 36 ordinarie
615 1561 258 47 professorerne
898 1558 54 34 till
979 1557 111 45 högre
1120 1555 125 47 belopp
1275 1558 44 30 än
1342 1555 109 40 3,>00
1477 1552 131 34 kronor
1634 1550 52 34 för
1706 1548 188 42 hvardera,

281 1627 77 24 men
402 1614 156 35 deremot
602 1611 171 36 förklarat
814 1611 54 45 sig
897 1609 98 45 villig
1037 1607 99 35 anslå
1168 1619 43 22 en
1241 1610 102 30 extra
1372 1603 175 35 ordinarie
1576 1599 253 49 professorslön
1859 1597 37 34 ät

280 1667 138 34 läraren
447 1666 10 33 i
486 1663 202 48 patologisk
718 1661 164 42 anatomi,
911 1664 90 31 samt
1029 1659 115 45 någon
1174 1656 239 45 anmärkning
1443 1657 71 32 mot
1529 1654 102 34 dessa
1648 1651 247 43 förändringar

281 1718 11 34 i
321 1715 348 47 aflöningsbeloppen
697 1714 77 35 icke
807 1712 113 35 blifvit
949 1711 99 46 gjord
1080 1721 83 23 vare
1188 1708 53 45 sig
1259 1707 35 36 af
1313 1704 288 46 lärarekollegiet
1617 1703 83 34 eller
1715 1700 179 36 kanslers-

281 1770 159 39 embetet,
486 1767 62 35 har
591 1765 131 46 Kongl.
749 1764 113 46 Maj:t,
901 1763 75 34 med
1006 1759 230 47 iakttagande
1265 1757 107 36 häraf
1397 1756 66 36 och
1493 1756 10 34 i
1531 1751 364 39 öfverensstämmelse

286 1820 53 35 för
376 1819 107 46 öfrigt
511 1817 78 35 med
620 1817 68 34 den
716 1816 39 34 af
780 1814 131 46 Kongl.
941 1813 100 46 Maj:t
1069 1812 57 34 vid
1156 1810 155 36 sistlidne
1340 1808 146 45 riksdag
1514 1805 197 46 framlagda
1740 1801 155 49 proposi-

283 1872 71 34 tion
385 1871 10 34 i
424 1873 127 42 ämnet,
580 1880 49 23 nu
661 1866 195 36 understält
885 1865 221 44 Riksdagens
1136 1861 166 48 pröfning
1331 1859 155 46 följande
1515 1857 131 45 förslag
1675 1855 51 35 till
1752 1858 67 31 stat
1840 1852 55 35 för

284 1923 41 34 de
353 1921 199 36 ombildade
580 1917 401 46 lärarebefattningarne
1011 1915 53 35 vid
1094 1913 191 35 institutet:

376 2290 75 32 Bih.
475 2289 49 32 till
548 2288 113 32 Riksd.
686 2286 89 32 Prot.
799 2285 96 31 1878.
945 2284 20 29 4
989 2281 98 33 Saml.
1121 2283 9 28 1
1154 2279 77 40 Afd.
1256 2281 19 29 9
1300 2277 93 38 Häft.
1834 2270 18 29 2
