1920 2816
308 174 18 29 2
639 168 414 37 Bevillningsutskottets
1076 166 186 32 memorial
1285 165 51 31 Nr
1361 166 50 30 12.

258 259 73 31 den
366 260 19 29 1
417 258 69 36 juli
519 257 95 34 1929,
647 257 65 29 har
744 256 62 34 att,
839 255 110 30 minst
976 254 133 30 femton
1138 253 110 34 dagar
1277 251 258 34 dessförinnan,
1560 252 84 33 göra
1667 250 110 30 sådan

259 309 183 36 anmälan,
467 317 122 22 varom
613 307 12 30 i
649 307 18 31 3
734 307 18 30 2
776 316 104 21 mom.
904 305 195 31 förmäles.»

308 361 17 31 I
348 370 43 22 en
414 360 62 31 vid
499 358 238 33 betänkandet
759 357 116 37 fogad,
899 367 45 21 av
968 356 80 31 herr
1071 356 118 31 Johan
1212 353 144 32 Nilsson
1377 354 13 30 i
1409 353 247 31 Kristianstad
1678 362 45 21 m.
1741 352 35 31 fl.

258 413 163 36 avgiven
459 411 218 32 reservation
700 409 88 32 hade
812 408 211 36 hemställts,
1047 409 53 30 att
1123 406 191 36 riksdagen
1337 407 109 29 måtte
1469 406 130 35 antaga
1622 404 155 31 nämnda

264 464 79 31 med
376 463 263 38 propositionen
672 461 200 37 framlagda
904 460 134 35 förslag
1066 459 58 31 till
1148 458 208 35 förordning
1380 467 56 21 om
1461 456 153 32 särskild
1637 457 96 30 skatt
1756 457 21 29 å

265 516 126 32 bensin
413 515 65 31 och
501 513 217 36 motorsprit.
1456 542 4 3 .

308 568 126 36 Enligt
457 566 68 32 vad
549 566 172 31 utskottet
745 563 307 33 tillhandakomna
1076 560 324 40 protokollsutdrag
1425 560 131 36 utvisa,
1573 560 92 31 hava
1681 559 96 31 kam-

261 631 111 22 rarna
406 619 61 33 vid
502 618 263 37 behandlingen
798 628 45 20 av
876 616 189 32 utskottets
1098 614 230 33 förenämnda
1351 612 221 33 betänkande
1595 613 145 31 stannat
1765 613 12 30 i

259 674 103 30 olika
389 673 127 35 beslut,
540 672 13 30 i
576 671 57 32 det
660 672 63 34 att,
746 670 113 31 såvitt
882 679 48 21 nu
954 671 40 29 är
1018 669 11 30 i
1054 669 113 35 fråga,
1191 667 111 31 första
1325 667 207 30 kammaren
1556 665 140 36 antagit
1719 664 58 32 det

265 725 146 35 förslag,
446 734 74 20 som
544 721 238 33 innefattades
807 722 12 29 i
842 720 260 35 ovannämnda,
1126 729 45 20 av
1195 719 80 30 herr
1298 718 119 31 Johan
1440 717 145 31 Nilsson
1609 717 12 29 i
1645 716 130 31 Kristi-

262 775 130 31 anstad
426 785 46 20 m.
507 774 35 30 fl.
574 774 160 35 avgivna
767 772 229 35 reservation,
1029 771 125 30 medan
1185 769 112 31 andra
1320 769 206 30 kammaren
1550 767 135 31 bifallit
1708 767 69 31 vad

265 828 174 31 utskottet
463 826 12 31 i
498 824 238 33 betänkandet
759 824 191 31 hemställt.

309 922 135 32 Mellan
467 922 98 31 dessa
589 922 209 30 kamrarnas
821 920 116 31 beslut
961 920 190 35 föreligger
1175 918 66 31 den
1262 918 189 35 olikheten,
1468 918 53 30 att
1536 916 115 36 enligt
1667 916 110 30 första

263 975 227 30 kammarens
525 973 115 31 beslut
675 972 224 31 skattefrihet
932 972 54 29 för
1019 970 205 36 motorsprit
1250 969 117 31 skulle
1390 968 98 36 gälla
1510 968 111 30 under
1645 968 70 30 fem
1738 968 40 30 år

263 1026 89 30 eller
386 1025 58 31 till
477 1024 67 31 den
577 1025 18 29 1
623 1024 71 35 juli
722 1023 95 35 1934,
846 1022 127 31 medan
995 1022 112 35 enligt
1130 1021 111 31 andra
1264 1021 225 30 kammarens
1512 1019 116 31 beslut
1651 1019 128 30 skatte-

266 1077 155 31 friheten
458 1076 54 31 för
547 1075 205 36 motorsprit
784 1074 115 31 skulle
932 1074 190 36 begränsas
1151 1073 58 31 till
1238 1073 53 30 tre
1318 1073 40 29 år
1382 1071 86 31 eller
1492 1070 58 32 till
1574 1070 72 45 den
1665 1072 19 29 1
1707 1070 71 36 juli

267 1129 84 32 1932
386 1130 92 30 samt
501 1128 141 31 skatten
665 1128 21 30 å
709 1127 204 36 motorsprit
937 1126 112 31 under
1073 1125 40 32 de
1138 1126 157 30 närmast
1319 1123 157 37 följande
1500 1124 62 30 två
1584 1123 85 31 åren
1692 1122 86 31 eller

263 1181 63 32 till
349 1181 68 31 den
440 1182 19 29 1
482 1180 70 36 juli
576 1180 84 31 1934
684 1180 89 35 utgå
795 1179 78 31 med
897 1179 18 30 3
939 1181 59 28 öre
1022 1179 54 30 för
1099 1178 93 30 liter.

309 1232 193 35 Utskottet,
536 1241 76 21 som
646 1231 77 30 haft
754 1232 53 29 att
836 1230 145 36 jämlikt
1004 1227 18 36 $
1045 1230 40 30 63
1111 1228 362 36 riksdagsordningen
1497 1227 84 31 söka
1603 1236 175 21 samman-

260 1284 128 36 jämka
410 1284 41 31 de
475 1283 96 31 olika
594 1283 198 35 meningar,
816 1282 12 30 i
853 1282 99 30 vilka
975 1281 192 30 kamrarna
1191 1279 150 32 sålunda
1363 1279 156 35 stannat,
1542 1278 64 30 har
1624 1278 13 30 i
1652 1277 126 31 sådant

266 1335 197 32 hänseende
497 1335 116 30 ansett
648 1334 55 36 sig
735 1334 84 30 böra
851 1333 140 36 föreslå,
1018 1334 53 29 att
1100 1332 111 31 första
1238 1331 137 37 stycket
1398 1341 45 20 av
1467 1329 312 32 bestämmelserna

265 1387 150 32 rörande
443 1386 272 36 förordningens
744 1385 282 31 ikraftträdande
1059 1394 45 20 m.
1134 1394 45 20 m.
1205 1383 152 31 erhåller
1379 1382 128 31 sådant
1530 1381 172 36 innehåll,
1725 1382 54 30 att

265 1439 227 31 skattefrihet
524 1438 55 30 för
606 1437 205 36 motorsprit
841 1437 158 31 kommer
1022 1437 53 30 att
1098 1436 96 36 gälla
1217 1435 113 31 under
1353 1435 81 35 fyra
1457 1435 39 29 år
1520 1433 86 31 eller
1629 1433 60 31 till
1712 1432 67 32 den

268 1492 18 29 1
310 1491 71 36 juli
404 1490 84 31 1933
512 1490 92 30 samt
627 1490 53 30 att
704 1489 141 30 skatten
867 1489 21 29 å
912 1488 100 36 dylik
1036 1488 90 35 sprit
1150 1486 112 32 under
1285 1487 50 30 ett
1358 1487 40 29 år
1421 1486 81 30 från
1526 1485 64 30 och
1606 1484 78 31 med
1700 1484 79 30 sist-

267 1541 156 32 nämnda
446 1541 67 37 dag
538 1541 85 31 eller
646 1541 59 31 till
729 1540 67 31 den
820 1541 18 30 1
862 1540 70 36 juli
956 1540 84 31 1934
1065 1539 92 31 skall
1181 1540 87 34 utgå
1291 1537 78 32 med
1394 1537 18 31 3
1436 1539 58 29 öre
1519 1536 54 31 för
1597 1536 94 31 liter.

311 1594 180 32 Utskottet
515 1593 204 31 hemställer
741 1593 118 35 alltså,

712 1664 54 29 att
801 1662 200 36 riksdagen,
1037 1661 149 31 vardera
1220 1661 206 30 kammaren
1454 1659 78 31 med
1556 1659 155 35 ändring
1735 1667 43 21 av

670 1714 64 31 sitt
769 1714 96 30 förut
899 1713 134 31 fattade
1065 1713 116 31 beslut
1205 1713 13 30 i
1241 1712 172 31 avseende
1445 1712 21 29 å
1499 1711 111 30 första
1644 1710 136 36 stycket

494 1775 11 10 å
671 1775 44 21 av
751 1765 309 31 bestämmelserna
1084 1764 147 31 rörande
1255 1762 275 37 ifrågavarande
1554 1761 227 36 förordnings

671 1816 282 32 ikraftträdande
977 1826 45 21 m.
1047 1826 58 25 m.,
1129 1817 108 30 måtte
1256 1815 148 36 besluta,
1421 1816 53 30 att
1489 1813 156 32 nämnda
1662 1813 118 36 stycke

671 1869 93 31 skall
787 1869 94 30 hava
904 1868 156 36 följande
1084 1868 149 37 lydelse:

718 1938 143 31 »Denna
894 1937 210 36 förordning
1138 1937 118 31 träder
1285 1937 12 30 i
1327 1936 108 36 kraft,
1467 1936 5 30 i
1495 1935 69 31 vad
1588 1934 66 31 den
1678 1944 103 21 avser

672 1991 95 30 skatt
792 1991 21 29 å
836 1990 136 35 bensin,
996 1989 68 31 den
1087 1990 18 29 1
1129 1988 70 36 juli
1224 1988 83 31 1929
1331 1990 102 34 samt,
1459 1988 13 30 i
1496 1987 69 31 vad
1589 1986 66 31 den
1678 1995 103 22 avser

672 2042 95 31 skatt
802 2042 20 30 å
854 2041 215 35 motorsprit,
1103 2040 67 31 den
1194 2041 18 30 1
1236 2040 70 36 juli
1330 2039 100 35 1933;
1454 2039 87 31 dock
1565 2039 52 30 att
1641 2037 141 31 skatten

672 2095 20 30 å
715 2093 204 37 motorsprit
943 2093 92 31 skall
1058 2092 111 31 under
1192 2092 98 31 tiden
1313 2092 82 31 från
1419 2091 63 32 och
1498 2090 79 32 med
1593 2090 67 32 den
1676 2090 19 30 1
1711 2089 72 37 juli

673 2146 83 31 1933
781 2146 58 31 till
863 2145 66 32 den
954 2147 17 29 1
997 2145 69 36 juli
1091 2144 82 31 1934
1199 2145 85 36 utgå
1308 2144 78 31 med
1411 2144 18 31 3
1454 2146 57 28 öre
1536 2143 54 31 för
1613 2143 113 30 liter.»

313 2226 205 31 Stockholm
542 2225 66 32 den
633 2226 18 29 5
675 2225 92 36 april
793 2225 94 30 1929.

695 2311 50 30 På
769 2311 411 35 bevillningsutskottets
1205 2312 151 34 vägnar:

863 2405 98 33 JOH.
987 2405 203 32 NILSSON.
