1924 2788
466 156 120 30 Andra
609 154 245 40 lagutskottets
877 151 180 31 utlåtande
1079 160 43 20 nr
1144 150 41 30 23
1207 149 39 30 år
1269 148 84 30 1960
1640 144 14 29 1

840 439 63 41 Nr
936 439 55 40 23

370 553 185 32 Utlåtande
577 554 12 29 i
608 551 190 40 anledning
817 560 42 21 av
882 550 124 30 väckta
1027 547 174 31 motioner
1221 556 56 20 om
1300 543 359 41 hastighetsbegräns-

568 614 86 40 ning
675 614 57 40 för
754 611 255 41 motorfordon.

214 723 120 30 Andra
348 722 230 40 lagutskottet
592 722 64 29 har
672 720 53 30 till
740 718 212 40 behandling
969 716 155 32 förehaft
1139 718 52 28 tre
1207 715 97 30 inom
1319 713 189 39 riksdagen
1523 712 136 32 väckta,

170 776 53 30 till
243 776 194 40 lagutskott
456 774 193 31 hänvisade
669 773 182 34 motioner,
873 771 178 40 nämligen

214 829 107 30 dels
350 829 42 29 de
409 827 225 41 likalydande
651 827 220 30 motionerna
889 835 42 20 nr
951 824 62 31 124
1031 824 12 29 i
1061 823 111 31 första
1190 823 207 29 kammaren
1415 829 43 21 av
1475 820 82 28 herr
1575 816 85 32 Her-

169 891 168 20 mansson
358 884 90 27 samt
467 891 42 19 nr
532 881 60 29 160
611 881 11 28 i
643 880 109 30 andra
771 880 209 29 kammaren
999 887 42 20 av
1059 877 81 29 herr
1158 874 200 41 Björkänge
1377 883 46 20 m.
1442 872 51 40 fl.,

213 927 108 30 dels
349 927 88 30 ock
467 926 180 30 motionen
666 934 41 20 nr
726 924 64 30 399
808 924 12 29 i
839 923 110 30 andra
967 923 208 28 kammaren
1195 929 42 21 av
1255 920 81 29 herr
1354 918 122 29 Darlin
1496 926 46 20 m.
1561 916 39 39 fl.

215 981 13 29 I
248 981 221 30 motionerna
488 980 31 29 I:
536 980 62 29 124
618 979 65 29 och
702 978 48 29 II:
767 978 62 29 160
848 977 65 29 har
931 974 210 35 hemställts,

217 1037 72 28 »att
309 1034 189 39 riksdagen
518 1033 12 29 i
552 1031 167 31 skrivelse
740 1030 54 30 till
815 1029 127 40 Kungl.
963 1028 109 40 Maj:t
1092 1027 108 30 måtte
1223 1025 142 31 anhålla
1386 1034 57 21 om
1466 1023 130 39 förslag
1619 1031 42 20 av

170 1088 172 30 innebörd
364 1088 50 29 att
436 1096 45 21 en
500 1085 303 39 hastighetsgräns
826 1082 55 31 för
902 1081 245 31 motorfordon
1168 1080 45 40 på
1236 1079 40 31 90
1298 1078 142 33 km/tim
1462 1076 132 30 införes
1617 1074 45 40 på

172 1141 121 30 försök
314 1140 111 30 under
444 1139 72 31 viss
537 1138 80 30 tid.>

216 1203 13 29 I
248 1203 179 29 motionen
444 1202 48 29 II:
507 1201 65 29 399
590 1201 64 29 har
672 1199 208 34 hemställts,

218 1258 71 28 »att
305 1255 189 40 riksdagen
509 1254 108 30 måtte
634 1254 12 29 i
663 1252 166 31 skrivelse
847 1251 53 31 till
917 1250 127 40 Kungl.
1062 1249 106 40 Maj:t
1185 1248 141 30 anhålla
1343 1249 51 28 att
1411 1246 127 39 Kungl.
1556 1245 106 39 Maj:t

171 1309 108 30 måtte
298 1309 140 38 vidtaga
455 1307 162 40 åtgärder
636 1306 54 30 för
708 1305 186 30 införande
913 1314 43 20 av
973 1313 44 21 en
1035 1303 177 39 temporär
1230 1298 432 42 hastighetsbegränsning

172 1361 219 30 omfattande
411 1361 42 30 de
474 1362 94 28 stora
587 1359 166 40 helgerna
773 1359 64 29 och
857 1357 275 39 veckohelgerna
1153 1355 80 30 från
1253 1355 71 29 viss
1344 1353 168 40 tidpunkt
1532 1352 45 40 på
1596 1352 66 29 lör-

174 1417 112 39 dagen
306 1418 91 27 samt
416 1416 51 29 att
486 1414 131 38 förslag
636 1414 125 28 härom
779 1411 108 30 måtte
908 1410 196 38 föreläggas
1123 1410 102 28 nästa
1244 1408 58 30 års
1320 1407 176 38 riksdag>.

217 1468 228 31 Beträffande
466 1468 42 29 de
531 1467 76 29 skäl
629 1465 261 30 motionärerna
911 1462 120 31 anfört
1053 1462 53 30 till
1128 1461 77 30 stöd
1228 1461 54 29 för
1305 1460 77 29 sina
1402 1458 185 41 yrkanden
1609 1457 54 30 får

173 1524 171 29 utskottet
366 1521 147 30 hänvisa
535 1520 53 30 till
611 1518 220 30 motionerna
853 1517 45 29 II:
917 1516 61 30 160
1002 1516 65 29 och
1090 1515 46 29 II:
1152 1514 75 30 399.

217 1575 89 31 Över
323 1574 180 31 motionen
519 1573 46 30 II:
581 1572 63 30 399
661 1572 65 29 har
743 1571 171 29 utskottet
929 1569 13 29 i
958 1569 68 29 den
1043 1568 149 39 ordning
1209 1566 42 30 46
1270 1566 16 37 8
1304 1564 358 41 riksdagsordningen

173 1629 212 30 föreskriver
408 1627 176 29 inhämtat
609 1624 162 41 yttrande
797 1623 80 31 från
901 1622 121 39 kungl.
1047 1622 79 39 väg-
1150 1620 66 30 och
1239 1617 423 41 vattenbyggnadsstyrel-

175 1690 60 21 sen
260 1682 65 29 och
352 1682 132 28 statens
510 1676 370 34 trafiksäkerhetsråd,
906 1675 173 39 varjämte
1106 1674 170 29 utskottet
1302 1673 176 29 inhämtat
1502 1670 163 40 yttrande

174 1735 81 29 från
281 1733 304 30 Folkrörelsernas
612 1729 268 31 motorförbund
913 1728 176 34 (FOMO),
1117 1726 173 39 Kungliga
1317 1724 349 31 automobilklubben

178 1788 142 33 (KAK),
351 1786 277 30 Motorförarnas
658 1781 421 41 helnykterhetsförbund
1115 1780 129 33 (MHF)
1281 1780 63 28 och
1375 1779 288 29 Motormännens

174 1840 229 30 riksförbund
428 1839 83 33 (M).

707 1932 159 32 Gällande
889 1931 249 31 bestämmelser

219 1999 166 30 Gällande
408 1997 263 31 bestämmelser
693 2006 57 20 om
771 1995 136 30 tillåten
928 1994 177 38 hastighet
1128 1992 54 30 för
1205 1991 243 30 motorfordon
1471 1989 193 31 återfinnes

175 2053 10 28 i
204 2050 428 41 vägtrafikförordningen
651 2049 65 30 den
735 2049 41 29 28
795 2047 196 40 september
1011 2046 93 29 1951.
1123 2045 264 38 Förordningen
1405 2044 64 29 har
1488 2042 176 31 utfärdats

176 2114 41 20 av
238 2105 126 38 Kungl.
386 2104 105 39 Maj:t
512 2102 89 30 efter
623 2102 205 38 riksdagens
849 2100 166 30 hörande.

220 2157 158 30 Fordons
397 2156 176 38 hastighet
593 2155 89 29 skall
701 2154 107 39 enligt
826 2153 41 30 46
889 2153 15 37 8
928 2154 14 28 1
964 2162 105 20 mom.
1091 2160 169 31 anpassas
1282 2150 48 29 till
1350 2150 66 29 vad
1436 2149 229 30 trafiksäker-

176 2213 105 28 heten
306 2212 64 29 och
396 2210 143 38 behörig
565 2209 137 38 hänsyn
728 2207 52 29 till
806 2205 346 39 omständigheterna
1179 2204 10 28 i
1216 2203 112 39 övrigt
1354 2203 135 29 kräver.
1517 2201 148 30 Särskilt

177 2264 129 38 åligger
324 2264 57 29 det
398 2262 107 38 enligt
524 2270 136 20 samma
677 2261 155 28 moment
850 2259 115 29 förare
985 2267 41 19 av
1045 2257 125 29 fordon
1189 2258 50 27 att
1256 2255 95 30 hålla
1369 2264 43 20 en
1430 2255 79 29 med
1528 2255 138 37 hänsyn

178 2316 51 29 till
250 2314 269 31 förhållandena
538 2312 203 39 tillräckligt
762 2312 54 38 låg
837 2311 176 37 hastighet
1034 2310 10 28 i
1065 2309 92 29 vissa
1187 2309 2 28 i
1210 2309 191 28 momentet
1422 2307 150 38 angivna
1593 2306 72 31 fall,

177 2369 44 29 bl.
239 2378 29 20 a.
285 2368 57 30 vid
359 2366 235 40 vägkorsning
611 2366 64 29 och
693 2365 63 29 när
774 2364 114 29 sikten
906 2363 102 38 eljest
1026 2363 37 29 är
1081 2361 136 39 skymd,
1235 2361 57 29 vid
1310 2360 73 29 risk
1402 2360 54 29 för
1473 2359 192 37 bländning

178 2422 63 28 och
261 2421 44 29 då
323 2420 161 29 fordonet
503 2418 124 29 nalkas
644 2418 97 33 barn,
761 2426 74 20 som
854 2415 204 40 uppehåller
1078 2415 49 38 sig
1146 2414 44 39 på
1209 2414 82 29 eller
1310 2412 96 30 invid
1424 2413 120 37 vägen.
1566 2412 10 28 I
1598 2411 68 29 frå-

178 2482 40 29 ga
243 2483 56 20 om
325 2473 123 38 högsta
472 2471 138 30 tillåtna
633 2470 175 38 hastighet
832 2469 9 30 i
865 2469 93 30 vissa
984 2468 62 30 fall
1072 2476 57 29 ges
1154 2466 262 30 bestämmelser
1441 2465 10 29 i
1476 2465 40 29 56
1544 2465 27 34 $.
1611 2465 9 28 I
1652 2465 8 27 1

181 2537 8 27 1
220 2554 1 2 —
249 2535 151 38 Bihang
420 2534 51 29 till
489 2533 204 39 riksdagens
711 2531 176 40 protokoll
907 2531 93 30 1960.
1021 2531 19 28 9
1058 2529 99 31 saml.
1177 2530 19 29 2
1215 2528 76 31 avd.
1310 2528 48 29 Nr
1375 2528 42 29 23
