1884 2782
309 181 43 30 46
666 179 298 35 Statsutskottets
978 180 185 35 utlåtande
1179 194 42 21 nr
1235 184 45 31 63
1296 182 39 34 år
1351 184 89 31 1957

353 258 94 43 45:0)
474 258 303 36 Gemensamma
806 259 463 36 universitetsändamål:
1304 261 152 34 Kurser
1485 262 12 33 i
1528 262 268 44 krigskirurgi

310 321 51 24 m.
377 321 51 24 m.
443 311 19 34 I
477 312 153 43 enlighet
645 313 80 34 med
741 313 132 43 Kungl.
889 313 128 43 Maj:ts
1033 314 130 43 förslag
1180 314 129 43 (punkt
1328 318 76 37 119,
1421 327 26 23 s.
1464 316 95 42 273),
1576 316 111 34 vilket
1702 316 95 33 inne-

310 364 64 34 bär
388 364 191 35 anvisande
595 377 45 22 av
656 378 134 22 samma
806 367 268 43 anslagsbelopp
1090 379 75 22 som
1181 367 53 34 för
1249 368 237 34 innevarande
1502 369 185 43 budgetår,
1703 369 94 34 hem-

309 418 119 34 ställer
448 419 189 40 utskottet,

672 477 55 30 att
746 472 187 44 riksdagen
951 474 58 33 må
1028 473 53 35 till
1102 473 272 35 Gemensamma
1393 475 405 35 universitetsändamål:

628 526 134 34 Kurser
779 526 12 34 i
811 526 226 43 krigskirurgi
1055 540 48 21 m.
1123 540 47 21 m.
1191 527 54 34 för
1265 528 209 42 budgetåret
1499 528 156 43 1957/538
1677 529 123 34 anvisa

628 583 53 30 ett
698 580 122 42 anslag
836 592 45 21 av
899 583 20 30 7
933 583 67 31 500
1015 581 139 33 kronor.

354 685 92 42 46:0)
475 685 302 35 Gemensamma
818 686 463 35 universitetsändamål:
1326 688 239 44 Ersättning
1606 687 44 36 åt
1689 690 109 33 vissa

308 739 243 41 opponenter
580 739 68 33 vid
677 739 304 43 disputationer.
1011 740 18 33 I
1058 740 153 43 enlighet
1240 741 81 34 med
1351 741 131 43 Kungl.
1511 741 130 43 Maj:ts
1670 742 128 43 förslag

311 791 131 42 (punkt
464 794 75 38 120,
561 803 27 23 s.
611 795 65 31 273
698 793 65 33 och
785 793 96 42 274),
903 793 109 34 vilket
1033 794 146 33 innebär
1200 806 42 21 en
1264 794 286 44 anslagshöjning
1571 795 81 34 med
1675 798 42 30 22
1732 799 65 30 000

308 844 140 41 kronor,
466 845 202 34 hemställer
686 846 189 34 utskottet.

672 913 54 29 att
745 908 186 43 riksdagen
950 910 59 33 må
1028 909 52 34 till
1101 909 273 35 Gemensamma
1393 911 406 35 universitetsändamål:

627 961 208 42 Ersättning
858 963 39 32 åt
917 962 94 35 vissa
1033 967 218 38 opponenter
1271 963 63 34 vid
1356 964 259 42 disputationer
1636 964 53 34 för
1712 965 87 33 bud-

627 1015 135 41 getåret
781 1014 157 44 1957/58
957 1015 123 34 anvisa
1097 1020 53 29 ett
1168 1016 270 44 förslagsanslag
1455 1029 44 21 av
1519 1020 42 31 72
1576 1020 65 31 000
1659 1018 139 34 kronor.

353 1120 92 42 47:0)
474 1119 303 36 Gemensamma
808 1121 464 36 universitetsändamål:
1307 1123 151 44 Bidrag
1489 1124 61 34 till
1583 1125 214 43 tryckning

308 1182 51 23 av
384 1172 470 45 doktorsavhandlingar.
879 1175 18 33 I
921 1175 154 43 enlighet
1098 1176 80 34 med
1202 1176 133 43 Kungl.
1360 1176 128 43 Maj:ts
1512 1177 130 43 förslag
1669 1178 127 43 (punkt

310 1228 77 38 122,
413 1238 26 23 s.
466 1226 95 42 281),
588 1226 110 34 vilket
724 1227 148 34 innebär
897 1239 42 22 en
966 1229 286 43 anslagshöjning
1277 1230 81 34 med
1386 1233 43 31 50
1444 1234 65 30 000
1536 1231 139 41 kronor,
1702 1232 94 33 hem-

308 1279 119 33 ställer
448 1279 189 40 utskottet,

672 1337 54 30 att
745 1333 186 43 riksdagen
950 1335 58 33 må
1027 1335 53 33 till
1102 1335 271 35 Gemensamma
1392 1337 405 36 universitetsändamål:

625 1386 130 42 Bidrag
781 1386 53 35 till
860 1387 186 43 tryckning
1072 1400 45 22 av
1143 1388 403 45 doktorsavhandlingar
1571 1390 54 34 för
1651 1391 145 43 budget-

626 1439 75 34 året
726 1439 157 44 1957/58
907 1440 121 34 anvisa
1051 1446 54 29 ett
1128 1441 269 45 förslagsanslag
1420 1455 45 22 av
1490 1447 65 30 550
1570 1448 66 30 000
1659 1445 138 33 kronor.

354 1548 93 41 48:0)
476 1548 303 34 Gemensamma
795 1548 464 35 universitetsändamål:
1281 1549 224 44 Stipendier
1522 1551 64 34 för
1604 1551 193 44 främjan-

308 1601 48 34 de
374 1611 50 24 av
440 1602 123 42 högre
580 1602 304 43 vetenskapliga
900 1602 165 34 studier.
1082 1602 132 43 Kungl.
1231 1603 112 42 Maj:t
1359 1603 65 34 har
1443 1604 129 42 (punkt
1593 1607 76 38 123,
1686 1617 26 22 s.
1731 1608 65 30 282

308 1654 67 34 och
392 1655 79 42 283)
492 1654 179 43 föreslagit
689 1655 184 43 riksdagen
891 1660 55 29 att
964 1655 52 34 till
1034 1655 101 34 detta
1153 1656 165 34 ändamål
1337 1656 54 35 för
1409 1657 211 43 budgetåret
1641 1658 154 43 1957/58

309 1708 123 34 anvisa
452 1713 53 29 ett
525 1708 358 43 reservationsanslag
904 1722 44 21 av
972 1713 99 30 1680
1086 1713 65 30 000
1172 1710 139 34 kronor.

354 1809 18 33 I
389 1809 171 34 samband
577 1809 145 34 härmed
738 1809 64 34 har
819 1809 179 34 utskottet
1015 1810 53 33 till
1086 1810 213 43 behandling
1315 1810 154 34 förehaft
1487 1816 63 29 två
1569 1811 225 44 likalydande

307 1862 185 40 motioner,
517 1862 132 34 väckta
674 1863 68 33 den
766 1875 65 22 ena
857 1863 95 33 inom
977 1863 112 34 första
1113 1864 206 34 kammaren
1346 1877 45 21 av
1415 1865 79 33 herr
1518 1866 156 42 Mogård
1698 1878 46 21 m.
1758 1866 37 42 fl.

311 1917 44 42 (I:
372 1917 78 42 187)
484 1916 64 34 och
581 1916 69 34 den
681 1917 111 33 andra
823 1917 97 33 inom
951 1917 110 34 andra
1092 1917 206 34 kammaren
1331 1930 45 22 av
1408 1918 79 34 herr
1518 1919 148 42 Regnéll
1697 1920 97 41 m.fl.

311 1971 162 41 (I1:163),
488 1970 10 33 i
514 1970 96 34 vilka
624 1970 210 40 hemställts,
850 1970 110 34 såvitt
974 1971 64 33 här
1053 1975 39 30 är
1106 1971 10 33 i
1132 1970 109 43 fråga,
1257 1976 55 29 att
1327 1972 184 42 riksdagen
1527 1973 114 33 måtte
1658 1973 136 33 besluta

307 2028 57 30 att
383 2024 110 34 under
513 2024 149 34 åttonde
681 2024 229 34 huvudtiteln
931 2024 52 34 till
1005 2024 272 35 Gemensamma
1299 2025 404 35 universitetsändamål:
1726 2025 68 35 Sti-

305 2078 144 42 pendier
461 2078 54 33 för
528 2077 199 43 främjande
741 2091 45 21 av
800 2078 105 42 högre
920 2078 265 43 vetenskapliga
1199 2078 133 34 studier
1345 2079 55 34 för
1414 2079 210 43 budgetåret
1639 2079 155 44 19357/58

307 2131 125 34 anvisa
456 2136 52 29 ett
533 2131 80 34 med
642 2135 99 31 1700
756 2136 65 29 000
846 2132 130 33 kronor
1001 2131 133 43 förhöjt
1160 2132 355 43 reservationsanslag
1541 2146 46 21 av
1613 2137 20 30 3
1648 2137 66 31 380
1729 2137 65 30 000

307 2185 140 34 kronor.

352 2293 244 34 Förevarande
618 2293 121 43 anslag
760 2297 38 30 är
819 2293 54 34 för
893 2293 237 34 innevarande
1151 2293 174 43 budgetår
1347 2293 143 43 uppfört
1512 2294 80 33 med
1617 2297 15 29 1
1650 2297 64 30 680
1729 2298 66 29 000

306 2347 139 33 kronor.
464 2346 51 35 Ur
534 2347 158 42 anslaget
711 2347 104 42 utgår
834 2347 109 42 enligt
962 2359 44 21 av
1025 2347 132 42 Kungl.
1176 2346 111 43 Maj:t
1306 2347 205 34 meddelade
1532 2348 263 33 bestämmelser

309 2400 51 42 (se
376 2400 243 43 statsliggaren
636 2412 26 22 s.
680 2404 65 30 580
761 2400 39 42 f£.)
819 2400 73 34 dels
908 2400 204 34 licentiand-
1129 2400 65 34 och
1211 2401 393 42 doktorandstipendier
1620 2401 54 33 för
1689 2401 105 34 främ-

305 2453 109 42 jande
433 2466 44 21 av
495 2454 106 42 högre
621 2454 266 42 vetenskapliga
906 2454 132 33 studier
1058 2454 59 33 vid
1137 2454 263 40 universiteten,
1420 2454 199 34 karolinska
1640 2455 154 33 mediko-
