1886 2780
294 177 20 30 4
651 174 297 34 Statsutskottets
963 175 185 34 utlåtande
1165 187 41 21 nr
1220 177 46 31 63
1281 175 40 33 år
1337 177 89 31 1957

296 254 58 42 22)
382 253 204 44 förändring
602 267 45 21 av
662 266 43 21 en
721 254 115 42 tjänst
853 266 74 22 som
942 255 221 33 kartbiträde
1179 255 11 33 i
1207 254 49 34 Ce
1275 258 38 30 11
1334 254 60 34 vid
1410 254 219 43 geografiska
1644 254 141 35 institu-

387 307 120 33 tionen
526 307 53 34 till
597 307 113 42 tjänst
729 320 77 21 som
825 307 105 34 ritare
948 307 11 33 i
979 307 50 35 Ce
1049 311 54 37 13,

295 360 58 42 23)
382 359 203 44 förändring
612 372 45 22 av
684 372 44 22 en
756 360 387 43 kanslibiträdestjänst
1172 361 11 33 i
1213 360 49 34 Ce
1294 364 38 30 11
1366 361 59 34 vid
1454 361 248 34 institutionen
1731 361 55 34 för

387 413 203 43 fysiologisk
607 414 148 34 botanik
772 414 53 33 till
842 414 290 42 kontoristtjänst
1149 414 11 33 i
1178 414 49 34 Ce
1246 417 54 37 13,

295 467 58 42 24)
382 466 203 44 förändring
607 480 46 21 av
674 479 44 22 en
742 467 115 42 tjänst
880 480 75 21 som
977 468 243 33 vaktmästare
1243 468 11 33 i
1279 467 49 34 Ce
1354 471 42 30 10
1421 467 59 34 vid
1504 467 281 43 växtbiologiska

386 520 248 34 institutionen
650 520 52 34 till
719 520 115 43 tjänst
851 533 74 22 som
940 520 467 35 institutionsvaktmästare
1424 520 11 34 i
1452 520 49 35 Ce
1520 524 53 31 12.

835 618 42 34 E.
919 618 320 34 Gemensamt

320 692 15 30 1)
382 688 246 44 uppflyttning
645 702 44 21 av
707 689 161 43 tjänsten
885 702 75 21 som
977 689 506 43 akademiträdgårdsmästare
1502 689 79 34 från
1600 680 52 43 Ca
1669 693 43 30 22
1731 689 53 34 till

386 742 52 34 Ca
458 746 55 37 25,

380 796 209 43 indragning
609 796 77 34 från
707 797 67 33 och
795 797 82 33 med
898 797 67 33 den
988 800 15 30 1
1028 796 87 43 april
1139 800 87 30 1958
1249 809 45 21 av
1316 799 20 30 2
1351 795 41 41 14
1415 796 253 34 arbetskrafter
1687 796 97 34 inom

385 849 180 34 assistent-
586 850 66 34 och
674 849 403 43 biträdeskategorierna
1100 850 59 33 vid
1182 849 446 40 universitetsbiblioteket,

380 907 52 29 tre
454 903 312 34 kontorsbiträden
789 903 11 34 i
826 903 45 34 Cf
893 903 118 34 4—Ce
1036 907 32 37 8,
1092 915 110 22 varav
1225 908 54 29 ett
1303 903 54 34 för
1379 903 151 34 kansliet
1554 903 65 34 och
1643 903 64 34 två
1730 902 54 34 för

385 956 266 34 drätselverket.

342 689 11 42 Ne

317 799 19 30 2

341 797 11 41 NR

317 906 19 30 3

340 903 11 42 NN

339 1035 131 43 Kungl.
491 1036 130 42 Maj:ts
642 1036 141 43 förslag,
805 1048 76 22 som
902 1036 146 34 innebär
1069 1048 43 22 en
1136 1035 287 44 anslagshöjning
1444 1036 80 33 med
1548 1036 236 41 sammanlagt

295 1091 99 31 1195
408 1092 66 31 000
495 1090 139 39 kronor,
656 1101 102 22 avser
779 1089 175 42 därjämte
974 1089 193 34 anvisande
1189 1101 45 22 av
1255 1089 115 34 medel
1391 1089 53 34 till
1466 1088 241 35 automatiska
1728 1093 55 29 ut-

292 1141 275 44 giftsändringar
587 1143 65 34 och
673 1142 53 34 till
747 1142 230 43 omreglering
997 1155 45 22 av
1064 1143 94 33 vissa
1178 1142 167 36 arvoden.

338 1239 74 35 Det
429 1240 10 34 i
455 1240 222 34 motionerna
692 1240 32 34 I:
736 1243 46 31 32
800 1240 67 34 och
883 1240 51 33 II:
948 1242 43 31 72
1008 1240 221 34 framställda
1246 1240 177 42 yrkandet
1441 1252 57 21 om
1517 1239 205 42 förändring
1738 1251 44 21 av

291 1293 449 43 preceptorsbefattningen
767 1294 12 33 i
806 1293 205 34 ekonomisk
1039 1293 146 34 historia
1213 1293 52 34 till
1293 1292 178 43 professur
1497 1293 12 33 i
1537 1295 120 31 ämnet
1685 1296 98 30 över-

291 1351 232 31 ensstämmer
550 1348 80 34 med
659 1352 53 29 ett
741 1360 47 21 av
817 1346 389 35 universitetskanslern
1235 1345 167 43 framlagt
1431 1358 45 21 av
1505 1346 278 42 departements-

292 1401 123 34 chefen
436 1401 30 43 ej
489 1401 129 34 biträtt
638 1400 140 43 förslag.
799 1400 68 34 Till
889 1401 79 34 stöd
988 1399 54 35 för
1063 1400 101 34 detta
1183 1399 161 43 yrkande
1364 1399 65 34 har
1448 1399 11 33 i
1480 1399 221 34 motionerna
1723 1410 60 22 an-

294 1455 88 34 förts
397 1455 106 34 bland
518 1459 111 29 annat
642 1453 169 43 följande.

339 1517 417 34 Universitetskanslerns
776 1515 259 43 framställning
1052 1527 58 22 om
1129 1527 42 21 en
1190 1514 178 43 professur
1386 1514 9 34 i
1414 1514 207 34 ekonomisk
1638 1513 147 35 historia

292 1562 64 33 har
382 1562 75 33 icke
483 1562 67 33 lett
577 1561 52 34 till
656 1561 109 42 något
793 1560 129 42 förslag
947 1560 123 34 härom
1097 1560 11 33 i
1136 1560 91 33 årets
1255 1558 426 43 statsverksproposition.
1709 1558 75 34 Det

292 1618 104 30 synes
416 1618 55 22 oss
492 1605 75 34 icke
588 1606 100 33 desto
708 1605 138 34 mindre
867 1604 165 43 föreligga
1052 1603 220 44 synnerligen
1295 1604 120 33 starka
1436 1604 76 33 skäl
1533 1603 54 34 för
1607 1615 43 22 en
1672 1603 110 34 sådan

293 1650 136 42 åtgärd.

338 1695 18 33 I
374 1695 113 42 själva
504 1695 213 33 läroämnets
736 1694 246 34 beskaffenhet
1000 1694 93 33 finns
1111 1693 192 43 ingenting,
1322 1706 76 22 som
1416 1694 191 34 motiverar
1624 1706 43 21 en
1685 1694 11 33 i
1714 1693 68 35 för-

293 1739 162 34 hållande
477 1740 53 33 till
552 1739 111 34 andra
685 1742 128 30 ämnen
836 1739 227 42 missgynnad
1085 1738 177 43 ställning.
1284 1738 174 34 Tvärtom
1480 1739 64 33 har
1566 1739 67 33 den
1655 1739 128 33 ekono-

293 1784 296 34 misk-historiska
621 1784 228 42 forskningen
882 1788 72 29 stor
986 1784 131 33 allmän
1150 1783 192 42 betydelse,
1375 1783 65 33 och
1473 1783 68 34 den
1573 1783 113 34 ökade
1719 1782 63 34 roll

291 1841 77 21 som
393 1841 146 21 numera
564 1829 215 33 tillkommer
804 1828 43 33 de
873 1828 228 33 ekonomiska
1126 1827 156 43 inslagen
1308 1827 12 33 i
1347 1828 140 33 skolans
1513 1827 270 34 historieunder-

292 1872 149 43 visning,
465 1873 126 34 liksom
616 1873 11 33 i
651 1872 68 34 den
745 1872 171 34 särskilda
940 1872 296 42 undervisningen
1261 1872 11 33 i
1297 1872 342 42 samhällskunskap,
1666 1872 118 33 ställer

292 1918 181 42 allvarliga
495 1918 89 33 krav
607 1918 46 42 på
676 1917 485 42 universitetsutbildningen.
1185 1917 74 33 Det
1283 1917 71 33 kan
1378 1917 168 42 påpekas,
1571 1921 55 29 att
1651 1916 133 34 studier

292 1963 10 33 i
329 1966 120 30 ämnet
475 1962 147 34 historia
648 1962 59 34 vid
736 1961 344 35 statsuniversiteten
1108 1962 122 33 kunna
1257 1960 163 34 bedrivas
1448 1960 89 35 efter
1564 1973 42 21 en
1635 1960 146 34 särskild

293 2007 190 33 alternativ
501 2006 83 43 linje
602 2007 80 33 med
701 2006 232 43 tyngdpunkt
950 2007 47 41 på
1016 2006 68 33 den
1103 2005 228 34 ekonomiska
1350 2005 247 42 utvecklingen
1617 2005 65 34 och
1701 2005 81 34 med

293 2052 134 33 läraren
448 2052 10 33 i
480 2051 205 34 ekonomisk
705 2051 148 33 historia
874 2063 74 21 som
969 2062 121 22 ensam
1111 2050 219 34 examinator
1350 2050 11 33 i
1383 2050 68 33 alla
1471 2050 96 34 inom
1589 2049 193 35 filosofiska

291 2096 199 33 fakulteten
518 2095 289 34 förekommande
835 2094 170 35 examina.
1032 2095 275 42 Preceptorerna
1333 2094 48 34 ha
1408 2094 159 40 sålunda,
1595 2094 60 34 vid
1683 2094 99 34 sidan

292 2152 46 21 av
363 2141 53 33 sin
440 2140 233 42 läraruppgift
698 2141 10 33 i
734 2140 62 34 det
821 2139 169 34 särskilda
1015 2142 286 30 examensämnet
1327 2138 206 34 ekonomisk
1557 2138 157 41 historia,
1740 2151 42 21 en

292 2185 144 41 mycket
457 2184 210 34 ansvarsfull
688 2183 169 43 ställning
876 2184 105 33 också
1002 2196 76 21 som
1099 2183 176 34 utbildare
1297 2195 44 21 av
1363 2183 266 34 historielärare.

338 2230 105 33 Trots
463 2230 42 33 de
524 2229 123 34 hinder
665 2241 75 22 som
760 2229 191 33 frånvaron
970 2241 45 21 av
1033 2227 178 43 professur
1229 2228 114 33 måste
1362 2227 159 34 medföra
1540 2227 64 33 har
1623 2227 60 33 det
1702 2227 81 33 eko-

292 2273 344 35 nomisk-historiska
655 2273 134 34 studiet
809 2273 11 33 i
840 2273 157 43 Uppsala
1016 2272 79 34 från
1114 2284 43 21 en
1177 2272 145 42 mycket
1342 2272 223 42 anspråkslös
1585 2271 125 42 början
1731 2283 52 21 ar-

293 2319 118 33 betats
429 2331 72 30 upp
519 2318 54 34 till
590 2330 42 21 en
650 2318 75 33 icke
743 2317 101 43 ringa
861 2317 226 42 omfattning.
1106 2317 55 34 De
1179 2316 214 34 studerande
1412 2319 59 31 äro
1491 2316 54 34 för
1562 2316 221 33 närvarande

292 2367 55 36 48,
370 2375 111 22 varav
503 2364 76 33 tolv
601 2363 141 34 tillhöra
763 2362 372 34 licentiatseminariet.
1158 2361 122 34 Under
1304 2361 133 33 sådana
1460 2360 243 34 förhållanden
1727 2372 55 30 sy-

293 2420 60 21 nes
370 2408 60 33 det
447 2407 153 43 orimligt
617 2412 55 28 att
689 2407 139 34 behålla
845 2407 60 33 det
921 2407 115 42 gamla
1053 2405 209 43 provisoriet
1278 2405 82 34 med
1378 2405 172 34 avseende
1566 2405 48 42 på
1630 2406 152 33 lärarens

293 2451 311 43 tjänsteställning.
626 2452 66 33 Ett
713 2456 93 29 stort
828 2452 96 32 antal
946 2450 126 43 frågor,
1096 2462 74 22 som
1192 2453 79 30 röra
1294 2450 43 33 de
1360 2449 230 34 studerandes
1612 2449 170 34 intressen

292 2497 65 33 och
380 2497 132 33 vården
532 2509 60 21 om
614 2497 67 33 den
703 2494 412 36 ekonomisk-historiska
1137 2494 260 40 institutionen,
1419 2495 114 33 måste
1555 2494 227 41 handläggas,
