2234 2624
700 205 289 32 Bankoutskottets
1016 206 173 31 utlåtande
1217 207 51 31 Nr
1297 209 53 29 27.
1809 208 20 30 9

233 283 131 37 trafiks
407 285 397 49 pensionsinrättning
832 285 145 37 tillkom
1006 286 11 36 i
1046 286 108 49 regel
1183 287 255 49 pensionsrätt
1467 300 47 23 en
1543 301 68 22 var
1639 287 191 49 delägare,

234 348 80 23 som
353 335 95 37 efter
482 337 114 36 minst
625 339 49 34 30
704 340 60 33 års
794 338 187 36 ordinarie
1011 339 230 47 anställning
1269 339 63 36 vid
1362 344 145 31 statens
1531 340 301 48 järnvägstrafik

232 390 161 45 uppnått
435 388 118 36 sådan
594 388 117 47 ålder,
754 394 54 31 att
848 390 95 35 hans
986 390 172 36 levnads-
1200 390 70 36 och
1298 391 163 47 tjänstår
1490 391 341 36 sammanräknade

232 439 198 48 uppgingo
459 440 56 35 till
546 442 59 33 95.
662 440 82 36 Den
773 440 406 49 tjänstårsberäkning,
1210 455 80 23 som
1319 441 159 37 sålunda
1506 442 122 36 skulle
1648 442 107 48 ligga
1773 443 59 35 till

232 490 125 48 grund
404 491 58 36 för
502 491 265 48 beräkningen
809 505 45 22 av
895 492 228 48 pensionens
1165 493 155 47 storlek,
1354 494 74 35 fick
1457 493 121 48 enligt
1605 494 228 48 uttryckligt

234 542 211 48 stadgande
481 542 162 36 hänföra
680 543 60 47 sig
777 542 160 37 allenast
973 543 56 36 till
1058 543 104 36 tiden
1190 544 60 36 för
1277 544 237 48 anställning
1541 544 64 35 vid
1635 546 147 47 trafiken
1811 548 21 33 &

233 598 143 31 statens
397 594 223 47 järnvägar,
649 595 130 35 varför
806 594 73 36 den
899 595 335 48 tjänstepersonal,
1255 608 81 23 som
1363 596 82 35 från
1466 601 145 31 statens
1626 597 206 47 järnvägs-

232 645 228 48 byggnader
488 649 179 44 övergått
695 645 56 36 till
778 646 233 48 anställning
1039 646 64 36 vid
1132 652 143 30 statens
1295 647 314 49 järnvägstrafik,
1630 647 84 36 icke
1734 647 97 37 hade

233 700 126 44 någon
387 701 75 31 rätt
489 701 56 31 att
572 697 12 35 i
612 697 190 36 avseende
831 700 20 33 å
878 697 380 50 pensionsbeloppets
1287 698 143 37 storlek
1459 699 283 48 tillgodoräkna
1770 699 62 49 sig

232 747 282 49 anställningen
542 748 64 36 vid
635 753 145 32 statens
803 748 426 50 järnvägsbyggnader.

334 799 73 36 Vid
439 802 96 34 1905
566 803 59 32 års
653 800 156 48 riksdag
829 800 182 36 framlade
1032 801 141 48 Kungl.
1194 802 108 48 Maj:t
1321 801 238 49 proposition
1580 801 60 49 (nr
1662 801 86 48 104)
1770 815 60 23 om

233 851 214 36 beredande
477 865 45 22 av
551 851 329 49 fyllnadspension
908 855 38 33 åt
970 858 56 30 tre
1047 852 298 50 baningenjörer
1366 854 61 35 vid
1448 859 144 31 statens
1608 854 222 48 järnvägar,

233 902 42 36 V.
306 902 40 36 F.
376 902 189 46 Westfelt,
596 902 36 36 S.
665 902 46 37 G.
742 903 146 36 Dahlén
918 904 71 35 och
1018 903 41 37 OC.
1090 904 54 36 W.
1177 904 40 36 R.
1240 905 307 48 Bergenstråhle,
1568 905 104 36 vilka
1691 905 141 36 visser-

231 954 104 48 ligen
376 958 163 45 uppnått
580 968 78 22 mer
686 959 48 31 än
764 957 45 34 65
841 958 58 33 års
928 955 264 37 levnadsålder
1220 969 87 23 men
1342 957 147 36 ändock
1517 957 83 36 icke
1630 957 46 35 då
1704 957 127 36 kunde

232 1006 151 35 komma
421 1007 10 34 i
474 1005 223 49 åtnjutande
739 1019 47 23 av
814 1006 79 47 full,
935 1007 253 48 baningenjör
1216 1007 287 38 tillkommande
1533 1009 172 48 pension,
1739 1013 93 32 enär

232 1057 109 36 deras
383 1058 210 47 tjänstetid,
630 1058 178 36 försåvitt
849 1058 123 37 denna
1014 1059 185 37 hänförde
1242 1059 60 49 sig
1333 1060 58 35 till
1420 1060 108 36 deras
1556 1059 275 50 anställning
1806 1053 27 60 i

232 1109 189 36 ordinarie
463 1110 118 48 tjänst
618 1110 64 36 vid
711 1115 144 31 statens
879 1111 315 48 järnvägstrafik,
1223 1112 99 36 varit
1350 1112 127 36 alltför
1505 1112 86 36 kort
1621 1112 71 36 och
1720 1112 111 36 deras

232 1161 232 48 föregående
483 1161 200 49 tjänstetid
711 1161 64 37 vid
804 1167 143 31 statens
964 1163 428 49 järnvägsbyggnader,
1414 1166 124 34 såsom
1558 1169 165 41 nämnts,
1744 1164 86 36 icke

231 1213 101 47 finge
359 1213 13 36 i
400 1213 104 36 detta
538 1214 216 36 hänseende
774 1214 236 36 medräknas.
1067 1214 386 50 Järnvägsstyrelsen
1482 1216 98 36 hade
1609 1216 221 46 emellertid,

231 1265 118 35 under
389 1265 240 48 åberopande
667 1271 56 30 att
750 1266 306 36 vederbörandes
1085 1267 275 48 pensionering
1388 1267 117 37 borde
1535 1268 136 36 ordnas
1699 1270 49 46 på
1776 1273 55 30 ett

232 1316 83 36 med
357 1316 159 36 rättvisa
548 1317 72 36 och
661 1316 174 50 billighet
876 1318 401 37 överensstämmande
1320 1324 87 39 sätt,
1450 1319 71 36 hos
1549 1318 142 49 Kungl.
1722 1319 109 49 Maj:t

231 1368 104 47 gjort
370 1368 283 49 framställning
696 1381 61 23 om
798 1369 216 36 beredande
1056 1383 47 22 av
1131 1370 333 49 fyllnadspension
1493 1373 38 33 åt
1558 1371 84 36 dem
1673 1371 85 36 med
1788 1374 43 33 så

231 1425 94 30 stort
366 1419 150 49 belopp,
559 1425 53 31 att
650 1420 73 36 den
764 1420 119 49 årliga
911 1421 211 48 pensionen
1151 1422 58 36 för
1237 1435 47 23 en
1313 1435 67 23 var
1408 1435 46 23 av
1483 1422 82 37 dem
1595 1422 152 36 komme
1774 1428 54 31 att

230 1474 128 46 uppgå
399 1471 56 36 till
492 1471 68 36 full
588 1472 170 48 pension.
814 1472 16 35 I
873 1473 170 47 enlighet
1084 1473 85 36 med
1212 1473 103 37 detta
1349 1474 208 49 styrelsens
1586 1474 148 49 förslag
1762 1488 69 23 var

230 1523 287 49 propositionen
543 1524 13 35 i
584 1529 129 31 ämnet
740 1524 113 36 också
881 1525 180 36 avfattad.

333 1575 239 37 Beträffande
600 1576 164 36 nämnda
791 1589 203 35 personers
1024 1577 104 36 ålder
1156 1578 72 35 och
1246 1578 263 49 tjänstgöring
1537 1591 67 23 var
1632 1578 11 35 i
1672 1578 158 36 ärendet

231 1627 168 49 upplyst,
433 1632 55 31 att
515 1627 181 37 Westfelt
725 1628 104 48 (född
860 1628 112 49 1838)
1001 1628 222 49 tjänstgjort
1251 1630 64 35 vid
1345 1635 146 31 statens
1515 1630 314 49 järnvägsbygg-

231 1679 117 36 nader
387 1678 120 37 under
548 1682 89 33 åren
683 1682 251 34 1860—1872
977 1681 71 35 och
1088 1681 65 35 vid
1191 1686 145 32 statens
1370 1681 303 49 järnvägstrafik
1703 1685 126 33 såsom

232 1730 189 37 ordinarie
462 1731 253 48 baningenjör
755 1732 84 36 från
868 1732 70 36 och
966 1732 87 36 med
1081 1733 194 48 ingången
1305 1746 47 23 av
1381 1736 41 33 år
1452 1735 115 44 1880;
1597 1739 55 30 att
1681 1734 148 36 Dahlén

231 1782 106 42 (född
368 1782 112 49 1838)
503 1783 224 49 tjänstgjort
746 1784 63 35 vid
838 1788 146 32 statens
1007 1784 417 49 järnvägsbyggnader
1451 1785 122 36 under
1602 1785 100 36 olika
1729 1786 101 36 tider

230 1837 90 33 åren
359 1836 253 35 1858—1872
651 1840 97 32 samt
777 1835 62 36 vid
868 1841 141 31 statens
1033 1837 301 48 järnvägstrafik
1363 1840 126 33 såsom
1519 1837 190 36 ordinarie
1738 1838 91 36 ban-

229 1886 177 48 ingenjör
435 1886 84 36 från
539 1887 75 36 den
636 1889 18 33 1
676 1887 207 36 november
915 1890 113 43 1877;
1060 1893 98 31 samt
1176 1893 56 32 att
1260 1888 297 49 Bergenstråhle
1586 1888 103 49 (född
1714 1889 113 47 1839)

229 1938 224 48 tjänstgjort
494 1938 64 36 vid
587 1943 146 33 statens
757 1939 417 50 järnvägsbyggnader
1201 1941 119 36 under
1353 1944 91 33 åren
1475 1943 251 34 1863—1881
1757 1942 72 36 och

231 1990 166 36 därefter
424 1990 64 36 vid
517 1995 146 32 statens
685 1992 300 48 järnvägstrafik
1016 1995 126 34 såsom
1171 1992 185 37 ordinarie
1377 1993 256 49 baningenjör
1655 1993 82 36 från
1757 1994 71 36 och

230 2042 84 36 med
343 2041 74 37 den
448 2044 18 34 1
497 2042 161 37 oktober
690 2045 107 34 1881.

332 2093 76 36 För
447 2094 118 48 ingen
607 2108 46 23 av
695 2095 46 36 de
782 2101 57 30 tre
880 2095 290 48 ifrågavarande
1207 2096 309 49 tjänstemännen
1544 2096 98 37 hade
1672 2096 157 37 sålunda

229 2145 105 36 tiden
376 2145 60 37 för
477 2146 110 36 deras
628 2146 186 37 ordinarie
856 2148 232 47 anställning
1129 2147 10 35 i
1182 2153 145 31 statens
1355 2149 324 48 järnvägstrafiks
1708 2149 121 49 tjänst

230 2200 162 46 uppgått
432 2197 56 36 till
530 2200 48 34 30
620 2201 40 33 år
698 2198 92 37 eller
818 2199 72 36 den
919 2199 176 49 tidrymd,
1125 2213 80 23 som
1235 2213 67 23 var
1330 2200 162 48 stadgad
1521 2201 60 36 för
1609 2200 220 37 erhållande

229 2262 46 23 av
303 2250 68 35 full
411 2249 172 49 pension,
625 2255 93 31 utan
760 2250 121 37 skulle
919 2251 130 36 därför
1090 2252 201 48 erfordras,
1334 2257 55 32 att
1431 2252 46 36 de
1518 2252 12 36 i
1570 2253 121 48 tjänst
1719 2253 110 36 kvar-

231 2301 109 36 stode
382 2301 119 37 under
527 2302 225 49 ytterligare
781 2302 67 48 tid,
877 2303 186 37 växlande
1092 2303 136 37 mellan
1258 2304 179 49 omkring
1466 2303 80 40 2'/»
1577 2308 41 33 år
1646 2304 181 39 och
1719 2297 38 60 '6
1772 2304 55 39 !/z

313 2363 117 37 Bihang
453 2363 45 29 till
521 2364 170 36 riksdagens
708 2365 146 36 protokoll
877 2365 90 28 1915.
1013 2366 20 27 8
1054 2366 83 28 saml.
1183 2367 41 27 20
1246 2366 74 35 häft.
1367 2366 62 38 (Nr
1451 2364 151 40 26—27.)
1768 2369 17 26 2
