2218 2628
431 198 19 28 2
863 200 329 37 Bevillningsutskottets
1214 203 187 29 Betänkande
1423 204 56 29 N:o
1504 205 26 28 6.

388 274 141 37 liksom
553 275 122 48 öfriga
697 275 13 37 i
733 275 127 38 denna
877 277 185 48 paragraf
1072 278 166 37 nämnda
1255 280 215 47 anstalters,
1491 282 197 36 användas
1707 283 57 36 till
1778 283 215 50 främjande

390 324 42 36 af
455 325 191 38 allmänna
674 326 317 38 kulturändamål.
1045 328 340 39 Nobelstiftelsens
1413 332 224 48 afkastning
1663 337 113 44 utgår
1799 335 195 49 nämligen

389 375 57 36 till
489 376 282 49 prisutdelning
812 380 37 34 åt
877 378 101 46 dem,
1003 391 81 24 som
1112 393 139 35 genom
1282 380 254 39 framstående
1565 384 161 37 arbeten
1755 385 92 37 eller
1882 386 113 37 verk-

388 426 152 37 samhet
566 427 102 37 inom
697 428 104 37 vissa
829 428 157 49 angifna
1004 431 292 48 vetenskapliga
1316 432 91 37 eller
1426 433 242 38 humanitära
1688 436 182 37 områden
1889 437 105 49 gjort

389 477 311 49 mänskligheten
725 479 74 37 den
827 485 142 31 största
996 486 119 42 nytta,
1145 482 74 35 och
1246 483 11 34 i
1286 482 46 36 de
1354 483 78 48 fall,
1452 484 69 37 där
1536 485 287 50 prisutdelning
1839 487 33 48 ej
1895 487 99 38 skall

390 527 81 48 ske,
496 529 97 36 skall
621 530 272 48 afkastningen
921 530 194 38 användas
1134 532 59 36 till
1212 537 54 31 att
1281 531 136 51 främja
1433 535 43 36 af
1491 540 159 32 testator
1670 536 158 37 afsedda
1847 538 147 37 kultur-

390 578 187 37 ändamål.
631 578 73 48 (Jfr
730 581 286 49 grundstadgar
1043 581 58 37 för
1127 582 316 39 Nobelstiftelsen
1472 582 20 50 $
1524 588 35 44 1;
1588 583 20 49 $
1633 588 21 35 5
1682 588 123 48 punkt
1831 587 50 47 2.)

525 629 154 38 Liksom
719 632 176 47 grunden
928 633 57 35 för
1013 632 297 38 bestämmelsen
1337 634 12 36 i
1377 632 21 49 &
1429 638 42 34 11
1502 650 113 23 rom.
1644 640 21 33 2
1697 638 116 37 borde
1841 639 153 37 frikalla

389 679 330 50 Nobelstiftelsen,
747 685 41 34 så
815 696 117 34 synes
957 683 117 37 också
1096 684 298 49 uppfattningen
1417 687 187 37 motivera
1623 687 88 38 dess
1730 689 263 49 tillämpande,

390 735 93 32 enär
510 731 318 38 Nobelstiftelsen
856 738 40 32 är
924 747 49 23 en
999 733 230 50 institution,
1246 736 157 37 hvilken
1423 738 69 36 har
1510 738 56 36 till
1586 739 175 37 ändamål
1782 746 55 31 att
1856 741 138 49 främja

388 782 277 49 utvecklingen
692 783 43 37 af
757 784 101 37 vissa
887 785 294 48 vetenskapliga
1209 786 70 37 och
1308 787 240 38 humanitära
1576 790 246 37 sträfvanden
1848 805 145 34 genom

388 832 324 50 prisbelöningar;
754 840 55 31 att
847 836 116 36 dessa
1003 836 209 37 benämnas
1253 837 78 49 pris
1373 839 72 36 och
1485 839 85 37 icke
1611 841 223 48 stipendier,
1862 843 130 36 kunde

389 883 307 49 uppenbarligen
734 885 77 37 lika
838 886 83 36 litet
949 899 82 24 som
1056 886 111 37 deras
1196 888 280 49 exceptionella
1504 891 143 36 storlek
1674 892 179 37 förändra
1881 894 112 36 deras

389 934 199 48 egenskap
630 935 42 36 af
710 935 229 51 belöningar
979 937 58 36 för
1068 938 292 49 vetenskapliga
1388 941 73 35 och
1490 941 240 38 humanitära
1758 943 233 48 förtjänster.

387 984 60 36 En
480 985 185 47 fjärdedel
692 987 41 36 af
757 987 274 48 afkastningen
1058 991 69 44 går
1153 988 59 37 för
1239 996 127 30 resten
1394 991 56 36 till
1475 992 47 36 de
1552 992 101 37 olika
1680 994 313 37 institutionerna

387 1041 56 30 att
471 1037 195 37 användas
693 1037 58 36 till
779 1038 163 46 institut,
973 1038 129 36 hvilka
1129 1039 114 36 hafva
1271 1047 85 29 rent
1384 1043 288 49 vetenskapligt
1700 1044 111 49 syfte.

522 1087 90 37 Icke
644 1087 121 37 heller
792 1089 109 36 torde
930 1089 74 36 den
1032 1089 436 49 omständigheten,
1406 1083 64 59 att
1495 1094 190 36 stiftelsen
1713 1095 214 37 företrädes
1956 1095 41 37 af

388 1149 48 24 en
477 1138 165 36 särskild
674 1139 175 48 styrelse,
884 1153 84 23 som
996 1141 179 43 förvaltar
1203 1141 208 37 stiftelsens
1440 1143 136 37 fonder
1603 1144 72 37 och
1702 1145 122 48 öfriga
1852 1146 140 47 medel,

387 1187 178 37 förändra
593 1189 88 36 dess
710 1190 179 36 karaktär
917 1190 42 37 af
982 1191 271 48 vetenskaplig
1276 1192 71 36 och
1374 1193 217 37 humanitär
1609 1194 228 39 institution.
1881 1196 110 37 Hade

387 1238 65 36 det
493 1238 196 38 Nobelska
721 1245 251 32 testamentet
998 1243 42 34 så
1066 1240 219 50 tillämpats,
1314 1248 55 31 att
1396 1244 152 37 medlen
1576 1247 114 35 direkt
1718 1246 273 38 öfverlämnats

385 1288 59 36 till
477 1289 47 37 de
552 1290 288 49 prisutdelande
867 1292 312 37 institutionerna
1207 1293 71 36 och
1306 1293 85 37 dem
1420 1296 165 36 emellan
1612 1296 183 38 fördelats
1821 1298 13 36 i
1863 1298 129 37 stället

386 1339 60 37 för
486 1346 66 41 att,
594 1341 122 37 delvis
753 1356 143 34 genom
938 1348 146 31 statens
1116 1343 241 49 ingripande,
1386 1347 295 37 sammanhållas
1709 1348 12 35 i
1748 1362 42 23 en
1818 1348 104 47 fond,
1951 1352 41 33 så

387 1390 100 37 hade
528 1391 65 37 det
634 1392 88 38 med
761 1406 50 23 nu
853 1393 179 48 gällande
1072 1393 461 53 bevillningsförordning
1570 1399 305 49 uppenbarligen
1903 1400 87 36 icke

386 1441 147 37 kunnat
573 1456 69 23 ens
679 1443 246 50 ifrågasättas
965 1452 55 29 att
1061 1445 164 48 pålägga
1266 1446 112 37 dessa
1418 1447 262 38 institutioner
1720 1449 103 37 skatt
1850 1450 58 37 för
1934 1451 58 36 in-

386 1493 180 37 komsten
598 1494 42 36 af
663 1495 166 36 nämnda
858 1495 137 37 medel.
1050 1495 82 36 Den
1162 1497 350 48 omständigheten,
1541 1505 54 30 att
1623 1500 47 36 de
1699 1501 292 48 prisutdelande

386 1544 323 49 myndigheterna
736 1545 85 37 icke
850 1552 149 31 ansetts
1027 1546 90 37 böra
1145 1547 189 49 betungas
1361 1549 88 36 med
1479 1550 73 36 den
1580 1551 235 37 omfattande
1835 1551 157 37 förvalt-

385 1594 157 50 ningen,
582 1601 92 31 utan
715 1597 127 36 denna
873 1597 165 37 lämnats
1067 1600 37 33 åt
1131 1611 48 23 en
1208 1598 111 37 deras
1344 1599 223 50 delegation
1595 1601 93 36 eller
1715 1602 276 48 förvaltnings-

384 1647 161 46 utskott,
576 1646 118 37 borde
725 1647 34 49 ej
788 1648 129 36 kunna
939 1648 198 36 föranleda
1164 1652 128 45 någon
1320 1650 165 37 skillnad
1513 1652 11 35 i
1553 1652 310 48 beskattuingen.

521 1697 55 37 De
605 1698 284 48 myndigheter,
917 1698 100 37 inför
1044 1698 132 37 hvilka
1204 1701 212 47 styrelsens
1445 1702 194 48 klagomål
1668 1703 159 48 dragits,
1845 1707 145 45 ansågo

386 1746 61 49 sig
474 1747 117 37 likväl
618 1749 86 36 icke
733 1749 127 37 kunna
889 1750 133 36 bifalla
1050 1750 125 47 dessa,
1203 1751 246 37 tvifvelsutan
1479 1756 47 45 på
1553 1753 172 37 formella
1754 1755 94 36 skäl.

520 1800 67 35 Att
615 1799 221 49 skattlägga
863 1812 47 24 en
938 1800 217 37 institution
1175 1801 41 36 af
1231 1802 104 37 detta
1355 1803 94 47 slag,
1469 1803 12 36 i
1500 1804 67 36 rak
1587 1804 96 36 strid
1704 1805 85 36 med
1809 1805 181 48 gällande

384 1848 296 38 bestämmelser
707 1850 58 37 för
792 1851 165 47 analoga
985 1852 268 47 inrättningar,
1281 1858 41 31 är
1346 1854 212 37 emellertid
1579 1855 111 37 desto
1707 1868 103 24 mera
1828 1857 162 35 betänk-

384 1899 85 48 ligt,
508 1913 81 24 som
631 1901 174 48 priserna
837 1902 45 49 ju
911 1902 212 37 tillkomma
1155 1903 241 49 pristagarne
1425 1906 216 36 oberoende
1671 1907 41 36 af
1736 1906 254 48 nationalitet,

385 1951 73 36 och
488 1951 158 37 sålunda
674 1952 172 37 utlandet
872 1953 89 37 med
989 1953 88 37 fullt
1103 1954 67 48 fog
1197 1954 73 37 kan
1299 1960 93 43 göra
1419 1956 179 48 gällande
1626 1977 51 4 —
1703 1957 149 37 hvilket
1875 1958 115 37 äfven

385 2000 162 38 faktiskt
586 2003 104 36 skett
719 2023 50 4 —
801 2008 55 32 att
888 2004 168 37 svenska
1089 2010 125 31 staten
1242 2006 71 36 och
1343 2005 245 39 Stockholms
1617 2008 182 37 kommun
1827 2009 70 36 här
1923 2009 66 36 vid

384 2051 64 48 lag
474 2052 59 37 till
560 2053 120 37 skada
707 2053 59 38 för
793 2068 48 23 en
869 2060 81 31 stor
978 2055 344 38 kulturinstitution
1350 2057 176 37 tillvällat
1554 2058 60 48 sig
1642 2072 47 24 en
1717 2059 136 47 fördel,
1878 2060 112 36 hvar-

383 2102 57 36 till
469 2102 46 36 de
544 2108 72 43 äga
643 2104 246 50 tvifvelaktig
915 2110 87 32 rätt.

517 2153 351 50 Skattläggningen
895 2156 74 38 blir
997 2157 98 37 efter
1121 2161 67 34 vår
1215 2158 155 48 mening
1399 2159 111 37 desto
1540 2163 152 34 svårare
1720 2166 56 31 att
1803 2161 186 45 försvara,

384 2217 95 34 som,
520 2218 141 34 genom
703 2212 56 32 att
796 2207 47 36 de
884 2207 103 38 olika
1026 2208 331 38 institutionernas
1384 2210 137 37 fonder
1548 2211 269 37 sammanförts
1845 2211 144 36 »under

384 2268 146 24 samma
553 2256 134 48 hand>,
716 2258 152 36 skatten
896 2259 89 36 med
1013 2259 244 50 tillämpning
1283 2261 42 36 af
1347 2261 225 49 progressiv
1594 2262 252 49 beskattning
1867 2266 122 44 ytter-
