1918 2836
520 164 111 28 Första
651 165 215 35 lagutskottets
887 165 159 30 utlåtande
1066 166 43 29 Nr
1129 168 47 27 40.
1575 171 19 29 3

1106 247 8 9 o

108 243 65 31 den
196 242 57 32 vid
277 237 79 37 Ösel
380 243 10 30 i
417 238 178 45 Östersjön
619 246 186 30 omkomne
828 246 245 31 befälhavaren
1101 257 19 21 å
1146 251 45 27 ett
1216 250 138 29 svenskt
1379 249 113 40 fartyg
1516 251 76 30 blev

108 297 339 39 hemtransporterad
469 297 20 30 å
513 298 42 30 de
577 298 184 39 anhörigas
784 299 193 31 bekostnad
998 300 55 31 för
1076 304 47 28 att
1144 301 117 39 jordas
1284 302 9 30 i
1316 303 189 31 hemorten.

151 403 112 32 Sedan
284 405 164 30 utskottet
470 404 11 31 i
503 405 65 30 den
592 405 147 40 ordning
760 404 20 42 $
804 407 42 30 46
868 406 351 41 riksdagsordningen
1241 409 209 32 föreskriver
1472 411 118 39 begärt

105 457 176 31 utlåtande
303 459 81 30 över
407 458 178 31 motionen
608 458 80 32 från
712 460 373 41 kommerskollegium,
1109 463 64 30 har
1195 462 123 32 sådant
1339 463 178 32 utlåtande
1541 465 47 30 in-

104 511 146 31 kommit
276 511 79 31 från
382 512 168 39 kollegiet.
581 512 206 38 Utlåtandet,
815 524 74 21 som
916 514 99 41 fogas
1042 515 115 32 såsom
1182 516 113 41 bilaga
1323 517 58 31 vid
1407 519 181 30 utskottets

103 564 228 32 förevarande
348 565 186 37 utlåtande,
556 566 160 40 åtföljdes
732 577 42 21 av
791 569 184 38 yttranden
993 569 78 31 från
1089 570 122 31 chefen
1229 570 54 32 för
1302 568 284 48 utrikesdeparte-

104 621 144 28 mentets
272 618 85 41 byrå
381 619 56 31 för
461 629 91 21 arvs-
579 621 65 30 och
670 621 360 40 ersältningsärenden
1056 624 162 31 ävensom
1243 624 80 31 från
1349 625 153 40 Sveriges
1528 626 59 31 Re-

103 671 241 41 dareförening
366 674 66 30 och
454 673 152 40 Sveriges
630 674 399 42 Segelfartygsförening.

147 779 169 31 Utskottet
339 779 115 32 finner
478 780 196 41 visserligen
699 785 47 28 att
768 786 45 28 ett
838 782 99 32 bifall
960 783 50 31 till
1034 784 264 40 ifrågavarande
1322 785 131 32 motion
1477 788 110 30 skulle

98 833 274 31 understundom
396 835 121 30 kunna
541 835 126 31 bereda
691 836 134 31 lättnad
848 836 55 31 för
928 837 168 40 anhöriga
1123 838 50 31 till
1198 839 146 39 sjömän,
1371 849 75 21 som
1472 839 118 32 avlidit

102 886 43 40 på
172 886 219 32 främmande
415 891 63 28 ort.
504 888 15 30 I
543 890 184 38 yttranden
752 899 73 21 som
851 890 143 40 avgivits
1019 892 81 32 över
1125 892 175 32 motionen
1325 894 46 30 ha
1398 895 187 31 emellertid

101 940 208 32 framhållits
325 940 172 41 åtskilliga
516 942 291 41 omständigheter
825 953 75 22 som
918 945 68 30 tala
1004 948 91 28 emot
1112 945 99 31 bifall
1229 946 50 31 till
1297 947 66 31 den
1381 948 10 30 i
1409 948 175 32 motionen

100 994 121 39 gjorda
246 994 310 40 framställningen.
587 995 151 32 Sålunda
765 997 63 31 har
857 997 144 32 erinrats
1030 1008 56 21 om
1114 1002 46 28 att
1188 1000 254 41 hemsändning
1469 1012 42 20 av
1537 1002 46 30 lik

100 1047 78 31 från
206 1047 89 32 vissa
324 1049 202 39 avlägsnare
552 1050 121 31 länder
700 1050 110 32 måste
838 1060 99 23 anses
965 1053 88 30 stöta
1080 1052 45 41 på
1152 1053 277 41 oövervinneliga
1457 1055 126 39 svårig-

100 1101 93 31 heter
219 1101 45 40 på
290 1102 112 39 grund
428 1112 42 21 av
497 1103 177 31 därstädes
701 1103 153 33 rådande
879 1104 376 34 klimatförhållanden.
1284 1107 124 32 Vidare
1435 1109 63 31 har
1526 1109 57 39 på-

100 1155 120 39 pekats
244 1158 57 33 att,
328 1159 131 27 oavsett
485 1156 199 32 klimatiska
708 1157 244 33 förhållanden
977 1160 65 30 och
1067 1162 354 38 transportsträckans
1447 1162 103 40 längd
1575 1162 8 30 i

99 1208 65 30 och
188 1208 54 31 för
266 1208 58 40 sig,
352 1209 239 32 erfarenheten
615 1210 95 37 visat,
736 1214 48 29 att
807 1211 209 41 svårigheter
1041 1214 118 30 kunna
1183 1223 82 22 vara
1289 1214 54 31 för
1368 1216 139 30 handen
1529 1217 54 29 be-

99 1261 174 32 träffande
292 1262 225 41 liktransport
537 1263 80 32 från
636 1265 163 31 utlandet.
821 1265 52 31 Då
893 1266 99 31 dessa
1012 1267 218 39 olägenheter
1252 1267 9 31 i
1280 1268 68 31 viss
1370 1268 82 31 mån
1474 1270 108 30 skulle

99 1315 211 40 undanröjas
338 1326 56 21 om
422 1318 111 30 rätten
560 1317 49 31 till
633 1319 256 40 hemtransport
915 1320 209 31 fastställdes
1150 1324 47 28 att
1225 1331 78 21 avse
1330 1323 143 30 allenast
1499 1324 83 30 aska

98 1368 85 31 efter
199 1369 47 30 lik
264 1379 73 21 som
355 1370 183 40 undergått
554 1371 268 40 eldbegängelse,
839 1374 64 30 har
920 1373 79 31 från
1017 1374 81 31 visst
1114 1374 71 31 håll
1202 1374 196 41 ifrågasatts
1416 1386 41 20 en
1474 1376 108 31 sådan

98 1422 238 40 begränsning.
356 1424 167 31 Häremot
540 1425 63 31 har
622 1425 188 32 emellertid
829 1427 364 40 kommerskollegium
1211 1428 200 37 framhållit,
1433 1433 47 27 att
1500 1431 81 29 enär

98 1475 9 30 i
128 1475 98 40 fråga
247 1485 56 22 om
323 1477 260 39 eldbegängelse
602 1478 11 31 i
636 1479 135 39 Sverige
794 1479 137 32 särskilt
951 1480 154 31 tillstånd
1126 1482 121 30 kräves
1268 1483 66 30 och
1354 1482 227 40 medgivande

97 1539 41 21 av
166 1529 110 40 dylikt
301 1529 154 32 tillstånd
479 1532 38 30 är
542 1531 186 32 förbundet
755 1534 78 29 med
857 1533 90 31 vissa
973 1534 169 31 särskilda
1168 1534 133 37 villkor,
1328 1536 56 31 det
1409 1537 171 39 knappast

98 1583 94 31 torde
213 1583 85 31 böra
320 1582 255 41 ifrågakomma
597 1588 48 28 att
666 1588 84 28 utan
770 1586 117 31 vidare
910 1596 123 30 genom
1056 1588 133 40 statliga
1212 1588 158 40 åtgärder
1394 1591 185 29 medverka

95 1635 51 32 till
166 1636 259 40 eldbegängelse
443 1638 220 32 beträffande
680 1639 138 32 avlidna
838 1641 146 30 svenska
1004 1641 203 32 undersåtar
1226 1642 10 30 i
1255 1643 155 31 utlandet
1429 1646 84 28 utan
1533 1647 46 27 att

95 1689 10 31 i
128 1690 183 31 huvudsak
338 1692 244 31 motsvarande
605 1692 171 40 garantier
799 1693 165 40 föreligga
990 1704 73 21 som
1090 1696 78 30 med
1195 1697 236 38 nyssnämnda
1456 1697 123 31 villkor

95 1752 105 22 avses.
226 1744 167 31 Utskottet
415 1745 94 31 delar
529 1746 113 30 denna
662 1746 231 40 uppfattning.

138 1797 49 30 Av
211 1798 55 30 det
291 1798 147 31 anförda
462 1799 89 31 lärer
572 1799 146 32 sålunda
742 1800 135 40 framgå
903 1804 47 28 att
975 1803 110 29 rätten
1112 1802 48 31 till
1185 1804 256 40 hemtransport
1466 1814 41 21 av
1531 1805 46 30 lik

90 1850 85 31 efter
191 1850 136 39 sjöman
343 1851 75 31 icke
435 1852 157 39 rimligen
607 1853 116 30 kunde
740 1854 146 31 omfatta
904 1855 108 30 andra
1030 1855 62 30 fall
1108 1857 44 29 än
1170 1855 130 31 sådana
1317 1857 62 30 där
1396 1857 184 30 dödsfallet

94 1903 157 31 inträffat
275 1904 10 30 i
308 1904 271 32 förhållandevis
602 1907 210 38 närbelägna
836 1907 181 37 farvatten,
1044 1909 204 39 exempelvis
1274 1910 10 30 i
1309 1905 178 45 Östersjön
1513 1913 63 29 och

95 1957 180 39 Nordsjön.
296 1957 255 32 Motionärerna
567 1959 45 30 ha
630 1961 86 29 även
735 1963 109 36 antytt
862 1961 223 39 möjligheten
1103 1972 41 20 av
1162 1972 41 21 en
1221 1963 94 39 dylik
1334 1964 241 39 begränsning.

95 2010 368 39 Kommerskollegium
493 2012 63 31 har
586 2013 187 31 emellertid
803 2013 191 33 framhållit
1023 2016 168 30 hurusom
1220 2017 54 30 det
1306 2018 172 39 knappast
1507 2019 69 30 kan

92 2072 99 22 anses
219 2063 163 40 föreligga
409 2074 95 22 mera
531 2067 155 38 vägande
714 2067 74 31 skäl
814 2067 53 31 för
893 2070 127 29 statens
1046 2069 242 32 mellankomst
1314 2070 10 31 i
1350 2070 146 32 sålunda
1520 2072 55 30 be-

92 2117 148 38 gränsad
265 2118 216 38 omfattning,
510 2120 42 29 än
580 2129 73 21 som
679 2121 109 30 skulle
814 2122 118 30 kunna
959 2122 140 31 anföras
1125 2123 54 31 för
1205 2125 242 30 motsvarande
1474 2125 101 39 ingri-

92 2171 121 38 pande,
230 2171 119 31 enbart
365 2171 44 39 på
426 2173 111 37 grund
552 2183 41 20 av
609 2173 183 40 anhörigas
808 2174 49 31 till
873 2174 136 31 avliden
1026 2175 175 37 intressen,
1217 2177 220 32 beträffande
1451 2180 123 29 svensk

91 2224 224 37 medborgare
338 2225 303 38 överhuvudtaget,
668 2236 74 21 som
767 2227 118 31 avlidit
908 2229 109 30 under
1042 2229 165 39 utövning
1232 2240 41 20 av
1296 2230 56 31 sitt
1375 2232 84 38 yrke
1481 2231 19 31 å
1523 2235 51 27 ort

92 2275 43 40 på
157 2276 250 38 jämförelsevis
431 2277 92 39 långt
547 2278 144 31 avstånd
715 2279 78 31 från
816 2281 188 30 hemorten.
1030 2282 168 30 Utskottet
1223 2284 36 29 är
1283 2293 42 20 av
1349 2293 132 21 samma
1506 2295 67 19 me-

91 2328 90 39 ning.
209 2329 63 29 Om
300 2330 206 39 exempelvis
531 2332 155 30 arbetare
710 2334 76 28 med
812 2334 134 30 hemort
970 2334 9 30 i
1005 2335 41 29 de
1070 2334 170 40 sydligare
1266 2337 140 30 delarna
1434 2347 42 20 av
1500 2338 70 30 vårt

90 2381 81 30 land
197 2382 111 30 avlida
335 2383 109 30 under
469 2384 113 30 arbete
607 2385 8 29 i
641 2385 169 31 Norrland
834 2387 81 30 eller
939 2388 339 31 norrlandsarbetare
1302 2390 113 30 avlida
1439 2390 9 29 i
1473 2391 100 30 södra

92 2434 144 38 Sverige,
257 2436 108 30 skulle
384 2437 64 30 rätt
471 2437 53 30 för
544 2438 41 30 de
606 2438 166 39 anhöriga
796 2439 47 31 till
863 2439 42 30 fri
927 2441 254 39 hemtransport
1201 2452 40 20 av
1261 2443 64 29 den
1347 2444 88 29 döde
1456 2444 115 30 kunna

89 2497 97 20 anses
205 2487 67 31 lika
296 2490 51 28 väl
371 2490 189 30 motiverad
580 2500 72 21 som
672 2493 62 29 när
754 2492 47 30 till
821 2495 152 37 exempel
993 2504 39 19 en
1053 2494 126 30 skånsk
1201 2495 133 38 sjöman
1355 2497 217 30 omkommer

1628 787 147 26 Utskottet.
