2182 2626
413 155 117 32 Första
552 155 201 32 kammarens
780 158 113 30 andra
918 155 162 43 tillfälliga
1104 156 132 32 utskotts
1259 155 163 33 utlåtande
1445 155 52 33 Nr
1519 157 52 31 29.
1728 157 17 30 7

198 233 75 37 kan
302 234 192 37 förväntas
524 234 96 37 först
646 234 57 37 till
734 237 95 34 1921
860 237 58 34 års
946 235 169 49 riksdag,
1137 235 106 37 torde
1262 235 71 37 den
1355 249 46 23 av
1421 234 371 50 socialförsäkrings-

198 285 237 48 kommittén,
463 289 48 47 på
539 287 127 48 grund
695 300 45 23 av
768 287 304 37 önskvärdheten
1100 301 48 22 av
1176 293 54 31 att
1256 287 124 37 beslut
1409 301 60 23 om
1499 286 292 50 sjukförsäkrin-

198 350 76 36 gen
304 338 164 38 fattades
499 339 117 36 redan
646 352 45 23 av
723 340 96 36 1920
850 342 59 34 års
936 339 169 49 riksdag,
1135 339 283 50 undanskjutna
1447 339 252 50 utredningen
1728 353 63 23 an-

197 390 146 48 gående
371 390 123 37 denna
524 391 235 49 försäkrings
787 391 235 37 inordnande
1050 392 12 36 i
1083 394 81 34 vårt
1184 392 215 36 nuvarande
1420 392 372 49 socialförsäkrings-

198 449 141 42 system
380 456 51 23 nu
460 443 128 36 kunna
622 443 237 47 verkställas,
888 449 91 31 utan
1007 449 56 31 att
1091 444 373 49 sjukförsäkringens
1493 444 299 48 genomförande

200 494 123 37 skulle
365 508 47 23 av
441 495 124 36 denna
593 495 208 49 anledning
828 494 147 38 behöva
1003 496 224 49 ytterligare
1256 495 195 50 fördröjas.
1510 496 144 36 Härvid
1681 499 112 46 utgår

197 546 184 37 utskottet
427 546 83 37 från
551 546 73 37 den
666 547 335 49 förutsättningen,
1045 553 54 31 att
1139 548 254 48 utredningen
1429 548 83 36 icke
1549 548 83 36 från
1660 548 132 49 början

202 598 123 37 skulle
366 602 90 45 taga
498 598 96 38 sikte
635 601 48 47 på
724 605 54 30 att
818 599 171 37 utarbeta
1031 599 144 49 förslag
1208 599 56 37 till
1293 613 46 24 en
1367 599 170 38 definitiv
1565 600 153 49 lösning
1746 614 46 23 av

199 650 135 48 frågan
363 663 60 24 om
444 650 375 50 sjukförsäkringens
838 652 275 48 organisation,
1134 651 128 37 vilken
1281 652 82 37 icke
1382 652 108 36 torde
1509 652 128 36 kunna
1657 652 135 37 vinnas

198 708 116 31 annat
355 707 47 32 än
429 703 12 36 i
470 702 183 37 samband
695 703 84 37 med
822 717 46 23 en
903 704 155 48 lösning
1095 717 47 24 av
1171 704 401 49 socialförsäkringens
1602 704 190 49 organisa-

197 754 83 36 tion
316 755 12 36 1
366 755 86 36 dess
493 755 138 37 helhet.
688 754 261 49 Utredningen
991 769 114 37 synes
1134 757 12 35 i
1174 756 125 37 stället
1339 757 56 36 till
1437 769 47 23 en
1525 756 136 50 början
1701 757 92 36 böra

197 806 162 37 inriktas
400 810 48 46 på
475 812 56 31 att
559 807 116 36 vinna
703 821 45 23 en
777 808 116 36 sådan
921 808 236 49 provisorisk
1186 808 155 49 lösning
1369 822 46 23 av
1445 808 135 49 frågan
1609 809 55 35 för
1692 808 101 50 sjuk-

198 858 287 49 försäkringens
526 859 307 47 vidkommande,
863 865 55 31 att
945 860 238 49 svårigheter
1211 860 211 37 sedermera
1449 860 84 37 icke
1561 860 128 37 kunna
1717 860 75 37 för-

197 915 134 32 väntas
360 913 150 47 uppstå,
540 911 47 36 då
615 911 109 45 fråga
751 911 120 49 gäller
898 912 268 36 realiserandet
1195 925 46 23 av
1270 912 45 36 de
1343 912 142 49 förslag
1512 913 12 35 i
1544 912 248 37 förevarande

197 962 230 48 hänseende,
474 963 125 36 vartill
640 963 264 49 utredningen,
934 964 117 36 sedan
1080 963 72 38 den
1182 964 170 37 slutförts
1380 964 12 36 i
1416 964 85 37 hela
1529 964 85 37 dess
1642 965 150 36 omfatt-

198 1014 106 49 ning,
347 1015 75 36 kan
462 1014 152 37 komma
643 1020 54 31 att
726 1015 203 37 föranleda.
986 1016 100 37 Utan
1116 1022 56 31 att
1198 1016 91 49 vilja
1317 1016 194 50 föregripa
1538 1017 255 49 utredningen

197 1067 12 35 i
236 1067 74 36 vad
339 1067 72 36 den
440 1067 157 36 sålunda
625 1067 55 36 till
709 1073 53 30 att
790 1067 106 49 börja
924 1069 84 36 med
1039 1068 121 37 skulle
1189 1069 153 36 komma
1370 1075 55 30 att
1453 1082 89 23 avse
1563 1069 230 49 sjukförsäk-

196 1119 156 48 ringens
381 1119 270 49 organisation,
683 1133 109 23 anser
820 1121 61 48 sig
908 1120 185 37 utskottet
1121 1121 98 36 dock
1247 1120 91 37 böra
1363 1120 212 48 framhålla,
1598 1126 53 32 att
1672 1121 121 49 enligt

197 1171 206 37 utskottets
431 1171 159 49 mening
619 1172 126 36 starka
773 1172 88 36 skäl
882 1173 145 36 anförts
1056 1173 105 36 såväl
1190 1186 46 23 av
1256 1173 369 50 pensionsstyrelsen
1645 1187 80 23 som
1747 1187 45 22 av

197 1223 507 49 försäkringsinspektionen
762 1229 78 31 mot
897 1230 55 30 att
998 1224 621 50 sjukförsäkringsöverstyrelsen,
1666 1228 125 33 såsom

197 1274 584 49 socialförsäkringskommittén
824 1276 208 49 föreslagit,
1075 1276 121 36 skulle
1238 1276 187 37 anordnas
1462 1280 124 34 såsom
1616 1282 53 32 ett
1695 1283 96 44 nytt,

196 1326 86 36 fullt
310 1326 207 37 fristående
545 1326 249 37 ämbetsverk.

326 1377 53 37 På
406 1378 126 49 grund
562 1391 46 23 av
638 1378 74 37 vad
741 1379 157 37 sålunda
926 1380 147 36 anförts
1103 1380 56 37 får
1187 1380 186 36 utskottet
1400 1380 210 48 hemställa,

727 1453 54 31 att
823 1448 119 37 första
982 1449 220 36 kammaren
1230 1452 116 34 måtte
1374 1449 58 36 för
1460 1449 59 37 sin
1548 1450 59 36 del
1635 1449 156 49 besluta,

596 1506 54 30 att
703 1500 204 50 riksdagen
953 1504 117 34 måtte
1116 1501 11 36 i
1174 1501 179 37 skrivelse
1398 1501 57 37 till
1500 1501 143 49 Kungl.
1687 1502 106 50 Maj:t

598 1552 149 36 anhålla
788 1565 61 24 om
892 1553 280 37 verkställande
1213 1554 308 49 skyndsammast
1562 1555 152 48 möjligt
1746 1569 47 22 av

594 1604 216 49 utredning,
840 1606 159 36 rörande
1027 1605 186 37 huruvida
1232 1606 68 36 och
1321 1606 12 35 i
1362 1605 71 37 vad
1454 1609 87 33 mån
1561 1619 47 23 en
1627 1607 167 49 enhetlig

596 1657 258 47 organisation
892 1670 46 23 av
967 1657 71 37 den
1068 1657 163 37 svenska
1258 1657 406 49 socialförsäkringens
1693 1659 101 36 olika

597 1721 137 35 grenar
775 1708 73 36 kan
885 1709 70 36 och
997 1708 69 37 bör
1107 1710 253 47 genomföras,
1396 1709 12 36 i
1437 1709 101 48 syfte
1576 1714 54 32 att
1671 1710 122 37 åstad-

596 1760 153 35 komma
778 1760 216 49 förenkling
1023 1774 46 22 av
1098 1761 280 48 förvaltningen
1407 1761 70 36 och
1506 1760 287 50 nedbringande

597 1824 47 23 av
672 1811 253 37 kostnaderna
957 1813 58 35 för
1051 1812 134 48 denna,
1227 1817 178 32 ävensom
1457 1817 138 32 största
1636 1814 158 48 möjliga

598 1863 225 37 effektivitet
852 1877 46 23 av
928 1864 280 49 försäkringen.

328 1941 217 37 Stockholm
576 1941 72 36 den
679 1943 46 34 26
757 1941 93 49 april
888 1943 109 35 1920.

750 2010 51 36 På
828 2010 204 37 utskottets
1062 2015 160 44 vägnar:

780 2095 161 38 JACOB
971 2096 240 37 LARSSON.

396 2234 223 27 Närvarande
609 2229 17 44 :
638 2233 94 27 herrar
751 2233 172 36 Nylander”,
944 2234 129 33 Larsson,
1094 2233 146 35 Norling”,
1261 2234 158 28 Johansson
1434 2236 9 25 i
1457 2235 175 31 Löfholmen,
1647 2235 145 27 Westman

640 2276 52 27 och
712 2276 162 36 Malmberg.

397 2334 11 9 +
427 2329 30 30 Ej
477 2329 174 25 närvarande
671 2330 47 24 vid
737 2330 179 31 justeringen.
