1892 2780
288 152 38 30 36
740 150 287 30 Statsutskottets
1051 148 181 30 utlåtande
1255 157 43 20 nr
1319 148 30 29 2.

290 236 302 40 vaktkonstaplar.
611 235 62 34 Då,
694 234 118 31 såsom
829 234 60 40 jag
908 234 96 29 förut
1024 233 128 33 anfört,
1174 242 42 20 en
1236 242 43 20 av
1298 233 100 29 dessa
1418 231 71 30 kan
1509 230 151 30 erhållas
1681 237 125 31 genom

289 278 251 39 överflyttning
560 288 41 20 av
622 287 43 20 en
684 277 349 38 befattningshavare
1054 275 81 29 från
1156 274 293 33 Gävleanstailten,
1471 274 127 28 krävas
1620 272 105 30 såvitt
1747 274 60 27 ar-

290 321 60 39 går
372 320 269 40 ifrågavarande
664 319 278 40 personalgrupp
966 318 113 29 medel
1103 318 124 28 endast
1251 317 55 29 för
1328 316 202 39 ytterligare
1554 315 58 29 två
1635 314 173 29 vaktkon-

290 363 143 40 staplar.
462 364 14 29 I
504 362 175 30 avvaktan
705 362 47 39 på
779 359 446 41 fångvårdsutredningens
1255 358 212 30 kommande
1496 358 132 37 förslag
1655 357 151 29 rörande

290 405 250 29 arbetsdriften
561 405 97 29 inom
680 403 219 39 fångvården
922 404 38 28 är
982 402 60 39 jag
1064 401 77 30 icke
1163 402 129 29 beredd
1316 402 50 28 att
1388 409 48 20 nu
1460 401 80 38 taga
1565 398 166 39 ställning
1754 398 52 29 till

291 447 66 30 den
382 457 41 20 av
448 447 365 39 fångvårdsstyrelsen
837 446 126 29 väckta
987 445 126 38 frågan
1138 453 57 20 om
1221 444 135 29 ändrad
1381 441 249 39 löneställning
1656 441 54 29 för
1735 440 71 30 viss

291 489 378 39 arbetsledarpersonal
693 488 58 30 vid
775 488 177 29 anstalten
975 486 12 29 i
1010 486 176 30 Västerås.

335 531 71 30 Mot
430 532 67 29 den
521 531 199 39 föreslagna
743 529 284 40 uppläggningen
1052 538 42 20 av
1119 527 199 39 utbildning
1340 527 66 29 och
1431 525 205 30 arbetsdrift
1659 526 65 28 har
1748 525 60 38 jag

289 574 88 30 intet
400 576 51 29 att
474 573 117 30 erinra
614 573 128 29 liksom
764 573 32 38 ej
823 572 108 29 heller
954 573 73 27 mot
1051 571 57 29 det
1131 570 55 29 för
1210 570 156 29 maskin-
1387 569 67 29 och
1477 567 331 30 inventarieutrust-

290 615 84 41 ning
395 616 54 29 för
470 615 345 30 Västeråsanstalten
835 614 199 29 beräknade
1055 613 171 39 beloppet.
1250 611 180 30 Särskilda
1450 610 114 30 medel
1585 610 145 39 begäras
1753 609 55 29 för

292 657 221 30 sistnämnda
533 657 174 30 ändamål.

335 724 397 40 Departementschefen
759 724 134 29 erinrar
920 732 56 20 om
1004 723 51 29 att
1081 722 115 29 beslut
1222 720 239 30 innevarande
1487 719 170 39 budgetår
1684 718 125 29 fattats

292 784 56 21 om
375 775 202 30 inrättande
605 784 42 20 av
675 774 165 29 kolonien
868 774 142 29 Hildero
1038 772 10 29 i
1077 772 200 29 Malmöhus
1305 772 58 28 län
1392 770 54 30 för
1476 769 333 39 ungdomsfängelse

292 825 150 30 ådömda
465 826 65 29 och
550 835 44 20 en
617 824 130 34 koloni,
772 824 151 39 Sjöboda
945 825 10 28 i
980 822 296 31 Södermanlands
1300 822 68 33 län,
1390 821 133 29 avsedd
1545 819 55 30 för
1624 819 185 29 förvarade

292 877 65 29 och
382 877 233 29 internerade.
643 876 103 29 Trots
774 875 95 29 detta
895 875 65 28 har
985 873 46 40 på
1058 874 114 38 grund
1200 881 42 21 av
1269 872 154 38 stegring
1450 880 42 20 av
1519 870 220 39 fångantalet
1767 878 43 19 en

292 927 196 39 betydande
508 926 292 39 överbeläggning
819 925 91 29 måst
930 924 61 29 ske
1011 933 42 20 av
1071 923 94 29 vissa
1185 922 179 33 anstalter,
1385 921 96 30 såväl
1502 921 118 29 slutna
1640 919 170 30 anstalter

292 986 76 21 som
386 977 169 30 kolonier.
574 977 75 29 Den
670 977 14 28 1
706 976 181 30 december
908 975 82 29 1951
1011 984 61 20 var
1091 972 360 40 beläggningssiffran
1471 972 18 29 2
1505 970 73 35 810,
1599 971 66 29 den
1684 970 125 38 högsta

293 1036 76 22 som
388 1027 170 40 uppnåtts
578 1028 108 28 sedan
705 1026 196 39 krigstiden
920 1025 11 28 i
951 1025 106 29 slutet
1076 1034 42 20 av
1138 1024 38 29 år
1198 1022 95 31 1944.
1314 1023 78 29 Med
1411 1022 140 38 hänsyn
1571 1021 52 29 till
1644 1021 57 29 det
1720 1020 91 38 höga

293 1078 219 40 fångantalet
529 1078 65 29 och
611 1078 148 29 behovet
777 1086 42 20 av
836 1076 83 30 ökat
937 1075 96 30 antal
1050 1076 118 38 öppna
1185 1073 219 39 vårdplatser
1423 1081 102 21 anses
1542 1089 45 3 —
1604 1071 112 29 ehuru
1734 1079 77 30 per-

293 1129 99 29 sonal
412 1129 110 29 redan
544 1128 115 29 finnes
681 1127 212 30 säkerställd
915 1126 54 29 för
991 1127 96 28 ännu
1109 1134 43 20 cn
1173 1133 48 30 ny
1242 1124 118 29 koloni
1381 1141 45 2 —
1447 1121 229 39 erforderliga
1697 1119 113 30 medel

293 1180 85 29 böra
395 1179 175 30 beräknas
589 1178 106 39 enligt
715 1179 128 38 gängse
861 1186 101 20 norm
980 1176 55 29 för
1053 1175 164 40 personal
1236 1174 52 30 till
1308 1183 42 20 en
1369 1173 119 29 koloni
1507 1172 199 29 härutöver.
1727 1170 85 29 Hin-

294 1230 60 30 der
377 1230 63 29 bör
465 1230 107 39 enligt
595 1226 407 42 departementschefens
1027 1225 143 39 mening
1193 1225 77 29 icke
1295 1225 95 28 möta
1415 1225 51 27 att
1490 1223 53 29 till
1568 1221 244 30 föreståndare

294 1280 154 30 återföra
466 1280 271 39 styresmännen
755 1278 59 30 vid
833 1277 216 30 anstalterna
1067 1277 11 28 i
1098 1276 185 29 Halmstad
1303 1274 63 29 och
1386 1273 220 30 Hudiksvall.
1627 1272 78 29 Med
1726 1280 86 30 upp-

295 1330 168 40 flyttning
490 1331 52 28 till
569 1329 243 30 föreståndare
839 1328 10 29 i
878 1328 39 29 19
944 1327 212 38 lönegraden
1183 1325 105 39 följer
1315 1326 70 28 rätt
1411 1323 53 30 till
1492 1322 144 30 särskilt
1662 1321 150 30 lönetill-

294 1381 87 39 lägg,
404 1381 56 30 för
483 1380 218 30 närvarande
724 1379 64 29 630
811 1379 130 28 kronor
964 1377 55 29 för
1042 1377 48 29 år.
1114 1376 172 39 Tjänsten
1311 1384 74 20 som
1408 1376 199 37 styresman
1628 1372 59 30 vid
1710 1372 103 28 Falu-

295 1432 177 29 anstalten
496 1430 147 30 föreslås
668 1430 71 29 tills
765 1429 118 29 vidare
907 1428 164 39 placerad
1095 1427 11 29 i
1132 1425 262 39 direktörsgrad
1418 1424 12 29 i
1455 1424 43 29 Ce
1524 1424 52 29 27.
1602 1424 13 28 I
1641 1422 173 30 samband

296 1483 144 29 därmed
457 1491 103 20 anses
575 1482 121 28 kunna
715 1480 81 29 från
815 1477 429 41 fångvårdsanstalternas
1262 1473 390 42 personalförteckning
1671 1472 141 30 avföras

296 1533 66 29 den
386 1533 55 29 för
467 1532 177 29 anstalten
668 1530 153 30 avsedda
846 1527 470 38 föreståndarbefattningen
1339 1526 11 29 i
1376 1525 45 30 Ca
1447 1525 41 29 20
1512 1525 67 29 och
1605 1533 41 20 en
1672 1523 20 29 å
1717 1524 96 28 över-

296 1583 180 39 gångsstat
498 1584 177 37 upptagen
698 1579 199 39 befattning
919 1588 76 21 som
1019 1578 155 30 direktör
1195 1578 11 28 i
1230 1577 46 29 Ca
1300 1576 51 31 27.
1374 1575 138 39 Frågan
1536 1584 57 19 om
1615 1573 198 30 beredande

296 1643 42 20 av
359 1633 251 38 förmånligare
634 1630 249 40 löneställning
907 1630 54 29 för
985 1627 362 31 socialassistenterna
1371 1635 101 20 anses
1495 1634 85 20 vara
1604 1634 41 20 av
1669 1632 145 30 synner-

296 1685 46 39 lig
360 1684 75 30 vikt
455 1684 65 29 och
539 1683 206 29 förutsättes
765 1682 144 28 komma
928 1681 50 28 att
998 1680 92 29 lösas
1109 1679 11 29 i
1141 1679 48 28 ett
1209 1678 110 28 större
1340 1676 267 38 sammanhang.
1628 1673 68 30 Till
1717 1682 97 20 arvo-

297 1735 66 30 den
381 1735 65 30 och
463 1733 175 31 särskilda
655 1731 237 38 ersättningar
909 1730 174 29 beräknas
1101 1728 201 39 ytterligare
1322 1726 39 30 74
1376 1726 63 30 000
1458 1726 131 29 kronor
1607 1725 55 29 för
1680 1724 135 29 sinnes-

296 1784 317 39 undersökningar.
638 1783 54 29 Nu
717 1781 174 39 utgående
917 1780 126 30 arvode
1068 1779 55 30 för
1149 1775 550 38 observationsundersökningar
1725 1774 90 29 före-

296 1836 71 29 slås
386 1835 79 39 höjt
485 1835 79 29 med
584 1834 18 29 5
623 1834 131 28 kronor
774 1832 53 30 till
847 1831 40 29 35
908 1831 140 28 kronor.
1070 1831 13 28 I
1104 1829 100 38 fråga
1224 1838 57 20 om
1301 1827 118 39 övriga
1440 1826 81 29 från
1542 1825 273 38 arvodesposten

297 1886 173 39 utgående
489 1883 237 39 ersättningar
745 1882 117 30 finner
882 1879 388 41 departementschefen
1291 1877 127 39 skäligt
1437 1876 139 34 föreslå,
1596 1878 51 29 att
1665 1875 151 38 höjning

296 1935 223 40 genomföres
540 1944 42 21 av
602 1934 143 29 arvodet
766 1933 53 29 till
840 1933 67 29 den
927 1931 110 29 förste
1058 1930 130 33 läkare,
1211 1938 75 20 som
1307 1927 151 30 förestår
1480 1927 67 29 den
1568 1924 248 41 rättspsykiat-

297 1987 98 29 riska
410 1982 520 41 undersökningsavdelningen
946 1981 58 29 vid
1021 1980 176 30 anstalten
1214 1979 45 39 på
1276 1978 107 39 Håga,
1402 1977 80 29 från
1502 1977 14 29 1
1534 1976 62 30 200
1614 1976 132 29 kronor
1763 1975 53 29 till

300 2037 95 30 1320
419 2037 142 32 kronor,
583 2044 45 20 av
652 2034 145 29 arvodet
819 2032 53 31 till
897 2032 198 38 styresmän
1119 2031 58 29 vid
1201 2029 94 29 vissa
1319 2028 169 30 anstalter
1514 2027 55 29 för
1593 2027 118 37 bestyr
1736 2025 80 29 med

298 2087 158 30 kolonier
482 2086 81 30 från
588 2085 63 30 300
675 2084 132 29 kronor
832 2083 53 29 till
909 2082 63 29 360
998 2081 141 33 kronor,
1166 2089 42 20 av
1233 2079 241 37 ersättningen
1500 2077 54 30 för
1578 2076 171 40 passning
1774 2084 42 21 av

297 2140 79 38 port
400 2138 64 29 och
488 2137 100 39 grind
609 2136 59 29 vid
690 2134 177 30 anstalten
888 2133 12 28 i
921 2130 223 40 Norrköping
1167 2130 81 29 från
1271 2129 63 29 600
1357 2129 131 28 kronor
1511 2128 53 28 till
1588 2127 62 29 700
1673 2127 142 32 kronor,

296 2198 43 21 av
361 2187 233 39 risktillägget
618 2186 54 29 för
695 2184 96 30 vissa
814 2183 215 39 tjänstemän
1051 2182 59 29 vid
1134 2179 403 31 säkerhetsanstalterna
1559 2178 11 29 i
1593 2176 225 39 Norrköping

300 2240 64 29 och
382 2238 166 30 Karlstad
567 2236 80 31 från
665 2234 63 31 216
747 2235 131 29 kronor
896 2233 53 30 till
968 2231 63 31 264
1049 2232 131 29 kronor
1200 2231 91 28 samt
1310 2239 42 20 av
1370 2229 143 30 arvodet
1531 2227 53 30 till
1604 2229 213 37 styresman-

300 2299 67 20 nen
385 2288 58 31 vid
461 2287 176 31 anstalten
654 2286 45 39 på
717 2284 242 39 Långholmen
978 2282 55 30 för
1051 2282 118 38 bestyr
1189 2281 79 29 med
1288 2279 221 30 Stockholms
1529 2279 97 29 stads
1644 2277 173 29 rannsak-

300 2338 231 40 ningsfångar
556 2347 45 19 m.
626 2337 37 29 fl.
689 2335 81 30 från
797 2334 94 29 19008
916 2333 131 29 kronor
1071 2332 53 29 till
1152 2331 95 29 1200
1273 2330 140 29 kronor.
1439 2329 68 29 För
1532 2330 50 28 att
1607 2327 209 39 möjliggöra

300 2392 94 28 vissa
431 2388 228 41 jämkningar
699 2395 42 21 av
780 2386 41 29 de
860 2383 208 39 föregående
1108 2382 38 29 år
1186 2380 200 30 fastställda
1415 2378 319 39 arvodesbeloppen
1763 2377 55 29 för

301 2438 340 42 kroppssjukläkare
666 2446 45 20 m.
739 2436 36 29 fl.
801 2435 119 30 läkare
946 2442 102 21 anses
1073 2432 158 39 anslaget
1255 2430 118 30 vidare
1397 2430 85 29 böra
1507 2428 205 40 uppräknas
1738 2427 80 30 med
