1894 2780
248 140 39 30 28
701 142 287 30 Statsutskottets
1012 143 180 30 utlåtande
1214 153 44 20 nr
1280 144 29 29 2.

292 224 67 29 För
375 226 52 27 att
444 224 166 40 avhjälpa
626 225 238 39 fångvårdens
881 226 459 40 rekryteringssvårigheter
1358 228 159 36 föreslås,
1535 230 51 28 att
1605 230 49 28 ett
1671 229 99 30 antal

247 274 198 40 aspiranter
466 276 166 29 anställes
649 276 80 29 med
746 277 134 36 garanti
896 277 56 29 för
971 277 136 38 ständig
1123 277 234 38 tjänstgöring
1372 279 53 29 till
1441 279 78 30 dess
1536 279 233 30 vederböran-

247 324 41 30 de
306 325 256 37 färdigprövats
579 326 80 30 med
675 326 139 37 hänsyn
831 327 54 29 till
906 327 54 30 sin
978 328 201 37 lämplighet
1197 328 67 30 och
1280 329 79 29 med
1379 330 100 29 säker
1498 330 109 29 utsikt
1626 331 58 33 att,
1703 330 11 29 i
1726 330 45 29 de

247 375 63 29 fall
328 375 44 30 då
388 378 122 34 provet
527 376 130 30 utfallit
676 378 68 33 väl,
761 377 106 30 vinna
885 380 97 27 extra
1000 378 175 30 ordinarie
1194 379 212 38 anställning
1424 380 96 29 inom
1538 380 66 30 den
1623 380 51 30 tid
1692 390 77 20 som

247 426 405 37 avlöningsreglementet
667 427 213 35 förutsätter,
895 428 175 37 nämligen
1086 430 50 29 tre
1151 429 49 30 år.
1225 429 132 30 Genom
1368 432 49 27 att
1428 430 157 38 förlägga
1597 430 174 38 aspirant-

245 475 194 36 tjänsterna
457 477 164 37 gruppvis
642 478 54 29 till
713 478 94 30 vissa
826 479 109 29 större
953 480 175 33 anstalter,
1146 480 158 30 varifrån
1323 482 46 28 ett
1387 481 93 29 antal
1497 481 79 30 med
1588 481 79 30 dem
1679 491 88 20 sam-

244 526 176 30 verkande
442 528 165 29 anstalter
627 528 60 30 vid
706 528 113 31 behov
837 529 121 30 kunna
978 529 131 30 erhålla
1128 530 195 37 aspiranter
1344 530 116 31 såsom
1478 532 163 34 vikarier,
1662 541 104 28 synas

245 577 241 36 aspiranterna
504 578 120 30 kunna
642 579 171 37 utnyttjas
831 579 46 37 på
893 580 100 29 bästa
1014 581 75 29 sätt.
1108 581 64 29 Det
1184 581 164 38 lämpliga
1361 583 127 29 antalet
1500 582 267 37 aspiranttjäns-

245 628 50 28 ler
316 627 69 29 kan
406 628 77 29 icke
505 628 128 30 fixeras
655 631 85 27 utan
763 639 42 20 en
826 630 169 37 ingående
1016 631 274 38 undersökning,
1313 641 75 21 som
1408 633 64 29 bör
1493 633 207 30 verkställas
1724 643 42 20 av

245 676 361 39 fångvårdsstyrelsen
629 680 66 29 och
716 681 79 36 taga
816 680 138 37 hänsyn
977 681 53 29 till
1052 682 66 29 den
1140 682 110 37 årliga
1274 682 177 38 avgången
1473 693 43 20 av
1538 684 229 37 befattnings-

245 727 127 31 havare
399 729 97 29 inom
522 729 226 38 fångvården.
775 731 119 29 Ehuru
922 731 57 30 det
1004 732 108 29 totala
1138 732 148 30 behovet
1313 742 42 20 av
1381 734 386 38 vaktkonstapelsvika-

244 777 70 30 rier
337 778 112 38 aldrig
473 780 97 29 torde
594 781 203 37 understiga
823 782 68 34 150,
917 782 150 30 föreslår
1095 783 247 39 utredningen,
1371 786 51 28 att
1449 785 133 29 antalet
1607 785 159 40 aspiran-

245 829 52 29 ter
318 838 47 20 nu
386 829 213 31 bestämmes
620 831 55 29 till
697 831 52 30 75.
772 832 118 30 Skulle
912 832 58 30 det
991 842 102 20 anses
1117 834 184 39 olämpligt
1322 836 51 28 att
1394 835 125 39 angiva
1543 837 49 28 ett
1613 835 155 30 bestämt

245 879 106 36 antal,
371 880 72 29 kan
462 880 11 29 i
494 881 115 29 stället
628 881 69 30 den
717 883 111 38 vägen
846 882 125 39 väljas,
993 885 51 27 att
1063 883 368 41 fångvårdsstyrelsen
1451 886 133 39 årligen
1605 887 81 38 äger
1705 896 61 20 an-

245 929 103 30 ställa
369 930 40 30 så
430 930 128 40 många
582 932 199 39 aspiranter
803 942 75 20 som
898 933 175 30 beräknas
1094 934 123 30 kunna
1237 935 58 30 vid
1317 936 186 38 godkända
1523 946 87 30 prov
1632 937 134 30 erhålla

248 982 97 28 extra
365 981 177 30 ordinarie
562 983 218 39 anställning
801 983 96 30 inom
916 985 104 38 högst
1040 986 51 28 tre
1115 985 49 31 år.

291 1030 89 31 Över
399 1031 271 40 ifrågavarande
692 1033 132 40 förslag
846 1035 149 39 avgivna
1014 1037 190 37 yttranden
1226 1037 179 31 redovisas
1426 1037 10 29 i
1459 1038 265 40 propositionen
1746 1039 18 29 å

247 1089 25 21 s.
296 1081 141 30 58—-61.

242 1198 236 36 Utredningen
497 1200 178 35 angående
694 1202 416 36 personalutbildningen.

293 1275 501 42 Straffverkställighetslagen
818 1278 154 35 fastslår,
999 1281 50 28 att
1072 1279 143 41 intagen
1242 1281 90 30 skall
1356 1281 193 32 behandlas
1574 1283 81 29 med
1680 1282 90 30 fast-

246 1325 60 30 het
326 1326 66 29 och
413 1325 111 31 allvar
545 1327 66 30 och
632 1328 82 29 med
736 1328 147 40 aktning
904 1329 56 30 för
981 1330 90 31 hans
1093 1331 310 30 människovärde.
1426 1331 78 30 Han
1527 1332 91 30 skall
1641 1333 125 38 syssel-

248 1376 109 29 sättas
380 1378 81 29 med
484 1376 159 41 lämpligt
667 1378 119 32 arbete
809 1379 65 30 och
897 1379 11 29 i
932 1380 113 39 övrigt
1068 1381 135 30 erhålla
1227 1381 111 30 sådan
1361 1382 214 39 behandling
1600 1384 51 28 att
1674 1383 95 30 hans.

247 1425 217 41 anpassning
494 1428 10 29 i
536 1428 187 30 samhället
754 1429 161 39 främjas.
949 1430 163 39 Skadliga
1143 1431 214 40 verkningar
1388 1442 43 20 av
1460 1432 304 30 frihetsförlusten

247 1475 99 31 skola
365 1476 106 30 såvitt
488 1477 139 40 möjligt
646 1478 219 40 förebyggas.
884 1479 67 30 Det
969 1481 39 29 är
1027 1480 107 40 enligt
1153 1481 449 41 fångvårdsutredningens
1622 1483 145 39 mening

246 1526 135 39 tydligt,
404 1528 51 28 att
477 1536 57 21 om
556 1528 102 30 dessa
680 1528 177 41 principer
879 1530 180 39 angående
1081 1540 43 21 en
1147 1532 442 39 anpassningsfrämjande
1611 1533 157 30 behand-

246 1575 72 40 ling
340 1576 100 30 skola
461 1577 122 31 kunna
606 1578 179 41 tillämpas
807 1579 11 30 i
840 1580 200 39 praktiken,
1062 1581 211 39 personalen
1295 1582 112 30 måste
1431 1592 83 21 vara
1536 1583 57 30 väl
1617 1583 148 30 skickad

246 1627 51 29 att
318 1626 118 31 utföra
457 1627 271 41 behandlingen.
750 1629 65 30 Det
836 1631 39 29 är
894 1632 81 29 med
997 1631 110 31 andra
1127 1632 64 29 ord
1212 1632 91 30 först
1324 1633 65 29 och
1410 1633 128 31 främst
1560 1634 125 39 frågan
1706 1643 57 20 om

246 1677 51 28 att
319 1676 247 32 åstadkomma
588 1680 49 28 ett
661 1680 74 38 gott
757 1680 277 39 personalurval.
1058 1681 75 30 Den
1158 1691 76 21 som
1260 1682 72 30 står
1355 1683 11 29 i
1390 1683 237 39 fångvårdens
1651 1684 116 39 tjänst

245 1725 63 30 bör
332 1726 45 31 ha
401 1727 161 40 förmåga
586 1730 50 28 att
662 1729 124 30 kunna
811 1731 120 39 uppnå
955 1731 66 30 och
1045 1731 139 31 behålla
1209 1742 44 20 en
1279 1733 65 39 god
1369 1733 151 30 kontakt
1545 1734 80 29 med
1652 1734 112 30 andra

245 1776 209 31 människor
471 1778 65 30 och
553 1778 45 31 ha
615 1788 44 20 en
679 1779 110 30 sådan
807 1780 132 30 allmän
956 1781 208 41 inställning
1181 1783 54 30 till
1253 1783 42 30 de
1312 1782 145 41 intagna
1476 1793 74 20 som
1570 1784 61 39 går
1647 1784 12 29 i
1676 1784 90 39 linje

245 1828 80 29 med
342 1827 120 39 lagens
479 1828 156 31 humana
653 1839 65 29 syn
735 1830 46 40 på
797 1830 356 41 fångbehandlingen.
1172 1832 123 40 Aldrig
1312 1833 38 31 så
1366 1833 91 39 höga
1474 1834 294 30 kvalitikationer

244 1877 11 29 i
293 1877 111 30 andra
442 1879 497 40 personlighetshänseenden,
968 1881 209 40 intelligens,
1207 1882 211 40 skicklighet
1446 1884 65 29 och
1539 1884 228 35 effektivitet,

244 1927 123 30 kunna
387 1927 77 32 icke
486 1930 162 39 uppväga
669 1930 268 31 framträdande
960 1931 127 30 brister
1109 1931 11 30 i
1142 1933 340 40 kontaktförmågan
1505 1934 84 30 eller
1611 1935 68 29 den
1703 1935 60 30 all-

243 1977 131 29 männa
396 1976 263 42 inställningen.
683 1980 78 29 Den
783 1989 74 21 som
880 1981 153 39 utväljes
1055 1981 63 31 bör
1141 1982 37 30 få
1200 1992 44 20 en
1266 1982 200 41 utbildning
1490 1993 76 20 som
1588 1986 78 28 rent
1690 1985 77 29 tek-

243 2026 97 31 niskt
358 2027 160 41 förhöjer
538 2029 67 30 den
624 2030 399 41 behandlingsförmåga
1042 2041 76 21 som
1139 2033 157 39 grundar
1317 2033 51 39 sig
1387 2033 46 40 på
1452 2034 90 30 hans
1562 2035 202 39 personliga

242 2077 226 41 egenskaper.
492 2079 241 40 Utredningen
757 2080 189 37 förmenar,
971 2083 51 29 att
1045 2091 43 21 en
1110 2083 136 39 verklig
1269 2083 394 42 fångvårdsutbildning
1685 2085 82 30 icke

242 2127 85 31 bara
349 2128 71 30 kan
441 2130 124 30 väntas
586 2129 94 31 bliva
702 2131 53 30 till
777 2131 112 30 fördel
911 2140 126 31 genom
1059 2134 50 28 att
1130 2133 379 40 befattningshavarna
1531 2134 93 31 bliva
1646 2136 119 29 skick-

242 2178 108 40 ligare
367 2180 87 29 utan
472 2180 88 30 även
576 2180 162 30 kommer
756 2183 50 28 att
823 2182 107 30 verka
949 2183 113 30 starkt
1079 2183 173 30 lockande
1267 2184 47 39 på
1330 2193 177 30 personer,
1525 2186 237 29 intresserade

243 2228 56 31 för
323 2228 287 38 människovård,
637 2232 66 28 och
729 2231 149 31 sålunda
902 2232 234 31 automatiskt
1161 2233 147 40 bidraga
1333 2234 52 30 till
1411 2244 43 20 en
1481 2235 214 40 förbättring
1720 2244 44 21 av

242 2279 275 39 rekryteringen.

288 2330 240 40 Utredningen
548 2331 160 35 föreslår,
730 2333 51 29 att
801 2332 245 40 utbildningen
1067 2344 42 20 av
1128 2335 212 39 personalen
1360 2336 129 30 ordnas
1510 2336 89 30 efter
1619 2336 58 30 två
1697 2336 67 29 lin-

242 2380 64 40 jer,
332 2390 42 21 av
398 2381 235 40 utredningen
658 2382 140 31 kallade
824 2384 66 29 den
917 2383 318 41 läkepedagogiska
1261 2385 110 39 linjen
1398 2386 65 30 och
1489 2386 276 31 anstaltsvårds-
