2202 2674
717 198 249 33 Statsutskottets
994 198 171 34 Utlåtande
1188 199 66 33 N:o
1277 200 21 31 7
1311 210 28 21 a.
1739 201 38 30 15

226 277 196 50 pröfning.
488 278 58 36 Då
592 277 122 51 öfriga
755 278 41 37 af
832 279 139 49 Kongl.
1015 279 127 50 Maj:ts
1181 280 174 37 bemälde
1397 279 426 51 befallningshafvande

228 330 229 49 ifrågasatta
500 330 189 50 åtgärder,
732 331 128 37 derest
889 332 44 36 de
963 332 63 36 vid
1057 337 173 32 närmare
1259 332 207 49 utredning
1494 332 139 37 funnes
1663 333 162 49 förtjena

227 382 194 49 afseende,
463 382 84 37 icke
586 383 133 37 kräfde
762 389 122 31 större
926 384 139 50 belopp
1109 390 46 31 än
1195 390 55 31 att
1284 385 123 37 medel
1436 385 125 36 dertill
1591 385 78 37 tills
1694 385 132 37 vidare

228 434 96 37 efter
366 434 102 37 hand
503 435 126 37 kunde
660 435 159 38 beredas
853 436 81 36 från
964 436 197 49 befintliga
1191 437 221 49 tillgångar,
1441 443 133 43 syntes
1603 437 135 49 anslag
1767 438 58 36 för

228 487 112 36 dessa
368 487 174 36 ändamål
571 487 84 37 icke
685 487 58 37 för
772 489 237 36 närvarande
1035 488 163 37 behöfva
1219 490 41 35 af
1274 489 220 49 Riksdagen
1516 489 171 50 begäras.
1731 489 90 37 Icke

227 539 121 36 heller
388 539 11 37 1
442 539 118 49 öfrigt
589 542 144 46 ansåge
762 541 60 48 sig
851 540 423 50 departementschefen
1302 542 59 36 för
1388 542 237 36 närvarande
1654 555 72 35 ega
1755 555 65 23 an-

227 591 160 49 ledning
428 597 55 31 att
526 592 151 37 förorda
711 592 286 50 framställning
1025 593 58 37 till
1112 593 221 50 Riksdagen
1362 607 59 24 om
1452 594 118 37 ökadt
1598 595 137 48 anslag
1763 594 58 36 till

226 643 346 51 fiskerinäringens
602 645 219 49 understöd,
853 651 102 31 utom
985 646 58 36 för
1072 645 177 38 bildande
1279 647 42 36 af
1341 647 73 36 den
1436 647 112 36 ofvan
1571 647 249 37 omförmälda

227 696 243 37 lånefonden.
526 697 134 36 Denna
703 698 179 36 lånefond
925 704 132 43 syntes
1091 699 95 36 dock
1223 699 89 37 böra
1342 701 36 34 få
1407 699 137 37 anlitas
1573 699 57 37 till
1660 699 161 37 befräm-

221 749 118 48 jande
381 749 42 36 af
460 749 32 49 ej
523 750 162 36 allenast
714 750 212 49 hafsfisket,
956 759 89 28 utan
1076 751 111 37 äfven
1218 752 116 36 andra
1363 751 122 37 fisken
1515 752 42 36 af
1581 752 239 49 betydligare

231 801 264 37 beskaffenhet
535 801 13 37 i
582 802 117 36 rikets
729 803 142 49 insjöar
901 803 70 37 och
1000 803 130 37 floder.
1187 804 177 37 Fondens
1393 804 150 49 belopp,
1574 803 160 49 hvilket,
1764 807 57 33 så-

227 867 82 23 som
348 854 148 49 antydt,
540 854 77 36 tills
660 855 129 36 vidare
833 855 113 37 borde
989 855 232 37 bestämmas
1255 856 53 37 till
1343 858 162 46 100,000
1534 857 139 36 kronor
1702 856 117 37 borde

228 905 129 37 kunna
386 906 191 36 anskaffas
606 919 139 36 genom
776 907 135 49 anslag
939 908 120 36 under
1088 908 129 49 loppet
1246 909 41 35 af
1311 911 63 34 två
1404 911 49 34 år.

357 957 133 37 Såsom
520 958 125 37 vilkor
673 959 57 36 för
758 959 61 37 lån
849 960 80 36 från
959 960 122 36 denna
1111 961 90 36 fond
1230 966 135 43 syntes
1396 960 422 50 departementschefen

227 1009 92 37 böra
349 1010 176 49 stadgas:

357 1062 35 49 a)
436 1069 56 30 att
535 1062 62 37 lån
639 1063 211 48 beviljades
893 1063 116 49 högst
1042 1063 56 36 till
1127 1064 138 50 belopp
1295 1065 268 36 motsvarande
1592 1067 64 34 två
1683 1064 140 49 tredje-

228 1113 105 38 delar
362 1114 40 36 af
426 1114 134 37 värdet
589 1115 41 36 al
653 1115 63 37 båt
745 1115 70 37 och
836 1115 177 50 redskap,
1035 1116 115 37 hvars
1172 1117 248 36 anskaffande
1441 1117 83 36 med
1546 1117 103 36 lånet
1670 1117 152 49 afsåges

229 1171 56 32 att
314 1167 260 48 understödja,
597 1167 93 37 eller
715 1167 41 37 af
781 1167 73 38 den
882 1168 227 49 inrättning,
1140 1169 115 37 hvars
1284 1169 243 49 anläggande
1555 1169 105 37 lånet
1689 1169 132 49 afsåge

229 1224 56 31 att
312 1218 265 50 understödja;

361 1272 33 49 b)
424 1277 55 31 att
508 1272 57 36 för
593 1272 104 36 lånet
725 1272 124 37 skulle
879 1272 131 37 ställas
1040 1273 192 48 säkerhet,
1262 1286 79 24 som
1367 1273 224 50 godkändes
1621 1274 42 36 af
1677 1273 143 49 Kongl.

228 1323 108 49 Maj:t
377 1324 92 37 eller
510 1324 75 37 den
627 1324 241 49 myndighet,
913 1328 36 33 åt
990 1325 157 37 hvilken
1187 1326 140 49 Kongl.
1358 1326 105 49 Maj:t
1492 1326 199 50 uppdroge
1720 1326 101 50 pröf-

228 1375 145 49 ningen
403 1376 123 47 deraf;

357 1432 30 41 c)
417 1434 55 31 att
500 1429 58 36 för
585 1428 101 37 lånet
715 1429 123 37 skulle
868 1429 178 49 erläggas
1075 1432 64 34 två
1169 1435 157 44 procent
1354 1430 96 49 årlig
1475 1434 121 44 ränta,
1617 1430 96 37 dock
1736 1430 84 37 med

228 1480 227 50 skyldighet
495 1481 59 37 för
595 1480 223 50 låntagaren
848 1487 66 43 att,
944 1482 128 37 derest
1100 1482 165 37 förfallet
1294 1482 284 50 kapitalbelopp
1606 1482 83 37 icke
1718 1482 102 37 inom

229 1532 257 38 föreskrifven
515 1533 51 37 tid
596 1533 249 49 inbetalades,
876 1534 89 37 derå
994 1534 155 49 erlägga
1175 1535 70 36 den
1270 1534 120 49 högre
1410 1540 121 44 ränta,
1553 1534 138 50 Kongl.
1714 1535 108 49 Maj:t

230 1584 119 37 funne
379 1585 145 49 skäligt
553 1586 228 45 bestämma;

360 1637 36 49 d)
440 1643 55 31 att
537 1638 102 36 lånet
682 1638 124 36 skulle
842 1637 227 37 återbetalas
1099 1637 173 49 sålunda,
1302 1644 55 31 att
1386 1638 63 37 vid
1479 1639 116 37 slutet
1625 1638 41 37 af
1690 1638 132 50 hvarje

231 1688 41 36 af
310 1688 46 37 de
399 1692 77 35 åtta
513 1693 52 45 år,
600 1703 79 23 som
710 1690 114 49 följde
853 1695 86 32 näst
968 1690 96 37 efter
1092 1690 76 48 det,
1199 1691 217 36 hvarunder
1443 1691 104 37 lånet
1576 1691 90 37 eller
1694 1693 126 47 någon

231 1740 62 37 del
322 1740 109 38 deraf
454 1741 145 49 lyftats,
629 1741 238 38 inbetalades
897 1756 47 22 en
973 1742 218 37 åttondedel
1212 1743 42 36 af
1273 1743 277 50 lånebeloppet,
1573 1743 86 37 med
1679 1743 141 49 Kongl.

230 1792 107 50 Maj:t
377 1793 237 38 förbehållen
650 1799 76 32 rätt
754 1800 67 42 att,
851 1794 127 37 derest
1007 1795 164 48 stadgad
1199 1794 163 50 kapital-
1391 1795 92 37 eller
1511 1795 311 49 räntebetalning

230 1844 85 37 icke
357 1845 10 36 1
410 1850 75 33 rätt
527 1846 54 37 tid
615 1845 238 51 fullgjordes,
884 1846 163 49 tidigare
1076 1846 208 38 återfordra
1314 1847 64 37 det
1407 1847 168 50 oguldna
1604 1847 218 51 lånebelop-

232 1902 84 44 pet;
347 1904 100 30 samt

361 1953 32 43 e)
437 1956 56 31 att
521 1950 224 50 låntagaren
776 1950 123 38 skulle
927 1951 11 36 i
968 1951 118 49 öfrigt
1116 1964 89 23 vara
1233 1951 260 38 underkastad
1523 1953 73 36 alla
1626 1952 45 37 de
1700 1951 125 37 vilkor

233 2001 71 37 och
332 2002 220 50 kontroller,
582 2016 81 24 som
693 2002 40 38 af
758 2003 140 49 Kongl.
928 2003 106 50 Maj:t
1062 2003 204 51 pröfvades
1296 2003 183 51 lämpliga
1508 2006 70 37 och
1608 2004 152 49 nödiga.

362 2262 17 37 I
422 2262 401 39 öfverensstämmelse
866 2265 85 36 med
989 2264 72 37 den
1091 2264 168 50 mening,
1289 2265 189 36 utskottet
1506 2264 164 37 sistlidet
1698 2267 40 34 år
1765 2269 58 32 ut-

234 2313 125 38 talade
402 2315 70 37 och
502 2315 157 38 hvilken
689 2316 47 37 då
764 2316 41 37 af
829 2316 224 50 Riksdagen
1082 2317 238 49 godkändes,
1350 2330 111 24 anser
1490 2317 188 37 utskottet
1707 2329 117 37 ange-
