1922 2808
500 146 412 34 Konstitutionsutskottets
931 151 165 30 utlåtande
1117 154 47 28 Nr
1185 154 48 30 14.

201 226 227 44 Contracting
451 228 133 33 Parties
608 230 35 32 in
660 234 131 39 respect
807 233 37 31 of

201 281 68 31 any
293 270 118 32 article
435 272 162 41 exported
621 275 35 30 to
673 272 57 33 the
742 275 98 31 terri-

200 315 80 40 tory
313 312 37 32 of
374 313 60 32 the
457 313 106 39 other,
587 315 85 32 than
695 316 83 32 such
802 328 36 21 as

200 365 58 21 are
281 366 37 21 or
340 366 80 31 may
438 356 39 31 be
492 357 146 41 payable
657 357 35 32 in
709 362 130 38 respect

199 397 37 31 of
256 407 19 21 a
297 397 69 31 like
390 397 119 32 artiele
533 400 162 41 exported
718 403 35 29 to
770 412 69 31 any

199 438 98 31 other
320 439 132 41 foreign
476 444 150 39 country.

241 480 152 32 Further
416 481 58 31 the
498 482 93 41 High
616 482 221 44 Contracting

199 521 134 33 Parties
358 534 100 30 agree
473 524 35 31 to
526 527 103 38 grant
644 525 81 32 each
741 526 97 32 other

199 566 88 30 most
325 564 164 33 favoured
517 567 115 31 nation
656 570 182 30 treatment

198 606 36 31 in
272 606 47 32 all
361 608 77 30 that
476 607 124 33 relates
638 612 36 29 to
712 611 126 31 transit

198 648 123 39 duties,
370 649 247 42 warehousing,
672 652 165 38 bounties,

197 693 146 29 customs
377 691 170 39 facilities,
582 693 59 31 the
669 694 167 32 examina-

198 732 71 32 tion
303 733 67 31 and
404 735 249 40 appraisement
686 736 35 31 of
753 747 83 21 mer-

197 774 167 39 ehandise,
389 776 67 31 and
483 776 203 33 drawbacks.

408 877 134 33 Article
565 877 64 32 IX.

238 934 53 32 No
315 935 114 31 duties
453 936 38 31 of
504 938 153 41 tonnage,
675 937 159 40 harbour,

195 976 162 42 pilotage,
391 976 206 42 lighthouse,
633 981 202 39 quarantine

196 1028 37 21 or
266 1018 95 32 other
398 1019 114 32 duties
546 1031 37 20 or
616 1020 142 42 charges
793 1033 42 20 on

196 1059 103 43 ships,
335 1071 137 30 cargoes
506 1073 36 20 or
565 1063 210 41 navigation,
799 1065 38 30 of

195 1101 175 32 whatever
394 1105 132 40 nature,
550 1115 37 20 or
603 1105 107 31 under
727 1105 106 32 what-

195 1153 76 21 ever
305 1143 265 39 denomination,
599 1146 89 31 shall
712 1147 39 31 be
773 1148 61 31 im-

194 1186 101 41 posed
330 1186 35 31 in
398 1187 58 31 the
484 1188 163 42 territory
670 1189 36 31 of
727 1189 108 32 either

194 1230 146 40 country
374 1239 89 31 upon
492 1229 55 32 the
571 1230 126 32 vessels
720 1231 36 31 of
776 1232 57 31 the

194 1269 95 32 other
323 1273 155 40 country,
512 1271 111 32 which
658 1272 89 32 shall
774 1277 59 28 not

194 1312 139 42 equally
377 1313 66 31 and
490 1313 106 32 under
640 1315 60 31 the
741 1326 92 21 same

194 1353 189 33 conditions
406 1355 40 32 be
469 1356 150 42 imposed
635 1357 35 31 in
687 1357 60 32 the
763 1358 70 32 like

193 1406 93 21 cases
321 1408 41 20 on
394 1397 153 32 national
570 1399 124 31 vessels
717 1400 36 31 in
776 1411 55 30 ge-

192 1439 95 30 neral
310 1449 36 21 or
361 1439 129 32 vessels
506 1440 37 31 of
557 1451 20 20 a
592 1441 96 32 third
701 1441 128 32 Power.

193 1478 87 33 Such
306 1481 157 42 equality
485 1483 37 30 of
541 1485 181 30 treatment
743 1483 89 32 shall

192 1522 106 42 apply
322 1523 221 43 reciprocally
566 1527 34 29 to
628 1525 57 32 the
702 1536 127 32 respec-

191 1565 71 30 tive
285 1565 135 37 vessels,
445 1565 86 32 from
559 1567 173 32 whatever
755 1573 76 37 port

191 1616 37 21 or
261 1606 94 42 place
389 1606 82 43 they
505 1619 79 31 may
618 1610 121 41 arrive,
764 1610 66 31 and

191 1647 174 33 whatever
398 1660 80 31 may
505 1650 39 31 be
566 1650 90 32 their
678 1651 94 42 place
796 1652 37 31 of

190 1688 223 34 destination.

410 1767 133 32 Article
566 1768 42 31 X.

232 1824 40 32 In
297 1825 48 31 all
369 1826 77 31 that
469 1837 155 22 concerns
641 1828 61 31 the
718 1832 109 29 enter-

189 1866 69 42 ing,
283 1867 160 42 clearing,
467 1870 197 41 stationing,
688 1871 141 43 loading

188 1909 65 30 and
290 1909 185 43 unloading
503 1911 35 31 of
562 1912 127 31 vessels
713 1913 35 31 in
771 1914 57 31 the

188 1953 103 70 ports,
327 1951 124 39 basins,
487 1953 110 39 docks,
620 1955 207 39 roadsteads,

213 1992 150 39 arbours,
398 2005 36 20 or
467 1995 108 31 rivers
609 1996 36 31 of
676 1996 57 32 the
762 2000 67 29 two

188 2036 184 37 countries,
407 2047 41 20 no
482 2037 167 41 privilege
676 2039 89 30 shall
788 2040 40 31 be

188 2077 143 72 granted
349 2077 46 42 by
412 2088 61 21 one
492 2079 92 41 High
607 2079 222 43 Contracting

216 2121 79 39 arty
312 2121 37 29 to
365 2119 129 32 vessels
512 2121 36 31 of
562 2132 19 20 a
597 2122 94 31 third
708 2122 120 33 Power

188 2160 110 32 which
312 2160 90 32 shall
412 2165 58 28 not
480 2163 137 43 equally
629 2165 39 31 be
680 2166 147 40 granted

188 2205 33 28 to
244 2203 57 31 the
323 2204 129 32 vessels
475 2206 38 30 of
532 2205 56 32 the
611 2206 98 32 other
731 2207 95 42 High

187 2244 225 44 Contracting
435 2246 122 43 Party;
581 2248 58 32 the
656 2249 170 32 intention

187 2287 37 31 of
245 2287 59 32 the
328 2288 95 42 High
447 2288 222 44 Contracting
689 2290 137 33 Parties

188 2329 99 42 being
320 2330 76 32 that
429 2330 57 32 the
520 2333 126 31 vessels
679 2335 35 29 of
745 2334 81 31 each

187 2370 91 32 shall
300 2372 129 32 receive
452 2373 35 30 in
505 2384 102 32 every
624 2378 129 39 respect
769 2376 57 32 the

186 2415 186 30 treatment
398 2415 162 31 accorded
583 2419 35 29 to
642 2418 125 32 vessels
791 2418 38 31 of

188 2454 57 32 the
268 2459 88 28 most
378 2456 162 32 favoured
563 2458 127 32 nation.

912 238 100 32 tande
1032 243 175 34 parternas
1228 241 131 33 område
1380 242 163 38 påläggas

912 292 90 27 vara,
1026 293 67 21 som
1116 283 127 32 utföres
1266 284 53 31 till
1342 284 61 32 den
1422 285 120 32 andras

912 324 143 38 område,
1081 329 42 27 än
1149 325 83 39 dem,
1260 338 68 20 som
1352 331 56 28 äro
1433 328 111 32 åsatta

913 365 80 33 eller
1024 366 113 33 kunna
1170 367 131 33 komma
1333 373 50 28 att
1416 370 127 32 åsättas

911 409 232 32 motsvarande
1160 421 82 21 vara
1256 411 56 31 vid
1330 412 142 32 utförsel
1488 412 54 32 till

910 449 106 33 vilket
1038 462 68 20 som
1129 451 87 32 helst
1238 456 101 28 annat
1359 453 86 34 land.

955 491 50 34 De
1027 492 86 38 höga
1136 493 311 38 fördragsslutande
1467 507 74 26 par-

910 536 95 30 terna
1035 535 268 33 överenskomma
1336 537 112 32 vidare
1493 541 48 28 att

909 576 153 39 medgiva
1109 578 167 32 varandra
1322 580 221 38 mestgynnad

909 619 131 33 nations
1061 619 201 40 behandling
1283 621 10 32 i
1315 621 61 34 allt
1399 622 64 32 vad
1485 634 54 20 an-

909 661 62 37 går
1012 662 392 39 transiteringsavgifter,
1443 676 97 19 varu-

908 703 258 39 magasinering,
1191 705 150 38 premier,
1367 705 173 33 tullättna-

910 743 66 39 der,
1003 746 248 39 undersökning
1276 747 59 32 och
1363 748 178 38 värdering

908 798 43 20 av
970 786 239 34 handelsvaror
1230 793 86 28 samt
1335 789 205 32 drawbacks.

1110 889 136 32 Artikel
1273 890 62 32 IX.

952 946 86 39 Inga
1079 950 166 36 tonnage-,
1286 948 122 39 hamn-,
1451 950 87 37 lots-,

908 988 82 38 fyr-,
1020 988 196 33 karantäns-
1246 990 79 32 eller
1354 991 102 32 andra
1483 1003 54 19 av-

908 1030 105 38 gifter
1039 1031 80 32 eller
1147 1032 152 38 pålagor,
1328 1044 41 20 av
1396 1033 64 31 vad
1487 1032 51 32 be-

908 1072 195 33 skaffenhet
1137 1073 81 32 eller
1252 1073 199 40 benämning
1485 1075 54 31 det

906 1125 82 20 vara
1012 1115 64 38 må,
1101 1124 71 22 som
1196 1115 171 38 uppbäras
1393 1116 52 32 för
1471 1116 67 31 far-

905 1158 74 36 tyg,
999 1155 66 32 last
1084 1156 80 32 eller
1185 1157 131 39 sjöfart,
1338 1158 93 32 skola
1451 1158 87 32 inom

906 1197 181 38 någotdera
1112 1199 129 32 landets
1267 1200 132 32 område
1422 1200 115 38 påläg-

906 1250 61 27 gas
1005 1240 54 31 det
1096 1240 105 32 andra
1240 1241 129 32 landets
1408 1242 129 38 fartyg,

906 1281 73 32 med
1001 1281 127 33 mindre
1152 1282 39 32 de
1214 1283 161 33 likaledes
1398 1284 58 32 och
1480 1296 56 19 un-

906 1323 57 32 der
992 1335 125 21 samma
1145 1324 125 33 villkor
1295 1326 12 31 i
1335 1329 201 29 motsvaran-

905 1365 39 31 de
983 1365 63 32 fall
1083 1366 165 39 påläggas
1286 1367 129 33 landets
1453 1380 84 27 egna

906 1406 118 39 fartyg
1064 1408 12 31 i
1117 1409 180 32 allmänhet
1328 1410 79 32 eller
1436 1422 100 20 envar

904 1449 105 37 tredje
1032 1449 110 33 makts
1167 1450 129 40 fartyg.
1343 1452 107 37 Dylik
1474 1452 61 32 lik-

905 1491 174 38 ställighet
1112 1493 12 30 i
1159 1492 243 40 behandlingen
1449 1494 86 31 skall

901 1533 195 38 ömsesidigt
1117 1534 173 38 tillämpas
1311 1536 43 37 på
1376 1535 157 39 respekti-

903 1586 39 21 ve
962 1575 129 39 fartyg,
1110 1576 78 32 från
1208 1577 112 32 vilken
1339 1578 98 31 hamn
1456 1578 80 32 eller

904 1620 51 28 ort
980 1617 38 31 de
1042 1622 41 27 än
1109 1619 53 31 må
1185 1618 131 33 komma
1341 1620 59 32 och
1423 1620 111 32 vilken

903 1657 311 35 bestämmeseorten
1238 1665 40 27 än
1302 1662 53 31 må
1378 1673 91 21 vara.

1117 1778 137 33 Artikel
1276 1778 43 34 X.

945 1836 19 31 I
993 1836 62 32 allt
1083 1837 64 32 vad
1176 1838 107 38 angår
1313 1838 135 40 fartygs
1478 1851 54 20 an-

900 1877 120 40 komst,
1039 1879 182 40 klarering,
1241 1880 194 40 förtöjning,
1454 1881 79 32 last-

900 1920 82 38 ning
999 1920 59 32 och
1076 1921 150 39 lossning
1243 1922 11 31 i
1274 1922 39 32 de
1331 1924 57 31 två
1407 1923 125 32 länder-

900 1973 59 20 nas
986 1962 172 39 sjöstäder,
1184 1964 192 39 bassänger,
1402 1965 131 38 dockor,

899 2002 106 40 kajer,
1031 2004 139 32 hamnar
1196 2006 80 32 eller
1303 2007 116 39 floder,
1446 2007 88 32 skall

899 2045 74 32 icke
988 2057 42 20 av
1046 2047 188 37 någondera
1250 2060 42 19 av
1308 2049 39 31 de
1363 2049 85 38 höga
1466 2050 66 31 för-

901 2086 257 38 dragsslutande
1182 2093 156 34 parterna
1360 2091 171 38 medgivas

899 2141 39 20 en
955 2130 105 38 tredje
1077 2131 110 32 makts
1205 2131 120 40 fartyg
1341 2134 107 38 någon
1466 2134 65 31 för-

900 2172 86 39 mån,
1017 2184 69 20 som
1115 2173 73 33 icke
1219 2174 160 34 likaledes
1410 2176 121 39 medgi-

898 2225 57 20 ves
996 2214 60 32 den
1086 2216 105 32 andra
1221 2217 310 39 fördragsslutande

900 2259 135 35 partens
1054 2257 130 40 fartyg,
1202 2263 78 28 enär
1299 2260 54 32 det
1370 2265 37 27 är
1423 2261 38 31 de
1475 2261 54 31 hö-

899 2310 43 26 ga
961 2298 313 39 fördragsslutande
1292 2306 172 33 parternas
1475 2315 55 19 av-

899 2340 79 39 sikt,
1005 2345 51 28 att
1082 2343 141 32 vardera
1250 2348 135 33 partens
1413 2345 119 38 fartyg

899 2382 93 32 skola
1009 2384 11 30 i
1038 2383 68 33 alla
1122 2386 183 31 avseenden
1323 2386 130 38 åtnjuta
1470 2386 60 32 den

897 2423 212 41 behandling,
1129 2438 69 20 som
1215 2427 202 33 tillkommer
1434 2432 96 29 mest-

897 2467 137 37 gynnad
1056 2467 131 33 nations
1211 2468 130 40 fartyg.
