1916 2818
280 156 44 30 34
677 162 116 30 Andra
815 161 238 36 lagutskottets
1076 161 174 31 utlåtande
1271 162 50 30 Nr
1346 162 49 31 17.

287 246 248 35 utredningens
565 246 128 36 förslag
720 246 261 36 uppsiktslagen
1010 246 110 30 skulle
1150 246 140 29 komma
1319 248 49 27 att
1396 246 205 29 utsträckas.
1632 245 120 31 Såsom
1781 246 11 30 i

289 289 69 30 den
383 289 178 29 allmänna
585 288 247 35 motiveringen
859 287 208 30 framhållits
1095 288 86 29 lärer
1207 288 285 36 åbyggnadernas
1520 287 274 31 iståndsättande

289 330 22 31 å
336 332 42 28 de
401 330 278 34 arrendeställen,
706 330 93 29 vilka
825 331 140 28 komma
992 333 48 27 att
1066 330 163 29 omfattas
1256 340 42 19 av
1325 330 64 29 den
1418 330 194 36 föreslagna
1640 330 151 36 nybygg-

289 372 341 36 nadsskyldigheten,
649 372 31 35 ej
702 372 110 29 sällan
833 373 183 29 förutsätta
1036 381 44 20 en
1100 372 66 29 viss
1187 372 274 35 rationalisering
1482 381 42 20 av
1545 371 139 37 jordens
1706 380 87 27 upp-

289 415 139 35 delning
446 416 9 28 i
473 415 171 29 särskilda
662 414 298 35 brukningsdelar.
981 414 63 29 Det
1063 422 79 21 vore
1160 414 173 35 knappast
1352 414 136 35 rimligt,
1510 423 57 20 om
1586 413 207 36 jordägaren

289 457 12 29 i
328 456 121 31 sådant
477 457 62 29 fall
566 456 236 36 ovillkorligen
831 456 109 29 skulle
966 466 83 20 vara
1077 458 147 33 tvungen
1252 458 49 27 att
1327 455 206 30 underhålla
1561 455 230 36 åbyggnader,

290 499 93 30 vilka
408 508 39 20 ur
471 498 396 36 jordbruksekonomisk
892 499 177 35 synpunkt
1094 498 95 29 blivit
1214 498 69 29 helt
1309 497 222 36 överflödiga.
1558 497 99 30 Detta
1683 498 112 30 skulle

289 541 190 30 emellertid
504 541 120 29 kunna
649 540 90 29 bliva
765 540 106 33 fallet,
896 549 56 20 om
977 539 265 36 ifrågavarande
1268 540 88 35 regel
1382 540 189 29 bibehölles
1597 540 78 29 med
1700 539 92 30 oför-

290 584 135 29 ändrad
452 582 205 35 avfattning.
686 582 122 29 Denna
836 582 126 29 hänför
990 582 51 29 till
1070 582 160 29 vanhävd
1260 581 130 30 sådana
1419 582 71 34 fall,
1522 580 44 31 då
1595 582 200 35 byggnader

291 626 134 29 lämnas
449 628 86 26 utan
559 623 182 31 underhåll
765 623 20 31 å
810 624 206 36 exempelvis
1043 626 47 27 ett
1114 624 185 35 torpställe,
1327 633 77 20 vars
1430 623 78 36 jord
1534 623 182 36 övertagits
1742 623 53 30 till

290 668 180 29 brukande
490 667 111 30 under
621 665 258 37 huvudgården,
899 666 81 30 eller
999 665 20 31 å
1040 676 41 19 en
1102 665 230 36 arrendegård
1352 666 124 34 vilken,
1497 666 111 29 ehuru
1629 666 67 29 den
1716 665 77 30 tidi-

290 717 80 29 gare
399 711 131 28 lämnat
558 709 173 29 brukaren
760 708 231 36 huvudsaklig
1020 708 177 36 bärgning,
1227 708 132 29 funnits
1388 709 84 28 böra
1502 708 50 29 till
1582 708 211 35 gemensamt

289 753 91 29 bruk
402 752 276 34 sammanläggas
700 751 78 29 med
799 759 116 21 annan
937 749 241 36 arrendegård.
1201 750 51 29 Då
1275 750 103 35 enligt
1400 749 394 36 arrendeutredningens

290 794 139 36 mening
451 803 42 20 en
518 793 318 35 sammanslagning
861 802 41 20 av
926 792 288 35 brukningsdelar
1239 793 61 28 bör
1325 792 206 29 obehindrat
1557 790 36 31 få
1617 792 62 35 äga
1704 801 89 25 rum,

290 846 59 20 om
373 837 64 29 den
461 835 137 30 medför
622 835 187 35 väsentliga
834 834 149 29 fördelar
1009 835 54 28 för
1087 833 327 36 jordbruksdriften,
1439 834 63 28 har
1528 832 266 36 ifrågavarande

288 879 120 35 stycke
425 878 142 30 ändrats
586 878 9 29 i
613 876 338 31 överensstämmelse
970 876 155 29 härmed.
1145 875 72 30 Vad
1235 875 171 30 beträffar
1424 876 41 29 de
1485 874 307 37 befolkningspoli-

289 921 93 29 tiska
405 921 123 35 syften,
553 929 74 20 som
649 918 182 37 åberopats
854 919 50 29 till
927 919 75 29 stöd
1026 918 54 29 för
1104 918 200 29 nuvarande
1328 918 156 35 ordning,
1508 918 74 29 lära
1606 918 98 29 dessa
1726 916 66 30 till-

287 963 145 35 godoses
452 963 111 29 bättre
583 969 121 29 genom
723 963 46 27 ett
789 960 299 36 uppsiktssystem,
1110 969 73 20 som
1203 960 63 29 har
1287 959 189 30 vidsträckt
1496 959 230 36 tillämpning,
1748 960 46 28 än

288 1012 127 29 genom
438 1007 46 27 ett
508 1004 118 30 ailtför
649 1004 145 35 rigoröst
819 1002 113 36 tvång,
958 1012 75 20 som
1057 1002 250 35 upprätthålles
1333 1001 143 30 allenast
1501 1001 221 29 beträffande
1745 1003 49 28 ett

289 1047 135 30 relativt
446 1047 185 35 begränsat
653 1046 93 29 antal
768 1044 210 36 fastigheter.

468 1150 546 41 Förfogandelagstiftningens
1039 1149 280 32 användbarhet
1344 1149 77 32 mot
1443 1149 177 32 vanhävd.

333 1229 135 31 Allmän
487 1229 263 38 förfogandelag
771 1228 201 31 utfärdades
994 1229 67 29 den
1081 1229 40 28 22
1141 1228 75 36 juni
1241 1228 83 29 1939
1352 1227 53 36 (nr
1425 1226 91 37 293).
1539 1227 115 36 Lagen
1674 1227 122 30 trädde

288 1280 11 30 i
321 1281 93 30 kraft
436 1281 66 30 den
525 1281 42 29 28
588 1280 75 36 juni
687 1280 82 29 1939
792 1279 66 30 och
879 1279 111 36 gällde
1014 1278 50 30 till
1088 1278 64 30 och
1175 1280 78 29 med
1276 1279 66 29 den
1365 1278 37 29 31
1428 1287 92 20 mars
1546 1278 93 29 1940.
1664 1277 131 30 Genom

287 1332 57 36 lag
368 1332 66 30 den
457 1331 41 29 30
524 1340 94 20 mars
645 1330 81 30 1940
757 1329 55 38 (nr
839 1328 71 39 168)
941 1329 109 29 erhöll
1074 1328 307 36 förfogandelagen
1405 1327 139 30 fortsatt
1568 1327 153 37 giltighet
1744 1327 51 30 till

287 1381 68 30 och
374 1381 79 30 med
472 1381 68 29 den
561 1381 41 29 30
622 1380 74 36 juni
718 1380 94 35 1941,
835 1379 169 35 varjämte
1024 1378 92 30 vissa
1136 1378 188 35 ändringar
1343 1378 155 35 vidtogos
1519 1376 11 31 i
1550 1378 84 29 4—6
1655 1377 51 37 $$.
1728 1377 69 30 För

286 1433 52 28 att
357 1431 114 36 lagens
491 1430 383 30 huvudbestämmelser
898 1429 118 38 (2—22
1038 1428 52 39 $$)
1117 1429 96 29 skola
1232 1428 100 30 träda
1351 1428 10 29 i
1381 1428 221 36 tillämpning
1621 1427 175 30 erfordras

285 1481 191 31 emellertid
496 1481 140 30 särskilt
655 1480 236 30 förordnande
911 1480 131 29 därom.
1064 1478 128 30 Sådant
1211 1478 237 30 förordnande
1466 1476 58 31 må
1543 1478 175 29 meddelas
1737 1477 59 30 vid

287 1531 78 37 krig
384 1532 79 29 eller
483 1530 182 37 krigsfara,
687 1530 72 30 vari
780 1530 89 29 riket
888 1529 160 30 befinner
1068 1528 59 37 sig,
1148 1529 80 29 eller
1247 1528 98 36 eljest
1364 1528 111 29 under
1495 1527 300 36 utomordentliga,

288 1591 43 21 av
356 1582 74 35 krig
452 1581 207 30 föranledda
681 1579 254 31 förhållanden.
962 1579 248 31 Förordnande
1233 1579 175 29 meddelas
1431 1588 42 20 av
1499 1577 193 36 Konungen
1715 1577 81 30 med

287 1632 202 36 riksdagens
510 1631 186 36 samtycke,
718 1631 90 29 dock
829 1632 58 34 att,
909 1631 64 28 när
992 1630 185 34 riksdagen
1198 1629 30 36 ej
1252 1630 38 28 är
1312 1629 142 35 samlad,
1478 1626 226 38 provisoriskt
1725 1626 70 31 för-

286 1682 181 30 ordnande
488 1680 60 31 må
570 1681 174 29 meddelas
767 1689 43 21 av
835 1680 191 34 Konungen
1052 1688 127 20 ensam.
1205 1679 131 29 Genom
1360 1678 205 35 kungörelse
1588 1678 66 30 den
1677 1677 20 29 6
1721 1685 74 28 sep-

287 1732 134 29 tember
445 1731 83 30 1939
558 1730 54 38 (nr
635 1729 73 39 624)
737 1730 204 29 meddelade
965 1729 124 36 Kungl.
1115 1728 99 36 Maj:t
1237 1728 245 35 förordnande,
1508 1737 121 20 varom
1651 1736 81 27 nyss
1757 1728 40 29 är

287 1785 86 33 sagt,
401 1784 48 28 att
474 1781 94 37 gälla
594 1781 68 29 tills
688 1780 127 35 vidare,
845 1779 105 30 vilket
977 1779 237 30 förordnande
1240 1778 184 36 riksdagen
1452 1777 10 30 i
1490 1777 163 30 skrivelse
1681 1777 65 31 den
1777 1777 17 29 7

286 1832 147 30 oktober
457 1832 85 30 1939
572 1830 54 39 (nr
648 1830 29 38 9)
708 1830 200 30 förklarade
932 1829 49 36 sig
1004 1829 91 36 gilla.
1121 1829 261 30 Förordnandet
1405 1828 39 30 är
1467 1828 135 36 alljämt
1626 1827 169 36 gällande.

334 1882 114 36 Enligt
469 1883 19 29 2
512 1881 18 37 $
555 1882 176 30 allmänna
751 1880 309 36 förfogandelagen
1083 1880 80 35 äger
1184 1879 192 36 Konungen
1397 1896 44 3 —
1462 1879 63 29 där
1548 1877 38 31 så
1608 1877 113 30 finnes
1745 1886 50 21 er-

287 1932 179 36 forderligt
486 1932 56 30 för
560 1935 49 27 att
628 1932 94 29 inom
741 1931 89 30 riket
849 1931 80 29 eller
947 1929 95 31 inom
1063 1930 82 30 visst
1164 1929 142 30 område
1325 1938 42 21 av
1386 1929 87 29 riket
1493 1928 179 36 tillgodose
1690 1927 105 30 beho-

287 1986 57 27 vet
363 1992 42 21 av
423 1982 240 35 förnödenhet,
685 1991 73 20 som
779 1983 40 28 är
837 1991 42 21 av
898 1981 72 29 vikt
989 1980 56 30 för
1064 1979 246 37 befolkningen
1329 1979 81 29 eller
1427 1978 267 37 produktionen,
1714 1977 83 30 eller

286 2032 60 31 för
367 2035 49 28 att
436 2033 128 29 bereda
587 2031 140 37 tillgång
749 2031 51 31 till
824 2031 240 34 förnödenhet,
1090 2039 74 21 som
1186 2031 38 28 är
1246 2029 160 36 behövlig
1428 2029 55 29 för
1506 2028 185 36 krigsbruk
1714 2027 83 30 eller

287 2085 109 28 annat
421 2081 164 31 ändamål
611 2091 41 20 av
675 2082 176 36 betydelse
876 2080 55 31 för
954 2081 56 29 det
1035 2080 177 30 allmänna
1234 2096 45 4 —
1304 2079 191 30 föreskriva
1521 2078 194 36 skyldighet
1740 2077 57 30 för

287 2134 105 35 ägare
410 2133 80 30 eller
508 2132 210 30 innehavare
738 2141 42 20 av
799 2130 110 31 sådan
928 2130 230 31 förnödenhet
1176 2133 48 27 att
1243 2128 97 31 avstå
1359 2130 202 30 densamma
1580 2127 50 31 till
1649 2129 146 29 kronan.

288 2183 74 31 Där
379 2184 56 30 det
452 2183 55 30 för
526 2185 50 28 att
594 2182 177 36 tillgodose
788 2181 122 35 behov,
930 2190 75 21 som
1023 2189 83 27 nyss
1124 2181 38 29 är
1180 2183 82 33 sagt,
1282 2180 81 29 eller
1380 2179 56 30 för
1452 2179 91 30 vissa
1563 2179 108 29 andra
1688 2178 107 29 ända-

287 2232 73 31 mål
387 2233 113 30 finnes
528 2232 216 36 erforderligt
769 2234 50 28 att
846 2232 134 29 kronan
1007 2230 158 36 förfogar
1190 2231 81 29 över
1296 2229 163 37 fastighet
1486 2238 45 20 m.
1560 2238 45 20 m.
1634 2231 84 27 utan
1745 2230 51 28 att

288 2284 213 35 egendomen
527 2282 115 31 avstås
667 2282 49 30 till
741 2282 146 35 kronan,
914 2282 39 29 är
977 2281 139 35 jämlikt
1142 2281 18 29 4
1187 2280 18 37 $
1232 2281 127 35 ägaren
1385 2280 81 29 eller
1491 2279 235 30 innehavaren
1752 2287 44 21 av

287 2334 214 35 egendomen
526 2333 123 36 pliktig
675 2335 56 32 att,
767 2332 2 29 i
796 2332 68 30 den
888 2330 82 31 mån
998 2331 192 35 Konungen
1217 2329 37 31 så
1280 2329 216 35 föreskriver,
1526 2329 30 36 ej
1584 2327 134 31 mindre
1744 2327 51 30 till

287 2384 138 30 kronan
444 2383 145 36 upplåta
612 2383 211 36 egendomen
844 2383 81 29 eller
946 2382 54 29 del
1023 2382 107 29 därav
1151 2381 107 36 jämte
1280 2380 207 30 tillhörande
1510 2378 183 37 inredning
1714 2378 84 30 eller

286 2434 200 36 utrustning
505 2435 47 28 än
571 2435 88 28 även
677 2432 69 31 tåla
765 2433 83 30 eller
867 2432 137 36 vidtaga
1025 2431 202 36 erforderlig
1246 2430 146 36 ändring
1411 2430 82 30 eller
1512 2429 221 36 förflyttning
1752 2436 44 21 av

289 2484 227 36 inredningen
545 2484 81 29 eller
653 2483 249 35 utrustningen.
940 2482 13 30 I
982 2482 18 30 5
1030 2482 18 36 8
1078 2482 135 35 stadgas
1240 2480 127 36 vidare,
1396 2480 106 30 bland
1532 2481 115 32 annat,
1677 2480 48 28 att
1752 2491 46 6 -—
