1916 2822
558 155 117 30 Andra
694 154 239 36 lagutskottets
954 154 176 30 utlåtande
1147 154 49 30 Nr
1217 155 51 29 17.
1627 147 40 30 35

158 239 64 30 där
244 239 57 29 det
322 238 55 30 för
397 241 49 27 att
469 239 180 35 tillgodose
669 238 113 29 behov
804 247 74 20 som
902 247 97 20 avses
1020 237 11 30 i
1054 238 18 28 2
1097 237 18 36 8
1139 237 114 30 finnes
1276 236 216 37 erforderligt
1514 240 50 27 att
1587 236 78 31 från

158 287 163 37 fastighet
345 287 280 31 tillhandahålles
648 287 241 36 förnödenhet,
916 297 75 20 som
1016 288 63 29 där
1102 288 232 35 frambringas
1359 288 80 29 eller
1462 287 115 30 finnes
1601 287 63 30 till-

157 337 147 38 gänglig,
330 342 84 26 utan
438 341 48 28 att
512 339 136 29 kronan
672 338 11 29 i
709 338 109 35 övrigt
844 337 155 36 förfogar
1024 339 81 28 över
1130 338 212 35 egendomen
1365 355 44 2 —
1434 338 127 35 ägaren
1586 337 80 30 eller

159 389 235 30 innehavaren
415 399 42 20 av
478 388 110 30 sådan
608 389 167 35 egendom
798 389 39 29 är
855 388 123 36 pliktig
999 391 58 32 att,
1086 388 4 29 i
1112 388 67 30 den
1199 386 84 32 mån
1304 388 192 35 Konungen
1518 386 38 31 så
1577 387 87 30 före-

158 439 141 36 skriver,
322 439 196 36 ombesörja
538 442 49 27 att
607 439 276 30 förnödenheten
903 437 243 36 frambringas.
1170 438 67 30 För
1258 438 175 35 egendom,
1456 447 75 21 som
1553 436 112 32 avstås

158 490 51 29 till
232 490 135 30 kronan
391 490 81 30 eller
494 489 97 36 eljest
615 490 114 29 ställes
752 489 49 30 till
825 489 153 30 kronans
1001 488 208 36 förfogande
1231 488 82 30 eller
1335 487 157 36 upplåtes
1515 487 51 31 till
1589 488 77 30 dess

157 540 234 36 begagnande,
420 539 101 36 utgår
548 539 190 37 ersättning
763 539 87 30 efter
875 539 162 37 grunder,
1065 548 74 21 som
1165 539 10 29 i
1203 539 101 35 lagen
1331 539 150 35 angivas.
1522 538 143 30 Jämlikt

159 591 40 29 27
226 590 19 37 8
270 591 88 29 skall
381 590 208 36 förfogande
614 590 104 36 enligt
742 590 19 29 4
787 590 65 30 och
877 590 18 29 5
921 589 41 36 83
987 589 31 36 ej
1044 590 89 34 gälla
1159 589 119 36 längre
1302 590 44 28 än
1369 589 50 29 till
1445 588 59 36 tid,
1532 587 44 31 då
1601 588 63 30 till-

158 640 180 36 lämpning
363 650 41 20 av
428 640 307 30 bestämmelserna
759 640 10 29 i
796 640 105 29 2—22
927 639 41 37 88
992 640 150 35 upphör;
1170 639 89 31 dock
1284 639 95 36 skall,
1406 639 63 30 där
1494 637 170 37 fastighet,

158 700 78 21 vars
258 690 79 36 jord
358 690 179 30 befunnits
560 690 273 36 uppenbarligen
854 690 218 35 vanhävdad,
1096 688 44 38 på
1162 690 113 36 grund
1298 699 41 20 av
1361 688 179 31 föreskrift
1563 689 102 36 enligt

158 742 20 28 4
198 740 19 37 8
238 739 166 37 upplåtits
424 740 56 30 för
500 740 168 30 drivande
686 749 43 21 av
748 740 180 36 jordbruk,
950 738 218 37 upplåtelsen
1189 739 89 36 gälla
1298 739 110 30 under
1426 739 158 29 bestämd
1606 738 58 35 tid,

158 791 89 30 dock
268 791 100 35 högst
389 790 70 30 fem
482 789 48 31 år.
552 807 45 4 —
619 790 248 30 Förordnande
889 799 74 21 som
986 790 189 29 meddelats
1197 789 139 37 jämlikt
1358 790 177 29 allmänna
1558 788 106 30 förfo-

157 841 214 36 gandelagen
394 841 97 35 skall,
514 841 105 35 enligt
641 840 375 30 slutbestämmelserna
1038 840 50 29 till
1111 840 109 35 lagen,
1246 839 30 36 ej
1300 840 87 36 gälla
1410 840 118 35 längre
1551 840 46 29 än
1618 839 46 30 la-

156 900 65 27 gen
243 892 81 35 äger
341 891 167 36 giltighet;
531 891 88 30 dock
641 893 49 28 att
710 891 67 29 vad
797 890 10 30 i
830 891 39 28 27
893 890 18 37 8
932 889 11 31 i
963 891 100 35 lagen
1085 891 136 35 stadgas
1243 890 147 30 rörande
1410 888 194 37 upplåtelse
1623 898 42 21 av

158 941 164 36 fastighet
347 941 55 31 för
428 941 168 30 drivande
622 950 42 21 av
692 941 170 36 jordbruk
891 941 87 30 skall
1005 941 64 35 äga
1098 939 152 37 giltighet
1278 941 86 29 även
1392 939 161 31 därefter.
1580 956 45 3 —
1652 939 12 30 I

157 991 207 36 förordning
386 992 67 30 den
476 992 20 29 3
520 991 193 36 september
739 992 83 29 1939
852 990 54 38 (nr
927 990 76 39 613)
1033 991 64 29 har
1120 990 190 30 meddelats
1335 991 159 29 närmare
1518 990 146 29 bestäm-

157 1042 126 30 melser
305 1041 178 36 angående
506 1041 265 36 tillämpningen
795 1051 41 20 av
860 1041 177 30 allmänna
1061 1040 316 36 förfogandelagen.

201 1136 97 35 Även
316 1141 110 30 under
446 1140 228 36 världskriget
694 1141 217 29 1914—1918
931 1140 118 31 visade
1069 1141 55 29 det
1145 1140 51 36 sig
1214 1139 10 30 i
1244 1139 351 37 folkförsörjningens
1615 1139 49 29 in-

157 1195 107 27 tresse
288 1191 212 36 nödvändigt
525 1193 49 28 att
597 1193 133 28 utrusta
755 1191 42 31 de
821 1190 135 36 statliga
981 1198 152 27 organen
1156 1190 79 30 med
1259 1189 195 36 vittgående
1478 1188 186 31 extraordi-

158 1243 84 30 nära
265 1241 245 36 befogenheter
532 1241 56 30 för
608 1241 169 37 reglering
798 1251 42 20 av
861 1240 223 37 produktion,
1108 1240 211 37 omsättning
1341 1240 64 29 och
1430 1238 233 32 konsumtion.

158 1292 120 30 Redan
302 1292 57 30 vid
383 1292 127 36 krigets
533 1290 126 37 början
684 1291 201 31 utfärdades
911 1292 68 29 den
1003 1291 20 29 9
1047 1291 143 29 oktober
1218 1290 84 30 1914
1328 1299 41 22 en
1394 1290 55 36 lag
1474 1299 58 21 om
1557 1289 106 30 förfo-

157 1342 112 36 gande
289 1343 81 29 över
388 1341 91 31 vissa
499 1351 103 20 varor
620 1341 57 30 vid
697 1341 77 36 krig
794 1342 81 29 eller
895 1341 183 36 krigsfara.
1111 1340 131 30 Genom
1263 1340 113 30 denna
1394 1341 56 35 lag
1470 1340 108 30 erhöll
1599 1339 64 30 Ko-

156 1401 141 27 nungen
318 1393 67 29 rätt
406 1395 49 27 att
476 1392 11 30 i
509 1391 100 37 fråga
631 1401 57 21 om
710 1392 43 30 de
775 1390 181 37 viktigaste
976 1391 316 30 förnödenheterna
1313 1390 171 30 fastställa
1506 1389 157 30 maximi-

157 1442 72 36 pris
258 1443 66 29 och
352 1442 168 30 förordna
548 1451 57 21 om
634 1441 333 31 förnödenheternas
997 1440 186 31 avstående
1212 1440 50 30 till
1292 1441 133 30 kronan
1456 1443 74 27 mot
1558 1440 105 30 lösen.

160 1493 83 29 1914
265 1492 56 30 års
343 1493 62 35 lag,
429 1501 75 20 som
524 1492 112 35 gällde
656 1491 51 30 till
729 1492 65 29 och
816 1492 78 29 med
916 1491 67 30 den
1005 1491 42 29 30
1066 1490 87 36 april
1178 1491 94 34 1915,
1295 1490 197 35 förlängdes
1515 1489 149 31 därefter

157 1542 56 30 för
234 1545 46 27 ett
301 1541 48 32 år.
383 1536 46 35 År
453 1542 83 29 1916
559 1542 155 29 utbrötos
736 1541 306 30 bestämmelserna
1064 1550 56 20 om
1142 1539 216 37 maximipris
1380 1540 49 29 till
1452 1549 43 20 en
1517 1539 147 30 särskild

157 1593 65 35 lag,
247 1592 117 30 vilken
387 1592 126 29 liksom
539 1592 67 29 den
630 1600 68 27 nya
725 1590 308 37 förfogandelagen
1057 1594 120 32 antogs
1201 1589 47 37 på
1274 1593 46 27 ett
1344 1589 47 30 år.
1431 1590 122 29 Denna
1578 1599 85 26 upp-

157 1642 140 36 delning
320 1642 75 30 stod
418 1642 10 30 i
453 1642 171 30 samband
647 1642 80 29 med
750 1644 48 27 att
821 1641 254 35 omfattningen
1098 1650 42 21 av
1163 1641 68 30 den
1253 1640 166 36 egentliga
1443 1639 220 37 förfogande-

157 1692 259 37 lagstiftningen
440 1691 182 37 väsentligt
645 1691 212 37 utvidgades.
894 1692 117 29 Under
1034 1692 56 29 det
1114 1693 48 28 att
1185 1691 202 29 densamma
1412 1690 95 30 förut
1530 1690 133 29 huvud-

158 1743 154 35 sakligen
337 1745 108 27 avsett
469 1742 180 36 möjlighet
672 1745 49 27 att
746 1742 110 30 ordna
879 1741 267 36 befolkningens
1171 1741 181 30 förseende
1375 1741 80 29 med
1479 1740 184 30 förnöden-

157 1793 105 35 heter,
284 1792 153 31 infördes
457 1792 75 30 däri
552 1793 260 29 bestämmelser
830 1802 56 20 om
907 1793 66 29 rätt
993 1792 56 29 för
1070 1791 192 36 Konungen
1283 1794 47 27 att
1351 1791 110 29 under
1480 1790 91 30 vissa
1592 1790 71 29 vill-

157 1843 64 30 kor
241 1842 138 36 förfoga
399 1842 31 36 ej
452 1843 87 29 blott
559 1844 81 28 över
660 1852 102 20 varor
782 1852 42 20 av
844 1842 68 30 alla
932 1842 73 36 slag
1025 1844 83 28 utan
1129 1842 87 29 även
1237 1842 82 28 över
1339 1840 323 36 produktionsmed-

157 1894 53 29 len
229 1909 45 3 —
292 1891 99 32 alltså
411 1892 131 36 jämväl
562 1890 400 38 jordbruksfastigheter.
995 1890 336 36 Förfogandelagens
1351 1890 223 35 giltighetstid
1595 1889 69 30 för.

158 1943 141 35 längdes
322 1942 194 30 sedermera
536 1940 40 31 år
595 1940 80 31 från
695 1940 40 31 år
754 1941 50 30 till
828 1941 92 35 1921,
944 1939 44 31 då
1012 1941 66 29 den
1099 1940 182 36 upphörde
1303 1942 47 28 att
1371 1940 100 35 gälla.

202 2017 113 31 Sedan
339 2017 80 30 1917
442 2016 56 31 års
519 2017 55 35 lag
594 2016 9 30 i
624 2017 116 29 ämnet
762 2015 181 35 utfärdats,
967 2015 175 30 erinrades
1162 2015 283 35 länsstyrelserna
1466 2014 10 29 i
1499 2014 164 30 cirkulär-

157 2065 164 32 skrivelse
348 2067 65 30 den
439 2067 20 30 9
484 2068 73 36 maj
585 2067 82 29 1917
693 2076 42 20 av
761 2065 123 31 chefen
911 2065 56 31 för
991 2065 461 36 jordbruksdepartementet
1480 2074 57 20 om
1564 2072 99 28 ange-

156 2118 204 36 lägenheten
387 2127 41 20 av
456 2120 48 27 att
532 2117 150 35 kraftiga
709 2115 160 37 åtgärder
894 2116 154 35 vidtoges
1077 2115 55 29 för
1159 2114 233 36 avhjälpande
1419 2124 43 20 av
1490 2114 171 32 vanhävd,

156 2169 64 29 där
250 2167 107 30 sådan
387 2163 227 39 förekomme,
644 2166 11 29 i
686 2166 253 35 sammanhang
968 2166 142 29 varmed
1139 2164 192 37 påvisades,
1362 2167 48 27 att
1441 2164 220 35 förfogande-

157 2218 186 34 rättslagen
367 2216 141 36 erbjöde
532 2220 45 26 ett
600 2216 208 34 rättsmedel,
834 2225 73 20 som
929 2215 10 29 i
964 2215 81 30 sista
1067 2215 95 29 hand
1184 2215 108 29 borde
1316 2214 187 30 användas.
1540 2214 14 29 I
1578 2213 83 30 skri-

157 2268 115 28 velsen
295 2267 163 29 anfördes
481 2266 9 29 i
512 2266 185 29 huvudsak
719 2265 166 36 följande.

201 2317 50 29 De
274 2316 234 35 föreliggande
532 2314 333 30 tidsförhållandena
890 2314 291 34 nödvändiggöra,
1206 2316 48 27 att
1279 2313 172 36 synnerlig
1474 2313 187 35 uppmärk-

157 2359 134 29 samhet
313 2358 78 29 från
415 2359 56 28 det
495 2358 194 28 allmännas
714 2357 72 29 sida
812 2358 105 33 ägnas
942 2355 108 35 däråt,
1077 2359 47 26 att
1149 2356 133 28 landets
1307 2354 219 35 odlingsbara
1551 2354 76 35 jord
1654 2354 7 28 i

157 2403 123 28 största
299 2400 139 35 möjliga
459 2399 239 35 utsträckning
716 2399 158 29 kommer
894 2398 46 29 till
959 2398 224 34 användning
1201 2397 56 29 för
1274 2395 210 37 produktion
1504 2406 41 20 av
1566 2395 95 30 födo-

156 2445 126 28 ämnen
309 2443 63 29 och
401 2442 222 29 fodermedel.
663 2441 196 29 Emellertid
885 2441 65 28 har
977 2440 7 28 i
1013 2438 296 35 framställningar
1335 2439 47 28 till
1411 2438 123 35 Kungl.
1562 2437 100 35 Maj:t

157 2486 201 30 inberättats
384 2484 79 31 från
492 2484 92 30 olika
611 2484 95 29 delar
732 2493 42 20 av
801 2483 125 34 Jandet,
953 2485 49 26 att
1029 2482 75 29 icke
1129 2481 139 30 alldeles
1295 2480 210 36 oväsentliga
1533 2480 129 29 arealer
