1906 2818
274 145 41 29 68
580 150 115 30 Andra
720 150 237 36 lagutskottets
982 150 176 30 utlåtande
1182 150 49 30 Nr
1258 151 58 35 17;
1344 151 119 36 bilaga.

280 235 194 35 ytterligare
494 235 127 29 stärkts
641 243 121 27 genom
784 235 62 29 fall
866 244 40 20 av
926 235 162 29 vanhävd
1106 234 94 30 inom
1221 234 290 30 kommissionens
1531 235 251 30 verksamhets-

280 277 141 30 område
443 277 220 29 beträffande
684 277 10 28 i
716 277 135 30 enskild
875 277 63 35 ägo
960 276 180 36 befintliga
1163 277 109 30 större
1294 276 298 36 jordegendomar,
1614 276 92 31 vilka
1727 276 58 30 för

281 319 65 29 den
366 319 175 30 allmänna
561 319 234 29 rättskänslan
814 319 9 29 i
843 319 44 29 all
907 319 186 35 synnerhet
1111 318 110 30 under
1240 318 200 30 nuvarande
1459 317 244 31 förhållanden
1722 320 61 28 tett

280 361 51 35 sig
352 361 216 35 synnerligen
591 361 212 31 kränkande.
827 361 13 29 I
862 361 132 29 saknad
1018 371 42 20 av
1081 360 206 35 befogenhet
1310 363 47 26 att
1378 360 134 35 ingripa
1533 361 64 28 har
1617 359 165 31 kommis-

281 403 119 29 sionen
423 403 87 29 dock
535 403 74 29 icke
632 404 133 28 kunnat
788 402 136 36 vidtaga
944 402 108 36 några
1075 402 166 35 åtgärder.

327 445 13 29 I
364 444 174 30 motionen
563 454 42 20 nr
631 445 60 30 146
714 445 65 29 har
802 444 206 35 ifrågasatts,
1032 444 173 29 huruvida
1228 453 42 20 en
1294 443 202 35 utvidgning
1520 453 42 19 av
1589 444 194 29 vanhävds-

280 487 116 35 lagens
419 486 403 36 tillämplighetsområde
846 496 77 19 vore
946 485 164 36 tillrådlig
1132 487 64 28 och
1221 486 91 30 hava
1336 485 256 29 motionärerna
1616 485 165 30 framhål-

281 529 37 29 lit
346 532 56 32 att,
429 538 56 20 om
513 530 99 34 lagen
639 529 10 29 i
676 529 201 29 oförändrat
904 528 96 30 skick
1029 527 264 36 undantagslöst
1320 527 135 35 gjordes
1481 526 181 36 tillämplig
1690 527 20 30 å
1738 527 45 30 all

279 571 89 35 jord,
392 571 90 29 detta
506 571 111 29 skulle
641 570 142 30 inverka
807 571 192 29 hindrande
1025 570 65 29 och
1114 569 227 30 försvårande
1365 568 44 36 på
1433 568 146 30 driftens
1603 568 181 30 rationella

280 613 211 36 anpassning
522 613 88 29 efter
640 613 40 29 de
710 613 125 29 snabbt
868 612 173 29 skiftande
1071 612 128 29 kraven
1230 610 46 36 på
1305 611 221 35 jordbrukets
1560 610 222 36 produktion.

280 654 256 31 Motionärerna
557 656 90 28 hava
668 655 160 29 anmärkt
850 657 47 27 att
917 654 9 29 i
945 654 89 29 vissa
1056 653 61 30 fall
1136 653 296 34 vanhävdslagens
1452 652 260 30 bestämmelser
1731 654 51 27 ut-

279 697 120 36 gjorde
417 700 45 27 ett
481 696 229 36 oöverstigligt
731 696 125 29 hinder
875 696 54 29 för
947 695 205 35 vidtagande
1171 704 41 21 av
1232 694 223 35 erforderliga
1475 693 307 36 rationaliserings-

280 739 168 36 åtgärder,
468 742 21 27 t.
512 749 50 19 ex.
585 742 48 26 att
653 739 77 29 med
751 739 85 34 skog
857 738 154 35 plantera
1032 738 76 34 igen
1128 738 81 28 eller
1227 736 50 30 till
1297 736 196 30 betesmark
1514 736 138 35 utlägga
1671 736 111 33 mark,

281 791 74 20 som
376 782 39 28 är
436 781 165 35 olämplig
623 780 49 30 till
696 780 180 36 jordbruk,
900 783 47 27 att
968 780 167 34 nedlägga
1155 779 181 35 jordbruk,
1361 787 73 20 som
1457 777 45 36 på
1524 777 113 35 grund
1658 786 42 20 av
1723 776 59 30 då-

283 824 44 35 lig
350 824 200 34 belägenhet
575 833 44 19 m.
644 832 43 20 m.
712 823 74 29 icke
812 823 68 28 kan
905 822 128 29 brukas
1058 824 83 27 utan
1166 820 151 36 påtaglig
1342 820 122 29 förlust
1489 820 54 29 för
1568 819 125 35 ägaren
1717 819 67 29 och

280 866 69 35 dyl.
379 865 276 29 Kommissionen
682 865 62 29 har
769 865 110 29 under
905 863 50 30 sin
982 864 218 29 verksamhet
1227 863 75 29 icke
1327 862 132 29 kunnat
1484 861 109 34 finna,
1621 864 48 26 att
1696 869 86 26 upp-

281 907 202 35 siktslagens
509 907 260 29 bestämmelser
794 905 128 36 utgjort
946 905 104 35 något
1075 904 169 35 allvarligt
1269 904 125 29 hinder
1418 904 9 28 i
1454 905 66 28 den
1547 912 41 20 av
1614 902 168 30 motionä-

281 959 100 21 rerna
408 950 152 35 antydda
588 949 204 34 riktningen.
822 947 276 30 Kommissionen
1123 947 64 28 har
1213 946 107 29 heller
1347 945 73 30 icke
1448 945 136 29 kunnat
1611 944 98 30 finna
1735 946 49 27 att

280 992 68 30 vad
370 991 256 30 motionärerna
650 991 9 29 i
683 990 146 30 berörda
854 989 194 30 hänseende
1072 988 115 30 anfört
1211 988 64 29 bör
1299 987 125 30 hindra
1448 996 42 20 en
1514 985 202 36 utvidgning
1742 994 41 21 av

280 1035 117 34 lagens
419 1031 413 37 tillämplighetsområde.
857 1031 108 35 Enligt
992 1032 18 28 3
1034 1032 17 33 8
1076 1029 260 36 uppsiktslagen
1360 1029 38 29 är
1419 1028 30 35 ej
1475 1028 49 29 till
1563 1028 148 29 vanhävd
1735 1029 49 27 att

280 1076 150 30 hänföra
451 1075 236 35 nedläggande
708 1084 41 19 av
769 1074 170 35 jordbruk
961 1073 20 30 å
1002 1074 74 33 äga,
1100 1081 72 20 som
1195 1071 44 36 på
1261 1071 112 35 grund
1396 1080 41 20 av
1459 1070 52 29 sin
1533 1069 172 34 naturliga
1727 1069 56 28 be-

281 1118 197 29 skaffenhet
496 1117 80 30 eller
594 1126 114 20 annan
725 1115 254 35 omständighet
996 1115 39 29 är
1053 1114 138 30 alldeles
1209 1112 167 36 olämplig
1391 1112 53 29 för
1463 1111 179 36 jordbruk.
1663 1111 121 29 Denna

280 1160 239 30 hestämmelse
541 1159 105 34 torde,
668 1168 55 19 om
745 1158 38 29 så
803 1157 183 32 erfordras,
1009 1157 120 28 kunna
1149 1155 158 35 utvidgas
1329 1154 45 35 på
1396 1153 122 30 sådant
1541 1153 75 34 sätt,
1639 1155 48 27 att
1708 1151 75 30 hin-

281 1203 61 28 der
367 1201 29 36 ej
424 1202 110 29 möter
558 1201 56 29 för
637 1210 41 20 en
704 1200 181 36 jordägare
912 1202 47 27 att
985 1198 138 34 vidtaga
1148 1198 40 29 de
1215 1194 464 36 rationaliseringsåtgärder,
1708 1202 75 21 som

280 1245 120 29 kunna
420 1253 97 20 anses
536 1253 43 19 ur
597 1242 203 30 ekonomisk
821 1241 176 36 synpunkt
1017 1239 229 35 nödvändiga.

326 1285 49 31 På
397 1286 110 35 grund
532 1295 42 20 av
597 1285 66 29 vad
686 1284 147 30 sålunda
856 1283 132 30 anförts
1011 1282 66 30 och
1102 1281 43 30 då
1169 1281 110 29 under
1302 1279 151 31 rådande
1478 1277 243 31 förhållanden
1746 1276 39 29 är

281 1327 216 37 synnerligen
518 1327 176 35 angeläget
714 1328 47 27 att
782 1326 67 28 alla
870 1324 217 35 möjligheter
1107 1323 48 29 till
1178 1322 187 35 tryggande
1387 1330 41 21 av
1448 1318 336 35 folkförsörjningen

280 1371 244 34 tillvaratagas,
549 1368 56 30 får
627 1367 271 30 kommissionen
922 1366 54 29 för
1000 1366 51 29 sin
1075 1365 53 30 del
1151 1364 182 35 tillstyrka,
1359 1366 47 26 att
1429 1363 100 34 lagen
1552 1362 65 29 den
1643 1362 39 28 27
1708 1360 76 35 juni

284 1413 82 29 1927
387 1411 176 35 angående
583 1410 141 36 uppsikt
746 1409 19 30 å
785 1409 91 29 vissa
896 1407 170 36 jordbruk
1086 1406 157 34 utvidgas
1265 1408 49 27 att
1336 1404 146 30 omfatta
1504 1403 44 30 all
1571 1402 102 30 odlad
1694 1401 89 35 jord,

281 1457 131 27 oavsett
433 1453 153 29 arealens
608 1452 125 30 storlek
755 1452 65 28 och
844 1460 74 19 vem
941 1459 73 20 som
1034 1449 40 29 är
1094 1449 100 34 ägare
1216 1447 50 30 till
1287 1446 131 36 jorden.

326 1528 204 31 Värmlands
556 1528 75 29 läns
655 1524 393 37 hushållningssällskap

326 1588 114 35 Lagen
464 1587 64 29 den
553 1587 40 29 27
618 1585 62 36 juli
706 1585 82 29 1927
814 1582 175 36 angående
1014 1581 142 36 uppsikt
1180 1589 41 21 av
1245 1579 91 30 vissa
1359 1578 180 35 jordbruk,
1564 1577 49 29 till
1637 1576 52 30 sin
1712 1585 72 20 om-

281 1630 149 35 fattning
451 1628 159 30 bestämd
632 1636 121 27 genom
777 1624 206 35 hänvisning
1004 1624 51 29 till
1077 1624 97 34 lagen
1198 1622 66 29 den
1290 1622 40 28 25
1351 1620 74 35 juni
1452 1620 82 29 1909
1560 1628 57 20 om
1640 1618 144 29 arrende

281 1682 43 20 av
345 1672 67 29 viss
433 1671 77 35 jord
532 1670 19 30 å
573 1670 115 30 landet
710 1669 8 29 i
742 1667 171 30 Norrland
935 1666 64 29 och
1022 1665 91 29 vissa
1136 1664 94 29 delar
1253 1673 42 20 av
1319 1661 177 34 Svealand,
1521 1670 97 20 avser
1641 1659 144 30 allenast

281 1714 179 35 jordbruk,
480 1722 75 20 som
572 1712 81 34 ägas
671 1720 40 19 av
729 1710 102 34 bolag
849 1709 64 29 och
931 1708 78 29 med
1027 1706 79 29 dem
1122 1704 177 30 likställda
1318 1703 191 36 jordägare,
1530 1705 90 27 samt
1636 1702 39 28 är
1692 1701 92 29 dess-

280 1759 98 27 utom
404 1753 194 37 begränsad
623 1752 50 30 till
701 1752 90 29 vissa
819 1750 287 32 storleksklasser,
1136 1746 174 35 nämligen
1337 1745 168 35 jordbruk
1533 1753 57 20 om
1617 1744 99 34 högst
1744 1742 40 29 25

281 1799 123 30 hektar
423 1796 103 30 odlad
545 1795 79 36 jord
643 1795 64 29 och
725 1793 87 35 lägst
832 1793 18 29 4
870 1792 121 29 hektar
1010 1787 286 36 inrösningsjord.
1317 1786 63 30 Det
1399 1786 96 30 torde
1516 1785 153 35 förtjäna
1689 1785 95 29 över-

281 1841 114 35 vägas,
416 1849 55 20 om
492 1838 75 30 icke
589 1846 41 20 en
651 1835 147 35 ändring
818 1844 42 21 av
879 1834 97 29 dessa
997 1830 260 31 bestämmelser
1275 1830 63 29 bör
1358 1829 141 29 komma
1521 1827 51 30 till
1593 1826 109 31 stånd.
1726 1825 58 31 Så-

282 1883 107 30 lunda
408 1890 101 27 synas
528 1880 76 30 skäl
623 1879 125 30 saknas
767 1877 56 30 för
841 1874 231 32 fasthållande
1089 1873 56 30 vid
1163 1882 40 20 en
1222 1873 81 28 övre
1321 1871 100 35 gräns
1439 1870 55 29 för
1510 1869 180 36 jordbruk,
1709 1877 76 20 som

282 1925 98 30 skola
402 1924 83 29 falla
507 1922 112 30 under
639 1921 116 34 lagens
779 1917 229 36 tillämpning.
1033 1916 145 29 Snarare
1199 1914 65 29 bör
1286 1914 57 29 det
1364 1921 98 21 anses
1485 1921 95 20 mera
1603 1910 182 30 motiverat

280 1968 80 28 med
382 1965 142 36 uppsikt
545 1965 82 28 över
646 1966 47 26 att
714 1962 74 29 icke
810 1961 41 29 de
872 1960 104 29 större
996 1955 338 36 brukningsdelarna
1356 1953 210 30 vanhävdas.
1589 1951 194 30 Beträffan-

281 2010 43 28 de
354 2009 64 28 den
448 2007 110 29 undre
589 2005 145 35 gränsen
766 2003 55 29 för
851 2003 115 33 lagens
997 1998 235 36 tillämpande,
1265 1996 59 30 vill
1354 1993 431 36 hushållningssällskapet

281 2051 157 29 däremot
462 2048 142 30 förorda
630 2050 48 26 att
702 2046 114 29 denna
842 2043 147 35 alltjämt
1015 2039 199 35 bibehålles,
1240 2039 86 29 enär
1350 2037 20 30 å
1394 2036 237 35 övervägande
1656 2035 129 29 antalet

281 2092 120 37 dylika
418 2088 289 37 brukningsdelar
725 2087 66 30 den
808 2086 123 30 odlade
948 2083 123 37 jorden
1089 2083 39 28 är
1144 2091 41 20 av
1205 2080 37 31 så
1262 2080 98 35 ringa
1379 2078 219 34 omfattning,
1618 2079 47 27 att
1685 2077 100 29 dessa

280 2133 290 35 brukningsdelar
601 2130 31 36 ej
662 2131 119 29 kunna
813 2137 99 21 anses
942 2127 46 30 ha
1017 2124 114 36 någon
1162 2121 146 38 egentlig
1337 2121 172 35 betydelse
1541 2119 56 30 för
1627 2119 65 29 den
1724 2117 60 30 all-

281 2178 130 29 männa
436 2173 277 35 hushållningen.
742 2171 130 29 Största
899 2169 97 29 delen
1022 2176 42 20 av
1091 2163 318 36 inrösningsjorden
1436 2163 137 34 utgöres
1600 2155 183 44 nämligen,

282 2219 207 31 åtminstone
510 2216 55 30 för
586 2213 207 31 Värmlands
813 2212 76 29 läns
909 2209 279 32 vidkommande,
1209 2206 10 30 i
1240 2206 41 30 de
1303 2206 99 30 flesta
1424 2204 61 30 fall
1505 2213 43 20 av
1569 2201 216 32 stenbunden

281 2262 112 29 mark.
417 2259 71 31 vari
512 2259 42 29 de
577 2257 123 30 odlade
722 2255 226 34 åkertegarna
970 2251 89 36 ligga
1084 2249 150 36 spridda,
1260 2247 82 31 eller
1364 2245 105 31 också
1491 2246 137 34 utgöres
1653 2244 65 29 den
1743 2251 42 21 av

281 2303 151 34 naturlig
449 2299 229 34 slåttermark,
696 2307 73 21 som
788 2296 156 30 alltmera
960 2293 116 35 börjat
1093 2291 177 31 överföras
1288 2289 49 30 till
1355 2288 194 34 betesbruk,
1569 2286 81 30 enär
1668 2284 118 31 slåtter

282 2355 43 21 av
343 2344 94 36 dylik
455 2340 276 36 inrösningsjord
747 2338 30 36 ej
798 2339 116 34 längre
935 2345 98 22 anses
1051 2330 159 44 lönande.
1607 2369 6 6 |
1691 2368 6 6 |

326 2385 156 36 Egentlig
510 2383 162 31 vanhävd
701 2381 234 30 förekommer
961 2377 55 30 för
1044 2375 217 31 närvarande
1290 2374 10 29 i
1328 2372 97 35 ringa
1453 2371 210 33 omfattning
1689 2377 97 39 inom

282 2430 204 33 sällskapets
509 2425 153 34 område,
688 2433 79 20 men
791 2422 155 30 däremot
968 2418 144 31 befinna
1136 2417 49 36 sig
1208 2419 46 27 ett
1278 2418 84 27 stort
1386 2414 93 30 antal
1502 2411 171 37 jordbruk
1697 2421 10 19 i
1730 2409 56 35 låg

281 2472 129 30 kultur.
434 2469 104 30 vilket
563 2465 227 35 förhållande,
815 2467 96 26 utom
934 2462 7 29 i
966 2462 39 30 de
1029 2460 61 30 fall
1113 2459 43 31 då
1178 2457 206 37 jordmånen
1408 2456 38 29 är
1469 2464 42 20 av
1535 2453 91 36 dålig
1646 2450 138 32 beskaf-
