1895 2829
410 159 448 30 Konstitutionsutskottets
893 161 177 29 utlåtande
1103 171 42 20 nr
1177 163 39 28 31
1251 162 38 29 år
1323 163 83 29 1967
1630 163 18 30 3

1540 249 110 35 Bilaga

293 303 139 31 Styrelsen
445 304 43 24 för

270 349 241 25 RIKSDAGENS

164 390 447 29 FÖRVALTNINGSKONTOR

220 484 286 31 grupplivförsäkring
519 485 42 24 för

227 529 160 30 riksdagens
400 530 153 24 ledamöter

376 797 69 30 Till
460 797 212 41 Riksdagen

206 932 175 39 Styrelsen
405 933 55 29 för
483 933 206 40 riksdagens
714 934 358 40 förvaltningskontor
1098 936 54 29 får
1176 936 145 30 härmed
1346 937 128 30 föreslå
1498 938 147 39 höjning

164 996 41 20 av
223 987 56 29 det
298 987 278 40 engångsbelopp
595 997 74 20 som
687 988 44 39 på
749 989 112 38 grund
879 999 42 19 av
938 989 66 29 den
1022 990 10 28 i
1053 990 13 28 1
1091 989 14 36 8
1135 990 6 28 1
1162 999 104 20 mom.
1286 991 146 39 stadgan
1449 1000 57 20 om
1524 993 122 28 ersätt-

163 1040 82 40 ning
263 1041 54 30 för
334 1041 507 41 riksdagsmannauppdragets
860 1043 219 40 fullgörande
1097 1044 155 30 nämnda
1269 1045 376 40 grupplivförsäkring-

162 1104 42 20 en
225 1096 181 33 utbetalas,
428 1096 43 29 då
491 1096 151 30 ledamot
663 1106 42 20 av
724 1096 187 40 riksdagen
932 1107 74 20 som
1027 1098 29 39 ej
1081 1098 148 39 uppnått
1250 1098 39 29 67
1312 1099 55 29 års
1388 1099 95 29 ålder
1504 1100 139 29 avlider.

273 1237 196 31 Nuvarande
483 1237 247 32 bestämmelser
747 1239 409 45 om”grupplivförsäkring
1170 1240 52 31 för
1237 1240 294 42 riksdagsledamot

205 1311 315 30 Bestämmelserna
538 1321 57 20 om
614 1312 363 40 grupplivförsäkring
996 1313 54 30 för
1069 1313 314 40 riksdagsledamot
1402 1315 155 30 infördes
1578 1316 65 29 den

162 1365 13 27 1
199 1364 142 40 januari
368 1365 81 29 1963
474 1366 86 29 efter
585 1366 131 40 förslag
739 1376 42 20 av
804 1367 434 30 konstitutionsutskottet.
1264 1368 175 30 Utskottet
1463 1369 145 30 anförde
1633 1370 10 28 i

161 1418 58 30 sitt
236 1419 221 30 betänkande
476 1429 40 19 nr
536 1419 39 30 20
595 1420 37 29 år
653 1419 82 30 1962
754 1420 156 39 följande
929 1422 10 28 i
959 1421 98 40 fråga
1075 1431 56 20 om
1150 1422 372 40 grupplivförsäkring.

203 1481 92 30 Från
314 1482 64 29 och
396 1483 78 29 med
493 1483 66 29 den
580 1483 14 29 1
615 1483 141 39 januari
778 1483 80 29 1963
878 1484 131 30 införes
1029 1485 52 28 för
1102 1485 373 39 statstjänstemännen
1495 1495 42 20 en
1555 1489 87 27 mot-

160 1526 173 40 svarighet
352 1527 52 29 till
424 1527 67 30 den
511 1528 371 40 grupplivförsäkring,
903 1538 120 20 varom
1044 1530 336 30 överenskommelse
1401 1531 66 29 den
1487 1531 40 29 29
1548 1541 94 20 mars

162 1570 80 30 1962
263 1572 143 30 träffats
427 1573 128 28 mellan
577 1573 154 29 Svenska
752 1574 440 39 arbetsgivareföreningen
1212 1575 65 29 och
1297 1575 345 40 Landsorganisatio-

159 1625 67 20 nen
244 1617 10 28 i
272 1616 146 40 Sverige.
437 1617 225 30 Sistnämnda
679 1618 209 39 försäkring,
908 1628 74 20 som
1000 1619 11 29 i
1028 1620 108 29 likhet
1155 1620 78 29 med
1251 1620 66 29 den
1335 1620 54 30 för
1408 1621 233 39 statstjänste-

159 1661 153 29 männen
333 1662 37 29 är
392 1662 174 39 avgiftsfri
588 1662 54 30 för
664 1663 66 29 den
752 1663 179 35 anställde,
955 1664 140 29 utfaller
1116 1664 79 30 med
1216 1667 47 27 ett
1285 1666 277 40 engångsbelopp
1585 1675 56 21 om

158 1704 41 30 24
214 1705 61 29 000
298 1706 129 29 kronor
451 1716 56 20 om
530 1707 66 29 den
619 1707 204 31 försäkrade
846 1708 130 30 avlider
999 1709 73 29 före
1095 1708 39 30 55
1159 1710 55 29 års
1239 1710 104 29 ålder.
1366 1710 98 30 Efter
1487 1712 154 29 nämnda

159 1750 95 29 ålder
272 1751 158 30 minskas
447 1752 160 39 beloppet
627 1753 197 29 successivt.

202 1795 175 30 Utskottet
398 1796 64 29 har
482 1796 57 29 vid
562 1797 75 29 sina
658 1798 262 39 överväganden
941 1799 11 28 i
974 1799 114 29 denna
1109 1799 98 39 fråga
1228 1800 52 29 till
1302 1810 41 19 en
1365 1800 125 39 början
1512 1801 127 34 funnit,

158 1841 49 28 att
225 1840 114 39 någon
357 1841 91 29 form
465 1851 42 19 av
524 1842 362 40 grupplivförsäkring
903 1843 62 30 bör
981 1844 148 30 inrättas
1147 1844 53 30 för
1217 1845 205 39 riksdagens
1440 1846 199 30 ledamöter.

157 1884 75 29 Den
258 1886 293 39 genomgripande
578 1887 222 39 omvälvning
826 1897 42 20 av
893 1888 180 39 familjens
1099 1889 171 34 ekonomi,
1300 1899 74 20 som
1401 1891 171 29 förlusten
1599 1901 42 20 av

159 1929 355 40 familjeförsörjaren
541 1932 10 28 i
578 1932 90 39 regel
696 1932 145 35 medför,
870 1934 100 38 utgör
998 1934 220 39 naturligtvis
1246 1935 86 29 även
1360 1936 63 29 när
1451 1936 56 29 det
1534 1936 105 39 gäller

157 1974 334 40 riksdagsmännens
516 1976 153 39 familjer
694 1979 47 27 ett
765 1977 153 30 bärande
944 1979 75 29 skäl
1044 1979 54 29 för
1124 1979 312 31 åstadkommande
1461 1990 42 20 av
1527 1983 113 38 trygg-

157 2019 57 29 het
237 2027 123 31 genom
383 2030 42 19 en
448 2021 168 30 kollektiv
638 2021 209 40 försäkring.
871 2023 160 29 Premien
1055 2023 53 30 för
1132 2024 204 30 densamma
1358 2025 62 29 bör
1443 2026 131 29 betalas
1599 2036 42 20 av

157 2063 186 40 riksdagen
362 2065 63 29 och
444 2066 197 29 tillkomma
659 2067 315 39 riksdagsmannen
994 2068 115 29 såsom
1128 2078 42 20 en
1189 2069 328 40 uppdragsförmån.

201 2108 74 29 Vad
300 2109 170 30 beträffar
496 2110 264 40 försäkringens
786 2112 218 40 utformning
1029 2113 98 30 torde
1152 2114 192 29 emellertid
1370 2117 164 37 systemet
1561 2116 79 29 med

157 2162 43 19 en
214 2153 80 29 från
321 2153 39 29 99
378 2154 55 29 års
449 2155 94 29 ålder
560 2155 137 39 gradvis
714 2157 174 39 sänkning
903 2167 42 20 av
959 2158 159 39 beloppet
1134 2158 74 30 icke
1224 2168 83 21 vara
1323 2159 143 40 lämplig
1482 2160 53 30 för
1551 2161 88 29 riks-

157 2197 341 39 dagsledamöternas
517 2200 281 30 vidkommande.
819 2202 175 30 Utskottet
1014 2203 159 29 förordar
1193 2203 119 30 därför
1332 2206 47 27 ett
1399 2205 166 39 enhetligt
1584 2206 55 29 be-

156 2242 90 39 lopp,
271 2252 74 20 som
367 2244 29 38 ej
421 2245 249 39 kompletteras
693 2246 78 29 med
793 2246 218 41 barntillägg.
1034 2247 257 41 Försäkringen
1313 2249 61 30 bör
1396 2250 11 29 i
1428 2250 110 30 likhet
1560 2251 79 29 med

155 2288 66 28 vad
244 2297 74 20 som
341 2289 105 38 gäller
469 2290 53 29 för
545 2291 245 30 ovannämnda
813 2292 403 40 grupplivförsäkringar
1237 2294 45 38 på
1305 2295 334 30 arbetsmarknaden

156 2332 90 39 gälla
268 2332 53 30 för
343 2333 78 29 dem
445 2343 74 20 som
541 2334 29 40 ej
596 2335 149 39 uppnått
767 2336 40 29 67
831 2336 56 30 års
910 2337 104 29 ålder.
1036 2337 258 40 Försäkringen
1317 2339 88 29 skall
1428 2339 10 30 i
1461 2340 99 39 fråga
1582 2350 57 20 om

156 2377 376 41 begynnelsetidpunkt
555 2380 88 39 följa
663 2380 41 29 de
726 2381 177 30 allmänna
924 2383 158 38 reglerna
1103 2392 56 20 om
1181 2384 192 39 ersättning
1395 2385 10 28 i
1430 2385 13 28 1
1471 2384 14 37 $
1514 2385 125 39 (jämte

156 2422 65 28 vad
241 2431 89 20 ovan
352 2425 92 37 sagts
465 2424 178 40 angående
665 2426 172 33 arvodet).
857 2426 393 41 Försäkringsbeloppet
1270 2429 62 29 bör
1353 2429 212 31 bestämmas
1586 2431 52 29 till

157 2465 39 29 25
212 2466 62 29 000
293 2467 139 30 kronor.
452 2469 160 30 Premien
632 2470 53 29 för
705 2470 66 29 den
791 2471 158 39 åsyftade
968 2472 244 39 försäkringen
1230 2473 98 30 torde
1348 2474 53 30 för
1421 2475 217 31 närvarande

156 2512 115 42 uppgå
291 2513 52 28 till
364 2513 96 30 cirka
481 2514 40 29 20
543 2515 128 29 kronor
692 2524 60 31 per
772 2525 126 32 person
920 2517 64 31 och
1005 2517 137 32 månad.
