1892 2829
445 168 450 30 Konstitutionsutskottets
914 169 177 30 utlåtande
1109 179 42 20 nr
1168 169 39 29 31
1227 170 39 30 år
1285 169 83 30 1967
1631 169 17 30 5

212 250 78 29 Med
312 250 138 38 hänsyn
472 250 52 29 till
547 250 41 29 de
611 249 245 39 förändringar
881 259 73 20 som
979 250 90 29 skett
1092 251 10 28 i
1126 250 407 40 grupplivförsäkringen
1555 251 95 29 inom

168 303 354 30 arbetsmarknadens
541 304 93 29 olika
653 304 153 29 sektorer
826 313 100 20 anser
946 304 393 40 förvaltningskontoret
1359 305 56 30 det
1436 305 125 39 sakligt
1580 314 71 20 mo-

168 357 124 30 tiverat
312 359 49 28 att
380 357 129 30 föreslå
527 360 49 27 att
596 358 55 29 det
670 358 287 40 engångsbelopp,
979 367 73 21 som
1072 359 171 29 utbetalas
1261 359 53 29 till
1334 359 151 30 ledamot
1504 369 41 20 av
1562 359 89 30 riks-

169 411 110 40 dagen
306 421 74 20 som
408 412 129 29 avlider
565 412 73 29 före
665 412 167 40 uppnådd
858 412 39 29 67
927 413 56 30 års
1010 413 104 34 ålder,
1142 413 99 39 höjes
1270 413 80 30 från
1377 412 39 31 25
1431 413 62 30 000
1521 414 130 29 kronor

168 466 52 29 till
238 465 40 30 32
293 465 62 30 000
372 466 139 29 kronor.
529 466 160 30 Premien
707 467 158 29 kommer
881 469 49 28 att
949 467 53 30 för
1019 467 217 30 närvarande
1254 468 115 39 uppgå
1386 467 52 30 till
1457 477 39 21 ca
1514 467 39 30 25
1572 468 78 29 kro-

168 529 62 20 nor
250 529 60 30 per
330 520 185 30 försäkrad
534 529 127 31 person
680 521 65 28 och
764 521 138 29 månad.

211 574 225 30 Tecknandet
464 584 42 20 av
533 575 244 39 försäkringen
806 575 64 29 och
898 575 226 30 utfärdandet
1153 586 42 20 av
1223 576 220 29 föreskrifter
1472 576 178 40 angående

167 628 56 29 det
249 628 279 29 administrativa
553 629 270 29 handhavandet
849 639 41 19 av
916 629 203 30 densamma
1145 630 204 29 ankommer
1375 630 45 39 på
1444 630 206 39 riksdagens

167 682 369 39 förvaltningskontor.

801 814 208 32 Hemställan

211 887 175 39 Styrelsen
406 888 55 29 för
480 888 205 40 riksdagens
706 888 359 40 förvaltningskontor
1086 890 53 29 får
1159 889 110 30 under
1289 890 210 40 hänvisning
1518 891 52 29 till
1592 890 57 30 det

166 941 148 30 anförda
330 942 195 34 hemställa,

519 997 50 28 att
594 996 187 39 riksdagen
808 997 107 29 måtte
942 998 107 38 pröva
1076 997 55 30 det
1160 1006 74 21 som
1259 998 114 39 bilaga
1400 997 28 29 A
1454 998 52 29 till
1534 998 115 30 denna

475 1050 209 29 hemställan
703 1050 122 39 fogade
843 1050 165 40 förslaget
1027 1051 49 30 till
1094 1052 55 39 lag
1167 1051 176 40 angående
1362 1052 148 40 ändring
1527 1052 11 30 i
1557 1052 91 30 stad-

474 1111 66 32 gan
554 1113 56 20 om
624 1104 193 40 ersättning
830 1104 53 30 för
897 1104 506 41 riksdagsmannauppdragets
1417 1105 229 40 fullgörande.

210 1211 12 28 I
251 1211 305 39 handläggningen
584 1221 40 20 av
653 1212 92 29 detta
775 1212 126 29 ärende
929 1213 64 29 har
1021 1213 151 39 deltagit,
1202 1213 154 30 förutom
1385 1214 263 30 undertecknad

164 1264 220 35 ordförande,
407 1265 72 29 vice
502 1265 236 30 ordföranden
760 1265 209 36 Andersson,
993 1266 237 30 ledamöterna
1253 1267 202 40 Wärnberg,
1479 1267 169 40 Augusts-

166 1328 71 25 son,
260 1318 118 31 Sterne
398 1320 64 28 och
481 1319 225 30 Kristensson
727 1322 89 28 samt
837 1321 229 39 suppleanten
1086 1321 222 30 Martinsson.

208 1390 201 30 Stockholm
430 1391 66 29 den
519 1390 38 30 10
579 1400 94 21 mars
696 1390 82 31 1967

494 1498 277 31 RIKSDAGENS
794 1498 526 32 FÖRVALTNINGSKONTOR

691 1607 49 30 På
765 1608 188 38 styrelsens
975 1609 146 38 vägnar:

739 1696 126 40 Sigurd
887 1697 187 30 Lindholm

1251 1796 113 33 /Sture
1383 1797 218 40 Lannefjord
