2188 2624
405 195 40 31 10
861 193 284 32 Bankoutskottets
1167 192 168 32 utlåtande
1358 193 51 31 Nr
1435 195 51 29 78.

355 273 180 50 järnväg,
582 273 131 36 vilken
758 271 86 37 med
885 271 161 50 pension
1089 273 132 46 avgått
1263 270 84 36 från
1379 271 118 48 tjänst
1525 270 64 36 vid
1614 269 214 49 järnvägen
1856 269 119 37 redan

358 326 118 36 innan
504 326 74 36 den
608 324 211 48 övertagits
848 337 47 23 av
924 328 135 31 staten.

1121 443 21 49 $
1165 420 44 78 7.

489 531 73 38 Om
604 531 57 36 till
703 530 288 49 dyrtidstillägg
1019 530 123 48 enligt
1169 529 124 37 denna
1321 529 234 47 kungörelse
1583 528 216 48 berättigad
1828 527 149 48 avlidit,

358 585 117 36 innan
520 584 144 36 honom
709 582 289 37 tillkommande
1039 581 292 50 dyrtidstillägg
1371 581 58 35 till
1463 580 93 36 fullo
1585 580 195 47 utbetalts,
1810 582 167 46 övergår

359 636 96 36 hans
482 640 75 32 rätt
584 634 232 37 härutinnan
844 633 57 37 till
929 633 231 37 stärbhuset.

487 686 340 50 Dyrtidstillägget
854 688 114 45 utgår
995 685 12 36 i
1035 684 136 37 sådant
1197 684 67 36 fall
1292 684 60 36 för
1380 697 146 24 samma
1554 684 68 47 tid,
1652 684 57 36 för
1735 683 131 37 vilken
1881 695 94 37 pen-

357 740 85 37 sion
470 739 91 37 eller
588 738 209 37 understöd
826 737 58 37 får
910 737 203 49 uppbäras.

1122 856 21 49 3
1175 858 34 35 8.

488 946 75 36 Till
608 946 105 47 hjälp
759 944 66 37 vid
867 943 348 51 dyrtidstilläggets
1252 943 212 48 uträkning
1490 943 174 37 utfärdar
1692 941 142 49 Kungl.
1865 941 111 48 Maj:t

358 998 145 48 nödiga
529 997 170 37 tabeller.

1122 1115 22 48 8
1178 1119 34 34 9.

486 1204 342 49 Dyrtidstillägget
854 1202 190 37 utbetalas
1072 1202 11 36 i
1113 1201 282 48 sammanhang
1424 1201 85 36 med
1537 1200 163 49 pension
1728 1200 91 36 eller
1837 1198 145 37 under-

359 1257 84 36 stöd
471 1257 123 48 enligt
623 1257 46 36 de
697 1261 173 31 närmare
897 1254 253 47 föreskrifter,
1180 1266 81 24 som
1289 1266 48 23 av
1365 1253 142 48 Kungl.
1537 1252 111 49 Maj:t
1676 1250 204 38 meddelas.

490 1412 139 36 Denna
670 1410 232 49 kungörelse
943 1409 127 37 träder
1110 1410 12 35 i
1163 1408 102 37 kraft
1292 1408 76 37 den
1399 1410 18 34 1
1444 1408 73 48 juli
1548 1408 111 35 1920.

488 1722 301 49 Ifrågavarande
830 1720 238 51 proposition
1109 1719 69 36 har
1220 1719 57 36 för
1319 1717 273 38 förberedande
1621 1717 235 48 behandling
1883 1716 94 38 hän-

357 1775 118 36 visats
502 1774 59 36 till
591 1773 322 37 bankoutskottet.

488 1825 242 37 Beträffande
757 1824 258 48 utredningen
1034 1824 13 36 i
1067 1827 131 32 ämnet
1221 1823 57 35 får
1296 1822 188 36 utskottet
1503 1821 163 36 hänvisa
1686 1821 58 36 till
1763 1820 212 48 åberopade

358 1877 425 49 statsrådsprotokollet.

490 1981 18 36 I
550 1980 282 48 sammanhang
860 1979 156 37 härmed
1044 1979 71 36 har
1142 1978 186 36 utskottet
1357 1977 60 36 till
1444 1976 239 48 behandling
1711 1975 167 37 förehaft
1907 1974 70 37 föl-

356 2033 120 48 jande
503 2033 12 36 i
536 2032 210 48 anledning
773 2045 47 22 av
847 2031 161 37 berörda
1028 2030 238 50 proposition
1284 2029 140 37 väckta
1439 2030 197 44 motioner,
1657 2028 197 48 nämligen
1872 2026 104 36 inom

362 2085 120 36 första
509 2085 222 35 kammaren
760 2097 46 22 nr
834 2085 74 34 253
939 2096 46 23 av
1013 2083 90 36 herr
1132 2084 137 34 Thulin
1298 2082 131 35 samti
1449 2081 119 36 andra
1596 2080 221 35 kammaren
1836 2091 47 22 nr
1903 2079 74 34 365

359 2149 48 23 av
449 2136 87 37 herr
577 2138 171 34 Leander
771 2135 121 49 jämte
920 2137 64 33 två
1014 2134 119 37 andra
1162 2147 46 23 av
1235 2134 240 35 kammarens
1502 2132 221 46 ledamöter,
1753 2144 45 23 nr
1826 2131 75 34 383
1931 2142 46 23 av

358 2188 87 36 herr
485 2189 198 35 Bäcklund
722 2188 121 47 jämte
885 2186 84 49 fyra
1011 2186 119 36 andra
1158 2199 48 22 av
1232 2185 244 36 kammarens
1504 2184 219 45 ledamöter,
1752 2196 46 22 nr
1826 2183 75 34 413
1932 2194 45 22 av

359 2239 131 37 herrar
534 2242 115 34 Thore
683 2240 69 35 och
782 2239 195 35 Bökelund
1005 2238 71 36 och
1104 2251 46 22 nr
1178 2239 73 34 419
1283 2250 47 22 av
1358 2236 89 36 herr
1482 2236 121 37 Welin
1628 2235 120 49 jämte
1776 2233 53 36 tio
1859 2232 118 37 andra

359 2304 48 23 av
435 2289 242 38 kammarens
705 2290 217 36 ledamöter.
