2188 2624
120 2024 14 27 a

413 128 20 31 6
865 128 282 32 Bankoutskottets
1170 127 167 33 utlåtande
1358 127 54 32 Nr
1433 128 53 32 '78.

1099 582 61 39 Nr
1189 583 67 41 78.

1003 739 112 27 Ankom
1135 739 44 26 till
1197 738 169 35 riksdagens
1385 738 96 27 kansli
1500 738 54 27 den
1573 738 18 26 8
1605 738 65 35 juni
1690 737 70 28 1920
1778 737 38 27 kl.
1835 738 18 26 3
1872 747 23 17 e.
1917 747 36 17 m.

578 881 205 44 Utlåtande,
812 882 13 34 i
854 880 200 46 anledning
1096 892 44 23 av
1182 880 139 44 Kungl.
1364 880 132 43 Maj:ts
1531 879 230 45 proposition
1802 879 81 35 med
1906 878 84 43 för-

772 950 78 45 slag
894 950 59 35 till
981 949 213 45 kungörelse
1221 949 80 35 med
1329 948 190 35 allmänna
1549 948 166 45 grunder
1736 947 67 43 för
1831 948 160 45 dyrtids-

774 1020 129 44 tillägg
945 1020 38 34 åt
1008 1018 35 43 f.
1074 1019 33 34 d.
1140 1018 360 44 befattningshavare
1527 1018 13 33 i
1566 1020 139 32 statens
1735 1017 114 42 tjänst
1876 1028 44 23 m.
1949 1017 38 42 f.

770 1089 241 45 pensionärer
1037 1099 46 23 m.
1113 1099 64 33 m.,
1201 1088 117 42 jämte
1346 1087 13 33 i
1387 1089 121 31 ämnet
1535 1086 130 34 väckta
1695 1086 188 34 motioner.

499 1243 18 37 I
545 1244 73 36 den
647 1243 61 36 till
734 1243 209 48 riksdagen
973 1242 73 36 den
1076 1243 19 33 7
1122 1241 154 49 januari
1306 1242 98 35 1920
1425 1240 151 36 avlåtna
1595 1239 289 49 propositionen
1903 1238 87 36 med

371 1296 146 48 förslag
557 1296 58 36 till
658 1295 238 49 tilläggsstat
939 1294 59 36 för
1028 1296 40 33 år
1099 1294 99 35 1920
1228 1293 98 36 hade
1354 1292 143 48 Kungl.
1527 1291 110 49 Maj:t
1667 1291 200 47 föreslagit
1894 1290 97 36 riks-

371 1348 125 48 dagen
539 1353 67 42 att,
642 1348 6 35 i
678 1347 164 37 avbidan
882 1348 50 46 på
973 1345 72 37 den
1088 1345 239 49 proposition
1369 1357 60 23 om
1467 1343 209 36 anvisande
1706 1356 47 22 av
1781 1341 123 37 medel
1933 1342 59 36 för

370 1400 228 46 ändamålet,
629 1412 83 23 som
740 1399 76 35 kan
843 1398 106 36 bliva
976 1396 172 49 förelagd
1177 1396 219 48 riksdagen,
1427 1395 58 36 till
1515 1394 212 37 beredande
1756 1407 48 22 av
1824 1393 166 48 dyrtids-

370 1452 140 48 tillägg
550 1451 121 36 under
714 1453 41 33 år
785 1451 99 35 1920
913 1452 38 33 åt
978 1449 25 35 f.
1035 1448 34 36 d.
1099 1448 384 48 befattningshavare
1512 1447 13 35 i
1553 1451 145 31 statens
1727 1446 118 48 tjänst
1872 1459 49 21 m.
1952 1446 37 35 fl.

370 1503 245 50 pensionärer
657 1505 20 33 å
706 1502 236 48 tilläggsstat
970 1501 58 36 för
1056 1503 40 33 år
1127 1501 99 35 1920
1256 1502 125 34 såsom
1411 1498 304 49 förslagsanslag
1742 1497 168 37 beräkna
1938 1503 54 31 ett

372 1555 137 49 belopp
539 1568 47 23 av
617 1555 232 47 11,000,000
880 1553 152 36 kronor.

503 1605 223 37 Sedermera
754 1607 69 35 har
850 1605 145 48 Kungl.
1026 1604 109 47 Maj:t
1162 1603 12 36 i
1204 1617 47 22 en
1279 1602 57 37 till
1364 1602 211 47 riksdagen
1603 1600 74 36 den
1708 1602 21 34 5
1758 1614 102 22 mars
1892 1602 98 34 1920

371 1658 152 36 avlåten
563 1657 241 50 proposition
845 1670 45 23 nr
933 1658 86 44 265,
1058 1656 120 36 under
1207 1654 239 47 åberopande
1475 1667 46 22 av
1550 1652 288 51 propositionen
1867 1652 125 48 bilagt

371 1709 141 49 utdrag
549 1723 47 22 av
624 1708 422 49 statsrådsprotokollet
1074 1712 92 31 över
1193 1706 292 37 finansärenden
1515 1706 59 35 för
1601 1717 146 23 samma
1776 1704 88 48 dag,
1894 1704 97 35 före-

373 1762 118 48 slagit
519 1761 209 48 riksdagen
757 1766 55 31 att

502 1815 74 34 dels
603 1812 209 49 godkänna
839 1811 65 37 vid
932 1811 292 49 propositionen
1252 1811 107 46 fogat
1387 1809 146 48 förslag
1561 1808 58 36 till
1646 1807 232 49 kungörelse
1905 1806 86 37 med

372 1865 191 36 allmänna
600 1864 171 49 grunder
799 1865 59 35 för
885 1863 289 49 dyrtidstillägg
1202 1865 38 33 åt
1267 1862 25 35 f.
1323 1861 34 36 d.
1388 1860 382 48 befattningshavare
1807 1859 13 36 i
1848 1864 145 31 statens

372 1917 118 48 tjänst
518 1930 48 23 m.
596 1917 38 35 fl.
664 1916 258 50 pensionärer,

504 1970 74 35 dels
619 1969 61 35 för
722 1967 245 37 bestridande
1010 1979 47 24 av
1098 1965 257 36 kostnaderna
1396 1965 59 36 för
1483 1963 292 50 dyrtidstillägg
1802 1962 121 36 under
1952 1965 40 33 år

376 2021 99 36 1920
505 2023 37 33 åt
570 2020 46 36 de
645 2020 12 36 i
687 2019 267 37 ovannämnda
983 2017 398 48 förfatiningsförslag
1408 2015 173 50 åsyftade
1609 2015 247 49 pensionärer
1883 2027 49 22 m.
1954 2014 35 36 d.

373 2073 21 34 å
421 2072 237 49 tilläggsstat
686 2072 60 35 för
774 2074 40 33 år
844 2072 99 35 1920
971 2070 121 36 under
1121 2069 131 36 tionde
1280 2068 241 36 huvudtiteln
1541 2070 125 33 såsom
1687 2065 306 49 förslagsanslag

372 2123 136 36 anvisa
535 2129 53 31 ett
616 2124 141 48 belopp
787 2136 46 22 av
864 2123 229 46 12,300,000
1122 2121 151 46 kronor,

503 2177 75 35 dels
620 2177 64 34 ock
727 2175 177 45 förklara,
948 2179 55 30 att
1043 2173 120 36 under
1204 2175 41 33 år
1285 2173 96 35 1921
1412 2172 76 35 tills
1516 2170 132 36 vidare
1677 2170 72 36 och
1777 2168 100 36 intill
1906 2167 86 37 dess

372 2226 191 36 definitivt
604 2227 127 36 beslut
772 2227 134 35 fattats
948 2225 163 36 rörande
1150 2224 46 36 de
1233 2224 134 46 medel,
1402 2236 47 22 av
1477 2222 102 37 vilka
1607 2221 121 37 under
1756 2219 167 37 nämnda
1952 2222 41 34 år
