1904 2846
551 187 276 31 Statsutskottets
853 187 176 31 utlåtande
1054 187 50 30 Nr
1126 188 28 29 2.
1560 182 41 31 23

140 271 65 30 Till
226 271 249 31 omkostnader
495 271 146 31 föreslås
663 281 42 21 en
728 272 79 30 med
829 272 65 30 500
916 272 130 30 kronor
1068 272 51 30 till
1141 272 97 35 2,900
1260 272 132 30 kronor
1413 272 92 30 ökad
1527 281 70 21 me-

89 321 268 37 delsanvisning,
384 322 107 30 därav
517 322 97 36 2,300
642 322 130 30 kronor
796 321 57 31 för
877 321 307 37 reseersättningar
1209 322 65 30 och
1299 322 65 30 600
1389 321 129 31 kronor
1544 321 56 31 för

94 381 40 21 ex
138 381 131 28 penser.

140 472 180 37 Utskottet,
346 482 76 22 som
446 473 76 31 icke
546 473 118 31 funnit
688 473 186 36 anledning
898 473 53 31 till
974 473 138 31 erinran
1137 477 72 27 mot
1234 473 123 37 Kungl.
1383 472 119 37 Maj:ts
1527 473 70 31 för-

93 523 84 37 slag,
199 524 208 36 hemställer,

450 611 48 28 att
520 608 185 37 riksdagen
728 608 58 31 må

449 657 31 40 a)
511 658 172 32 fastställa
713 658 157 37 följande
900 662 67 28 stat
997 659 55 31 för
1083 659 514 37 ungdomsfängelsenämnden,

405 711 49 28 att
473 708 176 38 tillämpas
668 709 68 30 tills
757 709 117 31 vidare
893 708 79 32 från
992 710 65 30 och
1078 709 79 30 med
1175 708 202 38 budgetåret
1400 704 151 43 1942/43:

958 807 77 24 stat.

838 878 320 36 Avlöningar.

408 954 27 29 1.
461 953 159 31 Arvoden
653 954 65 30 och
752 953 172 32 särskilda
958 954 239 36 ersättningar,
1231 954 55 30 be-

506 1004 137 31 stämda
667 1013 42 22 av
734 1004 123 36 Kungl.
885 1003 110 38 Maj:t,
1022 1004 200 37 förslagsvis
1255 1028 28 6 ..
1313 1005 131 30 kronor
1489 1004 98 36 4,100

404 1056 29 28 2.
459 1055 211 36 Avlöningar
714 1055 51 30 till
813 1055 266 31 icke-ordinarie
1128 1055 159 37 personal

504 1116 44 20 IN.
566 1116 45 20 I
634 1128 646 8 oeseeseseerereerer
968 1101 30 46 sr
1008 1101 36 46 rr
1054 1101 33 46 sr
1098 1101 67 46 rr
1190 1101 92 46 reses
1371 1116 12 16 >
1489 1105 97 35 3,000

814 1206 378 32 Omkostnader.

403 1283 266 37 Omkostnader,
692 1284 200 37 förslagsvis
941 1307 338 6 ........ss.os.s.s
1369 1293 13 15 »
1488 1282 97 37 2,900

1143 1351 142 31 Summa
1309 1351 132 30 kronor
1466 1350 131 36 10,000;

448 1451 33 40 b)
512 1452 51 30 till
596 1451 512 39 Ungdomsfängelsenämnden
1138 1451 56 31 för
1222 1451 203 36 budgetåret
1459 1445 139 43 1942/43

404 1503 120 30 anvisa
545 1505 48 28 ett
614 1502 271 37 förslagsanslag
906 1512 44 21 av
973 1503 116 35 10,000
1112 1502 138 30 kronor.

134 1651 91 41 39:0)
246 1652 329 37 Länsstyrelsernas
591 1653 192 30 kostnader
800 1652 57 31 för
875 1651 278 38 fångtransport.
1171 1652 14 30 I
1204 1652 153 37 enlighet
1374 1652 82 30 med
1473 1651 124 37 Kungl.

93 1704 120 36 Maj:ts
234 1704 129 37 förslag
390 1703 125 40 (punkt
535 1704 52 36 41,
609 1704 63 31 sid.
694 1704 41 30 84
756 1704 66 30 och
843 1702 54 41 85)
925 1704 66 30 och
1011 1704 111 30 under
1141 1704 150 35 erinran,
1315 1705 50 28 att
1386 1712 134 22 samma
1540 1703 57 29 be-

92 1755 83 36 lopp
197 1755 151 30 anvisats
369 1754 57 31 för
445 1755 235 30 innevarande
700 1753 178 38 budgetår,
901 1754 199 31 hemställer
1122 1754 174 36 utskottet,

449 1841 48 28 att
519 1839 184 36 riksdagen
724 1838 58 31 må
801 1838 52 31 till
876 1838 318 37 Länsstyrelsernas
1214 1837 189 30 kostnader
1423 1837 56 37 för
1499 1836 99 39 fång-

405 1892 176 33 transport
611 1889 57 30 för
696 1888 203 37 budgetåret
932 1884 138 41 1942/43
1102 1888 120 31 anvisa
1252 1891 46 28 ett
1328 1888 270 36 förslagsanslag

404 1949 43 20 av
468 1940 139 34 110,000
627 1940 138 29 kronor.

137 2087 91 41 40:0)
255 2089 206 37 Ersättning
485 2089 52 30 till
561 2089 224 31 Stockholms
808 2090 80 29 stad
913 2089 57 30 för
994 2087 186 32 underhåll
1206 2098 42 21 av
1272 2087 127 38 fångar
1422 2088 11 30 i
1457 2089 143 30 stadens

91 2139 431 37 rannsakningsfängelse.
544 2140 81 30 Med
647 2140 247 35 tillstyrkande
916 2149 43 21 av
979 2139 101 30 bifall
1102 2139 52 30 till
1178 2139 123 36 Kungl.
1325 2138 120 37 Maj:ts
1467 2138 133 37 förslag

97 2186 126 39 (punkt
245 2190 50 36 42,
320 2190 62 30 sid.
410 2191 41 29 85
474 2191 66 29 och
563 2187 69 40 86),
658 2190 104 30 vilket
784 2190 11 29 i
818 2189 221 31 förhållande
1061 2190 51 30 till
1136 2189 244 31 motsvarande
1403 2189 119 36 anslag
1545 2189 56 30 för

89 2239 235 31 innevarande
340 2240 168 36 budgetår
524 2241 145 29 innebär
685 2249 41 21 en
742 2250 42 20 av
800 2240 93 30 ökad
909 2239 193 36 belastning
1118 2239 21 30 å
1155 2240 153 36 anslaget
1324 2239 183 31 föranledd
1524 2237 76 37 höj-

93 2290 83 36 ning
200 2291 78 29 med
304 2291 98 35 4,000
428 2291 139 35 kronor,
594 2290 199 30 hemställer
817 2291 177 34 utskottet,

446 2385 49 27 att
520 2382 185 36 riksdagen
732 2381 58 31 må
815 2381 51 30 till
893 2381 200 36 Ersättning
1120 2380 51 31 till
1196 2380 219 31 Stockholms
1441 2380 75 30 stad
1543 2380 56 37 för

403 2431 183 30 underhåll
607 2441 42 20 av
670 2431 124 37 fångar
815 2432 10 29 i
845 2431 139 31 stadens
1005 2430 411 37 rannsakningsfängelse
1439 2431 55 30 för
1512 2430 86 31 bud-

403 2482 127 36 getåret
561 2478 143 34 1942/43
730 2482 119 31 anvisa
876 2485 46 27 ett
949 2482 269 36 förslagsanslag
1243 2491 42 21 av
1316 2482 116 36 14,000
1459 2482 139 30 kronor.

1649 471 126 24 Utskouet.
