1906 2784
298 158 19 29 4
646 155 313 31 Bankoutskottets
977 154 180 31 utlåtande
1173 163 43 20 nr
1232 154 44 29 25
1292 153 41 30 år
1351 153 83 29 1960

348 241 174 29 Utskottet
543 240 60 30 vill
625 240 115 30 erinra
761 248 58 21 om
842 241 50 28 att
914 237 388 32 talmanskonferensen
1323 237 58 30 vid
1404 236 261 31 sammanträde
1686 236 68 29 den
1775 235 21 29 4

303 290 180 31 december
508 290 85 30 1959
614 290 150 30 beslutat
787 289 122 34 uttala,
933 291 49 28 att
1005 288 187 39 riksdagen
1213 288 78 30 icke
1313 296 81 21 vore
1416 288 12 29 i
1450 286 140 30 tillfälle
1614 288 49 28 att
1685 285 112 30 under

303 340 39 30 år
366 340 80 30 1960
468 340 158 39 företaga
646 349 42 20 en
708 348 78 21 resa
806 339 12 30 i
840 338 122 31 Skåne.
982 338 156 30 Beslutet
1159 337 199 30 föranleder
1379 346 42 20 en
1442 336 210 39 omräkning
1674 346 42 20 av
1737 345 61 20 an-

302 391 118 39 slaget,
435 390 109 30 vilket
559 390 63 29 bör
637 391 171 38 upptagas
823 389 54 30 till
895 389 13 29 1
925 388 62 30 450
1002 388 63 30 000
1082 389 139 28 kronor.
1237 387 177 30 Utskottet
1430 387 212 33 hemställer,

653 440 50 29 att
726 438 188 39 riksdagen
937 437 59 31 må
1018 437 57 30 för
1098 436 204 41 budgetåret
1329 437 144 40 1960/61
1501 436 53 30 till
1579 435 215 40 Riksdagen:

607 488 324 40 Reseersättningar
962 487 52 32 till
1042 487 206 40 riksdagens
1279 487 191 30 ledamöter
1501 487 121 31 anvisa
1652 488 47 28 ett
1729 486 71 40 för-

611 540 217 39 slagsanslag
851 549 42 20 av
917 538 92 30 1450
1024 537 63 31 000
1111 538 139 30 kronor.

346 640 74 34 3:0)
439 640 211 36 Riksdagen:
667 640 212 35 Avlöningar
890 640 52 29 till
956 639 170 36 personal.
1140 639 114 30 Under
1268 638 158 40 punkten
1442 638 18 29 3
1474 638 65 29 har
1553 637 124 40 Kungl.
1692 636 106 40 Maj:t

303 690 178 40 föreslagit
504 690 188 40 riksdagen
716 692 50 28 att
790 689 55 30 för
868 689 204 40 budgetåret
1098 688 145 36 1960/61
1271 688 52 30 till
1347 688 215 40 Riksdagen:
1589 687 211 39 Avlöningar

300 740 53 30 till
371 741 161 39 personal
552 740 120 30 anvisa
689 742 49 29 ett
756 739 273 40 förslagsanslag
1048 748 43 20 av
1111 738 92 30 1540
1218 738 63 30 000
1300 739 140 29 kronor.

345 790 349 40 Riksgäldskontoret
714 790 64 30 har
798 790 12 29 i
832 790 53 30 sin
906 789 169 40 förnyade
1096 789 333 40 anslagsberäkning
1449 788 133 40 angivit
1603 787 196 40 anslagsbe-

301 840 104 30 hovet
425 841 52 30 till
501 840 96 30 1663
610 840 62 30 000
693 840 141 30 kronor.

347 891 77 30 Med
451 891 208 30 biträdande
687 900 42 22 av
756 890 358 40 riksgäldskontorets
1143 889 169 40 förnyade
1341 888 335 41 anslagsberäkning
1704 888 96 30 hem-

302 941 118 29 ställer
438 941 182 35 utskottet,

652 993 50 27 att
723 990 188 40 riksdagen
931 991 57 29 må
1009 990 56 30 för
1085 990 203 40 budgetåret
1312 989 146 37 1960/61
1483 989 122 31 anvisa
1626 989 51 30 till
1698 989 102 31 Riks-

611 1041 126 39 dagen:
753 1041 213 39 Avlöningar
982 1040 53 30 till
1048 1040 162 40 personal
1225 1042 49 28 ett
1288 1039 276 41 förslagsanslag
1579 1049 42 20 av
1638 1040 88 30 1663
1739 1039 60 30 000

611 1091 138 30 kronor.

344 1190 76 36 4:0)
440 1192 212 35 Riksdagen:
669 1192 192 29 Kostnader
875 1192 56 29 för
944 1192 302 35 riksdagstrycket.
1262 1191 115 30 Under
1392 1191 156 37 punkten
1563 1190 19 30 4
1597 1191 62 29 har
1675 1190 123 38 Kungl.

299 1241 104 37 Maj:t
421 1242 179 37 föreslagit
617 1242 184 37 riksdagen
819 1244 48 28 att
886 1242 55 29 för
958 1241 201 38 budgetåret
1179 1241 142 36 1960/61
1343 1241 51 30 till
1414 1241 215 39 Riksdagen:
1651 1242 147 29 Kostna-

300 1291 61 30 der
379 1291 54 30 för
451 1292 299 39 riksdagstrycket
769 1291 123 31 anvisa
909 1294 47 27 ett
975 1291 273 40 förslagsanslag
1267 1301 43 20 av
1331 1292 14 29 1
1362 1291 62 30 385
1437 1291 62 30 000
1519 1291 140 30 kronor.

343 1342 219 39 Riksdagens
579 1343 169 29 revisorer
762 1343 65 30 har
842 1343 11 29 i
869 1343 54 30 sin
937 1343 181 30 berättelse
1134 1352 55 21 om
1204 1343 65 30 den
1285 1342 39 30 år
1341 1342 77 30 1959
1435 1352 42 20 av
1493 1343 78 29 dem
1585 1342 210 30 verkställda

301 1391 263 40 granskningen
591 1402 42 20 av
658 1392 337 40 riksgäldskontoret
1023 1392 113 30 under
1163 1392 15 37 8
1208 1392 18 30 3
1253 1391 185 35 meddelat,
1465 1393 51 28 att
1544 1391 216 31 revisorerna
1787 1392 11 28 i

300 1442 55 30 sin
374 1442 185 30 berättelse
578 1443 177 38 angående
776 1442 218 35 statsverket,
1017 1442 15 37 $
1055 1442 52 35 28,
1128 1442 187 30 behandlat
1336 1442 124 39 frågan
1481 1451 57 21 om
1559 1442 236 30 kostnaderna

300 1491 55 30 för
376 1491 308 41 riksdagstrycket,
702 1492 117 30 vartill
840 1492 217 30 revisorerna
1076 1492 172 30 hänvisat.
1269 1492 247 31 Revisorernas
1537 1491 261 41 framställning

299 1541 11 29 i
332 1542 115 29 ämnet
467 1543 192 39 utmynnar
677 1543 12 29 i
706 1542 95 30 vissa
820 1542 364 30 rekommendationer
1203 1542 65 30 och
1288 1542 141 40 förslag,
1450 1552 75 21 som
1547 1542 111 40 syftar
1678 1542 51 30 till
1750 1544 48 28 ett

300 1591 262 40 nedbringande
586 1601 42 21 av
648 1592 237 30 kostnaderna
908 1592 53 31 för
982 1592 310 40 riksdagstrycket.

345 1642 230 30 Revisorerna
593 1643 133 29 erinrar
744 1643 44 29 bl.
808 1652 30 20 a.
858 1652 55 20 om
932 1643 41 30 de
991 1644 366 29 rekommendationer
1374 1644 12 29 i
1405 1643 99 40 fråga
1523 1652 57 21 om
1600 1643 197 30 recitskriv-

300 1691 128 40 ningen
449 1692 96 29 inom
568 1692 190 35 utskotten,
782 1702 75 20 som
879 1693 44 39 på
945 1693 54 29 sin
1021 1693 51 29 tid
1094 1693 179 30 lämnades
1296 1702 43 20 av
1361 1703 41 20 en
1425 1703 40 20 av
1488 1693 221 39 fullmäktige
1731 1693 69 29 till-

298 1743 69 28 satt
384 1742 389 39 sakkunnigutredning
787 1742 178 39 angående
979 1743 281 39 rationalisering
1275 1753 43 20 av
1331 1743 300 39 riksdagstrycket
1649 1743 51 33 (se
1712 1743 84 29 ban-

300 1793 237 30 koutskottets
557 1794 61 28 utl.
638 1803 41 19 nr
697 1792 168 37 44/1947)
889 1794 64 29 och
971 1793 158 35 föreslår,
1149 1796 48 27 att
1217 1794 102 30 dessa
1338 1794 365 29 rekommendationer
1721 1802 75 21 mer

300 1842 145 30 allmänt
467 1844 45 28 än
535 1852 75 21 som
632 1843 123 30 hittills
779 1843 92 30 skett
893 1843 86 30 skall
1002 1844 106 29 lända
1130 1843 50 30 till
1202 1843 231 30 efterrättelse
1455 1844 57 29 vid
1535 1844 264 39 utformningen

299 1901 43 20 av
363 1893 198 30 utskottens
583 1893 215 30 utlåtanden.

345 1942 12 29 I
379 1943 161 38 yttrande
562 1944 81 28 över
663 1943 41 29 de
725 1943 11 29 i
757 1943 117 30 denna
894 1943 53 30 del
969 1953 41 20 av
1031 1944 205 39 riksdagens
1258 1944 169 30 revisorer
1448 1944 124 40 gjorda
1594 1945 205 29 uttalanden

300 1991 102 30 anför
421 1992 223 40 fullmäktige
664 1993 11 29 i
694 1992 340 40 riksgäldskontoret
1053 1994 45 29 bl.
1120 2004 29 20 a.
1170 1994 167 39 följande.

346 2050 233 40 Fullmäktige
594 2051 153 29 biträder
762 2052 96 29 detta
873 2051 139 40 förslag,
1031 2061 75 20 som
1122 2052 95 30 torde
1233 2062 83 20 vara
1334 2054 103 38 ägnat
1453 2055 49 28 att
1518 2053 77 29 icke
1611 2053 188 39 obetydligt

301 2092 191 40 nedbringa
511 2093 237 30 kostnaderna
767 2093 56 30 för
841 2094 308 39 riksdagstrycket.
1169 2095 12 28 I
1202 2095 203 39 anslutning
1426 2095 50 30 till
1496 2095 68 29 vad
1584 2095 216 30 revisorerna

299 2135 12 29 i
336 2135 111 39 övrigt
471 2135 11 29 i
508 2135 229 31 förevarande
763 2135 256 40 sammanhang
1045 2136 118 30 anfört
1186 2137 60 29 vill
1273 2136 220 41 fullmäktige
1520 2137 198 35 framhålla,
1745 2139 52 28 att

301 2176 220 40 fullmäktige
540 2176 55 30 för
613 2177 52 29 sin
683 2177 52 29 del
755 2178 38 28 är
810 2178 150 29 beredda
977 2180 61 34 att,
1057 2178 62 30 där
1138 2178 37 30 så
1191 2178 170 39 påkallas,
1378 2179 117 29 lämna
1514 2179 55 29 sin
1587 2179 211 29 medverkan

300 2217 52 30 till
374 2218 95 39 varje
492 2218 133 40 åtgärd,
650 2228 72 20 som
745 2219 70 30 kan
838 2228 100 21 anses
960 2219 144 40 lämplig
1126 2220 64 29 och
1212 2220 275 40 ändamålsenlig
1511 2220 54 30 för
1588 2222 49 28 att
1659 2221 140 29 minska

301 2260 101 29 dessa
418 2260 201 29 kostnader.

345 2302 12 28 I
380 2302 93 30 detta
496 2302 255 40 sammanhang
773 2303 64 29 har
859 2303 221 39 fullmäktige
1103 2303 116 30 funnit
1241 2303 159 40 lämpligt
1422 2305 49 28 att
1494 2306 154 37 upptaga
1669 2306 48 29 ett
1739 2313 60 21 an-

301 2346 61 27 nat
390 2344 182 38 spörsmål,
601 2353 73 21 som
701 2344 100 30 berör
830 2345 298 39 riksdagstrycket
1154 2345 64 30 och
1246 2346 237 29 kostnaderna
1511 2346 56 29 för
1593 2346 205 34 detsamma,

300 2385 175 39 nämligen
498 2385 227 40 utgivningen
749 2395 41 20 av
815 2386 330 39 snabbprotokollen
1168 2387 79 29 från
1270 2387 205 39 riksdagens
1500 2387 166 31 debatter.
1689 2389 110 29 Dessa

301 2427 297 39 snabbprotokoll,
616 2428 63 30 här
697 2428 114 29 nedan
830 2428 197 29 benämnda
1046 2428 388 40 Riksdagsdebatterna,
1452 2429 146 39 började
1617 2430 43 38 på
1679 2429 119 30 försök
