1906 2782
269 149 18 30 8
618 149 314 31 Bankoutskottets
951 149 178 31 utlåtande
1147 159 43 20 nr
1206 149 42 30 25
1264 149 41 31 år
1324 149 84 30 1960

318 232 281 30 Prästeståndets
616 232 173 40 protokoll
807 232 58 30 vid
885 232 81 30 1723
985 232 56 30 års
1059 232 143 39 riksdag
1226 232 110 33 (band
1354 232 56 34 6);

316 274 279 31 Bondeståndets
620 275 172 39 protokoll
817 275 59 30 vid
904 273 214 31 1760—1762
1144 274 56 31 års
1225 274 143 40 riksdag
1398 273 74 36 (två
1495 273 192 31 halvband:
1714 272 55 32 be-

274 316 170 31 tecknade
466 316 29 30 8'
516 316 68 30 och
605 316 73 34 8").

316 358 120 31 Beslut
455 358 178 39 angående
653 358 182 39 utgivning
854 368 42 20 av
914 358 200 39 ytterligare
1133 357 427 40 borgarståndsprotokoll
1578 357 100 30 torde
1697 357 72 31 tills

272 400 120 30 vidare
414 400 36 30 få
469 400 112 34 anstå,
601 401 54 29 till
675 401 78 29 dess
776 400 85 30 1734
883 400 56 30 års
959 399 298 40 protokollsband,
1279 399 109 30 vilket
1409 399 361 30 kostnadsberäknats

273 442 52 29 till
343 441 41 31 55
399 441 62 31 000
477 442 141 34 kronor,
635 442 189 30 utkommit
841 451 42 21 av
899 442 144 39 trycket.

316 483 228 38 Beträffande
564 484 228 39 utgivningen
812 493 43 21 av
875 493 49 20 nu
942 483 268 40 ifrågavarande
1231 483 338 39 riksdagsprotokoll
1589 483 12 30 i
1621 492 43 21 en
1684 491 87 32 upp-

271 525 80 40 laga
369 535 43 21 av
429 525 61 30 350
508 535 51 21 ex.
578 525 184 40 föreligger
779 525 228 41 preliminära
1024 524 418 40 kostnadsberäkningar,
1461 524 95 31 vilka
1574 525 134 30 utvisar
1726 534 44 21 en

273 568 241 39 sammanlagd
529 568 315 30 kostnadssumma
858 577 43 21 av
916 566 61 31 304
991 566 63 31 394
1069 567 132 30 kronor
1216 567 107 39 enligt
1339 566 157 40 följande
1511 566 257 40 uppställning:

269 627 257 41 Ridderskapets
548 627 62 31 och
633 628 110 30 adelns
765 627 324 40 riksdagsprotokoll,
1115 627 51 30 del
1189 627 356 30 27...........:-..-+
1596 626 41 30 60
1649 626 70 30 068:
1734 644 41 3 —

377 670 48 29 oo»
579 679 14 20 »
678 679 13 19 »
916 679 12 19 »
1116 669 51 30 del
1189 669 155 30 283:s:x:
1364 693 181 4 203
1596 668 42 30 60
1649 668 70 30 312:
1734 686 41 3 —

268 712 264 31 Prästeståndets
554 712 314 39 riksdagsprotokoll
906 712 87 29 band
1016 711 18 29 6
1066 706 19 49 =
1119 734 428 6 ossssssessrssserer
1479 706 72 49 rest
1596 710 40 29 47
1649 710 71 29 886:
1734 727 42 4 —

268 755 264 31 Bondeståndets
555 753 313 40 riksdagsprotokoll
907 753 86 30 band
1016 751 31 32 85
1118 776 428 6 o—Lssososssssss
1379 747 70 50 reses
1460 747 89 50 reses
1597 751 40 30 69
1649 752 71 29 212:
1734 769 42 4 —

412 805 13 20 »
710 805 13 20 »
903 795 87 30 band
1013 793 44 31 8
1110 818 428 6 oClosoossse
1312 789 71 49 esse
1392 789 68 49 sees
1471 789 72 49 rss
1598 793 39 30 66
1650 793 70 30 916:
1734 811 42 3 —

318 887 252 40 Redigeringen
595 896 43 21 av
662 887 261 39 ridderskapets
948 886 64 30 och
1037 886 121 30 adelns
1185 888 90 28 samt
1299 885 274 30 bondeståndets
1598 884 174 40 protokoll

274 931 38 29 är
335 930 117 31 såsom
472 930 148 39 tidigare
643 929 90 30 skett
756 929 130 30 avsedd
909 931 49 27 att
979 928 219 39 ombesörjas
1221 937 40 20 av
1284 937 43 21 en
1350 927 66 30 och
1439 935 135 22 samma
1596 926 174 34 redaktör,

274 972 111 30 förste
406 971 199 31 arkivarien
626 971 81 30 Sten
725 970 173 30 Landahl.
920 970 76 30 Med
1017 970 140 38 hänsyn
1176 969 119 30 härtill
1318 971 92 28 samt
1431 969 52 29 till
1503 969 59 29 det
1582 968 191 30 omfattan-

274 1015 42 29 de
339 1013 195 31 materialet
563 1013 141 34 (inalles
727 1012 79 39 fyra
830 1012 97 30 delar
949 1012 82 30 eller
1054 1011 193 35 halvband)
1277 1011 99 30 torde
1400 1010 55 30 för
1479 1010 227 40 utgivningen
1730 1019 43 21 av

274 1056 104 30 dessa
396 1055 296 40 ståndsprotokoll
710 1054 84 30 böra
811 1054 174 30 beräknas
1003 1063 43 20 en
1064 1053 105 39 något
1187 1054 119 38 längre
1325 1052 324 40 utgivningsperiod
1668 1053 44 29 än
1730 1052 42 30 de

274 1100 52 27 tre
350 1097 49 35 år,
423 1106 74 21 som
519 1097 127 30 hittills
669 1096 133 40 utgjort
826 1096 102 39 regel,
951 1095 204 40 förslagsvis
1178 1095 109 30 minst
1310 1095 80 39 fyra
1412 1094 49 30 år.
1484 1095 167 29 Däremot
1673 1094 98 30 torde

275 1138 463 41 prästeståndsprotokollen
758 1138 130 29 liksom
910 1138 85 29 även
1016 1137 43 30 de
1079 1136 97 30 förut
1197 1137 216 29 omnämnda
1435 1145 41 20 av
1500 1136 81 30 1957
1607 1135 57 30 års
1686 1135 88 30 riks-

275 1181 202 41 dagsbeslut
495 1180 195 30 omfattade
709 1179 472 40 borgarståndsprotokollen
1201 1179 122 29 kunna
1343 1178 209 31 medhinnas
1573 1178 112 30 under
1704 1177 69 30 den

274 1224 179 29 närmaste
473 1222 288 39 treårsperioden.

319 1265 80 30 Med
426 1265 137 39 hänsyn
592 1264 126 30 främst
746 1264 53 30 till
827 1264 69 30 den
924 1263 253 40 eftersläpning
1204 1263 12 30 i
1243 1263 69 29 den
1340 1262 187 40 planerade
1557 1261 215 40 utgivnings-

274 1307 134 35 takten,
430 1315 74 22 som
524 1306 224 40 uppkommit
768 1306 54 29 till
843 1305 90 40 följd
954 1315 41 20 av
1015 1307 61 32 att,
1099 1304 115 31 såsom
1235 1304 109 31 redan
1366 1305 151 33 nämnts,
1540 1303 132 31 arbetet
1692 1303 80 30 med

274 1348 241 40 redigeringen
531 1358 43 21 av
588 1347 286 41 borgarståndets
889 1347 172 40 protokoll
1076 1347 59 30 vid
1153 1345 83 31 1734
1251 1346 57 30 års
1324 1346 142 39 riksdag
1482 1346 95 29 ännu
1592 1345 77 30 icke
1684 1345 89 29 kun-

275 1393 61 28 nat
353 1390 175 40 påbörjas,
545 1390 185 39 föreligger
747 1389 56 31 för
820 1389 217 30 närvarande
1054 1398 44 21 en
1116 1388 214 31 reservation
1347 1388 21 30 å
1383 1388 125 30 hittills
1526 1397 43 20 av
1585 1387 188 39 riksdagen

275 1433 56 30 för
357 1432 198 31 ändamålet
581 1432 165 30 anvisade
770 1432 115 29 medel
911 1440 41 21 av
976 1440 40 21 ca
1043 1430 61 30 147
1120 1430 63 30 000
1208 1430 141 30 kronor.
1376 1429 14 30 I
1417 1429 355 40 riksgäldskontorets

276 1475 251 39 anslagspetita
547 1473 58 31 för
625 1474 101 30 nästa
746 1472 172 40 budgetår
938 1472 64 30 har
1022 1472 123 30 därför
1165 1471 138 40 begärts
1325 1481 43 21 en
1391 1470 382 40 anslagsförstärkning

276 1526 43 21 av
343 1517 147 30 allenast
513 1515 41 31 25
567 1515 65 31 000
656 1516 140 30 kronor.
820 1515 69 30 För
912 1514 269 40 ifrågavarande
1204 1513 320 40 utgivningsarbete
1549 1513 12 30 i
1586 1513 112 39 övrigt
1721 1521 53 22 er-

276 1558 191 40 forderliga
493 1557 267 40 anslagsbelopp
787 1557 101 30 torde
914 1556 189 40 lämpligen
1130 1556 94 34 böra,
1253 1556 61 30 allt
1342 1555 89 30 efter
1456 1555 68 30 den
1550 1554 224 40 beräkneliga

277 1600 395 40 anslagsbelastningen,
696 1599 36 30 få
754 1599 155 30 fördelas
932 1598 44 40 på
997 1597 216 40 budgetåren
1239 1596 357 37 1961/62—1964/65.

321 1643 119 30 Under
460 1642 220 39 åberopande
701 1650 41 21 av
764 1641 58 30 det
845 1640 148 30 anförda
1014 1640 66 29 och
1102 1639 45 30 då
1168 1639 221 39 fullmäktige
1411 1638 101 40 utgår
1533 1638 95 30 ifrån
1650 1640 51 28 att
1723 1647 53 21 ar-

275 1685 94 30 betet
392 1685 79 29 med
492 1684 228 40 utgivningen
743 1692 42 21 av
808 1682 160 40 otryckta
991 1681 298 40 ståndsprotokoll
1312 1681 64 30 bör
1399 1680 182 31 fortsättas
1604 1680 66 30 och
1694 1679 81 31 full-

276 1727 109 39 följas
402 1728 85 28 utan
504 1726 148 34 avbrott,
668 1725 107 30 vilket
792 1725 100 29 torde
912 1724 53 30 stå
980 1724 12 30 i
1008 1723 349 31 överensstämmelse
1374 1722 80 30 med
1471 1722 206 39 riksdagens
1696 1721 79 31 tidi-

278 1776 81 32 gare
380 1769 65 29 och
466 1769 117 29 senast
604 1767 39 30 år
668 1767 80 30 1957
772 1767 12 29 i
805 1766 117 30 denna
942 1765 99 40 fråga
1061 1765 135 30 fattade
1216 1765 124 34 beslut,
1364 1764 55 30 får
1439 1764 222 39 fullmäktige
1681 1764 95 29 hem-

278 1811 112 33 ställa,
409 1812 50 28 att
475 1810 172 30 utskottet
664 1809 107 30 måtte
787 1809 66 29 hos
870 1808 187 39 riksdagen
1076 1807 147 30 utverka
1240 1806 279 39 bemyndigande
1537 1806 56 30 för
1611 1806 164 29 fullmäk-

278 1852 69 39 tige
368 1854 51 28 att
438 1851 70 31 låta
526 1851 13 30 i
559 1860 45 21 en
624 1851 151 39 upplaga
796 1860 43 20 av
859 1850 63 30 350
943 1859 49 21 ex.
1013 1849 53 30 till
1087 1849 136 39 trycket
1243 1848 167 30 befordra
1430 1848 260 39 ridderskapets
1712 1847 65 30 och

279 1894 123 30 adelns
420 1894 173 39 protokoll
611 1893 59 30 vid
690 1892 216 31 1769—1770
926 1891 56 31 års
1000 1891 144 40 riksdag
1168 1890 71 35 (del
1259 1890 40 31 27
1321 1890 65 30 och
1408 1889 72 35 28),
1500 1889 276 39 prästeståndets

279 1936 175 40 protokoll
468 1935 56 31 vid
543 1935 84 30 1723
643 1935 56 30 års
714 1934 144 39 riksdag
878 1934 108 34 (band
1002 1934 35 34 6)
1058 1933 67 30 och
1139 1932 273 31 bondeståndets
1427 1931 173 40 protokoll
1616 1931 58 30 vid
1693 1931 83 30 1760

276 1979 133 29 —1762
427 1978 55 30 års
498 1977 145 39 riksdag
664 1976 108 34 (band
789 1975 151 34 8'—8").

321 2061 175 30 Utskottet
518 2061 155 30 biträder
695 2060 241 39 fullmäktiges
958 2060 11 29 i
992 2059 339 39 riksgäldskontoret
1356 2057 129 39 förslag
1508 2066 58 21 om
1589 2059 50 28 att
1663 2056 110 40 utgiv-

276 2112 132 40 ningen
424 2121 41 21 av
480 2111 161 39 otryckta
658 2110 297 39 ståndsprotokoll
971 2109 62 30 bör
1049 2109 183 30 fortsättas
1249 2108 66 30 och
1331 2107 174 40 fullföljas
1522 2109 87 28 utan
1626 2107 145 30 avbrott.

277 2162 177 30 Utskottet
473 2161 64 30 har
557 2160 135 30 således
711 2160 76 30 icke
809 2160 116 39 någon
945 2159 142 30 erinran
1106 2160 73 28 mot
1200 2160 50 28 att
1270 2157 36 31 åt
1327 2157 220 39 fullmäktige
1568 2166 49 20 nu
1638 2157 136 29 lämnas

278 2213 161 39 uppdrag
459 2214 48 28 att
528 2212 53 29 till
602 2212 134 38 trycket
756 2211 166 29 befordra
940 2210 201 39 ytterligare
1162 2211 52 28 tre
1235 2208 297 40 protokollsband.
1554 2207 221 40 Utgivnings-

277 2263 123 29 takten
419 2271 100 31 synes
537 2262 92 29 dock
647 2263 84 28 utan
749 2260 219 30 nämnvärda
985 2259 223 40 olägenheter
1227 2260 122 29 kunna
1367 2258 168 35 minskas,
1554 2258 67 30 och
1639 2257 135 31 utskot-

274 2314 49 28 tet
341 2321 104 21 anser
462 2313 49 28 att
530 2310 339 40 utgivningsarbetet
886 2308 223 31 beträffande
1126 2308 268 40 ifrågavarande
1412 2308 92 30 band
1522 2308 63 29 bör
1603 2307 169 40 uppdelas

277 2362 47 40 på
343 2372 61 21 sex
423 2363 81 30 eller
524 2362 59 39 sju
603 2361 179 39 budgetår.
803 2361 68 30 Vid
892 2360 123 31 sådant
1036 2359 220 31 förhållande
1278 2359 66 30 och
1366 2359 110 29 under
1496 2358 279 39 hänsynstagan-

278 2413 43 30 de
345 2412 54 31 till
422 2412 183 39 befintliga
628 2411 254 30 reservationer
905 2410 61 30 bör
990 2410 158 39 anslaget
1172 2409 54 30 för
1249 2408 205 40 budgetåret
1481 2407 146 36 1960/61
1654 2408 122 30 kunna
