1920 2812
289 173 18 30 2
786 168 233 30 Statsutskottets
1041 165 153 30 utlåtande
1216 164 43 29 Nr
1283 166 28 27 3.

334 253 73 35 dels
437 253 180 40 godkänna
645 250 148 38 följande
824 252 67 30 stat
921 248 54 32 för
1003 246 404 38 utrikesdepartementet,
1437 247 51 29 att
1516 243 174 37 tillämpas
1720 241 77 32 från

292 306 59 31 och
372 305 74 32 med
467 304 62 32 den
552 304 17 30 1
591 302 63 38 juli
676 301 100 31 1926:

1008 378 86 26 Stat:

290 441 199 41 avlöningar
511 438 55 32 till
589 437 167 33 ordinarie
778 434 214 43 tjänstemän,
1016 430 265 43 förslagsanslag
1311 456 4 4 .
1353 455 4 4 .
1395 455 4 4 .
1437 454 4 5 .
1479 454 4 4 -
1524 427 121 32 kronor
1668 425 138 38 357,400

290 491 123 33 arvode
434 490 56 32 till
512 500 40 21 en
576 487 152 44 speciellt
750 485 195 41 sakkunnig
969 486 9 29 i
1002 483 140 32 folkrätt
1182 508 5 5 .
1224 507 5 5 .
1266 507 5 4 .
1308 504 173 9 .o----
1579 487 11 15 >
1709 475 94 39 8,000

291 542 197 40 avlöningar
520 540 56 30 till
609 537 254 33 icke-ordinarie
895 533 336 41 befattningshavare
1264 542 41 20 m.
1331 542 51 25 m.,
1416 529 63 31 för-

333 590 213 42 slagsanslag
596 615 5 4 .
638 614 5 5 .
682 613 45 5 oc
764 611 130 8 .-.--
1299 604 184 19 FR
1580 587 12 15 »
1689 576 114 36 69,000

1363 637 137 32 Summa
1523 637 122 30 kronor
1667 634 137 38 434,400

335 725 100 32 Anm.
477 721 409 35 Kabinettssekreteraren
907 718 88 33 skall
1015 722 64 34 äga
1099 720 50 29 att
1167 716 108 32 såsom
1295 714 121 38 bidrag
1434 712 54 33 till
1507 710 291 40 representations-

290 775 180 33 kostnader
488 774 134 38 åtnjuta
637 776 47 29 ett
703 772 103 38 årligt
823 770 119 38 belopp
962 781 41 20 av
1023 768 95 38 6,000
1136 767 131 38 kronor,
1285 767 50 30 att
1352 763 169 33 utbetalas
1538 763 12 31 i
1567 762 62 32 den
1647 760 151 38 ordning,

294 838 68 21 som
381 824 216 34 beträffande
614 824 55 31 lön
689 827 37 27 är
744 821 151 38 stadgat;

340 876 71 32 dels
436 875 165 39 medgiva,
626 876 51 29 att
702 871 194 38 befattning
918 870 12 31 i
955 868 201 39 lönegraden
1182 867 33 31 A
1241 867 29 38 2,
1296 864 200 33 tillhörande
1522 861 281 38 utrikesdeparte-

292 929 140 30 mentets
454 928 77 36 stat,
551 925 55 31 må
626 923 194 38 disponeras
841 921 54 32 för
913 923 94 29 extra
1028 917 200 34 sändebuds-
1247 916 81 32 eller
1347 913 352 41 generalkonsulspost
1718 911 12 32 i
1748 914 51 28 ut-

292 976 113 33 landet
426 977 13 32 i
461 975 160 32 samband
644 972 136 34 därmed
801 975 51 28 att
873 971 55 32 till
949 966 436 40 utrikesrepresentationen
1407 964 145 33 hörande
1574 962 192 37 befattning
1788 961 12 31 1

295 1039 126 20 samma
447 1024 161 40 lönegrad
637 1025 20 31 å
684 1026 94 29 extra
807 1024 68 29 stat
900 1020 168 32 användes
1097 1019 54 31 för
1180 1014 401 40 avdelningschefstjänst
1607 1013 12 31 i
1650 1012 149 38 departe-

293 1080 133 35 mentet,

337 1127 71 33 dels
429 1127 59 33 ock
508 1127 12 31 i
541 1124 182 33 riksstaten
745 1122 105 33 sänka
870 1121 55 34 det
945 1119 164 34 ordinarie
1131 1116 304 40 förslagsanslaget
1453 1114 56 33 till
1529 1114 272 38 departementet,

293 1191 45 20 nu
357 1178 141 39 466,000
517 1176 122 33 kronor
657 1175 74 32 med
752 1174 119 39 31,600
889 1172 122 33 kronor
1030 1170 54 34 till
1103 1169 141 39 434,400
1262 1168 133 32 kronor.

338 1227 226 34 Beträffande
583 1227 106 32 denna
711 1223 255 39 framställning
984 1222 148 32 kommer
1151 1219 166 34 utskottet
1335 1222 51 29 att
1407 1216 180 33 framdeles
1608 1215 123 38 avgiva
1751 1216 49 29 ut-

294 1279 149 38 låtande;
461 1278 106 33 vilket
584 1276 165 34 utskottet
767 1275 92 32 velat
876 1273 137 33 härmed
1032 1273 54 31 för
1104 1271 180 38 riksdagen

649 1351 145 33 anmäla.

82 1463 121 35 Speciell
215 1463 68 26 han-
340 1462 73 41 2:09)
436 1464 19 32 I
472 1462 147 39 enlighet
638 1460 75 33 med
731 1458 129 40 Kungl.
879 1457 119 38 Maj:ts
1018 1455 131 38 förslag
1171 1452 123 41 (punkt
1314 1450 36 41 2)
1374 1449 193 34 hemställer
1584 1447 174 38 utskottet,

109 1497 153 27 delsavdel-

98 1531 71 59 ning
187 1531 79 26 inom
655 1540 50 28 att
723 1535 179 38 riksdagen
919 1534 65 37 må,
1000 1532 12 31 i
1030 1531 108 32 likhet
1154 1530 73 32 med
1244 1528 66 32 vad
1327 1539 69 21 som
1413 1526 54 33 för
1485 1523 223 34 innevarande
1725 1521 80 32 bud-

152 1566 98 32 parte-
912 1583 6 6 .
1420 1579 6 6 .
1753 1572 6 6 .

126 1588 112 47 mentet.
611 1587 97 39 getår
722 1588 60 36 ägt
797 1596 83 26 rum,
895 1583 54 32 till
963 1580 246 40 uppehållande
1225 1591 41 20 av
1281 1590 40 21 en
1336 1576 136 39 speciell
1486 1571 318 37 handelsavdelnin;

161 1639 48 32 [2.]
610 1640 88 29 inom
724 1634 391 37 utrikesdepartementet
1141 1630 54 33 för
1219 1628 199 39 budgetåret
1445 1625 217 33 1926—1927
1689 1622 118 33 anvisa

607 1691 47 28 ett
673 1689 95 30 extra
786 1684 119 39 anslag
923 1695 42 21 av
984 1682 118 39 30,000
1121 1681 131 32 kronor.

100 1801 175 66 RR
342 1806 73 40 3:0)
443 1804 225 34 Beträffande
692 1803 129 38 Kungl.
847 1801 118 38 Maj:ts
990 1797 254 38 framställning
1272 1794 125 40 (punkt
1423 1792 37 40 3)
1489 1791 138 33 rörande
1652 1790 152 37 anslaget

84 1836 201 76 ikeddevar
297 1857 54 32 till
370 1856 259 38 övergångsstat
647 1854 53 32 för
718 1851 395 38 utrikesdepartementet
1129 1847 148 32 kommer
1296 1844 164 33 utskottet
1480 1845 49 30 att
1549 1840 180 33 framdeles
1750 1850 54 20 av-

120 1909 137 25 tementet.
298 1907 79 38 giva
395 1905 189 39 utlåtande;
603 1904 106 33 vilket
728 1902 165 33 utskottet
908 1900 90 33 velat
1017 1898 136 33 härmed
1174 1897 54 32 för
1247 1895 182 38 riksdagen

163 1949 47 32 [3.]

653 1977 144 34 anmäla.

570 2120 46 31 B.
661 2117 205 41 Sveriges
890 2111 363 46 representation
1276 2110 16 33 i
1314 2109 218 34 utlandet.

121 2209 131 39 Beskick-
344 2204 73 41 4:0)
442 2204 128 38 Kungl.
590 2202 102 39 Maj:t
710 2202 62 32 har
791 2199 179 39 föreslagit
990 2197 180 39 riksdagen
1194 2194 126 41 (punkt
1338 2192 37 41 4)
1399 2197 51 29 att

97 2250 109 53 ningar
226 2243 48 60 DEN
341 2263 72 34 dels
426 2263 131 34 besluta
572 2260 204 40 indragning
792 2260 78 31 från
885 2258 60 33 och
957 2257 74 32 med
1047 2256 61 33 den
1124 2257 17 30 1
1157 2255 63 38 juli
1235 2254 85 32 1926
1336 2265 40 21 av
1390 2252 61 33 den
1466 2250 166 34 ordinarie
1646 2249 159 32 kanslist-

165 2319 48 31 [4]
299 2313 233 39 befattningen
550 2312 57 33 vid
626 2308 328 42 generalkonsulatet
979 2308 6 31 i
1005 2305 184 40 Shanghai,

344 2373 71 33 dels
431 2372 130 33 besluta
578 2369 242 40 upprättandet
839 2368 77 32 från
934 2366 60 33 och
1010 2365 75 33 med
1103 2365 61 32 den
1184 2365 16 31 1
1220 2363 63 38 juli
1303 2362 84 32 1926
1403 2361 58 33 vid
1479 2358 327 41 generalkonsulatet

303 2426 13 31 i
335 2423 172 40 Shanghai
528 2435 41 20 av
588 2433 39 21 en
647 2419 166 34 ordinarie
832 2414 415 39 vicekonsulsbefattning,
1268 2411 201 34 tillhörande
1488 2409 200 39 lönegraden
1708 2408 29 32 B
1757 2407 53 37 26,

300 2475 74 32 med
391 2477 49 30 ett
455 2471 195 39 ortstillägg
668 2482 41 20 av
728 2470 96 38 6,600
841 2468 133 39 kronor,
