1928 2802
565 170 108 28 Andra
698 172 210 34 lagutskottels
933 173 158 28 utlåtande
1114 174 47 28 Nr
1184 175 45 26 15.
1620 176 19 29 3

147 255 54 31 för
232 257 101 36 ägare
366 265 43 22 av
442 256 178 41 hemman,
653 257 108 32 vilket
784 258 52 31 får
860 259 134 40 klyvas,
1019 263 48 27 att
1090 270 43 21 av
1157 261 217 31 hemmanets
1399 263 164 37 ägovälde
1587 264 53 31 för

145 309 96 30 alltid
267 310 174 30 avsöndra
465 310 11 30 i
501 320 42 21 en
568 311 82 30 eller
673 311 83 31 flera
782 312 96 31 delar
900 316 22 27 t.
948 322 31 21 o.
1004 323 45 21 m.
1075 324 42 20 en
1141 314 160 31 femtedel
1326 325 43 21 av
1392 317 192 36 ägovidden
1602 318 37 29 så

144 362 134 31 tillvida
307 363 193 37 begränsad
526 364 53 30 för
608 365 42 30 de
683 374 43 21 av
747 360 413 44 jordavsöndringslagen
1186 369 151 30 avsedda
1371 378 57 21 sex
1452 370 113 38 länen,
1592 374 46 27 att

144 415 97 31 inom
266 416 180 31 desamma
470 417 180 38 inägojord
676 417 28 38 ej
731 418 52 30 får
807 419 190 31 avsöndras
1022 420 50 30 till
1097 421 67 30 den
1189 421 215 39 omfattning,
1422 426 47 27 att
1485 423 153 31 hemma-

144 472 75 27 nets
240 468 174 38 jordbruk
439 470 201 38 därigenom
659 472 190 37 märkligen
875 472 187 39 försvagas.
1109 474 74 30 Vad
1200 475 145 30 sålunda
1364 477 147 36 stadgats
1530 479 107 36 utgör,

143 522 64 31 där
230 523 258 38 avsöndringen
513 524 172 31 erfordras
710 525 54 31 för
780 526 437 39 egnahemsanläggningar
1238 529 81 30 eller
1342 529 213 32 industriella
1580 541 57 20 an-

143 576 201 38 läggningar
367 578 83 30 eller
473 581 106 27 annat
603 578 111 40 dylikt
734 580 175 38 ändamål,
927 580 28 37 ej
974 580 124 31 hinder
1113 581 54 31 för
1182 583 228 30 meddelande
1426 593 42 21 av
1485 584 20 29 å
1522 585 115 30 veder-

142 629 156 30 börande
322 630 221 40 länsstyrelse
567 632 262 30 ankommande
853 633 153 30 tillstånd
1031 637 58 36 att,
1114 635 63 29 där
1200 636 338 37 omständigheterna
1563 638 74 29 där-

142 681 51 31 till
217 682 191 40 föranleda,
433 683 108 31 tillåta
565 684 213 31 innehavare
802 695 43 21 av
870 686 176 39 hemman,
1070 687 152 30 varifrån
1252 689 209 37 avsöndring
1490 689 51 31 får
1565 690 71 39 ske,

141 737 49 28 att
222 735 155 32 därifrån
411 736 54 32 för
488 737 97 30 alltid
614 739 174 30 avsöndra
813 739 112 39 mark,
951 749 75 21 som
1051 749 119 22 ensam
1198 741 81 31 eller
1302 741 230 33 tillsammans
1557 744 77 30 med

141 789 66 30 vad
242 790 107 30 redan
384 790 70 30 kan
487 800 83 22 vara
603 791 76 31 från
713 792 201 31 hemmanet
942 793 53 31 för
1018 794 96 30 alltid
1139 796 188 30 avsöndrat
1351 798 98 36 utgör
1473 806 94 22 mera
1591 799 44 29 än

140 843 67 30 vad
232 843 11 30 i
268 844 41 30 20
333 837 23 43 8
379 853 44 22 av
449 845 85 30 1896
558 845 55 30 års
637 845 56 38 lag
717 847 87 36 sägs.

184 922 113 30 Sedan
324 923 123 38 Kungl.
474 924 95 38 Maj:t
593 925 66 30 den
685 926 42 30 30
751 926 184 31 december
961 928 80 29 1911
1071 929 183 38 uppdragit
1279 929 33 30 åt
1335 930 299 39 landshövdingen

138 975 117 31 Johan
280 976 127 30 Widén
436 980 48 27 att
507 978 186 30 verkställa
717 979 185 38 utredning
926 981 148 30 rörande
1098 982 255 37 verkningarna
1378 993 42 21 av
1444 984 98 37 lagen
1567 985 66 30 den

138 1029 21 29 4
183 1029 68 37 maj
294 1030 84 30 1906
414 1030 178 37 angående
625 1031 127 31 förbud
777 1032 11 30 i
813 1032 92 31 vissa
940 1033 60 31 fall
1028 1033 53 31 för
1105 1034 102 38 bolag
1231 1036 66 30 och
1317 1036 156 38 förening
1497 1041 47 26 att
1568 1037 66 31 för-

140 1083 103 29 värva
278 1082 66 30 fast
381 1084 169 36 egendom
582 1087 89 27 samt
706 1085 93 30 detta
839 1086 158 40 uppdrag
1032 1088 195 30 sedermera
1252 1088 131 38 vidgats
1408 1090 49 30 till
1482 1094 47 26 att
1553 1100 80 21 avse

133 1133 133 39 jämväl
291 1136 256 37 verkningarna
571 1147 44 21 av
639 1147 83 30 nyss
747 1140 215 30 omnämnda
980 1141 169 30 särskilda
1167 1142 211 38 lagstiftning
1393 1143 53 31 för
1461 1144 172 30 Norrland

136 1188 11 30 i
173 1188 94 37 fråga
292 1198 58 21 om
375 1190 251 39 ägostyckning
650 1192 66 30 och
737 1191 304 41 jordavsöndring,
1066 1194 169 31 framlade
1252 1195 380 33 Widén
1386 1184 20 52 i
1425 1195 207 33 betänkande

137 1242 67 30 den
232 1242 39 30 16
292 1242 78 38 juni
397 1244 84 29 1913
506 1244 176 31 resultatet
706 1254 43 22 av
769 1245 54 31 sin
848 1247 193 38 utredning.
1090 1248 13 29 I
1129 1248 91 30 detta
1237 1249 218 31 betänkande
1473 1251 160 31 anfördes

138 1294 46 31 bl.
205 1304 44 21 a.:

182 1340 169 39 Bolagens
387 1341 166 31 hemman
589 1343 89 29 hade
702 1343 11 30 i
738 1344 139 39 mycket
900 1344 195 40 betydande
1120 1346 208 40 omfattning
1351 1349 179 38 undergått
1554 1352 78 36 ägo-

136 1384 195 40 styckning,
356 1385 117 31 vilken
498 1386 10 30 i
534 1387 41 30 de
599 1388 86 29 allra
709 1387 98 31 flesta
832 1388 60 30 fall
917 1389 126 40 åsyftat
1067 1389 185 40 inägornas
1278 1392 167 39 skiljande
1466 1393 74 30 från
1566 1395 65 29 den

137 1429 166 39 egentliga
329 1429 261 40 skogsmarken.
639 1431 64 31 Det
727 1432 190 40 framginge
942 1434 76 38 ock,
1044 1437 47 27 att
1117 1435 99 30 dessa
1234 1436 222 39 styckningar
1472 1437 49 30 till
1540 1438 92 39 långt

137 1474 238 38 övervägande
400 1475 55 30 del
479 1475 99 31 blivit
594 1476 222 35 verkställda,
833 1477 109 30 innan
961 1478 65 30 den
1039 1479 170 30 särskilda
1224 1481 407 40 ägostyckningslagstift-

136 1517 126 39 ningen
287 1518 54 30 för
365 1519 173 30 Norrland
563 1522 80 28 trätt
667 1520 11 30 i
703 1521 100 30 kraft.
853 1522 10 29 1
891 1522 139 30 särskilt
1054 1526 70 27 stor
1141 1524 208 40 omfattning
1364 1526 96 30 torde
1477 1526 154 31 tillstånd

135 1561 51 30 till
212 1563 252 39 ägostyckning
488 1564 96 31 sökts
602 1565 110 30 under
729 1565 80 31 åren
829 1568 78 28 näst
923 1566 72 30 före
1012 1567 65 30 den
1096 1567 261 32 inskränkande
1369 1569 261 41 författningens

134 1606 179 31 tillkomst.
364 1607 64 31 Det
452 1618 81 21 vore
551 1609 99 30 alltså
669 1610 206 39 uppenbart,
893 1614 48 27 att
958 1611 105 30 bland
1082 1612 144 39 bolagen
1245 1613 65 30 rått
1327 1623 40 20 en
1385 1614 93 39 livlig
1494 1616 135 30 önskan

134 1653 49 28 att
207 1650 10 31 i
242 1651 48 30 tid
316 1651 138 41 bestyra
480 1662 57 21 om
562 1654 270 31 verkställandet
857 1665 42 20 av
917 1655 117 40 dylika
1055 1656 253 40 förrättningar,
1325 1658 105 31 innan
1450 1660 40 29 de
1507 1668 122 30 genom

134 1695 213 41 lagstiftning
372 1696 100 32 blevo
497 1697 160 40 tvingade
682 1702 47 27 att
755 1699 57 31 vid
836 1699 185 40 inägornas
1046 1701 250 41 frånskiljande
1310 1705 86 28 även
1410 1705 156 39 medtaga
1581 1715 48 20 er-

133 1740 182 40 forderliga
353 1742 95 30 delar
483 1752 43 21 av
555 1744 194 29 utmarken.
799 1745 64 29 Det
887 1745 89 30 hade
1001 1746 168 39 upplysts,
1195 1750 48 27 att
1268 1747 81 31 flera
1373 1758 41 21 av
1440 1749 40 30 de
1506 1752 123 28 största

130 1784 215 40 jordägande
383 1786 144 40 bolagen
564 1788 106 30 redan
707 1788 71 31 före
807 1789 288 32 ikraftträdandet
1119 1800 43 21 av
1189 1792 84 30 1905
1298 1792 54 30 års
1377 1793 53 38 lag
1454 1793 73 31 låtit
1551 1796 77 37 ägo-

134 1829 121 40 stycka
280 1830 37 30 så
342 1831 126 39 många
493 1841 43 21 av
560 1832 75 31 sina
660 1833 177 39 hemman,
863 1843 74 21 som
964 1835 202 30 överhuvud
1191 1840 89 35 taget
1304 1837 158 40 lämpade
1488 1838 49 39 sig
1554 1839 74 30 där-

134 1873 62 39 för,
222 1875 66 29 och
314 1878 49 27 att
387 1875 10 30 i
423 1876 108 39 övrigt
544 1876 482 41 jordavsöndringsinstitutet
1041 1879 11 30 i
1070 1883 84 27 stort
1171 1882 92 28 antal
1282 1881 58 30 fall
1358 1884 145 28 använts
1521 1884 109 29 under

132 1918 94 30 tiden
252 1921 78 28 näst
354 1919 84 31 efter
462 1922 239 38 nyssnämnda
726 1922 73 39 lags
824 1924 193 37 antagande
1041 1923 53 31 för
1111 1928 48 26 att
1181 1926 78 29 med
1277 1925 228 40 kringgående
1523 1928 105 29 därav

133 1962 182 41 frånskilja
339 1963 225 41 inägojorden
589 1965 75 30 från
690 1966 222 31 hemmanen.
961 1968 12 29 I
991 1967 94 40 fråga
1103 1978 57 20 om
1179 1969 41 30 de
1237 1970 297 39 ägostyckningar,
1552 1981 75 20 som

133 2008 56 37 ägt
213 2017 76 20 rum
316 2008 104 39 enligt
445 2009 41 30 de
512 2010 138 30 särskilt
678 2010 53 30 för
749 2011 171 30 Norrland
948 2012 11 29 i
977 2012 123 30 sådant
1118 2014 168 30 avseende
1303 2015 157 38 gällande
1477 2016 150 38 lagarna,

133 2051 84 39 gåve
242 2053 226 39 utredningen
494 2054 57 30 vid
576 2055 150 38 handen,
753 2059 48 27 att
825 2056 136 30 arealen
987 2066 42 21 av
1053 2057 66 30 den
1144 2057 250 40 inägolotterna
1422 2059 138 39 tillagda
1577 2061 50 29 in-

131 2096 282 40 rösningsjorden
449 2099 300 39 genomsnittligen
775 2101 144 39 uppgått
943 2101 51 30 till
1019 2101 52 30 för
1095 2102 41 29 de
1160 2106 50 26 tre
1236 2103 167 39 sydligare
1427 2104 101 30 länen
1554 2114 72 20 om-

132 2140 100 40 kring
270 2142 39 30 10
346 2142 123 30 hektar
498 2147 90 26 samt
612 2143 10 30 i
647 2144 259 31 Västerbottens
931 2145 76 30 läns
1033 2146 212 31 kusttrakter
1269 2149 87 28 6—38
1380 2148 122 30 hektar
1526 2150 65 29 och
1616 2150 11 29 i

132 2185 77 30 dess
245 2186 224 39 lappmarker
501 2188 131 31 30—40
657 2189 132 30 hektar.
838 2190 69 29 För
932 2190 225 31 Norrbottens
1183 2192 57 29 län
1266 2192 116 30 kunde
1406 2193 83 31 intet
1514 2194 114 30 säkert

131 2230 278 38 genomsnittstal
434 2232 152 39 angivas,
604 2233 44 30 då
669 2233 269 40 styckningarna
956 2234 86 31 varit
1059 2235 36 30 så
1114 2235 43 31 få.
1182 2237 143 30 Arealen
1338 2238 288 39 avrösningsjord,

131 2283 75 22 som
237 2274 162 32 tilldelats
428 2276 261 40 inägolotterna,
707 2279 146 30 växlade
872 2279 172 39 betydligt.
1078 2280 6 29 I
1102 2279 208 41 Gävleborgs
1328 2282 65 29 och
1411 2282 215 31 Västernorr-

130 2319 101 30 lands
256 2320 57 29 län
339 2320 90 31 hade
454 2322 66 29 den
546 2322 142 39 uppgått
712 2323 50 30 till
788 2323 103 38 något
916 2325 81 28 över
1024 2325 38 28 15
1088 2325 132 38 hektar,
1247 2326 4 29 i
1274 2326 195 30 Jämtlands
1495 2327 57 29 län
1576 2327 50 30 till

131 2364 81 29 över
237 2364 41 30 30
303 2364 123 31 hektar
451 2366 66 29 och
541 2366 11 30 i
577 2367 259 30 Västerbottens
862 2368 77 30 läns
965 2368 210 31 kusttrakter
1198 2369 51 30 till
1274 2370 27 39 ej
1329 2371 75 29 fullt
1431 2373 38 28 15
1495 2372 129 29 hektar.

131 2407 13 29 I
170 2407 219 32 sistnämnda
414 2410 76 30 läns
516 2411 222 39 lappmarker
763 2412 89 30 hade
878 2412 269 40 skogsanslagen
1173 2414 87 30 varit
1284 2415 130 38 ganska
1439 2416 97 39 drygt
1561 2416 65 30 till-

129 2455 118 36 tagna;
273 2453 112 31 likaså
403 2454 55 30 vid
472 2455 41 30 de
530 2455 33 30 få
581 2456 271 39 styckningarna
865 2456 10 30 i
890 2457 226 31 Norrbottens
1133 2458 68 30 län.
1228 2458 163 41 Samtliga
1405 2460 222 39 skogsanslag

130 2497 205 39 understego
361 2499 188 31 emellertid
574 2500 11 29 i
609 2501 88 38 regel
722 2501 165 39 betydligt
911 2502 42 29 de
978 2502 276 41 minimibelopp,
1278 2513 74 21 som
1371 2514 41 21 av
1431 2506 194 29 norrlands-

1649 933 149 30 Utredning
1810 941 45 16 an-

1653 968 104 29 gående
1777 968 70 25 verk-

1654 1004 140 30 ningarna
1812 1012 35 16 av

1656 1040 189 24 norrländska

1679 1075 140 30 ägostyck-

1671 1111 93 30 nings-
1783 1112 51 23 och

1650 1145 188 30 Jordavsönd-

1644 1182 205 31 ringslagarna.
