1890 2792
619 125 263 28 Statsutskottets
905 124 167 29 utlåtande
1095 134 38 19 nr
1157 126 28 27 5.
1604 121 38 32 31

141 196 129 31 skottet
288 216 42 3 —
352 207 72 19 som
447 196 86 31 varit
555 196 9 30 1
587 196 136 30 tillfälle
746 199 49 28 att
817 198 75 38 taga
915 196 55 30 del
992 206 40 21 av
1055 196 40 30 de
1119 206 40 20 av
1183 196 199 29 kommittén
1405 196 239 39 färdigställda

140 247 157 33 filmerna
319 267 42 3 —
383 248 101 40 hyser
507 248 64 30 den
595 248 271 40 uppfattningen,
890 250 50 28 att
962 247 118 30 filmen
1103 257 101 30 synes
1229 248 119 39 utgöra
1372 249 49 28 ett
1443 249 74 38 gott
1538 247 105 40 hjälp-

139 300 110 31 medel
272 301 10 30 i
306 301 65 30 den
395 300 125 32 sociala
543 300 269 41 upplysningens
834 300 116 40 tjänst.
985 299 206 40 Ytterligare
1214 299 192 30 erfarenhet
1427 299 97 30 torde
1547 300 96 29 emel-

140 353 102 31 lertid
264 353 84 31 böra
369 353 128 38 vinnas,
521 353 102 32 innan
646 352 120 41 slutlig
788 352 164 41 ställning
973 354 95 38 tages
1092 351 53 31 till
1169 352 117 40 frågan
1308 351 11 30 i
1342 351 113 30 vilken
1477 352 87 29 form
1587 351 58 30 det

141 406 127 31 sociala
292 405 357 42 upplysningsarbetet
674 405 180 30 framdeles
879 405 61 30 bör
963 404 168 31 bedrivas.
1173 403 175 31 Utskottet
1370 403 188 40 tillstyrker
1582 404 62 29 för-

141 459 167 38 denskull,
331 462 49 29 att
401 458 257 31 verksamheten
681 458 175 30 fortsätter
879 457 122 41 jämväl
1024 456 105 31 under
1152 457 98 30 nästa
1271 456 166 40 budgetår
1458 456 11 29 i
1492 456 65 30 den
1580 465 64 20 om-

142 511 155 42 fattning,
321 522 73 20 som
416 511 125 41 Kungl.
565 510 120 41 Maj:ts
710 510 127 41 förslag
858 509 147 30 innebär.

196 564 118 31 Under
334 563 213 41 åberopande
569 574 40 20 av
629 563 64 30 vad
715 562 166 31 utskottet
902 561 143 31 sålunda
1066 561 112 30 anfört
1199 562 50 28 får
1270 560 167 30 utskottet
1455 560 189 34 hemställa,

435 653 50 27 att
501 648 180 41 riksdagen
700 650 61 35 må,
781 649 76 30 med
873 647 99 31 bifall
986 647 53 30 till
1052 646 125 40 Kungl.
1193 646 119 40 Maj:ts
1327 646 126 39 förslag
1468 647 87 28 samt
1569 645 76 29 med

394 702 117 40 avslag
529 703 17 28 å
565 701 214 30 motionerna
796 700 28 30 I:
840 700 39 30 54
898 699 62 31 och
978 699 48 30 II:
1043 699 39 30 89
1101 701 88 28 samt
1208 698 46 30 II:
1271 698 69 39 272,
1360 698 52 29 till
1432 698 113 30 Social
1567 706 78 30 upp-

394 753 228 41 lysningsfilm
644 753 52 30 för
714 752 202 40 budgetåret
937 751 135 30 1948/49
1092 751 117 30 anvisa
1230 753 47 29 ett
1298 749 349 39 reservationsanslag

395 816 39 21 av
458 805 38 31 75
509 805 62 30 000
592 805 133 31 kronor.

195 909 84 42 55:o)
312 911 114 32 Extra
458 911 162 40 utgifter.
654 910 18 30 I
706 909 151 41 enlighet
890 908 78 32 med
991 908 127 41 Kungl.
1142 907 117 41 Maj:ts
1282 907 128 40 förslag
1433 906 121 41 (punkt
1578 905 69 38 102,

142 971 24 20 s.
194 960 86 40 160),
305 959 106 32 vilket
432 959 141 31 innebär
597 958 204 31 oförändrad
824 957 319 40 medelsanvisning,
1167 956 197 30 hemställer
1386 956 176 35 utskottet,

437 1039 49 29 att
507 1036 181 39 riksdagen
708 1038 54 28 må
781 1035 53 31 till
854 1036 106 31 Extra
981 1034 141 40 utgifter
1142 1035 52 30 för
1216 1034 200 39 budgetåret
1437 1032 135 30 1948/49
1594 1042 52 20 an-

395 1089 71 31 visa
491 1091 46 29 ett
562 1088 349 40 reservationsanslag
935 1098 39 19 av
998 1087 40 30 50
1052 1087 60 29 000
1136 1086 130 30 kronor.

198 1194 85 41 56:0)
317 1195 226 40 Barntillägg
567 1193 38 33 åt
627 1194 96 32 vissa
744 1193 352 40 befattningshavare
1119 1192 12 31 i
1154 1194 135 29 statens
1312 1190 119 41 tjänst.
1455 1188 19 32 I
1497 1188 153 41 enlighet

144 1244 77 31 med
247 1244 125 41 Kungl.
402 1243 119 41 Maj:ts
551 1243 128 40 förslag
711 1242 120 41 (punkt
859 1241 68 37 103,
957 1252 24 19 s.
1013 1240 85 40 160),
1129 1240 105 30 vilket
1263 1239 139 30 innebär
1431 1248 40 20 en
1499 1238 148 39 anslags-

144 1296 193 41 minskning
354 1296 76 31 med
450 1296 38 30 10
501 1296 60 30 000
579 1295 133 37 kronor,
732 1294 195 31 hemställer
945 1293 177 36 utskottet,

439 1376 50 28 att
511 1373 181 40 riksdagen
716 1374 53 28 må
792 1372 53 31 till
869 1371 212 41 Barntillägg
1104 1374 31 28 åt
1163 1371 89 30 vissa
1278 1369 334 40 befattningshavare
1636 1368 12 30 i

396 1428 132 30 statens
557 1426 105 39 tjänst
690 1425 52 30 för
769 1424 200 40 budgetåret
998 1422 135 30 1948/49
1162 1422 115 29 anvisa
1306 1422 47 28 ett
1381 1419 268 40 förslagsanslag

398 1489 39 20 av
460 1478 39 30 90
513 1477 60 31 000
595 1477 133 30 kronor.

198 1591 85 41 57:0)
306 1591 224 42 Uppskjutna
552 1592 134 40 frågor.
710 1589 181 33 Utskottet
906 1589 154 32 kommer
1075 1588 185 31 framdeles
1275 1590 50 29 att
1340 1587 119 42 avgiva
1473 1586 179 32 utlåtande

146 1640 216 31 beträffande
380 1639 263 38 nedannämnda,
662 1651 40 19 av
719 1639 126 39 Kungl.
864 1638 101 41 Maj:t
983 1638 107 30 under
1109 1637 151 40 följande
1278 1637 144 40 punkter
1439 1636 211 30 framställda

147 1694 137 40 förslag,
301 1693 169 40 nämligen

199 1746 151 38 punkten
373 1749 52 27 16:
448 1745 128 41 Bidrag
598 1745 53 30 till
674 1744 187 31 avlönande
885 1754 40 20 av
946 1742 311 36 hemvårdarinnor;

200 1799 151 39 punkten
373 1802 53 27 17:
449 1798 99 30 Prov-
573 1797 62 31 och
660 1796 401 41 kompletteringskurser
1088 1797 52 29 för
1165 1796 310 36 hemvårdarinnor;

199 1851 150 39 punkten
372 1853 53 28 36:
450 1850 137 30 Statens
615 1849 115 30 skolor
756 1848 205 31 tillhörande
988 1848 115 30 barna-
1130 1848 62 30 och
1219 1848 304 40 ungdomsvården:
1552 1848 98 29 Avlö-

147 1903 131 40 ningar;

201 1954 149 39 punkten
374 1956 52 28 37:
452 1954 137 30 Statens
606 1953 116 30 skolor
738 1953 204 31 tillhörande
959 1953 115 30 barna-
1093 1953 62 30 och
1173 1954 304 39 ungdomsvården:
1497 1954 153 30 Omkost-

148 2007 114 36 nader;

201 2060 149 38 punkten
374 2062 53 28 38:
452 2059 137 30 Statens
615 2058 114 30 skolor
754 2057 202 31 tillhörande
984 2058 113 30 barna-
1123 2058 62 29 och
1212 2058 303 39 ungdomsvården:
1543 2058 107 40 Bygg-

149 2111 223 29 nadsarbeten
391 2121 40 19 m.
451 2121 54 25 m.;

202 2162 150 39 punkten
375 2165 52 28 39:
451 2161 127 39 Bidrag
605 2161 52 29 till
685 2161 125 30 driften
837 2172 39 19 av
903 2161 70 30 icke
1000 2161 139 38 statliga
1166 2161 114 29 skolor
1306 2161 204 30 tillhörande
1539 2161 111 30 barna-

149 2214 62 30 och
231 2213 303 40 ungdomsvården;

202 2266 147 39 punkten
375 2269 52 27 42:
451 2264 487 40 Arbetsmarknadsstyrelsen:
962 2264 218 39 Avlöningar;

203 2318 149 38 punkten
375 2320 52 27 43:
453 2316 488 39 Arbetsmarknadsstyrelsen:
973 2315 261 36 Omkostnader;

203 2370 148 38 punkten
375 2372 51 27 44:
451 2367 490 40 Arbetsmarknadsstyrelsen:
975 2367 367 38 Krisorganisationen;

204 2421 146 38 punkten
377 2424 51 26 45:
457 2421 68 29 Den
543 2420 180 39 offentliga
742 2419 376 37 arbetsförmedlingen:
1137 2419 218 36 Avlöningar;
