2130 2656
613 190 355 32 Konstitutionsutskottets
996 193 151 30 Utlåtande
1171 191 60 32 N:o
1257 195 28 28 8.
1747 196 18 30 9

267 268 41 36 af
334 269 126 36 herrar
488 271 185 45 Johnsson,
706 272 129 46 Nydal,
867 273 202 45 Bergström
1097 274 68 35 och
1195 275 127 44 Staaff,
1351 275 127 37 hvilka
1511 275 78 37 icke
1623 277 143 36 kunnat

164 323 197 36 instämma
389 324 12 34 i
430 325 196 36 utskottets
655 327 222 49 motivering
906 327 67 36 och
1002 326 57 37 för
1087 329 55 35 sin
1171 329 59 35 del
1258 332 130 45 yttrat:

267 395 101 36 »Den
411 394 97 38 form
550 396 57 37 för
635 398 323 50 öfverläggningar
992 400 136 36 mellan
1157 400 209 50 Konungen
1395 402 68 36 och
1492 401 40 36 af
1558 402 207 37 Kamrarne

168 449 149 35 utvalde
345 450 236 47 deputerade,
612 464 77 22 som
718 452 116 36 finnes
868 453 152 48 stadgad
1050 454 12 34 i
1092 453 17 48 $
1141 456 48 35 54
1219 454 330 50 regeringsformen
1578 456 68 36 och
1675 457 17 48 $
1716 458 47 36 50

161 502 382 49 riksdagsordningen,
558 505 144 36 lämnar
727 506 194 48 onekligen
950 519 84 23 rum
1062 506 58 37 för
1148 508 193 48 grundade
1370 510 298 49 anmärkningar,
1696 512 68 35 och

162 556 233 49 obestridligt
424 564 50 40 är,
493 561 56 33 att
577 561 51 34 ett
656 560 241 36 användande
927 559 40 36 af
993 560 119 36 denna
1140 560 98 38 form
1269 565 70 33 kan
1367 563 84 37 leda
1475 564 58 36 till
1553 564 211 50 betydande

161 609 357 38 missförhållanden.
573 612 55 37 En
658 613 156 50 ändring
843 615 37 35 af
909 614 119 35 denna
1057 614 97 37 form
1184 616 70 36 kan
1284 616 123 37 därför
1434 618 203 49 ingalunda
1662 632 102 23 anses

161 664 195 49 obehöflig,
400 664 191 38 hvaremot
632 666 62 36 det
722 666 153 38 förvisso
908 668 121 36 skulle
1059 682 88 23 vara
1175 670 220 50 betänkligt,
1423 672 84 36 med
1535 672 141 50 hänsyn
1704 674 60 35 till

160 717 44 36 de
236 718 348 50 egendomligheter,
620 733 79 23 som
728 722 173 35 utmärka
934 721 82 37 vårt
1049 724 203 45 statsskick,
1288 727 53 34 att
1370 739 44 22 ur
1442 726 230 49 grundlagen
1701 727 62 36 all-

160 770 98 37 deles
300 773 161 35 utesluta
502 774 46 36 de
590 787 50 23 nu
681 773 281 51 ifrågavarande
995 779 261 46 paragraferna
1286 785 89 30 utan
1405 783 52 33 att
1486 781 11 34 i
1526 780 105 36 derag
1659 782 104 35 ställe

161 830 94 31 sätta
284 826 288 46 bestämmelser,
588 841 78 23 som
695 828 207 37 fastställde
931 830 125 45 andra,
1088 832 38 34 af
1146 832 289 37 konstitutionen
1454 833 152 36 bundna
1625 835 137 36 former

160 880 68 35 och
256 880 121 49 regler
405 879 58 37 för
492 883 208 35 eventuella
728 882 327 50 öfverläggningar
1083 885 10 34 i
1123 886 140 48 viktiga
1287 887 173 48 politiska
1480 886 124 51 frågor
1624 889 138 35 mellan

160 933 344 49 konungamaktens
546 940 255 44 representant
842 937 68 36 och
952 938 202 37 ledamöter
1188 941 38 34 af
1254 940 209 50 Rikdagens
1492 942 158 36 kamrar.
1707 942 55 36 Då

159 987 208 37 emellertid
400 988 111 49 något
544 990 183 49 antagligt
760 989 138 51 förslag
931 992 57 35 till
1022 990 134 38 sådana
1189 1006 72 35 nya
1295 995 273 37 bestämmelser
1596 996 80 37 icke
1704 995 57 37 för

158 1041 231 38 närvarande
418 1043 196 49 föreligger
644 1044 225 46 utarbetadt,
898 1045 195 36 hemställa
1122 1048 47 42 vi,

694 1156 56 30 att
783 1150 238 38 förevarande
1053 1154 139 35 motion
1222 1154 80 36 icke
1331 1154 61 36 må
1419 1154 192 38 föranleda
1639 1159 121 47 någon

586 1205 226 48 Riksdagens
840 1205 164 48 åtgärd.»

265 1613 100 35 Herr
410 1614 140 43 Gustaf
583 1615 90 35 Axel
714 1616 94 45 Berg
853 1617 66 35 har
960 1617 156 37 anhållit
1149 1631 61 23 om
1244 1619 221 50 anteckning
1496 1619 21 37 å
1551 1620 208 39 utlåtandet

158 1665 140 46 därom,
328 1669 55 34 att
411 1667 73 35 han
512 1668 80 36 icke
620 1668 156 50 deltagit
804 1671 11 33 i
844 1670 99 37 detta
973 1672 150 36 ärendes
1152 1671 197 51 afgörande
1378 1674 99 36 inom
1507 1675 187 37 utskottet.

255 2319 63 29 Bih.
347 2319 44 29 till
415 2320 102 29 Riksd.
536 2320 89 31 Prot.
652 2322 94 29 1905.
797 2324 17 27 3
840 2322 90 30 Saml.
980 2324 19 28 7
1023 2324 83 36 Häft.
1694 2328 18 29 2
