2177 2688
401 173 20 31 4
852 168 251 33 Stutsutskottets
1132 166 168 34 Utlåtande
1323 166 62 34 N:o
1410 167 49 32 18.

359 253 84 36 från
473 250 234 38 främmande
736 249 89 49 håll,
855 254 47 32 än
932 262 80 24 som
1041 251 119 35 måste
1190 248 190 38 anskaffas
1409 248 58 37 för
1487 247 199 37 utförande
1708 247 41 37 af
1766 246 186 38 erforder-

358 305 78 50 liga
464 303 254 49 stenarbeten,
748 302 109 38 hvari
886 301 354 50 ortsbefolkningen
1269 301 166 37 saknade
1462 300 204 50 färdighet.

487 357 51 37 På
571 356 126 50 grund
726 356 41 36 af
790 356 101 36 hvad
920 355 158 37 sålunda
1106 354 127 38 blifvit
1263 354 150 38 anfördt
1442 354 70 37 och
1541 353 46 37 då
1616 353 71 37 den
1717 353 140 49 fattiga
1885 353 69 37 och

358 411 159 48 fåtaliga
558 409 278 48 befolkningen
872 422 91 23 vore
1000 422 44 22 ur
1073 408 110 36 stånd
1213 412 56 32 att
1296 407 87 37 med
1412 420 99 36 egna
1539 406 124 37 medel
1693 406 160 37 bekosta
1882 406 73 36 den

357 462 187 51 tredjedel
574 462 41 37 af
640 461 236 51 vägarbetet,
907 474 79 24 som
1015 461 12 36 i
1054 461 106 48 regel
1188 460 222 37 förutsattes
1440 462 123 34 såsom
1591 458 138 37 villkor
1757 458 57 37 för
1843 463 112 32 stats-

357 516 158 50 bidrags
558 513 228 49 erhållande,
826 514 69 37 har
928 513 119 37 Eders
1076 513 140 49 Kungl.
1246 513 126 49 Maj:ts
1398 511 423 50 befallningshafvande
1851 511 104 37 hem-

361 568 116 49 ställt,
520 573 55 32 att
616 568 119 36 Eders
767 567 143 49 Kungl.
941 566 108 50 Maj:t
1077 566 146 37 täcktes
1252 566 137 36 föreslå
1416 565 220 49 Riksdagen
1664 564 205 49 medgifva,
1901 568 54 32 att

365 622 54 37 till
448 620 242 51 anläggning
718 620 40 37 af
782 624 76 45 väg
886 619 137 38 mellan
1053 618 246 38 Karesuando
1328 618 51 50 by
1408 618 69 37 och
1505 622 166 45 gränsen
1699 622 79 32 mot
1796 617 158 37 Juckas-

356 674 103 50 järvi
501 674 138 37 socken
675 673 133 49 anslag
836 675 128 45 måtte,
992 672 121 37 under
1142 671 136 37 villkor
1307 671 79 37 dels
1415 676 54 31 att
1498 671 49 36 all
1575 669 59 38 för
1663 670 289 49 anläggningen

361 726 181 49 behöflig,
573 725 172 37 enskilde
773 724 173 49 tillhörig
975 724 90 37 eller
1094 725 40 35 af
1160 724 170 37 enskilde
1359 723 146 37 brukad
1533 723 109 36 mark
1670 728 92 31 utan
1791 722 161 36 kostnad

357 780 58 36 för
458 777 230 39 statsverket
728 776 187 51 upplätes,
958 777 80 36 dels
1074 781 56 32 att
1164 781 146 45 vägens
1340 775 176 37 framtida
1545 775 200 37 underhåll
1773 788 139 36 genom
1941 774 12 36 i

357 832 163 48 behörig
562 830 166 49 ordning
769 830 227 36 tillkommet
1038 829 124 37 beslut
1196 829 125 37 blefve
1349 828 285 37 vederbörande
1663 827 290 50 väghållnings-

359 884 176 50 skyldige
577 883 140 50 ålagdt,
760 883 128 36 kunna
921 882 81 36 från
1033 882 40 36 af
1098 882 219 49 Riksdagen
1346 881 57 36 till
1431 881 307 49 vägbyggnader
1768 880 187 49 beviljade

358 936 124 39 medel
518 936 162 48 anvisas,
709 940 92 32 utan
830 935 247 49 iakttagande
1106 935 41 36 af
1172 934 62 37 det
1262 934 60 37 för
1351 933 209 37 anlitandet
1589 933 40 37 af
1653 931 301 52 vägbyggnads-

357 990 143 37 fonden
541 990 12 35 i
596 988 205 37 allmänhet
837 987 183 49 stadgade
1053 987 149 48 villkor,
1234 991 55 33 att
1317 986 274 49 statsbidraget
1619 986 82 37 icke
1730 986 103 48 finge
1862 991 94 43 utgå

357 1042 86 37 med
484 1041 119 49 högre
637 1041 139 50 belopp
810 1045 46 31 än
892 1045 63 31 två
983 1040 229 49 tredjedelar
1242 1040 39 36 af
1306 1039 73 37 den
1406 1039 58 37 för
1491 1038 371 50 väganläggningen
1891 1038 63 37 be-

357 1094 167 38 räknade
553 1093 224 38 kostnaden.

486 1146 66 39 Uti
580 1160 47 23 en
668 1146 57 37 till
767 1145 133 37 chefen
941 1146 59 36 för
1029 1145 391 51 civildepartementet
1448 1144 112 38 ställd
1588 1144 200 37 skrifvelse
1817 1144 40 36 af
1882 1144 73 37 den

359 1203 44 33 18
434 1199 205 37 november
670 1200 96 35 1903
797 1199 67 35 har
892 1198 119 36 Eders
1032 1198 141 48 Kungl.
1197 1198 127 48 Maj:ts
1344 1197 423 49 befallningshafvande
1789 1196 165 37 därefter

356 1252 166 49 förmält,
547 1257 64 42 att,
629 1250 120 50 enligt
765 1250 99 37 hvad
880 1250 121 37 Eders
1016 1250 139 49 Kungl.
1173 1250 125 50 Maj:ts
1313 1249 425 49 befallningshafvande
1755 1249 198 48 inhämtat,

357 1305 134 49 anslag
534 1303 55 38 till
630 1303 85 37 hela
755 1303 215 37 beräknade
1013 1303 224 48 kostnaden,
1281 1304 162 46 380,000
1473 1302 123 37 finska
1624 1302 116 41 mark,
1771 1301 40 37 af
1834 1301 122 37 finska

356 1356 218 38 statsmedel
594 1356 179 49 beviljats
791 1355 57 36 till
867 1355 319 49 väganläggning
1206 1355 84 36 från
1309 1355 284 36 hufvudorten
1579 1350 20 59 i
1612 1354 118 37 finska
1745 1354 210 36 Enontekis

355 1410 58 36 till
441 1409 276 48 Muonioniska,
747 1421 47 23 en
823 1407 296 49 omständighet,
1150 1421 79 23 som
1253 1407 121 37 Eders
1394 1407 140 49 Kungl.
1556 1407 128 49 Maj:ts
1705 1407 249 48 befallnings-

354 1461 192 39 hafvande
576 1460 187 38 föreställt
791 1461 60 48 sig
878 1460 129 36 kunna
1035 1460 158 36 inverka
1221 1462 48 47 på
1297 1459 296 50 uppfattningen
1624 1473 61 23 om
1706 1459 63 37 det
1788 1459 167 48 begärda

356 1514 193 49 anslagets
570 1513 235 49 behöflighet
826 1513 70 36 och
916 1512 227 49 billigheten
1164 1513 39 36 af
1219 1513 85 36 dess
1320 1512 228 49 beviljande,
1566 1516 90 33 enär
1670 1511 285 37 förhållandena

354 1567 103 37 inom
486 1566 290 48 ifrågavarande
806 1565 95 37 båda
928 1565 282 49 gränssocknar
1238 1578 91 23 voro
1360 1565 180 48 tämligen
1568 1564 193 37 likartade.

485 1617 73 37 Till
586 1617 95 50 följd
707 1617 40 37 af
763 1616 169 38 erhållna
952 1617 141 49 nådiga
1112 1616 175 38 remisser
1306 1617 69 36 har
1395 1621 92 44 väg-
1509 1617 69 36 och
1598 1616 357 49 vattenbyggnads-

361 1671 187 48 styrelsen
584 1670 72 36 den
687 1672 20 34 3
738 1670 73 49 maj
846 1671 97 35 1904
972 1669 153 49 afgifvit
1152 1669 257 49 underdånigt
1437 1669 194 37 utlåtande
1659 1669 12 36 i
1700 1669 157 36 ärendet
1886 1668 69 38 och

363 1722 123 37 däruti
515 1722 134 38 anfört.

484 1775 81 37 Den
607 1774 292 50 ifrågavarande
942 1778 126 44 vägen
1109 1773 179 50 utgjorde
1330 1773 72 37 den
1444 1773 102 37 inom
1575 1774 211 37 Enontekis
1815 1774 140 37 socken

354 1827 164 49 belägna
562 1827 109 37 delen
714 1827 41 37 af
792 1826 268 50 vägföretaget
1102 1826 285 37 Karesuando—
1404 1826 187 49 Vittangi,
1624 1827 60 36 för
1712 1827 113 36 hvars
1853 1827 101 36 inom

354 1880 240 48 Juckasjärvi
638 1880 141 37 socken
820 1879 162 48 belägna
1011 1878 222 49 sträckning
1261 1879 118 36 Eders
1408 1879 143 49 Kungl.
1581 1879 108 49 Maj:t
1715 1879 121 36 under
1865 1882 90 34 åren

357 1933 252 36 1895—1899
639 1932 154 49 beviljat
826 1931 242 49 statsbidrag.
1124 1931 122 37 Däraf
1269 1944 91 24 vore
1389 1931 108 37 delen
1526 1932 138 36 mellan
1690 1931 174 49 Vittangi
1884 1932 71 37 och

355 1985 272 48 Tunturijokki
673 1984 273 49 färdigbyggd,
988 1984 120 36 under
1150 1984 63 36 det
1255 1988 54 32 att
1351 1984 145 36 arbetet
1537 1987 20 33 å
1599 1984 73 36 den
1717 1984 239 37 återstående

355 2037 177 37 sträckan
561 2037 180 49 påginge.

483 2090 74 36 Det
585 2104 50 22 nu
664 2089 266 50 föreliggande
959 2090 183 48 förslaget
1170 2095 169 44 upptoge
1361 2094 102 32 utom
1483 2089 268 50 hufvudvägen
1775 2091 113 36 äfven
1909 2104 46 23 en

353 2141 87 37 kort
474 2141 116 49 biväg
617 2142 57 36 till
707 2142 190 37 Idivuoma
925 2142 323 49 gästgifvargård.
1304 2142 298 49 Hufvudlinjens
1630 2143 118 48 längd
1776 2143 178 49 utgjorde

354 2195 140 46 40,460
537 2199 119 32 meter
697 2194 69 36 och
807 2195 186 48 bivägens
1032 2194 58 36 till
1131 2194 198 37 Idivuoma
1370 2195 314 49 gästgifvargård
1721 2197 72 34 610
1823 2200 130 38 meter,

354 2246 252 49 hvarigenom
647 2247 118 36 totala
806 2247 217 48 vigländen
1064 2247 198 49 uppginge
1304 2246 57 37 till
1394 2249 138 46 41,070
1563 2253 128 31 meter.
1750 2247 89 37 Som
1868 2248 90 49 grof

354 2298 186 50 fnruskog
568 2299 111 36 totalt
708 2299 187 37 saknades
924 2299 100 37 inom
1056 2299 69 37 den
1157 2299 60 37 del
1244 2300 40 36 af
1300 2299 209 38 Enontekis
1530 2300 151 47 socken,
1703 2313 78 24 som
1803 2301 150 36 komme
