1924 2824
271 162 119 32 Andra
415 163 204 34 kammarens
636 164 145 41 fjärde
807 168 171 43 tillfälliga
1002 170 134 33 utskotts
1159 172 169 34 utlåtande
1353 174 51 32 Nr
1430 178 26 29 >.
1593 179 12 29 1

808 356 62 40 Nr
896 358 32 39 7.

628 464 109 24 Ankom
758 465 47 24 till
824 466 165 32 riksdagens
1009 468 92 25 kansli
1122 469 54 24 den
1200 470 31 23 22
1253 471 72 30 april
1349 472 66 24 1929
1435 473 36 24 kl.
1494 475 14 21 4
1529 481 22 17 e.
1572 481 37 18 m.

328 550 131 34 Andra
502 551 225 38 kammarens
768 554 171 48 fjärde
983 557 192 49 tillfälliga
1219 559 148 37 utskotts
1407 561 199 46 utlåtande,

381 624 44 22 nr
458 612 29 44 7,
517 613 15 35 i
558 614 192 49 anledning
794 629 45 23 av
881 618 102 35 väckt
1020 620 130 35 motion
1179 621 185 48 angående
1386 623 222 49 förbättring

383 686 45 23 av
470 675 315 49 skogsarbetarnas
827 680 307 51 provianterings-
1184 684 60 36 och
1287 685 321 51 matlagningsför-

383 736 204 39 hallanden.

162 840 19 31 I
203 852 43 21 en
271 843 92 31 inom
388 845 107 31 andra
519 845 198 34 kammaren
743 850 99 32 väckt
868 851 59 31 och
952 852 53 31 till
1030 853 73 31 dess
1128 853 114 40 fjärde
1268 855 178 40 tillfälliga
1474 856 128 33 utskott

119 892 165 35 hänvisad
313 897 140 40 motion,
482 910 41 19 nr
554 901 73 40 192,
656 900 41 33 ha
728 902 120 32 herrar
877 903 161 34 Hricsson
1069 907 10 30 i
1110 906 142 41 Sörsjön
1281 909 60 31 och
1371 909 189 33 Johansson
1592 911 9 30 i

119 946 165 34 Sollefteå
302 949 184 43 hemställt,
505 957 49 28 att
572 953 185 41 riksdagen
777 957 11 31 i
807 956 164 34 skrivelse
989 959 54 32 till
1062 958 131 41 Kungl.
1214 961 112 39 Maj:t
1344 963 103 32 måtte
1466 963 137 33 anhålla

118 1012 53 20 om
194 1003 190 40 utredning
405 1006 145 32 rörande
572 1007 218 41 lämpligaste
813 1012 101 31 sättet
937 1018 50 26 att
1010 1013 231 33 åstadkomma
1265 1026 40 21 en
1330 1016 210 41 förbättring
1564 1030 40 19 av

119 1053 300 41 skogsarbetarnas
438 1060 292 40 provianterings-
750 1063 61 31 och
831 1064 477 41 matlagningsförhållanden
1324 1069 107 32 under
1444 1070 159 32 vistelsen

120 1107 9 31 i
158 1108 168 40 skogarna
353 1118 87 26 samt
466 1112 263 42 framläggande
756 1117 54 31 för
838 1118 184 40 riksdagen
1049 1131 41 20 av
1117 1120 39 33 de
1182 1121 140 42 förslag,
1351 1124 114 32 vartill
1494 1126 111 31 utred-

118 1162 129 40 ningen
269 1163 69 33 kan
360 1176 42 28 ge
425 1166 199 41 anledning.

162 1216 230 35 Beträffande
414 1221 253 40 motiveringen
692 1223 55 32 får
770 1225 166 34 utskottet
959 1226 141 34 hänvisa
1125 1228 54 33 till
1203 1231 182 33 motionen.

163 1323 175 35 Utskottet
361 1326 62 32 har
447 1327 10 31 i
481 1328 214 41 vederbörlig
717 1332 150 40 ordning
891 1333 169 34 inhämtat
1084 1337 161 37 yttrande
1268 1340 77 30 över
1368 1339 171 33 motionen
1563 1351 41 20 av

118 1376 284 41 socialstyrelsen,
437 1381 108 33 vilket
581 1384 160 37 yttrande
777 1385 106 40 jämte
919 1398 42 20 en
996 1399 41 20 av
1072 1388 111 42 skogs-
1220 1391 61 31 och
1315 1392 288 41 flottledsinspek-

120 1431 95 29 tören
235 1431 10 31 i
265 1433 114 32 ämnet
413 1435 146 38 avgiven
577 1438 227 37 promemoria
824 1440 106 31 såsom
950 1441 131 39 bilagor
1101 1442 112 40 fogats
1232 1444 55 32 till
1306 1445 90 33 detta
1417 1446 186 33 utlåtande.

162 1536 77 33 Den
263 1538 10 32 i
296 1538 241 42 föreliggande
559 1544 128 32 motion
712 1550 177 35 upptagna
913 1546 125 41 frågan
1061 1548 73 42 har,
1158 1551 107 30 såsom
1290 1553 82 30 även
1397 1554 10 31 i
1432 1553 171 32 motionen

119 1590 160 42 erinrats,
299 1592 151 40 tidigare
471 1595 91 33 varit
583 1596 144 33 föremål
747 1598 55 32 för
823 1600 312 39 uppmärksamhet.
1169 1603 19 31 I
1210 1614 40 20 en
1273 1615 41 20 av
1335 1606 268 39 socialstyrelsen

118 1643 198 44 verkställd,
360 1647 37 31 år
442 1649 84 31 1916
569 1650 199 39 publicerad
813 1653 259 42 undersökning
1116 1657 145 32 rörande
1304 1658 299 40 skogsarbetarnas

119 1696 152 34 levnads-
292 1699 60 32 och
372 1701 354 35 arbetsförhållanden
749 1705 11 31 i
782 1705 202 43 Värmland,
1004 1707 154 34 Dalarna
1180 1710 61 31 och
1263 1711 174 34 Norrland
1459 1714 144 31 behand-

118 1750 92 33 lades
239 1753 177 40 nämligen
444 1755 44 32 bl.
519 1767 28 20 a.
578 1756 110 32 denna
718 1758 111 40 fråga.
870 1760 55 32 Av
954 1763 147 32 nämnda
1133 1764 259 42 undersökning
1420 1766 183 41 framgick,

121 1810 50 26 att
203 1806 294 41 provianterings-
529 1809 61 31 och
621 1811 500 40 matlagningsförhållandena
1156 1816 58 32 vid
1248 1818 309 41 förläggningarna
1593 1821 9 30 i

118 1857 169 40 skogarna
313 1860 158 34 lämnade
496 1862 135 40 mycket
657 1865 113 39 övrigt
796 1871 50 27 att
872 1867 115 33 önska.

161 1911 69 34 Det
263 1914 54 31 må
352 1915 85 31 även
471 1916 134 32 erinras
640 1929 52 20 om
727 1918 39 32 de
802 1920 310 43 undersökningar,
1148 1935 69 20 som
1252 1926 350 40 medicinalstyrelsen

119 1965 142 40 nyligen
290 1967 149 33 beslutat
468 1969 196 43 verkställa,
694 1971 173 34 huruvida
896 1975 89 32 vissa
1015 1976 199 39 sjukdomar
1245 1979 207 34 förekomma
1486 1983 8 30 i
1526 1984 77 30 övre

121 2018 175 34 Norrland
320 2021 11 31 i
356 2023 107 31 större
487 2024 243 40 utsträckning
754 2027 43 31 än
823 2026 10 31 i
859 2027 118 40 övriga
1002 2029 93 31 delar
1120 2042 42 19 av
1185 2032 115 32 landet
1325 2040 85 25 samt
1434 2046 50 19 om
1511 2036 91 31 detta

118 2072 70 31 står
215 2073 11 32 i
252 2074 163 32 samband
440 2076 75 31 med
541 2088 41 20 en
608 2078 135 40 ensidig
769 2080 60 30 och
855 2081 149 40 otjänlig
1029 2082 74 33 kost
1129 2090 86 26 samt
1241 2086 170 32 missbruk
1438 2099 41 20 av
1504 2087 98 33 kaffe

118 2125 60 32 och
199 2126 110 33 tobak.

162 2179 54 32 Av
237 2180 39 33 de
296 2182 12 31 i
329 2182 190 41 anledning
539 2195 42 21 av
600 2185 173 32 motionen
796 2198 47 21 nu
864 2188 11 32 i
897 2189 114 33 ämnet
1032 2191 147 39 avgivna
1202 2194 205 37 yttrandena
1429 2195 173 40 bestyrkes

117 2234 273 34 motionärernas
432 2237 239 43 uppfattning,
713 2245 50 27 att
806 2241 290 42 provianterings-
1139 2246 60 31 och
1240 2248 362 40 matlagningsförhål-

117 2286 145 33 landena
290 2288 53 32 för
370 2290 64 31 den
462 2296 88 26 stora
577 2292 283 43 arbetaregrupp,
887 2306 69 20 som
983 2296 282 39 skogsarbetarna
1294 2303 130 38 utgöra,
1452 2303 149 40 alltjämt

118 2341 58 30 äro
201 2341 10 31 i
236 2346 84 27 stort
344 2348 64 26 sett
431 2342 71 33 lika
528 2344 342 35 otillfredsställande
895 2360 69 20 som
988 2350 57 31 vid
1070 2351 96 32 tiden
1191 2352 54 32 för
1270 2354 266 35 verkställandet
1561 2369 41 19 av

118 2393 288 40 socialstyrelsens
429 2408 86 20 ovan
537 2398 141 32 berörda
703 2400 269 41 undersökning.
1009 2402 280 41 Socialstyrelsen
1314 2407 60 32 har
1399 2410 83 31 även
1507 2411 9 31 i
1542 2411 59 31 sitt

117 2448 162 36 yttrande
306 2449 137 41 uttalat,
470 2455 50 26 att
547 2451 54 31 det
628 2457 115 33 syntes
771 2454 190 41 angeläget,
989 2461 50 27 att
1067 2457 168 33 särskilda
1264 2461 157 38 åtgärder
1450 2463 151 39 vidtoges

117 2498 54 32 för
196 2500 299 35 åstadkommande
519 2514 40 20 av
583 2514 40 21 en
647 2504 214 42 förbättring
885 2519 41 20 av
950 2508 267 39 ifrågavarande
1242 2512 248 35 förhållanden.

158 2567 110 34 Bihang
289 2569 41 26 till
350 2569 157 34 riksdagens
521 2572 136 33 protokoll
677 2575 79 26 1929.
797 2576 34 25 13
849 2576 76 26 saml.
966 2579 16 24 4
1001 2578 60 26 avd.
1101 2581 16 24 7
1136 2580 69 32 häft.
1243 2581 55 33 (Nr
1316 2582 38 31 7)
1589 2590 11 22 1

1649 868 148 27 Motionen.

1645 1341 159 27 Yttranden.

1653 1565 139 27 Utskottet.
