1884 2780
260 150 42 30 24
606 152 285 30 Statsutskottets
916 152 180 30 utlåtande
1120 162 43 20 nr
1187 153 40 29 73
1250 153 39 29 år
1314 153 83 29 1957

304 230 272 38 Dagkostnaden
611 231 57 29 vid
704 231 424 40 epileptikeranstalterna
1164 233 63 28 har
1264 242 42 20 av
1341 232 359 39 medicinalstyrelsen
1738 233 9 28 i

259 283 345 38 anslagsäskandena
631 284 54 30 för
713 284 204 39 budgetåret
948 285 141 36 1957/58
1117 285 188 30 beräknats
1333 286 51 29 till
1413 286 11 28 i
1452 286 212 38 genomsnitt
1693 286 54 29 för

261 336 158 39 samtliga
445 336 169 30 anstalter
643 338 38 28 16
706 337 132 30 kronor
863 347 60 30 per
949 338 164 39 vårddag,
1140 339 31 28 d.
1198 348 30 20 v.
1255 348 25 20 s.
1306 339 162 38 omkring
1494 339 17 28 5
1528 338 62 30 800
1617 339 130 29 kronor

259 398 60 30 per
335 390 47 29 år.
400 390 293 39 Patientavgiften
710 391 54 29 för
780 391 204 39 epileptiker
1000 393 81 28 över
1098 392 38 29 21
1154 392 38 29 år
1208 392 61 29 bör
1286 392 105 39 enligt
1409 392 339 39 departementsche-

259 442 77 30 fens
354 442 141 40 mening
513 443 211 30 bestämmas
742 444 45 39 på
805 453 134 20 samma
958 446 67 28 sätt
1045 454 75 20 som
1138 445 106 38 gäller
1263 445 54 29 för
1335 445 40 29 de
1393 445 163 39 psykiskt
1574 445 174 29 efterbliv-

259 505 54 24 na,
330 496 91 29 vilka
436 496 76 29 icke
528 497 64 28 har
607 498 69 28 rätt
691 498 51 28 till
758 498 217 29 kostnadsfri
991 498 95 34 vård,
1103 498 176 39 nämligen
1294 498 51 29 till
1357 498 134 39 belopp,
1502 498 245 29 motsvarande

258 549 190 29 oavkortad
468 549 223 39 folkpension
710 550 55 30 för
783 550 96 39 ogift,
898 551 147 29 bortsett
1064 551 79 29 från
1161 551 221 29 kommunalt
1400 551 264 39 bostadstillägg
1683 551 65 29 och

258 602 79 29 med
360 602 263 31 frånräknande
647 613 41 19 av
711 603 419 40 fickpenningsbeloppet,
1154 605 82 28 eller
1259 605 24 28 f.
1307 615 32 18 n.
1362 605 10 28 i
1396 606 82 27 runt
1502 606 47 28 tal
1579 604 112 33 (2150
1704 622 44 2 —

259 655 79 33 360)
369 655 92 29 1800
485 656 130 29 kronor
638 656 54 30 för
713 657 49 29 år.
786 656 225 31 Återstående
1033 657 135 39 belopp,
1192 657 19 29 4
1226 657 62 30 000
1310 658 140 33 kronor,
1473 658 63 29 bör
1558 657 95 30 delas
1676 657 70 29 lika

258 708 127 29 mellan
409 710 114 28 staten
546 710 64 28 och
633 709 232 39 landstingen,
889 710 106 29 vilket
1019 711 145 29 innebär
1188 713 49 27 att
1262 713 130 27 statens
1416 711 120 38 bidrag
1560 711 61 29 bör
1644 710 103 38 höjas

258 760 79 29 från
360 761 92 30 1500
472 762 53 29 till
544 762 19 29 2
578 762 61 30 000
658 763 131 29 kronor
807 772 60 30 per
885 763 189 39 vårdplats.
1095 764 238 38 Landstingen
1350 764 160 29 kommer
1530 763 148 30 sålunda
1696 764 51 28 att

257 813 54 30 för
338 815 100 29 dessa
464 815 174 39 patienter
664 816 36 30 få
726 816 139 39 erlägga
892 817 66 29 den
985 817 55 30 del
1068 826 41 20 av
1135 817 293 34 vårdkostnaden,
1457 826 74 21 som
1559 817 189 38 överstiger

263 867 33 33 (1
313 867 62 30 800
391 872 27 27 +
434 868 18 29 2
467 868 82 33 000)
571 868 18 30 3
605 869 61 29 800
684 870 131 29 kronor
833 879 59 30 per
910 870 91 39 plats
1019 870 65 30 och
1102 870 48 29 år.
1169 870 226 30 Beträffande
1413 870 206 40 epileptiker
1637 870 111 29 under

258 920 38 30 21
319 921 38 29 år
376 921 64 29 har
460 921 82 30 från
563 921 86 31 flera
669 922 302 30 remissinstanser
991 923 225 34 framhållits,
1238 925 50 28 att
1307 924 131 29 vården
1459 933 42 20 av
1521 923 111 30 andra
1653 923 95 29 kate-

257 974 111 38 gorier
389 974 281 40 handikappade,
694 984 75 21 som
791 975 133 40 intages
946 976 45 39 på
1013 977 91 29 skol-
1126 976 82 30 eller
1229 976 251 34 vårdinternat,
1504 977 38 28 är
1563 976 185 30 kostnads-

257 1026 45 29 fri
329 1026 53 30 för
409 1027 67 29 den
502 1027 167 30 enskilde.
696 1028 103 30 Detta
825 1029 106 38 gäller
958 1029 149 30 sålunda
1133 1029 111 30 blind-
1269 1030 65 29 och
1359 1029 245 34 dövskolorna,
1631 1029 117 29 lands-

256 1079 137 39 tingens
421 1080 178 30 särskolor
627 1082 63 28 och
719 1081 256 30 vårdanstalter
1003 1082 56 30 för
1087 1082 161 39 psykiskt
1276 1082 207 30 efterblivna
1512 1092 46 19 m.
1588 1083 36 28 fl.
1654 1083 93 28 Enär

256 1132 58 29 det
341 1133 63 29 här
432 1134 9 28 i
472 1135 72 28 stor
573 1135 244 39 utsträckning
845 1135 159 29 kommer
1033 1137 50 28 att
1110 1135 126 30 vårdas
1264 1138 48 27 ett
1339 1136 11 29 i
1378 1136 97 39 varje
1506 1135 62 30 fall
1596 1136 78 29 med
1703 1135 45 40 på

258 1185 218 31 sistnämnda
497 1187 117 30 skolor
632 1188 64 29 och
715 1188 169 29 anstalter
902 1188 144 39 intagna
1065 1189 143 29 likartat
1225 1189 153 34 klientel,
1398 1189 99 29 torde
1516 1190 87 28 även
1622 1189 126 29 under-

255 1238 183 40 visningen
459 1240 66 29 och
546 1240 130 30 vården
696 1241 58 28 vid
776 1240 338 40 epileptikeranstalt
1135 1242 84 29 böra
1241 1243 100 37 göras
1363 1242 219 29 kostnadsfri
1604 1242 54 30 för
1680 1242 67 29 den

256 1292 156 29 enskilde
433 1292 52 29 till
508 1293 39 29 21
570 1292 57 30 års
647 1292 106 30 ålder.
776 1294 80 29 Som
876 1294 194 39 ersättning
1091 1294 121 30 härför
1232 1295 62 29 bör
1314 1295 11 29 i
1347 1295 36 29 så
1404 1295 63 29 fall
1488 1295 258 30 vederbörande

256 1344 176 40 landsting
450 1345 95 34 eller,
564 1346 87 29 efter
669 1346 126 39 Kungl.
814 1346 123 39 Maj:ts
954 1347 275 34 bestämmande,
1248 1348 67 29 den
1334 1357 74 20 som
1427 1348 115 29 driver
1561 1348 185 34 anstalten,

257 1399 63 38 äga
337 1399 156 38 uppbära
511 1399 68 29 den
594 1399 140 39 intagne
752 1399 267 30 tillkommande
1038 1400 222 39 folkpension
1277 1401 82 29 eller
1376 1401 222 39 barnbidrag.
1616 1401 132 30 Lands-

256 1450 137 39 tingens
416 1451 281 40 vårdersättning
720 1452 160 29 kommer
903 1453 10 29 i
936 1453 101 30 dessa
1063 1453 61 30 fall
1149 1455 59 32 att,
1233 1463 56 20 om
1312 1454 124 29 endast
1459 1454 211 39 barnbidrag
1694 1456 54 27 ut-

256 1504 71 38 går,
348 1504 46 29 bli
414 1504 107 39 högre
543 1506 44 28 än
608 1505 54 29 för
683 1505 119 39 övriga
823 1505 214 40 epileptiker.
1060 1506 51 30 Då
1133 1506 192 30 emellertid
1346 1517 42 19 av
1409 1507 24 29 f.
1456 1517 32 19 n.
1510 1508 143 39 intagna
1675 1517 72 20 om-

255 1556 103 40 kring
386 1557 61 30 200
475 1558 89 29 barn
592 1558 110 29 under
732 1558 39 30 16
799 1558 38 30 år
864 1558 75 30 icke
966 1559 138 30 mindre
1132 1560 45 28 än
1204 1559 97 30 cirka
1331 1560 60 30 130
1419 1560 126 30 vårdas
1573 1561 44 39 på
1645 1563 102 27 stats-

256 1610 174 30 anstalten
452 1610 221 35 Vilhelmsro,
696 1611 98 30 torde
817 1612 86 29 även
924 1612 64 29 här
1010 1621 43 20 en
1075 1612 200 39 utjämning
1297 1613 142 30 komma
1463 1616 50 27 att
1536 1614 59 29 ske
1617 1614 129 30 mellan

256 1664 132 29 statens
412 1664 65 29 och
503 1663 241 40 landstingens
768 1665 200 29 kostnader.

301 1716 256 39 Landstingens
577 1716 234 39 ersättningar
830 1726 100 21 anses
949 1718 84 29 böra
1051 1718 188 38 begränsas
1259 1719 51 28 till
1328 1721 48 27 ett
1395 1719 80 29 från
1493 1720 126 38 början
1637 1720 109 29 maxi-

255 1772 111 26 merat
386 1770 136 38 belopp,
544 1770 187 39 lämpligen
753 1770 40 30 35
816 1771 129 29 kronor
966 1780 61 30 per
1047 1771 164 39 vårddag.
1232 1772 165 39 Beloppet
1419 1775 196 27 motsvarar
1636 1773 108 39 avgif-

255 1823 58 28 ten
337 1822 19 29 å
380 1822 131 30 allmän
537 1823 49 29 sal
610 1823 54 30 för
687 1823 77 30 icke
790 1823 261 39 specialistvård
1075 1824 107 39 enligt
1205 1825 318 30 utomlänsavtalet.
1548 1826 197 30 Eventuellt

254 1875 221 40 erforderligt
498 1875 278 41 fyllnadsbidrag
798 1876 62 30 bör
883 1877 82 39 utgå
987 1886 43 21 av
1053 1878 211 29 statsmedel.

301 1933 200 39 Höjningen
526 1943 42 20 av
593 1934 246 40 statsbidraget
862 1935 61 29 bör
947 1935 179 39 tillämpas
1151 1936 42 29 fr.
1219 1945 29 20 o.
1275 1946 44 20 m.
1345 1938 66 28 den
1440 1938 13 28 1
1481 1937 142 39 januari
1651 1938 93 30 1957.

257 1986 160 40 Bidraget
435 1987 62 29 bör
516 1988 11 28 i
544 1988 135 39 princip
699 1988 129 29 liksom
846 1988 24 29 f.
889 1998 32 20 n.
941 1989 173 29 utbetalas
1134 1989 278 31 kalenderårsvis
1432 1991 11 29 i
1462 1991 195 29 efterskott.
1678 1991 67 30 För

255 2041 51 27 att
326 2040 154 29 undvika
502 2040 407 40 likviditetssvårigheter
930 2041 55 30 för
1006 2043 216 28 anstalterna
1241 2043 62 29 bör
1325 2044 88 28 dock
1435 2044 310 39 medicinalstyrel-

257 2102 61 19 sen
338 2094 63 38 äga
420 2094 70 28 rätt
511 2095 50 28 att
582 2095 10 28 i
611 2094 66 38 juli
698 2094 129 30 månad
847 2095 97 38 varje
965 2095 38 29 år
1024 2095 155 30 utbetala
1200 2096 151 30 förskott
1373 2097 79 29 med
1475 2096 40 30 50
1538 2100 143 36 procent
1703 2107 42 20 av

256 2146 57 29 det
329 2146 53 29 för
400 2146 149 39 löpande
567 2147 206 30 kalenderår
791 2148 198 29 fastställda
1008 2149 256 39 statsbidraget.
1283 2149 93 30 Enär
1394 2150 67 29 den
1481 2151 140 38 slutliga
1639 2152 106 38 regle-

255 2199 121 38 ringen
397 2209 41 19 av
460 2200 247 39 statsbidraget
728 2201 88 29 efter
838 2201 260 30 kalenderårets
1120 2202 129 39 utgång
1272 2203 79 38 äger
1373 2212 80 20 rum
1475 2203 111 29 under
1610 2213 133 20 samma

253 2250 178 39 budgetår,
453 2251 178 31 erfordras
652 2253 103 38 ingen
778 2253 150 29 särskild
950 2254 318 39 medelsanvisning
1290 2254 54 30 för
1366 2255 94 29 detta
1483 2255 173 29 ändamål.
1679 2256 64 28 Det

254 2304 215 34 förutsättes,
501 2307 50 27 att
582 2305 103 39 något
716 2308 97 27 extra
844 2306 210 40 statsbidrag
1084 2307 51 29 till
1166 2307 66 29 den
1262 2307 153 30 kliniska
1446 2308 297 38 undersöknings-

253 2357 229 39 avdelningen
503 2358 57 29 vid
582 2359 97 29 Stora
700 2359 152 29 Sköndal
873 2359 75 30 icke
969 2360 119 30 vidare
1109 2360 88 29 skall
1218 2360 132 30 behöva
1371 2361 92 39 utgå.
1485 2361 257 38 Avdelningens

253 2410 193 29 inkomster
469 2411 66 28 och
561 2411 141 39 utgifter
727 2421 102 20 anses
854 2412 187 39 lämpligen
1065 2413 83 29 böra
1172 2413 167 30 inordnas
1363 2414 9 28 i
1397 2416 113 27 staten
1536 2414 54 30 för
1614 2416 128 28 anstal-

255 2464 56 27 ten
334 2464 10 28 i
368 2463 78 30 dess
470 2463 128 30 helhet.
