1898 2814
310 164 109 27 Första
441 163 199 28 kammarens
660 159 103 41 första
784 165 154 35 tillfälliga
959 164 133 28 utskotts
1114 165 158 29 utlåtande
1294 165 43 28 Nr
1360 166 45 28 13.
1586 165 15 30 i

112 242 105 36 hålla,
233 246 48 27 att
294 243 95 31 inom
405 245 41 30 de
461 244 176 30 mosaiska
651 244 291 39 församlingarna
958 245 128 29 likaväl
1103 255 74 20 som
1193 245 94 31 inom
1305 246 146 29 svenska
1467 246 136 38 kyrkan

112 287 152 40 religiöst
285 288 223 31 indifferenta
529 289 67 30 och
616 289 172 39 praktiskt
809 291 91 37 taget
921 289 295 31 konfessionslösa
1237 290 225 30 medlemmar
1485 291 120 29 kunna

112 332 218 31 förekomma
352 336 83 28 utan
457 336 49 28 att
527 334 100 30 dessa
649 333 11 30 i
682 333 116 40 någon
817 333 83 31 mån
920 334 92 30 bliva
1035 336 129 28 utsatta
1185 334 54 31 för
1262 334 264 39 samvetstvång.
1550 334 55 30 Att

112 378 226 30 medlemmar
366 388 43 20 av
439 379 177 30 mosaiska
645 378 245 40 församlingar
917 388 42 21 av
989 379 160 39 religiösa
1182 379 423 39 samvetsbetänkligheter

114 423 125 30 önskat
260 424 116 29 lämna
398 423 250 39 församlingen
669 426 84 28 utan
774 426 48 28 att
844 423 81 39 ingå
946 424 10 29 i
977 427 107 27 annat
1107 424 247 36 trossamfund,
1377 426 37 29 är
1436 424 107 30 likväl
1563 433 42 21 en

114 467 38 31 så
172 468 143 39 sällsynt
336 468 66 31 och
424 468 54 31 för
498 469 56 30 det
575 468 157 31 enskilda
753 468 96 31 fallet
871 467 92 32 svårt
982 468 214 31 fastställbar
1213 469 187 36 företeelse,
1421 472 49 27 att
1491 468 115 40 någon

114 513 147 30 särskild
279 513 215 39 lagstiftning
513 513 51 31 till
584 514 113 38 skydd
716 513 53 31 för
789 512 131 31 sådana
939 515 268 29 samvetsömma
1226 515 173 38 knappast
1417 515 69 29 kan
1506 515 100 38 sägas

113 567 48 21 nu
180 567 82 21 vara
279 568 41 20 av
338 561 46 28 ett
400 559 192 38 trängande
608 558 122 31 behov.
750 559 48 30 De
815 557 57 32 två
888 568 42 21 av
947 559 218 30 motionären
1182 559 213 30 omnämnda
1413 559 193 30 rättsfallen

114 612 81 21 avse
219 603 247 39 psykologiska
493 603 177 39 gränsfall,
699 613 74 21 som
798 604 173 38 knappast
997 605 58 29 äro
1083 604 164 39 lämpliga
1273 607 49 27 att
1347 605 117 38 läggas
1492 603 116 31 såsom

115 648 112 39 grund
249 648 54 30 för
328 658 41 20 en
393 648 228 39 allmängiltig
642 648 225 39 lagstiftning.
893 649 13 29 I
929 648 97 31 fallet
1050 648 150 31 änkefru
1223 649 30 30 S.
1275 649 100 32 rörde
1397 649 56 30 det
1476 649 50 39 sig
1550 658 57 20 om

114 702 43 21 en
177 693 149 30 medlem
345 703 42 20 av
408 693 261 39 församlingen,
690 703 74 20 som
785 693 169 30 förklarat
975 694 49 38 sig
1044 703 43 20 av
1106 694 176 39 uppriktig
1304 694 210 38 övertygelse
1535 703 71 21 om-

115 737 87 31 fatta
226 738 130 30 kristen
380 738 290 36 trosbekännelse,
696 748 80 20 men
799 738 79 30 med
899 738 138 39 hänsyn
1060 738 51 30 till
1137 739 53 29 sin
1213 739 91 38 höga
1328 737 95 32 ålder
1445 748 60 20 var
1530 742 74 26 obe-

115 783 112 39 nägen
252 786 48 27 att
322 786 153 36 mottaga
500 783 112 39 dopet.
638 783 13 30 I
675 784 56 29 det
753 783 109 30 andra
885 783 105 36 fallet,
1015 784 169 30 avseende
1207 783 164 31 likaledes
1395 793 41 21 en
1459 783 149 30 medlem

115 837 42 20 av
177 827 60 31 vår
255 828 214 39 församling,
487 838 41 20 av
547 828 218 30 motionären
784 828 175 30 benämnd
980 828 151 31 direktör
1150 828 50 36 X.,
1217 829 90 30 hade
1325 829 112 30 denne
1455 828 152 38 uttryck-

115 873 91 39 ligen
226 873 169 30 förklarat
415 873 50 39 sig
485 873 76 30 icke
582 872 147 31 omfatta
750 874 146 29 svenska
917 873 155 39 kyrkans
1093 874 83 35 lära,
1197 883 80 21 men
1296 873 106 31 likväl
1424 874 110 29 önska
1557 871 50 31 så-

116 927 75 21 som
219 917 272 31 konfessionslös
521 918 139 30 tillhöra
690 919 147 29 svenska
864 919 137 38 kyrkan
1027 918 55 31 för
1110 921 49 28 att
1189 919 201 38 därigenom
1419 918 105 30 vinna
1552 918 56 29 be-

115 963 116 30 frielse
255 962 79 31 från
361 963 311 39 skatteskyldighet
698 963 51 30 till
776 963 175 30 mosaiska
979 963 260 39 församlingen,
1266 963 54 30 för
1346 972 77 22 vars
1451 962 158 39 religiösa

116 1008 76 30 kult
211 1008 70 29 han
301 1008 164 30 likaledes
486 1008 115 30 kände
621 1008 50 38 sig
691 1007 228 31 främmande.

161 1053 13 29 I
189 1053 56 30 det
260 1052 93 31 förra
369 1053 109 30 falllet
495 1052 287 31 neutraliserades
798 1053 275 30 vederbörandes
1090 1053 136 30 önskan
1242 1056 49 27 att
1306 1053 138 30 tillhöra
1462 1053 146 29 svenska

116 1098 137 38 kyrkan
283 1107 42 20 av
355 1098 66 30 den
450 1097 289 39 obekvämlighet,
768 1107 74 21 som
871 1097 54 31 för
955 1098 114 30 henne
1098 1098 118 30 kunde
1244 1107 82 21 vara
1356 1097 145 31 förenad
1530 1097 79 29 med

117 1142 103 39 dopet
240 1142 65 30 och
328 1143 106 29 därav
455 1142 155 39 följande
631 1143 265 29 konsekvenser.

161 1187 13 29 I
198 1187 56 30 det
274 1196 118 21 senare
411 1187 96 30 fallet
529 1196 101 30 synes
652 1187 31 38 ej
705 1187 157 39 religiösa
885 1186 425 40 samvetsbetänkligheter
1333 1187 90 30 hava
1444 1187 89 30 varit
1553 1195 55 21 av-

117 1232 152 39 görande
290 1232 55 30 för
368 1232 197 30 sökandens
590 1232 136 30 önskan
750 1235 49 27 att
821 1232 138 30 utträda
982 1242 41 20 ur
1045 1232 176 30 mosaiska
1243 1232 258 38 församlingen,
1527 1232 83 29 enär

117 1276 119 39 dylika
260 1276 273 40 betänkligheter
558 1276 77 31 icke
660 1277 138 30 avhöllo
823 1277 131 30 honom
977 1275 80 31 från
1082 1280 49 27 att
1158 1278 85 29 söka
1267 1277 134 31 inträde
1426 1277 10 29 i
1463 1276 147 30 svenska

116 1322 148 38 kyrkan,
286 1331 77 21 vars
383 1322 72 30 lära
476 1322 71 29 han
569 1322 231 38 uttryckligen
824 1322 198 30 förklarade
1043 1322 50 39 sig
1115 1322 31 39 ej
1169 1321 156 36 omfatta,
1348 1321 168 39 varjämte
1539 1321 71 29 han

118 1366 175 39 samtidigt
318 1366 199 32 förklarade
542 1367 49 38 sig
616 1366 94 39 villig
734 1366 140 30 kvarstå
898 1367 10 29 i
932 1367 175 30 mosaiska
1134 1366 258 39 församlingen,
1418 1367 113 29 därest
1555 1366 56 30 det

117 1420 42 21 av
188 1411 266 39 församlingens
484 1411 357 39 taxeringskommitté
870 1411 130 30 honom
1029 1411 10 30 i
1070 1412 178 37 utskylder
1276 1410 147 40 påförda
1451 1411 160 38 beloppet

117 1456 149 30 sänktes.

164 1500 49 30 De
234 1500 227 39 olägenheter,
486 1510 74 20 som
585 1503 47 28 ett
653 1500 99 30 bifall
774 1500 51 30 till
847 1499 195 31 motionens
1066 1500 89 38 syfte
1178 1501 110 30 skulle
1312 1500 157 30 medföra
1492 1501 55 30 för
1569 1500 42 30 de

118 1545 174 30 mosaiska
316 1545 302 38 församlingarna,
642 1546 168 37 överväga
832 1545 80 30 med
935 1545 220 30 sannolikhet
1177 1546 56 29 det
1254 1545 187 30 moraliska
1461 1544 149 35 lidande,

118 1593 46 27 ett
188 1590 97 39 ringa
312 1590 94 30 antal
433 1590 151 38 religiöst
608 1590 81 30 eller
714 1589 261 31 konfessionellt
1000 1590 204 29 annorledes
1231 1590 186 30 kännande
1444 1590 65 29 och
1536 1591 74 29 tän-

118 1635 114 29 kande
250 1635 79 30 eller
346 1635 10 29 i
374 1634 124 31 sådant
515 1635 198 29 hänseende
732 1634 223 30 indifferenta
972 1644 163 20 nersoner
1151 1635 70 29 kan
1236 1635 124 29 tänkas
1378 1634 91 31 utstå
1487 1642 124 31 genom

118 1682 49 27 att
190 1680 131 38 nödgas
342 1679 140 30 kvarstå
504 1680 10 29 i
537 1679 65 30 och
625 1680 137 38 erlägga
785 1679 146 39 avgifter
952 1679 50 30 till
1024 1679 66 30 den
1112 1679 214 39 församling,
1348 1680 41 29 de
1412 1687 124 31 genom
1558 1678 52 30 sin

117 1724 88 30 börd
222 1724 146 30 tillhöra.
388 1724 49 30 De
453 1724 159 39 religiösa
627 1723 435 39 samvetsbetänkligheter,
1079 1724 98 30 dessa
1196 1724 293 30 konfessionslösa
1508 1724 102 38 judar

119 1770 120 29 kunna
263 1769 85 38 hysa
372 1768 55 31 för
450 1772 49 26 att
522 1768 183 39 motvilligt
729 1769 131 38 nödgas
885 1768 139 30 tillhöra
1046 1769 65 29 och
1135 1769 136 38 erlägga
1295 1768 145 39 avgifter
1464 1768 50 31 till
1538 1778 72 20 mo-

120 1814 93 29 saisk
231 1813 213 39 församling,
465 1814 58 29 äro
541 1813 209 39 principiellt
767 1813 74 30 icke
860 1823 42 20 av
921 1822 117 21 annan
1056 1816 62 33 art,
1136 1814 45 29 än
1196 1814 41 29 de
1255 1823 41 20 av
1314 1813 215 38 lagstiftaren
1546 1813 64 30 hit-

119 1858 69 30 tills
216 1858 187 30 tolererade
430 1858 435 38 samvetsbetänkligheter,
893 1867 73 20 som
993 1867 41 20 en
1060 1858 130 38 mängd
1217 1857 294 31 konfessionslösa
1538 1867 73 29 per-

121 1912 100 20 soner
246 1904 119 28 kunna
391 1903 86 38 hysa
504 1902 54 30 för
584 1905 49 27 att
657 1903 113 29 betala
796 1901 145 39 avgifter
967 1902 49 30 till
1040 1903 147 29 svenska
1212 1903 146 37 kyrkan,
1385 1911 80 22 vare
1492 1902 50 39 sig
1570 1903 41 29 de

120 1947 226 30 automatiskt
366 1948 59 29 äro
446 1947 227 29 medlemmar
696 1956 40 20 av
759 1947 113 29 denna
893 1947 80 29 eller
995 1947 105 29 därur
1120 1948 120 28 utträtt
1261 1950 83 27 utan
1365 1950 48 26 att
1434 1946 105 30 vinna
1563 1947 47 29 in-

121 1992 95 29 träde
241 1992 10 29 i
277 1995 105 26 annat
407 1992 122 29 erkänt
551 1990 290 39 kyrkosamfund.

165 2036 46 30 Ur
236 2036 174 30 mosaiska
435 2035 267 39 församlingens
729 2036 177 38 synpunkt
930 2034 109 31 måste
1064 2035 98 30 bifall
1186 2035 50 30 till
1259 2036 114 30 denna
1399 2036 131 30 motion
1555 2045 56 20 av-

120 2081 146 38 styrkas,
291 2081 70 30 helt
385 2081 152 38 lösryckt
561 2090 74 20 som
660 2081 66 29 den
750 2081 36 29 är
810 2090 39 20 ur
873 2080 56 30 det
951 2080 276 38 kyrkopolitiska
1251 2081 263 38 sammanhang,
1537 2090 74 20 som

119 2125 181 39 framlagts
326 2135 41 20 av
397 2126 82 29 1925
508 2124 56 31 års
592 2124 518 39 religionsfrihetssakkunniga,
1139 2125 64 29 och
1233 2125 118 30 därför
1377 2124 235 30 innebärande

120 2180 43 20 en
185 2170 163 30 orättvisa
370 2173 72 26 mot
465 2170 41 29 de
530 2169 176 30 mosaiska
729 2169 300 38 församlingarna.

166 2214 114 30 Under
299 2213 219 40 åberopande
537 2223 41 21 av
599 2214 99 29 dessa
720 2214 214 38 synpunkter
953 2213 54 30 får
1026 2213 246 38 församlingen
1293 2215 108 29 uttala
1421 2213 113 31 såsom
1556 2214 55 29 sitt

121 2258 189 35 önskemål,
336 2262 48 26 att
408 2258 264 39 ifrågavarande
695 2258 130 29 motion
849 2258 73 29 icke
945 2257 105 31 måtte
1073 2268 42 19 av
1141 2258 193 38 Riksdagen
1354 2258 147 30 bifallas.

166 2320 127 30 Malmö
312 2320 64 30 den
399 2321 39 28 25
460 2320 150 29 februari
634 2320 91 29 1938.

550 2390 174 30 Mosaiska
747 2390 259 38 Församlingen
1029 2391 7 28 i
1061 2390 127 29 Malmö

605 2451 47 31 På
679 2451 281 31 föreståndarnas
985 2453 142 37 vägnar:

767 2515 35 29 E.
821 2514 144 30 LEVIN.
