2164 2628
682 141 255 30 Bankoutskottets
959 139 153 29 utlåtande
1134 138 44 28 Nr
1200 135 50 31 40.
1712 128 20 31 3

165 231 255 36 bestämmelse
460 228 133 37 fortfar
633 233 54 31 att
713 228 97 48 gälla
838 225 117 37 under
982 238 45 22 en
1053 223 56 37 tid
1136 236 43 23 av
1206 225 61 34 två
1294 225 39 33 år
1361 220 93 37 efter
1481 218 293 38 konventionens

166 281 251 49 upphörande.

957 345 33 34 1.

303 433 129 35 Denna
471 430 285 49 tilläggsartikel
797 428 90 36 skall
919 427 212 42 ratificeras,
1160 429 39 32 så
1225 430 103 30 snart
1355 421 273 38 vederbörande
1656 432 121 34 repre-

162 484 249 35 sentationers
451 482 188 49 samtycke
679 480 105 36 blivit
824 478 198 43 meddelat,
1064 477 68 35 och
1174 476 317 35 ratifikationerna
1531 472 202 48 deponeras
1764 471 12 34 i

168 534 243 49 Köpenhamn
440 536 40 33 så
506 537 101 31 snart
634 532 62 35 ske
724 531 83 35 kan.

885 778 185 48 Förslag

948 884 58 36 till

904 982 155 65 Lag

268 1106 187 42 angående
479 1105 97 33 vissa
598 1104 202 40 ändringar
822 1103 12 32 i
857 1103 108 40 lagen
988 1110 59 24 om
1070 1100 118 32 rikets
1211 1099 105 40 mynt
1339 1098 71 32 den
1433 1096 42 33 30
1496 1094 73 42 maj
1597 1094 91 33 1873.

309 1234 227 48 Härigenom
576 1231 204 43 förordnas,
821 1235 54 31 att
915 1228 49 45 $$
1005 1231 32 42 5,
1068 1229 32 43 6,
1132 1229 56 41 12,
1219 1228 57 43 13,
1308 1228 43 33 17
1380 1225 67 36 och
1477 1226 45 34 18
1551 1224 10 35 i
1590 1225 106 45 lagen
1726 1235 58 23 om

175 1286 113 35 rikets
316 1289 108 44 mynt
451 1283 71 36 den
551 1284 47 35 30
626 1282 71 47 maj
731 1282 94 35 1873
854 1281 103 35 skola
983 1279 93 35 hava
1103 1277 163 48 följande
1294 1275 160 36 ändrade
1480 1274 157 49 lydelse:

941 1395 22 45 8
993 1398 33 34 5.

311 1485 71 36 Till
411 1485 216 48 skiljemynt
653 1483 92 36 skall
773 1480 186 38 användas
987 1480 79 36 dels
1093 1480 121 42 silver,
1243 1479 139 46 legerat
1410 1475 83 37 med
1521 1476 140 47 koppar
1688 1475 11 34 i
1728 1473 61 36 det

178 1536 239 45 förhållande,
446 1548 78 23 som
552 1535 66 35 här
645 1533 119 36 nedan
792 1540 115 40 säges,
936 1531 77 36 dels
1041 1529 271 49 kopparnickel,
1342 1527 78 36 dels
1448 1527 111 35 brons
1587 1526 91 35 eller
1691 1525 97 48 järn.

945 1656 23 44 8
998 1659 32 33 6.

313 1747 56 34 Av
409 1746 110 34 silver
559 1744 100 36 skola
699 1743 145 47 präglas
873 1741 261 49 myntstycken
1161 1752 43 22 av
1232 1737 166 49 följande
1424 1734 236 44 namnvärde,
1690 1742 102 28 näm-

178 1797 100 48 ligen

314 1849 63 33 två
404 1846 144 42 kronor,

316 1910 45 23 en
390 1897 125 42 krona,

317 1946 128 37 femtio
473 1952 73 38 öre,

317 1996 189 49 tjugufem
534 2003 74 36 öre,

317 2049 51 34 tio
395 2054 73 28 öre.

318 2097 63 35 Ett
407 2096 147 36 hundra
581 2095 153 48 stycken
761 2093 136 36 sådana
923 2092 216 47 skiljemynt
1165 2091 101 34 skola
1292 2088 187 36 innehålla
1505 2088 69 34 fint
1602 2087 126 35 silver:

318 2146 345 48 tvåkronestycken:
692 2150 52 29 ett
770 2149 107 30 tusen
905 2141 208 37 tvåhundra
1140 2153 117 35 gram;

319 2196 332 48 enkronestycken:
679 2194 212 36 sexhundra
917 2205 118 35 gram;
