2214 2632
689 196 257 35 Statsutskottets
970 194 165 33 utlåtande
1157 194 52 32 Nr
1231 196 29 30 4.
1750 189 34 31 17

295 287 56 36 Då
379 286 178 36 utskottet
592 284 81 37 icke
703 283 122 36 funnit
840 285 115 45 något
983 286 52 31 att
1063 280 120 37 erinra
1210 285 79 30 mot
1320 277 139 49 Kungl.
1489 275 127 50 Maj:ts
1646 274 143 47 förslag

192 339 52 36 uti
273 338 124 37 denna
424 337 129 50 punkt,
583 337 56 35 får
665 335 180 36 utskottet
873 333 206 47 hemställa,

697 443 52 30 att
776 435 202 48 riksdagen
999 437 60 33 må
1079 433 73 36 öka
1170 430 422 47 reservationsanslaget
1611 429 54 35 till
1685 428 105 48 hyra,

593 501 182 37 expenser
802 502 47 21 m.
880 501 48 21 m.
957 486 62 35 vid
1041 483 333 50 truppförbanden,
1396 495 49 22 nu
1464 482 162 46 122,200
1642 479 149 46 kronor,

594 539 83 37 med
711 540 136 46 10,800
875 538 138 35 kronor
1040 537 55 35 till
1127 536 161 46 133,000
1317 534 148 35 kronor.

300 645 100 48 21:0)
430 644 61 37 Uti
519 643 119 50 punkt
667 645 45 34 21
745 655 45 23 av
819 641 123 36 denna
969 638 207 38 huvudtitel
1204 638 68 35 har
1300 636 141 47 Kungl.
1471 635 103 48 Maj:t
1601 633 194 47 föreslagit

195 697 203 49 riksdagen
440 702 52 30 att
532 696 58 35 för
630 698 39 33 år
713 695 96 35 1918
847 707 43 22 ur
916 692 199 39 riksstaten
1143 690 161 36 utesluta
1331 687 62 37 det
1420 685 182 38 ordinarie
1629 697 165 24 reserva-

198 749 272 48 tionsanslaget
497 748 54 35 till
579 746 267 46 landstormen,
875 749 92 32 stort
997 744 162 46 277,935
1190 742 148 35 kronor.

301 799 240 38 Beträffande
569 798 248 48 utredningen
845 797 12 35 i
885 795 151 37 ärendet
1065 796 56 35 får
1147 793 180 37 utskottet
1355 791 157 37 hänvisa
1539 790 54 36 till
1622 788 67 38 sid.
1724 789 68 35 161

197 854 127 35 —163
354 866 47 23 av
429 850 207 50 åberopade
664 847 379 50 statsrådsprotokoll.

302 945 35 46 Å
378 954 100 36 detta
506 952 132 48 anslag
665 951 193 37 förefanns
885 949 63 36 vid
980 948 96 37 1915
1107 950 58 33 års
1193 948 147 46 utgång
1366 943 270 38 reservationer
1663 942 54 36 till
1745 947 53 31 ett

200 1007 252 47 sammanlagt
491 1005 135 48 belopp
668 1016 47 23 av
757 1003 163 46 533,436
963 1001 139 35 kronor
1129 1000 48 35 80
1206 1003 74 42 öre,
1310 997 70 36 och
1406 996 98 36 hava
1530 994 110 37 dessa
1665 994 134 48 bespa-

199 1060 129 48 ringar
367 1057 118 37 under
525 1060 39 33 år
599 1057 96 35 1916
724 1054 215 50 ytterligare
967 1052 121 36 ökats.
1142 1050 56 36 De
1227 1052 20 34 å
1276 1049 171 48 anslaget
1473 1045 243 49 erforderliga
1742 1050 57 31 ut-

200 1111 164 49 gifterna
403 1110 59 36 för
501 1112 40 33 år
571 1109 108 46 1918,
714 1106 103 37 vilka
843 1105 199 37 beräknats
1071 1103 54 36 till
1155 1103 165 45 278,868
1348 1101 149 45 kronor,
1526 1099 98 36 hava
1651 1095 149 39 förden-

202 1163 97 37 skull
328 1176 47 23 av
403 1161 140 49 Kungl.
564 1159 109 49 Maj:t
702 1164 139 31 ansetts
869 1157 128 36 kunna
1023 1158 90 46 utgå
1142 1168 46 22 av
1216 1152 165 38 nämnda
1407 1151 278 37 reservationer.

307 1213 84 38 Med
433 1211 257 51 tillstyrkande
732 1224 47 23 av
807 1209 141 49 Kungl.
978 1208 127 49 Maj:ts
1134 1206 143 48 förslag
1304 1205 57 37 får
1386 1203 180 37 utskottet
1592 1201 207 47 hemställa,

706 1319 52 30 att
784 1312 201 48 riksdagen
1013 1313 61 33 må
1102 1309 59 36 för
1188 1312 40 33 år
1250 1309 98 35 1918
1373 1320 43 23 ur
1428 1306 198 36 riksstaten
1641 1304 162 36 utesluta

603 1366 62 36 det
694 1365 183 36 ordinarie
904 1361 423 47 reservationsanslaget
1349 1358 54 37 till
1423 1356 266 47 landstormen,
1710 1360 93 32 stort

604 1418 165 47 277,935
798 1416 149 36 kronor.

310 1523 100 50 22:0)
448 1524 6 36 I
494 1522 120 51 punkt
655 1524 47 34 22
744 1534 47 23 av
832 1519 123 37 denna
981 1516 207 38 huvudtitel
1216 1515 67 37 har
1309 1514 140 49 Kungl.
1478 1512 107 50 Maj:t
1611 1506 194 59 föreslagit

206 1577 204 49 riksdagen
438 1581 54 31 att
518 1575 72 36 öka
617 1572 335 50 förslagsanslaget
979 1570 55 37 till
1063 1569 45 37 de
1135 1567 274 50 värnpliktigas
1438 1565 190 48 avlöning,
1644 1558 161 58 inskriv-

206 1631 94 48 ning
340 1629 71 37 och
437 1627 239 48 redovisning
705 1640 49 22 m.
784 1639 62 33 m.,
875 1638 50 22 nu
954 1623 202 47 6,352,918
1185 1620 150 47 kronor,
1363 1617 84 38 med
1478 1617 161 47 399,475
1669 1616 139 35 kronor

205 1683 56 36 till
290 1682 203 47 6,752,393
523 1679 147 36 kronor.

314 1724 100 46 Över
441 1732 121 36 denna
589 1729 278 48 framställning
894 1728 169 36 kommer
1088 1725 179 36 utskottet
1295 1728 53 31 att
1362 1721 197 38 framdeles
1577 1720 118 37 under
1713 1719 93 36 riks-

208 1787 124 48 dagen
361 1785 137 48 avgiva
524 1782 206 46 utlåtande;
760 1780 117 37 vilket
903 1779 179 37 utskottet
1109 1775 152 38 härmed
1290 1775 123 36 skolat
1442 1774 58 36 för
1526 1767 202 58 riksdagen

712 1875 157 38 anmäla.

315 1991 101 50 23:0)
446 1990 124 39 Under
609 1988 121 51 punkt
772 1990 46 34 23
858 2000 45 23 av
932 1986 123 37 denna
1082 1983 206 38 huvudtitel
1317 1982 67 37 har
1410 1981 139 48 Kungl.
1581 1980 105 49 Maj:t
1713 1978 96 37 före-

211 2046 114 48 slagit
351 2043 202 49 riksdagen

316 2098 76 35 dels
432 2101 62 42 att,
537 2093 82 38 med
657 2090 277 52 godkännande
976 2103 46 23 av
1060 2089 61 36 det
1149 2087 62 38 vid
1240 2084 405 51 statsrådsprotokollet
1672 2081 138 50 fogade

213 2150 143 48 förslag
395 2148 55 36 till
490 2152 72 32 stat
590 2146 57 36 för
674 2143 363 47 intendenturkåren,
1068 2141 72 36 öka
1168 2140 170 47 anslaget
1364 2138 55 36 till
1446 2135 364 46 intendenturkåren,

213 2216 50 23 nu
293 2202 164 46 711,655
486 2199 148 46 kronor,
663 2196 85 37 med
778 2197 111 46 9,997
918 2194 139 36 kronor
1083 2193 56 35 till
1169 2192 162 47 721,652
1361 2190 152 44 kronor;

318 2253 75 37 dels
421 2253 61 37 ock
508 2250 187 49 medgiva,
734 2254 52 31 att
827 2247 45 37 de
899 2247 11 36 i
939 2251 119 32 staten
1096 2245 58 36 för
1181 2241 349 39 intendenturkåren
1559 2240 58 36 för
1644 2242 39 34 år
1714 2239 96 36 1917

214 2305 190 51 uppförda
431 2301 321 50 avlöningsmedel
780 2300 58 36 för
865 2298 191 51 korpraler
1083 2300 60 33 må
1170 2295 118 37 under
1315 2307 142 24 samma
1486 2296 51 45 år,
1565 2298 89 30 utan
1682 2289 132 38 hinder

321 2368 116 36 Bihang
460 2366 45 30 till
527 2364 169 37 riksdagens
714 2362 147 38 protokoll
885 2361 90 29 1917.
1022 2361 18 27 6
1062 2359 82 30 saml.
1189 2359 19 28 4
1231 2358 73 35 häft.
1350 2353 61 42 (Nr
1433 2353 45 41 4.)
1752 2354 18 28 3

1824 640 184 25 Landstormen

1870 681 93 49 [21.]

1834 1520 38 23 De
1890 1518 126 30 värnplik-

1827 1553 200 31 tigasavlöning,

1850 1588 161 29 inskrivning

1842 1624 47 23 och
1908 1622 113 24 redovis-

1843 1658 62 29 ning
1924 1665 31 15 m.
1976 1664 32 16 m.

1883 1699 93 47 [22.]

1839 1988 182 23 Intendentur-

1883 2022 86 23 kåren.

1885 2063 95 48 [23.]
