1898 2788
257 136 39 30 74
675 142 285 32 Statsutskottets
987 147 176 30 utlåtande
1189 158 42 20 nr
1259 149 71 31 174.

258 219 130 39 gistret.
424 223 312 33 Kommunikation
775 230 254 37 upprätthålles
1065 231 116 31 vidare
1206 235 80 28 med
1313 235 266 39 länsstyrelsens
1603 238 153 31 civilför-

259 272 285 41 svarsavdelning
562 275 63 29 och
644 277 79 29 med
742 278 67 29 den
828 278 99 32 civila
945 280 308 42 trafikledningen.
1273 284 265 40 Länsstyrelsen
1557 288 11 28 i
1587 288 169 40 Göteborg

259 320 160 31 lämnade
437 324 112 30 under
567 325 37 29 år
625 326 82 30 1949
725 328 176 39 uppgifter
919 339 42 20 av
979 331 124 30 nämnt
1121 332 73 40 slag
1211 333 53 30 till
1284 336 47 27 ett
1349 336 94 29 antal
1462 346 42 19 av
1522 339 233 39 sammanlagt

258 379 40 21 ca
319 371 40 30 28
374 372 71 31 000.
467 373 194 32 Därutöver
682 379 177 29 användes
880 378 209 41 bilregistret
1111 382 115 30 såsom
1248 385 168 39 underlag
1437 386 54 30 för
1513 389 243 39 rapportering

258 429 42 20 av
323 431 42 20 en
386 422 181 40 mångfald
590 426 177 39 uppgifter
790 437 42 20 av
854 429 111 30 skilda
990 431 83 39 slag.
1097 432 76 30 Med
1196 433 139 40 hänsyn
1356 435 118 30 härtill
1498 436 177 32 förefaller
1698 440 57 29 det

256 471 76 29 icke
351 473 200 29 osannolikt
567 475 50 28 att
634 484 42 20 en
693 476 71 30 viss
782 478 259 41 mekanisering
1059 490 42 21 av
1116 482 40 29 de
1176 484 202 29 nuvarande
1396 485 180 39 registren,
1593 489 23 28 t.
1635 497 50 20 ex.
1704 496 55 31 ge-

255 530 83 22 nom
357 524 172 41 övergång
549 526 52 30 till
619 527 221 41 plåtregister
860 531 80 29 eller
960 531 303 41 hålkortssystem,
1284 536 200 39 varigenom
1504 538 44 39 på
1568 540 184 29 mekanisk

254 573 66 39 väg
339 574 110 30 skulle
469 575 122 31 kunna
611 577 216 32 framställas
847 580 53 30 för
920 581 94 30 olika
1034 583 275 40 specialregister
1329 586 226 41 erforderliga
1576 589 177 39 uppgifter

253 622 83 31 eller
358 624 135 31 utföras
517 626 54 30 för
592 627 371 42 bilskatteuppbörden
987 632 219 41 erforderligt
1229 635 127 35 arbete,
1380 637 111 29 skulle
1514 638 120 31 kunna
1657 641 95 29 med-

255 672 77 31 föra
349 675 226 40 besparingar
594 687 41 20 av
652 678 96 30 såväl
767 680 213 32 arbetskraft
999 691 75 21 som
1091 684 200 32 kostnader.
1311 686 217 31 Framhållas
1547 689 65 34 må,
1632 691 50 29 att
1700 700 52 19 re-

254 723 70 29 dan
339 734 47 20 nu
402 735 42 20 en
460 726 71 30 viss
548 728 260 41 mekanisering
824 740 42 20 av
881 732 200 38 göromålen
1098 735 215 37 genomförts
1331 737 203 39 därigenom
1551 740 49 28 att
1616 757 43 3 —
1675 749 75 20 som

253 782 44 20 av
312 775 65 29 den
393 775 163 31 lämnade
571 778 243 39 redogörelsen
830 780 153 40 framgår
1002 800 42 3 —-
1059 783 90 30 vissa
1165 784 244 40 länsstyrelser
1425 787 120 29 funnit
1562 789 50 38 sig
1629 789 10 28 i
1657 790 95 29 kost-

252 824 307 40 nadsbesparande
576 828 89 39 syfte
681 829 86 31 böra
784 832 159 29 använda
961 833 41 29 de
1020 835 10 28 i
1049 834 168 31 samband
1235 836 80 29 med
1331 836 420 43 bensinransoneringens

251 873 184 32 införande
457 877 176 39 upplagda
655 879 282 40 adressplåtarna
960 881 156 32 förutom
1137 884 54 30 för
1215 886 186 39 tryckning
1423 896 42 20 av
1487 889 262 40 ransonerings-

250 923 82 31 kort
354 925 131 39 jämväl
510 928 10 28 i
545 928 169 31 samband
739 931 79 29 med
842 931 381 41 bilskatteuppbörden.
1249 936 116 39 Enligt
1390 938 139 39 uppgift
1554 938 79 30 från
1657 940 92 29 läns-

251 975 169 38 styrelsen
439 976 11 29 i
470 977 138 35 Malmö,
629 988 75 20 som
723 979 192 32 försöksvis
934 982 179 41 tillämpar
1131 985 95 29 detta
1247 988 130 36 system
1397 988 86 28 även
1503 988 87 30 efter
1610 989 139 30 bensin-

248 1026 294 39 ransoneringens
565 1028 168 36 hävande,
757 1030 46 31 ha
825 1031 226 41 besparingar
1075 1034 62 29 och
1162 1034 240 41 förenklingar
1425 1037 11 28 i
1459 1039 289 38 uppbördsförfa-

248 1075 124 30 randet
398 1076 202 40 därigenom
625 1079 138 31 kunnat
788 1081 122 30 vinnas
936 1082 55 30 för
1017 1083 268 40 länsstyrelsens
1312 1086 63 29 del.
1401 1088 125 29 Därest
1553 1089 55 29 det
1634 1090 113 29 skulle

248 1124 75 31 visa
343 1126 59 39 sig,
423 1128 50 29 att
495 1127 396 43 kostnadsbesparingar
912 1141 97 21 mera
1029 1134 145 31 allmänt
1195 1136 61 28 äro
1278 1137 50 28 att
1347 1136 105 30 vinna
1472 1137 45 40 på
1537 1139 113 29 denna
1670 1141 76 38 väg,

248 1176 98 29 torde
368 1176 119 31 därför
510 1177 154 40 förtjäna
685 1181 138 38 prövas,
846 1190 54 21 om
923 1182 76 30 icke
1022 1184 164 38 systemet
1209 1185 188 40 lämpligen
1418 1187 118 30 kunde
1559 1188 98 32 finna
1679 1189 68 29 till-

247 1224 180 42 lämpning
446 1226 134 40 jämväl
599 1228 94 31 inom
715 1231 111 30 andra
845 1231 67 30 län.
933 1233 65 29 Det
1019 1233 58 29 må
1097 1233 217 36 framhållas,
1336 1237 50 29 att
1406 1237 268 39 möjligheterna
1695 1241 50 28 att

245 1275 47 39 på
314 1276 64 30 här
401 1286 89 21 ovan
515 1280 113 37 antytt
653 1281 69 29 sätt
746 1281 242 31 rationalisera
1014 1284 199 38 göromålen
1237 1285 46 39 på
1307 1286 307 39 länsstyrelsernas
1638 1289 108 30 bilav-

246 1326 182 40 delningar
445 1328 111 39 gjorts
573 1330 51 29 till
641 1329 148 30 föremål
807 1331 53 30 för
877 1332 91 30 vissa
985 1334 306 40 undersökningar
1307 1336 93 29 inom
1419 1339 132 28 statens
1569 1339 176 38 organisa-

245 1376 237 32 tionsnämnd.

291 1426 165 40 Slutligen
481 1429 59 29 må
565 1429 216 35 framhållas,
808 1433 49 28 att
882 1433 56 29 det
962 1433 468 39 postförskottsförfarande,
1458 1446 76 21 som
1560 1439 104 39 ligger
1689 1440 54 28 till

244 1478 114 36 srund
382 1477 53 30 för
461 1479 358 40 uppbördssystemet,
844 1491 146 21 numera
1016 1483 165 31 framstår
1208 1485 117 30 såsom
1350 1487 197 39 opraktiskt
1573 1489 63 28 och
1661 1489 81 40 föga

243 1526 188 41 tidsenligt.
450 1530 53 28 En
522 1530 214 40 anpassning
755 1541 42 20 av
814 1532 204 39 uppbörden
1037 1534 86 29 efter
1141 1544 48 20 nu
1207 1535 203 40 tillämpade
1429 1538 312 38 uppbördsformer

243 1578 99 29 torde
360 1578 119 30 därför
497 1579 156 40 förtjäna
670 1582 198 38 övervägas.
887 1583 131 30 Härvid
1036 1593 101 29 synes
1155 1585 159 39 lämpligt
1333 1588 50 27 att
1399 1587 159 39 anknyta
1576 1589 166 39 antingen

242 1626 54 29 till
318 1630 47 28 ett
386 1630 130 37 system
537 1631 78 29 med
635 1630 311 36 kvittensmärken,
968 1634 246 30 motsvarande
1236 1636 57 29 det
1315 1644 74 21 som
1410 1636 176 41 tillämpas
1608 1639 56 29 vid
1685 1639 56 29 be-

241 1677 136 40 talning
399 1688 42 20 av
462 1680 24 28 t.
511 1689 50 20 ex.
585 1680 257 35 radiolicenser,
866 1682 81 30 eller
970 1684 49 29 ett
1043 1683 202 31 förfarande
1269 1685 11 28 i
1303 1687 161 29 närmare
1487 1688 254 30 överensstäm-

241 1728 107 30 melse
369 1730 76 29 med
467 1730 57 29 det
544 1738 75 21 som
638 1730 274 40 ifrågakommer
931 1733 57 29 vid
1010 1734 157 38 uppbörd
1188 1744 42 20 av
1251 1736 136 29 direkta
1405 1737 146 30 skatter.

286 1778 77 30 Med
385 1778 138 40 hänsyn
547 1780 52 29 till
622 1780 56 30 det
702 1781 149 30 anförda
873 1782 84 39 vilja
981 1783 218 31 revisorerna
1223 1784 138 36 föreslå,
1386 1788 50 29 att
1460 1787 160 40 åtgärder
1643 1790 96 29 över-

239 1828 106 38 vägas
367 1828 10 29 i
400 1828 90 39 syfte
513 1831 51 28 att
586 1829 160 31 förenkla
770 1831 64 29 och
856 1831 242 31 rationalisera
1120 1834 238 40 debiteringen
1382 1837 63 28 och
1468 1838 204 39 uppbörden
1696 1849 42 20 av

239 1879 334 30 automobilskatten
596 1880 44 39 på
664 1881 70 29 sätt
758 1881 65 30 här
847 1890 86 21 ovan
958 1884 164 37 antytts.»

281 1970 210 30 Utlåtanden
518 1971 46 29 ha
594 1972 145 38 avgivits
771 1982 42 20 av
843 1974 425 40 riksräkenskapsverket,
1301 1979 131 28 statens
1464 1979 272 39 organisations-

236 2022 144 36 nämnd,
410 2022 420 32 överståthållarämbetet
859 2027 89 27 samt
980 2025 289 40 länsstyrelserna
1300 2028 11 28 i
1342 2027 270 41 Östergötlands,
1642 2032 96 29 Kris-

239 2070 180 38 tianstads,
439 2072 209 38 Malmöhus,
671 2072 131 32 Örebro
824 2075 61 29 och
906 2075 243 40 Kopparbergs
1171 2077 57 30 län
1257 2077 78 34 (Del
1356 2079 40 34 II,
1419 2089 25 20 s.
1467 2080 206 35 216-232).

281 2147 182 30 Utskottet.
488 2148 227 31 Beträffande
740 2150 228 31 förevarande
993 2152 170 39 spörsmål
1188 2154 60 28 vill
1273 2155 168 30 utskottet
1465 2157 115 29 erinra
1605 2167 55 19 om
1685 2159 51 29 att

234 2197 125 30 chefen
378 2198 53 30 för
451 2199 407 40 finansdepartementet,
877 2201 142 39 jämlikt
1039 2203 123 39 Kungl.
1183 2203 124 39 Maj:ts
1329 2206 64 29 den
1414 2206 40 29 23
1475 2207 153 30 februari
1651 2209 81 29 1951

233 2247 161 31 lämnade
414 2249 287 39 bemyndigande,
724 2250 163 31 tillkallat
909 2261 41 20 en
973 2253 290 39 utredningsman
1286 2255 53 30 för
1361 2258 49 28 att
1430 2257 110 38 jämte
1563 2259 171 30 särskilda

233 2299 221 40 sakkunniga
483 2300 65 29 och
576 2300 227 40 erforderliga
831 2304 156 37 experter
1016 2304 186 30 verkställa
1232 2315 42 19 en
1304 2306 128 30 allmän
1462 2309 186 39 utredning
1676 2319 57 19 om

231 2349 269 40 beskattningen
528 2360 42 20 av
597 2351 427 31 motorfordonstrafiken.
1053 2354 115 39 Enligt
1196 2356 193 30 direktiven
1418 2357 55 30 för
1501 2360 231 38 utredningen

232 2399 89 30 skall
346 2400 119 30 därvid
489 2401 45 29 bl.
559 2410 29 20 a.
611 2402 125 38 prövas
762 2402 129 30 sådana
916 2403 118 39 frågor
1059 2413 74 20 som
1156 2406 203 39 uppbörden
1384 2408 62 29 och
1469 2409 262 39 inbetalningen

230 2459 41 19 av
298 2450 156 30 fordons-
479 2452 64 28 och
569 2452 388 31 drivmedelsskatterna
983 2463 45 20 m.
1054 2464 44 19 m.
1124 2455 223 31 Härutinnan
1371 2458 63 29 har
1459 2460 272 38 departements-

229 2501 123 29 chefen
376 2501 129 31 erinrat
527 2511 55 20 om
603 2503 64 29 vad
690 2503 216 30 revisorerna
928 2505 112 29 under
1061 2505 228 31 förevarande
1310 2509 163 38 paragraf
1495 2510 126 30 anfört.
