1888 2794
552 173 284 31 Statsutskottets
863 171 179 30 utlåtande
1067 179 44 20 nr
1133 168 70 31 174.
1592 166 38 29 31

124 272 44 21 av
191 264 118 29 vatten
335 261 80 30 från
442 260 112 31 Sköns
579 255 496 41 vattenledningsanläggning
1101 254 53 29 till
1180 253 88 29 Alnö
1295 252 65 30 och
1387 250 120 31 Timrå
1533 250 99 30 kom-

124 321 125 22 muner
263 314 92 27 samt
369 320 58 21 om
440 309 186 31 underhåll
640 308 65 31 och
720 308 85 30 drift
820 317 43 20 av
878 307 41 29 de
934 306 55 30 för
1004 306 68 29 den
1088 311 261 32 gemensamma
1364 300 268 39 vattenförsörj-

124 364 129 38 ningen
271 361 228 39 erforderliga
518 360 144 30 delarna
680 368 42 21 av
739 356 267 40 anläggningen,
1025 355 109 30 vilket
1152 354 92 30 avtal
1263 352 114 31 skulle
1395 346 236 49 underställas

125 413 126 39 Kungl.
279 412 126 40 Maj:ts
433 410 181 41 prövning.
644 409 126 30 Vidare
798 407 115 30 skulle
942 407 258 29 kommunerna
1227 412 153 22 ansvara
1408 402 55 30 för
1491 401 142 39 anlägg-

125 464 147 39 ningens
291 462 169 31 framtida
476 460 187 31 underhåll
680 459 64 30 och
761 458 97 30 drift.
877 457 114 31 Sedan
1008 455 127 40 Kungl.
1153 453 124 40 Maj:ts
1294 453 116 30 beslut
1429 447 203 48 återkallats

125 515 12 29 i
166 514 66 30 vad
261 513 107 40 gäller
396 512 129 33 Timrå,
555 511 65 29 har
649 509 199 31 dåvarande
878 503 592 35 arbetsmarknadskommissionen
1499 503 12 29 i
1541 511 93 21 sam-

126 565 93 29 band
246 564 80 29 med
351 562 199 40 beviljande
577 570 42 21 av
644 560 122 39 bidrag
792 559 54 29 till
872 559 115 29 denna
1014 557 172 29 kommun
1212 555 44 29 bl.
1283 564 31 20 a.
1342 553 175 30 meddelat
1543 553 91 29 före-

127 615 144 30 skrifter
286 623 44 21 av
344 612 247 31 motsvarande
606 610 180 30 innebörd.
803 609 133 30 Genom
952 607 169 30 kontrakt
1136 605 80 30 med
1232 606 80 38 väg-
1328 604 66 30 och
1410 602 225 40 vattenbygg-

127 664 263 40 nadsstyrelsen
409 664 46 29 ha
474 662 112 31 Sköns
606 661 65 30 och
689 660 88 29 Alnö
797 660 211 28 kommuner
1027 666 62 21 var
1108 656 55 30 för
1182 655 52 39 sig
1252 654 134 41 påtagit
1406 653 51 41 sig
1475 662 84 30 nyss
1579 652 56 30 be-

127 716 105 31 rörda
251 714 248 40 förpliktelser,
520 712 127 30 medan
666 710 120 30 Timrå
807 710 176 38 gentemot
1003 706 200 31 dåvarande
1222 702 414 33 arbetsmarknadskom-

128 766 147 30 mission
298 765 106 30 iklätt
429 764 51 39 sig
504 761 247 31 motsvarande
775 759 209 40 åtaganden.

172 816 111 39 Något
310 814 95 31 avtal
432 814 258 29 kommunerna
718 809 150 31 emellan
897 818 56 21 om
982 809 67 29 den
1079 814 262 32 gemensamma
1368 803 269 39 vattenförsörj-

129 866 149 39 ningens
298 864 181 31 ordnande
498 863 65 29 har
583 860 193 31 emellertid
797 860 97 29 ännu
914 858 77 30 icke
1011 856 151 31 kommit
1182 855 53 30 till
1257 855 115 30 stånd.
1395 854 14 29 I
1432 854 114 29 stället
1567 852 69 30 till-

129 919 135 38 lämpas
289 916 72 30 tills
386 915 118 31 vidare
528 912 231 41 provisoriskt
783 911 95 30 vissa
902 910 11 29 i
939 911 48 28 ett
1010 908 149 39 tidigare
1183 907 183 39 upprättat
1390 903 247 40 avtalsförslag

130 968 150 39 angivna
306 965 178 41 principer
510 964 55 30 för
592 961 272 32 distributionen
892 970 43 20 av
960 961 120 29 vatten
1108 958 64 30 och
1200 956 245 39 fördelningen
1471 964 44 21 av
1543 954 95 30 kost-

130 1019 156 29 naderna
303 1017 56 30 för
377 1016 67 30 den
462 1021 259 33 gemensamma
739 1009 398 40 vattenanläggningens
1155 1007 85 31 drift
1259 1007 65 30 och
1343 1005 196 31 underhåll.
1558 1004 80 30 Icke

130 1069 109 29 heller
259 1068 66 29 har
346 1066 126 39 frågan
494 1074 58 21 om
574 1062 318 40 anläggningarnas
916 1059 176 40 förnyelse
1116 1059 94 29 ännu
1234 1056 141 31 erhållit
1398 1065 44 20 en
1464 1055 83 30 fullt
1570 1055 69 29 till-

131 1117 272 32 fredsställande
433 1115 147 39 lösning.
612 1111 387 40 Finansieringsplaner
1028 1108 245 31 innefattande
1303 1106 183 31 bestämda
1515 1105 124 30 beräk-

131 1170 125 38 ningar
281 1167 152 31 rörande
459 1166 57 30 det
542 1163 209 39 erfoderliga
777 1160 231 32 kommunala
1035 1157 354 40 fonderingsbehovet
1416 1156 46 30 ha
1488 1155 151 31 sålunda

132 1220 199 39 upprättats
352 1218 91 29 först
461 1216 46 40 på
526 1224 123 21 senare
669 1214 65 34 tid;
757 1212 197 40 betydande
976 1210 215 39 svårigheter
1212 1217 106 30 synas
1340 1207 56 30 för
1416 1206 112 40 övrigt
1549 1205 91 31 före-

132 1270 92 39 ligga
249 1270 50 29 att
323 1268 161 39 tillämpa
509 1267 42 29 de
575 1265 108 39 enligt
709 1264 101 30 dessa
835 1263 123 39 planer
984 1260 199 31 beräknade
1208 1258 300 38 avsättningarna.
1536 1256 104 30 Detta

132 1320 75 33 har,
225 1327 76 21 som
316 1327 42 20 av
375 1317 68 29 den
459 1315 161 30 lämnade
638 1312 243 41 redogörelsen
897 1310 166 39 framgår,
1079 1310 45 30 bl.
1142 1318 29 21 a.
1189 1308 154 30 medfört
1360 1309 51 28 att
1427 1305 215 39 avsättning-

134 1379 86 22 arna
246 1369 53 30 till
326 1367 319 40 anläggningarnas
672 1364 175 39 förnyelse
873 1363 77 30 icke
977 1362 138 29 kunnat
1142 1359 207 31 verkställas
1376 1359 10 29 i
1415 1367 42 20 en
1483 1359 74 28 mot
1583 1357 58 30 det

134 1420 199 31 beräknade
365 1418 147 30 behovet
543 1415 173 31 svarande
748 1413 224 38 omfattning,
1005 1411 120 31 varför
1157 1409 196 40 betydande
1386 1408 210 30 underskott
1628 1406 12 30 i

134 1470 232 38 fonderingen
392 1466 233 41 uppkommit.
651 1464 278 31 Vattenverkens
955 1461 163 30 ekonomi
1145 1469 101 30 synes
1272 1460 182 29 dessutom
1478 1466 85 22 vara
1588 1456 54 30 så-

135 1522 79 33 dan,
243 1521 52 29 att
322 1515 459 41 avsättningskostnaderna
810 1514 129 29 liksom
967 1511 146 39 utgifter
1143 1510 54 30 för
1226 1508 309 41 kapitalökningar
1564 1507 78 30 icke

135 1572 137 29 kunnat
289 1570 123 30 täckas
430 1578 43 20 av
490 1567 150 40 löpande
658 1565 195 29 inkomster
872 1564 87 28 utan
976 1562 12 29 i
1008 1562 112 29 större
1139 1560 82 29 eller
1239 1559 138 30 mindre
1396 1557 247 39 utsträckning

136 1622 92 30 måst
254 1619 212 31 finansieras
494 1618 10 29 i
532 1625 119 22 annan
677 1615 159 38 ordning.
865 1613 99 29 Inom
993 1612 89 29 Alnö
1109 1611 171 29 kommun
1308 1610 39 28 är
1375 1608 149 30 sålunda
1551 1607 92 39 läget

135 1674 26 28 f.
186 1682 33 19 n.
243 1671 137 33 sådant,
405 1671 51 28 att
479 1665 353 40 fonderingsbehovet
856 1664 11 29 i
893 1662 55 31 sin
972 1662 119 30 helhet
1115 1661 71 29 kan
1210 1659 202 40 tillgodoses
1439 1658 124 30 endast
1590 1665 53 32 ge-

136 1731 84 21 nom
241 1719 230 32 kommunala
494 1717 246 31 subventioner
761 1715 12 29 i
795 1715 94 29 form
911 1723 43 20 av
976 1711 250 39 uttaxeringar.

181 1773 53 29 Nu
257 1771 149 30 berörda
428 1767 246 32 förhållanden
698 1766 99 29 finna
821 1764 220 30 revisorerna
1063 1761 138 30 mindre
1224 1758 337 32 tillfredsställande.
1588 1758 57 30 Se-

138 1824 70 29 dan
225 1830 148 22 numera
391 1821 80 29 över
489 1820 49 28 ett
556 1816 208 31 decennium
783 1814 156 30 förflutit
957 1813 88 29 efter
1063 1811 189 39 företagets
1271 1810 184 33 tillkomst,
1475 1807 169 31 framstår

138 1874 58 29 det
218 1871 143 41 givetvis
385 1879 75 20 som
483 1868 190 39 angeläget,
697 1867 51 28 att
771 1865 126 38 frågan
920 1872 58 20 om
1001 1863 68 29 den
1093 1868 261 32 gemensamma
1378 1858 267 39 vattenförsörj-

139 1924 146 38 ningens
307 1920 180 31 ordnande
508 1919 97 28 inom
627 1917 41 29 de
688 1915 147 30 berörda
856 1914 260 29 kommunerna
1136 1910 141 38 bringas
1297 1909 55 29 till
1374 1918 42 20 en
1439 1908 118 38 slutlig
1578 1908 65 29 lös-

139 1975 94 38 ning.
259 1972 94 30 Även
378 1980 67 24 om,
472 1978 74 20 som
573 1967 152 32 nämnts,
752 1966 48 28 ett
825 1964 88 29 visst
940 1964 130 37 system
1099 1960 23 30 f.
1150 1970 32 19 n.
1209 1959 233 40 provisoriskt
1467 1958 178 40 tillämpas

138 2026 12 28 i
172 2023 169 31 avseende
364 2021 20 30 å
405 2021 41 29 de
467 2019 129 38 frågor,
618 2025 75 21 som
714 2016 116 37 hänga
853 2022 160 21 samman
1037 2011 80 30 med
1139 2011 67 29 den
1229 2017 260 31 gemensamma
1512 2009 134 29 vatten-

139 2071 278 32 distributionen,
435 2068 108 31 måste
562 2067 107 29 likväl
687 2063 251 31 formlösheten
955 2061 65 31 och
1038 2059 221 31 avsaknaden
1279 2068 42 20 av
1340 2058 55 29 för
1413 2059 160 36 parterna
1591 2057 56 29 de-

141 2124 131 30 finitivt
294 2121 177 31 bindande
494 2119 110 39 regler
629 2118 53 29 för
706 2115 211 30 samarbetet
939 2122 84 21 vara
1047 2111 113 39 ägnad
1183 2112 51 28 att
1258 2110 111 39 skapa
1392 2109 70 29 viss
1486 2108 161 30 oklarhet

141 2174 148 30 rörande
318 2170 216 31 innebörden
562 2168 11 29 i
604 2167 64 30 och
697 2164 259 38 omfattningen
985 2172 43 20 av
1057 2162 277 29 kommunernas
1365 2159 197 38 åtaganden
1592 2158 55 30 be-

140 2223 179 31 träffande
338 2220 275 39 anläggningens
631 2215 167 31 framtida
816 2214 87 29 drift
921 2213 64 29 och
1003 2211 196 33 underhåll,
1219 2211 92 28 samt
1329 2209 159 29 medföra
1505 2210 50 28 ett
1572 2209 76 29 osä-

141 2269 314 34 kerhetstillstånd,
475 2267 107 30 vilket
601 2266 71 29 kan
690 2264 145 37 bidraga
855 2262 53 29 till
928 2263 50 28 att
997 2260 182 29 motverka
1200 2259 125 38 frågan
1344 2267 57 20 om
1422 2267 43 19 en
1484 2257 162 30 rationell

142 2324 138 37 lösning
305 2331 42 20 av
372 2321 67 28 den
465 2325 260 32 gemensamma
750 2311 404 38 vattenförsörjningens
1180 2309 190 29 ordnande.
1398 2308 126 29 Härtill
1550 2308 99 29 kom-

144 2383 83 24 mer,
252 2374 52 28 att
331 2372 67 29 den
425 2367 203 32 nuvarande
656 2364 194 38 ordningen
877 2363 86 28 utan
990 2360 105 29 tvivel
1123 2359 63 29 lätt
1213 2359 70 29 kan
1311 2358 144 38 bidraga
1482 2358 53 29 till
1562 2366 87 31 upp-

144 2425 161 29 komsten
328 2430 42 21 av
394 2429 42 20 en
459 2417 179 32 situation,
661 2424 75 20 som
758 2414 71 29 kan
853 2411 158 30 försvåra
1036 2419 42 19 en
1103 2408 171 30 eventuell
1297 2408 169 29 framtida
1489 2408 161 29 överens-

144 2473 191 32 kommelse
356 2471 88 29 efter
465 2468 110 30 andra
596 2465 104 39 linjer
722 2465 44 28 än
787 2463 42 29 de
851 2471 73 20 som
949 2469 46 21 nu
1018 2459 118 39 följas.
1158 2459 77 29 Med
1256 2458 139 38 hänsyn
1417 2458 53 29 till
1492 2458 41 29 de
1555 2457 95 39 bety-
