<?xml version="1.0" encoding="UTF-8"?>
<alto xmlns="http://www.loc.gov/standards/alto/ns-v3#" xmlns:xlink="http://www.w3.org/1999/xlink" xmlns:xsi="http://www.w3.org/2001/XMLSchema-instance" xsi:schemaLocation="http://www.loc.gov/standards/alto/ns-v3# http://www.loc.gov/alto/v3/alto-3-0.xsd">
	<Description>
		<MeasurementUnit>pixel</MeasurementUnit>
		<sourceImageInformation>
			<fileName>/tmp/tess_o5sexpu1_input.PNG</fileName>
		</sourceImageInformation>
		<OCRProcessing ID="OCR_0">
			<ocrProcessingStep>
				<processingSoftware>
					<softwareName>tesseract 5.3.0</softwareName>
				</processingSoftware>
			</ocrProcessingStep>
		</OCRProcessing>
	</Description>
	<Layout>
		<Page WIDTH="1886" HEIGHT="2792" PHYSICAL_IMG_NR="0" ID="page_0">
			<PrintSpace HPOS="0" VPOS="0" WIDTH="1886" HEIGHT="2792">
				<ComposedBlock ID="cblock_0" HPOS="551" VPOS="166" WIDTH="1081" HEIGHT="35">
					<TextBlock ID="block_0" HPOS="551" VPOS="166" WIDTH="1081" HEIGHT="35">
						<TextLine ID="line_0" HPOS="551" VPOS="166" WIDTH="1081" HEIGHT="35">
							<String ID="string_0" HPOS="551" VPOS="171" WIDTH="286" HEIGHT="30" WC="0.92" CONTENT="Statsutskottets"/><SP WIDTH="25" VPOS="171" HPOS="837"/>
							<String ID="string_1" HPOS="862" VPOS="170" WIDTH="179" HEIGHT="30" WC="0.96" CONTENT="utlåtande"/><SP WIDTH="25" VPOS="170" HPOS="1041"/>
							<String ID="string_2" HPOS="1066" VPOS="178" WIDTH="43" HEIGHT="21" WC="0.95" CONTENT="nr"/><SP WIDTH="24" VPOS="178" HPOS="1109"/>
							<String ID="string_3" HPOS="1133" VPOS="167" WIDTH="71" HEIGHT="32" WC="0.95" CONTENT="174."/><SP WIDTH="391" VPOS="167" HPOS="1204"/>
							<String ID="string_4" HPOS="1595" VPOS="166" WIDTH="37" HEIGHT="30" WC="0.96" CONTENT="19"/>
						</TextLine>
					</TextBlock>
				</ComposedBlock>
				<ComposedBlock ID="cblock_1" HPOS="126" VPOS="251" WIDTH="1503" HEIGHT="196">
					<TextBlock ID="block_1" HPOS="126" VPOS="251" WIDTH="1503" HEIGHT="196">
						<TextLine ID="line_1" HPOS="170" VPOS="251" WIDTH="1458" HEIGHT="41">
							<String ID="string_5" HPOS="170" VPOS="257" WIDTH="74" HEIGHT="33" WC="0.51" CONTENT="53:0)"/><SP WIDTH="26" VPOS="257" HPOS="244"/>
							<String ID="string_6" HPOS="270" VPOS="257" WIDTH="174" HEIGHT="29" WC="0.91" CONTENT="Portions-"/><SP WIDTH="21" VPOS="257" HPOS="444"/>
							<String ID="string_7" HPOS="465" VPOS="257" WIDTH="65" HEIGHT="29" WC="0.93" CONTENT="och"/><SP WIDTH="22" VPOS="257" HPOS="530"/>
							<String ID="string_8" HPOS="552" VPOS="255" WIDTH="428" HEIGHT="37" WC="0.91" CONTENT="proviantredovisningen"/><SP WIDTH="22" VPOS="255" HPOS="980"/>
							<String ID="string_9" HPOS="1002" VPOS="255" WIDTH="95" HEIGHT="29" WC="0.96" CONTENT="inom"/><SP WIDTH="20" VPOS="255" HPOS="1097"/>
							<String ID="string_10" HPOS="1117" VPOS="254" WIDTH="182" HEIGHT="29" WC="0.96" CONTENT="försvaret."/><SP WIDTH="23" VPOS="254" HPOS="1299"/>
							<String ID="string_11" HPOS="1322" VPOS="252" WIDTH="114" HEIGHT="30" WC="0.92" CONTENT="Under"/><SP WIDTH="22" VPOS="252" HPOS="1436"/>
							<String ID="string_12" HPOS="1458" VPOS="251" WIDTH="170" HEIGHT="30" WC="0.92" CONTENT="försvars-"/>
						</TextLine>
						<TextLine ID="line_2" HPOS="127" VPOS="302" WIDTH="1501" HEIGHT="45">
							<String ID="string_13" HPOS="127" VPOS="308" WIDTH="286" HEIGHT="39" WC="0.92" CONTENT="departementet,"/><SP WIDTH="44" VPOS="308" HPOS="413"/>
							<String ID="string_14" HPOS="457" VPOS="306" WIDTH="15" HEIGHT="37" WC="0.80" CONTENT="$"/><SP WIDTH="46" VPOS="306" HPOS="472"/>
							<String ID="string_15" HPOS="518" VPOS="306" WIDTH="29" HEIGHT="34" WC="0.96" CONTENT="7,"/><SP WIDTH="42" VPOS="306" HPOS="547"/>
							<String ID="string_16" HPOS="589" VPOS="306" WIDTH="46" HEIGHT="29" WC="0.95" CONTENT="ha"/><SP WIDTH="30" VPOS="306" HPOS="635"/>
							<String ID="string_17" HPOS="665" VPOS="305" WIDTH="219" HEIGHT="30" WC="0.95" CONTENT="revisorerna"/><SP WIDTH="30" VPOS="305" HPOS="884"/>
							<String ID="string_18" HPOS="914" VPOS="304" WIDTH="127" HEIGHT="30" WC="0.92" CONTENT="uttalat"/><SP WIDTH="31" VPOS="304" HPOS="1041"/>
							<String ID="string_19" HPOS="1072" VPOS="302" WIDTH="295" HEIGHT="40" WC="0.91" CONTENT="angelägenheten"/><SP WIDTH="30" VPOS="302" HPOS="1367"/>
							<String ID="string_20" HPOS="1397" VPOS="310" WIDTH="43" HEIGHT="21" WC="0.96" CONTENT="av"/><SP WIDTH="31" VPOS="310" HPOS="1440"/>
							<String ID="string_21" HPOS="1471" VPOS="310" WIDTH="43" HEIGHT="20" WC="0.96" CONTENT="en"/><SP WIDTH="33" VPOS="310" HPOS="1514"/>
							<String ID="string_22" HPOS="1547" VPOS="309" WIDTH="81" HEIGHT="22" WC="0.95" CONTENT="snar"/>
						</TextLine>
						<TextLine ID="line_3" HPOS="126" VPOS="350" WIDTH="1503" HEIGHT="46">
							<String ID="string_23" HPOS="126" VPOS="359" WIDTH="148" HEIGHT="37" WC="0.96" CONTENT="översyn"/><SP WIDTH="27" VPOS="359" HPOS="274"/>
							<String ID="string_24" HPOS="301" VPOS="358" WIDTH="80" HEIGHT="29" WC="0.96" CONTENT="över"/><SP WIDTH="28" VPOS="358" HPOS="381"/>
							<String ID="string_25" HPOS="409" VPOS="356" WIDTH="159" HEIGHT="40" WC="0.96" CONTENT="gällande"/><SP WIDTH="26" VPOS="356" HPOS="568"/>
							<String ID="string_26" HPOS="594" VPOS="355" WIDTH="223" HEIGHT="31" WC="0.96" CONTENT="föreskrifter"/><SP WIDTH="27" VPOS="355" HPOS="817"/>
							<String ID="string_27" HPOS="844" VPOS="355" WIDTH="149" HEIGHT="30" WC="0.93" CONTENT="rörande"/><SP WIDTH="27" VPOS="355" HPOS="993"/>
							<String ID="string_28" HPOS="1020" VPOS="353" WIDTH="173" HEIGHT="41" WC="0.92" CONTENT="portions-"/><SP WIDTH="28" VPOS="353" HPOS="1193"/>
							<String ID="string_29" HPOS="1221" VPOS="353" WIDTH="65" HEIGHT="30" WC="0.93" CONTENT="och"/><SP WIDTH="27" VPOS="353" HPOS="1286"/>
							<String ID="string_30" HPOS="1313" VPOS="350" WIDTH="316" HEIGHT="42" WC="0.92" CONTENT="proviantredovis-"/>
						</TextLine>
						<TextLine ID="line_4" HPOS="127" VPOS="404" WIDTH="814" HEIGHT="43">
							<String ID="string_31" HPOS="127" VPOS="408" WIDTH="128" HEIGHT="39" WC="0.96" CONTENT="ningen"/><SP WIDTH="20" VPOS="408" HPOS="255"/>
							<String ID="string_32" HPOS="275" VPOS="407" WIDTH="97" HEIGHT="30" WC="0.96" CONTENT="inom"/><SP WIDTH="18" VPOS="407" HPOS="372"/>
							<String ID="string_33" HPOS="390" VPOS="407" WIDTH="172" HEIGHT="30" WC="0.96" CONTENT="försvaret"/><SP WIDTH="28" VPOS="407" HPOS="562"/>
							<String ID="string_34" HPOS="590" VPOS="406" WIDTH="79" HEIGHT="35" WC="0.79" CONTENT="(Del"/><SP WIDTH="19" VPOS="406" HPOS="669"/>
							<String ID="string_35" HPOS="688" VPOS="406" WIDTH="24" HEIGHT="34" WC="0.79" CONTENT="I,"/><SP WIDTH="21" VPOS="406" HPOS="712"/>
							<String ID="string_36" HPOS="733" VPOS="415" WIDTH="26" HEIGHT="21" WC="0.88" CONTENT="s."/><SP WIDTH="19" VPOS="415" HPOS="759"/>
							<String ID="string_37" HPOS="778" VPOS="404" WIDTH="163" HEIGHT="35" WC="0.22" CONTENT="47—66)."/>
						</TextLine>
					</TextBlock>
				</ComposedBlock>
				<ComposedBlock ID="cblock_2" HPOS="125" VPOS="502" WIDTH="1509" HEIGHT="2009">
					<TextBlock ID="block_2" HPOS="126" VPOS="502" WIDTH="1503" HEIGHT="147">
						<TextLine ID="line_5" HPOS="172" VPOS="502" WIDTH="1457" HEIGHT="42">
							<String ID="string_38" HPOS="172" VPOS="507" WIDTH="228" HEIGHT="30" WC="0.96" CONTENT="Revisorerna"/><SP WIDTH="21" VPOS="507" HPOS="400"/>
							<String ID="string_39" HPOS="421" VPOS="508" WIDTH="45" HEIGHT="29" WC="0.96" CONTENT="ha"/><SP WIDTH="22" VPOS="508" HPOS="466"/>
							<String ID="string_40" HPOS="488" VPOS="507" WIDTH="90" HEIGHT="30" WC="0.96" CONTENT="först"/><SP WIDTH="22" VPOS="507" HPOS="578"/>
							<String ID="string_41" HPOS="600" VPOS="507" WIDTH="133" HEIGHT="29" WC="0.96" CONTENT="lämnat"/><SP WIDTH="22" VPOS="507" HPOS="733"/>
							<String ID="string_42" HPOS="755" VPOS="516" WIDTH="43" HEIGHT="20" WC="0.96" CONTENT="en"/><SP WIDTH="23" VPOS="516" HPOS="798"/>
							<String ID="string_43" HPOS="821" VPOS="505" WIDTH="153" HEIGHT="31" WC="0.96" CONTENT="översikt"/><SP WIDTH="22" VPOS="505" HPOS="974"/>
							<String ID="string_44" HPOS="996" VPOS="506" WIDTH="81" HEIGHT="30" WC="0.96" CONTENT="över"/><SP WIDTH="23" VPOS="506" HPOS="1077"/>
							<String ID="string_45" HPOS="1100" VPOS="505" WIDTH="158" HEIGHT="39" WC="0.96" CONTENT="gällande"/><SP WIDTH="22" VPOS="505" HPOS="1258"/>
							<String ID="string_46" HPOS="1280" VPOS="503" WIDTH="222" HEIGHT="31" WC="0.96" CONTENT="föreskrifter"/><SP WIDTH="22" VPOS="503" HPOS="1502"/>
							<String ID="string_47" HPOS="1524" VPOS="502" WIDTH="12" HEIGHT="30" WC="0.93" CONTENT="i"/><SP WIDTH="21" VPOS="502" HPOS="1536"/>
							<String ID="string_48" HPOS="1557" VPOS="503" WIDTH="72" HEIGHT="29" WC="0.92" CONTENT="äm-"/>
						</TextLine>
						<TextLine ID="line_6" HPOS="127" VPOS="553" WIDTH="1501" HEIGHT="44">
							<String ID="string_49" HPOS="127" VPOS="563" WIDTH="57" HEIGHT="27" WC="0.96" CONTENT="net"/><SP WIDTH="25" VPOS="563" HPOS="184"/>
							<String ID="string_50" HPOS="209" VPOS="558" WIDTH="65" HEIGHT="30" WC="0.96" CONTENT="och"/><SP WIDTH="27" VPOS="558" HPOS="274"/>
							<String ID="string_51" HPOS="301" VPOS="558" WIDTH="153" HEIGHT="30" WC="0.86" CONTENT="därefter"/><SP WIDTH="26" VPOS="558" HPOS="454"/>
							<String ID="string_52" HPOS="480" VPOS="557" WIDTH="178" HEIGHT="40" WC="0.96" CONTENT="redogjort"/><SP WIDTH="26" VPOS="557" HPOS="658"/>
							<String ID="string_53" HPOS="684" VPOS="557" WIDTH="56" HEIGHT="30" WC="0.96" CONTENT="för"/><SP WIDTH="28" VPOS="557" HPOS="740"/>
							<String ID="string_54" HPOS="768" VPOS="557" WIDTH="76" HEIGHT="30" WC="0.96" CONTENT="sina"/><SP WIDTH="26" VPOS="557" HPOS="844"/>
							<String ID="string_55" HPOS="870" VPOS="556" WIDTH="226" HEIGHT="39" WC="0.95" CONTENT="iakttagelser"/><SP WIDTH="26" VPOS="556" HPOS="1096"/>
							<String ID="string_56" HPOS="1122" VPOS="555" WIDTH="150" HEIGHT="30" WC="0.93" CONTENT="rörande"/><SP WIDTH="26" VPOS="555" HPOS="1272"/>
							<String ID="string_57" HPOS="1298" VPOS="553" WIDTH="330" HEIGHT="31" WC="0.91" CONTENT="bestämmelsernas"/>
						</TextLine>
						<TextLine ID="line_7" HPOS="126" VPOS="607" WIDTH="680" HEIGHT="42">
							<String ID="string_58" HPOS="126" VPOS="608" WIDTH="184" HEIGHT="40" WC="0.96" CONTENT="praktiska"/><SP WIDTH="19" VPOS="608" HPOS="310"/>
							<String ID="string_59" HPOS="329" VPOS="608" WIDTH="224" HEIGHT="41" WC="0.93" CONTENT="tillämpning"/><SP WIDTH="26" VPOS="608" HPOS="553"/>
							<String ID="string_60" HPOS="579" VPOS="608" WIDTH="42" HEIGHT="34" WC="0.91" CONTENT="(s."/><SP WIDTH="22" VPOS="608" HPOS="621"/>
							<String ID="string_61" HPOS="643" VPOS="607" WIDTH="163" HEIGHT="34" WC="0.72" CONTENT="47—61)."/>
						</TextLine>
					</TextBlock>
					<TextBlock ID="block_3" HPOS="172" VPOS="656" WIDTH="981" HEIGHT="41">
						<TextLine ID="line_8" HPOS="172" VPOS="656" WIDTH="981" HEIGHT="41">
							<String ID="string_62" HPOS="172" VPOS="658" WIDTH="229" HEIGHT="30" WC="0.96" CONTENT="Revisorerna"/><SP WIDTH="20" VPOS="658" HPOS="401"/>
							<String ID="string_63" HPOS="421" VPOS="659" WIDTH="46" HEIGHT="30" WC="0.96" CONTENT="ha"/><SP WIDTH="20" VPOS="659" HPOS="467"/>
							<String ID="string_64" HPOS="487" VPOS="658" WIDTH="157" HEIGHT="30" WC="0.96" CONTENT="härefter"/><SP WIDTH="22" VPOS="658" HPOS="644"/>
							<String ID="string_65" HPOS="666" VPOS="657" WIDTH="92" HEIGHT="40" WC="0.96" CONTENT="gjort"/><SP WIDTH="21" VPOS="657" HPOS="758"/>
							<String ID="string_66" HPOS="779" VPOS="657" WIDTH="158" HEIGHT="39" WC="0.96" CONTENT="följande"/><SP WIDTH="24" VPOS="657" HPOS="937"/>
							<String ID="string_67" HPOS="961" VPOS="656" WIDTH="192" HEIGHT="30" WC="0.96" CONTENT="uttalande."/>
						</TextLine>
					</TextBlock>
					<TextBlock ID="block_4" HPOS="127" VPOS="704" WIDTH="1505" HEIGHT="649">
						<TextLine ID="line_9" HPOS="173" VPOS="704" WIDTH="1457" HEIGHT="44">
							<String ID="string_68" HPOS="173" VPOS="709" WIDTH="137" HEIGHT="39" WC="0.73" CONTENT="»Enligt"/><SP WIDTH="27" VPOS="709" HPOS="310"/>
							<String ID="string_69" HPOS="337" VPOS="708" WIDTH="661" HEIGHT="39" WC="0.92" CONTENT="intendenturunderhållsreglementet"/><SP WIDTH="28" VPOS="708" HPOS="998"/>
							<String ID="string_70" HPOS="1026" VPOS="708" WIDTH="81" HEIGHT="38" WC="0.91" CONTENT="äger"/><SP WIDTH="27" VPOS="708" HPOS="1107"/>
							<String ID="string_71" HPOS="1134" VPOS="705" WIDTH="359" HEIGHT="41" WC="0.91" CONTENT="truppförbandschef"/><SP WIDTH="34" VPOS="705" HPOS="1493"/>
							<String ID="string_72" HPOS="1527" VPOS="704" WIDTH="103" HEIGHT="34" WC="0.91" CONTENT="(mot-"/>
						</TextLine>
						<TextLine ID="line_10" HPOS="129" VPOS="755" WIDTH="1500" HEIGHT="43">
							<String ID="string_73" HPOS="129" VPOS="760" WIDTH="185" HEIGHT="35" WC="0.96" CONTENT="svarande)"/><SP WIDTH="32" VPOS="760" HPOS="314"/>
							<String ID="string_74" HPOS="346" VPOS="759" WIDTH="56" HEIGHT="30" WC="0.92" CONTENT="för"/><SP WIDTH="25" VPOS="759" HPOS="402"/>
							<String ID="string_75" HPOS="427" VPOS="759" WIDTH="215" HEIGHT="30" WC="0.92" CONTENT="bekostande"/><SP WIDTH="27" VPOS="759" HPOS="642"/>
							<String ID="string_76" HPOS="669" VPOS="768" WIDTH="43" HEIGHT="20" WC="0.96" CONTENT="av"/><SP WIDTH="24" VPOS="768" HPOS="712"/>
							<String ID="string_77" HPOS="736" VPOS="757" WIDTH="163" HEIGHT="41" WC="0.92" CONTENT="proviant"/><SP WIDTH="27" VPOS="757" HPOS="899"/>
							<String ID="string_78" HPOS="926" VPOS="758" WIDTH="20" HEIGHT="29" WC="0.92" CONTENT="å"/><SP WIDTH="26" VPOS="758" HPOS="946"/>
							<String ID="string_79" HPOS="972" VPOS="757" WIDTH="205" HEIGHT="30" WC="0.93" CONTENT="förbandets"/><SP WIDTH="28" VPOS="757" HPOS="1177"/>
							<String ID="string_80" HPOS="1205" VPOS="755" WIDTH="305" HEIGHT="40" WC="0.90" CONTENT="stationeringsort"/><SP WIDTH="29" VPOS="755" HPOS="1510"/>
							<String ID="string_81" HPOS="1539" VPOS="757" WIDTH="90" HEIGHT="28" WC="0.96" CONTENT="samt"/>
						</TextLine>
						<TextLine ID="line_11" HPOS="127" VPOS="806" WIDTH="1502" HEIGHT="43">
							<String ID="string_82" HPOS="127" VPOS="810" WIDTH="57" HEIGHT="30" WC="0.96" CONTENT="vid"/><SP WIDTH="21" VPOS="810" HPOS="184"/>
							<String ID="string_83" HPOS="205" VPOS="810" WIDTH="170" HEIGHT="39" WC="0.96" CONTENT="övningar"/><SP WIDTH="21" VPOS="810" HPOS="375"/>
							<String ID="string_84" HPOS="396" VPOS="809" WIDTH="143" HEIGHT="30" WC="0.96" CONTENT="utanför"/><SP WIDTH="22" VPOS="809" HPOS="539"/>
							<String ID="string_85" HPOS="561" VPOS="809" WIDTH="115" HEIGHT="30" WC="0.96" CONTENT="denna"/><SP WIDTH="20" VPOS="809" HPOS="676"/>
							<String ID="string_86" HPOS="696" VPOS="818" WIDTH="42" HEIGHT="21" WC="0.96" CONTENT="av"/><SP WIDTH="20" VPOS="818" HPOS="738"/>
							<String ID="string_87" HPOS="758" VPOS="809" WIDTH="102" HEIGHT="39" WC="0.96" CONTENT="högst"/><SP WIDTH="22" VPOS="809" HPOS="860"/>
							<String ID="string_88" HPOS="882" VPOS="807" WIDTH="41" HEIGHT="31" WC="0.96" CONTENT="24"/><SP WIDTH="20" VPOS="807" HPOS="923"/>
							<String ID="string_89" HPOS="943" VPOS="807" WIDTH="163" HEIGHT="31" WC="0.96" CONTENT="timmars"/><SP WIDTH="21" VPOS="807" HPOS="1106"/>
							<String ID="string_90" HPOS="1127" VPOS="807" WIDTH="220" HEIGHT="39" WC="0.96" CONTENT="varaktighet"/><SP WIDTH="23" VPOS="807" HPOS="1347"/>
							<String ID="string_91" HPOS="1370" VPOS="806" WIDTH="188" HEIGHT="40" WC="0.95" CONTENT="disponera"/><SP WIDTH="23" VPOS="806" HPOS="1558"/>
							<String ID="string_92" HPOS="1581" VPOS="807" WIDTH="48" HEIGHT="28" WC="0.94" CONTENT="ett"/>
						</TextLine>
						<TextLine ID="line_12" HPOS="129" VPOS="856" WIDTH="1501" HEIGHT="43">
							<String ID="string_93" HPOS="129" VPOS="860" WIDTH="101" HEIGHT="39" WC="0.95" CONTENT="årligt"/><SP WIDTH="22" VPOS="860" HPOS="230"/>
							<String ID="string_94" HPOS="252" VPOS="861" WIDTH="132" HEIGHT="38" WC="0.96" CONTENT="anslag,"/><SP WIDTH="22" VPOS="861" HPOS="384"/>
							<String ID="string_95" HPOS="406" VPOS="869" WIDTH="79" HEIGHT="21" WC="0.96" CONTENT="vars"/><SP WIDTH="23" VPOS="869" HPOS="485"/>
							<String ID="string_96" HPOS="508" VPOS="860" WIDTH="130" HEIGHT="30" WC="0.96" CONTENT="storlek"/><SP WIDTH="22" VPOS="860" HPOS="638"/>
							<String ID="string_97" HPOS="660" VPOS="859" WIDTH="10" HEIGHT="29" WC="0.96" CONTENT="i"/><SP WIDTH="22" VPOS="859" HPOS="670"/>
							<String ID="string_98" HPOS="692" VPOS="859" WIDTH="189" HEIGHT="30" WC="0.96" CONTENT="huvudsak"/><SP WIDTH="21" VPOS="859" HPOS="881"/>
							<String ID="string_99" HPOS="902" VPOS="858" WIDTH="211" HEIGHT="30" WC="0.96" CONTENT="bestämmes"/><SP WIDTH="23" VPOS="858" HPOS="1113"/>
							<String ID="string_100" HPOS="1136" VPOS="867" WIDTH="43" HEIGHT="21" WC="0.96" CONTENT="av"/><SP WIDTH="20" VPOS="867" HPOS="1179"/>
							<String ID="string_101" HPOS="1199" VPOS="858" WIDTH="74" HEIGHT="29" WC="0.96" CONTENT="dels"/><SP WIDTH="24" VPOS="858" HPOS="1273"/>
							<String ID="string_102" HPOS="1297" VPOS="857" WIDTH="158" HEIGHT="39" WC="0.93" CONTENT="gällande"/><SP WIDTH="22" VPOS="857" HPOS="1455"/>
							<String ID="string_103" HPOS="1477" VPOS="856" WIDTH="153" HEIGHT="30" WC="0.92" CONTENT="normal-"/>
						</TextLine>
						<TextLine ID="line_13" HPOS="128" VPOS="906" WIDTH="1502" HEIGHT="45">
							<String ID="string_104" HPOS="128" VPOS="910" WIDTH="232" HEIGHT="41" WC="0.91" CONTENT="portionspris"/><SP WIDTH="27" VPOS="910" HPOS="360"/>
							<String ID="string_105" HPOS="387" VPOS="911" WIDTH="64" HEIGHT="29" WC="0.96" CONTENT="och"/><SP WIDTH="27" VPOS="911" HPOS="451"/>
							<String ID="string_106" HPOS="478" VPOS="910" WIDTH="74" HEIGHT="30" WC="0.96" CONTENT="dels"/><SP WIDTH="27" VPOS="910" HPOS="552"/>
							<String ID="string_107" HPOS="579" VPOS="910" WIDTH="57" HEIGHT="29" WC="0.96" CONTENT="det"/><SP WIDTH="27" VPOS="910" HPOS="636"/>
							<String ID="string_108" HPOS="663" VPOS="910" WIDTH="97" HEIGHT="29" WC="0.93" CONTENT="antal"/><SP WIDTH="26" VPOS="910" HPOS="760"/>
							<String ID="string_109" HPOS="786" VPOS="909" WIDTH="280" HEIGHT="40" WC="0.92" CONTENT="portionstagare"/><SP WIDTH="28" VPOS="909" HPOS="1066"/>
							<String ID="string_110" HPOS="1094" VPOS="917" WIDTH="75" HEIGHT="21" WC="0.96" CONTENT="som"/><SP WIDTH="28" VPOS="917" HPOS="1169"/>
							<String ID="string_111" HPOS="1197" VPOS="908" WIDTH="12" HEIGHT="29" WC="0.96" CONTENT="i"/><SP WIDTH="28" VPOS="908" HPOS="1209"/>
							<String ID="string_112" HPOS="1237" VPOS="907" WIDTH="216" HEIGHT="39" WC="0.95" CONTENT="vederbörlig"/><SP WIDTH="27" VPOS="907" HPOS="1453"/>
							<String ID="string_113" HPOS="1480" VPOS="906" WIDTH="150" HEIGHT="39" WC="0.96" CONTENT="ordning"/>
						</TextLine>
						<TextLine ID="line_14" HPOS="128" VPOS="957" WIDTH="1502" HEIGHT="44">
							<String ID="string_114" HPOS="128" VPOS="961" WIDTH="170" HEIGHT="40" WC="0.90" CONTENT="utspisats"/><SP WIDTH="23" VPOS="961" HPOS="298"/>
							<String ID="string_115" HPOS="321" VPOS="961" WIDTH="111" HEIGHT="29" WC="0.96" CONTENT="under"/><SP WIDTH="23" VPOS="961" HPOS="432"/>
							<String ID="string_116" HPOS="455" VPOS="960" WIDTH="84" HEIGHT="30" WC="0.96" CONTENT="året."/><SP WIDTH="25" VPOS="960" HPOS="539"/>
							<String ID="string_117" HPOS="564" VPOS="963" WIDTH="52" HEIGHT="27" WC="0.95" CONTENT="Av"/><SP WIDTH="22" VPOS="963" HPOS="616"/>
							<String ID="string_118" HPOS="638" VPOS="960" WIDTH="41" HEIGHT="29" WC="0.95" CONTENT="de"/><SP WIDTH="22" VPOS="960" HPOS="679"/>
							<String ID="string_119" HPOS="701" VPOS="959" WIDTH="13" HEIGHT="30" WC="0.95" CONTENT="i"/><SP WIDTH="24" VPOS="959" HPOS="714"/>
							<String ID="string_120" HPOS="738" VPOS="961" WIDTH="119" HEIGHT="28" WC="0.96" CONTENT="ämnet"/><SP WIDTH="22" VPOS="961" HPOS="857"/>
							<String ID="string_121" HPOS="879" VPOS="959" WIDTH="205" HEIGHT="30" WC="0.96" CONTENT="meddelade"/><SP WIDTH="24" VPOS="959" HPOS="1084"/>
							<String ID="string_122" HPOS="1108" VPOS="958" WIDTH="268" HEIGHT="30" WC="0.96" CONTENT="föreskrifterna"/><SP WIDTH="24" VPOS="958" HPOS="1376"/>
							<String ID="string_123" HPOS="1400" VPOS="957" WIDTH="158" HEIGHT="40" WC="0.93" CONTENT="framgår"/><SP WIDTH="24" VPOS="957" HPOS="1558"/>
							<String ID="string_124" HPOS="1582" VPOS="957" WIDTH="48" HEIGHT="30" WC="0.92" CONTENT="vi-"/>
						</TextLine>
						<TextLine ID="line_15" HPOS="128" VPOS="1007" WIDTH="1503" HEIGHT="43">
							<String ID="string_125" HPOS="128" VPOS="1012" WIDTH="92" HEIGHT="34" WC="0.96" CONTENT="dare,"/><SP WIDTH="27" VPOS="1012" HPOS="220"/>
							<String ID="string_126" HPOS="247" VPOS="1013" WIDTH="52" HEIGHT="28" WC="0.96" CONTENT="att"/><SP WIDTH="27" VPOS="1013" HPOS="299"/>
							<String ID="string_127" HPOS="326" VPOS="1011" WIDTH="68" HEIGHT="32" WC="0.96" CONTENT="den"/><SP WIDTH="26" VPOS="1011" HPOS="394"/>
							<String ID="string_128" HPOS="420" VPOS="1010" WIDTH="138" HEIGHT="40" WC="0.93" CONTENT="dagliga"/><SP WIDTH="26" VPOS="1010" HPOS="558"/>
							<String ID="string_129" HPOS="584" VPOS="1009" WIDTH="401" HEIGHT="41" WC="0.91" CONTENT="proviantutvägningen"/><SP WIDTH="27" VPOS="1009" HPOS="985"/>
							<String ID="string_130" HPOS="1012" VPOS="1009" WIDTH="59" HEIGHT="30" WC="0.96" CONTENT="vid"/><SP WIDTH="27" VPOS="1009" HPOS="1071"/>
							<String ID="string_131" HPOS="1098" VPOS="1009" WIDTH="195" HEIGHT="30" WC="0.95" CONTENT="förbanden"/><SP WIDTH="29" VPOS="1009" HPOS="1293"/>
							<String ID="string_132" HPOS="1322" VPOS="1008" WIDTH="153" HEIGHT="40" WC="0.96" CONTENT="grundar"/><SP WIDTH="30" VPOS="1008" HPOS="1475"/>
							<String ID="string_133" HPOS="1505" VPOS="1008" WIDTH="51" HEIGHT="39" WC="0.96" CONTENT="sig"/><SP WIDTH="29" VPOS="1008" HPOS="1556"/>
							<String ID="string_134" HPOS="1585" VPOS="1007" WIDTH="46" HEIGHT="41" WC="0.96" CONTENT="på"/>
						</TextLine>
						<TextLine ID="line_16" HPOS="128" VPOS="1058" WIDTH="1502" HEIGHT="44">
							<String ID="string_135" HPOS="128" VPOS="1072" WIDTH="42" HEIGHT="20" WC="0.96" CONTENT="av"/><SP WIDTH="25" VPOS="1072" HPOS="170"/>
							<String ID="string_136" HPOS="195" VPOS="1061" WIDTH="196" HEIGHT="41" WC="0.94" CONTENT="respektive"/><SP WIDTH="23" VPOS="1061" HPOS="391"/>
							<String ID="string_137" HPOS="414" VPOS="1061" WIDTH="208" HEIGHT="40" WC="0.96" CONTENT="kompanier"/><SP WIDTH="24" VPOS="1061" HPOS="622"/>
							<String ID="string_138" HPOS="646" VPOS="1060" WIDTH="210" HEIGHT="40" WC="0.93" CONTENT="upprättade"/><SP WIDTH="26" VPOS="1060" HPOS="856"/>
							<String ID="string_139" HPOS="882" VPOS="1069" WIDTH="25" HEIGHT="21" WC="0.90" CONTENT="s."/><SP WIDTH="24" VPOS="1069" HPOS="907"/>
							<String ID="string_140" HPOS="931" VPOS="1060" WIDTH="33" HEIGHT="29" WC="0.91" CONTENT="k."/><SP WIDTH="25" VPOS="1060" HPOS="964"/>
							<String ID="string_141" HPOS="989" VPOS="1059" WIDTH="301" HEIGHT="41" WC="0.91" CONTENT="portionsbesked,"/><SP WIDTH="24" VPOS="1059" HPOS="1290"/>
							<String ID="string_142" HPOS="1314" VPOS="1059" WIDTH="113" HEIGHT="30" WC="0.96" CONTENT="vilkas"/><SP WIDTH="24" VPOS="1059" HPOS="1427"/>
							<String ID="string_143" HPOS="1451" VPOS="1058" WIDTH="179" HEIGHT="40" WC="0.95" CONTENT="uppgifter"/>
						</TextLine>
						<TextLine ID="line_17" HPOS="128" VPOS="1109" WIDTH="1502" HEIGHT="40">
							<String ID="string_144" HPOS="128" VPOS="1113" WIDTH="198" HEIGHT="29" WC="0.96" CONTENT="sedermera"/><SP WIDTH="22" VPOS="1113" HPOS="326"/>
							<String ID="string_145" HPOS="348" VPOS="1111" WIDTH="285" HEIGHT="31" WC="0.93" CONTENT="sammanställas"/><SP WIDTH="22" VPOS="1111" HPOS="633"/>
							<String ID="string_146" HPOS="655" VPOS="1111" WIDTH="20" HEIGHT="29" WC="0.92" CONTENT="å"/><SP WIDTH="22" VPOS="1111" HPOS="675"/>
							<String ID="string_147" HPOS="697" VPOS="1113" WIDTH="48" HEIGHT="30" WC="0.95" CONTENT="ett"/><SP WIDTH="23" VPOS="1113" HPOS="745"/>
							<String ID="string_148" HPOS="768" VPOS="1110" WIDTH="118" HEIGHT="30" WC="0.96" CONTENT="flertal"/><SP WIDTH="22" VPOS="1110" HPOS="886"/>
							<String ID="string_149" HPOS="908" VPOS="1110" WIDTH="94" HEIGHT="30" WC="0.93" CONTENT="olika"/><SP WIDTH="22" VPOS="1110" HPOS="1002"/>
							<String ID="string_150" HPOS="1024" VPOS="1109" WIDTH="454" HEIGHT="40" WC="0.91" CONTENT="redovisningshandlingar"/><SP WIDTH="22" VPOS="1109" HPOS="1478"/>
							<String ID="string_151" HPOS="1500" VPOS="1109" WIDTH="56" HEIGHT="30" WC="0.96" CONTENT="för"/><SP WIDTH="23" VPOS="1109" HPOS="1556"/>
							<String ID="string_152" HPOS="1579" VPOS="1109" WIDTH="51" HEIGHT="29" WC="0.96" CONTENT="att"/>
						</TextLine>
						<TextLine ID="line_18" HPOS="129" VPOS="1159" WIDTH="1502" HEIGHT="43">
							<String ID="string_153" HPOS="129" VPOS="1162" WIDTH="163" HEIGHT="40" WC="0.95" CONTENT="slutligen"/><SP WIDTH="24" VPOS="1162" HPOS="292"/>
							<String ID="string_154" HPOS="316" VPOS="1162" WIDTH="178" HEIGHT="30" WC="0.96" CONTENT="överföras"/><SP WIDTH="27" VPOS="1162" HPOS="494"/>
							<String ID="string_155" HPOS="521" VPOS="1161" WIDTH="53" HEIGHT="30" WC="0.95" CONTENT="till"/><SP WIDTH="26" VPOS="1161" HPOS="574"/>
							<String ID="string_156" HPOS="600" VPOS="1160" WIDTH="174" HEIGHT="31" WC="0.93" CONTENT="särskilda"/><SP WIDTH="24" VPOS="1160" HPOS="774"/>
							<String ID="string_157" HPOS="798" VPOS="1161" WIDTH="410" HEIGHT="38" WC="0.91" CONTENT="månadssammandrag."/><SP WIDTH="25" VPOS="1161" HPOS="1208"/>
							<String ID="string_158" HPOS="1233" VPOS="1159" WIDTH="27" HEIGHT="31" WC="0.41" CONTENT="Å"/><SP WIDTH="25" VPOS="1159" HPOS="1260"/>
							<String ID="string_159" HPOS="1285" VPOS="1160" WIDTH="101" HEIGHT="30" WC="0.93" CONTENT="dessa"/><SP WIDTH="25" VPOS="1160" HPOS="1386"/>
							<String ID="string_160" HPOS="1411" VPOS="1159" WIDTH="142" HEIGHT="40" WC="0.92" CONTENT="angives"/><SP WIDTH="24" VPOS="1159" HPOS="1553"/>
							<String ID="string_161" HPOS="1577" VPOS="1159" WIDTH="54" HEIGHT="30" WC="0.93" CONTENT="så-"/>
						</TextLine>
						<TextLine ID="line_19" HPOS="129" VPOS="1210" WIDTH="1503" HEIGHT="42">
							<String ID="string_162" HPOS="129" VPOS="1213" WIDTH="108" HEIGHT="34" WC="0.91" CONTENT="lunda"/><SP WIDTH="25" VPOS="1213" HPOS="237"/>
							<String ID="string_163" HPOS="262" VPOS="1213" WIDTH="58" HEIGHT="30" WC="0.96" CONTENT="det"/><SP WIDTH="25" VPOS="1213" HPOS="320"/>
							<String ID="string_164" HPOS="345" VPOS="1213" WIDTH="95" HEIGHT="29" WC="0.96" CONTENT="antal"/><SP WIDTH="25" VPOS="1213" HPOS="440"/>
							<String ID="string_165" HPOS="465" VPOS="1211" WIDTH="179" HEIGHT="41" WC="0.96" CONTENT="portioner"/><SP WIDTH="26" VPOS="1211" HPOS="644"/>
							<String ID="string_166" HPOS="670" VPOS="1221" WIDTH="75" HEIGHT="20" WC="0.96" CONTENT="som"/><SP WIDTH="26" VPOS="1221" HPOS="745"/>
							<String ID="string_167" HPOS="771" VPOS="1211" WIDTH="111" HEIGHT="30" WC="0.96" CONTENT="under"/><SP WIDTH="24" VPOS="1211" HPOS="882"/>
							<String ID="string_168" HPOS="906" VPOS="1211" WIDTH="175" HEIGHT="30" WC="0.96" CONTENT="månaden"/><SP WIDTH="26" VPOS="1211" HPOS="1081"/>
							<String ID="string_169" HPOS="1107" VPOS="1211" WIDTH="12" HEIGHT="29" WC="0.96" CONTENT="i"/><SP WIDTH="24" VPOS="1211" HPOS="1119"/>
							<String ID="string_170" HPOS="1143" VPOS="1211" WIDTH="100" HEIGHT="39" WC="0.93" CONTENT="fråga"/><SP WIDTH="24" VPOS="1211" HPOS="1243"/>
							<String ID="string_171" HPOS="1267" VPOS="1211" WIDTH="179" HEIGHT="29" WC="0.91" CONTENT="bekostats"/><SP WIDTH="27" VPOS="1211" HPOS="1446"/>
							<String ID="string_172" HPOS="1473" VPOS="1220" WIDTH="44" HEIGHT="20" WC="0.93" CONTENT="av"/><SP WIDTH="24" VPOS="1220" HPOS="1517"/>
							<String ID="string_173" HPOS="1541" VPOS="1210" WIDTH="91" HEIGHT="30" WC="0.91" CONTENT="före-"/>
						</TextLine>
						<TextLine ID="line_20" HPOS="130" VPOS="1261" WIDTH="1501" HEIGHT="42">
							<String ID="string_174" HPOS="130" VPOS="1264" WIDTH="153" HEIGHT="29" WC="0.90" CONTENT="nämnda"/><SP WIDTH="20" VPOS="1264" HPOS="283"/>
							<String ID="string_175" HPOS="303" VPOS="1262" WIDTH="295" HEIGHT="41" WC="0.90" CONTENT="proviantanslag."/><SP WIDTH="22" VPOS="1262" HPOS="598"/>
							<String ID="string_176" HPOS="620" VPOS="1262" WIDTH="65" HEIGHT="29" WC="0.96" CONTENT="Det"/><SP WIDTH="22" VPOS="1262" HPOS="685"/>
							<String ID="string_177" HPOS="707" VPOS="1261" WIDTH="107" HEIGHT="40" WC="0.96" CONTENT="ligger"/><SP WIDTH="21" VPOS="1261" HPOS="814"/>
							<String ID="string_178" HPOS="835" VPOS="1261" WIDTH="12" HEIGHT="29" WC="0.96" CONTENT="i"/><SP WIDTH="21" VPOS="1261" HPOS="847"/>
							<String ID="string_179" HPOS="868" VPOS="1262" WIDTH="126" HEIGHT="29" WC="0.96" CONTENT="sakens"/><SP WIDTH="23" VPOS="1262" HPOS="994"/>
							<String ID="string_180" HPOS="1017" VPOS="1263" WIDTH="105" HEIGHT="28" WC="0.95" CONTENT="natur"/><SP WIDTH="21" VPOS="1263" HPOS="1122"/>
							<String ID="string_181" HPOS="1143" VPOS="1263" WIDTH="51" HEIGHT="28" WC="0.96" CONTENT="att"/><SP WIDTH="23" VPOS="1263" HPOS="1194"/>
							<String ID="string_182" HPOS="1217" VPOS="1261" WIDTH="161" HEIGHT="39" WC="0.96" CONTENT="samtliga"/><SP WIDTH="20" VPOS="1261" HPOS="1378"/>
							<String ID="string_183" HPOS="1398" VPOS="1261" WIDTH="64" HEIGHT="30" WC="0.96" CONTENT="här"/><SP WIDTH="21" VPOS="1261" HPOS="1462"/>
							<String ID="string_184" HPOS="1483" VPOS="1261" WIDTH="148" HEIGHT="30" WC="0.96" CONTENT="berörda"/>
						</TextLine>
						<TextLine ID="line_21" HPOS="128" VPOS="1312" WIDTH="1082" HEIGHT="41">
							<String ID="string_185" HPOS="128" VPOS="1312" WIDTH="454" HEIGHT="41" WC="0.91" CONTENT="redovisningshandlingar"/><SP WIDTH="23" VPOS="1312" HPOS="582"/>
							<String ID="string_186" HPOS="605" VPOS="1312" WIDTH="84" HEIGHT="30" WC="0.96" CONTENT="böra"/><SP WIDTH="24" VPOS="1312" HPOS="689"/>
							<String ID="string_187" HPOS="713" VPOS="1313" WIDTH="299" HEIGHT="29" WC="0.95" CONTENT="överensstämma"/><SP WIDTH="23" VPOS="1313" HPOS="1012"/>
							<String ID="string_188" HPOS="1035" VPOS="1312" WIDTH="175" HEIGHT="30" WC="0.96" CONTENT="inbördes."/>
						</TextLine>
					</TextBlock>
					<TextBlock ID="block_5" HPOS="125" VPOS="1362" WIDTH="1509" HEIGHT="1039">
						<TextLine ID="line_22" HPOS="172" VPOS="1362" WIDTH="1461" HEIGHT="39">
							<String ID="string_189" HPOS="172" VPOS="1364" WIDTH="121" HEIGHT="31" WC="0.96" CONTENT="Såsom"/><SP WIDTH="25" VPOS="1364" HPOS="293"/>
							<String ID="string_190" HPOS="318" VPOS="1373" WIDTH="42" HEIGHT="21" WC="0.96" CONTENT="av"/><SP WIDTH="24" VPOS="1373" HPOS="360"/>
							<String ID="string_191" HPOS="384" VPOS="1364" WIDTH="65" HEIGHT="29" WC="0.96" CONTENT="den"/><SP WIDTH="25" VPOS="1364" HPOS="449"/>
							<String ID="string_192" HPOS="474" VPOS="1363" WIDTH="163" HEIGHT="30" WC="0.96" CONTENT="lämnade"/><SP WIDTH="24" VPOS="1363" HPOS="637"/>
							<String ID="string_193" HPOS="661" VPOS="1362" WIDTH="243" HEIGHT="39" WC="0.96" CONTENT="redogörelsen"/><SP WIDTH="25" VPOS="1362" HPOS="904"/>
							<String ID="string_194" HPOS="929" VPOS="1362" WIDTH="167" HEIGHT="39" WC="0.96" CONTENT="framgår,"/><SP WIDTH="26" VPOS="1362" HPOS="1096"/>
							<String ID="string_195" HPOS="1122" VPOS="1362" WIDTH="47" HEIGHT="31" WC="0.96" CONTENT="ha"/><SP WIDTH="24" VPOS="1362" HPOS="1169"/>
							<String ID="string_196" HPOS="1193" VPOS="1363" WIDTH="193" HEIGHT="31" WC="0.96" CONTENT="emellertid"/><SP WIDTH="24" VPOS="1363" HPOS="1386"/>
							<String ID="string_197" HPOS="1410" VPOS="1363" WIDTH="223" HEIGHT="32" WC="0.96" CONTENT="beträffande"/>
						</TextLine>
						<TextLine ID="line_23" HPOS="126" VPOS="1412" WIDTH="1507" HEIGHT="42">
							<String ID="string_198" HPOS="126" VPOS="1414" WIDTH="93" HEIGHT="31" WC="0.93" CONTENT="vissa"/><SP WIDTH="30" VPOS="1414" HPOS="219"/>
							<String ID="string_199" HPOS="249" VPOS="1414" WIDTH="269" HEIGHT="40" WC="0.92" CONTENT="truppförband,"/><SP WIDTH="31" VPOS="1414" HPOS="518"/>
							<String ID="string_200" HPOS="549" VPOS="1413" WIDTH="113" HEIGHT="30" WC="0.93" CONTENT="vilkas"/><SP WIDTH="29" VPOS="1413" HPOS="662"/>
							<String ID="string_201" HPOS="691" VPOS="1412" WIDTH="387" HEIGHT="40" WC="0.91" CONTENT="portionsredovisning"/><SP WIDTH="29" VPOS="1412" HPOS="1078"/>
							<String ID="string_202" HPOS="1107" VPOS="1412" WIDTH="55" HEIGHT="31" WC="0.93" CONTENT="för"/><SP WIDTH="31" VPOS="1412" HPOS="1162"/>
							<String ID="string_203" HPOS="1193" VPOS="1413" WIDTH="240" HEIGHT="31" WC="0.88" CONTENT="sistförflutna"/><SP WIDTH="29" VPOS="1413" HPOS="1433"/>
							<String ID="string_204" HPOS="1462" VPOS="1414" WIDTH="171" HEIGHT="40" WC="0.95" CONTENT="budgetår"/>
						</TextLine>
						<TextLine ID="line_24" HPOS="126" VPOS="1463" WIDTH="1508" HEIGHT="41">
							<String ID="string_205" HPOS="126" VPOS="1466" WIDTH="162" HEIGHT="29" WC="0.95" CONTENT="närmare"/><SP WIDTH="27" VPOS="1466" HPOS="288"/>
							<String ID="string_206" HPOS="315" VPOS="1464" WIDTH="184" HEIGHT="40" WC="0.96" CONTENT="granskats"/><SP WIDTH="28" VPOS="1464" HPOS="499"/>
							<String ID="string_207" HPOS="527" VPOS="1472" WIDTH="43" HEIGHT="22" WC="0.96" CONTENT="av"/><SP WIDTH="26" VPOS="1472" HPOS="570"/>
							<String ID="string_208" HPOS="596" VPOS="1463" WIDTH="229" HEIGHT="34" WC="0.96" CONTENT="revisorerna,"/><SP WIDTH="26" VPOS="1463" HPOS="825"/>
							<String ID="string_209" HPOS="851" VPOS="1463" WIDTH="192" HEIGHT="30" WC="0.96" CONTENT="avsevärda"/><SP WIDTH="26" VPOS="1463" HPOS="1043"/>
							<String ID="string_210" HPOS="1069" VPOS="1463" WIDTH="210" HEIGHT="31" WC="0.96" CONTENT="differenser"/><SP WIDTH="25" VPOS="1463" HPOS="1279"/>
							<String ID="string_211" HPOS="1304" VPOS="1464" WIDTH="129" HEIGHT="30" WC="0.93" CONTENT="mellan"/><SP WIDTH="27" VPOS="1464" HPOS="1433"/>
							<String ID="string_212" HPOS="1460" VPOS="1465" WIDTH="174" HEIGHT="39" WC="0.93" CONTENT="portions-"/>
						</TextLine>
						<TextLine ID="line_25" HPOS="125" VPOS="1513" WIDTH="1508" HEIGHT="42">
							<String ID="string_213" HPOS="125" VPOS="1516" WIDTH="193" HEIGHT="30" WC="0.92" CONTENT="beskedens"/><SP WIDTH="29" VPOS="1516" HPOS="318"/>
							<String ID="string_214" HPOS="347" VPOS="1515" WIDTH="64" HEIGHT="29" WC="0.93" CONTENT="och"/><SP WIDTH="25" VPOS="1515" HPOS="411"/>
							<String ID="string_215" HPOS="436" VPOS="1513" WIDTH="465" HEIGHT="40" WC="0.91" CONTENT="månadssammandragens"/><SP WIDTH="27" VPOS="1513" HPOS="901"/>
							<String ID="string_216" HPOS="928" VPOS="1513" WIDTH="180" HEIGHT="40" WC="0.94" CONTENT="uppgifter"/><SP WIDTH="26" VPOS="1513" HPOS="1108"/>
							<String ID="string_217" HPOS="1134" VPOS="1513" WIDTH="247" HEIGHT="32" WC="0.95" CONTENT="konstaterats."/><SP WIDTH="29" VPOS="1513" HPOS="1381"/>
							<String ID="string_218" HPOS="1410" VPOS="1515" WIDTH="13" HEIGHT="29" WC="0.96" CONTENT="I"/><SP WIDTH="27" VPOS="1515" HPOS="1423"/>
							<String ID="string_219" HPOS="1450" VPOS="1515" WIDTH="100" HEIGHT="40" WC="0.96" CONTENT="fråga"/><SP WIDTH="26" VPOS="1515" HPOS="1550"/>
							<String ID="string_220" HPOS="1576" VPOS="1525" WIDTH="57" HEIGHT="21" WC="0.96" CONTENT="om"/>
						</TextLine>
						<TextLine ID="line_26" HPOS="127" VPOS="1563" WIDTH="1505" HEIGHT="42">
							<String ID="string_221" HPOS="127" VPOS="1566" WIDTH="85" HEIGHT="30" WC="0.96" CONTENT="visst"/><SP WIDTH="28" VPOS="1566" HPOS="212"/>
							<String ID="string_222" HPOS="240" VPOS="1565" WIDTH="151" HEIGHT="31" WC="0.96" CONTENT="förband"/><SP WIDTH="27" VPOS="1565" HPOS="391"/>
							<String ID="string_223" HPOS="418" VPOS="1564" WIDTH="135" HEIGHT="41" WC="0.96" CONTENT="uppgår"/><SP WIDTH="29" VPOS="1564" HPOS="553"/>
							<String ID="string_224" HPOS="582" VPOS="1563" WIDTH="197" HEIGHT="31" WC="0.96" CONTENT="skillnaden"/><SP WIDTH="29" VPOS="1563" HPOS="779"/>
							<String ID="string_225" HPOS="808" VPOS="1563" WIDTH="55" HEIGHT="31" WC="0.96" CONTENT="för"/><SP WIDTH="27" VPOS="1563" HPOS="863"/>
							<String ID="string_226" HPOS="890" VPOS="1563" WIDTH="79" HEIGHT="31" WC="0.96" CONTENT="hela"/><SP WIDTH="25" VPOS="1563" HPOS="969"/>
							<String ID="string_227" HPOS="994" VPOS="1564" WIDTH="206" HEIGHT="39" WC="0.96" CONTENT="budgetåret"/><SP WIDTH="26" VPOS="1564" HPOS="1200"/>
							<String ID="string_228" HPOS="1226" VPOS="1564" WIDTH="53" HEIGHT="30" WC="0.96" CONTENT="till"/><SP WIDTH="28" VPOS="1564" HPOS="1279"/>
							<String ID="string_229" HPOS="1307" VPOS="1564" WIDTH="11" HEIGHT="30" WC="0.96" CONTENT="i"/><SP WIDTH="29" VPOS="1564" HPOS="1318"/>
							<String ID="string_230" HPOS="1347" VPOS="1567" WIDTH="82" HEIGHT="28" WC="0.96" CONTENT="runt"/><SP WIDTH="28" VPOS="1567" HPOS="1429"/>
							<String ID="string_231" HPOS="1457" VPOS="1566" WIDTH="50" HEIGHT="29" WC="0.95" CONTENT="tal"/><SP WIDTH="29" VPOS="1566" HPOS="1507"/>
							<String ID="string_232" HPOS="1536" VPOS="1566" WIDTH="18" HEIGHT="30" WC="0.95" CONTENT="5"/><SP WIDTH="16" VPOS="1566" HPOS="1554"/>
							<String ID="string_233" HPOS="1570" VPOS="1565" WIDTH="62" HEIGHT="31" WC="0.96" CONTENT="800"/>
						</TextLine>
						<TextLine ID="line_27" HPOS="126" VPOS="1614" WIDTH="1506" HEIGHT="42">
							<String ID="string_234" HPOS="126" VPOS="1616" WIDTH="188" HEIGHT="40" WC="0.96" CONTENT="portioner,"/><SP WIDTH="29" VPOS="1616" HPOS="314"/>
							<String ID="string_235" HPOS="343" VPOS="1615" WIDTH="309" HEIGHT="40" WC="0.96" CONTENT="representerande"/><SP WIDTH="28" VPOS="1615" HPOS="652"/>
							<String ID="string_236" HPOS="680" VPOS="1616" WIDTH="48" HEIGHT="28" WC="0.93" CONTENT="ett"/><SP WIDTH="29" VPOS="1616" HPOS="728"/>
							<String ID="string_237" HPOS="757" VPOS="1614" WIDTH="289" HEIGHT="40" WC="0.91" CONTENT="anslagsmässigt"/><SP WIDTH="28" VPOS="1614" HPOS="1046"/>
							<String ID="string_238" HPOS="1074" VPOS="1614" WIDTH="105" HEIGHT="31" WC="0.96" CONTENT="värde"/><SP WIDTH="29" VPOS="1614" HPOS="1179"/>
							<String ID="string_239" HPOS="1208" VPOS="1624" WIDTH="42" HEIGHT="21" WC="0.96" CONTENT="av"/><SP WIDTH="26" VPOS="1624" HPOS="1250"/>
							<String ID="string_240" HPOS="1276" VPOS="1624" WIDTH="40" HEIGHT="21" WC="0.95" CONTENT="ca"/><SP WIDTH="30" VPOS="1624" HPOS="1316"/>
							<String ID="string_241" HPOS="1346" VPOS="1615" WIDTH="115" HEIGHT="31" WC="0.81" CONTENT="10000"/><SP WIDTH="30" VPOS="1615" HPOS="1461"/>
							<String ID="string_242" HPOS="1491" VPOS="1616" WIDTH="141" HEIGHT="31" WC="0.96" CONTENT="kronor."/>
						</TextLine>
						<TextLine ID="line_28" HPOS="126" VPOS="1664" WIDTH="1507" HEIGHT="41">
							<String ID="string_243" HPOS="126" VPOS="1668" WIDTH="52" HEIGHT="29" WC="0.96" CONTENT="Av"/><SP WIDTH="21" VPOS="1668" HPOS="178"/>
							<String ID="string_244" HPOS="199" VPOS="1666" WIDTH="218" HEIGHT="31" WC="0.96" CONTENT="revisorerna"/><SP WIDTH="23" VPOS="1666" HPOS="417"/>
							<String ID="string_245" HPOS="440" VPOS="1666" WIDTH="215" HEIGHT="29" WC="0.93" CONTENT="verkställda"/><SP WIDTH="22" VPOS="1666" HPOS="655"/>
							<String ID="string_246" HPOS="677" VPOS="1664" WIDTH="505" HEIGHT="41" WC="0.90" CONTENT="stickprovsundersökningar"/><SP WIDTH="23" VPOS="1664" HPOS="1182"/>
							<String ID="string_247" HPOS="1205" VPOS="1666" WIDTH="150" HEIGHT="30" WC="0.96" CONTENT="rörande"/><SP WIDTH="24" VPOS="1666" HPOS="1355"/>
							<String ID="string_248" HPOS="1379" VPOS="1667" WIDTH="67" HEIGHT="29" WC="0.96" CONTENT="den"/><SP WIDTH="22" VPOS="1667" HPOS="1446"/>
							<String ID="string_249" HPOS="1468" VPOS="1666" WIDTH="165" HEIGHT="33" WC="0.96" CONTENT="inbördes"/>
						</TextLine>
						<TextLine ID="line_29" HPOS="127" VPOS="1715" WIDTH="1506" HEIGHT="41">
							<String ID="string_250" HPOS="127" VPOS="1717" WIDTH="371" HEIGHT="30" WC="0.91" CONTENT="överensstämmelsen"/><SP WIDTH="25" VPOS="1717" HPOS="498"/>
							<String ID="string_251" HPOS="523" VPOS="1716" WIDTH="129" HEIGHT="30" WC="0.93" CONTENT="mellan"/><SP WIDTH="23" VPOS="1716" HPOS="652"/>
							<String ID="string_252" HPOS="675" VPOS="1715" WIDTH="341" HEIGHT="40" WC="0.91" CONTENT="portionsjournaler"/><SP WIDTH="22" VPOS="1715" HPOS="1016"/>
							<String ID="string_253" HPOS="1038" VPOS="1716" WIDTH="65" HEIGHT="29" WC="0.93" CONTENT="och"/><SP WIDTH="22" VPOS="1716" HPOS="1103"/>
							<String ID="string_254" HPOS="1125" VPOS="1716" WIDTH="331" HEIGHT="40" WC="0.90" CONTENT="proviantdaglistor"/><SP WIDTH="22" VPOS="1716" HPOS="1456"/>
							<String ID="string_255" HPOS="1478" VPOS="1717" WIDTH="47" HEIGHT="30" WC="0.93" CONTENT="ha"/><SP WIDTH="23" VPOS="1717" HPOS="1525"/>
							<String ID="string_256" HPOS="1548" VPOS="1718" WIDTH="85" HEIGHT="30" WC="0.91" CONTENT="läm-"/>
						</TextLine>
						<TextLine ID="line_30" HPOS="127" VPOS="1765" WIDTH="1506" HEIGHT="41">
							<String ID="string_257" HPOS="127" VPOS="1770" WIDTH="60" HEIGHT="27" WC="0.96" CONTENT="nat"/><SP WIDTH="26" VPOS="1770" HPOS="187"/>
							<String ID="string_258" HPOS="213" VPOS="1767" WIDTH="184" HEIGHT="30" WC="0.96" CONTENT="enahanda"/><SP WIDTH="27" VPOS="1767" HPOS="397"/>
							<String ID="string_259" HPOS="424" VPOS="1767" WIDTH="158" HEIGHT="33" WC="0.91" CONTENT="resultat."/><SP WIDTH="27" VPOS="1767" HPOS="582"/>
							<String ID="string_260" HPOS="609" VPOS="1766" WIDTH="59" HEIGHT="30" WC="0.96" CONTENT="Att"/><SP WIDTH="29" VPOS="1766" HPOS="668"/>
							<String ID="string_261" HPOS="697" VPOS="1767" WIDTH="56" HEIGHT="29" WC="0.96" CONTENT="det"/><SP WIDTH="28" VPOS="1767" HPOS="753"/>
							<String ID="string_262" HPOS="781" VPOS="1765" WIDTH="157" HEIGHT="32" WC="0.93" CONTENT="faktiska"/><SP WIDTH="24" VPOS="1765" HPOS="938"/>
							<String ID="string_263" HPOS="962" VPOS="1767" WIDTH="294" HEIGHT="39" WC="0.92" CONTENT="portionsantalet"/><SP WIDTH="28" VPOS="1767" HPOS="1256"/>
							<String ID="string_264" HPOS="1284" VPOS="1768" WIDTH="194" HEIGHT="30" WC="0.91" CONTENT="merendels"/><SP WIDTH="29" VPOS="1768" HPOS="1478"/>
							<String ID="string_265" HPOS="1507" VPOS="1769" WIDTH="126" HEIGHT="30" WC="0.92" CONTENT="under-"/>
						</TextLine>
						<TextLine ID="line_31" HPOS="128" VPOS="1816" WIDTH="1505" HEIGHT="43">
							<String ID="string_266" HPOS="128" VPOS="1819" WIDTH="103" HEIGHT="39" WC="0.96" CONTENT="stiger"/><SP WIDTH="24" VPOS="1819" HPOS="231"/>
							<String ID="string_267" HPOS="255" VPOS="1819" WIDTH="58" HEIGHT="29" WC="0.96" CONTENT="det"/><SP WIDTH="30" VPOS="1819" HPOS="313"/>
							<String ID="string_268" HPOS="343" VPOS="1817" WIDTH="3" HEIGHT="29" WC="0.93" CONTENT="i"/><SP WIDTH="25" VPOS="1817" HPOS="346"/>
							<String ID="string_269" HPOS="371" VPOS="1817" WIDTH="445" HEIGHT="38" WC="0.91" CONTENT="månadssammandragen"/><SP WIDTH="23" VPOS="1817" HPOS="816"/>
							<String ID="string_270" HPOS="839" VPOS="1818" WIDTH="180" HEIGHT="38" WC="0.93" CONTENT="upptagna"/><SP WIDTH="23" VPOS="1818" HPOS="1019"/>
							<String ID="string_271" HPOS="1042" VPOS="1816" WIDTH="181" HEIGHT="40" WC="0.92" CONTENT="bestyrkes"/><SP WIDTH="25" VPOS="1816" HPOS="1223"/>
							<String ID="string_272" HPOS="1248" VPOS="1818" WIDTH="89" HEIGHT="30" WC="0.96" CONTENT="även"/><SP WIDTH="22" VPOS="1818" HPOS="1337"/>
							<String ID="string_273" HPOS="1359" VPOS="1818" WIDTH="116" HEIGHT="41" WC="0.95" CONTENT="därav,"/><SP WIDTH="26" VPOS="1818" HPOS="1475"/>
							<String ID="string_274" HPOS="1501" VPOS="1820" WIDTH="51" HEIGHT="28" WC="0.96" CONTENT="att"/><SP WIDTH="23" VPOS="1820" HPOS="1552"/>
							<String ID="string_275" HPOS="1575" VPOS="1819" WIDTH="58" HEIGHT="30" WC="0.96" CONTENT="vid"/>
						</TextLine>
						<TextLine ID="line_32" HPOS="126" VPOS="1866" WIDTH="1507" HEIGHT="41">
							<String ID="string_276" HPOS="126" VPOS="1869" WIDTH="92" HEIGHT="29" WC="0.96" CONTENT="vissa"/><SP WIDTH="28" VPOS="1869" HPOS="218"/>
							<String ID="string_277" HPOS="246" VPOS="1868" WIDTH="170" HEIGHT="39" WC="0.96" CONTENT="slumpvis"/><SP WIDTH="28" VPOS="1868" HPOS="416"/>
							<String ID="string_278" HPOS="444" VPOS="1867" WIDTH="124" HEIGHT="40" WC="0.96" CONTENT="gjorda"/><SP WIDTH="25" VPOS="1867" HPOS="568"/>
							<String ID="string_279" HPOS="593" VPOS="1867" WIDTH="223" HEIGHT="39" WC="0.96" CONTENT="jämförelser"/><SP WIDTH="26" VPOS="1867" HPOS="816"/>
							<String ID="string_280" HPOS="842" VPOS="1866" WIDTH="42" HEIGHT="30" WC="0.93" CONTENT="de"/><SP WIDTH="27" VPOS="1866" HPOS="884"/>
							<String ID="string_281" HPOS="911" VPOS="1867" WIDTH="153" HEIGHT="38" WC="0.91" CONTENT="utvägda"/><SP WIDTH="27" VPOS="1867" HPOS="1064"/>
							<String ID="string_282" HPOS="1091" VPOS="1867" WIDTH="376" HEIGHT="39" WC="0.91" CONTENT="proviantartiklarnas"/><SP WIDTH="29" VPOS="1867" HPOS="1467"/>
							<String ID="string_283" HPOS="1496" VPOS="1869" WIDTH="137" HEIGHT="30" WC="0.91" CONTENT="kvanti-"/>
						</TextLine>
						<TextLine ID="line_33" HPOS="127" VPOS="1916" WIDTH="1505" HEIGHT="41">
							<String ID="string_284" HPOS="127" VPOS="1921" WIDTH="86" HEIGHT="28" WC="0.91" CONTENT="teter"/><SP WIDTH="26" VPOS="1921" HPOS="213"/>
							<String ID="string_285" HPOS="239" VPOS="1918" WIDTH="181" HEIGHT="30" WC="0.96" CONTENT="befunnits"/><SP WIDTH="24" VPOS="1918" HPOS="420"/>
							<String ID="string_286" HPOS="444" VPOS="1927" WIDTH="84" HEIGHT="20" WC="0.96" CONTENT="vara"/><SP WIDTH="26" VPOS="1927" HPOS="528"/>
							<String ID="string_287" HPOS="554" VPOS="1917" WIDTH="119" HEIGHT="30" WC="0.95" CONTENT="alltför"/><SP WIDTH="28" VPOS="1917" HPOS="673"/>
							<String ID="string_288" HPOS="701" VPOS="1917" WIDTH="76" HEIGHT="29" WC="0.96" CONTENT="små"/><SP WIDTH="26" VPOS="1917" HPOS="777"/>
							<String ID="string_289" HPOS="803" VPOS="1916" WIDTH="55" HEIGHT="30" WC="0.96" CONTENT="för"/><SP WIDTH="27" VPOS="1916" HPOS="858"/>
							<String ID="string_290" HPOS="885" VPOS="1918" WIDTH="50" HEIGHT="28" WC="0.96" CONTENT="att"/><SP WIDTH="26" VPOS="1918" HPOS="935"/>
							<String ID="string_291" HPOS="961" VPOS="1916" WIDTH="210" HEIGHT="40" WC="0.93" CONTENT="möjliggöra"/><SP WIDTH="25" VPOS="1916" HPOS="1171"/>
							<String ID="string_292" HPOS="1196" VPOS="1917" WIDTH="201" HEIGHT="40" WC="0.91" CONTENT="utspisning"/><SP WIDTH="26" VPOS="1917" HPOS="1397"/>
							<String ID="string_293" HPOS="1423" VPOS="1927" WIDTH="43" HEIGHT="22" WC="0.95" CONTENT="av"/><SP WIDTH="26" VPOS="1927" HPOS="1466"/>
							<String ID="string_294" HPOS="1492" VPOS="1919" WIDTH="46" HEIGHT="30" WC="0.95" CONTENT="all"/><SP WIDTH="28" VPOS="1919" HPOS="1538"/>
							<String ID="string_295" HPOS="1566" VPOS="1920" WIDTH="66" HEIGHT="30" WC="0.96" CONTENT="den"/>
						</TextLine>
						<TextLine ID="line_34" HPOS="126" VPOS="1966" WIDTH="1506" HEIGHT="43">
							<String ID="string_296" HPOS="126" VPOS="1970" WIDTH="172" HEIGHT="39" WC="0.96" CONTENT="personal,"/><SP WIDTH="26" VPOS="1970" HPOS="298"/>
							<String ID="string_297" HPOS="324" VPOS="1978" WIDTH="75" HEIGHT="20" WC="0.93" CONTENT="som"/><SP WIDTH="25" VPOS="1978" HPOS="399"/>
							<String ID="string_298" HPOS="424" VPOS="1967" WIDTH="176" HEIGHT="41" WC="0.91" CONTENT="uppgivits"/><SP WIDTH="24" VPOS="1967" HPOS="600"/>
							<String ID="string_299" HPOS="624" VPOS="1967" WIDTH="46" HEIGHT="30" WC="0.96" CONTENT="ha"/><SP WIDTH="23" VPOS="1967" HPOS="670"/>
							<String ID="string_300" HPOS="693" VPOS="1966" WIDTH="126" HEIGHT="39" WC="0.96" CONTENT="intagit"/><SP WIDTH="23" VPOS="1966" HPOS="819"/>
							<String ID="string_301" HPOS="842" VPOS="1966" WIDTH="268" HEIGHT="39" WC="0.96" CONTENT="ifrågavarande"/><SP WIDTH="24" VPOS="1966" HPOS="1110"/>
							<String ID="string_302" HPOS="1134" VPOS="1967" WIDTH="173" HEIGHT="30" WC="0.96" CONTENT="måltider."/><SP WIDTH="26" VPOS="1967" HPOS="1307"/>
							<String ID="string_303" HPOS="1333" VPOS="1967" WIDTH="230" HEIGHT="32" WC="0.96" CONTENT="Revisorerna"/><SP WIDTH="24" VPOS="1967" HPOS="1563"/>
							<String ID="string_304" HPOS="1587" VPOS="1969" WIDTH="45" HEIGHT="31" WC="0.96" CONTENT="ha"/>
						</TextLine>
						<TextLine ID="line_35" HPOS="127" VPOS="2016" WIDTH="1506" HEIGHT="43">
							<String ID="string_305" HPOS="127" VPOS="2020" WIDTH="173" HEIGHT="39" WC="0.95" CONTENT="därjämte"/><SP WIDTH="23" VPOS="2020" HPOS="300"/>
							<String ID="string_306" HPOS="323" VPOS="2018" WIDTH="171" HEIGHT="40" WC="0.96" CONTENT="iakttagit,"/><SP WIDTH="24" VPOS="2018" HPOS="494"/>
							<String ID="string_307" HPOS="518" VPOS="2020" WIDTH="51" HEIGHT="28" WC="0.96" CONTENT="att"/><SP WIDTH="24" VPOS="2020" HPOS="569"/>
							<String ID="string_308" HPOS="593" VPOS="2027" WIDTH="41" HEIGHT="20" WC="0.96" CONTENT="en"/><SP WIDTH="25" VPOS="2027" HPOS="634"/>
							<String ID="string_309" HPOS="659" VPOS="2017" WIDTH="54" HEIGHT="30" WC="0.96" CONTENT="del"/><SP WIDTH="25" VPOS="2017" HPOS="713"/>
							<String ID="string_310" HPOS="738" VPOS="2017" WIDTH="150" HEIGHT="30" WC="0.95" CONTENT="förband"/><SP WIDTH="23" VPOS="2017" HPOS="888"/>
							<String ID="string_311" HPOS="911" VPOS="2017" WIDTH="11" HEIGHT="29" WC="0.96" CONTENT="i"/><SP WIDTH="26" VPOS="2017" HPOS="922"/>
							<String ID="string_312" HPOS="948" VPOS="2016" WIDTH="76" HEIGHT="31" WC="0.93" CONTENT="sina"/><SP WIDTH="25" VPOS="2016" HPOS="1024"/>
							<String ID="string_313" HPOS="1049" VPOS="2017" WIDTH="241" HEIGHT="40" WC="0.90" CONTENT="årsrapporter"/><SP WIDTH="25" VPOS="2017" HPOS="1290"/>
							<String ID="string_314" HPOS="1315" VPOS="2017" WIDTH="52" HEIGHT="30" WC="0.92" CONTENT="till"/><SP WIDTH="24" VPOS="2017" HPOS="1367"/>
							<String ID="string_315" HPOS="1391" VPOS="2018" WIDTH="242" HEIGHT="32" WC="0.91" CONTENT="arméförvalt-"/>
						</TextLine>
						<TextLine ID="line_36" HPOS="127" VPOS="2067" WIDTH="1506" HEIGHT="42">
							<String ID="string_316" HPOS="127" VPOS="2070" WIDTH="146" HEIGHT="39" WC="0.93" CONTENT="ningens"/><SP WIDTH="28" VPOS="2070" HPOS="273"/>
							<String ID="string_317" HPOS="301" VPOS="2067" WIDTH="415" HEIGHT="40" WC="0.91" CONTENT="intendenturavdelning"/><SP WIDTH="28" VPOS="2067" HPOS="716"/>
							<String ID="string_318" HPOS="744" VPOS="2067" WIDTH="174" HEIGHT="30" WC="0.96" CONTENT="redovisat"/><SP WIDTH="27" VPOS="2067" HPOS="918"/>
							<String ID="string_319" HPOS="945" VPOS="2067" WIDTH="72" HEIGHT="30" WC="0.96" CONTENT="helt"/><SP WIDTH="28" VPOS="2067" HPOS="1017"/>
							<String ID="string_320" HPOS="1045" VPOS="2068" WIDTH="111" HEIGHT="29" WC="0.96" CONTENT="andra"/><SP WIDTH="28" VPOS="2068" HPOS="1156"/>
							<String ID="string_321" HPOS="1184" VPOS="2068" WIDTH="122" HEIGHT="30" WC="0.96" CONTENT="siffror"/><SP WIDTH="27" VPOS="2068" HPOS="1306"/>
							<String ID="string_322" HPOS="1333" VPOS="2069" WIDTH="45" HEIGHT="29" WC="0.96" CONTENT="än"/><SP WIDTH="28" VPOS="2069" HPOS="1378"/>
							<String ID="string_323" HPOS="1406" VPOS="2069" WIDTH="42" HEIGHT="30" WC="0.96" CONTENT="de"/><SP WIDTH="26" VPOS="2069" HPOS="1448"/>
							<String ID="string_324" HPOS="1474" VPOS="2069" WIDTH="13" HEIGHT="30" WC="0.93" CONTENT="i"/><SP WIDTH="27" VPOS="2069" HPOS="1487"/>
							<String ID="string_325" HPOS="1514" VPOS="2071" WIDTH="119" HEIGHT="30" WC="0.92" CONTENT="veder-"/>
						</TextLine>
						<TextLine ID="line_37" HPOS="127" VPOS="2117" WIDTH="1505" HEIGHT="40">
							<String ID="string_326" HPOS="127" VPOS="2121" WIDTH="152" HEIGHT="29" WC="0.92" CONTENT="börande"/><SP WIDTH="21" VPOS="2121" HPOS="279"/>
							<String ID="string_327" HPOS="300" VPOS="2119" WIDTH="400" HEIGHT="38" WC="0.90" CONTENT="månadssammandrag"/><SP WIDTH="21" VPOS="2119" HPOS="700"/>
							<String ID="string_328" HPOS="721" VPOS="2119" WIDTH="189" HEIGHT="38" WC="0.96" CONTENT="upptagna."/><SP WIDTH="24" VPOS="2119" HPOS="910"/>
							<String ID="string_329" HPOS="934" VPOS="2117" WIDTH="169" HEIGHT="40" WC="0.96" CONTENT="Slutligen"/><SP WIDTH="23" VPOS="2117" HPOS="1103"/>
							<String ID="string_330" HPOS="1126" VPOS="2118" WIDTH="57" HEIGHT="30" WC="0.96" CONTENT="må"/><SP WIDTH="22" VPOS="2118" HPOS="1183"/>
							<String ID="string_331" HPOS="1205" VPOS="2118" WIDTH="216" HEIGHT="37" WC="0.96" CONTENT="framhållas,"/><SP WIDTH="22" VPOS="2118" HPOS="1421"/>
							<String ID="string_332" HPOS="1443" VPOS="2121" WIDTH="51" HEIGHT="28" WC="0.96" CONTENT="att"/><SP WIDTH="23" VPOS="2121" HPOS="1494"/>
							<String ID="string_333" HPOS="1517" VPOS="2121" WIDTH="41" HEIGHT="29" WC="0.96" CONTENT="de"/><SP WIDTH="22" VPOS="2121" HPOS="1558"/>
							<String ID="string_334" HPOS="1580" VPOS="2120" WIDTH="52" HEIGHT="31" WC="0.95" CONTENT="till"/>
						</TextLine>
						<TextLine ID="line_38" HPOS="127" VPOS="2167" WIDTH="1506" HEIGHT="41">
							<String ID="string_335" HPOS="127" VPOS="2170" WIDTH="218" HEIGHT="31" WC="0.96" CONTENT="revisorerna"/><SP WIDTH="21" VPOS="2170" HPOS="345"/>
							<String ID="string_336" HPOS="366" VPOS="2170" WIDTH="149" HEIGHT="29" WC="0.93" CONTENT="insända"/><SP WIDTH="22" VPOS="2170" HPOS="515"/>
							<String ID="string_337" HPOS="537" VPOS="2167" WIDTH="503" HEIGHT="39" WC="0.91" CONTENT="redovisningshandlingarna"/><SP WIDTH="23" VPOS="2167" HPOS="1040"/>
							<String ID="string_338" HPOS="1063" VPOS="2167" WIDTH="74" HEIGHT="31" WC="0.96" CONTENT="ofta"/><SP WIDTH="22" VPOS="2167" HPOS="1137"/>
							<String ID="string_339" HPOS="1159" VPOS="2168" WIDTH="88" HEIGHT="30" WC="0.96" CONTENT="förts"/><SP WIDTH="23" VPOS="2168" HPOS="1247"/>
							<String ID="string_340" HPOS="1270" VPOS="2169" WIDTH="45" HEIGHT="39" WC="0.96" CONTENT="på"/><SP WIDTH="21" VPOS="2169" HPOS="1315"/>
							<String ID="string_341" HPOS="1336" VPOS="2171" WIDTH="47" HEIGHT="28" WC="0.96" CONTENT="ett"/><SP WIDTH="23" VPOS="2171" HPOS="1383"/>
							<String ID="string_342" HPOS="1406" VPOS="2169" WIDTH="137" HEIGHT="31" WC="0.92" CONTENT="mindre"/><SP WIDTH="22" VPOS="2169" HPOS="1543"/>
							<String ID="string_343" HPOS="1565" VPOS="2171" WIDTH="68" HEIGHT="29" WC="0.89" CONTENT="till-"/>
						</TextLine>
						<TextLine ID="line_39" HPOS="127" VPOS="2217" WIDTH="1506" HEIGHT="40">
							<String ID="string_344" HPOS="127" VPOS="2220" WIDTH="269" HEIGHT="30" WC="0.92" CONTENT="fredsställande"/><SP WIDTH="28" VPOS="2220" HPOS="396"/>
							<String ID="string_345" HPOS="424" VPOS="2221" WIDTH="78" HEIGHT="28" WC="0.93" CONTENT="sätt."/><SP WIDTH="28" VPOS="2221" HPOS="502"/>
							<String ID="string_346" HPOS="530" VPOS="2217" WIDTH="215" HEIGHT="40" WC="0.95" CONTENT="Raderingar"/><SP WIDTH="27" VPOS="2217" HPOS="745"/>
							<String ID="string_347" HPOS="772" VPOS="2218" WIDTH="65" HEIGHT="29" WC="0.96" CONTENT="och"/><SP WIDTH="26" VPOS="2218" HPOS="837"/>
							<String ID="string_348" HPOS="863" VPOS="2218" WIDTH="109" HEIGHT="29" WC="0.96" CONTENT="andra"/><SP WIDTH="27" VPOS="2218" HPOS="972"/>
							<String ID="string_349" HPOS="999" VPOS="2217" WIDTH="190" HEIGHT="39" WC="0.96" CONTENT="ändringar"/><SP WIDTH="27" VPOS="2217" HPOS="1189"/>
							<String ID="string_350" HPOS="1216" VPOS="2219" WIDTH="127" HEIGHT="29" WC="0.96" CONTENT="liksom"/><SP WIDTH="27" VPOS="2219" HPOS="1343"/>
							<String ID="string_351" HPOS="1370" VPOS="2228" WIDTH="84" HEIGHT="21" WC="0.93" CONTENT="rena"/><SP WIDTH="27" VPOS="2228" HPOS="1454"/>
							<String ID="string_352" HPOS="1481" VPOS="2229" WIDTH="152" HEIGHT="21" WC="0.92" CONTENT="summe-"/>
						</TextLine>
						<TextLine ID="line_40" HPOS="128" VPOS="2266" WIDTH="1505" HEIGHT="44">
							<String ID="string_353" HPOS="128" VPOS="2271" WIDTH="143" HEIGHT="39" WC="0.92" CONTENT="ringsfel"/><SP WIDTH="25" VPOS="2271" HPOS="271"/>
							<String ID="string_354" HPOS="296" VPOS="2269" WIDTH="218" HEIGHT="31" WC="0.96" CONTENT="förekomma"/><SP WIDTH="25" VPOS="2269" HPOS="514"/>
							<String ID="string_355" HPOS="539" VPOS="2268" WIDTH="149" HEIGHT="30" WC="0.96" CONTENT="sålunda"/><SP WIDTH="23" VPOS="2268" HPOS="688"/>
							<String ID="string_356" HPOS="711" VPOS="2267" WIDTH="11" HEIGHT="29" WC="0.96" CONTENT="i"/><SP WIDTH="25" VPOS="2267" HPOS="722"/>
							<String ID="string_357" HPOS="747" VPOS="2269" WIDTH="72" HEIGHT="29" WC="0.96" CONTENT="stor"/><SP WIDTH="24" VPOS="2269" HPOS="819"/>
							<String ID="string_358" HPOS="843" VPOS="2267" WIDTH="255" HEIGHT="39" WC="0.94" CONTENT="utsträckning."/><SP WIDTH="25" VPOS="2267" HPOS="1098"/>
							<String ID="string_359" HPOS="1123" VPOS="2266" WIDTH="184" HEIGHT="40" WC="0.93" CONTENT="Åtskilliga"/><SP WIDTH="22" VPOS="2266" HPOS="1307"/>
							<String ID="string_360" HPOS="1329" VPOS="2269" WIDTH="304" HEIGHT="40" WC="0.91" CONTENT="portionsjourna-"/>
						</TextLine>
						<TextLine ID="line_41" HPOS="127" VPOS="2316" WIDTH="1504" HEIGHT="44">
							<String ID="string_361" HPOS="127" VPOS="2322" WIDTH="49" HEIGHT="29" WC="0.96" CONTENT="ler"/><SP WIDTH="19" VPOS="2322" HPOS="176"/>
							<String ID="string_362" HPOS="195" VPOS="2329" WIDTH="105" HEIGHT="31" WC="0.95" CONTENT="synas"/><SP WIDTH="20" VPOS="2329" HPOS="300"/>
							<String ID="string_363" HPOS="320" VPOS="2320" WIDTH="10" HEIGHT="29" WC="0.95" CONTENT="i"/><SP WIDTH="18" VPOS="2320" HPOS="330"/>
							<String ID="string_364" HPOS="348" VPOS="2319" WIDTH="183" HEIGHT="30" WC="0.95" CONTENT="efterhand"/><SP WIDTH="19" VPOS="2319" HPOS="531"/>
							<String ID="string_365" HPOS="550" VPOS="2318" WIDTH="46" HEIGHT="30" WC="0.92" CONTENT="ha"/><SP WIDTH="19" VPOS="2318" HPOS="596"/>
							<String ID="string_366" HPOS="615" VPOS="2316" WIDTH="207" HEIGHT="31" WC="0.92" CONTENT="renskrivits"/><SP WIDTH="19" VPOS="2316" HPOS="822"/>
							<String ID="string_367" HPOS="841" VPOS="2317" WIDTH="45" HEIGHT="39" WC="0.96" CONTENT="på"/><SP WIDTH="19" VPOS="2317" HPOS="886"/>
							<String ID="string_368" HPOS="905" VPOS="2317" WIDTH="151" HEIGHT="30" WC="0.78" CONTENT="maskin."/><SP WIDTH="21" VPOS="2317" HPOS="1056"/>
							<String ID="string_369" HPOS="1077" VPOS="2317" WIDTH="245" HEIGHT="40" WC="0.91" CONTENT="Vederbörliga"/><SP WIDTH="20" VPOS="2317" HPOS="1322"/>
							<String ID="string_370" HPOS="1342" VPOS="2319" WIDTH="289" HEIGHT="39" WC="0.92" CONTENT="portionsbesked"/>
						</TextLine>
						<TextLine ID="line_42" HPOS="128" VPOS="2368" WIDTH="548" HEIGHT="33">
							<String ID="string_371" HPOS="128" VPOS="2372" WIDTH="127" HEIGHT="29" WC="0.96" CONTENT="saknas"/><SP WIDTH="22" VPOS="2372" HPOS="255"/>
							<String ID="string_372" HPOS="277" VPOS="2371" WIDTH="87" HEIGHT="29" WC="0.96" CONTENT="även"/><SP WIDTH="22" VPOS="2371" HPOS="364"/>
							<String ID="string_373" HPOS="386" VPOS="2368" WIDTH="290" HEIGHT="31" WC="0.96" CONTENT="understundom."/>
						</TextLine>
					</TextBlock>
					<TextBlock ID="block_6" HPOS="129" VPOS="2417" WIDTH="1504" HEIGHT="94">
						<TextLine ID="line_43" HPOS="172" VPOS="2417" WIDTH="1461" HEIGHT="42">
							<String ID="string_374" HPOS="172" VPOS="2422" WIDTH="76" HEIGHT="29" WC="0.96" CONTENT="Med"/><SP WIDTH="23" VPOS="2422" HPOS="248"/>
							<String ID="string_375" HPOS="271" VPOS="2421" WIDTH="138" HEIGHT="38" WC="0.96" CONTENT="hänsyn"/><SP WIDTH="22" VPOS="2421" HPOS="409"/>
							<String ID="string_376" HPOS="431" VPOS="2419" WIDTH="51" HEIGHT="30" WC="0.96" CONTENT="till"/><SP WIDTH="23" VPOS="2419" HPOS="482"/>
							<String ID="string_377" HPOS="505" VPOS="2418" WIDTH="45" HEIGHT="30" WC="0.95" CONTENT="bl."/><SP WIDTH="23" VPOS="2418" HPOS="550"/>
							<String ID="string_378" HPOS="573" VPOS="2428" WIDTH="30" HEIGHT="20" WC="0.96" CONTENT="a."/><SP WIDTH="23" VPOS="2428" HPOS="603"/>
							<String ID="string_379" HPOS="626" VPOS="2418" WIDTH="62" HEIGHT="29" WC="0.95" CONTENT="sist"/><SP WIDTH="23" VPOS="2418" HPOS="688"/>
							<String ID="string_380" HPOS="711" VPOS="2417" WIDTH="150" HEIGHT="30" WC="0.96" CONTENT="anförda"/><SP WIDTH="22" VPOS="2417" HPOS="861"/>
							<String ID="string_381" HPOS="883" VPOS="2417" WIDTH="298" HEIGHT="39" WC="0.96" CONTENT="omständigheter"/><SP WIDTH="22" VPOS="2417" HPOS="1181"/>
							<String ID="string_382" HPOS="1203" VPOS="2418" WIDTH="123" HEIGHT="30" WC="0.96" CONTENT="kunna"/><SP WIDTH="21" VPOS="2418" HPOS="1326"/>
							<String ID="string_383" HPOS="1347" VPOS="2419" WIDTH="75" HEIGHT="30" WC="0.96" CONTENT="icke"/><SP WIDTH="24" VPOS="2419" HPOS="1422"/>
							<String ID="string_384" HPOS="1446" VPOS="2420" WIDTH="41" HEIGHT="30" WC="0.92" CONTENT="de"/><SP WIDTH="22" VPOS="2420" HPOS="1487"/>
							<String ID="string_385" HPOS="1509" VPOS="2421" WIDTH="124" HEIGHT="30" WC="0.92" CONTENT="beräk-"/>
						</TextLine>
						<TextLine ID="line_44" HPOS="129" VPOS="2467" WIDTH="1498" HEIGHT="44">
							<String ID="string_386" HPOS="129" VPOS="2472" WIDTH="123" HEIGHT="39" WC="0.95" CONTENT="ningar"/><SP WIDTH="31" VPOS="2472" HPOS="252"/>
							<String ID="string_387" HPOS="283" VPOS="2480" WIDTH="76" HEIGHT="20" WC="0.96" CONTENT="som"/><SP WIDTH="32" VPOS="2480" HPOS="359"/>
							<String ID="string_388" HPOS="391" VPOS="2469" WIDTH="216" HEIGHT="31" WC="0.95" CONTENT="revisorerna"/><SP WIDTH="33" VPOS="2469" HPOS="607"/>
							<String ID="string_389" HPOS="640" VPOS="2468" WIDTH="182" HEIGHT="30" WC="0.95" CONTENT="verkställt"/><SP WIDTH="33" VPOS="2468" HPOS="822"/>
							<String ID="string_390" HPOS="855" VPOS="2468" WIDTH="148" HEIGHT="29" WC="0.96" CONTENT="rörande"/><SP WIDTH="33" VPOS="2468" HPOS="1003"/>
							<String ID="string_391" HPOS="1036" VPOS="2468" WIDTH="57" HEIGHT="29" WC="0.95" CONTENT="det"/><SP WIDTH="34" VPOS="2468" HPOS="1093"/>
							<String ID="string_392" HPOS="1127" VPOS="2467" WIDTH="123" HEIGHT="40" WC="0.95" CONTENT="högsta"/><SP WIDTH="34" VPOS="2467" HPOS="1250"/>
							<String ID="string_393" HPOS="1284" VPOS="2470" WIDTH="130" HEIGHT="29" WC="0.93" CONTENT="antalet"/><SP WIDTH="33" VPOS="2470" HPOS="1414"/>
							<String ID="string_394" HPOS="1447" VPOS="2471" WIDTH="180" HEIGHT="40" WC="0.92" CONTENT="utspisade"/>
						</TextLine>
					</TextBlock>
				</ComposedBlock>
			</PrintSpace>
		</Page>
	</Layout>
</alto>
