1866 2774
535 159 296 34 Statsutskottets
846 158 185 34 utlåtande
1048 171 38 19 nr
1100 160 73 37 141.
1558 159 39 29 31

114 253 125 22 nernas
263 240 188 34 realskolor
473 240 158 33 kommer
653 238 91 34 dock
766 238 111 33 under
899 238 68 33 alla
988 237 242 33 förhållanden
1253 241 55 28 att
1330 236 78 39 öka,
1431 236 107 33 sedan
1561 236 42 32 de

114 287 124 39 elever,
258 298 74 21 som
352 285 128 33 önskar
498 283 448 41 realexamensutbildning,
964 285 199 39 utestängts
1182 281 79 33 från
1278 280 223 34 Stockholms
1519 280 83 33 real-

115 331 126 33 skolor.
259 331 66 32 Ett
343 329 274 43 genomförande
634 341 44 21 av
696 328 273 42 överstyrelsens
986 327 129 41 förslag
1132 327 118 32 ställer
1267 326 103 33 alltså
1386 325 112 33 ökade
1516 325 87 32 krav

114 377 45 42 på
179 375 387 43 grannkommunernas
584 373 159 42 förmåga
761 377 56 29 att
834 371 268 34 tillhandahålla
1120 371 75 33 sina
1213 371 87 33 barn
1319 370 135 33 önskad
1474 370 128 33 utbild-

115 422 84 41 ning
217 421 10 32 i
246 420 106 42 högre
371 420 126 33 skolor.
516 419 120 41 Enligt
654 418 73 33 min
746 418 141 42 mening
905 420 39 32 är
961 417 61 34 det
1039 418 10 33 i
1068 416 63 33 och
1151 416 54 33 för
1223 416 51 41 sig
1291 415 192 42 ingalunda
1501 414 101 34 önsk-

129 469 65 30 värt
212 471 56 28 att
285 465 170 42 begränsa
471 465 67 33 den
555 463 105 34 frihet
676 467 55 29 att
747 464 138 41 placera
900 462 133 34 barnen
1049 462 9 33 i
1074 461 224 34 Stockholms
1313 460 199 39 realskolor,
1529 472 73 21 som

114 511 126 33 hittills
263 510 166 42 åtnjutits
450 509 107 34 också
577 521 44 21 av
642 509 42 33 de
704 508 332 42 grannkommuner,
1057 519 74 21 som
1152 506 115 41 själva
1285 505 63 34 har
1367 505 198 33 realskolor.
1585 505 18 33 I

115 556 205 33 nuvarande
342 555 149 42 prekära
512 554 75 42 läge
608 553 53 33 för
681 553 222 33 Stockholms
926 552 79 33 stad
1028 563 101 30 synes
1150 552 61 32 det
1232 550 193 34 emellertid
1446 550 156 33 nödvän-

115 601 74 41 digt
214 604 56 29 att
294 600 68 33 tills
388 599 119 34 vidare
531 598 193 34 förbehålla
747 597 236 34 realskolorna
1005 597 9 33 i
1038 596 205 34 Stockholm
1265 596 11 33 i
1298 595 112 33 första
1432 594 94 34 hand
1551 595 52 32 för

115 646 144 33 stadens
278 657 88 29 egna
384 645 88 32 barn
492 643 65 34 och
576 643 86 33 barn
681 642 79 33 från
779 643 42 33 de
839 641 332 43 grannkommuner,
1190 652 75 21 som
1284 640 113 42 själva
1416 642 94 30 ännu
1529 639 74 33 icke

115 690 139 33 kunnat
275 690 111 33 ordna
405 689 81 33 med
507 688 105 42 högre
632 687 211 42 utbildning.
864 686 122 34 Såsom
1008 686 254 41 överstyrelsen
1282 684 204 39 framhållit,
1506 684 96 33 kom-

115 747 74 21 mer
211 734 118 34 härtill
353 734 67 33 den
442 745 98 22 mera
561 732 154 43 positiva
737 731 239 43 synpunkten,
999 735 55 29 att
1075 731 60 33 det
1157 730 75 33 icke
1255 729 106 34 heller
1382 732 38 30 är
1442 728 160 34 tillfreds-

116 779 174 34 ställande
307 779 54 33 för
377 778 227 43 planeringen
622 777 64 34 och
704 776 249 42 utvecklingen
970 788 45 21 av
1032 775 184 41 befintliga
1232 774 65 34 och
1315 774 188 43 planerade
1520 774 83 32 real-

117 825 115 33 skolor
255 824 81 33 eller
358 822 301 44 högstadieskolor
681 822 10 33 i
714 821 222 34 Stockholms
959 820 332 43 grannkommuner,
1313 824 56 29 att
1389 831 43 21 en
1455 824 73 27 stor
1550 819 53 33 del

117 882 43 21 av
186 870 43 33 de
253 869 54 33 för
331 868 191 34 teoretiska
546 867 132 34 studier
701 871 91 29 mest
815 866 163 42 lämpade
1002 866 159 33 eleverna
1185 864 101 33 söker
1309 864 51 42 sig
1382 864 53 33 till
1458 863 115 33 skolor
1594 863 10 33 i

116 913 217 35 Stockholm.

161 967 57 33 Av
239 968 100 33 dessa
360 967 75 33 skäl
456 966 154 33 ansluter
628 965 60 42 jag
707 965 72 42 mig
798 966 10 32 i
827 964 134 43 princip
981 964 52 33 till
1053 963 272 42 överstyrelsens
1345 962 140 42 förslag,
1505 962 10 32 i
1536 962 68 33 vad

117 1013 60 33 det
196 1013 107 41 gäller
321 1011 319 42 gränsdragningen
659 1010 128 33 mellan
806 1009 205 34 Stockholm
1029 1008 64 34 och
1112 1008 42 33 de
1173 1020 45 21 av
1237 1008 77 33 dess
1332 1006 272 43 grannkommu-

117 1069 71 27 ner,
210 1069 75 21 som
307 1056 112 42 själva
438 1056 72 33 kan
530 1054 147 42 erbjuda
697 1053 381 42 realskoleutbildning.
1099 1053 73 33 Det
1192 1052 111 33 skulle
1322 1051 204 39 emellertid,
1546 1063 58 21 an-

118 1114 52 21 ser
185 1102 71 43 jag,
273 1114 85 20 vara
374 1100 152 42 oskäligt
541 1105 55 29 att
611 1104 87 29 utan
715 1100 94 32 vissa
824 1098 221 42 möjligheter
1059 1097 52 34 till
1127 1097 164 42 uppskov
1306 1096 218 34 omedelbart
1539 1095 66 34 till-

116 1147 120 42 lämpa
261 1147 43 32 de
328 1146 197 41 föreslagna
549 1145 311 33 bestämmelserna
883 1143 54 33 för
961 1142 267 42 ifrågavarande
1252 1141 322 43 grannkommuner
1596 1141 11 33 i

118 1191 164 42 samtliga
296 1191 70 33 fall.
381 1191 68 33 Till
464 1191 101 33 detta
578 1190 170 42 spörsmål
763 1188 235 34 återkommer
1009 1187 60 42 jag
1081 1188 10 33 i
1105 1187 60 33 det
1178 1186 167 42 följande.

163 1245 102 33 Flera
282 1257 45 20 av
343 1244 369 42 grannkommunerna
728 1246 38 30 är
782 1242 10 33 i
808 1242 77 34 färd
901 1242 81 33 med
999 1246 55 28 att
1069 1241 142 42 planera
1228 1240 65 33 och
1309 1240 149 41 utvidga
1472 1239 134 41 möjlig-

118 1290 147 33 heterna
282 1290 51 33 till
352 1290 110 33 sådan
480 1288 211 42 utbildning,
709 1300 75 21 som
803 1287 175 42 anknyter
995 1286 51 33 till
1064 1285 210 34 folkskolan.
1292 1284 88 34 Med
1397 1285 67 33 den
1482 1284 124 42 princi-

118 1335 104 42 piella
245 1334 223 42 ståndpunkt
489 1333 60 42 jag
570 1345 82 30 nyss
674 1332 129 42 intagit
825 1332 59 34 vill
904 1331 61 42 jag
985 1330 237 42 understryka
1243 1329 297 42 angelägenheten
1562 1341 45 20 av

120 1384 54 29 att
195 1391 43 21 en
260 1379 97 42 dylik
377 1378 204 42 utveckling
601 1377 77 33 sker
698 1377 95 33 inom
814 1376 160 42 samtliga
996 1388 45 20 av
1061 1375 230 33 förevarande
1311 1374 130 41 förslag
1460 1374 146 32 berörda

117 1424 332 42 grannkommuner.
469 1423 18 33 I
507 1422 110 33 likhet
635 1423 80 32 med
736 1421 255 42 överstyrelsen
1012 1420 64 33 och
1097 1419 248 42 länsstyrelsen
1365 1418 54 33 får
1438 1418 60 41 jag
1516 1418 10 32 i
1547 1430 58 21 an-

120 1468 155 41 slutning
294 1468 116 33 härtill
429 1467 186 33 framhålla
632 1465 285 34 önskvärdheten
937 1477 44 21 av
1000 1469 55 28 att
1072 1464 115 41 frågor
1206 1476 45 21 av
1269 1464 113 33 denna
1402 1468 55 28 art
1475 1463 65 32 blir
1557 1462 49 33 fö-

119 1514 108 33 remål
242 1513 54 32 för
310 1512 315 34 interkommunalt
639 1511 197 33 samarbete
851 1511 10 33 i
875 1509 144 43 lämplig
1032 1509 100 33 form.

164 1596 79 34 Vad
265 1595 152 34 därefter
485 1594 289 33 Stockholms
805 1593 113 33 stad
949 1592 182 39 beträffar,
1150 1592 39 32 så
1207 1591 107 42 gäller
1332 1590 196 43 problemet
1546 1590 63 33 här

121 1645 55 29 att
205 1640 131 33 snabbt
364 1639 149 42 utvidga
540 1638 269 42 möjligheterna
836 1638 52 33 till
916 1636 382 42 realskoleutbildning,
1325 1635 54 34 för
1406 1639 56 29 att
1489 1635 53 33 för
1567 1635 42 33 de

121 1685 115 34 starkt
254 1685 160 33 växande
432 1684 217 33 årskullarna
666 1683 87 33 skall
770 1683 122 33 kunna
907 1694 58 30 ges
983 1682 142 33 relativt
1141 1686 71 28 sett
1229 1693 136 21 samma
1380 1680 159 33 tillfällen
1557 1680 51 33 till

121 1730 98 42 dylik
237 1729 212 42 utbildning,
468 1741 75 21 som
561 1728 124 33 hittills
704 1728 178 42 förelegat.
901 1727 17 33 I
936 1727 152 41 enlighet
1107 1727 79 32 med
1206 1726 42 33 de
1267 1726 59 33 vid
1346 1728 84 30 1951
1453 1725 53 32 års
1525 1725 82 32 riks-

121 1776 68 40 dag
214 1775 113 42 (prop.
351 1778 74 35 136,
447 1773 58 34 SU
528 1777 75 35 167,
623 1773 76 32 rskr
720 1773 79 41 310)
823 1772 185 33 förordade
1029 1771 218 41 riktlinjerna
1270 1770 53 33 för
1343 1770 43 33 de
1406 1770 105 41 högre
1532 1769 76 33 sko-

120 1820 116 33 lornas
264 1819 203 41 utveckling
493 1818 110 33 under
629 1817 292 42 övergångstiden
949 1816 72 33 före
1047 1815 266 33 enhetsskolans
1339 1814 183 33 införande
1548 1814 62 32 har

122 1864 223 33 Stockholms
365 1864 79 32 stad
464 1864 9 33 i
494 1863 100 33 detta
611 1862 198 33 hänseende
829 1862 75 32 valt
922 1861 67 33 den
1009 1863 120 38 utväg,
1149 1872 75 20 som
1243 1859 146 33 innebär
1407 1859 201 32 inrättande

122 1920 45 21 av
182 1909 11 33 i
209 1908 197 33 folkskolan
424 1907 178 42 inbyggda
617 1906 280 41 realskolelinjer,
913 1906 42 32 de
971 1917 26 20 s.
1011 1905 33 32 k.
1062 1908 85 29 1947
1164 1905 54 31 års
1234 1904 125 32 skolor.
1375 1903 17 32 I
1408 1904 101 32 dessa
1522 1904 87 31 läses

122 1952 165 42 engelska
306 1953 10 32 i
336 1952 92 33 klass
449 1956 19 29 5
490 1952 64 32 och
575 1955 30 35 6,
640 1951 139 33 varefter
799 1950 52 33 för
870 1951 41 32 de
930 1950 125 37 elever,
1075 1961 74 20 som
1169 1948 130 33 önskar
1317 1948 292 33 realexamensut-

122 1998 160 40 bildning
300 1997 64 33 och
384 1996 177 43 uppfyller
579 1996 92 33 vissa
689 1995 119 33 härför
826 1995 204 42 uppställda
1047 1994 135 38 villkor,
1201 1993 102 41 följer
1320 2005 41 20 en
1381 1992 129 42 treårig
1527 1992 82 32 real-

123 2042 192 41 skolelinje,
337 2054 73 20 som
433 2042 157 32 avslutas
610 2041 80 32 med
712 2041 227 32 realexamen.
960 2039 66 34 Vid
1049 2039 97 33 sidan
1169 2051 45 20 av
1235 2039 67 32 den
1322 2037 192 33 teoretiska
1533 2049 76 20 exa-

123 2087 207 40 menslinjen
355 2086 112 33 finnes
492 2086 9 32 i
527 2089 86 29 1947
637 2086 54 32 års
715 2085 116 34 skolor
853 2096 40 21 en
918 2084 164 33 likaledes
1105 2083 129 40 treårig
1256 2082 177 42 praktiskt
1457 2082 152 32 betonad

123 2131 82 41 linje
225 2136 85 27 utan
332 2132 228 31 realexamen.
580 2133 85 29 1947
685 2130 53 32 års
758 2129 114 32 skolor
889 2129 63 32 har
969 2128 124 32 hittills
1111 2130 205 39 upprättats
1334 2127 9 33 i
1363 2130 40 28 12
1422 2127 188 31 överlärar-

123 2176 155 35 distrikt,
304 2188 108 20 varav
439 2179 19 28 9
485 2175 93 32 inom
604 2173 587 41 Enskede-Brännkyrkaområdet.
1218 2171 187 41 Därjämte
1430 2170 63 33 har
1519 2171 92 31 inom

124 2221 92 31 vissa
238 2219 320 33 överlärardistrikt
578 2223 146 28 startats
746 2217 361 33 försöksverksamhet
1127 2216 79 32 med
1227 2215 132 40 nioårig
1378 2215 233 35 enhetsskola,

124 2265 42 32 de
187 2264 74 32 s.k.
284 2267 84 28 1949
390 2264 52 31 års
464 2263 125 32 skolor.
608 2263 16 31 I
646 2263 67 31 fem
735 2261 318 33 överlärardistrikt
1071 2261 78 31 med
1173 2263 86 29 1947
1278 2260 53 31 års
1352 2259 116 32 skolor
1486 2259 63 31 har
1567 2260 45 39 på

124 2308 189 41 lågstadiet
333 2308 74 32 från
428 2307 65 33 och
514 2308 77 31 med
614 2307 236 32 innevarande
869 2306 90 32 läsår
978 2309 145 28 startats
1144 2303 225 34 verksamhet
1387 2315 45 21 av
1454 2306 84 29 1949
1558 2304 53 30 års

124 2357 76 37 typ;

171 2398 55 31 Av
251 2397 349 41 skolöverstyrelsens
625 2395 260 41 undersökning
907 2395 154 40 framgår
1083 2395 78 32 med
1187 2395 43 32 all
1256 2393 186 42 tydlighet,
1466 2398 55 28 att
1543 2393 68 32 En-

126 2441 520 41 skede-Brännkyrkaområdet
666 2441 91 32 intar
774 2453 40 19 en
835 2440 200 42 särpräglad
1055 2439 165 41 ställning
1238 2439 6 32 i
1267 2438 95 41 fråga
1378 2450 56 20 om
1457 2438 155 39 tillgång-

126 2499 38 20 en
190 2488 44 40 på
256 2485 619 41 realskoleutbildningsmöjligheter.
900 2485 12 31 I
933 2485 101 32 detta
1052 2484 142 32 område
1215 2483 158 32 kommer
1393 2482 91 33 inom
1507 2483 106 40 några
