1880 2794
216 155 120 30 Andra
363 155 223 29 kammarens
624 152 165 40 tredje
825 151 172 39 tillfälliga
1025 151 153 29 utskotts
1205 150 179 30 utlåtande
1407 159 42 21 nr
1473 151 29 28 5.
1600 151 14 29 1

799 446 60 40 Nr
885 445 37 41 3.

337 568 116 29 Andra
480 567 205 29 kammaren
725 566 165 38 tredje
931 563 173 40 tillfälliga
1131 564 154 29 utskotts
1315 562 178 30 utlåtande
1521 562 11 29 i
1558 571 60 20 an-

558 617 140 39 ledning
721 626 42 20 av
789 616 100 29 väckt
913 615 133 29 motion
1073 624 55 20 om
1156 614 167 39 slopande
1348 623 41 20 av
1414 613 203 30 sockerran-

558 668 206 38 soneringen
790 667 57 38 för
869 667 40 29 de
933 666 159 29 enskilda
1117 664 197 30 hushållen.

159 790 13 29 I
208 798 42 20 en
287 789 95 29 inom
407 788 206 38 riksdagens
640 786 109 30 andra
776 786 179 29 kammare
980 785 114 32 väckt,
1121 784 52 29 till
1201 784 79 29 dess
1306 783 110 38 tredje
1441 782 177 39 tillfälliga

119 840 134 30 utskott
294 839 169 29 hänvisad
503 838 144 33 motion,
684 846 42 19 nr
757 836 71 33 154,
857 837 44 28 ha
930 836 121 29 herrar
1081 834 201 29 Andersson
1310 834 10 28 i
1349 833 178 39 Björkäng
1554 832 64 30 och

117 891 163 29 Ericsson
310 890 10 28 i
347 890 68 29 Näs
441 888 189 34 hemställt,
659 890 49 27 att
737 887 186 38 riksdagen
950 886 108 29 måtte
1087 886 135 29 besluta
1252 886 50 28 att
1330 885 10 29 i
1372 884 165 30 skrivelse
1566 883 52 29 till

116 941 125 39 Kungl.
267 940 104 39 Maj:t
393 940 124 38 begära
543 939 165 39 slopande
731 947 41 20 av
795 937 398 38 sockerransoneringen
1215 936 55 29 för
1293 936 41 29 de
1356 935 159 29 enskilda
1538 935 81 28 hus-

117 992 126 30 hållen.

161 1043 13 29 I
195 1042 99 38 fråga
315 1051 56 20 om
393 1041 252 38 motiveringen
666 1040 54 29 får
741 1040 170 28 utskottet
931 1038 147 30 hänvisa
1101 1038 51 29 till
1175 1037 189 30 motionen.

159 1093 87 30 Över
267 1093 177 29 motionen
463 1092 64 28 har
549 1092 169 28 utskottet
737 1090 173 29 inhämtat
929 1089 206 29 utlåtanden
1156 1088 80 30 från
1257 1089 131 28 statens
1407 1087 213 30 livsmedels-

116 1143 242 33 kommission,
385 1144 131 28 statens
543 1141 266 32 sockernämnd,
836 1140 154 39 Sveriges
1014 1139 195 29 betodlares
1235 1138 297 38 centralförening
1555 1137 64 29 och

119 1194 154 39 Sveriges
302 1192 429 38 husmodersföreningars
759 1191 239 29 riksförbund.

161 1245 139 30 Statens
330 1242 440 31 livsmedelskommission.
811 1241 283 30 Kommissionen
1123 1241 63 29 har
1216 1240 193 29 undersökt
1437 1239 183 39 möjlighe-

117 1298 100 28 terna
241 1298 49 27 att
319 1295 203 39 genomföra
546 1296 48 28 ett
620 1293 153 40 partiellt
801 1293 164 39 slopande
990 1301 43 20 av
1060 1291 398 38 sockerransoneringen
1482 1290 46 40 på
1553 1291 67 28 sätt

115 1347 11 29 i
145 1347 179 29 motionen
343 1345 208 39 föreslagits.
573 1345 121 29 Denna
712 1343 265 38 undersökning
996 1343 64 29 har
1078 1342 194 29 emellertid
1293 1341 81 39 givit
1394 1341 57 30 vid
1468 1341 152 33 handen,

119 1399 49 28 att
191 1397 94 29 detta
307 1397 75 29 icke
403 1396 87 29 låter
515 1396 51 38 sig
590 1396 91 38 göra.
712 1395 59 29 Att
795 1393 239 41 upprätthålla
1057 1403 42 19 en
1121 1391 421 39 konsumtionsreglering
1564 1400 57 20 en-

118 1449 77 29 dast
216 1447 221 30 beträffande
459 1446 92 29 vissa
575 1446 195 38 kategorier
792 1455 42 19 av
856 1444 208 30 förbrukare
1089 1445 38 27 är
1150 1443 110 29 under
1285 1442 68 30 alla
1375 1441 246 30 förhållanden

119 1501 48 27 ett
193 1499 148 29 svårlöst
367 1496 406 38 ransoneringstekniskt
800 1495 166 40 problem.
994 1495 78 28 Med
1100 1494 66 29 den
1194 1493 287 39 gränsdragning,
1509 1501 75 20 som
1610 1492 11 28 i

119 1550 95 29 detta
239 1549 63 29 fall
329 1556 107 25 avses,
462 1547 111 29 måste
600 1546 184 40 uppgiften
811 1546 187 29 betecknas
1026 1554 74 20 som
1129 1544 132 38 olöslig.
1290 1544 65 28 Det
1381 1544 37 29 är
1444 1542 177 39 nämligen

119 1600 76 29 icke
222 1599 139 39 möjligt
387 1600 50 28 att
466 1597 396 39 ransoneringsmässigt
889 1595 150 39 avskilja
1069 1595 41 29 de
1139 1595 160 29 enskilda
1325 1594 186 29 hushållen
1541 1593 81 29 från

120 1651 41 29 de
183 1650 118 38 övriga
323 1650 261 32 konsumenter,
610 1657 74 20 som
706 1647 10 29 i
740 1647 109 30 likhet
874 1647 79 29 med
976 1646 101 29 dessa
1102 1647 82 37 göra
1208 1645 77 30 sina
1306 1645 106 39 inköp
1435 1654 43 20 av
1500 1644 122 29 socker

119 1701 11 29 i
152 1700 264 39 detaljhandeln
438 1699 83 29 eller
543 1708 73 20 som
638 1699 56 29 vid
715 1700 48 27 ett
784 1697 111 39 dylikt
915 1697 153 39 partiellt
1090 1696 194 39 frigivande
1309 1705 41 20 av
1384 1705 93 20 varan
1500 1696 122 28 kunna

120 1751 180 30 förmodas
324 1750 124 38 övergå
469 1749 53 29 till
548 1751 48 28 att
620 1749 107 29 anlita
751 1748 194 38 detaljister
968 1756 74 20 som
1065 1747 244 29 leverantörer.

164 1802 73 28 Den
262 1801 90 29 enda
375 1800 244 39 avgränsning,
642 1809 74 20 som
739 1799 70 29 kan
832 1799 69 32 ske,
924 1799 38 28 är
985 1799 50 28 att
1057 1798 41 28 de
1124 1797 241 39 sockerinköp,
1389 1806 74 20 som
1485 1796 138 29 förbru-

120 1853 82 28 kare
224 1853 82 37 göra
328 1851 112 29 direkt
463 1851 63 28 hos
547 1851 63 28 hos
635 1849 258 38 sockerbolaget
916 1849 82 28 eller
1020 1848 64 29 hos
1107 1847 272 40 partihandlare,
1403 1847 219 29 fortfarande

121 1903 235 28 underkastas
381 1901 181 38 reglering,
589 1901 109 28 under
724 1900 56 28 det
808 1901 49 27 att
883 1899 66 29 den
978 1898 118 38 övriga
1123 1898 153 29 handeln
1304 1898 78 28 med
1410 1898 121 28 socker
1557 1897 66 28 blir

122 1953 55 28 fri.
221 1952 120 29 Redan
369 1951 55 29 för
453 1951 218 29 närvarande
701 1950 127 28 anlitas
856 1948 278 39 detaljhandelln
1164 1948 11 29 i
1202 1948 71 29 viss
1304 1947 213 39 omfattning
1549 1956 73 20 som

120 2003 318 29 sockerleverantör
475 2011 42 19 av
544 2000 248 38 hembagerier,
820 1999 333 30 karamellkokerier
1183 1999 64 28 och
1275 1999 109 28 andra
1412 1998 212 37 småföretag

117 2053 94 29 inom
239 2053 41 30 de
310 2051 361 30 sockerförbrukande
699 2050 247 29 branscherna.
986 2049 81 29 Man
1106 2049 110 29 måste
1259 2049 83 37 utgå
1380 2049 79 29 från
1488 2050 49 27 att
1567 2048 55 29 vid

121 2113 42 20 en
186 2104 229 37 ransonering
437 2103 121 29 enbart
581 2102 220 29 beträffande
824 2102 243 29 leveranserna
1093 2101 78 28 från
1194 2100 246 39 partihandeln
1463 2101 49 28 ett
1537 2100 86 28 stort

122 2154 228 29 mellanskikt
375 2163 41 19 av
440 2153 221 29 industriella
688 2153 64 28 och
779 2152 164 29 liknande
972 2151 144 37 företag,
1144 2160 74 19 som
1246 2150 125 29 hittills
1398 2150 139 29 erhållit
1565 2149 59 29 sitt

123 2206 120 28 socker
266 2205 114 28 direkt
402 2203 79 30 från
503 2203 257 39 partihandeln,
787 2202 110 29 skulle
920 2201 155 39 utnyttja
1101 2201 227 38 möjligheten
1350 2203 49 26 att
1421 2200 127 39 utfylla
1571 2200 52 29 sin

122 2255 197 36 tilldelning
348 2262 121 29 genom
501 2254 106 37 inköp
634 2253 9 28 i
671 2252 263 37 detaljhandeln
962 2252 64 28 och
1055 2252 143 29 därmed
1225 2251 11 28 i
1266 2251 179 28 realiteten
1472 2251 48 28 bli
1548 2251 77 28 obe-

120 2305 126 28 roende
275 2314 41 19 av
343 2304 283 36 ransoneringen.
654 2303 55 28 Ett
735 2302 453 37 ransoneringsförfarande
1217 2311 41 18 av
1285 2301 112 28 denna
1425 2303 57 36 typ
1513 2300 111 29 skulle

123 2355 101 29 alltså
243 2355 44 28 ha
307 2354 110 29 effekt
436 2354 123 28 endast
579 2353 9 28 i
611 2353 95 37 fråga
728 2362 54 18 om
807 2353 40 28 de
868 2352 133 37 företag
1022 2351 8 29 i
1053 2352 40 28 de
1116 2351 144 29 berörda
1282 2351 246 32 branscherna,
1550 2360 73 19 som

126 2406 75 28 med
227 2406 136 37 hänsyn
390 2404 49 28 till
468 2404 53 28 sin
547 2404 129 28 storlek
703 2403 74 29 icke
805 2403 119 28 kunna
949 2402 180 28 förmodas
1155 2402 108 28 anlita
1291 2403 147 35 utvägen
1464 2403 49 27 att
1543 2402 80 36 göra

123 2455 300 40 kompletterande
449 2454 231 38 sockerinköp
708 2453 8 29 i
744 2453 273 38 detaljhandeln.

153 2524 8 24 1
192 2515 14 41 —
216 2523 112 29 Bihang
342 2522 44 23 till
399 2521 168 30 riksdagens
579 2521 146 30 protokoll
740 2521 74 23 1949.
843 2521 28 22 13
896 2520 83 23 saml.
1003 2521 15 20 3
1044 2519 62 24 avd.
1133 2520 37 22 Nr
1194 2520 76 23 5—6.
