1908 2830
463 136 436 31 Konstitutionsutskoitets
920 138 181 30 memorial
1124 147 41 20 nr
1190 138 49 30 16.
1568 135 41 32 39

809 238 92 31 XII

140 301 173 36 (Protokoll
336 306 73 26 över
432 305 425 27 kommunikationsärenden
879 306 59 26 den
963 306 16 26 8
1004 307 169 26 november
1197 306 79 27 1946
1301 307 58 26 och
1382 307 60 27 den
1465 307 36 26 21
1527 315 82 19 mars

185 346 105 35 1947.)

145 449 42 21 av
213 440 121 29 herrar
357 440 140 37 Herlitz,
520 440 93 29 John
641 440 202 37 Gustavson,
868 438 170 40 Englund,
1063 440 113 39 Nolin,
1201 442 136 39 Kyling,
1363 441 154 32 Dickson
1541 443 65 30 och

104 490 151 31 Larsson
276 491 10 30 i
308 490 211 36 Stockholm,
541 501 74 20 som
636 491 117 30 anfört
776 491 167 39 följande:

150 558 34 30 »I
203 558 188 30 november
409 559 84 29 19435
511 558 308 37 ledigförklarades
835 569 43 21 en
895 559 492 39 förrådsförmansbefattning
1404 561 57 31 vid
1479 566 130 27 statens

102 608 204 36 Järnvägars
334 608 322 39 förrådsavdelning
679 610 11 30 i
715 610 39 31 X.
782 609 122 32 Såsom
928 611 154 31 sökande
1110 612 51 30 till
1184 612 238 36 befattningen
1447 614 162 29 anmälde

103 659 51 37 sig
172 659 45 30 bl.
240 669 30 21 a.
294 659 288 32 maskinbiträdet
603 661 48 36 A.,
678 661 257 31 trafikbiträdet
955 662 48 37 B.,
1030 662 288 32 maskinbiträdet
1340 663 34 31 C.
1398 664 65 30 och
1487 664 119 31 trafik-

101 709 149 32 biträdet
274 710 40 31 D.
1455 734 27 15 ip
1512 719 33 33 Kl
1556 710 53 49 FR

147 760 64 32 Vid
236 762 259 30 sammanträde
514 763 11 29 i
546 762 187 37 anledning
756 763 109 30 härav
885 763 93 31 inför
999 763 361 33 förrådsintendenten
1381 765 11 30 i
1413 765 39 30 X.
1478 767 66 30 den
1566 767 42 29 26

103 812 189 30 november
308 813 80 30 med
406 813 43 30 de
470 822 24 21 s.
514 813 32 30 k.
569 813 359 37 förordsfullmäktige
945 814 57 31 för
1019 814 310 32 förrådsförmans-
1349 826 87 26 resp.
1456 816 150 32 förråds-

104 862 258 36 vaktsgruppen
379 863 10 30 i
407 863 39 31 X.
465 864 203 31 meddelade
684 864 370 38 förrådsintendenten,
1074 871 49 27 att
1141 866 180 31 sökanden
1339 868 38 29 A.
1396 867 78 31 icke
1492 868 118 31 kunde

102 912 267 38 ifrågakomma,
390 913 43 31 då
451 914 73 31 han
541 914 77 31 icke
635 916 88 36 ägde
743 916 42 30 de
802 915 297 38 förutsättningar,
1119 927 75 20 som
1216 918 190 31 fordrades.
1427 919 181 30 Intenden-

101 966 59 28 ten
182 965 151 30 ämnade
355 964 127 31 föreslå
506 965 256 32 trafikbiträdet
788 967 47 35 B.,
859 967 106 30 vilket
991 967 130 38 förslag
1143 968 367 39 förordsfullmäktige,
1535 974 21 26 t.
1583 970 23 30 f.

100 1013 324 39 förrådsmästaren,
452 1015 348 33 förrådsförmannen
828 1018 37 30 E.
893 1018 65 30 och
987 1017 267 33 förrådsvakten
1281 1019 47 37 F.,
1356 1024 85 26 utan
1469 1021 139 31 erinran

102 1064 168 32 biträdde.
288 1066 76 30 Den
379 1068 39 28 27
439 1067 187 30 november
641 1068 191 30 översände
846 1068 362 32 förrådsintendenten
1227 1070 58 31 sitt
1301 1071 130 36 förslag
1446 1071 52 30 till
1514 1072 93 36 järn-

103 1116 260 36 vägsstyrelsen,
388 1118 83 29 över
496 1117 105 32 vilket
625 1118 131 37 förslag
779 1119 289 31 maskinbiträdet
1093 1120 38 31 A.
1156 1122 69 29 den
1253 1123 39 29 27
1320 1122 182 31 december
1523 1133 27 21 s.
1576 1122 30 32 å.

102 1165 191 32 besvärade
318 1167 59 36 sig.
403 1166 49 31 På
474 1169 114 35 grund
611 1178 44 21 av
678 1172 51 28 att
754 1170 168 30 besvären
946 1170 77 31 icke
1046 1171 138 36 ingivits
1209 1172 11 29 i
1244 1172 79 37 laga
1352 1173 49 30 tid
1424 1173 119 31 kunde
1567 1174 42 31 de

104 1217 191 31 emellertid
318 1217 77 31 icke
414 1222 170 33 upptagas
608 1219 50 31 till
679 1220 180 37 prövning.

149 1267 75 31 Den
250 1269 38 29 15
310 1267 140 37 januari
479 1270 83 30 1946
584 1270 206 32 hemställde
812 1272 318 38 personalgruppen
1154 1274 58 31 vid
1235 1274 276 33 huvudförrådet
1535 1276 11 30 i
1569 1276 39 31 X.

104 1317 11 30 i
137 1318 166 32 skrivelse
321 1320 52 30 till
394 1319 335 33 förrådsdirektören
754 1322 8 30 i
786 1322 340 40 järnvägsstyrelsen,
1152 1329 49 27 att
1225 1326 113 31 denna
1361 1325 107 39 måtte
1494 1327 114 31 föran-

97 1369 102 30 stalta
223 1378 58 21 om
303 1369 259 38 undersökning
585 1372 149 30 rörande
756 1372 234 33 förhållandet
1012 1375 129 32 mellan
1162 1375 94 30 befäl
1279 1377 66 30 och
1367 1379 160 35 personal
1549 1378 58 30 vid

100 1418 154 32 förrådet
270 1420 11 29 i
299 1420 49 36 X.,
367 1421 44 30 bl.
432 1430 30 21 a.
480 1421 12 30 i
508 1422 89 36 syfte
614 1426 50 27 att
681 1422 37 31 få
734 1424 138 30 klarhet
888 1424 11 30 i
918 1424 68 30 viss
1003 1424 107 31 kritik
1127 1432 73 26 mot
1217 1427 48 35 B.,
1285 1426 116 31 vilken
1419 1437 75 21 som
1511 1429 95 30 vika-

99 1469 49 30 rie
173 1471 235 36 upprätthölle
433 1471 66 32 den
526 1472 99 30 sökta
650 1473 459 38 förrådsförmanstjänsten.
1136 1476 65 30 Vid
1227 1478 259 30 sammanträde
1514 1478 95 31 inför

104 1519 337 33 förrådsdirektören
457 1522 11 30 i
487 1522 341 39 järnvägsstyrelsen,
847 1525 105 30 vilket
969 1526 200 32 tillkommit
1185 1526 45 37 på
1247 1528 152 36 begäran
1416 1538 44 21 av
1478 1530 132 30 ombud

104 1570 80 31 från
200 1571 493 40 järnvägsmannaförbundet,
712 1575 232 35 preciserades
965 1576 151 32 kritiken
1132 1582 73 26 mot
1223 1579 36 30 B.
1282 1579 79 31 Han
1379 1589 81 21 vore
1477 1576 131 45 olämp-

102 1621 47 37 lig
165 1621 56 31 för
236 1622 268 37 ifrågavarande
520 1624 203 38 befattning,
743 1627 147 30 emedan
905 1627 118 36 övriga
1039 1629 267 31 underordnade
1322 1630 210 36 tjänstemän
1551 1631 58 31 vid

104 1671 154 33 förrådet
287 1683 81 21 vore
394 1679 208 31 ogynnsamt
626 1675 163 32 inställda
817 1677 49 31 till
893 1678 139 30 honom.
1062 1678 157 32 Orsaken
1246 1680 118 32 härtill
1395 1691 81 22 vore
1502 1683 106 30 fram-

99 1722 56 29 för
172 1723 70 35 allt,
262 1727 50 27 att
331 1724 36 32 B.
388 1724 84 30 åren
494 1726 171 31 1933—34
685 1727 88 30 varit
792 1728 157 31 ansluten
970 1729 49 30 till
1042 1733 46 29 ett
1107 1730 379 34 nationalsocialistiskt
1505 1729 99 45 parti.

145 1773 75 30 Den
242 1774 39 30 15
302 1774 153 32 februari
479 1776 83 31 1946
583 1778 204 31 meddelade
807 1778 361 33 förrådsintendenten
1188 1782 11 29 i
1219 1782 39 30 X.
1284 1782 50 30 till
1354 1783 251 32 förrådsdirek-

104 1823 97 30 tören
219 1824 11 30 i
250 1823 341 40 järnvägsstyrelsen,
613 1831 50 27 att
683 1828 67 30 den
774 1830 38 29 10
833 1829 154 31 februari
1008 1840 42 21 en
1073 1832 201 35 deputation
1295 1833 185 32 bestående
1500 1845 42 21 av
1566 1845 42 22 en

101 1879 237 30 representant
363 1876 56 30 för
448 1877 77 30 avd.
553 1879 41 28 00
621 1878 493 39 järnvägsmannaförbundet,
1142 1893 28 20 e.
1198 1895 31 20 o.
1262 1884 266 32 stationskarlen
1557 1886 48 36 G.,

99 1924 257 31 trafikbiträdet
374 1926 44 30 M.
450 1927 66 30 och
534 1927 266 32 förrådsvakten
819 1930 41 30 H.
882 1930 154 31 infunnit
1054 1932 49 35 sig
1122 1933 64 30 hos
1205 1934 131 30 honom
1357 1935 65 30 och
1442 1935 165 32 framfört

104 1975 167 36 muntliga
287 1976 175 36 klagomål
478 1979 81 29 över
575 1981 48 28 att
639 1979 47 36 B.,
704 1989 76 20 som
795 1980 87 30 visat
894 1982 152 35 sympati
1062 1983 56 30 för
1135 1984 179 30 nazismen
1329 1986 65 29 och
1411 1986 87 31 varit
1514 1989 93 29 med-

98 2025 67 30 lem
187 2035 43 21 av
254 2029 48 27 ett
326 2027 389 33 nationalsocialistiskt
736 2031 102 35 parti,
864 2031 165 31 tilldelats
1053 2033 188 32 vikariatet
1264 2034 45 37 på
1335 2036 270 36 ifrågavarande

103 2075 501 40 förrådsförmansbefattning.
635 2080 208 31 Personalen
873 2083 111 30 skulle
1013 2083 44 36 på
1088 2086 114 34 grund
1230 2086 109 30 härav
1368 2088 46 30 ha
1444 2088 84 31 känt
1558 2089 52 36 sig

96 2126 195 36 obehagligt
307 2127 134 37 berörd,
460 2129 65 29 och
545 2130 118 30 anhöll
680 2140 82 21 man
780 2132 128 36 därför,
929 2137 49 27 att
994 2133 182 32 vikariatet
1194 2135 57 31 för
1267 2137 36 29 B.
1323 2136 105 31 måtte
1445 2139 159 36 upphöra

102 2177 65 28 och
191 2177 7 29 i
224 2178 111 30 stället
363 2178 143 32 tilldelas
530 2180 255 32 trafikbiträdet
812 2183 22 30 I.
865 2183 111 37 (fader
998 2185 50 30 till
1072 2188 245 29 ovannämnda
1341 2188 265 32 förrådsvakten

98 2225 70 39 H.).
193 2226 52 31 Då
266 2227 360 33 förrådsintendenten
649 2231 86 31 fann
757 2233 150 31 kritiken
929 2238 71 26 mot
1021 2235 36 31 B.
1081 2244 64 27 vag
1169 2237 66 29 och
1257 2237 187 37 obestyrkt,
1467 2240 137 30 medde-

101 2276 77 30 lade
199 2277 71 30 han
293 2278 255 38 deputationen,
571 2284 48 27 att
640 2282 71 30 han
732 2282 75 30 icke
833 2284 108 30 funne
962 2286 186 36 anledning
1170 2292 48 25 att
1243 2289 161 34 upphäva
1427 2290 58 30 B:s
1510 2291 94 29 vika-

101 2326 329 34 riatsförordnande.

145 2376 48 30 På
216 2378 276 32 huvudförrådet
516 2381 9 29 i
551 2381 37 29 X.
615 2382 88 30 hölls
730 2383 150 31 därefter
906 2385 65 29 den
996 2387 38 28 27
1061 2387 151 30 februari
1241 2390 83 29 1946
1349 2393 256 29 sammanträde

102 2428 79 29 med
204 2428 92 31 befäl
319 2430 63 28 och
403 2432 169 34 personal,
594 2433 63 29 där
678 2433 8 29 i
709 2434 228 31 förenämnda
963 2436 162 31 skrivelse
1146 2448 42 19 av
1209 2439 66 29 den
1300 2441 37 28 15
1360 2440 138 35 januari
1523 2443 82 30 1946
