1872 2792
553 176 286 31 Statsutskottets
858 175 179 30 utlåtande
1056 184 42 20 nr
1116 174 52 29 21.
1604 169 15 29 1

791 459 59 40 Nr
877 459 61 40 21.

335 564 185 30 Utlåtande
552 563 11 29 i
592 562 189 39 anledning
810 570 42 21 av
881 560 126 39 Kungl.
1038 559 125 39 Maj:ts
1194 556 217 41 proposition
1441 555 180 40 angående

557 612 144 40 utgifter
724 613 19 29 å
768 611 207 39 tilläggsstat
997 610 32 29 II
1053 609 52 30 till
1125 609 189 29 riksstaten
1338 608 57 40 för
1419 606 203 39 budgetåret

558 663 160 36 1952/53,
751 663 10 28 i
793 661 65 30 vad
888 660 264 40 propositionen
1185 667 99 21 avser
1315 656 308 40 handelsdeparte-

560 714 150 28 mentets
746 710 395 31 verksamhetsområde.

1384 757 77 34 (1:a
1480 756 93 34 avd.)

695 955 355 50 Driftbudgeten.

651 1069 155 34 Tionde
842 1067 265 34 huvudtiteln.

166 1175 73 33 1:0)
272 1175 125 34 Bidrag
425 1173 53 29 till
510 1173 185 29 Hemmens
725 1169 351 36 forskningsinstitut.
1107 1168 13 28 I
1150 1166 261 38 propositionen
1442 1175 42 19 nr
1514 1165 18 29 2
1561 1165 64 28 har

117 1227 126 39 Kungl.
268 1225 106 39 Maj:t
404 1223 131 39 (bilaga
559 1223 28 33 9,
612 1222 115 39 punkt
753 1221 27 34 1,
807 1231 24 20 s.
857 1220 39 29 41
923 1229 42 20 av
987 1219 108 39 bilagt
1119 1218 125 38 utdrag
1269 1226 43 21 av
1336 1216 290 38 statsrådsproto-

116 1278 106 30 kollet
243 1278 80 29 över
344 1275 303 30 handelsärenden
668 1274 55 29 för
744 1274 67 29 den
832 1272 18 30 2
871 1271 142 40 januari
1037 1270 99 34 1953)
1163 1269 180 40 föreslagit
1364 1269 187 38 riksdagen
1574 1268 49 29 att

118 1328 51 30 till
200 1325 266 40 ifrågavarande
495 1323 164 30 ändamål
689 1323 20 29 å
737 1322 210 38 tilläggsstat
977 1320 30 29 II
1036 1319 52 30 till
1116 1318 190 30 riksstaten
1336 1317 55 30 för
1421 1316 205 39 budgetåret

120 1377 150 36 1952/53
292 1376 120 30 anvisa
431 1376 49 28 ett
500 1372 357 38 reservationsanslag
877 1381 43 20 av
941 1370 61 30 115
1019 1370 63 29 000
1102 1370 141 29 kronor.

164 1477 164 38 Anslaget
349 1477 37 28 är
408 1475 54 29 för
481 1473 236 30 innevarande
738 1471 169 38 budgetår
928 1470 145 40 uppfört
1095 1469 79 29 med
1197 1468 60 30 130
1274 1467 62 30 000
1357 1468 141 28 kronor.

164 1527 195 30 Institutets
388 1525 112 29 behov
529 1533 42 20 av
599 1521 265 40 rörelsekapital
892 1521 65 30 och
986 1520 122 38 bidrag
1137 1519 52 29 till
1218 1518 269 30 verksamheten
1516 1515 111 30 under

119 1579 112 30 första
250 1575 156 31 halvåret
428 1575 83 29 1953
532 1575 63 28 har
617 1574 97 38 synts
734 1569 396 42 departementschefen,
1153 1568 142 30 särskilt
1315 1568 79 29 med
1415 1567 139 38 hänsyn
1575 1565 52 29 till

120 1627 217 32 önskemålet
355 1628 49 28 att
423 1626 110 38 skapa
553 1634 42 20 en
614 1622 218 40 någorlunda
852 1620 103 30 stabil
974 1620 112 39 grund
1106 1619 54 29 för
1180 1619 67 29 den
1266 1618 165 29 fortsatta
1451 1617 178 29 verksam-

120 1680 113 31 heten,
261 1678 84 29 böra
373 1675 200 39 tillgodoses
601 1674 157 32 sålunda,
788 1674 50 28 att
866 1672 40 29 50
922 1671 62 29 000
1013 1671 140 34 kronor,
1182 1678 74 20 som
1285 1670 95 28 ännu
1410 1667 148 30 återstår
1586 1674 42 22 av

121 1730 156 37 anslaget
303 1728 53 28 för
381 1725 236 30 innevarande
642 1723 179 39 budgetår,
847 1721 172 29 utbetalas
1045 1720 53 29 till
1122 1719 176 29 institutet
1322 1718 55 29 för
1403 1719 51 28 att
1478 1724 151 22 reserve-

121 1791 56 20 ras
198 1780 114 29 såsom
332 1776 265 40 rörelsekapital
616 1776 64 28 och
700 1777 50 27 att
768 1774 174 29 institutet
961 1773 150 29 tilldelas
1131 1773 48 28 ett
1197 1771 200 39 ytterligare
1417 1768 211 39 statsbidrag

121 1832 20 29 å
170 1829 137 30 115000
336 1829 139 28 kronor.
503 1826 111 29 Medel
643 1825 53 29 för
724 1823 220 31 sistnämnda
971 1821 164 30 ändamål
1162 1820 63 29 har
1253 1820 132 29 ansetts
1413 1818 85 29 böra
1526 1817 103 29 äskas

122 1882 43 38 på
188 1879 208 38 tilläggsstat
416 1877 30 29 II
469 1877 54 29 för
544 1874 237 31 innevarande
802 1872 179 38 budgetår.

168 1979 184 35 Utskottet,
378 1987 74 19 som
477 1976 75 28 icke
577 1975 119 29 funnit
717 1972 188 38 anledning
929 1971 52 29 till
1005 1970 140 29 erinran
1170 1971 72 27 mot
1265 1969 65 29 vad
1356 1968 275 38 departements-

122 2030 124 30 chefen
272 2028 127 33 anfört,
428 2026 192 38 tillstyrker
647 2024 126 38 Kungl.
800 2022 123 38 Maj:ts
951 2021 131 38 förslag
1107 2020 65 29 och
1197 2018 201 30 hemställer
1426 2017 112 33 alltså,

479 2077 50 28 att
549 2075 186 37 riksdagen
754 2073 57 30 må
830 2072 50 29 till
899 2072 129 37 Bidrag
1048 2070 51 30 till
1117 2071 188 28 Hemmens
1325 2066 307 42 forskningsinsti-

435 2129 51 28 tut
507 2127 18 29 å
547 2126 207 37 tilläggsstat
773 2124 28 28 II
822 2122 51 30 till
893 2122 189 29 riksstaten
1102 2121 53 28 för
1175 2119 204 38 budgetåret
1401 2118 149 34 1952/53
1572 2126 60 20 an-

432 2177 74 29 visa
532 2178 47 27 ett
605 2172 357 37 reservationsanslag
986 2181 41 19 av
1055 2170 59 29 115
1132 2170 61 28 000
1220 2170 139 28 kronor.

171 2332 75 26 2:0)
274 2327 214 29 Lotsverket:
514 2322 349 32 Säkerhetsanstalter
886 2322 61 28 för
971 2320 179 34 sjöfarten.
1183 2318 122 36 Kungl.
1332 2317 102 35 Maj:t
1458 2316 62 29 har
1546 2316 87 28 före-

125 2382 102 37 slagit
248 2379 185 36 riksdagen
461 2377 130 38 (punkt
612 2376 29 32 2,
664 2384 25 18 s.
711 2372 146 33 41—43)
885 2373 50 27 att
958 2371 48 28 till
1031 2369 217 30 Lotsverket:
1275 2366 358 31 Säkerhetsanstalter

128 2433 52 28 för
206 2431 170 37 sjöfarten
403 2428 19 28 å
447 2426 207 38 tilläggsstat
679 2424 26 28 II
733 2423 50 29 till
809 2422 189 29 riksstaten
1026 2420 53 28 för
1105 2419 203 37 budgetåret
1337 2417 149 35 1952/53
1513 2416 121 30 anvisa

126 2484 47 27 elt
200 2476 355 37 reservationsanslag
579 2484 40 20 av
645 2474 38 28 10
700 2474 62 28 000
785 2473 139 28 kronor.

158 2549 11 24 1
216 2548 109 29 Bihang
338 2546 45 24 till
396 2544 169 29 riksdagens
577 2541 147 32 protokoll
739 2541 73 22 1953.
833 2540 14 22 6
858 2539 83 23 saml.
963 2539 38 22 Nr
1014 2539 39 23 21.
