1878 2778
250 172 19 28 6
636 170 254 28 Statsutskottets
914 172 161 27 utlåtande
1097 181 40 18 nr
1158 173 37 27 28
1217 174 36 27 år
1275 174 77 27 1958

313 249 196 30 >Utskottet
535 251 96 29 delar
658 251 41 29 de
725 260 42 21 av
792 252 261 30 motionärerna
1080 253 147 31 anförda
1255 255 277 40 synpunkterna.
1560 257 65 28 Det
1652 257 89 29 lärer

253 302 73 31 inte
349 303 122 30 kunna
493 303 177 35 förnekas,
693 306 50 28 att
765 306 67 29 den
856 307 202 29 nuvarande
1082 308 263 39 statsbudgeten
1368 309 11 29 i
1404 311 71 27 stor
1497 310 245 40 utsträckning

255 358 128 38 upptar
404 357 120 40 anslag
545 358 82 29 eller
649 359 268 40 anslagsposter,
939 369 75 20 som
1034 360 111 30 måste
1167 370 101 21 anses
1288 363 55 29 väl
1365 363 214 39 detaljerade
1600 364 64 29 och
1685 363 56 29 be-

253 410 181 30 träffande
456 411 93 29 vilka
571 411 206 40 riksdagens
801 413 171 39 prövning
995 414 10 28 i
1029 414 187 39 praktiken
1239 415 66 29 blir
1329 416 238 39 övervägande
1592 417 148 29 formell.

255 463 124 30 Såsom
413 464 261 31 motionärerna
709 466 117 30 anfört
860 466 146 30 innebär
1042 468 87 29 även
1164 468 57 30 det
1256 468 127 40 rikliga
1418 470 246 30 användandet
1700 479 42 21 av

253 517 275 40 förslagsanslag
556 519 64 29 och
649 520 367 40 reservationsanslag,
1046 522 51 28 att
1126 522 230 29 osäkerheten
1386 531 57 21 om
1472 523 269 39 budgetutfallet

253 570 45 39 på
321 571 228 39 utgiftssidan
570 571 156 31 likafullt
749 574 38 29 är
809 573 206 39 betydande.
1039 575 177 29 Utskottet
1239 575 117 30 finner
1380 576 57 30 det
1461 576 147 30 sålunda
1632 577 109 40 lämp-

252 623 74 40 ligt,
348 626 51 28 att
422 625 66 29 alla
511 625 188 40 sakanslag
719 627 64 29 och
806 627 265 40 bidragsanslag
1092 629 111 29 under
1226 629 87 29 visst
1335 629 125 40 belopp
1484 631 256 29 sammanföres

253 678 52 28 till
328 679 110 28 större
460 678 257 41 klumpanslag,
738 680 97 29 inom
855 690 80 20 vars
956 690 76 20 ram
1054 682 57 29 det
1131 681 57 30 må
1210 682 190 30 ankomma
1421 683 44 39 på
1487 683 125 39 Kungl.
1636 684 105 39 Maj:t

253 732 51 28 att
326 731 181 39 tillgodose
529 733 41 29 de
593 732 236 40 föreliggande
852 734 299 30 medelsbehoven.
1173 736 109 29 Dessa
1304 736 249 40 klumpanslag
1574 737 62 29 bör
1657 746 83 21 vara

253 784 246 31 obetecknade.

308 847 227 30 Beträffande
558 848 67 30 den
648 849 79 29 övre
751 850 150 38 gränsen
923 850 54 29 för
1001 850 41 30 de
1065 851 121 39 anslag
1210 860 74 21 som
1309 851 149 31 sålunda
1480 852 62 30 bör
1566 862 174 20 samman-

252 900 97 30 föras
369 901 51 29 till
441 902 47 29 ett
506 901 247 41 klumpanslag
771 903 155 30 biträder
946 904 170 29 utskottet
1137 904 165 30 likaledes
1324 905 57 30 det
1401 905 10 29 i
1432 906 220 30 motionerna
1671 906 69 30 för-

252 954 131 30 ordade
400 954 170 40 beloppet,
589 956 177 39 nämligen
782 955 63 30 500
860 956 63 30 000
941 957 140 29 kronor.

309 1016 13 28 I
345 1016 219 30 motionerna
587 1017 107 39 yrkas
717 1017 116 30 såsom
856 1019 142 29 nämnts
1021 1019 198 34 härutöver,
1243 1022 50 27 att
1317 1029 43 20 en
1383 1020 220 39 nedräkning
1626 1031 42 19 av
1691 1023 49 27 to-

252 1068 212 40 talbeloppet
491 1069 89 30 skall
608 1070 61 29 ske
696 1071 79 29 med
802 1070 41 30 20
872 1073 153 38 procent.
1055 1072 120 30 Såsom
1203 1073 108 29 motiv
1338 1073 122 30 härför
1488 1074 102 29 anför
1617 1074 122 29 motio-

252 1123 152 29 närerna
431 1123 44 29 bl.
505 1132 39 25 a.,
574 1125 51 28 att
654 1124 57 29 det
739 1125 112 29 möter
881 1126 94 28 stora
1005 1125 212 40 svårigheter
1247 1128 50 27 att
1326 1127 163 39 omkring
1519 1128 49 28 ett
1597 1127 38 30 år
1664 1128 75 29 före

251 1176 68 29 den
339 1185 69 30 nya
427 1176 191 39 budgetens
639 1177 282 31 ikraftträdande
941 1178 12 29 i
974 1179 105 39 detalj
1103 1179 180 40 förutsäga
1304 1180 280 30 medelsbehovet
1606 1181 44 40 på
1672 1182 67 28 alla

251 1229 42 29 de
313 1229 95 30 olika
428 1231 115 38 poster
561 1239 122 20 varom
702 1231 63 29 här
784 1232 38 29 är
842 1231 109 40 fråga.
972 1232 148 39 Följden
1139 1233 66 29 blir
1225 1234 51 29 att
1294 1234 96 33 verk,
1411 1234 243 39 myndigheter
1675 1235 64 29 och

251 1283 113 29 andra
385 1283 238 30 institutioner
644 1284 11 29 i
678 1284 76 30 sina
774 1284 445 41 anslagsframställningar
1242 1286 112 30 måste
1376 1287 113 30 räkna
1512 1288 78 29 med
1614 1288 126 39 margi-

251 1336 99 29 naler
374 1336 54 30 för
452 1337 228 30 oförutsedda
703 1338 344 40 kostnadsökningar
1073 1340 64 29 och
1162 1341 50 28 att
1235 1340 299 39 anslagsbehoven
1559 1342 87 28 trots
1673 1342 66 29 den

251 1389 184 40 företagna
455 1390 394 40 budgetgranskningen
871 1392 74 29 ofta
966 1392 92 30 visar
1081 1393 51 39 sig
1153 1402 84 21 vara
1258 1393 144 40 oriktigt
1423 1394 210 30 beräknade.
1657 1395 83 29 San-

251 1443 115 29 nolikt
396 1443 201 30 förorsakas
628 1444 106 30 också
763 1446 49 28 ett
840 1444 88 31 visst
958 1445 121 31 slöseri
1109 1455 43 20 av
1180 1448 50 28 att
1260 1447 41 29 de
1331 1447 281 31 administrativa
1642 1456 97 31 orga-

251 1505 69 20 nen
338 1496 72 30 kan
428 1506 82 20 anse
527 1497 52 39 sig
595 1497 46 30 ha
658 1497 148 30 intresse
825 1507 42 21 av
884 1500 51 28 att
954 1500 103 38 »göra
1075 1500 70 29 slut
1163 1499 63 41 på»
1247 1501 157 39 anslaget
1423 1501 74 29 före
1515 1501 223 40 budgetårets

250 1550 143 39 utgång,
411 1551 63 29 när
490 1550 56 30 det
564 1551 137 30 ändock
717 1551 71 30 inte
805 1551 55 30 får
877 1551 172 39 begagnas
1067 1552 55 30 för
1139 1553 110 30 andra
1267 1553 164 30 ändamål
1449 1555 97 28 inom
1562 1555 178 29 verksam-

249 1603 240 30 hetsområdet
510 1613 75 20 som
607 1604 118 29 kunde
746 1604 180 30 betraktas
948 1605 116 29 såsom
1086 1614 74 21 mer
1182 1606 232 40 nödvändiga.

305 1664 95 30 även
429 1665 216 30 härutinnan
673 1666 207 30 instämmer
909 1667 171 30 utskottet
1107 1668 79 29 med
1214 1668 272 30 motionärerna.
1515 1670 74 28 Den
1617 1679 42 20 av
1687 1672 53 26 ut-

250 1717 132 30 skottet
408 1717 185 31 förordade
620 1718 252 39 förändringen
898 1719 185 40 möjliggör
1109 1721 240 38 otvivelaktigt
1376 1731 43 20 en
1445 1722 113 30 bättre
1583 1722 156 30 hushåll-

252 1770 84 39 ning
364 1771 80 29 med
473 1771 215 40 tillgängliga
718 1772 122 29 medel.
871 1772 78 30 Med
979 1773 139 39 hänsyn
1147 1774 119 30 härtill
1296 1775 65 29 och
1392 1776 78 29 med
1501 1775 196 30 beaktande
1728 1777 10 28 i

250 1823 114 40 övrigt
396 1833 41 20 av
468 1825 57 29 det
556 1825 153 30 oroande
741 1825 291 31 statsfinansiella
1063 1827 91 39 läget
1186 1827 117 30 finner
1334 1828 172 30 utskottet
1538 1829 57 30 det
1625 1830 113 29 välbe-

248 1877 115 34 tänkt,
381 1879 50 27 att
448 1887 41 20 en
506 1878 240 40 nedskärning
762 1888 43 20 av
822 1879 42 29 de
880 1879 268 39 ifrågavarande
1166 1881 185 38 anslagens
1369 1882 212 39 totalbelopp
1601 1890 138 31 genom-

250 1929 105 30 föres.
382 1931 175 29 Utskottet
583 1930 174 31 beräknar
783 1933 51 28 att
860 1932 296 40 överflyttningen
1182 1943 42 20 av
1249 1934 112 29 medel
1389 1934 80 30 från
1497 1935 77 29 sak-
1600 1936 65 29 och
1690 1935 49 29 bi-

249 1982 229 40 dragsanslag
511 1984 52 28 till
598 1986 98 27 extra
729 1984 249 40 utgiftsanslag
1000 1986 89 29 skall
1112 1986 160 39 medgiva
1294 1997 43 19 en
1361 1988 86 29 total
1469 1988 205 39 minskning
1697 1998 42 20 av

248 2035 281 30 medelsbehovet
547 2036 80 29 med
647 2037 161 37 omkring
828 2037 41 30 20
889 2040 174 35 procent.>

306 2115 74 29 dels
405 2115 63 29 ock
490 2116 190 30 utskottets
703 2116 212 31 hemställan
937 2118 78 29 bort
1037 2118 46 30 ha
1106 2119 157 39 följande
1286 2120 145 39 lydelse:

562 2171 72 28 »att
669 2170 188 40 riksdagen
892 2171 68 34 må,
983 2172 12 28 i
1018 2172 189 40 anledning
1231 2183 42 20 av
1296 2174 220 30 motionerna
1541 2175 28 29 I:
1586 2175 60 29 291
1674 2175 62 29 och

516 2223 45 29 II:
579 2223 74 34 377,
676 2223 103 30 såvitt
800 2233 48 20 nu
869 2226 39 28 är
928 2224 123 40 ifråga,

562 2278 34 34 1)
627 2279 185 39 godkänna
832 2280 11 29 i
865 2280 220 31 motionerna
1106 2281 165 30 förordad
1292 2283 252 40 överflyttning
1565 2294 41 20 av
1626 2284 112 29 medel

515 2331 81 30 från
631 2332 78 29 sak-
742 2333 65 28 och
840 2332 266 41 bidragsanslag
1140 2335 52 29 till
1217 2336 96 29 extra
1336 2336 260 40 utgiftsanslag,
1620 2337 117 29 vilken

515 2384 251 40 överflyttning
783 2385 174 31 beräknas
973 2387 159 39 medgiva
1150 2397 42 20 en
1209 2389 85 29 total
1312 2389 205 40 minskning
1534 2400 42 20 av
1592 2390 146 29 medels-

514 2437 147 30 behovet
678 2438 79 29 med
774 2439 163 40 omkring
955 2439 40 30 20
1012 2442 159 37 procent;
