1916 2796
534 139 306 31 Bankoutskottets
861 138 176 32 utlåtande
1057 148 42 21 nr
1120 139 52 30 27.
1576 133 36 29 17

824 242 65 29 5:0.

148 317 39 31 T.
210 317 25 30 f.
259 316 341 37 provinsialläkaren
623 316 113 37 Georg
758 316 172 30 Larssons
953 316 94 30 änka
1069 316 67 30 och
1161 316 101 29 barn.
1286 315 14 30 I
1324 315 181 30 motionen
1529 314 85 30 I:10

104 368 183 31 hemställa
307 368 121 30 herrar
446 367 183 30 Bondeson
645 368 66 30 och
729 366 209 38 Anderberg,
960 370 67 27 »att
1044 366 186 36 riksdagen
1250 365 105 31 måtte
1373 365 168 39 medgiva,
1561 368 49 28 att

107 422 20 26 t.
155 418 23 31 f.
204 418 174 31 ordinarie
403 418 334 36 provinsialläkaren
761 418 11 30 i
797 417 165 37 Kävlinge
988 417 137 31 distrikt
1152 416 109 37 Georg
1285 417 167 30 Larssons
1479 415 131 31 efterle-

105 469 112 30 vande
239 468 58 31 må
323 469 142 31 komma
488 468 12 30 1
524 467 205 37 åtnjutande
755 478 42 21 av
822 468 42 30 de
887 466 487 39 familjepensionsförmåner,
1397 476 78 21 som
1501 466 111 31 skulle

105 520 46 30 ha
172 519 200 31 tillkommit
391 520 89 35 dem,
504 519 114 30 därest
640 518 149 31 Larsson
811 518 57 32 vid
887 518 58 31 sitt
964 517 163 31 frånfälle
1149 518 90 31 varit
1259 518 171 31 utnämnd
1451 517 50 30 till
1520 517 89 30 ordi-

104 570 97 30 narie
228 569 318 37 provinsialläkare,
575 569 90 37 eller,
696 569 115 31 därest
838 569 184 36 riksdagen
1048 569 77 30 icke
1155 568 115 30 finner
1297 568 92 30 detta
1417 567 193 34 motiverat,

104 624 50 27 att
171 620 186 36 riksdagen
373 619 107 31 måtte
501 620 208 30 tillerkänna
728 619 167 31 Larssons
911 619 233 30 efterlevande
1163 628 43 21 en
1224 618 87 36 årlig
1330 617 280 46 tilläggspension

107 671 49 30 till
192 671 136 38 belopp,
366 680 75 21 som
480 670 80 30 med
596 670 137 36 hänsyn
770 669 51 31 till
858 669 233 37 föreliggande
1130 668 295 37 omständigheter
1453 668 157 31 befinnes

108 721 155 36 skäligt».

150 806 50 29 Av
217 805 255 37 handlingarna
491 805 185 35 inhämtas,

150 859 49 27 att
217 856 150 30 Larsson
384 865 61 21 var
462 855 86 30 född
565 856 66 30 den
651 856 19 30 5
690 855 137 36 augusti
847 856 82 29 1892
947 855 65 30 och
1030 855 100 32 avled
1149 855 68 30 den
1234 855 38 29 21
1292 854 139 36 januari
1453 855 97 34 1946;

149 909 50 28 att
219 907 72 30 han
312 907 111 29 under
443 905 95 31 tiden
561 906 66 30 den
655 907 38 29 15
716 906 181 30 december
921 906 197 30 1930—den
1139 905 40 30 31
1205 905 181 30 december
1410 905 82 30 1945
1515 904 94 30 inne-

107 956 89 30 hade
224 956 79 30 med
331 955 231 36 pensionsrätt
590 955 10 30 i
627 958 128 28 statens
785 955 290 37 pensionsanstalt
1104 955 147 30 förenad
1278 955 194 36 befattning
1498 954 114 31 såsom

106 1010 96 26 extra
219 1005 310 37 provinsialläkare
547 1006 9 30 i
577 1006 166 35 Kävlinge
763 1009 94 27 extra
875 1005 441 37 provinsialläkardistrikt;

150 1061 49 27 att
217 1057 80 35 han,
315 1057 110 30 sedan
442 1057 154 30 nämnda
614 1056 430 36 provinsialläkardistrikt
1063 1055 81 31 från
1161 1056 66 30 och
1246 1058 80 29 med
1346 1056 67 30 den
1436 1056 14 29 1
1471 1055 139 36 januari

108 1108 83 30 1946
213 1107 289 36 omorganiserats
524 1107 50 30 till
595 1106 183 36 ordinarie,
800 1105 80 32 från
900 1116 133 21 samma
1054 1106 164 36 tidpunkt
1240 1106 90 31 intill
1351 1106 53 31 sin
1425 1106 69 32 död
1516 1106 94 30 inne-

104 1158 90 30 hade
234 1157 236 31 förordnande
513 1156 113 31 såsom
667 1157 245 30 tillförordnad
953 1156 174 31 ordinarie
1166 1156 310 37 provinsialläkare
1515 1156 96 30 inom

106 1208 184 35 distriktet;

148 1262 91 27 samt
254 1262 50 27 att
319 1258 72 30 han
406 1258 57 31 vid
480 1258 52 30 sin
549 1258 69 30 död
635 1257 251 32 efterlämnade
895 1258 118 30 änkan
1024 1257 139 37 Fremja
1175 1257 159 36 Larsson,
1349 1257 115 30 vilken
1475 1257 40 30 är
1524 1256 86 31 född

105 1308 39 31 år
164 1309 92 37 1896,
274 1312 90 27 samt
381 1308 78 37 fyra
478 1309 98 34 barn,
592 1308 110 31 födda
720 1307 83 31 åren
824 1308 94 36 1924,
942 1309 92 36 1927,
1057 1309 83 29 1930
1158 1308 67 30 och
1246 1308 81 30 1933
1345 1308 202 35 respektive.

150 1387 90 35 Över
261 1392 229 31 förevarande
512 1392 132 30 motion
666 1393 66 29 har
754 1393 167 30 utskottet
941 1392 12 30 i
977 1392 215 36 vederbörlig
1214 1392 147 36 ordning
1383 1391 229 31 införskaffat

105 1441 178 32 utlåtande
300 1441 79 32 från
398 1443 255 37 statskontoret,
675 1452 74 21 som
769 1443 80 30 hört
867 1446 128 27 statens
1014 1442 303 36 pensionsanstalt.

150 1492 135 30 Statens
301 1492 294 37 pensionsanstalt
613 1493 65 30 har
696 1492 129 31 anfört:

149 1560 150 30 Larsson
320 1560 173 30 innehade
516 1560 110 30 under
646 1560 94 30 tiden
764 1561 38 29 15
825 1561 180 29 december
1029 1561 169 29 1930—31
1223 1560 181 29 december
1429 1559 82 30 1945
1533 1558 78 30 med

105 1603 233 35 pensionsrätt
365 1602 9 30 i
402 1606 129 27 statens
555 1602 294 36 pensionsanstalt
877 1602 144 31 förenad
1046 1602 195 36 befattning
1269 1601 114 31 såsom
1410 1605 97 27 extra
1533 1610 76 27 pro-

106 1645 243 30 vinsialläkare
366 1645 11 29 i
398 1644 165 37 Kävlinge
581 1648 98 27 extra
697 1644 438 36 provinsialläkardistrikt.
1155 1643 49 31 På
1223 1645 110 35 grund
1354 1654 42 20 av
1418 1644 113 30 denna
1551 1653 59 20 an-

106 1686 163 38 ställning
292 1686 194 31 tilldelades
509 1687 89 30 hans
622 1687 241 35 efterlevande,
890 1687 92 30 änka
1006 1687 66 30 och
1100 1690 50 28 tre
1174 1687 88 30 barn
1291 1687 110 29 under
1426 1688 38 28 21
1493 1685 48 37 år,
1568 1695 43 21 en

104 1729 139 36 jämlikt
267 1730 18 36 8
311 1730 54 29 34:
384 1726 65 34 1:a)
478 1729 221 36 reglementet
724 1729 55 30 för
801 1729 335 36 pensionsanstalten
1162 1728 370 37 försäkringstekniskt
1554 1729 56 29 be-

107 1772 134 30 räknad
261 1771 145 36 pension
426 1770 20 31 å
470 1772 93 29 1048
584 1772 139 29 kronor.
747 1771 68 31 För
836 1772 117 29 änkan
976 1780 118 21 ensam
1115 1772 101 35 utgör
1235 1771 190 36 pensionen
1447 1771 63 29 655
1533 1771 77 29 kro-

107 1823 72 20 nor.
199 1814 49 29 De
263 1814 154 29 nämnda
433 1813 335 36 pensionsbeloppen
784 1814 84 30 ökas
886 1821 122 28 genom
1026 1812 315 37 tilläggsförmåner
1357 1813 105 35 enligt
1478 1822 48 20 nu
1543 1813 67 36 gäl-

106 1856 103 29 lande
237 1856 259 29 bestämmelser
522 1856 49 29 till
597 1855 192 36 respektive
819 1857 14 28 1
852 1856 60 28 774
940 1856 129 29 kronor
1097 1856 40 28 32
1166 1856 59 28 öre
1252 1855 65 29 och
1348 1856 13 28 1
1379 1855 63 30 068
1471 1855 138 29 kronor.

108 1897 122 30 Därest
249 1897 149 30 Larsson
419 1897 58 30 vid
496 1897 184 30 dödsfallet
698 1897 218 30 fortfarande
934 1896 87 31 varit
1040 1897 211 29 innehavare
1273 1906 42 20 av
1335 1897 66 30 den
1420 1900 95 26 extra
1533 1906 77 26 pro-

107 1939 472 35 vinsialläkarbefattningen,
600 1939 110 29 skulle
729 1939 90 30 hans
837 1938 247 30 efterlevandes
1104 1938 145 36 pension
1269 1938 137 36 jämlikt
1426 1939 18 36 8
1466 1939 54 29 34:
1538 1938 67 37 1:b)

107 1982 221 35 reglementet
352 1982 45 29 ha
423 1981 185 29 beräknats
634 1980 369 37 försäkringstekniskt
1031 1980 50 30 till
1110 1981 18 28 2
1146 1981 59 29 153
1232 1981 129 29 kronor
1388 1981 40 29 60
1454 1982 58 28 öre
1544 1977 68 40 (för

106 2024 117 29 änkan
252 2033 121 20 ensam
406 2023 94 29 1346
530 2019 156 39 kronor).
719 2023 129 30 Genom
881 2021 311 37 tilläggsförmåner
1223 2023 110 29 skulle
1363 2023 171 35 beloppen
1566 2023 45 29 ha

107 2067 100 29 ökats
232 2065 51 31 till
306 2065 191 36 respektive
518 2066 19 29 3
551 2066 62 29 393
636 2066 129 29 kronor
787 2066 41 29 36
852 2066 57 29 öre
931 2065 64 30 och
1019 2066 17 28 2
1050 2065 61 30 067
1135 2065 131 31 kronor
1288 2066 40 29 84
1350 2066 67 29 öre.

151 2108 78 29 Med
251 2108 134 36 hänsyn
410 2107 50 30 till
482 2107 234 35 föreliggande
738 2107 293 36 omständigheter
1051 2116 101 21 anser
1175 2107 336 35 pensionsanstalten
1534 2107 76 30 skä-

107 2150 68 35 ligt,
198 2153 49 27 att
269 2149 35 30 åt
325 2150 167 29 Larssons
516 2149 232 30 efterlevande
771 2148 144 36 beviljas
938 2148 278 36 tilläggspension
1242 2149 78 29 med
1342 2148 123 31 sådant
1487 2149 123 35 belopp

106 2196 50 26 att
178 2193 112 30 denna
312 2191 229 30 tillsammans
564 2192 78 29 med
665 2191 40 29 de
728 2190 77 30 från
829 2190 336 36 pensionsanstalten
1187 2189 169 37 utgående
1378 2191 232 35 pensionsför-

108 2233 166 30 månerna
297 2234 159 29 kommer
482 2237 50 25 att
557 2232 114 35 uppgå
696 2232 50 30 till
769 2233 67 29 vad
862 2241 74 20 som
963 2232 109 30 skulle
1097 2231 118 36 utgått,
1243 2233 114 29 därest
1381 2233 148 29 Larsson
1555 2232 56 30 vid

108 2275 182 30 dödsfallet
325 2275 216 29 fortfarande
575 2274 86 29 varit
696 2274 209 29 innehavare
926 2283 42 20 av
989 2275 65 28 den
1078 2277 95 26 extra
1197 2274 412 34 provinsialläkarbefatt-

108 2325 134 27 ningen.

151 2383 252 29 Statskontoret
425 2383 63 28 har
510 2382 142 30 anslutit
675 2382 50 36 sig
746 2382 50 30 till
815 2382 68 30 vad
902 2381 332 36 pensionsstyrelsen
1255 2382 9 29 i
1285 2382 141 30 ärendet
1446 2382 124 30 anfört.

155 2447 110 32 Bihang
277 2448 42 24 till
330 2448 166 29 riksdagens
508 2447 145 32 protokoll
666 2447 73 25 1947.
761 2448 16 23 &
789 2447 79 24 saml.
893 2446 38 22 Nr
948 2445 106 24 26—28.
1565 2447 14 21 g
