1914 2816
74 1205 128 24 Utskottet.

255 159 21 29 4
728 158 229 28 Statsutskottets
983 157 146 28 utlåtande
1151 158 50 27 Nr
1222 158 51 28 23.

259 233 209 42 egendomen
488 234 15 30 1
522 233 125 31 mantal
665 232 168 32 Lindhult
851 233 29 30 1!
900 232 63 32 och
982 233 30 30 2!
1030 232 11 31 i
1057 231 91 42 Viby
1166 231 125 32 socken
1308 242 40 20 av
1366 230 130 32 Örebro
1514 231 63 31 län.
1607 231 76 31 Den
1702 230 55 32 del

258 295 41 20 av
316 284 328 41 kronoegendomen,
665 294 76 21 som
760 283 108 32 skulle
887 285 97 40 tagas
1004 283 11 31 i
1035 282 145 42 anspråk
1199 283 55 30 för
1272 281 242 32 skolhemmets
1533 281 222 38 verksamhet,

258 334 158 32 omfattar
440 334 70 31 21.8
536 334 126 31 hektar.
699 334 77 32 Den
799 334 53 31 till
879 334 209 41 egendomen
1112 333 152 32 hörande
1289 332 241 42 skogsmarken
1555 332 200 31 förutsättes

258 386 144 41 alltjämt
422 385 97 31 skola
539 385 162 32 förvaltas
721 396 42 20 av
781 385 301 41 domänstyrelsen.

309 436 242 32 Kostnaderna
579 436 54 31 för
662 435 242 32 skolhemmets
935 434 212 43 uppförande
1177 434 201 42 uppskattas
1410 445 40 20 av
1481 433 275 42 socialstyrelsen

258 487 152 31 sålunda:

257 554 342 42 Elevhemsbyggnad
624 554 77 31 med
725 554 123 32 bostad
871 554 55 31 för
950 553 229 32 arbetsledare
1208 579 242 5 ........sssesss0s
1477 552 124 31 kronor
1624 552 134 37 165,000

259 596 93 32 Skol-
387 596 64 32 och
487 596 258 42 gymnastikhus
780 596 76 31 med
891 596 162 31 bostäder
1077 596 54 31 för
1154 596 108 31 lärare
1288 595 62 31 och
1375 595 78 31 med

307 641 188 39 tväblstuga
512 634 13 50 =
538 665 44 4 oe
593 634 102 50 nedeneima
706 665 46 4 nee
762 665 72 4 menmen
859 634 45 50 ueltn
915 634 60 50 nnnfbt
987 664 70 4 Komen
1084 664 71 4 BRA
1193 663 47 5 RES
1253 664 41 5 LES
1306 663 44 5 IRS
1362 663 44 4 FARS
1417 664 32 4 Sr
1532 651 11 13 »
1623 636 133 38 145,000

256 681 352 32 Föreståndarbostad
662 706 787 6 —sssossrssererereereereerersrrrrrrrrr
1177 677 37 45 rer
1219 677 9 45 r
1233 677 21 45 rr
1261 677 38 45 ere
1303 677 7 45 e
1317 677 35 45 ere
1360 677 48 45 ere
1436 677 17 45 a
1533 695 11 10 »
1642 679 116 37 39,000

257 724 111 41 Vägar
387 724 64 31 öch
471 723 337 42 Pplaneriögsarbeten
831 749 32 5 ..:
873 749 46 5 ss:
931 749 45 5 sees
999 749 18 4 sn
1043 748 70 5 ses
1143 749 41 4 vass
1194 749 74 4 spe
1312 748 39 5 sva
1365 748 43 4 svea
1418 748 32 4 svs
1533 736 11 13 »
1666 722 92 37 7,000

257 766 118 31 Brunn
401 766 64 31 och
491 768 87 40 yttre
604 766 325 41 sanitetsledningar
958 792 4 4 =
973 791 478 5 sssesessrsrererrrrrrererererr
1415 762 38 50 nea
1533 782 12 9 »
1644 764 114 37 20,200

260 809 274 31 Transformator
557 809 61 31 och
642 810 90 40 yttre
757 808 181 32 elektriska
963 808 176 41 ledningar
1167 832 285 6 s..ssssmssesserrersa
1534 826 11 7 »
1647 807 112 37 16,800

259 851 168 38 Arvoden,
452 851 276 31 administration
752 851 62 31 och
838 850 221 32 oförutsedda
1084 849 141 42 utgifter
1253 875 200 5 ...............
1542 864 3 4 >
1645 849 114 36 41,000

1316 909 140 31 Summa
1477 909 125 31 kronor
1623 909 136 37 434,000

311 995 196 31 Härutöver
526 994 165 32 beräknas
712 996 48 30 ett
778 994 125 42 belopp
923 1005 40 20 av
983 994 112 37 27,000
1112 993 127 31 kronor
1256 993 54 31 för
1327 993 224 31 anskaffande
1570 1004 40 20 av
1628 993 131 31 möbler

260 1045 62 32 och
340 1045 106 31 andra
464 1045 206 32 inventarier
689 1045 55 31 till
764 1045 232 31 skolhemmet.
1027 1044 75 32 Den
1121 1043 254 42 sammanlagda
1392 1043 190 32 kostnaden
1602 1043 54 31 för
1674 1043 85 32 skol-

258 1096 146 32 hemmet
427 1096 200 42 uppskattas
651 1096 101 31 alltså
774 1096 52 31 till
853 1096 149 40 (434,000
1020 1101 28 29 +
1066 1095 125 41 27,000)
1219 1094 135 38 461,000
1375 1094 134 33 kronor.

310 1198 126 41 Kungl.
459 1198 118 41 Maj:ts
599 1197 255 43 ifrågavarande
876 1197 130 43 förslag
1025 1198 85 31 hava
1130 1198 11 31 i
1163 1197 133 43 princip
1317 1197 72 32 icke
1411 1197 86 42 givit
1518 1197 167 32 utskottet
1707 1208 52 20 an-

260 1249 139 42 ledning
424 1249 55 31 till
505 1249 142 32 erinran.

311 1300 51 31 Av
386 1299 379 42 statsrådsprotokollet
789 1300 155 41 framgår,
970 1300 49 30 att
1043 1299 92 31 såväl
1160 1299 165 41 förslaget
1349 1299 145 32 rörande
1519 1310 63 20 om-
1607 1299 63 31 och
1695 1299 64 31 till-

259 1350 158 42 byggnad
441 1361 41 20 av
505 1350 183 31 Gräskärrs
711 1350 153 31 skolhem
886 1360 75 21 som
982 1349 164 42 förslaget
1166 1349 55 31 till
1242 1352 77 39 nytt
1339 1349 155 32 skolhem
1516 1352 18 29 å
1555 1350 205 41 kronoegen-

259 1401 121 32 domen
394 1400 178 38 Lindhult,
587 1400 106 31 vilket
707 1411 98 21 avses
820 1401 127 31 ersätta
961 1400 192 32 nuvarande
1168 1399 138 42 Åkerby
1320 1399 164 39 skolhem,
1500 1400 12 31 i
1526 1400 75 32 sina
1615 1400 144 42 detaljer

260 1452 72 32 icke
352 1452 163 41 slutligen
534 1453 136 40 prövats
690 1462 41 20 av
750 1451 374 42 departementschefen
1142 1453 83 29 utan
1244 1450 223 33 underställts
1488 1451 80 31 1940
1586 1453 55 30 års
1659 1451 101 42 bygg-

260 1502 271 42 nadsutredning
568 1502 11 31 i
617 1502 91 41 syfte
747 1504 49 29 att
833 1502 194 31 undersöka
1053 1501 261 42 möjligheterna
1342 1502 53 30 till
1424 1502 191 31 eventuella
1642 1502 117 42 bespa-

260 1565 120 30 ringar.

312 1604 180 32 Utskottet
522 1615 97 21 anser
650 1604 55 42 sig
735 1604 106 31 under
871 1603 128 32 sådana
1020 1603 237 32 förhållanden
1276 1603 114 32 kunna
1411 1605 81 40 utgå
1512 1604 74 31 från
1606 1605 51 30 att
1676 1604 84 31 före-

261 1655 135 42 fintliga
417 1654 217 43 möjligheter
656 1654 54 32 till
732 1654 257 42 nedbringande
1012 1666 39 20 av
1072 1654 230 32 kostnaderna
1322 1654 134 31 komma
1478 1656 49 34 att
1547 1654 149 34 beaktas.

311 1707 119 31 Under
453 1706 205 42 hänvisning
680 1706 117 31 härtill
819 1705 198 32 hemställer
1039 1705 175 38 utskottet,

554 1785 48 30 att
621 1783 182 42 riksdagen
823 1784 52 30 må
894 1783 55 31 till
970 1781 98 33 Vissa
1088 1782 319 41 byggnadsarbeten
1425 1781 59 33 vid
1501 1784 130 29 statens
1649 1782 112 40 yrkes-

514 1834 75 31 hem
604 1836 88 29 samt
707 1834 87 31 skol-
810 1834 61 31 och
886 1834 180 40 yrkeshem
1081 1844 41 20 m.
1139 1833 37 40 fl.
1193 1834 20 30 å
1228 1832 208 42 tilläggsstat
1452 1832 39 32 II
1507 1832 53 32 till
1576 1832 184 32 riksstaten

514 1885 52 31 för
602 1884 204 42 budgetåret
845 1883 136 32 1940/41
1020 1883 117 32 anvisa
1174 1885 50 30 ett
1252 1883 348 42 reservationsanslag
1632 1883 54 42 (B)
1720 1895 41 20 av

511 1935 133 37 647,000
663 1935 134 31 kronor.

309 2046 62 42 5:o)
394 2046 215 40 Utrustning
642 2055 45 24 av
717 2055 69 31 nya
807 2045 274 41 sinnessjukhus.
1125 2043 129 43 Kungl.
1279 2043 97 42 Maj:t
1398 2044 63 32 har
1483 2043 175 42 föreslagit
1680 2043 71 32 riks

260 2097 108 42 dagen
392 2096 122 42 (punkt
532 2096 27 37 5,
578 2096 62 31 sid.
661 2096 40 31 74
720 2096 63 31 och
800 2095 50 40 75)
873 2097 51 30 att
941 2095 55 31 till
1013 2095 209 41 Utrustning
1238 2105 41 21 av
1295 2105 66 31 nya
1378 2094 263 42 sinnessjukhus
1650 2090 18 53 å
1696 2094 65 31 till-

260 2148 165 42 läggsstat
441 2148 39 30 II
497 2147 54 31 till
567 2147 185 31 riksstaten
770 2147 52 31 för
837 2146 203 42 budgetåret
1060 2145 133 32 1940/41
1213 2145 118 32 anvisa
1346 2147 49 29 ett
1412 2145 349 41 reservationsanslag

259 2209 40 21 av
318 2199 134 37 470,000
472 2198 132 31 kronor.

312 2302 167 41 Anslaget
494 2312 96 20 avser
607 2299 197 42 utrustning
820 2311 40 20 av
878 2299 161 41 Sidsjöns
1057 2298 144 42 sjukhus
1218 2298 12 31 i
1249 2297 194 32 Sundsvall.
1471 2298 203 32 Kostnaden
1689 2298 72 31 här-

261 2353 54 31 för
330 2353 61 31 har
406 2363 41 21 av
462 2350 352 42 medicinalstyrelsen
828 2349 183 32 beräknats
1028 2349 52 31 till
1096 2349 135 37 920,000
1246 2349 125 31 kronor
1386 2348 110 31 under
1510 2350 98 29 nästa
1621 2348 140 41 budget-

261 2405 45 30 år.
336 2403 116 32 Härav
470 2402 165 32 beräknas
654 2401 192 32 emellertid
863 2400 136 38 400,000
1017 2400 124 31 kronor
1159 2399 125 42 belöpa
1302 2401 18 29 å
1338 2398 216 37 inventarier,
1574 2409 73 20 som
1665 2398 96 31 skola

261 2454 167 32 levereras
446 2464 122 32 genom
585 2452 227 42 fångvårdens
830 2451 136 42 försorg
983 2451 62 31 och
1062 2451 52 31 för
1131 2450 93 31 vilka
1240 2450 110 31 medel
1367 2449 73 32 icke
1458 2449 170 32 erfordras
1646 2449 115 32 förrän
