2222 2613
444 157 17 28 g
894 153 247 31 Stutsutskottets
1165 150 160 31 memorial
1349 149 51 31 Nr
1424 148 74 31 113.

510 236 34 34 «1
555 234 189 47 enlighet
771 233 93 35 med:
884 231 250 36 förenämnda
1162 229 263 45 sakkunnigas
1452 227 144 45 förslag
1622 225 71 35 har
1712 225 282 35 statskontoret

401 287 181 46 slutligen
609 285 122 36 under
758 283 287 36 inkomsttiteln
1078 282 168 35 »diverse
1266 280 233 36 inkomster»
1524 276 250 37 sammanfört
1795 276 79 35 dels
1893 275 101 35 hvad

402 351 80 23 som
511 337 137 38 hittills
675 337 12 34 i
716 335 211 36 allmänhet
952 334 176 36 bokförts
1155 333 123 35 under
1303 331 88 35 titel
1420 333 110 32 extra
1561 328 189 47 uppbörd,
1770 327 81 35 dels
1869 328 127 33 bötes-

401 390 136 45 medel,
578 390 78 34 dels
696 387 76 36 ock
814 388 45 34 de
890 386 42 35 af
960 387 79 45 mig
1064 385 107 35 förut
1200 382 253 37 omförmälda
1483 380 206 47 afgifterna
1716 378 59 35 för
1802 377 193 47 rättighet

402 442 62 35 till
491 441 206 46 skogsfång
726 440 71 34 och
824 437 301 47 kolningsfrihet
1152 439 51 43 på
1221 434 294 45 allmänningar.
1570 432 109 34 Hvad
1707 431 190 35 beträffar
1911 429 85 35 sist-

403 494 167 35 nämnda
599 491 154 45 afgifter
780 490 123 35 skulle
933 490 57 44 de,
1019 488 122 47 enligt
1169 487 103 35 hvad
1294 486 69 46 jag
1391 484 105 36 förut
1523 484 216 46 ifrågasatt,
1759 481 238 37 fortfarande

404 546 92 46 ingå
522 545 13 34 i
563 541 389 47 bevillningsafgifter
979 540 60 36 för
1065 539 189 36 särskilda
1280 537 197 35 förmåner
1496 535 72 36 och
1586 533 244 47 rättigheter.
1879 532 119 36 Stats-

404 598 202 34 kontorets
634 594 215 46 beräkning
877 593 13 34 i
919 592 119 46 öfrigt
1065 591 41 36 af
1130 589 295 47 ifrågavarande
1453 600 76 34 nya
1547 585 272 43 inkomsttitel,
1840 583 159 36 hvilken

405 648 215 46 beräkning
660 648 116 44 utgår
799 645 108 35 från
954 643 145 46 ökning
1140 642 42 35 af
1210 641 105 36 såväl
1348 641 65 34 det
1440 639 153 46 belopp,
1623 637 160 35 hvartill
1810 636 189 35 inkomst-

406 700 115 36 titeln
550 702 107 32 extra
685 697 180 46 uppbörd
892 696 60 35 för
983 698 93 33 1911
1106 694 191 47 uppförts,
1326 704 81 23 som
1436 691 73 36 ock
1538 690 41 35 af
1603 690 45 34 de
1675 688 61 36 för
1755 692 42 31 år
1821 690 93 33 1911
1935 687 65 34 be-

406 752 171 35 räknade
605 749 272 43 bötesmedlen,
908 760 108 33 synes
1044 747 79 45 mig
1149 746 134 34 kunna
1309 738 201 53 godtagas.
1558 742 56 34 Di
1639 740 214 35 emellertid
1872 741 129 33 ränte-

407 803 219 35 inkomsten
654 804 22 32 å
703 799 396 48 riksgäldskontorets
1126 797 213 35 tillsvidare
1367 794 224 35 förräntade
1610 791 135 41 medel,
1765 791 159 35 hvilken
1941 789 61 35 för

408 854 192 35 vinnande
641 853 41 35 af
719 851 116 45 syftet
875 850 88 36 med
999 850 73 35 den
1112 846 322 48 budgetsreform,
1478 846 112 34 hvars
1622 843 169 47 grunder
1819 842 42 35 af
1884 841 119 35 Eders

409 906 137 45 Kungl.
576 904 110 47 Maj:t
714 903 195 47 godkänts
936 903 74 34 den
1032 903 44 33 30
1098 900 201 36 december
1322 901 109 41 1910,
1450 898 73 34 bör
1541 899 192 43 upptagas
1752 896 22 33 å
1793 894 210 35 riksstaten

411 958 72 35 och
497 958 13 34 i
525 956 314 45 räkenskaperna
865 954 193 35 redovisas
1086 955 123 33 såsom
1239 963 46 23 en
1303 950 173 35 inkomst
1496 951 22 32 å
1533 945 471 47 statsregleringsfondens

410 1010 123 34 konto
553 1009 12 34 i
583 1006 370 43 rikshufvudboken,
982 1004 209 46 lämpligen
1210 1013 109 35 synes
1337 1001 133 34 kunna
1490 999 163 36 tillföras
1673 998 125 34 denna
1816 997 188 34 inkomst-

412 1060 99 45 titel,
539 1060 71 35 har
625 1059 79 45 jag,
733 1058 65 35 vid
826 1058 66 34 det
919 1055 260 37 förhållandet
1207 1052 189 47 därjämte
1423 1054 60 33 att
1501 1049 245 45 fullmäktige
1765 1049 14 34 i
1797 1047 208 46 riksgälds-

412 1113 184 34 kontoret
624 1109 164 46 antagit,
817 1112 61 32 att
906 1108 124 35 denna
1058 1104 285 38 ränteinkomst
1366 1103 59 35 för
1445 1105 43 32 år
1509 1104 96 32 1912
1627 1100 123 36 skulle
1770 1100 158 35 komma
1947 1100 60 32 att

413 1164 138 45 belöpa
591 1162 57 46 sig
689 1161 61 35 till
793 1162 163 43 500,000
989 1159 156 44 kronor,
1187 1155 191 37 beräknat
1419 1152 293 47 ifrågavarande
1747 1149 257 37 inkomsttitel

413 1215 62 35 till
506 1215 197 44 1,500,000
732 1212 157 35 kronor.

544 1317 133 45 Enligt
696 1316 46 35 de
763 1315 41 35 af
818 1315 80 45 mig
918 1314 160 34 sålunda
1096 1312 137 46 gjorda
1252 1309 313 45 beräkningarna
1582 1307 122 35 skulle
1722 1317 174 23 samman
1911 1303 41 36 af
1964 1304 45 34 de

417 1369 193 45 egentliga
630 1367 364 36 statsinkomsterna
1011 1365 60 34 för
1091 1367 42 32 år
1156 1364 95 34 1912
1273 1361 138 45 belöpa
1431 1360 58 45 sig
1503 1359 57 34 till
1583 1358 251 45 164,620,000
1851 1351 157 54 kronor.

755 1523 39 33 BB.
852 1520 195 35 Inkomster
1074 1518 43 45 af
1141 1521 132 32 statens
1296 1514 215 48 produktiva
1537 1512 138 47 fonder.

549 1626 128 36 Under
705 1625 125 34 denna
858 1621 284 36 hufvudrubrik
1170 1622 95 34 böra
1293 1618 123 45 enligt
1443 1617 67 35 det
1538 1628 74 33 nya
1639 1617 182 43 systemet
1840 1613 59 35 för
1918 1612 95 35 riks-

422 1681 144 33 statens
592 1675 267 47 uppställning
888 1674 62 35 till
978 1686 46 22 en
1056 1672 137 46 början
1213 1670 182 47 uppföras
1415 1667 379 36 nettoinkomsterna
1813 1664 42 36 af
1869 1666 146 33 statens

422 1727 371 45 affärsverksamhet,
836 1725 196 36 fördelade
1073 1726 50 44 på
1150 1721 169 47 följande
1347 1720 123 44 titlar,
1499 1718 210 46 nämligen:
1740 1719 146 32 statens
1909 1714 105 45 järn-

422 1787 130 40 vägar,
581 1778 237 47 postverket,
848 1776 312 46 telegrafverket,
1190 1777 146 32 statens
1362 1770 232 37 vattenverk
1623 1768 71 36 och
1722 1771 144 32 statens
1887 1766 127 35 domä-

423 1844 79 23 ner.
557 1832 131 34 Denna
729 1828 266 48 uppställning
1023 1827 161 35 innebär
1212 1826 12 34 i
1253 1823 135 47 själfva
1416 1822 137 35 verket
1580 1821 101 35 intet
1708 1820 13 34 i
1748 1818 152 47 princip
1928 1819 88 43 nytt

424 1885 13 33 i
464 1884 110 44 fråga
601 1894 61 23 om
691 1885 146 31 statens
860 1880 221 45 järnvägar,
1111 1878 153 35 hvilkas
1282 1875 215 35 inkomster
1516 1872 112 37 äfven
1647 1870 141 36 hittills
1806 1868 208 36 beräknats

424 1938 111 32 netto
568 1934 12 34 i
607 1934 209 34 riksstaten
856 1931 124 36 under
1006 1930 115 36 titeln
1143 1924 440 51 järnvägstrafikmedel.
1638 1924 17 32 I
1683 1922 109 45 fråga
1820 1932 62 23 om
1910 1923 104 43 post-

425 1986 136 35 verket
601 1985 71 34 och
712 1983 299 47 telegrafverket
1052 1984 98 33 samt
1191 1983 146 32 statens
1378 1979 182 34 domäner
1600 1973 211 36 innefattar
1839 1972 74 36 den
1940 1984 75 33 nya

425 2037 313 47 uppställningen
780 2036 73 34 den
895 2034 209 35 afvikelsen
1144 2032 86 35 från
1272 2030 140 36 hittills
1451 2027 171 37 rådande
1648 2023 278 45 förhållanden.
1957 2026 59 32 att

427 2090 107 35 dessa
560 2088 113 35 verks
699 2087 215 36 inkomster
936 2084 145 47 jämväl
1110 2083 123 36 skulle
1260 2083 157 34 komma
1436 2083 60 33 att
1513 2077 192 36 beräknas
1723 2078 108 33 netto
1851 2076 14 34 i
1888 2074 130 36 stället

427 2142 60 34 för
523 2140 135 35 brutto
700 2141 123 33 såsom
864 2150 63 23 nu.
991 2136 107 36 Hvad
1139 2135 182 45 slutligen
1363 2135 145 33 statens
1549 2127 230 37 vattenverk
1820 2125 195 45 beträffar,

428 2192 114 35 hafva
569 2193 121 43 några
716 2190 215 35 inkomster
959 2188 41 36 af
1023 2188 108 35 dessa
1157 2186 143 36 hittills
1327 2185 86 35 icke
1439 2182 211 36 beräknats
1677 2181 13 35 i
1718 2180 224 35 riksstaten.

557 2241 408 36 Bruttoinkomsterna
1007 2239 40 35 af
1083 2239 46 35 de
1171 2237 83 46 fyra
1286 2234 267 38 förstnämnda
1580 2232 143 36 verken
1750 2231 115 36 hafva
1894 2229 59 36 för
1981 2233 42 30 år
