1894 2826
290 407 41 31 A.
891 405 139 33 Förs

983 476 50 30 till

622 156 435 30 Konstitutionsutskottets
1080 156 175 30 utlåtande
1276 157 48 29 Nr
1344 157 51 30 29.

1044 406 97 40 lag

476 541 161 40 ändring
659 542 13 31 i
698 541 89 32 vissa
811 541 103 32 delar
938 550 41 23 av
1001 538 546 43 tryckfrihetsförordningen.'

439 627 184 36 (Gällande
651 627 155 37 lydelse.)

593 720 17 37 8
640 721 26 29 1.

307 789 63 28 1:o.
403 786 75 31 Alla
495 787 95 37 förut
605 787 158 37 gällande
783 787 106 38 lagar,
906 787 90 31 stad-

263 838 136 37 ganden
435 839 64 29 och
533 839 228 37 föreskrifter,
796 840 9 28 i
830 839 168 30 avseende

264 889 45 36 på
352 889 251 37 tryckfriheten
642 889 80 30 eller
765 889 233 37 bokhandeln,

265 949 78 20 vare
374 940 144 30 härmed
548 940 200 36 upphävna,
777 940 76 37 och,
884 939 115 31 såsom

264 1000 40 20 en
329 990 91 37 följd
441 990 118 38 härav,
582 991 89 29 även
694 990 66 30 alla
783 990 121 31 hittills
929 992 68 35 giv-

263 1050 45 20 na
331 1040 172 30 särskilda
527 1041 130 37 förbud
685 1044 90 27 emot
799 1041 199 37 utgivandet

263 1100 42 20 av
319 1092 93 29 vissa
429 1075 134 57 böcker,
580 1091 141 37 skrifter
738 1092 64 29 och
817 1091 181 37 handling-

264 1151 47 20 ar.
365 1141 42 36 Ej
436 1140 57 31 må
521 1140 117 38 någon
666 1142 11 29 i
707 1151 116 21 annan
850 1142 148 36 ordning

264 1192 80 29 eller
368 1191 11 30 i
403 1195 105 26 annat
529 1192 72 36 fall,
627 1193 46 29 än
696 1192 111 30 denna
831 1193 57 36 lag
908 1193 89 30 stad-

264 1250 69 28 gar,
355 1242 121 30 kunna
495 1242 54 30 för
571 1242 113 37 tryckt
707 1243 118 30 skrifts
846 1241 153 32 innehåll

265 1292 140 30 tilltalas
429 1293 79 29 eller
529 1292 154 31 straffas.

312 1343 116 30 Under
448 1343 95 30 ordet
559 1343 115 38 skrift,
694 1353 74 20 som
787 1344 10 29 i
816 1344 115 29 denna
948 1343 53 37 lag

265 1394 141 37 nyttjas,
431 1394 88 30 skall
539 1393 130 38 förstås
693 1394 59 30 allt
775 1394 77 37 vad,
877 1403 124 28 genom

264 1444 109 37 tryck,
403 1443 108 31 under
535 1444 253 30 allmänhetens
815 1444 91 37 ögon
932 1443 68 38 läg-

261 1504 65 27 ges.
376 1495 79 30 Med
477 1495 177 37 periodisk
678 1495 101 37 skrift
802 1495 128 37 förstås
955 1505 41 20 en

261 1545 120 37 sådan,
410 1555 75 21 som
514 1547 11 29 i
551 1545 261 38 nummerföljd,
841 1545 82 31 eller
951 1545 45 38 på

264 1596 179 30 bestämda
473 1596 95 37 tider,
598 1597 140 36 utgives.

305 1647 67 28 2:o0.
421 1646 120 37 Någon
565 1646 227 37 tryckningen
819 1646 177 37 föregåen-

262 1696 40 30 de
330 1697 213 37 granskning
572 1707 42 20 av
644 1697 112 37 skrift,
784 1697 81 30 eller
893 1696 104 38 något

262 1747 129 37 förbud
420 1751 90 26 emot
544 1748 183 36 tryckning
760 1748 118 37 därav,
909 1747 87 31 skall

263 1799 31 35 ej
324 1799 66 35 äga
419 1807 86 21 rum.
557 1798 45 37 Ej
631 1798 89 30 skall
749 1798 115 36 någon
894 1798 103 37 skrift

262 1848 130 37 kunna,
417 1849 73 35 före
513 1849 77 29 dess
618 1848 193 37 utgivande,
838 1848 158 37 boktryc-

261 1899 93 37 kare,
380 1900 151 35 utgivare
553 1899 82 30 eller
657 1899 180 37 författare
859 1899 137 37 avford-

262 1959 65 27 ras,
359 1950 33 36 ej
422 1949 105 30 heller
553 1949 106 37 något
688 1950 54 37 för
769 1950 227 36 tryckningen

263 1999 80 30 eller
373 2000 221 36 utgivningen
623 2000 184 36 hinderligt
837 2000 160 30 inseende

263 2050 79 29 över
384 2050 267 37 boktryckerier,
694 2050 80 30 eller
815 2050 181 37 författare

263 2101 63 29 och
348 2101 162 36 utgivare,
532 2109 85 21 vara
639 2100 133 37 tillåtet;
793 2101 203 29 läroverken

265 2151 88 29 dock
385 2151 98 29 deras
511 2151 96 37 förra
636 2152 160 36 rättighet
824 2151 173 37 förbehål-

264 2201 64 37 len,
358 2205 50 26 att
435 2202 115 29 överse
581 2202 66 29 och
674 2202 80 36 gilla
782 2201 133 31 sådana
941 2211 55 21 av-

264 2251 217 38 handlingar,
504 2261 75 21 som
602 2252 99 30 skola
722 2252 45 37 på
788 2252 100 30 deras
911 2252 86 30 läro-

263 2301 90 30 salar
378 2302 201 37 offentligen
601 2303 185 37 försvaras.

307 2403 67 29 3:0.
405 2402 183 37 Angående
609 2403 201 36 äganderätt
829 2403 50 30 till
897 2402 102 37 skrift

263 2453 87 36 gälle
376 2454 67 29 vad
466 2463 75 20 som
564 2453 140 37 stadgas
727 2455 10 28 i
761 2454 149 30 särskild
934 2453 64 36 lag,

303 2532 8 14 !
331 2534 62 24 Med
414 2535 39 23 ett
475 2535 144 29 undantag
639 2535 6 22 i
665 2533 74 31 fråga
758 2541 44 17 om
822 2533 13 32 $
857 2533 13 24 1
890 2541 81 17 mom.
992 2532 30 25 13

1196 626 224 37 (Föreslagen
1439 626 156 37 lydelse.)

1367 719 18 37 8
1413 719 27 29 1

1085 787 64 29 1:o.
1197 786 77 30 Med
1323 785 219 37 iakttagande
1579 795 42 20 av
1661 785 65 30 vad
1762 785 10 29 i

1037 837 115 30 denna
1173 837 53 36 lag
1244 837 113 37 finnes
1377 837 134 36 stadgat
1531 836 90 30 skall
1638 836 56 30 det
1711 845 60 21 un-

1038 888 60 30 der
1127 888 123 30 villkor
1275 897 41 20 av
1345 887 102 36 helgd
1473 887 54 37 för
1553 886 127 30 andras
1706 887 67 29 rätt

1037 938 53 30 stå
1110 948 105 20 envar
1237 938 124 30 svensk
1383 937 224 37 medborgare
1629 937 74 37 fritt
1724 939 49 28 att

1038 990 9 29 i
1073 989 99 36 tryck
1198 989 113 36 utgiva
1336 988 150 37 skrifter.

1082 1039 42 36 Ej
1145 1037 57 31 må
1221 1037 114 37 någon
1354 1038 10 30 i
1385 1048 116 20 annan
1522 1037 149 37 ordning
1692 1037 80 31 eller

1040 1090 10 29 i
1085 1092 107 27 annat
1227 1089 61 30 fall
1320 1090 46 29 än
1398 1089 113 30 denna
1544 1089 56 36 lag
1634 1088 138 36 stadgar

1037 1140 122 30 kunna
1179 1139 54 30 för
1257 1139 114 36 tryckt
1393 1139 118 30 skrifts
1533 1137 154 32 innehåll
1708 1138 64 30 till-

1038 1191 87 29 talas
1154 1190 79 30 eller
1258 1190 154 30 straffas.

1082 1645 68 29 2:0.
1198 1644 14 29 I
1261 1643 114 31 denna
1423 1643 54 37 lag
1521 1642 128 38 förstås
1695 1642 78 31 med

1039 1694 169 37 tryckt
1242 1694 160 37 skrift
1431 1694 109 30 sådan
1562 1693 114 39 skrift,
1700 1702 75 21 som

1038 1755 126 27 genom
1189 1745 97 36 tryck
1314 1745 141 36 utgives,
1481 1747 90 27 samt
1595 1744 80 30 med
1695 1740 24 46 Dp
1710 1753 64 28 e-

1039 1796 184 29 riodisk
1260 1795 149 37 skrift
1446 1795 133 37 tidning
1605 1795 80 30 eller
1712 1794 62 31 tid-

1038 1846 114 37 skrift,
1199 1856 74 20 som
1309 1846 105 37 enligt
1451 1845 324 38 utgivningsplanen

1039 1899 39 28 är
1101 1896 128 31 avsedd
1249 1900 49 26 att
1319 1897 109 30 under
1452 1896 157 30 bestämd
1630 1896 73 30 titel
1724 1898 50 28 ut-

1038 1949 96 35 givas
1160 1947 78 30 med
1261 1948 106 29 minst
1392 1947 78 37 fyra
1494 1947 20 30 å
1537 1946 172 31 särskilda
1735 1947 39 29 ti-

1039 1998 61 30 der
1130 1997 248 31 utkommande
1411 2007 160 20 nummer
1602 1997 81 30 eller
1697 1996 76 38 häf-

1040 2052 56 27 ten
1118 2049 138 36 årligen.
1301 2048 65 30 Till
1385 2047 174 37 periodisk
1577 2047 104 38 skrift
1698 2047 76 30 räk-

1039 2108 63 21 nas
1142 2100 86 29 även
1267 2098 116 31 därtill
1420 2098 154 30 hörande
1603 2097 172 37 löpsedlar

1041 2150 66 30 och
1131 2149 139 37 bilagor.

1083 2200 111 37 Skrift
1221 2200 87 30 skall
1333 2209 100 21 anses
1461 2200 148 36 utgiven,
1635 2199 45 30 då
1708 2198 66 31 den

1041 2251 98 30 blivit
1162 2250 74 31 såld
1259 2250 82 30 eller
1361 2242 203 38 annorledes
1589 2249 121 37 spridd
1731 2248 44 31 el-

1041 2302 49 29 ler
1116 2301 179 30 utlämnad
1324 2301 52 30 till
1402 2301 74 30 salu
1504 2300 81 30 eller
1614 2300 51 30 till
1690 2300 85 36 spri-

1040 2352 114 30 dande
1176 2351 45 38 på
1242 2354 108 27 annat
1373 2352 76 29 sätt.

1083 2403 68 29 3:o.
1199 2402 121 35 Någon
1346 2402 227 36 tryckningen
1598 2399 177 39 föregåen-

1041 2453 41 29 de
1112 2452 213 37 granskning
1358 2462 42 20 av
1430 2452 102 37 skrift
1562 2451 82 30 eller
1672 2450 104 37 något

1040 2535 245 23 överensstämmer
1303 2533 47 24 det
1369 2534 7 22 i
1396 2533 204 30 propositionen
1619 2532 152 29 framlagda

257 2568 407 30 grundlagsändringsförslaget
683 2568 56 24 helt
758 2569 61 22 med
839 2569 90 23 nedan
949 2569 112 29 intagna
1080 2568 108 30 förslag.
