2154 2653
435 196 22 30 4
861 197 256 32 Statsutskottets
1147 197 172 33 Utlåtande
1341 198 63 32 N:o
1427 201 73 30 113.

393 283 138 49 belopp
570 283 40 36 af
641 285 161 46 181,000
832 284 141 36 kronor
1001 284 58 37 för
1087 285 243 49 anskaffning
1358 286 41 36 af
1423 291 53 31 ett
1504 286 296 50 ballongfartyg.
1855 287 134 50 Enligt

393 336 101 36 hvad
531 336 405 50 marinförvaltningen
968 337 152 49 anmält,
1149 338 68 36 har
1244 338 206 37 emellertid
1479 338 72 38 den
1579 339 171 50 verkliga
1778 340 210 37 kostnaden

394 389 59 36 för
486 389 276 49 nybyggandet
791 389 40 36 af
855 390 326 50 ballongfartyget
1208 394 164 47 uppgått
1400 392 57 36 till
1486 393 161 47 204,436
1677 388 142 41 kronor
1847 394 46 36 59
1924 399 63 31 öre

394 442 88 36 eller
510 442 143 36 således
684 444 136 46 23,436
850 443 140 36 kronor
1019 444 46 35 59
1096 449 63 31 öre
1187 457 102 23 mera
1317 449 47 31 än
1392 444 213 37 beräknats.

496 546 72 37 Till
610 546 234 37 försättande
871 547 12 36 i
911 546 85 37 fullt
1036 547 198 50 tidsenligt
1275 548 107 37 skick
1411 549 41 35 af
1477 551 57 34 1:a
1561 549 101 37 klass
1690 551 298 49 pansarbåtarna

394 598 107 49 Svea,
533 598 101 37 Göta
662 600 69 36 och
760 600 119 36 Thule
907 600 184 49 beviljade
1122 602 96 35 1899
1250 603 59 34 års
1329 601 168 49 Riksdag
1511 606 53 32 ett
1578 602 136 50 anslag
1729 603 41 36 af
1780 605 206 47 4,920,000

391 651 152 48 kronor,
586 651 109 37 däraf
734 653 202 46 2,500,000
977 653 141 40 kronor
1159 654 196 36 anvisades
1392 654 58 37 för
1486 657 39 33 år
1557 656 96 36 1900
1683 656 69 36 och
1782 658 203 46 2,420,000

392 703 58 36 för
479 706 40 33 år
549 705 109 34 1901.
714 704 74 36 Vid
816 704 190 49 anslagets
1035 705 239 36 beräknande
1303 719 66 22 var
1388 706 187 47 förutsatt,
1597 712 54 30 att
1671 720 46 23 en
1736 708 59 35 del
1815 709 172 36 artilleri-

392 755 70 37 och
491 755 314 51 torpedmateriel,
834 756 226 37 tillhörande
1088 757 163 37 nämnda
1277 758 258 50 pansarbåtar,
1566 758 120 38 skulle
1715 760 192 38 användas
1927 761 60 37 för

391 808 117 36 andra
536 809 173 36 ändamål
737 809 69 37 och
835 815 54 30 att
918 809 45 37 de
991 810 58 36 för
1077 810 109 36 dessa
1215 811 175 36 anvisade
1418 811 121 36 medel
1566 812 12 35 i
1606 813 264 36 motsvarande
1890 814 96 48 grad

391 861 119 36 skulle
551 866 109 44 tagas
692 862 12 36 i
737 862 165 48 anspråk
943 862 58 36 för
1043 862 288 49 ifrågavarande
1364 863 349 49 ändringsarbeten.
1768 864 67 37 Ett
1863 865 122 49 dylikt

389 913 134 49 utbyte
551 913 80 48 har,
660 914 119 50 enligt
806 914 100 37 hvad
933 915 142 49 Kungl.
1104 915 108 49 Maj:t
1240 916 141 36 anmält
1408 916 58 37 för
1497 917 97 36 1900
1624 919 59 34 års
1711 917 181 50 Riksdag,
1917 923 68 44 ägt

389 980 84 22 rum
508 967 12 35 1
554 971 119 32 större
716 967 230 49 omfattning
974 972 47 31 än
1048 969 296 48 ursprungligen
1373 969 145 36 afsetts.
1574 969 50 36 På
1653 969 133 37 sådant
1814 975 74 32 sätt
1915 971 70 36 har

390 1019 63 36 det
493 1019 59 36 för
593 1032 141 24 samma
776 1020 154 37 arbeten
971 1020 177 37 anvisade
1189 1021 172 49 anslaget
1389 1021 107 37 ökats
1525 1021 84 37 med
1642 1023 161 46 710,360
1831 1023 151 49 kronor,

389 1071 150 37 hvadan
568 1071 57 37 för
654 1072 210 37 ändamålet
891 1073 97 36 varit
1018 1077 54 32 att
1100 1073 199 49 disponera
1319 1074 278 49 sammanlagdt
1613 1076 202 46 5,630,360
1831 1076 151 36 kronor.

491 1123 289 50 Förändringen
809 1126 41 35 af
875 1125 45 36 de
948 1131 56 31 tre
1033 1125 177 50 fartygen
1237 1126 169 37 utfördes
1437 1126 60 37 vid
1526 1127 153 37 flottans
1708 1128 87 36 varf
1819 1128 13 36 i
1854 1127 129 38 Karls-

390 1175 119 36 krona
550 1176 70 36 och
663 1177 189 36 anmäldes
882 1177 41 35 af
946 1178 241 36 varfschefen
1215 1181 124 34 såsom
1368 1179 162 35 afslutad
1559 1179 99 36 hvad
1686 1180 169 49 anginge
1884 1179 100 37 Göta

389 1228 12 35 i
429 1228 72 48 maj
535 1230 110 45 1903,
676 1227 97 38 Svea
800 1229 12 36 1
835 1229 73 49 juli
939 1232 97 34 1904
1066 1230 69 36 och
1164 1230 120 37 Thule
1312 1231 11 35 i
1346 1231 152 49 januari
1530 1232 108 35 1905.

491 1279 408 51 Marinförvaltningen
931 1281 69 36 har
1027 1296 50 22 nu
1107 1283 150 47 anmält,
1286 1287 56 32 att
1370 1296 48 23 en
1445 1283 213 49 betydande
1686 1283 95 37 brist
1809 1287 174 46 uppstått

387 1332 55 35 uti
483 1331 286 50 ifrågavarande
811 1334 143 49 anslag.
1009 1334 129 37 Under
1174 1335 231 49 fortgången
1435 1335 40 36 af
1500 1336 44 36 de
1571 1336 151 49 mycket
1751 1336 232 37 omfattande

389 1383 365 50 ändringsarbetena
793 1386 96 36 hade
930 1386 63 36 det
1033 1387 204 49 nämligen,
1265 1390 48 46 på
1341 1388 125 48 grund
1495 1388 41 36 af
1559 1401 127 23 vunna
1714 1389 267 47 erfarenheter,

386 1436 101 36 visat
515 1437 62 48 sig
604 1437 237 49 nödvändigt
869 1443 54 31 att
952 1439 102 35 såväl
1081 1439 232 37 beträffande
1339 1440 139 49 planen
1506 1440 58 36 för
1593 1441 162 36 arbetets
1783 1441 198 36 utförande

388 1502 82 23 som
499 1489 11 36 i
539 1489 109 49 fråga
677 1503 59 23 om
766 1490 185 37 särskilda
988 1491 155 48 detaljer
1170 1492 156 49 vidtaga
1349 1492 259 49 jämkningar,
1637 1493 129 36 hvilka
1795 1493 186 37 föranledt

388 1541 146 48 ökning
572 1542 39 35 af
643 1542 211 37 kostnaden
889 1543 150 36 utöfver
1074 1544 99 35 hvad
1202 1557 80 23 som
1310 1544 297 49 ursprungligen
1634 1545 217 45 beräknats;
1894 1559 87 22 men

387 1593 57 36 till
472 1593 144 37 bristen
643 1594 96 37 hade
768 1594 111 37 äfven
907 1595 12 36 i
946 1595 79 49 hög
1053 1596 94 48 grad
1176 1596 167 49 bidragit
1372 1597 71 36 den
1472 1597 146 49 ökning
1645 1597 42 36 af
1706 1597 184 37 material-
1911 1598 70 36 och

386 1645 299 49 arbetskostnad,
714 1647 155 36 hvilken
896 1650 172 46 uppstått
1097 1648 114 36 sedan
1230 1651 41 33 år
1293 1649 110 47 1898,
1424 1649 47 35 då
1491 1649 490 49 kostnadsberäkningarna

385 1698 256 48 upprättades.
696 1698 238 38 Beträffande
963 1700 188 36 storleken
1175 1700 41 37 af
1232 1701 122 36 denna
1373 1701 96 36 brist
1488 1702 68 35 har
1575 1701 406 50 marinförvaltningen

385 1750 153 48 anmält,
570 1755 54 31 att
651 1751 210 48 utgifterna
889 1751 58 37 för
975 1752 211 37 ändamålet
1213 1755 164 47 uppgått
1405 1753 56 36 till
1485 1753 275 49 sammanlagdt
1777 1755 199 47 6,676,547

385 1801 142 37 kronor
557 1804 19 34 5
607 1808 77 40 öre;
720 1804 70 35 och
818 1804 45 36 då
884 1803 211 50 disponibla
1113 1805 178 49 beloppet
1309 1805 148 49 utgjort
1474 1807 203 46 5,630,360
1692 1806 151 47 kronor,
1860 1807 120 36 skulle

385 1854 144 37 bristen
558 1855 106 36 alltså
692 1858 130 47 uppgå
850 1856 57 36 till
938 1858 200 46 1,046,187
1167 1857 141 37 kronor
1338 1861 20 33 5
1389 1864 73 30 öre.
1500 1857 145 37 Därvid
1664 1872 89 23 vore
1773 1859 205 36 emellertid

384 1911 56 31 att
468 1906 138 49 märka,
637 1913 54 30 att
718 1911 129 45 någon
875 1908 177 48 inkomst,
1082 1922 60 23 om
1171 1914 48 31 än
1246 1910 81 36 icke
1355 1910 56 36 till
1434 1913 119 46 något
1572 1910 237 49 betydligare
1829 1911 149 50 belopp,

383 1958 127 37 kunde
551 1964 133 31 väntas
726 1974 138 34 genom
906 1961 227 49 försäljning
1173 1962 42 36 af
1247 1962 63 36 vid
1339 1962 198 49 fartygens
1566 1963 224 48 förändring
1817 1963 161 37 fallande

384 2011 235 36 materialier.
674 2012 79 36 Där
793 2012 139 36 sådana
973 2013 81 36 icke
1094 2013 145 36 kunnat
1280 2014 192 36 användas
1507 2014 59 37 för
1593 2015 145 47 flottan,
1768 2015 96 36 hade
1891 2029 88 22 man

385 2062 86 36 sökt
507 2064 175 36 realisera
719 2065 83 36 dem
839 2065 56 36 till
927 2066 137 47 högsta
1092 2066 156 49 möjliga
1276 2067 93 48 pris;
1413 2067 70 36 och
1511 2067 95 36 hade
1633 2067 64 36 vid
1725 2067 163 37 bristens
1916 2068 63 36 be-

382 2115 165 49 räkning
580 2116 149 48 hänsyn
755 2117 81 36 icke
865 2117 145 36 kunnat
1038 2123 109 43 tagas
1176 2119 57 35 till
1262 2132 46 23 en
1337 2119 58 36 del
1422 2119 237 48 materialier,
1689 2119 59 37 för
1774 2120 129 36 hvilka
1932 2120 46 36 då

383 2171 100 32 ännu
512 2168 190 49 antagligt
729 2169 226 49 köpeanbud
982 2170 82 36 icke
1092 2170 145 36 kunnat
1265 2171 169 36 erhållas.

483 2270 74 37 För
584 2271 185 37 täckande
798 2272 40 36 af
863 2272 279 37 ofvannämnda
1169 2273 136 37 brister
1333 2274 68 36 har
1428 2274 408 50 marinförvaltningen
1856 2280 123 32 ansett

381 2322 206 50 lämpligen
615 2323 91 37 böra
735 2325 190 36 användas
953 2325 258 49 besparingar,
1237 2339 80 23 som
1336 2329 173 46 uppstått
1528 2326 89 37 eller
1635 2326 128 37 kunde
1782 2327 195 37 förväntas
