1892 2860
506 161 255 34 Statsutskottets
784 156 164 34 memorial
973 156 52 31 Nr
1044 157 74 29 111.
1549 147 18 31 3

80 246 94 32 skall
199 245 99 36 utgå,
324 244 92 31 samt
443 242 96 36 förty
566 240 85 37 höja
678 237 155 33 nämnda
860 234 183 33 ordinarie
1069 229 282 39 förslagsanslag
1378 227 80 32 med
1483 225 88 38 1,200

79 300 143 35 kronor,

120 352 103 33 VIII.
246 361 43 21 ur
308 350 59 32 det
387 348 181 33 ordinarie
588 344 320 38 förslagsanslaget
929 342 59 32 till
1008 339 214 36 avlöningar
1242 336 62 32 vid
1324 332 247 41 gymnastiska

82 404 321 35 centralinstitutet
420 402 156 32 utesluta
591 400 70 32 den
676 410 50 21 nu
739 398 65 31 där
820 398 187 35 upptagna
1022 392 271 37 anslagsposten
1307 389 58 32 till
1380 387 191 33 vikariats-

83 459 245 36 ersättningar
347 459 21 30 å
387 457 88 36 1,300
493 456 130 30 kronor
643 454 92 31 samt
755 452 96 36 förty
871 449 142 32 minska
1029 445 157 34 nämnda
1205 442 180 35 ordinarie
1406 441 166 35 förslags-

83 514 126 36 anslag
231 511 80 33 med
331 511 88 37 1,300
440 510 140 35 kronor,
966 532 2 2 .

122 567 67 32 IX.
211 566 143 31 minska
369 564 67 32 den
453 564 12 31 i
482 563 56 32 det
557 560 182 34 ordinarie
755 556 320 38 förslagsanslaget
1091 554 59 32 till
1165 551 215 37 avlöningar
1397 549 62 31 vid
1476 556 97 29 gym-

84 620 163 33 nastiska
280 617 319 33 centralinstitutet
633 612 176 39 ingående
842 610 272 37 anslagsposten
1148 605 212 36 avlöningar
1393 603 59 31 till
1484 600 90 33 icke-

84 674 182 33 ordinarie
286 670 358 36 befattningshavare
664 678 45 21 m.
729 677 54 25 m.,
803 676 49 20 nu
872 664 109 36 20,400
1000 663 141 34 kronor,
1161 660 80 32 med
1261 658 87 37 3,300
1368 658 128 30 kronor
1517 653 57 33 till

86 729 108 36 17,100
220 727 130 31 kronor
378 726 92 30 samt
499 724 95 35 förty
623 721 142 32 minska
792 718 156 33 nämnda
976 714 182 34 ordinarie
1186 710 281 38 förslagsanslag
1496 707 79 32 med

85 782 89 36 3,300
194 781 141 34 kronor,

126 834 45 32 X.
195 833 62 32 vid
282 832 105 32 bifall
412 831 57 31 till
493 829 70 32 vad
587 827 113 33 under
726 824 171 34 VII-—IX
922 822 202 32 hemställts
1148 818 142 32 minska
1314 817 58 31 det
1397 813 181 34 ordinarie

87 887 320 37 förslagsanslaget
441 884 58 32 till
534 882 214 36 avlöningar
782 879 63 31 vid
880 875 249 40 gymnastiska
1165 870 330 35 centralinstitutet,
1529 876 49 21 nu

88 942 128 36 106,000
234 941 140 35 kronor,
393 938 79 31 med
490 937 87 37 3,400
595 936 131 31 kronor
746 933 56 32 till
822 931 127 37 102,600
968 931 139 34 kronor,

128 994 66 32 XI.
217 993 67 32 öka
302 992 59 32 det
382 990 181 32 ordinarie
582 985 408 35 reservationsanslaget
1010 982 58 32 till
1086 979 165 33 materiel
1270 989 44 21 m.
1336 987 43 21 m.
1399 975 63 32 vid
1482 982 98 29 gym-

88 1048 163 32 nastiska
282 1043 328 36 centralinstitutet,
641 1052 50 20 nu
721 1040 107 36 13,000
857 1039 141 34 kronor,
1028 1035 81 32 med
1138 1034 58 31 5300
1225 1033 130 31 kronor
1385 1029 58 32 till
1473 1027 107 37 13,509

88 1102 143 34 kronor,

130 1153 86 33 XII.
241 1153 55 31 för
314 1149 227 35 bestridande
560 1159 45 21 av
624 1145 241 34 kostnaderna
885 1144 55 32 för
959 1139 262 40 uppehållande
1240 1137 112 32 under
1370 1134 211 38 budgetåret

91 1206 172 36 1932/1933
287 1216 45 20 av
354 1202 307 37 undervisningen
684 1200 62 32 vid
766 1199 43 31 de
832 1197 237 35 avdelningar
1093 1205 45 20 av
1162 1190 249 40 gymnastiska
1433 1186 150 34 central-

92 1261 193 35 institutet,
308 1259 66 32 där
398 1267 49 22 nu
471 1255 167 38 gällande
661 1250 407 38 undervisningsplaner
1092 1247 113 32 under
1229 1243 156 34 nämnda
1407 1241 54 33 tid
1483 1240 102 32 skola

93 1316 195 35 tillämpas,
306 1313 55 32 för
377 1311 212 37 budgetåret
606 1307 171 37 1932/1933
794 1305 127 33 anvisa
938 1305 51 30 ett
1006 1304 102 31 extra
1125 1300 125 36 anslag
1267 1309 46 21 av
1329 1297 108 37 42,300
1453 1295 131 31 kronor

94 1371 54 30 att
168 1369 88 36 utgå
274 1366 80 32 med
371 1366 69 32 den
461 1363 203 36 fördelning
686 1362 63 32 och
771 1360 112 36 enligt
902 1358 44 32 de
964 1359 167 29 närmare
1150 1351 276 35 bestämmelser,
1444 1358 76 22 som
1540 1357 45 21 av

95 1422 135 37 Kungl.
251 1419 110 38 Maj:t
378 1418 189 36 meddelas,

135 1475 106 32 XTII.
264 1474 58 32 till
338 1471 228 34 bestridande
583 1480 46 22 av
646 1467 191 33 kostnader
857 1466 55 31 för
930 1461 260 36 undervisning
1209 1460 12 31 i
1238 1459 110 32 idrott
1367 1458 55 31 för
1440 1454 146 37 budget-

96 1531 77 30 året
192 1526 172 36 1932/1933
384 1525 126 32 anvisa
528 1526 50 30 ett
598 1524 104 31 extra
720 1521 126 35 anslag
866 1529 45 21 av
929 1517 89 37 2,200
1037 1516 141 36 kronor,

136 1581 100 33 XIV.
259 1580 58 32 till
338 1578 228 33 anordnande
585 1576 63 32 vid
669 1572 248 40 gymnastiska
938 1567 321 35 centralinstitutet
1280 1576 45 21 av
1343 1560 245 35 kostnadsfria

96 1635 179 37 övningar
301 1634 13 31 i
341 1632 208 38 gymnastik
574 1630 55 32 för
657 1628 231 32 medlemmar
915 1635 46 21 av
987 1621 223 34 Stockholms
1237 1617 169 34 förenade
1432 1614 156 34 student-

97 1691 106 31 kårer
223 1689 55 31 för
296 1687 213 37 budgetåret
527 1682 173 37 1932/1933
720 1681 126 32 anvisa
865 1680 50 31 ett
935 1679 103 31 extra
1056 1675 126 36 anslag
1201 1684 46 21 av
1266 1672 87 37 1,000
1372 1671 140 31 kronor.

139 1770 19 31 I
176 1779 44 21 en
239 1768 97 31 inom
356 1767 114 31 första
487 1765 210 31 kammaren
717 1772 45 22 av
781 1761 82 31 herr
882 1759 28 31 I.
930 1757 108 33 Pauli
1055 1755 108 32 väckt
1181 1753 134 32 motion
1337 1750 44 37 (I:
1396 1748 70 37 315)
1499 1747 92 33 hade

99 1821 217 37 föreslagits,
341 1821 53 31 att
420 1817 203 37 riksdagen,
648 1815 82 32 med
755 1814 124 36 avslag
906 1814 21 29 å
952 1809 268 39 propositionen
1245 1817 42 21 nr
1313 1806 67 36 152,
1404 1804 87 30 ville
1516 1801 74 31 dels

98 1874 201 36 hemställa,
324 1874 53 30 att
401 1871 134 36 Kungl.
560 1869 112 37 Maj:t
694 1869 112 30 måtte
831 1866 56 31 för
911 1861 295 35 nästkommande
1230 1861 59 30 års
1312 1856 146 37 riksdag
1483 1856 107 30 fram-

99 1929 110 36 lägga
239 1928 81 35 nytt
351 1925 135 35 förslag
519 1924 11 30 i
561 1923 106 36 fråga
697 1931 57 21 om
785 1917 248 39 gymnastiska
1063 1912 338 35 centralinstitutets
1432 1916 158 27 omorga-

101 1979 160 33 nisation
282 1979 13 31 i
315 1977 158 37 enlighet
495 1975 80 32 med
594 1975 44 31 de
660 1984 46 21 av
728 1973 77 31 1931
827 1973 58 30 års
907 1968 146 37 riksdag
1076 1965 183 34 beslutade
1282 1961 225 40 grundlinjer
1529 1959 64 32 och

102 2036 47 36 på
172 2032 179 38 grundval
373 2041 46 21 av
440 2030 69 31 den
530 2028 215 37 ytterligare
768 2023 193 37 utredning
985 2023 12 30 i
1021 2020 156 35 ärendet,
1199 2028 74 22 som
1295 2018 58 30 må
1376 2016 142 31 komma
1540 2014 53 30 att

104 2088 122 32 finnas
247 2084 176 37 behövlig,
443 2083 76 31 dels
540 2082 12 31 i
574 2082 197 31 riksstaten
793 2079 55 31 för
870 2076 212 37 budgetåret
1104 2071 130 36 1932/33
1256 2070 80 32 med
1357 2065 237 36 oförändrade

104 2141 126 36 belopp
251 2139 154 36 uppföra
425 2137 56 31 det
500 2135 182 33 ordinarie
702 2131 320 38 förslagsanslaget
1041 2128 57 32 till
1119 2125 212 36 avlöningar
1351 2122 61 32 vid
1431 2129 164 29 gymnas-

104 2194 96 32 tiska
227 2191 320 33 centralinstitutet
575 2190 20 30 å
622 2188 129 35 106,000
776 2187 130 30 kronor
933 2184 92 31 samt
1049 2181 60 32 det
1136 2177 180 34 ordinarie
1343 2174 252 34 reservations-

106 2247 163 35 anslaget
288 2245 56 31 till
361 2243 165 32 materiel
543 2253 44 21 m.
605 2252 45 20 m.
670 2240 62 31 vid
750 2237 249 38 gymnastiska
1016 2232 321 34 centralinstitutet
1356 2231 21 30 å
1394 2229 106 35 13,000
1518 2227 77 31 kro-

107 2310 74 26 nor,
205 2299 76 31 dels
304 2298 58 31 till
385 2299 103 29 extra
510 2295 166 36 personal
701 2292 61 31 vid
787 2289 248 38 gymnastiska
1060 2283 320 35 centralinstitutet
1404 2292 44 20 m.
1472 2291 44 20 m.
1542 2280 54 30 för

107 2353 212 35 budgetåret
338 2348 130 35 1932/33
485 2347 126 32 anvisa
628 2348 50 29 ett
697 2347 102 28 extra
816 2343 125 34 anslag
960 2343 20 29 å
998 2341 87 34 7,410
1103 2340 140 32 kronor,
1262 2339 52 28 att
1332 2337 87 33 utgå
1437 2333 75 31 med
1532 2333 65 29 den

109 2405 204 36 fördelning
336 2413 75 21 som
435 2412 44 21 av
502 2400 134 36 Kungl.
659 2397 111 37 Maj:t
792 2397 222 33 bestämmes,
1036 2393 75 31 dels
1135 2392 65 31 ock
1223 2391 56 31 till
1301 2389 83 32 ökat
1408 2387 130 32 arvode
1561 2387 37 30 åt

109 2457 273 35 föreståndaren
406 2456 54 30 för
484 2452 249 39 gymnastiska
756 2447 321 34 centralinstitutet
1100 2445 112 31 under
1234 2442 212 37 budgetåret
1468 2438 131 35 1932/33

111 2514 56 31 för
187 2521 139 24 samma
346 2509 174 36 budgetår
543 2506 127 32 anvisa
693 2506 50 30 ett
766 2505 102 30 extra
891 2501 126 35 anslag
1039 2510 45 21 av
1105 2499 88 36 2,800
1215 2497 144 31 kronor.
