1890 2860
1556 161 13 7 -

509 165 255 32 Statsutskottets
786 163 164 33 memorial
973 164 53 32 Nr
1047 166 75 29 111.
1553 170 20 23 D

122 246 16 32 I
162 246 57 32 sitt
243 246 175 32 utlåtande
441 257 41 21 nr
507 247 42 31 90
573 245 11 32 i
608 244 185 42 anledning
816 255 43 22 av
882 244 128 41 Kungl.
1037 243 115 41 Maj:ts
1176 242 233 34 ovanberörda
1424 241 149 42 proposi-

78 300 70 32 tion
172 300 106 41 jämte
303 300 41 32 de
368 300 10 31 i
403 302 114 30 ämnet
540 299 123 33 väckta
686 298 213 33 motionerna
922 298 88 32 hade
1034 298 164 31 utskottet
1221 295 181 39 hemställt,
1428 298 49 29 att
1492 295 80 32 riks-

78 354 108 41 dagen
212 355 104 30 måtte

122 405 40 43 A)
187 407 94 33 avslå
304 407 77 32 herr
404 407 114 32 Paulis
543 405 243 34 ovannämnda
810 405 129 32 motion
964 403 40 42 (I:
1023 402 87 43 315),

121 459 38 43 B)
183 461 95 33 avslå
301 461 121 32 fröken
446 460 222 42 Hesselgrens
693 459 242 33 ovannämnda
958 459 131 31 motion
1114 456 39 43 (I:
1173 456 87 42 320),

122 512 35 44 C)
181 515 11 31 i
227 515 187 41 anledning
442 526 42 21 av
508 514 129 41 Kungl.
663 514 114 40 Maj:ts
801 513 128 41 förslag
951 513 109 32 under
1084 512 193 42 punkterna
1299 511 94 32 I—V
1418 510 63 32 och
1506 510 66 32 VII

76 569 128 32 —XIV
240 570 64 32 och
339 569 76 32 herr
446 568 209 42 Holmgrens
679 567 241 33 ovannämnda
944 567 131 32 motion
1099 565 43 41 (I:
1161 563 76 44 321)
1262 567 89 30 samt
1374 564 78 32 med
1476 563 97 33 bifall

75 623 50 31 till
149 623 76 32 herr
248 623 192 32 Thomsons
464 622 198 33 förberörda
685 621 130 32 motion
840 618 56 44 (II:
915 618 87 43 460),

120 676 24 32 I.
170 677 169 41 medgiva,
365 679 48 29 att
436 676 235 42 gymnastiska
695 675 295 32 centralinstitutet
1014 676 56 30 må
1094 674 77 31 från
1196 673 63 32 och
1278 672 79 32 med
1373 672 200 41 budgetåret

78 728 188 43 1932/1933
291 730 269 41 omorganiseras
584 729 10 32 i
618 728 231 41 huvudsaklig
872 727 337 34 överensstämmelse
1231 726 77 33 med
1325 726 66 32 vad
1408 726 165 32 utskottet

74 784 11 31 1
109 784 57 32 sitt
190 784 175 32 utlåtande
388 783 172 42 tillstyrkt,

119 837 42 33 II.
188 838 9 31 i
221 837 200 42 anslutning
443 837 114 32 härtill
582 837 167 41 medgiva,
775 839 48 29 att
846 835 235 42 gymnastiska
1097 834 311 33 centralinstitutets
1425 832 147 32 kliniska

74 891 62 32 och
172 891 219 42 polikliniska
425 891 248 41 undervisning
706 891 11 31 i
752 889 277 42 sjukgymnastik
1058 888 78 33 med
1160 888 179 42 fysikalisk
1363 886 210 41 behandling

74 945 95 39 skall,
205 946 11 31 i
243 945 232 42 huvudsaklig
499 944 336 33 överensstämmelse
859 943 78 32 med
962 943 41 32 de
1026 942 159 42 grunder,
1211 953 72 21 som
1308 952 42 22 av
1375 941 162 32 utskottet
1560 940 11 32 i

74 999 189 33 utlåtandet
298 999 157 41 angivits,
492 1002 88 29 samt
615 999 11 31 i
662 998 148 41 enlighet
845 997 78 33 med
958 997 41 33 de
1028 1002 156 27 närmare
1208 995 263 39 bestämmelser,
1497 1005 73 21 som

73 1053 127 42 Kungl.
226 1053 100 41 Maj:t
350 1054 84 32 efter
456 1053 152 33 hörande
633 1064 42 21 av
698 1052 195 32 karolinska
913 1050 342 42 mediko-kirurgiska
1270 1049 185 32 institutets
1471 1048 99 32 lärar-

73 1106 185 42 kollegium
283 1107 64 32 och
371 1107 214 32 direktionen
609 1111 80 28 över
712 1105 342 33 serafimerlasarettet
1077 1104 68 32 kan
1169 1104 94 31 finna
1282 1105 73 39 gott
1370 1102 198 38 föreskriva,

73 1160 168 33 anordnas
265 1161 58 32 vid
348 1160 350 39 serafimerlasarettet,

117 1214 60 32 III.
209 1215 170 41 medgiva,
415 1217 48 30 att
487 1214 50 32 till
561 1214 215 32 bestridande
801 1224 42 22 av
867 1213 229 32 kostnaderna
1119 1212 53 32 för
1195 1210 216 42 uppförande
1435 1210 63 32 och
1521 1210 47 31 in-

72 1268 143 42 redning
250 1269 57 32 vid
344 1268 342 33 serafimerlasarettet
716 1267 10 32 i
750 1266 231 42 huvudsaklig
1005 1264 335 35 överensstämmelse
1364 1264 78 32 med
1466 1263 67 33 vad
1557 1263 11 32 i

72 1322 56 32 det
150 1322 204 42 föregående
379 1322 146 42 angivits
549 1333 43 22 av
617 1333 42 21 en
682 1321 180 42 poliklinik
886 1321 53 32 för
963 1319 277 42 sjukgymnastik
1257 1320 65 37 må,
1341 1318 104 32 sedan
1462 1317 106 32 direk-

70 1376 115 32 tionen
210 1381 80 27 över
314 1376 343 32 serafimerlasarettet
680 1375 128 42 avgivit
831 1380 155 27 närmare
1010 1373 157 42 yttrande
1191 1373 63 32 och
1278 1372 127 41 förslag
1425 1372 12 31 i
1453 1372 115 31 ämnet

71 1432 88 30 samt
193 1431 85 31 efter
312 1435 156 27 närmare
503 1429 171 41 prövning
709 1440 41 21 av
786 1428 127 41 Kungl.
948 1428 108 40 Maj:t,
1082 1430 167 38 upptagas
1274 1429 45 29 ett
1342 1425 57 32 lån
1424 1427 20 30 å
1466 1425 101 41 högst

71 1484 142 38 200,000
248 1484 134 37 kronor,
419 1486 49 29 att
502 1486 185 29 amorteras
719 1482 108 32 under
849 1482 47 31 tio
921 1483 46 37 år,
992 1484 71 29 mot
1087 1480 156 32 säkerhet
1267 1490 42 21 av
1333 1478 199 41 inteckning
1555 1478 8 32 i

69 1536 185 33 lasarettets
280 1536 161 41 fastighet
465 1547 40 21 nr
530 1537 18 31 8
573 1536 11 31 i
608 1536 169 32 kvarteret
799 1534 162 32 Pilträdet
985 1535 11 31 i
1017 1533 215 33 Stockholms
1250 1532 73 33 stad
1341 1537 161 28 ävensom
1520 1534 48 29 att

69 1590 151 32 nämnda
254 1590 163 41 fastighet
452 1591 56 30 må
543 1590 54 31 för
627 1588 194 33 ändamålet
845 1588 185 38 intecknas,
1055 1591 119 28 utöver
1198 1586 104 32 redan
1326 1585 169 41 beviljade
1520 1585 47 31 in-

69 1644 199 41 teckningar
291 1645 20 31 å
334 1643 142 42 tillhopa
500 1644 178 38 3,800,000
702 1643 125 31 kronor
849 1642 106 40 jämte
980 1644 106 35 ränta,
1111 1641 53 31 för
1188 1643 47 29 ett
1258 1639 122 41 belopp
1406 1650 42 21 av
1467 1639 101 40 högst

70 1698 143 38 200,000
237 1698 125 32 kronor
384 1697 107 41 jämte
516 1700 107 35 ränta,

113 1751 59 33 IV.
205 1751 169 42 medgiva,
400 1753 47 30 att
471 1752 54 31 för
549 1750 335 41 omhändertagande
908 1760 43 22 av
975 1749 66 32 den
1066 1748 195 41 utbildning
1284 1748 53 31 för
1361 1748 206 31 försvarsvä-

69 1805 133 32 sendets
229 1805 111 32 behov
365 1815 42 22 av
431 1804 431 41 gymnastikinstruktörer,
887 1814 73 21 som
985 1802 119 32 hittills
1129 1801 186 33 meddelats
1336 1800 57 34 vid
1410 1811 156 31 gymnas-

68 1859 88 31 tiska
179 1858 305 38 centralinstitutet,
510 1860 66 36 må,
607 1858 5 31 i
636 1857 231 41 huvudsaklig
891 1855 336 34 överensstämmelse
1252 1854 75 32 med
1353 1853 67 33 vad
1445 1853 121 32 chefen

68 1913 53 31 för
155 1912 418 41 försvarsdepartementet
600 1911 11 31 i
636 1909 364 42 statsrådsprotokollet
1025 1914 80 27 över
1129 1907 360 33 ecklesiastikärenden
1512 1908 54 30 för

68 1966 66 31 den
159 1967 40 30 26
224 1965 149 32 februari
401 1966 83 30 1932
509 1964 172 41 tillstyrkt,
706 1965 76 30 från
800 1964 62 31 och
880 1963 76 32 med
974 1963 200 40 budgetåret
1193 1960 188 37 1932/1933
1395 1960 171 32 anordnas

67 2030 42 21 en
134 2018 126 32 militär
283 2018 298 38 instruktörskurs,

112 2073 40 32 V.
178 2090 43 3 —
245 2072 79 32 med
348 2071 215 33 uteslutande
588 2083 40 20 ur
652 2074 108 30 staten
784 2071 53 32 för
861 2069 237 42 gymnastiska
1122 2068 295 33 centralinstitutet
1441 2078 42 22 av
1506 2067 59 32 föl-

66 2127 102 40 jande
193 2126 60 32 där
277 2137 47 21 nu
350 2129 175 38 upptagna
549 2125 167 32 ordinarie
740 2124 241 41 befattningar,
1007 2123 173 40 nämligen
1206 2123 18 31 3
1250 2121 187 33 överlärare
1454 2121 9 31 i
1477 2121 87 32 löne-

66 2180 127 40 graden
218 2180 27 31 B
263 2181 51 36 28,
340 2181 21 29 4
386 2179 105 32 lärare
516 2179 10 31 i
551 2179 204 41 lönegraden
780 2178 27 32 B
824 2179 52 37 21,
902 2179 18 30 2
946 2177 189 32 lärarinnor
1159 2176 9 31 i
1193 2175 204 42 lönegraden
1423 2175 26 31 B
1469 2176 50 37 18,
1545 2176 18 30 2

66 2233 238 38 vaktmästare,
342 2232 107 32 tillika
473 2232 206 41 portvakter,
704 2232 9 31 i
738 2231 205 41 lönegraden
964 2231 26 31 B
1008 2231 19 30 5
1045 2230 62 31 och
1128 2232 13 29 1
1163 2228 269 33 kontorsbiträde
1449 2228 9 31 i
1476 2228 88 32 löne-

65 2286 127 41 graden
217 2287 26 31 B
259 2288 21 29 4
305 2303 42 4 —
371 2286 10 31 i
405 2286 152 31 nämnda
581 2288 66 30 stat
671 2286 147 41 uppföra

111 2341 75 30 från
212 2340 61 31 och
300 2339 77 31 med
402 2339 172 40 ingången
599 2349 42 21 av
666 2338 199 41 budgetåret
892 2335 203 42 1932/1933:

111 2395 66 30 dels
215 2395 13 29 1
265 2393 123 38 rektor,
412 2392 124 32 arvode
562 2392 105 40 enligt
691 2393 19 30 5
734 2390 21 41 8
780 2391 9 31 i
815 2390 400 41 avlöningsreglementet
1239 2391 20 29 å
1285 2390 118 37 12,000
1428 2389 134 37 kronor,

111 2448 66 30 dels
201 2448 18 30 2
244 2446 107 31 lärare
375 2446 10 30 1
409 2445 205 41 lönegraden
639 2445 27 31 B
684 2447 50 36 24,

111 2500 65 31 dels
200 2501 19 30 2
244 2499 189 32 lärarinnor
456 2499 10 31 i
493 2498 206 41 lönegraden
724 2498 26 31 B
768 2499 52 37 21,
