2189 2686
671 228 101 32 Stats-
782 227 174 33 Utskottets
986 225 173 34 Utlåtande
1181 225 65 32 N:o
1268 227 51 31 22.
1743 226 17 30 5

330 311 70 36 För
430 324 43 23 en
504 310 57 36 del
590 310 37 35 af
654 309 41 35 de
726 309 153 35 embets-
909 307 65 37 och
1003 307 223 48 tjenstemär,
1256 306 140 36 hvilkas
1424 306 249 49 pensionering
1701 319 47 24 nu
1767 311 39 32 är

202 366 10 34 i
243 366 112 46 fråga,
385 364 95 44 gälla
509 364 52 34 för
590 361 222 37 närvarande
845 361 9 35 i
884 361 92 34 detta
1006 360 198 35 hänseende
1233 360 84 35 flera
1346 360 172 35 särskilda
1548 360 161 46 grunder.
1755 360 51 35 På

201 429 135 23 samma
380 377 95 85 gång
517 415 177 46 nemligen
726 414 71 35 alla
825 413 141 35 flottans
995 412 65 36 och
1090 412 210 35 lotsverkets
1329 413 147 34 embets-
1506 412 64 35 och
1599 411 208 48 tjenstemän

202 474 93 31 samt
332 445 263 85 vaktbetjente,
624 466 76 36 med
732 466 193 46 undantag,
960 465 111 35 såsom
1101 465 105 34 ofvan
1235 468 39 31 är
1304 463 170 47 angifvet,
1504 464 38 34 af
1567 464 241 47 varfspolisen,

203 534 68 34 ega
310 521 116 35 såsom
463 519 164 46 delegare
660 519 12 34 i
705 517 546 47 amiralitetskrigsmanskassan
1282 520 50 31 att
1360 528 41 23 ur
1430 528 132 23 samma
1590 515 104 36 kassa
1721 528 87 36 upp-

204 574 87 35 bära
321 573 145 47 pension
496 572 110 46 enligt
635 570 311 36 bestämmelserna
973 570 11 34 i
1012 569 230 47 reglementet
1269 568 51 35 för
1337 568 201 36 densamma
1558 567 65 36 och
1642 568 166 58 fyllnads-

205 626 149 47 pension
397 625 111 46 enligt
540 604 99 56 1860
669 623 56 35 års
754 621 167 46 cirkulär,
950 626 60 31 äro
1044 598 102 58 civile
1176 621 149 35 embets-
1356 621 63 35 och
1450 621 207 47 tjenstemän
1685 620 10 35 i
1723 620 86 36 För-

205 678 208 46 valtningen
457 663 39 49 af
540 675 234 58 sjöärendena
817 679 88 31 samt
948 673 198 36 civilstaten
1187 673 56 35 vid
1289 673 215 35 stationerna
1542 672 165 48 derjemte
1740 673 69 35 till-

206 710 159 56 erkända
406 733 72 32 rätt
518 728 51 35 till
614 727 147 49 pension
803 727 20 34 å
852 726 178 35 allmänna
1059 725 351 47 indragningsstaten
1439 724 11 35 i
1480 724 154 47 enlighet
1661 725 77 35 med
1769 725 41 35 de

207 783 52 35 för
301 794 134 23 samma
476 785 69 31 stat
585 781 11 34 i
631 779 192 36 allmänhet
852 778 162 47 gällande
1044 778 272 45 bestämmelser,
1345 777 90 36 dock
1464 781 51 31 att
1543 777 77 35 från
1648 777 163 48 beloppet

207 835 39 35 af
271 835 115 35 denna
416 833 142 48 pension
589 832 93 36 skall
712 832 164 45 afdragas
904 831 66 35 den
999 829 147 48 pension
1176 830 41 34 de
1245 829 135 36 erhålla
1410 829 50 35 uti
1485 829 325 48 amiralitetskrigs-

210 887 230 35 manskassan
484 885 64 36 och
592 886 67 34 den
702 883 310 48 fyllnadspension,
1054 894 72 23 som
1168 881 78 35 från
1280 893 132 24 samma
1445 881 103 36 kassa
1576 881 104 46 utgår
1708 881 38 36 af
1771 881 41 35 de

208 940 78 35 utaf
326 939 210 35 statsverket
579 936 168 36 anvisade
788 934 279 36 kreditivmedel.
1121 933 56 36 En
1219 933 98 48 dylik
1359 938 68 30 rätt
1459 946 65 34 ega
1553 933 154 35 deremot
1734 934 78 35 icke

209 992 210 35 lotsverkets
463 989 104 36 civile
606 989 210 46 tjenstemän
857 987 149 35 likasom
1048 987 29 46 ej
1113 986 110 35 heller
1252 985 560 47 amiralitetskrigsmanskassans

209 1056 102 34 egna.
365 1042 133 36 Härtill
540 1042 170 43 kommer,
750 1040 91 35 hvad
885 1039 181 46 löntagare
1108 1038 20 35 å
1169 1038 395 46 mariningeniörstaten
1612 1037 120 47 angår,
1762 1042 51 31 att

211 1070 304 61 öfverdirektören
557 1069 153 82 åtnjuter
753 1092 144 48 pension
935 1091 37 35 af
1000 1093 109 44 5,000
1138 1091 130 34 kronor
1297 1094 90 31 samt
1416 1094 51 31 att
1494 1090 232 47 pensionerna
1755 1089 56 36 vid

218 1150 93 34 1874
341 1148 55 34 års
432 1146 158 46 riksdag,
628 1146 11 34 i
668 1144 256 46 sammanhang
952 1120 79 59 med
1059 1142 246 36 fastställande
1334 1142 38 35 af
1396 1142 147 48 förnyad
1574 1142 158 47 lönestat,
1753 1142 58 35 be-

211 1201 151 35 stämdes
405 1200 52 34 för
500 1199 156 34 direktör
697 1197 52 35 till
793 1198 108 45 3,500
931 1196 131 35 kronor
1091 1195 63 35 och
1183 1195 52 35 för
1263 1194 161 47 ingeniör
1453 1194 51 35 till
1536 1196 108 45 3,000
1674 1194 138 36 kronor.

211 1252 174 45 Slutligen
428 1255 59 31 äro
530 1250 104 35 ätven
676 1221 147 80 flottans
858 1248 130 41 läkare,
1027 1247 141 47 jemlikt
1200 1246 123 36 Rikets
1365 1245 170 37 Ständers
1561 1223 253 86 'underdåniga

212 1282 185 58 skrifvelse
428 1304 66 34 den
526 1304 47 33 24
598 1301 171 36 Februari
803 1303 94 34 1858
928 1300 65 35 och
1023 1299 129 47 Kongl.
1195 1299 136 35 brefvet
1360 1299 66 35 den
1460 1302 11 31 1
1504 1298 73 48 Maj
1604 1310 132 24 samma
1764 1299 48 45 år,

216 1356 214 46 berättigade
473 1360 51 30 att
565 1356 9 33 i
617 1353 113 36 likhet
772 1353 77 35 med
893 1352 110 46 öfrige
1034 1352 101 35 civile
1165 1351 149 36 embets-
1345 1351 63 35 och
1439 1312 209 86 tjenstemän
1676 1351 58 35 vid
1763 1327 49 59 af-

211 1408 260 63 skedstagande
514 1407 85 35 efter
640 1406 96 47 fylda
779 1408 45 33 65
865 1405 38 35 år
947 1404 65 36 och
1055 1404 55 35 vid
1139 1416 83 35 pass
1251 1405 48 35 40
1328 1403 55 35 års
1412 1403 236 47 tjenstgöring
1677 1403 136 48 åtnjuta

210 1460 145 48 pension
384 1461 21 33 å
434 1459 180 35 allmänna
641 1458 363 46 indragningsstaten,
1035 1456 178 35 beräknad
1258 1456 87 34 efter
1384 1455 79 35 hela
1491 1456 67 34 den
1586 1455 95 35 förut
1708 1455 105 35 hafda

211 1513 103 35 lönen
343 1512 63 35 och
436 1511 76 35 med
542 1511 231 45 iakttagande
803 1509 38 35 af
866 1509 126 46 afdrag
1020 1509 54 35 för
1102 1508 58 35 det
1190 1508 307 47 pensionsbelopp,
1519 1519 73 23 som
1627 1507 78 36 från
1725 1507 86 35 ami-

211 1541 466 69 ralitetskrigsmanskassan
703 1562 114 47 utgår.

344 1617 48 34 Då
415 1596 163 65 sålunda,
608 1615 77 34 med
715 1614 183 46 undantag
928 1613 36 35 af
991 1613 242 46 varfspolisen,
1263 1612 161 46 samtlige
1452 1611 271 47 ifrågavarande
1740 1623 71 23 em-

212 1669 174 44 betsverk,
416 1679 139 35 corpser
572 1644 79 58 "och
681 1670 106 31 stater
815 1642 111 59 redan
954 1665 95 35 förut
1078 1676 65 33 ega
1172 1664 244 47 pensionsrätt,
1447 1643 94 56 afser
1567 1664 67 35 den
1654 1676 48 22 nu
1722 1664 90 35 före-

212 1722 125 44 slagna
365 1720 225 59 regleringen
618 1717 300 45 hufvudsakligen
947 1720 51 31 att
1027 1716 126 35 bereda
1183 1716 202 46 förenkling
1413 1716 11 34 i
1453 1716 163 35 afseende
1645 1716 20 34 å
1693 1716 37 34 så
1752 1717 56 34 väl

211 1759 210 81 pröfningen
452 1773 33 33 af
514 1770 231 36 förefallande
774 1748 288 69 pensionsfrågor
1091 1780 72 23 som
1195 1768 249 47 pensionernas
1472 1767 232 58 utbetalning,
1725 1774 89 29 samt

213 1826 86 34 lätta
342 1822 218 47 öfversigten
603 1822 36 35 af
678 1821 230 35 statsverkets
949 1820 146 46 utgifter
1135 1820 51 34 för
1214 1819 140 35 flottans
1383 1820 325 47 pensionsväsende.
1763 1820 53 35 De

212 1876 202 63 pensioner,
444 1874 145 36 hvartill
618 1873 159 45 samtlige
807 1873 43 35 ifr
854 1851 223 67 ågavarande
1106 1872 147 35 embets-
1285 1872 62 34 och
1378 1871 207 47 tjenstemän
1615 1871 115 36 skulle
1759 1871 56 36 vid

214 1933 46 32 55
292 1929 55 34 års
376 1928 98 34 ålder
503 1927 65 35 och
598 1927 46 34 30
675 1926 167 47 tjensteår
872 1936 84 23 vara
985 1925 94 34 berät
1072 1923 144 87 Higade,
1246 1923 113 35 skulle
1387 1924 110 45 enligt
1527 1936 100 22 mom.
1658 1924 33 46 a)
1720 1923 37 35 af
1774 1924 40 35 de

214 1981 38 35 af
291 1980 131 46 Kongl.
467 1979 100 46 Maj:t
610 1977 198 47 föreslagna
838 1977 219 45 stadganden
1087 1976 29 47 ej
1148 1976 34 34 få
1210 1976 158 46 grundas
1398 1976 45 47 på
1461 1952 265 80 ålderstillägg,
1755 1976 60 34 der

214 2033 132 35 sådana
388 2032 11 34 i
441 2031 204 45 aflöningen
686 2029 155 47 inginge,
884 2032 85 31 utan
997 2028 94 47 finge
1120 2004 109 59 dessa
1249 2026 88 37 först
1366 2032 99 42 tagas
1493 2027 10 35 i
1532 2027 195 47 beräkning
1755 2028 60 35 vid

215 2083 282 38 bestämmandet
539 2083 37 35 af
615 2083 56 34 det
713 2058 305 71 pensionsbelopp,
1071 2093 74 23 som
1193 2080 114 35 skulle
1350 2080 103 35 civile
1500 2079 208 47 tjenstemän
1750 2080 64 35 och

215 2137 123 35 läkare
379 2139 90 32 samt
510 2135 99 35 väbel
651 2134 64 35 och
743 2132 242 47 vaktbetjente
1014 2133 57 34 vid
1102 2135 45 33 65
1178 2132 153 35 lefnads-
1374 2131 65 36 och
1474 2134 44 34 35
1553 2131 164 48 tjensteår
1745 2132 69 35 till-

216 2189 149 35 komma.
423 2188 238 35 Pensionerna
704 2186 37 34 af
779 2185 56 35 det
876 2185 82 35 förra
1011 2185 122 46 slaget,
1170 2184 122 35 hvilka
1340 2184 101 35 alltså
1481 2184 173 35 beräknas
1695 2184 120 35 endast

217 2241 87 35 efter
333 2241 68 34 den
431 2239 251 48 ursprungliga
710 2238 89 35 fasta
827 2238 115 44 lönen,
973 2215 120 57 kunna
1123 2213 103 58 alltså
1254 2236 77 35 ieke
1360 2248 103 23 anses
1491 2236 258 47 förmånligare,
1771 2240 43 31 än

217 2293 53 46 de,
313 2304 73 24 som
431 2292 105 35 redan
578 2290 116 36 blifvit
725 2289 141 36 flottans
895 2266 93 58 befäl
1017 2289 63 35 och
1108 2287 207 36 underbefäl
1344 2288 157 63 tillagda,
1531 2287 74 47 och,
1633 2267 91 56 hvad
1742 2265 72 59 'be-

217 2344 118 35 träffar
365 2345 41 34 de
435 2344 64 35 sist
527 2342 153 36 nämnda
709 2342 52 35 för
790 2341 103 35 civile
924 2341 208 46 tjenstemän
1164 2353 41 22 m.
1233 2340 33 35 fl.
1295 2340 57 35 vid
1385 2342 44 34 65
1455 2341 38 34 år
1513 2317 197 69 föreslagna
1730 2353 85 35 pen-

218 2397 173 45 sionerna,
433 2396 171 34 inhemtas
632 2394 40 35 af
696 2393 393 48 statsrådsprotokollet,
1119 2396 50 32 att
1197 2392 97 36 desse
1323 2393 147 35 embets-
1498 2392 65 36 och
1591 2393 226 46 tjenstemäns
