1890 2786
451 169 297 35 Statsutskottets
766 167 185 34 utlåtande
970 178 42 21 nr
1031 167 66 31 120
1115 165 39 33 år
1173 166 84 31 1961
1586 163 20 31 7

162 252 120 42 Enligt
301 252 60 34 det
379 251 10 34 i
406 249 264 44 propositionen
688 247 197 42 framlagda
901 246 167 41 förslaget
1085 244 87 34 skall
1190 244 257 33 kommunerna
1466 241 139 42 åläggas

118 305 201 44 skyldighet
341 309 55 29 att
420 302 199 43 ombesörja
641 300 252 42 undervisning
915 302 90 31 även
1029 298 55 33 för
1106 298 124 39 elever,
1255 308 74 22 som
1353 296 47 42 på
1423 295 113 42 grund
1560 306 45 21 av

118 360 85 42 lyte,
219 359 164 42 sjukdom
399 358 81 33 eller
493 356 166 34 liknande
675 353 263 42 omständighet
953 352 30 43 ej
1001 352 71 33 kan
1088 351 141 41 deltaga
1243 350 11 34 i
1270 349 119 42 vanlig
1403 344 202 51 skolunder-

119 413 148 42 visning.
286 411 224 41 Statsbidrag
528 409 55 34 för
600 407 295 42 undervisningen
915 406 87 34 skall
1021 405 86 42 utgå
1126 404 11 34 i
1155 403 189 35 huvudsak
1363 402 89 34 efter
1472 413 134 23 samma

119 466 161 42 grunder,
297 477 75 22 som
389 464 107 43 gäller
511 463 55 33 för
581 461 251 43 obligatoriska
848 460 127 34 skolor.
991 459 144 34 Samma
1151 456 364 43 bidragsmöjligheter
1531 467 75 22 som

118 520 54 33 för
192 520 170 33 kommun
384 518 87 34 skall
493 516 167 42 föreligga
679 515 55 33 för
755 526 116 22 annan
892 513 220 39 huvudman,
1134 523 75 22 som
1230 510 177 34 anordnar
1427 507 179 36 undervis-

119 574 84 41 ning
222 573 59 33 vid
301 570 323 44 sjukvårdsanstalt
643 569 81 34 eller
742 567 182 34 barnhem.

164 625 340 42 Skolöverstyrelsen
525 624 64 33 har
608 621 223 35 beträffande
851 620 109 34 klass-
981 619 65 34 och
1067 617 293 44 gruppindelning
1381 628 46 22 av
1448 616 159 33 eleverna

118 679 180 42 föreslagit
317 678 169 42 följande.

163 740 262 42 Undervisning
446 739 54 34 för
523 738 117 34 vilken
663 736 216 42 statsbidrag
901 735 104 42 utgår
1027 734 86 34 skall
1136 734 121 33 kunna
1280 732 176 34 anordnas
1479 732 11 33 i
1511 731 96 33 hem-

117 791 74 28 met
208 786 81 33 eller
306 784 230 34 annorstädes
553 783 54 33 för
624 794 113 30 grupp
756 793 45 22 av
819 781 113 33 elever
950 780 80 33 eller
1047 778 56 34 för
1120 779 75 33 elev
1213 777 139 35 enskilt.
1370 777 129 34 Vidare
1518 776 87 34 skall

117 829 251 43 undervisning
384 829 122 33 kunna
525 827 174 34 anordnas
717 827 11 32 1
747 825 139 35 särskilt
904 825 159 33 inrättad
1080 824 94 33 klass
1193 823 59 34 vid
1272 821 334 43 sjukvårdsanstalt,

118 875 170 34 barnhem
310 875 82 33 eller
413 873 166 34 liknande
603 871 144 35 anstalt.

165 920 106 35 Klass
297 920 59 33 må
382 918 187 40 anordnas,
595 929 58 22 om
680 915 135 35 antalet
841 915 114 34 elever
979 914 71 34 kan
1077 912 172 36 beräknas
1277 911 181 42 varaktigt
1483 913 127 39 utgöra

118 964 91 42 lägst
227 968 32 30 8.
276 962 48 35 Är
342 963 136 33 antalet
495 962 113 33 elever
628 964 133 30 16—28
779 960 59 33 må
855 959 65 34 två
936 958 131 34 klasser
1085 958 161 33 inrättas.
1265 956 204 34 Därutöver
1487 955 58 33 må
1563 967 43 21 en

119 1008 92 35 klass
231 1008 150 33 inrättas
400 1007 55 33 för
474 1006 97 43 varje
590 1005 166 43 påbörjat
778 1004 109 34 14-tal
907 1003 124 33 elever.
1051 1003 59 32 Då
1130 1001 168 34 särskilda
1320 1001 75 33 skäl
1415 999 192 42 föreligger,

119 1054 59 33 må
204 1051 333 35 länsskolnämnden
564 1049 175 43 medgiva,
768 1054 55 28 att
848 1049 133 32 klasser
1009 1047 174 33 anordnas
1211 1046 60 34 vid
1298 1046 94 41 lägre
1421 1044 186 34 elevantal.

119 1097 67 34 Om
212 1095 367 45 gruppundervisning
604 1095 81 33 eller
711 1093 251 42 undervisning
987 1091 128 34 enskilt
1141 1092 10 33 i
1178 1093 109 31 större
1314 1089 217 41 omfattning
1556 1100 51 21 er-

119 1142 136 34 fordras
270 1142 54 33 för
339 1142 114 33 elever
467 1139 211 35 tillhörande
692 1139 105 39 klass,
813 1138 87 34 skall
917 1137 98 42 dylik
1030 1135 250 42 undervisning
1294 1135 123 33 kunna
1433 1134 174 33 anordnas

120 1187 110 33 under
245 1187 103 41 högst
364 1190 19 30 3
400 1185 256 35 veckotimmar
671 1183 54 34 för
741 1183 97 42 varje
853 1183 76 33 elev
945 1182 11 33 1
970 1182 138 33 klassen
1124 1183 126 31 utöver
1268 1183 52 31 12.

164 1231 170 34 Förutom
358 1228 262 43 undervisning,
646 1241 75 21 som
744 1228 47 42 på
816 1227 143 42 angivet
984 1229 72 31 sätt
1082 1225 174 34 anordnas
1280 1225 47 41 på
1351 1224 144 39 anstalt,
1520 1223 87 33 skall

120 1287 117 22 annan
254 1274 367 44 gruppundervisning
637 1273 82 34 eller
735 1271 251 42 undervisning
1002 1270 128 34 enskilt
1147 1270 121 33 kunna
1286 1269 187 39 anordnas,
1491 1268 117 34 därest

120 1321 123 33 hinder
265 1325 77 29 mot
365 1319 169 43 skolgång
558 1331 45 21 av
628 1319 67 33 den
718 1317 54 34 för
795 1317 138 33 elevens
958 1316 87 33 vård
1070 1314 181 42 ansvarige
1274 1314 144 33 läkaren
1444 1313 164 33 bedömes

120 1365 144 34 komma
281 1370 55 29 att
352 1363 167 43 föreligga
535 1363 111 34 under
663 1362 108 34 minst
788 1365 19 30 3
825 1361 129 34 veckor
971 1359 88 34 efter
1076 1360 60 33 det
1154 1364 55 29 att
1226 1357 295 42 undervisningen
1537 1357 71 33 kan

120 1409 177 42 påbörjas.
321 1408 117 34 Sådan
463 1406 250 43 undervisning
735 1407 59 32 må
817 1405 154 34 omfatta
993 1405 104 41 högst
1122 1408 18 29 5
1166 1403 255 34 veckotimmar
1445 1401 54 34 för
1522 1402 86 38 elev,

121 1466 74 22 som
221 1454 158 41 åtnjuter
403 1451 251 43 undervisning
678 1450 139 35 enskilt.
843 1448 377 43 Gruppundervisning
1244 1447 59 33 må
1328 1446 154 34 omfatta
1506 1446 103 41 högst

123 1502 19 29 8
159 1498 255 34 veckotimmar
429 1497 55 33 för
499 1497 64 34 två
578 1496 113 33 elever
707 1496 64 33 och
788 1495 104 42 högst
909 1498 19 30 3
945 1493 255 34 veckotimmar
1216 1491 54 34 för
1285 1504 64 21 var
1365 1491 65 34 och
1447 1503 42 21 en
1506 1503 44 21 av
1567 1491 41 33 de

121 1543 120 42 övriga
260 1542 160 34 eleverna
438 1542 11 33 i
467 1553 169 31 gruppen,
656 1540 90 34 dock
764 1540 103 41 högst
886 1542 42 30 26
948 1538 255 33 veckotimmar
1221 1536 54 33 för
1294 1548 42 21 en
1355 1548 125 30 grupp.

170 1640 398 44 Departementschefen
587 1640 64 32 har
666 1639 123 33 härom
807 1637 118 34 anfört
941 1636 166 43 följande.

171 1720 15 15 »
192 1703 230 34 Beträffande
439 1701 262 42 utformningen
719 1713 44 21 av
792 1695 820 45 statsbidragsbestämmelserna

125 1758 65 33 och
213 1756 343 42 förutsättningarna
577 1754 54 34 för
653 1753 227 35 anordnande
903 1765 45 21 av
969 1751 251 42 undervisning
1241 1751 10 33 i
1272 1751 105 39 klass,
1399 1761 113 31 grupp
1534 1749 80 33 eller

126 1811 127 33 enskilt
276 1810 156 33 ansluter
453 1809 60 42 jag
533 1808 73 42 mig
626 1807 11 34 i
659 1807 188 34 huvudsak
869 1806 52 34 till
945 1805 349 42 skolöverstyrelsens
1317 1803 141 42 förslag.
1479 1802 136 34 Under-

127 1864 148 41 visning,
296 1875 75 21 som
393 1862 175 33 anordnas
590 1861 59 33 vid
672 1860 144 39 anstalt,
836 1860 114 34 måste
971 1858 81 34 med
1072 1858 139 41 hänsyn
1231 1857 52 34 till
1305 1857 179 32 elevernas
1505 1855 110 33 varie-

127 1917 107 34 rande
255 1915 260 34 hälsotillstånd
536 1914 162 33 bedrivas
718 1913 110 33 under
848 1912 94 34 olika
962 1911 139 34 former.
1121 1911 18 32 I
1160 1910 69 33 viss
1249 1909 248 41 utsträckning
1515 1908 101 34 torde

127 1961 60 34 det
213 1973 84 21 vara
324 1959 139 42 möjligt
490 1963 54 29 att
571 1958 110 34 samla
708 1958 160 32 eleverna
893 1956 53 33 till
973 1955 166 42 regelrätt
1164 1953 348 41 klassundervisning
1537 1953 10 32 i
1573 1964 43 21 en

128 2014 147 34 särskild
289 2013 105 39 lokal,
409 2024 80 22 men
506 2012 110 33 oftast
631 2011 100 34 torde
748 2010 89 33 dock
852 2008 296 42 undervisningen
1164 2007 36 33 få
1215 2006 162 35 bedrivas
1393 2006 128 34 enskilt
1536 2006 81 33 eller

128 2067 9 33 i
154 2078 162 31 grupper.
332 2066 200 42 Begreppet
548 2065 92 33 klass
658 2064 100 33 torde
775 2063 118 33 därför
909 2062 11 33 i
937 2061 230 34 förevarande
1184 2060 257 41 sammanhang
1457 2059 85 33 böra
1559 2071 57 29 ges

128 2132 42 21 en
187 2121 108 41 något
311 2131 117 22 annan
446 2118 180 42 betydelse
642 2121 45 30 än
704 2117 65 33 den
787 2115 152 42 vanliga.
955 2116 55 32 De
1026 2114 10 33 i
1053 2114 350 41 skolöverstyrelsens
1420 2112 128 42 förslag
1564 2111 53 33 för

129 2172 244 34 anordnandet
396 2184 45 21 av
463 2172 93 32 klass
579 2170 152 42 angivna
752 2168 221 34 elevantalen
995 2168 62 33 bör
1078 2170 159 30 närmast
1258 2166 100 41 tjäna
1380 2165 53 33 till
1456 2170 54 28 att
1533 2176 85 21 vara

127 2224 265 34 bestämmande
408 2224 53 33 för
476 2224 60 33 det
551 2223 95 33 antal
663 2220 305 35 heltidsanställda
983 2221 109 32 lärare
1108 2219 53 33 för
1176 2218 109 33 vilket
1300 2217 217 41 statsbidrag
1531 2217 86 33 skall

126 2279 120 33 kunna
261 2278 116 41 utgå.»

180 2388 194 34 Utskottet.
391 2388 135 38 Frågan
545 2399 54 19 om
618 2384 250 42 undervisning
883 2397 44 19 av
944 2384 123 35 elever,
1083 2394 73 21 som
1174 2382 45 41 på
1234 2382 111 40 grund
1364 2393 44 20 av
1424 2381 84 41 lyte,
1524 2379 94 42 sjuk-

132 2442 80 33 dom
230 2441 80 32 eller
325 2440 166 33 liknande
507 2438 260 40 omständighet
786 2437 74 33 icke
877 2437 68 32 kan
964 2436 137 40 deltaga
1122 2436 7 32 i
1148 2434 117 41 vanlig
1280 2432 339 41 skolundervisning,

132 2495 63 33 har
210 2495 98 40 länge
325 2493 89 33 varit
434 2492 142 34 aktuell.
593 2492 134 32 Genom
745 2492 56 32 det
820 2490 129 40 förslag
964 2502 71 20 som
1056 2489 6 33 i
1080 2488 228 33 förevarande
1326 2487 171 33 avseende
1514 2486 104 33 fram-
