1876 2772
271 151 19 29 4
565 150 403 41 Bevillningsutskottets
986 153 218 30 betänkande
1221 163 42 20 nr
1279 155 41 29 32
1336 155 40 30 år
1393 155 84 30 1963

932 290 178 34 Utskottet

316 384 238 31 Invalidernas
580 386 241 30 motorfordon
848 387 37 29 är
913 388 10 29 i
951 388 70 30 viss
1050 389 242 39 utsträckning
1321 389 152 40 fritagna
1503 390 78 30 från
1611 390 158 30 fordons-

270 434 92 30 skatt
393 435 108 39 enligt
532 436 569 42 automobilskatteförordningen.
1135 439 154 30 Sålunda
1321 439 184 40 föreligger
1539 441 227 30 automatiskt

272 484 222 31 skattefrihet
514 485 54 30 för
587 496 25 20 s.
631 486 34 29 k.
685 486 358 41 invalidmotorcykel,
1062 489 32 29 d.
1115 498 29 20 v.
1166 498 25 21 s.
1212 490 225 39 motorcykel,
1459 499 75 21 som
1556 491 38 29 är
1615 491 153 30 inrättad

271 534 115 30 såsom
406 535 260 31 invalidfordon
688 537 66 29 och
774 546 77 21 vars
873 538 322 40 maximihastighet
1218 539 70 30 inte
1311 540 188 40 överstiger
1523 540 40 30 30
1586 541 182 31 kilometer

269 584 10 29 i
302 584 154 30 timmen.
480 585 126 30 Vidare
629 586 81 39 äger
733 587 248 39 länsstyrelsen
1004 589 44 29 bl.
1073 598 29 20 a.
1127 590 120 39 medge
1271 590 160 30 befrielse
1457 590 80 30 från
1563 591 203 40 skatteplikt

268 634 54 29 för
341 635 253 35 motorfordon,
616 645 74 21 som
710 637 60 39 ägs
791 646 41 21 av
850 638 206 40 höggradigt
1078 639 124 30 vanför
1221 649 137 30 person,
1380 641 111 29 under
1514 640 251 41 förutsättning

267 686 50 28 att
338 685 257 30 vederbörande
616 686 54 30 för
693 687 53 29 sin
768 688 255 40 huvudsakliga
1046 688 383 32 förvärvsverksamhet
1451 691 83 30 eller
1558 691 53 30 för
1635 691 53 31 sin
1713 694 53 27 ut-

267 734 157 40 bildning
457 736 39 28 är
529 736 173 39 varaktigt
736 737 169 30 beroende
940 748 42 20 av
1017 738 160 31 fordonet
1214 739 115 30 såsom
1365 740 398 40 fortskaffningsmedel.

266 783 306 32 Skattebefrielsen
594 785 56 31 får
669 786 90 30 dock
779 787 71 30 inte
870 796 81 22 avse
971 788 48 30 bil
1039 789 79 29 med
1138 789 108 39 högre
1265 789 207 40 tjänstevikt
1494 791 44 29 än
1562 791 17 29 I
1591 791 64 30 800
1676 791 87 30 kilo-

266 839 108 31 gram.
397 834 168 31 Befrielse
587 835 78 30 från
687 836 143 30 bilskatt
854 837 54 30 för
930 838 138 36 fordon,
1092 848 73 21 som
1189 848 47 21 nu
1260 841 152 36 nämnts,
1435 840 137 30 medför
1595 841 86 29 även
1706 841 60 29 fri-

265 885 57 29 het
345 885 10 29 i
379 884 287 32 förekommande
691 887 62 29 fall
777 887 76 30 från
880 889 330 40 omsättningsskatt
1235 890 19 30 å
1279 891 245 30 motorfordon
1547 892 105 38 enligt
1680 892 83 30 1956

265 934 56 30 års
344 935 123 29 härom
491 936 158 39 gällande
673 937 214 41 förordning.
913 938 225 31 Sistnämnda
1164 941 275 31 skattebefrielse
1465 942 79 29 sker
1569 942 10 29 i
1606 942 90 30 form
1722 952 41 20 av

264 985 199 30 restitution
487 995 42 20 av
551 987 116 39 erlagd
691 988 329 40 omsättningsskatt
1045 989 87 30 efter
1156 991 157 30 ansökan
1338 992 65 29 hos
1426 992 336 39 kontrollstyrelsen.

263 1034 126 30 Vidare
413 1035 39 29 är
476 1036 102 39 ägare
602 1046 41 20 av
669 1037 346 41 invalidmotorcykel
1040 1040 82 30 eller
1148 1050 42 20 av
1214 1041 254 35 motorfordon,
1495 1041 57 30 för
1575 1042 106 30 vilket
1707 1043 55 29 be-

264 1084 116 30 frielse
402 1085 79 30 från
502 1086 144 31 bilskatt
667 1088 193 39 medgivits,
881 1089 197 40 berättigad
1098 1090 50 30 till
1172 1090 85 31 visst
1279 1091 102 39 årligt
1403 1092 122 39 bidrag
1549 1091 53 30 för
1624 1093 138 29 bensin-

262 1135 82 29 eller
363 1135 422 40 brännoljekostnaderna
804 1138 54 30 för
877 1139 174 35 fordonet,
1071 1142 245 30 motsvarande
1337 1142 137 30 skatten
1496 1142 44 39 på
1560 1152 42 20 en
1623 1150 138 32 genom-

264 1185 133 39 snittlig
415 1186 129 40 mängd
563 1187 200 31 drivmedel.
783 1188 48 30 På
849 1190 114 38 grund
982 1199 43 20 av
1043 1190 118 31 risken
1180 1190 56 31 för
1254 1192 178 30 missbruk
1453 1202 42 20 av
1515 1193 247 39 omsättnings-

262 1235 268 31 skattefriheten
550 1237 63 30 har
634 1238 10 29 i
666 1238 223 40 anvisningar
911 1239 57 31 för
987 1240 222 40 tillämpning
1231 1251 42 20 av
1294 1242 310 30 bestämmelserna
1626 1252 56 21 om
1705 1243 55 30 be-

262 1284 116 31 frielse
403 1285 80 31 från
508 1286 143 32 bilskatt
678 1288 227 36 föreskrivits,
931 1292 62 33 att,
1019 1291 62 29 där
1107 1293 47 28 ett
1181 1291 145 40 tidigare
1354 1293 406 39 omsättningsskattebe-

261 1334 82 30 friat
366 1335 126 31 fordon
516 1337 84 30 sålts
622 1347 42 20 av
686 1338 173 31 invaliden
883 1340 96 30 inom
1003 1344 51 28 tre
1078 1341 38 29 år
1139 1341 80 30 från
1243 1342 367 40 registreringsdagen,
1634 1352 46 30 ny
1704 1344 55 29 be-

261 1385 116 30 frielse
399 1387 71 30 inte
492 1388 139 39 medges
653 1388 56 30 för
730 1398 42 20 av
792 1390 128 29 honom
943 1391 182 30 anskaffat
1148 1391 213 40 fabriksnytt
1385 1392 137 34 fordon,
1547 1393 118 30 såvida
1688 1394 71 30 inte

260 1436 198 39 synnerliga
482 1437 75 29 skäl
580 1438 116 29 därtill
718 1438 191 41 föreligger.

304 1485 121 30 Såsom
447 1486 154 40 framgår
623 1498 42 19 av
686 1489 56 29 det
765 1498 86 21 ovan
874 1490 150 30 anförda
1045 1491 68 30 kan
1137 1491 103 30 såvitt
1263 1492 108 39 angår
1394 1492 214 41 fabriksnytt
1632 1493 125 31 fordon

259 1533 160 33 befrielse
439 1536 80 31 från
537 1538 319 38 omsättningsskatt
876 1541 64 29 och
960 1541 168 37 därjämte
1148 1543 67 29 rätt
1233 1542 50 30 till
1305 1552 26 20 s.
1350 1543 32 30 k.
1401 1544 359 38 bensinskattebidrag

258 1585 106 40 enligt
390 1588 202 29 nuvarande
618 1588 261 32 bestämmelser
904 1591 73 30 inte
1005 1591 149 31 erhållas
1182 1594 84 27 utan
1294 1595 50 28 att
1372 1593 106 31 frihet
1508 1593 78 31 från
1614 1594 143 31 bilskatt

258 1635 193 40 föreligger.
476 1638 73 29 Den
575 1639 235 30 automatiska
836 1641 374 40 sammankopplingen
1237 1652 43 20 av
1304 1642 167 41 frågorna
1496 1653 56 21 om
1579 1644 177 31 bilskatte-

257 1685 160 31 befrielse
441 1688 65 28 och
529 1696 55 21 om
609 1688 105 32 frihet
740 1689 77 30 från
841 1691 329 40 omsättningsskatt
1195 1693 64 29 har
1284 1693 119 30 därför
1427 1694 153 30 medfört
1605 1697 49 27 att
1679 1695 77 33 den,

258 1745 73 21 som
359 1736 69 30 inte
456 1740 133 28 ansetts
615 1738 84 30 böra
726 1740 130 30 erhålla
883 1740 161 31 befrielse
1073 1741 78 31 från
1179 1743 341 40 omsättningsskatt,
1550 1745 70 29 inte
1649 1745 107 29 heller

256 1786 68 29 blir
348 1786 136 31 befriad
511 1787 79 30 från
617 1788 154 31 bilskatt.
799 1790 72 30 Den
899 1791 253 35 restriktivitet,
1181 1802 73 21 som
1284 1794 78 29 med
1390 1794 138 40 hänsyn
1558 1795 51 29 till
1638 1794 117 31 risken

255 1835 55 30 för
329 1837 177 30 missbruk
528 1847 42 20 av
589 1839 502 40 omsättningsskattefriheten
1114 1843 106 39 enligt
1241 1844 159 38 gällande
1423 1844 220 30 föreskrifter
1664 1845 90 30 mås-

255 1888 32 27 te
308 1887 173 39 iakttagas
503 1888 56 29 vid
579 1889 254 40 bedömningen
856 1900 41 20 av
918 1890 124 40 frågan
1065 1901 56 21 om
1142 1892 161 31 befrielse
1327 1894 79 29 från
1428 1894 145 30 bilskatt
1596 1895 56 30 vid
1675 1895 78 39 byte

255 1945 42 20 av
317 1936 136 35 fordon,
475 1938 69 29 kan
567 1939 188 39 självfallet
777 1940 75 30 leda
875 1941 50 29 till
947 1942 136 30 mindre
1106 1942 323 32 tillfredsställande
1454 1945 145 30 resultat
1621 1946 11 29 i
1655 1945 99 40 fråga

254 1995 55 20 om
328 1986 351 33 bilskattebefrielsen
701 1990 64 29 och
784 1991 64 29 den
869 1991 107 29 därav
996 1992 155 39 följande
1172 1993 116 30 rätten
1307 1994 51 29 till
1378 1994 374 41 bensinskattebidrag.

254 2036 47 29 På
328 2038 112 37 grund
468 2038 111 30 härav
604 2038 146 31 föreslås
778 2041 10 28 i
816 2041 261 39 propositionen
1106 2042 184 31 införande
1319 2053 43 20 av
1389 2053 43 21 en
1463 2045 288 40 undantagsregel

253 2086 11 29 i
283 2086 18 30 6
323 2086 15 37 $
360 2086 250 41 förordningen
631 2090 177 39 angående
828 2091 329 40 omsättningsskatt
1179 2093 19 29 å
1219 2094 242 30 motorfordon
1483 2096 10 29 i
1514 2095 92 31 vissa
1628 2096 61 29 fall
1711 2106 42 20 av

253 2137 179 34 innebörd,
459 2140 50 28 att
536 2139 259 39 länsstyrelsen,
821 2141 63 29 när
912 2142 173 30 särskilda
1113 2143 74 29 skäl
1215 2144 40 28 är
1281 2144 127 34 därtill,
1444 2145 3 29 i
1476 2146 169 29 samband
1673 2147 78 29 med

251 2186 114 31 beslut
383 2196 55 21 om
457 2188 161 31 befrielse
637 2190 79 29 från
735 2190 143 31 bilskatt
896 2192 82 39 äger
997 2192 176 34 förordna,
1193 2195 50 28 att
1263 2194 198 40 återbäring
1481 2205 43 20 av
1543 2196 116 38 erlagd
1679 2205 71 20 om-

252 2237 271 40 sättningsskatt
544 2239 69 30 inte
635 2240 88 29 skall
745 2241 62 39 äga
829 2251 88 19 rum.

296 2287 119 30 Såsom
447 2288 211 31 framhållits
689 2290 9 29 i
728 2291 66 29 den
824 2291 50 30 till
904 2293 114 38 grund
1050 2293 53 29 för
1133 2294 261 39 propositionen
1426 2295 159 40 liggande
1616 2304 134 30 prome-

250 2337 135 29 morian
408 2339 61 38 gör
491 2339 51 39 sig
565 2340 109 30 delvis
696 2341 112 29 skilda
831 2343 218 38 synpunkter
1073 2344 158 38 gällande
1255 2344 56 30 vid
1335 2345 255 39 bedömningen
1615 2355 42 20 av
1681 2346 68 31 frå-

250 2393 66 31 gan
338 2395 56 21 om
415 2388 107 30 frihet
544 2388 81 31 från
644 2390 143 30 bilskatt
810 2392 64 29 och
896 2391 123 40 frågan
1043 2402 56 20 om
1122 2393 160 31 befrielse
1305 2394 79 30 från
1408 2395 340 40 omsättningsskatt.

249 2436 64 29 Det
336 2438 50 28 ter
408 2438 50 39 sig
480 2439 120 30 därför
621 2440 10 29 i
653 2440 126 40 många
803 2441 59 29 fall
886 2442 171 35 stötande,
1080 2445 49 28 att
1152 2444 254 40 bedömningen
1431 2445 10 30 i
1465 2445 56 30 det
1546 2445 94 31 förra
1663 2447 85 29 hän-
