1874 2790
413 157 390 31 Jordbruksutskottets
827 156 180 30 utlåtande
1029 165 43 20 nr
1093 157 43 29 20
1156 155 39 30 år
1218 156 85 28 1959
1576 153 39 30 15

154 243 74 29 Vad
253 242 107 39 angår
384 241 239 30 kostnaderna
648 241 54 29 för
727 240 242 38 befattningen
994 249 75 20 som
1094 238 440 40 fiskexportrepresentant
1560 236 54 29 för

109 292 203 40 budgetåret
339 292 149 36 1959/60
512 292 136 29 erinrar
669 289 373 42 jordbruksnämnden
1066 298 58 20 om
1149 290 50 28 att
1225 288 110 29 under
1360 287 256 39 anslagspunk-

111 345 58 28 ten
187 343 212 39 Främjande
417 352 42 20 av
475 342 192 39 beredning
685 342 64 29 och
768 340 200 41 avsättning
988 350 43 21 av
1048 340 71 29 fisk
1138 349 44 20 m.
1203 348 45 20 m.
1266 339 12 28 i
1296 338 92 30 årets
1407 337 207 31 statsverks-

109 394 218 40 proposition
353 393 48 40 (p.
426 393 77 33 166)
526 392 213 39 föreslagits,
760 394 50 27 att
830 393 104 29 dessa
953 409 44 3 —
1017 390 11 29 i
1049 390 153 39 enlighet
1224 388 79 30 med
1324 388 66 30 vad
1412 397 75 21 som
1507 387 108 40 gäller

111 446 55 29 för
187 444 236 30 innevarande
444 443 170 39 budgetår
633 461 45 3 —
699 443 51 29 till
771 444 48 28 ett
842 442 124 40 belopp
988 450 41 21 av
1048 440 43 30 45
1107 440 62 30 000
1193 441 52 28 kr.
1269 439 88 30 skall
1379 438 172 30 bestridas
1574 446 41 20 ur

111 495 234 30 omförmälda
368 493 357 40 reservationsanslag
749 493 65 29 och
838 493 52 29 till
914 491 211 34 återstoden,
1150 489 167 31 likaledes
1343 489 39 29 45
1399 488 61 30 000
1486 489 63 33 kr.,
1575 496 42 21 av

111 549 42 30 de
178 548 55 30 för
257 547 204 40 budgetåret
489 546 150 36 1959/60
665 545 197 39 inflytande
888 545 82 29 eller
996 543 249 30 dessförinnan
1272 541 155 30 influtna
1453 538 162 32 införsel-

112 598 268 40 avgiftsmedlen
402 597 45 39 på
470 597 125 30 fiskets
617 595 153 30 område.
793 594 249 39 Befattningen
1064 593 65 30 har
1152 593 164 29 inrättats
1340 600 124 31 genom
1487 589 128 40 Kungl.

112 649 125 40 Maj:ts
258 648 113 30 beslut
393 648 67 29 den
482 647 40 30 23
545 646 146 30 oktober
715 646 82 30 1952
819 645 66 30 och
907 645 63 29 har
993 654 41 20 av
1056 644 67 29 den
1145 642 236 30 innevarande
1404 641 211 39 fiskexport-

113 701 287 38 representanten
424 697 180 30 innehafts
630 696 107 31 sedan
762 696 67 29 den
857 696 13 29 1
898 694 181 31 december
1107 694 94 29 1952.
1238 691 377 40 Befattningshavaren

113 751 38 29 är
170 749 107 31 sedan
295 750 68 29 den
384 749 14 29 1
419 748 140 39 januari
581 747 82 30 1955
684 746 215 31 stationerad
918 746 10 29 i
947 746 110 29 Bonn.

156 797 377 31 Jordbruksnämnden
556 795 210 40 framlägger
789 794 154 30 härefter
967 793 130 40 förslag
1120 803 57 20 om
1199 791 238 31 bestridandet
1460 800 42 20 av
1524 791 96 29 kost-

113 849 157 29 naderna
292 848 54 30 för
368 847 321 30 kvalitetskontroll
709 856 42 20 av
771 847 72 39 fisk
865 846 64 29 och
949 844 278 41 fiskprodukter.
1251 841 255 40 Inledningsvis
1528 841 92 30 erin-

113 909 58 20 rar
196 899 177 30 nämnden
398 907 56 21 om
480 900 51 27 att
555 898 68 29 den
649 898 78 29 med
754 897 76 29 stöd
856 905 41 20 av
923 895 233 30 förenämnda
1180 893 278 39 bemyndigande
1483 892 68 30 den
1577 892 36 28 11

113 951 90 38 april
227 950 81 30 1958
330 951 80 38 äger
432 950 50 28 att
504 948 52 29 till
577 947 224 30 bestridande
823 956 42 20 av
886 946 10 29 i
918 945 264 40 propositionen
1207 944 98 30 1958:
1324 944 35 29 71
1383 942 237 30 omförmälda

115 1000 194 31 eventuella
337 1000 150 29 tillskott
516 999 51 30 till
597 997 365 31 kvalitetskontrollen
992 997 91 29 samt
1114 1005 42 19 av
1184 994 132 30 sådana
1344 992 190 30 kostnader
1564 992 53 29 för

113 1050 364 31 kvalitetskontrollen
503 1059 41 20 av
568 1049 112 30 andra
705 1048 175 29 fiskvaror
905 1049 45 28 än
975 1047 199 32 konserver,
1201 1054 75 20 som
1301 1044 75 30 icke
1402 1044 70 28 kan
1496 1043 122 29 täckas

115 1110 125 31 genom
264 1101 195 39 inflytande
486 1098 314 40 kontrollavgifter,
825 1097 160 30 använda
1010 1096 10 29 i
1046 1096 110 30 första
1181 1094 94 30 hand
1299 1095 11 29 i
1334 1094 285 38 clearingkassan

116 1154 55 29 för
192 1153 70 29 fisk
283 1152 67 29 den
374 1152 13 29 1
410 1151 66 39 juli
502 1151 82 29 1958
607 1148 232 30 kvarstående
862 1148 111 29 medel
995 1146 64 31 och
1081 1147 9 29 i
1112 1146 111 29 andra
1244 1145 94 29 hand
1361 1146 47 28 ett
1430 1143 125 40 belopp
1577 1152 43 19 av

116 1204 101 38 högst
239 1203 39 29 20
293 1202 61 30 000
377 1202 52 30 kr.
451 1211 40 20 ur
513 1202 40 29 de
575 1201 55 29 för
651 1199 204 40 budgetåret
880 1198 148 34 1958/59
1051 1196 196 40 inflytande
1268 1195 82 30 eller
1371 1194 247 30 dessförinnan

115 1255 155 29 influtna
291 1251 418 40 införselavgiftsmedlen
731 1251 44 39 på
799 1250 125 29 fiskets
947 1248 152 32 område.

158 1304 75 30 Vad
268 1303 107 39 angår
409 1304 66 28 den
511 1302 164 29 fortsatta
710 1300 276 38 finansieringen
1021 1308 42 20 av
1098 1296 350 31 konservkontrollen
1482 1295 137 29 erinrar

116 1354 382 40 jordbruksnämnden,
530 1355 50 28 att
610 1352 107 39 enligt
747 1351 206 29 uttalanden
983 1349 10 29 i
1024 1348 262 40 propositionen
1320 1346 155 30 1957:88
1508 1344 112 30 skulle

116 1407 89 29 efter
227 1415 43 20 en
290 1405 111 29 under
422 1404 38 30 år
484 1404 81 29 1957
589 1403 180 37 företagen
791 1400 225 40 omläggning
1037 1409 40 19 av
1100 1397 368 31 konservkontrollens
1490 1395 131 30 arbets-

118 1458 131 27 former
271 1456 64 28 och
358 1455 262 38 avgiftssystem
643 1454 108 27 annat
775 1451 149 30 tillskott
948 1460 42 19 av
1013 1449 139 39 statliga
1175 1447 111 30 medel
1309 1447 30 39 ej
1366 1446 176 31 erfordras
1568 1445 55 28 för

119 1506 318 31 kvalitetskontroll
457 1514 42 21 av
517 1505 190 29 konserver
725 1504 44 28 än
789 1504 48 28 ett
856 1500 281 40 engångsbelopp
1157 1509 42 19 av
1219 1499 40 29 20
1275 1498 61 30 000
1359 1498 62 33 kr.,
1440 1496 109 29 vilket
1568 1495 56 29 be-

118 1558 82 39 lopp
226 1566 134 21 samma
383 1556 38 29 år
444 1555 79 29 med
548 1554 77 30 stöd
650 1563 42 20 av
714 1553 146 30 erhållet
883 1550 278 40 bemyndigande
1185 1548 233 30 utanordnats
1442 1549 49 27 att
1516 1545 107 30 tillfö-

120 1617 58 20 ras
207 1616 43 21 en
279 1607 11 28 i
319 1605 264 40 propositionen
613 1603 212 30 omförmäld
856 1601 233 30 buffertfond.
1120 1599 184 30 Nämnden
1334 1598 64 29 har
1428 1596 154 30 därefter
1612 1595 11 29 i

119 1657 54 28 sin
205 1656 166 29 skrivelse
402 1654 179 38 angående
613 1652 366 41 fiskprisregleringen
1009 1651 54 29 för
1095 1648 235 30 innevarande
1362 1647 169 39 budgetår
1564 1655 59 20 an-

118 1707 96 33 mält,
239 1708 50 28 att
314 1706 141 29 fortsatt
480 1705 112 29 behov
617 1713 42 20 av
688 1703 138 39 statliga
850 1702 112 30 medel
988 1701 118 29 kunde
1132 1700 217 39 uppkomma
1375 1699 54 29 för
1455 1698 166 29 konserv-

120 1757 216 30 kontrollens
368 1755 231 39 finansiering
632 1763 124 31 genom
789 1756 49 27 att
871 1754 167 38 exporten
1071 1761 40 20 av
1145 1751 261 28 fiskkonserver
1440 1748 111 29 under
1583 1747 39 29 år

122 1809 81 29 1957
227 1807 184 38 väsentligt
434 1806 142 38 nedgått
598 1805 65 29 och
686 1804 116 29 kunde
825 1804 151 29 förutses
1000 1803 158 28 avsevärt
1181 1800 139 30 minska
1343 1800 85 28 även
1452 1797 112 30 under
1586 1797 39 29 år

122 1859 94 28 1958.
244 1858 51 29 Då
320 1857 193 29 emellertid
541 1855 212 38 farhågorna
782 1854 11 29 i
822 1854 98 38 fråga
947 1862 57 19 om
1031 1850 369 40 exportutvecklingen
1428 1848 194 29 dessbättre

119 1910 31 38 ej
178 1909 199 32 besannats,
402 1907 63 29 har
491 1906 53 29 för
568 1905 205 38 budgetåret
800 1903 150 35 1957/58
973 1920 43 3 —
1040 1903 9 27 i
1075 1901 114 29 stället
1214 1901 54 29 för
1294 1901 46 27 ett
1366 1899 169 29 beräknat
1562 1906 62 19 un-

121 1959 157 29 derskott
305 1959 10 28 i
342 1955 425 31 kontrollverksamheten
794 1973 43 2 —
865 1954 136 28 kunnat
1031 1951 165 40 uppvisas
1225 1952 48 28 ett
1300 1949 188 32 överskott,
1515 1947 108 29 vilket

120 2009 146 30 resultat
296 2007 270 31 åstadkommits
599 2007 86 28 även
720 2013 123 30 genom
874 2005 50 28 att
956 2002 237 29 kostnaderna
1225 2001 54 29 för
1311 1998 197 30 kontrollen
1541 1997 83 28 ned-

122 2061 165 37 bringats.
310 2059 93 28 även
426 2067 57 20 om
505 2057 95 29 detta
622 2055 177 30 överskott
822 2054 111 29 under
957 2062 120 20 senare
1100 2051 135 29 hälften
1259 2059 40 20 av
1323 2050 37 29 år
1386 2048 82 29 1958
1490 2048 52 29 till
1566 2046 60 29 nå-

122 2119 66 29 gon
218 2110 52 29 del
299 2110 108 28 redan
437 2108 214 31 förbrukats,
681 2106 61 29 bör
769 2105 57 29 det
856 2104 233 29 tillsammans
1119 2102 78 29 med
1227 2100 117 38 övriga
1373 2100 9 28 i
1412 2098 213 30 buffertfon-

121 2162 66 28 den
209 2159 225 30 innestående
460 2158 109 29 medel
594 2157 121 28 kunna
738 2156 107 28 förslå
869 2155 53 28 för
944 2153 171 29 täckande
1139 2162 41 19 av
1203 2150 235 29 kostnaderna
1464 2149 53 29 för
1540 2148 86 28 kon-

122 2209 275 31 servkontrollen
423 2209 90 28 fram
537 2208 49 28 till
610 2208 66 28 den
701 2207 11 28 1
738 2205 66 39 juli
831 2204 93 29 1960.
947 2204 50 29 Då
1020 2212 41 19 av
1085 2201 173 38 naturliga
1283 2200 74 29 skäl
1381 2201 93 27 stora
1496 2197 130 36 svårig-

123 2261 97 29 heter
248 2259 190 29 emellertid
469 2257 184 38 föreligger
682 2257 49 28 alt
760 2255 154 28 beräkna
943 2255 40 28 de
1014 2251 167 30 framtida
1209 2251 242 28 inkomsterna
1479 2248 65 29 och
1574 2250 52 25 ut-

123 2311 150 37 gifterna
303 2310 54 28 för
387 2305 361 32 konservkontirollen,
780 2305 60 28 bör
872 2303 106 38 enligt
1008 2302 176 29 nämnden
1214 2300 181 38 möjlighet
1428 2298 116 28 finnas
1575 2298 50 27 att

123 2362 85 28 även
234 2361 98 27 nästa
356 2357 168 38 budgetår
547 2357 55 28 vid
627 2355 109 29 behov
761 2355 119 27 kunna
904 2352 159 29 använda
1088 2350 199 29 statsmedel
1313 2350 53 28 för
1391 2347 236 30 konservkon-

125 2412 144 28 trollens
295 2408 239 37 finansiering.
562 2409 11 28 I
600 2406 109 29 likhet
735 2405 78 29 med
839 2404 94 28 förra
959 2403 70 29 året
1058 2401 147 29 föreslår
1231 2399 174 30 nämnden
1432 2398 120 29 därför
1578 2398 49 27 att

126 2478 10 3 —
193 2460 113 29 därest
335 2458 134 29 medlen
497 2458 6 27 i
535 2454 264 31 buffertfonden
829 2454 30 38 ej
890 2453 125 28 förslår
1043 2452 53 28 för
1126 2450 168 30 täckande
1322 2458 41 19 av
1391 2448 234 29 kostnaderna
