2190 2624
370 205 21 29 4
591 202 118 31 Andra
730 203 201 29 kammarens
945 198 119 42 femte
1088 197 170 41 tillfälliga
1280 197 137 31 utskotts
1437 194 167 34 utlåtande
1625 193 54 33 Nr
1700 197 50 28 17.

373 288 230 47 riksdagens
631 284 265 38 bibliotekarie
925 283 70 37 och
1024 282 223 49 därigenom
1276 280 110 37 blivit
1414 278 223 39 förhindrad
1658 284 56 31 att
1731 279 12 35 i
1762 279 214 49 tillräcklig

373 340 97 49 grad
511 343 100 43 ägna
652 337 61 48 sig
753 340 37 33 åt
823 336 219 45 detsamma,
1072 334 87 37 blev
1188 334 61 36 det
1277 332 345 49 riksdagsmannen
1649 330 36 37 J.
1713 330 217 38 Johansson
1958 331 13 36 i

374 390 216 48 Noraskog,
619 391 38 34 åt
684 388 130 37 vilken
842 386 263 38 anförtroddes
1133 385 217 49 uppdraget
1379 389 54 31 att
1460 384 12 35 i
1500 382 115 48 detalj
1645 382 207 49 planlägga
1873 389 98 30 samt

373 443 86 36 leda
498 440 222 38 utförandet
756 453 47 23 av
831 439 65 37 det
923 438 198 38 beslutade
1151 436 234 37 omfattande
1413 433 434 51 registreringsarbetet.
1901 437 77 33 Att

373 495 75 36 han
476 493 97 37 hade
602 498 104 31 stora
734 491 237 48 svårigheter
999 495 55 31 att
1083 489 205 37 övervinna
1308 488 72 36 och
1400 493 56 30 att
1473 487 236 49 uppdragets
1731 485 239 48 fullgörande

375 545 144 38 krävde
556 544 169 48 osviklig
761 543 134 49 energi
923 542 69 37 och
1020 542 161 36 intresse
1209 540 60 36 för
1296 540 130 45 saken,
1454 539 143 36 förstår
1625 551 46 23 en
1700 551 67 23 var
1794 550 81 24 som
1903 537 69 35 har

374 597 99 50 tagit
500 597 62 36 del
590 609 47 24 av
665 594 325 38 arbetsresultatet
1018 593 70 37 och
1117 593 68 36 har
1211 595 127 46 någon
1367 590 211 37 kännedom
1607 603 63 23 om
1698 589 63 36 det
1789 588 188 46 material,

375 663 83 23 som
491 648 123 38 skulle
642 647 212 37 bearbetas.
910 646 162 37 Särskilt
1100 643 298 48 svårhanterligt
1425 656 67 22 var
1520 655 48 24 en
1598 647 80 31 stor
1706 641 59 36 del
1792 654 48 23 av
1868 640 105 36 detta

375 723 50 5 —
452 702 168 49 påpekar
646 700 219 36 Johansson
893 698 12 36 i
933 698 59 36 sin
1020 696 242 50 redogörelse
1291 696 60 35 för
1371 694 166 37 arbetets
1556 693 196 48 fortgång,
1774 706 80 23 som
1876 695 97 33 åter-

375 754 122 36 finnes
537 753 13 36 i
591 752 134 48 början
766 765 47 23 av
855 750 63 37 det
955 755 102 31 stora
1085 749 201 47 registrets
1316 747 119 36 första
1463 746 99 36 band
1592 767 48 4 —
1669 745 221 46 därigenom
1918 748 62 31 att

376 805 98 37 ända
513 804 58 37 till
612 804 180 47 omkring
832 805 40 33 år
915 803 96 35 1830
1039 801 216 36 utskottens
1282 798 222 37 utlåtanden
1533 796 168 38 saknade
1731 796 241 36 »klämmar».

376 858 75 36 Det
490 870 69 23 var
599 855 100 36 först
742 855 252 38 1828—1830
1036 856 60 33 års
1128 851 169 48 riksdag,
1327 863 82 24 som
1438 849 133 48 beslöt,
1600 853 57 32 att
1684 848 139 36 sådana
1852 846 127 37 skulle

375 910 135 35 finnas.

480 961 68 34 Att
590 953 207 42 emellertid
840 957 105 36 detta
971 954 298 49 registerarbete
1297 953 138 36 utförts
1463 955 49 46 på
1540 957 55 32 ett
1623 951 247 49 synnerligen
1899 949 81 37 för-

376 1010 206 51 tjänstfullt
625 1014 87 39 sätt,
746 1009 130 37 därom
904 1008 48 37 ha
979 1011 140 44 många
1147 1005 241 38 vittnesbörd
1416 1004 174 47 lämnats,
1620 1003 72 36 och
1721 1003 128 36 därom
1877 1001 98 37 lärer

377 1076 69 23 var
486 1063 71 37 och
599 1075 60 33 en,
702 1075 83 23 som
825 1061 60 36 för
926 1060 66 36 sitt
1033 1060 131 36 arbete
1205 1057 170 49 betjänat
1407 1056 59 48 sig
1493 1069 46 23 av
1567 1055 192 49 registret,
1793 1053 97 47 själv
1926 1053 48 36 ha

378 1119 204 44 övertygat
620 1114 71 48 sig.
748 1113 72 36 Det
856 1110 347 38 karaktäriserades
1231 1123 47 23 av
1306 1107 359 50 kanslideputerade
1692 1106 64 36 vid
1787 1107 96 35 1893
1913 1107 66 34 års

377 1167 159 49 riksdag
564 1165 172 38 sålunda:
769 1164 133 38 >Ovan
931 1162 249 37 omförmälda
1207 1160 234 49 sakregister
1469 1160 57 36 till
1552 1159 120 37 rikets
1696 1158 174 36 ständers
1889 1170 86 36 pro-

378 1218 122 37 tokoll
540 1218 69 36 har
649 1217 63 37 vid
755 1215 268 38 användandet
1063 1215 100 35 visat
1195 1213 60 48 sig
1283 1212 245 50 synnerligen
1557 1209 320 49 ändamålsenligt
1905 1208 72 36 och

379 1269 364 38 tillfredeställande.
790 1268 75 36 Det
893 1268 67 36 har
988 1266 195 37 befunnits
1213 1264 90 50 fylla
1332 1264 46 36 de
1407 1263 174 49 anspråk,
1608 1275 87 23 man
1714 1264 48 47 på
1781 1266 54 32 ett
1854 1260 122 48 dylikt

380 1323 93 36 verk
514 1322 68 36 bör
623 1321 127 36 kunna
791 1320 109 37 ställa
932 1319 12 36 i
971 1318 190 37 avseende
1189 1320 20 33 å
1237 1315 310 49 överskådlighet
1576 1314 73 37 och
1676 1314 121 36 reda».
1853 1312 82 37 Och
1964 1312 11 35 i

381 1388 48 23 en
469 1374 105 36 inom
614 1373 122 36 första
777 1373 216 35 kammaren
1034 1373 42 33 år
1118 1371 98 35 1892
1259 1381 46 23 av
1338 1368 88 36 herr
1453 1367 133 36 Albert
1614 1366 222 36 Andersson
1864 1365 113 35 väckt

381 1425 141 38 motion
560 1429 113 44 säges
711 1437 59 24 om
799 1424 104 36 detta
930 1423 172 48 register,
1135 1422 113 36 innan
1277 1420 65 36 det
1369 1424 101 31 ännu
1496 1432 68 23 var
1592 1417 269 49 färdigtryckt:
1897 1416 79 35 »Av

381 1481 41 33 så
449 1478 61 36 väl
537 1477 13 36 i
579 1476 226 48 riksdagens
835 1475 181 38 bibliotek
1044 1487 80 23 som
1155 1473 11 36 i
1195 1473 198 35 kamrarne
1421 1471 71 36 och
1520 1471 46 36 de
1586 1469 177 48 ständiga
1781 1468 196 36 utskotten

381 1529 212 48 framlagda
634 1529 193 48 exemplar
868 1541 46 22 av
951 1526 76 47 det,
1057 1538 83 24 som
1168 1524 136 37 hittills
1332 1523 122 36 finnes
1483 1521 254 49 färdigtryckt
1765 1533 47 23 av
1839 1520 144 47 ifråga--

382 1581 165 37 varande
588 1580 271 49 registerverk,
902 1579 176 47 framgår,
1121 1582 56 32 att
1218 1576 209 36 detsamma
1463 1574 81 37 icke
1573 1574 164 36 allenast
1763 1573 70 35 har
1861 1585 117 35 egen-

383 1634 143 48 skapen
569 1645 46 23 av
656 1637 55 32 ett
748 1632 145 47 vanligt
921 1630 244 47 ordregister,
1193 1634 91 30 utan
1313 1632 97 31 även
1437 1626 145 36 lämnar
1610 1624 231 38 kortfattade
1870 1623 106 36 redo-

383 1685 170 49 görelser
581 1684 61 36 för
669 1682 318 49 riksdagsbeslut,
1016 1682 61 35 för
1104 1684 154 45 gången
1287 1693 47 22 av
1362 1678 47 37 de
1437 1678 106 36 flesta
1572 1677 96 37 både
1696 1675 282 50 lagstiftnings-

383 1737 69 37 och
481 1735 445 49 statsregleringsfrågor
952 1748 48 22 m.
1030 1746 63 34 m.,
1121 1733 220 47 varigenom
1369 1730 179 48 registret
1576 1728 149 38 erhållit
1751 1727 228 36 karaktären

385 1802 46 23 av
472 1801 45 23 en
557 1788 13 36 i
611 1790 139 46 många
777 1786 215 37 avseenden
1019 1784 179 37 värderik
1226 1783 70 37 och
1323 1781 237 50 upplysande
1589 1778 390 39 historisk-statistisk

384 1840 192 44 handbok,
619 1853 83 23 som
743 1838 12 36 i
791 1838 104 37 vissa
923 1837 66 36 fall
1017 1837 57 36 till
1103 1836 69 37 och
1200 1834 86 38 med
1314 1839 72 43 gör
1413 1838 54 32 ett
1493 1831 251 51 uppsökande
1772 1844 46 23 av
1846 1830 133 37 veder-

384 1892 168 37 börande
581 1891 288 48 riksdagsakter
897 1888 239 48 överflödigt.
1180 1887 54 37 De
1254 1885 247 48 anvisningar
1519 1884 58 37 till
1597 1884 122 46 dessa,
1736 1896 80 23 som
1835 1883 151 35 lämnas

386 1944 59 36 för
486 1944 72 35 alla
587 1943 253 47 registrerade
868 1940 307 48 riksdagsbeslut
1202 1939 70 36 och
1301 1938 118 36 andra
1446 1937 179 44 ärenden,
1654 1934 214 38 underlätta
1896 1933 83 37 där-

380 1996 119 47 jämte
537 1995 277 36 återfinnandet
841 2007 48 23 av
916 1992 227 37 tillhörande
1172 1990 228 48 handlingar
1428 1989 69 37 och
1524 1987 206 50 protokoll,
1758 1987 221 47 varigenom

387 2046 215 38 fördelarna
630 2060 47 23 av
706 2051 55 31 att
789 2046 177 48 begagna
995 2044 105 36 detta
1128 2043 164 48 register
1320 2041 102 37 bliva
1449 2040 148 49 ganska
1616 2045 114 31 stora.
1764 2038 216 36 Detsamma

387 2100 68 35 har
496 2099 71 36 ock
607 2098 118 37 redan
765 2098 12 35 i
814 2101 138 43 många
981 2095 77 48 fall,
1088 2095 119 37 ehuru
1236 2094 120 36 delvis
1385 2093 133 36 endast
1545 2090 239 50 tillgängligt
1810 2090 13 35 i
1851 2102 135 23 manu-

387 2151 134 48 skript,
565 2164 46 23 av
652 2162 183 36 personer
868 2149 95 36 både
991 2148 102 36 inom
1123 2147 72 36 och
1222 2152 102 30 utom
1353 2145 219 47 riksdagen,
1601 2143 102 36 vilka
1731 2142 87 36 sökt
1844 2140 136 37 under-

386 2202 176 37 rättelser
589 2202 13 36 i
630 2201 192 48 åtskilliga
864 2201 141 48 frågor,
1033 2198 196 38 befunnits
1256 2211 92 23 vara
1376 2210 47 23 en
1451 2196 152 48 mycket
1631 2194 77 48 god
1735 2192 249 50 vägledning,

385 2254 221 49 varigenom
648 2267 87 23 man
776 2253 95 36 både
912 2253 68 35 lätt
1021 2251 69 36 och
1135 2250 177 37 bekvämt
1349 2249 143 36 kunnat
1520 2247 144 36 erhålla
1691 2244 295 50 upplysningar,

387 2320 82 23 som
498 2306 111 49 eljest
637 2306 82 36 icke
749 2310 90 31 utan
868 2309 78 32 stor
975 2303 111 37 möda
1114 2302 73 37 och
1214 2300 232 38 tidsutdräkt
1474 2302 91 34 stått
1593 2304 56 31 att
1676 2297 145 37 vinna.»
