1880 2766
508 166 112 35 Tredje
640 167 217 33 lagutskottets
878 166 161 28 utlåtande
1057 176 40 18 nr
1117 167 35 27 17
1170 167 36 27 år
1225 166 76 28 1964
1625 169 18 30 9

161 247 135 36 cipiella
319 247 216 36 ståndpunkt
555 248 50 28 att
625 247 55 29 det
700 247 176 29 allmänna
899 247 61 29 bör
981 256 97 20 svara
1102 247 52 29 för
1175 247 178 36 byggande
1375 256 41 19 av
1437 246 123 36 nödiga
1583 246 60 28 all-

163 301 126 28 männa
307 301 104 36 vägar
430 309 100 28 synes
550 300 114 37 riktig.
684 300 190 37 Företagen
892 300 110 30 måste
1022 302 169 35 noggrant
1210 299 433 38 angelägenhetsgraderas

162 354 106 36 enligt
289 354 211 37 vägplanens
523 354 292 36 förutsältningar
838 353 273 37 kompletterade
1135 354 77 29 med
1236 353 78 36 väg-
1335 353 64 29 och
1422 353 222 36 vattenbygg-

163 407 276 37 nadsstyrelsens
470 407 209 37 fördjupade
708 407 339 30 trafikekonomiska
1076 407 352 36 beräkninsgrunder.
1459 406 99 29 Vissa
1589 416 55 19 av-

162 461 148 29 vikelser
336 461 78 29 från
440 461 66 29 den
531 461 196 29 önskvärda
753 460 499 37 angelägenhetsgraderingen
1279 460 62 29 har
1367 460 90 29 måst
1484 460 64 29 och
1575 460 69 29 kan

162 514 131 29 alltfort
317 514 129 29 behöva
468 514 59 29 ske
548 523 41 21 av
610 514 172 30 särskilda
803 514 85 29 skäl.
911 513 280 38 Avgiftsbelagda
1213 514 102 29 broar
1335 514 63 29 och
1421 513 142 29 tunnlar
1584 513 61 28 bör

165 568 31 29 få
214 567 253 37 ifrågakomma
486 567 53 29 för
556 569 50 28 att
624 568 5 28 i
648 568 91 28 vissa
759 567 59 30 fall
836 568 120 29 kunna
973 567 163 37 avhjälpa
1155 567 212 29 besvärande
1384 567 64 29 och
1467 566 177 37 samtidigt

164 621 344 30 kostnadskrävande
540 621 221 29 flaskhalsar.
793 621 107 29 Dessa
933 621 132 37 företag
1097 621 99 29 berör
1227 620 191 30 emellertid
1449 620 124 29 endast
1603 629 41 19 en

163 674 134 30 mindre
321 674 53 30 del
398 684 41 20 av
462 674 66 30 den
553 674 105 30 totala
682 674 402 37 investeringsvolymen.
1110 673 282 37 Avgiftsbelagda
1418 673 132 37 företag
1575 672 69 30 kan

161 729 72 28 visa
254 728 50 36 sig
323 728 197 29 önskvärda
540 727 93 30 såväl
655 729 94 28 utom
771 736 73 21 som
865 727 94 30 inom
980 727 154 37 planlagt
1153 726 152 31 område.
1326 726 238 37 Lagförslaget
1584 726 61 29 bör

162 782 104 36 enligt
286 783 239 28 reservantens
543 781 141 37 mening
703 781 8 29 i
731 781 218 29 sistnämnda
968 780 168 30 avseende
1154 780 163 37 justeras.

163 878 323 39 Remissyttranden

219 941 377 30 Remissinstansernas
635 941 357 37 ställningstaganden
1030 941 175 29 redovisas
1232 941 9 29 i
1269 949 95 28 prop.
1406 940 161 29 191/1963
1596 939 50 30 så-

164 995 115 29 lunda.

218 1048 164 30 Flertalet
401 1048 300 30 remissinstanser
721 1049 156 29 ansluter
897 1049 51 36 sig
970 1048 48 30 till
1040 1047 179 38 principen
1239 1049 51 27 att
1311 1047 53 29 för
1383 1047 66 29 den
1468 1046 177 30 allmänna

164 1101 233 30 samfärdseln
416 1101 126 37 nödiga
560 1102 105 36 vägar
684 1102 64 29 och
771 1102 229 29 förbindelser
1022 1101 86 29 skall
1131 1101 128 37 byggas
1280 1108 123 28 genom
1424 1100 57 29 det
1501 1099 144 29 allmän-

165 1163 61 21 nas
245 1155 135 36 försorg
397 1155 64 29 och
478 1155 79 29 med
574 1155 177 30 anlitande
770 1165 42 19 av
829 1155 177 29 allmänna
1025 1154 111 30 medel
1156 1156 90 27 samt
1264 1156 50 27 att
1332 1152 147 38 avgifter
1498 1152 75 30 icke
1593 1152 53 30 får

165 1210 136 35 uttagas
323 1208 53 29 för
396 1208 100 30 deras
516 1208 233 37 begagnande.
770 1209 59 29 Ett
848 1208 95 30 antal
965 1208 300 29 remissinstanser
1287 1216 101 20 anser
1410 1206 88 30 dock
1520 1208 50 27 att
1591 1215 55 20 av-

164 1261 316 37 giftsfinansiering
502 1262 61 29 bör
584 1262 120 29 kunna
726 1262 172 37 tillgripas
920 1262 8 29 i
952 1261 271 37 undantagsfall.

219 1315 314 37 Vägsakkunnigas
549 1315 224 37 uppfattning
789 1317 51 28 att
855 1317 47 28 ett
918 1316 128 36 system
1063 1315 78 29 med
1157 1313 361 38 avgillsfinansiering
1535 1312 31 37 ej
1586 1313 61 29 bör

165 1368 131 30 införas
320 1368 153 30 biträdes
495 1377 43 21 av
561 1368 44 30 bl.
629 1377 29 21 a.
683 1367 375 36 riksrevisionsverket,
1084 1366 288 37 länsstyrelserna
1399 1367 10 28 i
1433 1365 213 36 Skaraborgs

164 1422 62 29 och
262 1420 207 31 Värmlands
505 1420 67 36 län,
606 1421 154 30 Svenska
784 1420 376 30 landskommunernas
1184 1420 153 36 förbund
1363 1421 89 28 samt
1476 1418 171 36 Länsväg-

165 1474 233 30 nämndernas
415 1473 163 39 förbund.
598 1475 100 29 Vissa
717 1474 368 38 remissmyndigheter
1116 1473 204 30 framhåller
1351 1472 142 31 särskilt
1522 1472 125 30 risker-

166 1537 41 20 na
230 1528 55 29 för
306 1528 214 36 rubbningar
542 1528 8 29 i
574 1528 499 37 angelägenhetsgraderingen
1095 1527 64 29 och
1184 1527 53 29 för
1262 1525 248 37 snedvridning
1533 1534 42 20 av
1599 1525 48 29 in-

167 1581 457 37 vesteringsverksamheten
641 1590 56 20 om
716 1581 203 30 utförandet
935 1590 42 21 av
995 1580 272 37 avgiftsbelagda
1289 1578 359 37 trafikanläggningar

165 1635 111 29 skulle
302 1634 235 37 möjliggöras.
576 1634 150 31 Sålunda
763 1634 102 30 anför
899 1633 77 38 väg-
1001 1635 63 28 och
1092 1632 479 37 vattenbyggnadsstyrelsen,
1598 1633 50 28 att

167 1688 213 30 tillkomsten
403 1697 42 21 av
468 1697 43 20 en
533 1688 70 29 viss
626 1688 279 37 vägförbindelse
929 1695 122 29 genom
1075 1686 285 38 kapitaltillskott
1386 1685 78 30 från
1489 1685 158 29 enskilda

166 1742 225 29 intressenter
408 1742 7 28 i
434 1741 64 30 och
517 1741 53 29 för
587 1741 50 36 sig
654 1742 74 29 icke
746 1741 148 30 behöver
911 1741 165 29 innebära
1095 1742 50 27 att
1163 1740 67 29 den
1247 1739 175 30 ordinarie
1439 1738 209 37 vägutbygg-

166 1795 112 29 naden
302 1795 109 29 måste
434 1794 196 30 vidkännas
654 1804 42 20 en
720 1794 245 30 motsvarande
990 1793 255 37 inskränkning
1269 1793 44 37 på
1338 1794 107 28 annat
1471 1792 80 29 håll.
1578 1792 70 29 Sett

167 1848 5 28 i
194 1849 48 28 ett
261 1848 110 29 större
391 1848 254 36 sammanhang
664 1848 61 29 bör
747 1848 122 36 frågan
889 1856 57 21 om
966 1846 194 37 byggandet
1180 1855 42 20 av
1242 1845 130 37 tullväg
1392 1845 165 29 bedömas
1577 1846 71 27 mot

166 1900 227 37 bakgrunden
416 1910 41 19 av
481 1900 202 30 samhällets
706 1900 107 30 totala
838 1909 155 21 resurser
1016 1900 63 29 och
1105 1899 65 29 den
1195 1897 353 38 angelägenhetsgrad
1575 1907 71 20 som

166 1954 168 36 företaget
353 1953 119 30 därvid
492 1953 162 30 bedömes
671 1954 54 29 ha.
745 1953 48 30 De
815 1952 246 37 flerårsplaner
1080 1961 73 21 som
1174 1952 182 37 upprättas
1374 1951 65 29 och
1459 1950 190 30 fastställes

167 2007 52 29 får
233 2024 45 4 —
293 2007 88 29 efter
396 2007 215 36 vederbörlig
628 2006 353 37 anslagsbehandling
997 2022 44 5 —
1058 2014 100 21 anses
1177 2005 120 36 utgöra
1316 2014 42 20 en
1375 2003 156 37 objektiv
1548 2004 100 29 mått-

166 2060 96 29 stock
292 2060 43 37 på
364 2060 40 29 de
433 2059 220 37 möjligheter
684 2060 49 29 till
761 2059 320 37 väginvesteringar
1110 2067 71 21 som
1214 2057 183 30 samhället
1427 2057 110 30 under
1567 2056 82 30 tids-

167 2113 163 36 perioden
347 2113 6 29 i
372 2113 96 36 fråga
485 2113 73 29 har.
574 2113 50 29 Då
639 2113 127 34 vidare,
783 2112 106 37 enligt
905 2112 42 30 de
963 2111 238 37 sakkunnigas
1218 2111 149 36 mening,
1388 2110 21 29 f.
1427 2119 31 20 n.
1476 2110 171 36 knappast

167 2167 98 35 något
290 2166 131 36 företag
438 2183 44 4 —
499 2165 211 30 ölandsbron
729 2165 167 36 möjligen
916 2165 221 36 undantagen
1154 2182 44 3 —
1216 2164 69 29 kan
1305 2172 101 20 anses
1424 2172 82 20 vara
1527 2162 119 30 sådant

166 2221 50 27 att
242 2219 56 29 det
326 2219 62 29 har
414 2219 184 29 aktualitet
627 2218 113 29 såsom
769 2218 139 36 tullväg,
937 2226 102 20 anser
1067 2216 179 37 styrelsen,
1274 2218 51 27 att
1353 2216 103 36 något
1484 2216 163 36 påtagligt

167 2272 108 29 behov
294 2280 43 20 av
354 2280 42 20 en
415 2271 219 36 lagstiftning
653 2271 43 36 på
715 2270 158 29 området
894 2270 7 29 i
922 2270 129 35 dagens
1071 2270 72 35 läge
1165 2269 69 29 inte
1257 2269 192 35 föreligger.
1471 2268 179 29 Liknande

167 2324 218 37 synpunkter
400 2324 141 29 anföres
558 2332 42 21 av
617 2322 247 36 länsstyrelsen
884 2323 10 28 i
911 2321 220 30 Stockholms
1150 2322 55 29 län
1224 2322 64 29 och
1308 2320 342 35 Landsorganisatio-

167 2387 75 20 nen.
261 2375 263 38 Länsstyrelsen
542 2376 11 29 i
568 2375 183 37 Älvsborgs
770 2375 56 30 län
844 2385 111 24 anser,
973 2377 49 27 att
1040 2384 41 20 en
1098 2374 220 37 lagstiftning
1335 2382 56 21 om
1409 2373 242 37 avgiftsbelag-

167 2432 41 28 da
225 2430 158 30 enskilda
399 2429 244 37 trafikföretag
660 2429 73 29 icke
749 2429 69 29 kan
833 2429 123 29 väntas
973 2428 84 37 fylla
1072 2428 103 36 något
1190 2427 111 29 behov
1315 2428 106 28 annat
1438 2427 44 29 än
1500 2427 5 28 i
1526 2428 44 27 ett
1590 2436 61 27 par

169 2483 270 37 undantagsfall,
463 2482 92 30 vilka
583 2482 73 29 icke
680 2482 69 29 kan
775 2482 33 29 få
835 2482 119 36 utgöra
980 2481 73 29 skäl
1082 2481 52 28 för
1157 2482 118 34 avsteg
1301 2480 76 29 från
1403 2479 247 37 huvudprinci-

167 2546 104 28 perna
296 2536 55 30 för
370 2535 249 38 vägväsendets
642 2534 238 37 finansiering.
