2278 2592
212 1910 137 26 Utskottets

214 1948 127 29 yttrande.

398 219 40 31 12
930 217 215 38 Lagutskottets
1171 214 154 32 Utlåtande
1347 215 58 30 N:o
1429 215 53 31 38.

504 312 45 24 en
583 299 169 48 angenlig
784 298 182 49 vidgning
996 299 39 34 af
1062 295 344 44 böteslatituderna,
1440 294 243 49 hvarigenom
1710 295 218 49 tillräckligt
1960 299 57 32 ut-

395 366 147 37 rymme
584 354 122 35 skulle
743 353 143 35 lämnas
929 351 38 36 åt
1009 351 178 36 domaren
1221 348 59 37 för
1308 348 217 36 utmätande
1554 346 42 37 af
1617 352 63 40 ett,
1708 347 123 37 såvidt
1858 349 159 49 möjligt,

395 406 92 38 fullt
515 408 139 48 skäligt
683 406 243 48 bötesbelopp
955 405 13 35 i
996 405 130 48 hvarje
1155 402 305 37 förekommande
1488 401 82 46 fall;

504 461 230 49 uttryckliga
776 460 291 43 bestämmelser,
1107 471 79 23 som
1216 456 105 36 ålade
1350 456 178 37 domaren
1558 458 55 34 att
1641 455 63 37 vid
1732 456 173 35 böternas
1933 455 84 36 ådö-

395 515 136 36 mande
573 517 86 46 taga
701 527 194 35 noggrann
936 513 144 48 hänsyn
1119 512 60 35 till
1217 510 72 36 den
1317 509 164 37 åtalades
1510 509 174 49 samtliga
1712 509 122 35 kända
1862 507 155 38 lefnads-

396 568 326 50 omständigheter,
764 569 90 34 hans
897 563 390 51 betalningsförmåga,
1332 564 92 36 hans
1465 564 212 48 personliga
1717 561 259 37 förhållanden
2005 563 12 34 i

397 624 114 47 öfrigt
539 623 94 35 eller
662 626 125 41 annat,
814 634 78 23 som
921 621 13 35 i
963 619 102 36 detta
1093 617 69 37 fall
1189 618 125 36 kunde
1343 630 104 23 anses
1467 630 90 24 vara
1576 615 41 37 af
1634 616 207 49 betydelse;

494 676 288 44 bestämmelser,
809 675 119 47 enligt
955 673 131 37 hvilka
1115 671 154 37 anstånd
1298 671 127 37 kunde
1452 673 59 34 för
1533 671 147 36 kortare
1699 670 54 36 tid
1773 670 144 36 lämnas
1946 669 71 37 den

396 730 135 37 dömde
544 730 87 36 med
644 730 173 36 böternas
831 727 196 37 betalande
1042 727 93 36 eller
1150 726 240 48 hvarigenom
1406 724 153 37 tillfälle
1574 724 126 36 kunde
1715 724 150 36 beredas
1879 723 138 37 honom

395 789 56 31 att
493 785 14 34 i
549 784 146 35 mindre
725 787 122 44 poster
876 780 94 37 efter
998 780 176 49 lägenhet
1201 780 103 36 inom
1332 779 75 37 viss
1435 777 206 50 begränsad
1669 777 57 36 tid
1749 778 153 48 erlägga
1935 778 79 35 sina

395 839 105 35 böter
528 838 104 43 eller,
660 837 124 35 därest
810 835 74 36 han
914 835 127 35 därtill
1069 833 121 37 skulle
1218 832 156 37 alldeles
1402 832 114 37 sakna
1535 830 182 50 förmåga,
1738 836 56 31 att
1811 843 136 37 genom
1962 832 56 34 ut-

395 890 153 38 förande
577 889 38 37 af
642 891 127 35 arbete
798 888 168 49 umgälla
994 889 55 35 sin
1078 887 112 37 skuld
1209 887 60 36 till
1290 886 62 36 det
1380 886 203 44 allmänna;
1613 890 96 32 samt
1736 885 174 48 slutligen

504 949 81 31 mot
628 944 97 44 dem,
770 956 78 23 som
891 944 94 35 trots
1026 940 66 37 allt
1121 941 86 36 ville
1235 940 178 45 tredskas,
1442 953 45 23 en
1515 952 101 23 mera
1644 936 374 51 respektingifvande,

395 997 58 37 för
496 998 71 36 den
611 997 137 36 dömde
777 1009 103 23 mera
913 996 171 36 kännbar
1112 995 69 36 och
1210 993 56 37 för
1295 993 63 37 det
1386 994 190 35 allmänna
1603 992 147 36 mindre
1779 992 239 49 betungande

396 1051 210 49 anordning
626 1059 47 28 än
702 1051 64 36 det
793 1048 216 39 nuvarande
1033 1046 414 50 förvandlingsstraffet,
1469 1048 177 47 antingen
1666 1047 13 34 i
1698 1045 99 37 form
1816 1046 40 35 af
1874 1044 144 50 tvångs-

395 1107 124 34 arbete
549 1111 104 30 utom
681 1104 194 49 fängelset,
903 1116 89 24 vare
1022 1103 55 48 sig
1105 1102 14 35 i
1148 1101 56 37 för
1233 1100 212 38 ändamålet
1473 1100 173 37 särskildt
1674 1098 186 38 inrättade
1880 1100 137 35 arbets-

394 1160 179 35 anstalter
611 1159 91 35 eller
742 1159 13 35 i
798 1169 123 24 annan
955 1156 170 49 ordning,
1168 1156 92 35 eller
1293 1155 69 36 ock
1382 1155 13 35 i
1419 1159 64 41 ett,
1513 1153 121 38 såvidt
1661 1153 160 49 möjligt,
1849 1153 170 36 effektivt

394 1212 236 37 straffarbete
659 1213 13 34 i
701 1211 46 37 de
776 1211 112 37 redan
918 1211 197 47 befintliga
1144 1209 243 49 fängelserna.

503 1266 108 36 Först
649 1265 95 36 efter
772 1265 114 48 nödig
915 1263 203 49 utredning
1147 1263 69 36 och
1243 1267 189 44 noggrant
1460 1260 272 50 öfvervägande
1760 1261 37 35 af
1829 1260 76 35 alla
1938 1260 79 35 där-

395 1321 62 35 vid
499 1318 327 37 framkommande
866 1317 317 49 omständigheter
1214 1316 104 36 torde
1348 1316 63 35 det
1439 1315 205 37 emellertid
1672 1327 91 24 vara
1791 1313 145 49 möjligt
1964 1315 55 34 att

395 1374 220 44 bestämma,
647 1373 98 35 huru
773 1373 106 47 långt
907 1376 92 44 steg,
1023 1383 80 24 som
1132 1369 116 37 måste
1273 1375 115 43 tagas,
1417 1369 70 36 och
1519 1369 61 35 till
1608 1368 154 37 hvilken
1791 1366 228 50 omfattning

393 1426 189 38 reformen
610 1427 70 36 bör
708 1426 143 36 sträcka
880 1425 65 49 sig.

502 1480 75 49 Jag
619 1480 56 36 får
718 1478 109 37 alltså
854 1478 210 45 hemställa,
1096 1482 55 31 att
1179 1477 210 49 Riksdagen
1417 1477 90 36 ville
1535 1477 13 34 i
1576 1474 193 38 skrifvelse
1792 1475 60 36 till
1881 1474 138 49 Kungl,

393 1535 105 48 Maj:t
526 1533 161 45 anhålla,
717 1533 62 37 det
808 1533 142 36 täcktes
978 1531 139 48 Kungl.
1143 1531 101 48 Maj:t
1271 1534 88 45 taga
1388 1531 11 35 i
1429 1529 284 49 öfvervägande,
1733 1528 187 37 huruvida
1940 1528 79 36 icke

394 1588 176 48 gällande
599 1587 232 48 stadganden
859 1586 155 36 rörande
1042 1586 98 35 såväl
1169 1583 134 49 själfva
1332 1582 246 38 bötesstraffet
1605 1596 78 24 som
1712 1583 68 35 ock
1803 1582 12 35 i
1834 1581 104 49 fråga
1957 1594 62 23 om

394 1639 512 50 bötesförvandlingsstraffet
948 1638 116 37 borde
1106 1639 12 35 i
1148 1638 66 36 här
1256 1637 116 38 ofvan
1406 1638 148 48 angifna
1588 1638 122 49 syften
1739 1636 143 44 ändras,
1913 1640 106 40 samt,

395 1695 123 36 därest
546 1694 283 37 förhållandena
856 1694 123 36 skulle
1009 1692 125 36 därtill
1162 1691 202 45 föranleda,
1392 1693 58 35 för
1477 1691 211 49 Riksdagen
1711 1689 215 49 framlägga
1949 1687 70 37 för-

394 1750 82 48 slag
505 1749 61 35 till
595 1749 45 35 de
669 1746 223 38 förändrade
921 1746 353 49 lagbestämmelser,
1302 1758 80 23 som
1411 1744 57 37 för
1496 1744 185 38 vinnande
1710 1742 41 38 af
1774 1743 103 36 dessa
1897 1741 122 51 syften

394 1803 126 36 kunde
549 1801 198 38 erfordras.

509 1910 130 36 Under
668 1909 72 36 den
769 1912 140 34 senaste
938 1909 100 35 tiden
1068 1908 67 35 har
1165 1908 60 36 det
1254 1907 125 36 blifvit
1407 1907 147 35 alltmer
1583 1906 156 36 allmänt
1767 1904 161 44 erkändt,
1964 1905 56 34 att

397 1963 71 36 den
494 1964 153 35 svenska
675 1966 137 34 rättens
839 1963 272 36 bestämmelser
1139 1961 152 37 rörande
1320 1961 244 36 bötesstraffet
1591 1963 60 33 äro
1680 1960 14 34 i
1722 1959 72 47 hög
1823 1957 90 48 grad
1928 1957 92 35 otill-

395 2017 289 36 fredsställande.
732 2017 171 49 Skarpast
932 2016 106 36 bafva
1067 2015 179 36 bristerna
1275 2015 196 35 framträdt
1494 2015 13 34 i
1535 2013 106 48 fråga
1670 2025 59 23 om
1750 2010 269 49 förvandlings-

395 2071 153 45 straffet,
589 2083 85 24 men
713 2070 108 38 äfven
858 2071 13 35 i
901 2070 111 36 andra
1045 2069 193 36 afseenden
1272 2069 121 35 lämna
1423 2069 43 35 de
1495 2065 208 38 nuvarande
1733 2064 248 49 stadgandena
2008 2064 13 34 i

395 2126 125 34 ämnet
561 2137 85 23 rum
686 2125 58 35 för
783 2124 179 48 befogade
995 2123 293 48 anmärkningar.
1346 2123 21 35 I
1401 2123 53 34 sin
1484 2119 237 38 förevarande
1749 2118 272 48 framställning

396 2180 67 35 har
505 2191 51 22 nu
598 2178 231 37 motionären
860 2178 180 49 uppställt
1068 2177 185 47 åtskilliga
1282 2176 188 36 önskemål
1499 2176 12 33 i
1539 2175 103 47 fråga
1671 2185 61 23 om
1761 2172 260 36 bötesstraffets

397 2231 254 49 reformering.
682 2232 57 35 De
760 2233 38 34 af
816 2233 227 35 motionären
1054 2231 200 36 framförda
1269 2230 227 48 synpunkter
1510 2228 115 35 finner
1641 2227 179 36 utskottet
1839 2226 58 35 väl
1909 2225 112 36 värda

395 2289 56 33 att
488 2289 104 47 tagas
633 2286 116 36 under
788 2289 162 32 närmare
980 2284 278 44 skärskådande,
1291 2284 44 35 då
1365 2283 43 35 de
1437 2294 106 35 synas
1571 2280 182 37 utskottet
1780 2281 13 34 i
1820 2280 202 48 väsentliga
