1898 2786
539 170 289 30 Statsutskottets
854 170 180 31 utlåtande
1060 180 43 20 nr
1129 170 51 30 71.
1604 169 18 29 3

791 521 59 40 Nr
877 521 61 40 71.

330 631 187 30 Utlåtande
537 632 11 29 i
565 631 193 41 anledning
776 641 43 21 av
836 631 128 40 Kungl.
983 631 127 40 Maj:ts
1130 634 12 29 i
1160 630 462 41 statsverkspropositionen

547 682 125 40 gjorda
690 681 308 41 framställningar
1015 681 183 40 angående
1217 681 126 41 anslag
1360 681 20 30 å
1400 680 224 42 kapitalbud-

551 733 101 39 geten
676 732 59 41 för
759 732 206 40 budgetåret
990 732 162 41 1952/53,
1178 732 12 30 i
1215 732 66 31 vad
1305 740 103 23 avser
1431 730 193 31 inrikesde-

550 783 254 40 partementets
833 782 399 31 verksamhetsområde.

1383 840 74 34 (83:e
1479 841 94 34 avd.)

490 993 159 34 Statens
673 993 208 35 allmänna
905 993 323 44 fastighetsfond.

149 1087 74 35 1:0)
248 1087 101 30 Vissa
365 1087 494 36 skyddsrumsanläggningar.
877 1087 127 39 Kungl.
1024 1087 107 39 Maj:t
1147 1087 66 30 har
1229 1087 11 29 i
1260 1087 267 40 propositionen
1544 1096 42 21 nr
1606 1087 14 29 1

102 1138 226 32 beträffande
348 1138 312 40 kapitalbudgeten
685 1137 133 41 (bilaga
837 1138 52 35 32,
909 1138 116 40 punkt
1043 1137 30 36 4,
1094 1148 26 21 s.
1142 1138 20 30 2
1181 1138 66 30 och
1266 1137 20 31 3
1306 1148 43 21 av
1367 1137 109 41 bilagt
1495 1138 128 39 utdrag

104 1198 43 21 av
165 1188 389 42 statsrådsprotokollet
573 1189 82 30 över
672 1188 293 31 inrikesärenden
984 1188 56 31 för
1059 1189 69 30 den
1146 1188 21 30 4
1184 1188 145 40 januari
1351 1188 103 34 1952)
1478 1188 146 30 föresla-

104 1240 48 38 git
172 1239 190 40 riksdagen
383 1241 51 29 att
455 1239 53 30 till
530 1239 101 31 Vissa
653 1239 490 40 skyddsrumsanläggningar
1165 1239 56 32 för
1242 1238 207 40 budgetåret
1473 1238 150 42 1952/53

102 1289 124 31 anvisa
245 1291 49 29 ett
313 1289 359 40 investeringsanslag
691 1299 44 21 av
755 1289 38 30 11
809 1289 64 30 000
888 1289 64 30 000
971 1290 142 30 kronor.

148 1389 68 31 För
249 1391 97 29 detta
379 1390 166 30 ändamål
579 1390 64 29 har
677 1390 56 30 för
766 1390 206 39 budgetåret
1009 1389 149 40 1951/52
1182 1389 158 31 anvisats
1363 1391 48 28 ett
1435 1390 123 39 anslag
1581 1399 43 20 av

102 1440 21 29 6
137 1439 64 31 500
215 1439 64 31 000
299 1440 143 30 kronor.

148 1490 398 40 Departementschefen
574 1499 103 21 anser
703 1490 59 30 det
790 1490 170 40 lämpligt,
988 1492 51 28 att
1065 1490 114 30 medel
1207 1490 56 30 för
1291 1490 132 30 sådana
1451 1489 56 31 för
1533 1489 90 31 flera

104 1541 246 39 myndigheter
370 1548 263 32 gemensamma
655 1540 226 40 skyddsrum,
901 1540 13 30 i
933 1540 95 31 vilka
1048 1540 77 30 icke
1145 1540 117 40 någon
1282 1539 134 31 militär
1436 1540 55 30 del
1512 1540 110 39 ingår,

103 1590 180 31 redovisas
306 1591 113 30 under
441 1600 43 21 en
507 1591 65 30 och
597 1600 136 21 samma
756 1590 276 40 fastighetsfond
1054 1590 45 41 på
1121 1590 71 31 den
1213 1590 105 31 civila
1341 1590 112 30 sidan.
1477 1589 147 31 Medels-

103 1641 234 40 anvisningen
364 1650 103 22 anses
494 1641 85 30 böra
605 1642 174 39 upptagas
806 1641 113 30 under
946 1640 224 32 rubricerade
1199 1641 123 39 anslag
1348 1641 113 30 under
1489 1642 134 29 statens

104 1691 182 31 allmänna
306 1691 287 40 fastighetsfond.

147 1741 50 31 De
216 1741 151 31 berörda
385 1741 293 40 myndigheterna
697 1741 47 31 ha
762 1742 56 29 för
838 1741 201 30 ändamålet
1059 1741 102 31 äskat
1180 1741 150 40 tillhopa
1349 1740 19 31 3
1381 1740 65 31 538
1460 1740 64 31 000
1544 1742 79 29 kro-

103 1801 65 20 nor
188 1791 57 31 för
265 1793 103 29 nästa
388 1792 182 40 budgetår.
592 1791 66 31 Det
678 1791 160 35 föreslås,
861 1793 51 28 att
933 1793 49 28 ett
1002 1791 126 41 belopp
1150 1801 43 21 av
1214 1790 19 31 3
1247 1790 65 32 450
1327 1791 63 30 000
1412 1792 133 29 kronor
1566 1800 57 21 av-

104 1851 54 21 ses
180 1841 56 31 för
258 1842 213 30 ändamålet.
494 1842 68 30 För
584 1851 43 21 en
650 1841 153 31 särskild
827 1841 451 40 skyddsrumsanläggning
1299 1841 163 31 förordas
1484 1850 45 21 en
1553 1850 71 21 me-

103 1892 265 40 delsanvisning
387 1902 42 20 av
449 1892 17 29 7
481 1892 65 30 550
560 1891 64 30 000
643 1892 143 30 kronor.
807 1891 166 40 Anslaget
992 1892 11 29 i
1023 1891 79 32 dess
1121 1891 119 30 helhet
1260 1900 103 21 anses
1384 1891 135 30 således
1538 1891 85 30 böra

103 1942 173 41 uppföras
296 1942 80 30 med
399 1942 37 29 11
454 1941 63 30 000
532 1941 63 30 000
616 1942 142 30 kronor.

148 2043 13 29 I
182 2052 44 20 en
246 2042 96 30 inom
364 2042 415 40 inrikesdepartementet
799 2043 66 30 den
889 2042 39 30 12
949 2051 95 21 mars
1067 2041 84 31 1952
1174 2042 191 40 upprättad
1386 2041 236 41 promemoria

104 2093 63 29 har
197 2093 193 30 utskottets
421 2092 318 41 uppmärksamhet
769 2093 90 29 fästs
891 2092 45 40 på
966 2094 52 28 att
1048 2092 192 30 kostnader
1270 2092 56 32 för
1357 2092 264 30 fullträffsäkra

105 2142 214 40 skyddsrum
336 2142 55 30 för
406 2142 338 31 civilbefälhavarna
757 2142 83 40 ingå
855 2142 11 30 i
882 2142 44 30 bl.
943 2151 30 21 a.
989 2142 232 30 förevarande
1238 2142 133 39 anslag.

149 2215 178 32 Utskottet
352 2217 64 29 har
440 2217 77 30 icke
543 2216 120 30 funnit
687 2216 191 41 anledning
903 2216 53 30 till
981 2216 142 30 erinran
1149 2218 74 28 mot
1248 2218 51 29 att
1325 2216 159 40 anslaget
1508 2216 115 40 dispo-

104 2276 103 20 neras
234 2267 89 29 även
348 2266 57 30 för
430 2266 228 30 anordnande
685 2276 43 21 av
753 2266 320 41 uppehållsplatser
1099 2266 56 30 för
1181 2266 348 30 civilbefälhavarna.
1556 2266 64 30 Vid

104 2316 163 30 ärendets
291 2315 216 40 behandling
530 2316 65 30 har
620 2316 193 31 utskottets
836 2316 260 30 vederbörande
1122 2315 189 40 avdelning
1334 2315 177 31 inhämtat
1537 2325 85 31 upp-

104 2365 181 40 lysningar
307 2366 150 30 rörande
478 2367 42 30 de
542 2365 200 40 föreslagna
764 2365 549 40 skyddsrumsanläggningarna.
1336 2365 54 30 Då
1410 2366 67 30 vad
1498 2365 124 31 härvid

104 2416 229 30 förekommit
357 2416 76 31 icke
458 2415 109 31 heller
592 2415 84 40 givit
700 2416 192 40 anledning
914 2415 53 31 till
993 2415 153 34 erinran,
1171 2415 56 31 får
1252 2415 173 31 utskottet
1450 2416 80 30 med
1555 2415 69 30 till-

105 2466 191 39 styrkande
317 2476 42 20 av
379 2466 126 38 Kungl.
526 2465 126 39 Maj:ts
672 2465 134 40 förslag
825 2465 196 34 hemställa,
