1870 2772
421 149 123 28 Första
567 149 243 38 lagutskottets
834 150 179 29 utlåtande
1035 160 42 20 nr
1099 152 40 28 30
1161 152 39 28 år
1225 152 80 29 1964
1568 155 40 29 33

305 227 184 32 (Gällande
515 227 146 38 lydelse)

1054 230 224 39 (Föreslagen
1305 231 147 38 lydelse)

824 292 38 29 13
884 292 28 37 8.

171 344 67 30 Till
255 344 167 30 utländsk
438 363 44 3 —
497 363 44 3 —
556 363 44 2 —

971 346 150 30 hemvist
1139 346 72 30 där.

169 389 72 29 Har
256 389 263 40 verkställighet
536 399 42 20 av
595 389 241 34 frihetsstraff,

125 433 235 40 övervakning
384 443 42 20 av
451 433 188 39 villkorligt
663 433 106 30 dömd
793 434 45 29 el-

127 477 49 29 ler
208 477 117 39 tillsyn
357 479 81 28 över
470 477 188 40 villkorligt
689 478 147 40 frigiven

125 521 218 40 överflyttats
366 522 52 30 hit
442 522 79 30 från
545 523 189 33 Danmark,
759 523 78 29 Fin-

127 566 91 33 land,
250 566 116 30 Island
396 567 83 29 eller
508 567 110 39 Norge
648 567 82 29 eller
759 567 78 29 här-

126 609 92 30 ifrån
247 610 51 30 till
326 610 114 39 någon
469 620 42 20 av
538 611 153 29 nämnda
721 613 115 32 stater,

127 654 67 34 må,
224 655 87 29 även
341 654 11 30 i
382 656 109 28 annat
519 655 62 30 fall
612 656 44 28 än
686 656 9 28 i
727 655 110 30 första

126 699 134 39 stycket
280 699 88 39 sägs,
388 700 11 29 i
419 699 67 30 den
506 699 150 40 ordning
675 700 163 40 Konung-

126 752 42 21 en
194 743 210 30 bestämmer
429 744 52 29 till
507 744 203 39 myndighet
734 745 11 29 i
771 744 67 30 den

127 789 68 28 stat
222 787 79 30 från
329 789 82 29 eller
438 788 52 30 till
518 788 116 30 vilken
660 788 178 40 överflytt-

126 832 83 39 ning
224 832 91 30 skett
329 832 177 30 redovisas
521 832 251 40 anteckningar
785 833 53 29 rö-

127 876 107 30 rande
261 876 68 30 den
355 885 77 21 som
458 885 99 22 avses
584 877 78 30 med
690 877 149 30 beslutet

128 929 55 20 om
217 920 260 41 överflyttning.
513 921 202 30 Detsamma
750 921 88 30 skall

128 965 90 39 gälla
248 965 10 29 i
291 964 99 40 fråga
420 974 57 21 om
510 965 220 39 anteckning,
764 975 73 20 som

127 1009 110 39 gjorts
262 1009 149 30 rörande
437 1009 267 40 tillämpningen
731 1019 42 20 av
801 1009 38 29 14

127 1053 82 29 eller
233 1053 37 29 21
299 1053 15 37 $
338 1054 100 39 lagen
460 1062 60 21 om
543 1054 194 29 samarbete
760 1054 79 30 med

127 1097 190 34 Danmark,
341 1097 161 35 Finland,
528 1097 116 31 Island
668 1098 64 29 och
756 1099 84 29 Nor-

127 1149 38 31 ge
188 1141 177 41 angående
386 1142 263 39 verkställighet
671 1151 42 21 av
735 1142 105 30 straff

128 1194 45 20 m.
192 1194 45 21 m.

174 1274 192 40 Konungen
397 1275 80 40 äger
506 1275 207 40 bemyndiga
742 1275 98 40 fång-

129 1318 273 39 vårdsstyrelsen
424 1321 61 33 att,
507 1319 44 30 då
572 1319 56 30 det
650 1320 54 29 för
726 1320 114 30 utred-

128 1363 82 39 ning
231 1364 10 28 i
263 1363 163 30 brottmål
448 1363 141 40 begäres
611 1373 41 20 av
673 1364 167 29 utländsk

131 1406 148 30 domistol
313 1402 7 49 =
339 1407 84 30 eller
480 1407 359 40 åklagarmyndighet,

129 1450 157 30 meddela
309 1451 126 40 utdrag
457 1460 42 21 av
521 1451 169 39 registret.

175 1494 46 30 På
239 1495 262 39 framställning
775 1515 15 2 -

941 391 72 29 Har
1032 391 262 40 verkställighet
1314 401 42 20 av
1377 392 233 30 frihetsstraff

897 434 83 30 eller
1007 435 236 40 övervakning
1270 445 42 21 av
1338 436 66 29 den
1432 445 74 21 som
1537 436 72 30 vill-

897 478 128 40 korligt
1050 480 115 29 dömts
1192 480 83 30 eller
1300 480 189 40 villkorligt
1514 481 96 39 frigi-

900 523 65 29 vits
1002 523 82 30 eller
1119 524 114 30 dömts
1270 524 52 30 till
1355 525 254 39 skyddstillsyn

897 567 220 39 överflyttats
1141 568 51 30 hit
1216 568 78 29 från
1318 569 191 34 Danmark,
1534 569 78 29 Fin-

898 612 93 33 land,
1023 612 116 30 Island
1170 613 83 29 eller
1281 614 111 39 Norge
1422 614 81 29 eller
1533 614 77 29 här-

898 656 94 29 ifrån
1020 656 51 30 till
1100 657 112 39 någon
1241 667 43 19 av
1311 658 154 29 nämnda
1493 660 116 32 stater,

899 699 67 37 må,
998 700 87 30 även
1114 701 11 28 i
1157 703 107 27 annat
1294 701 62 30 fall
1386 702 45 29 än
1461 702 10 29 i
1503 701 109 31 första

899 745 134 39 stycket
1053 745 88 39 sägs,
1162 746 10 29 i
1193 746 66 30 den
1279 746 149 40 ordning
1447 747 164 39 Konung-

898 797 44 21 en
967 788 210 31 bestämmer
1206 790 49 29 till
1281 790 203 40 myndighet
1511 791 9 29 i
1546 791 65 29 den

900 835 67 28 stat
995 834 80 30 från
1102 835 83 30 eller
1211 835 52 30 till
1288 836 118 29 vilken
1433 835 179 40 överflytt-

898 877 84 40 ning
1019 878 91 30 skett
1145 879 177 30 redovisas
1358 880 253 39 anteckningar

898 922 149 30 rörande
1067 923 65 29 den
1152 932 75 20 som
1247 932 98 21 avses
1365 924 78 29 med
1462 924 149 30 beslutet

899 975 57 20 om
990 967 259 40 överflyttning.
1284 968 203 30 Detsamma
1522 968 89 30 skall

899 1011 90 39 gälla
1021 1012 10 29 i
1064 1011 98 39 fråga
1194 1021 55 20 om
1283 1012 220 40 anteckning,
1536 1022 74 20 som

899 1055 110 39 gjorts
1035 1056 149 30 rörande
1210 1056 267 40 tillämpningen
1504 1066 41 20 av
1574 1056 38 30 14

899 1100 82 29 eller
1005 1100 38 29 21
1071 1100 15 36 $
1111 1101 99 38 lagen
1234 1109 55 20 om
1315 1100 194 31 samarbete
1533 1101 78 30 med

898 1144 191 34 Danmark,
1114 1144 160 34 Finland,
1300 1144 116 31 Island
1440 1145 65 30 och
1528 1145 84 30 Nor-

898 1195 39 31 ge
960 1188 178 39 angående
1159 1189 262 40 verkställighet
1443 1199 43 20 av
1507 1189 106 30 straff

899 1241 45 20 m.
964 1241 46 20 m.

944 1276 193 40 Konungen
1161 1277 80 39 äger
1262 1277 210 40 bemyndiga
1493 1277 120 30 krimi-

898 1321 336 39 nalvårdsstyrelsen
1257 1324 60 32 att,
1340 1322 44 30 då
1406 1322 57 30 det
1484 1322 55 30 för
1560 1324 52 27 ut-

900 1365 148 39 redning
1078 1367 10 28 i
1119 1366 164 29 brottmål
1314 1366 141 39 begäres
1488 1375 42 20 av
1560 1368 52 27 ut-

900 1409 127 29 ländsk
1064 1409 149 30 domstol
1250 1410 83 29 eller
1369 1410 244 39 åklagarmyn-

900 1453 127 39 dighet,
1051 1453 157 30 meddela
1231 1453 125 40 utdrag
1378 1463 43 20 av
1443 1454 168 39 registret.

921 1496 158 30 tillstånd
1097 1497 127 29 därtill.

174 1602 122 30 Denna
315 1602 55 39 lag
391 1602 115 30 träder
526 1602 10 29 i
556 1602 95 30 kraft
671 1602 66 30 den
761 1604 13 28 1
795 1603 142 40 januari
961 1603 93 30 1965.
1075 1603 226 31 Beträffande
1321 1604 212 40 anteckning
1554 1614 58 20 an-

130 1640 130 45 gående
280 1646 234 34 straffarbete,
534 1647 174 39 villkorlig
726 1648 81 29 dom
828 1656 74 21 som
923 1647 192 31 meddelats
1136 1648 73 30 före
1231 1648 66 30 den
1320 1649 13 29 1
1354 1649 143 40 januari
1520 1648 92 35 1965,

132 1689 177 40 förvaring
336 1691 65 29 och
428 1691 215 39 internering
669 1692 11 28 i
708 1691 315 31 säkerhetsanstalt
1050 1693 91 29 samt
1167 1692 226 41 tillämpning
1417 1702 43 21 av
1487 1693 18 30 5
1533 1693 79 40 kap.

132 1735 18 28 5
176 1734 15 37 $
218 1734 207 40 strafflagen
450 1735 99 30 skola
573 1736 29 33 2,
629 1735 28 34 3,
682 1734 30 35 4,
741 1735 38 30 10
804 1736 65 29 och
896 1737 36 28 11
962 1736 37 37 $$
1024 1737 11 29 i
1061 1736 100 31 deras
1186 1737 95 30 äldre
1306 1737 130 40 lydelse
1461 1738 152 39 alltjämt

130 1779 63 38 äga
214 1779 232 39 tillämpning.
469 1779 98 30 Efter
589 1780 117 39 lagens
728 1779 282 31 ikraftträdande
1034 1781 87 30 skall
1145 1781 136 39 hänsyn
1305 1782 29 39 ej
1361 1783 97 38 tagas
1480 1782 52 29 till
1555 1791 59 20 an-

131 1823 163 39 teckning
314 1832 56 20 om
391 1823 98 30 böter
510 1823 81 30 eller
613 1823 251 40 tvångsarbete.
