2214 2618
733 148 277 32 Bankoutskottets
1033 149 161 32 utlåtande
1221 149 49 32 Nr
1294 153 49 28 66.
1771 153 18 29 3

238 224 174 47 gällande
458 227 224 46 författning
723 227 91 36 skall
853 228 218 48 tillgodoses
1113 241 136 33 genom
1294 228 272 47 skattebidrag,
1610 229 66 35 och
1713 230 118 36 tillika

240 276 214 49 stadgades,
485 285 52 29 att
565 279 54 35 till
649 279 121 49 dylikt
798 279 171 36 ändamål
999 281 101 47 finge
1121 280 191 36 användas
1334 281 132 36 endast
1487 280 140 37 hälften
1649 296 44 21 av
1716 283 114 35 förut-

239 330 163 36 nämnda
431 331 203 35 överskott.
1561 337 2 2 |

367 432 15 35 I
424 447 45 21 en
514 433 54 36 till
612 433 138 48 Kungl.
781 434 106 48 Maj:t
929 434 71 36 den
1043 436 20 35 8
1094 436 250 36 innevarande
1375 436 133 36 månad
1538 437 154 47 ingiven
1722 437 109 36 skrift

239 483 66 35 har
366 485 456 48 sparbanksföreningens
878 486 155 48 styrelse
1088 487 212 45 framhållit,
1363 493 53 30 att
1473 501 136 33 genom
1668 489 161 35 bestäm-

239 535 187 36 melserna
467 535 11 36 i
525 536 243 36 förevarande
809 537 183 48 paragraf
1027 537 196 48 möjlighet
1258 545 51 29 att
1342 538 199 49 disponera
1573 540 256 48 uppkommen

238 586 100 35 vinst
379 590 48 44 på
469 593 115 30 annat
625 592 75 31 sätt
741 593 46 30 än
826 600 138 35 genom
995 590 220 47 avsättning
1242 590 56 35 till
1327 590 219 35 reseryvfond
1576 595 39 30 är
1645 591 182 35 utesluten

238 638 57 34 för
335 638 117 35 andra
494 639 229 48 sparbanker
764 645 47 30 än
840 639 150 47 sådana,
1020 640 118 36 vilkas
1170 641 261 36 reservfonder
1460 642 99 46 eller,
1589 642 11 35 i
1629 642 94 35 visst
1752 643 76 45 fall,

238 690 286 47 sammanlagda
552 691 139 47 grund-
713 691 68 35 och
801 691 264 37 reservfonder
1084 693 189 47 överstiga
1293 692 50 37 tio
1363 699 155 42 procent
1540 707 44 21 av
1604 693 225 36 insättarnas

237 740 231 49 behållning,
497 743 128 36 varför
654 743 183 47 styrelsen
866 743 210 48 ifrågasatt,
1107 749 54 31 att
1189 750 52 30 ett
1269 745 135 36 sådant
1432 745 137 48 tillägg
1589 746 55 35 till
1665 746 164 47 lagrum-

238 797 74 31 met
349 789 115 40 borde
493 798 123 44 göras,
647 800 54 30 att
730 794 103 49 dylik
862 795 199 48 möjlighet
1089 795 180 37 bereddes
1298 801 95 32 även
1423 797 133 48 övriga
1585 796 242 50 sparbanker.

364 844 401 50 Föreningsstyrelsen
794 847 68 35 har
890 846 130 36 härom
1038 847 135 36 .anfört
1201 848 183 48 följande:

367 921 125 32 »Sedan
525 922 118 40 många
677 923 209 40 sparbanker,
922 923 84 31 efter
1038 925 48 30 att
1109 923 86 32 hava
1219 924 53 31 vid
1296 924 58 32 sitt
1377 925 263 41 grundläggande
1663 926 87 32 varit
1774 927 54 31 be-

235 964 116 32 roende
375 975 41 21 av
439 965 102 40 gåvor
564 965 50 32 till
637 966 204 32 bestridande
867 977 40 21 av
940 966 72 32 sina
1034 967 175 32 kostnader
1233 968 60 31 och
1317 968 151 32 mötande
1493 979 40 21 av
1556 970 183 31 eventuella
1762 970 65 31 för-

234 1008 109 39 luster,
369 1008 116 32 vunnit
508 1009 60 31 den
591 1009 124 41 styrka,
752 1011 50 30 att
836 1010 38 31 de
898 1020 83 30 egna
1005 1011 134 38 medlen,
1165 1011 276 39 reservfonderna,
1467 1013 139 40 ansågos
1630 1012 199 42 tillräckliga

234 1052 50 31 för
306 1052 140 32 nämnda
469 1052 158 39 ändamål,
652 1053 198 32 framträdde
874 1053 61 33 den
958 1054 178 40 meningen,
1162 1057 49 30 att
1234 1055 193 42 vinstmedel
1446 1056 106 32 kunde
1569 1057 164 32 användas
1747 1061 82 28 även

233 1095 50 32 till
307 1096 100 31 andra
430 1096 250 41 allmännyttiga
704 1097 78 32 eller
804 1097 197 41 välgörande
1026 1098 157 32 ändamål.
1229 1099 30 31 A
1294 1099 100 32 andra
1413 1099 91 32 sidan
1527 1100 129 41 gjordes
1679 1101 149 40 gällande

234 1139 60 32 den
317 1139 137 40 åsikten,
480 1141 50 31 att
554 1151 38 21 en
615 1141 180 41 sparbanks
818 1141 103 32 medel
945 1141 73 32 icke
1041 1142 98 32 borde
1173 1143 33 31 få
1230 1143 165 32 användas
1418 1144 51 31 för
1492 1146 99 30 annat
1615 1144 148 32 ändamål
1787 1149 41 27 än

233 1183 144 32 bankens
401 1185 82 40 eget,
507 1183 51 33 till
581 1184 199 33 insättarnas
803 1196 86 30 gagn
913 1185 62 32 och
998 1185 50 32 till
1072 1187 255 40 uppmuntrande
1351 1187 61 32 och
1435 1187 212 32 befordrande
1672 1200 41 20 av
1736 1199 91 30 spar-

233 1227 168 32 samheten
437 1228 134 32 särskilt
605 1228 96 32 bland
735 1229 38 32 de
807 1229 124 32 mindre
960 1229 194 33 bemedlade.
1201 1231 113 31 Denna
1337 1231 94 41 fråga
1456 1233 138 40 upptogs
1618 1243 41 20 av
1682 1232 144 40 lagstift-

232 1270 128 41 ningen,
384 1281 70 22 som
477 1273 74 39 gått
574 1282 39 21 en
635 1272 179 41 medelväg,
839 1272 212 41 medgivande
1089 1274 242 41 sparbankerna
1354 1277 68 29 rätt
1445 1277 50 30 att
1519 1275 108 32 utdela
1650 1276 103 32 medel
1776 1276 51 32 till

232 1314 201 32 främmande
457 1315 159 39 ändamål,
640 1326 74 21 men
736 1316 73 32 med
833 1316 59 32 allt
914 1327 70 21 mer
1007 1317 134 41 skärpta
1164 1317 274 41 inskränkningar
1460 1318 10 32 i
1487 1319 102 32 denna
1600 1320 76 31 rätt.
1701 1320 124 31 Bakom

232 1358 294 41 sparbankslagens
553 1361 37 29 15
615 1359 17 41 $
655 1359 105 41 ligger
782 1359 68 32 helt
873 1360 84 32 visst
981 1362 48 30 ett
1052 1360 136 33 intresse
1216 1361 50 32 för
1289 1361 181 33 insättarne
1487 1363 59 31 och
1563 1363 263 41 sparsamhetens

232 1401 221 39 befordrande,
493 1402 60 32 och
591 1402 90 32 detta
715 1403 137 32 intresse
886 1403 60 32 har
969 1404 138 32 kommit
1129 1404 50 32 till
1202 1405 134 41 uttryck
1359 1405 10 31 i
1393 1406 194 40 stadgandet
1611 1408 59 37 att,
1694 1407 51 31 för
1768 1417 56 21 an-

232 1445 163 41 vändning
433 1457 41 20 av
512 1447 36 31 så
583 1448 49 30 att
666 1450 79 37 säga
776 1447 274 39 överflödsmedel,
1075 1448 11 31 i
1108 1448 103 32 första
1234 1449 86 31 hand
1343 1449 153 32 hänvisas
1519 1450 50 32 till
1592 1451 167 31 väckande
1784 1461 41 22 av

232 1489 59 32 och
315 1489 252 32 underhållande
591 1489 134 33 särskilt
757 1491 59 32 hos
849 1491 125 32 mindre
1008 1492 185 32 bemedlade
1216 1492 158 33 insättare
1399 1504 41 21 av
1463 1493 65 41 håg
1551 1494 50 32 till
1625 1494 84 32 ökad
1732 1505 91 31 spar-

231 1533 136 32 samhet.
413 1534 50 31 En
486 1534 100 32 sådan
609 1534 206 41 användning
838 1534 134 33 innebär
996 1537 48 30 ett
1067 1536 200 41 fullföljande
1292 1548 41 20 av
1356 1537 259 41 sparbankernas
1639 1540 74 39 eget
1725 1539 99 31 ända-

230 1577 74 39 mål,
330 1577 60 32 och
414 1578 51 31 för
489 1578 90 32 detta
602 1578 149 32 ändamål
774 1579 79 32 böra
876 1579 65 32 alla
964 1579 199 42 sparbanker
1187 1580 110 32 verka.
1343 1581 64 31 Vid
1422 1581 236 41 hänvisningen
1674 1582 50 32 till
1734 1582 91 32 detta

231 1621 150 32 ändamål
419 1621 161 41 förbisågs
618 1622 188 39 emellertid,
849 1625 50 30 att
936 1623 259 41 ifrågavarande,
1229 1625 58 31 där
1320 1624 135 42 intagna
1482 1625 170 33 föreskrift
1686 1627 137 31 träffade

230 1664 114 32 endast
368 1665 38 31 de
429 1666 208 41 sparbanker,
662 1676 69 22 som
754 1666 83 32 hade
861 1667 292 33 överskottsmedel
1178 1668 81 41 (mer
1282 1672 40 28 än
1349 1670 38 31 10
1410 1671 135 39 procent
1568 1681 41 20 av
1625 1669 199 33 insättarnas

229 1708 209 41 behållning),
464 1709 61 32 och
549 1711 50 30 att
622 1710 101 31 därav
745 1710 107 32 kunde
875 1711 119 40 dragas
1018 1711 60 32 den
1101 1712 185 39 slutsatsen,
1311 1713 51 31 att
1396 1713 38 31 de
1458 1713 100 32 andra
1581 1714 243 40 sparbankerna

231 1752 80 40 (mer
335 1757 40 27 än
398 1752 98 32 halva
520 1753 136 41 antalet)
682 1754 28 41 ej
735 1754 103 31 skulle
861 1754 34 32 få
918 1759 81 36 göra
1023 1755 135 41 utgifter
1181 1756 51 31 för
1254 1756 221 41 befrämjande
1499 1768 41 20 av
1563 1757 58 32 sitt
1638 1759 74 39 eget
1725 1758 98 32 ända-

230 1796 74 31 mål.
351 1795 62 32 Till
448 1796 91 32 detta
573 1796 202 33 förbiseende
809 1798 113 41 gjorde
956 1809 76 21 man
1059 1798 51 41 sig
1133 1801 27 40 ej
1186 1799 139 42 skyldig,
1351 1800 40 32 då
1414 1801 61 31 den
1498 1801 105 31 finska
1626 1802 196 40 sparbanks-

229 1839 104 41 lagen,
359 1840 72 32 med
455 1840 234 33 efterbildande
713 1852 41 21 av
778 1842 60 31 den
861 1842 150 38 svenska,
1037 1843 123 32 skrevs.
1207 1844 14 30 I
1249 1843 61 32 den
1332 1844 106 32 finska
1460 1844 95 41 lagen
1578 1846 138 31 uteslöts
1740 1856 83 21 ovan

229 1883 142 32 citerade
393 1884 237 39 bestämmelse,
654 1884 104 33 vilket
780 1885 69 32 helt
871 1885 84 33 visst
979 1886 71 32 icke
1073 1886 138 33 berodde
1234 1888 110 41 därpå,
1370 1889 49 31 att
1443 1889 292 32 överskottsmedel
1750 1889 73 32 icke

229 1927 97 32 borde
365 1928 166 32 användas
568 1928 51 32 till
657 1929 257 41 uppmuntrande
953 1941 41 20 av
1026 1931 254 41 sparsamheten,
1306 1933 78 30 utan
1408 1932 109 42 därpå,
1543 1934 50 31 att
1617 1937 82 28 även
1723 1933 99 32 andra

228 1971 145 32 bankens
395 1972 105 32 medel
523 1972 97 32 borde
644 1972 34 32 få
701 1973 100 32 sådan
825 1973 216 42 användning.

357 2015 15 32 I
406 2026 39 21 en
478 2016 207 41 synnerligen
719 2017 87 40 bjärt
839 2017 172 42 belysning
1044 2018 146 32 kommer
1218 2019 123 32 verkan
1365 2030 41 21 av
1430 2030 42 21 nu
1496 2020 213 32 omförmälda
1732 2021 89 32 stad-

227 2059 105 40 gande
366 2070 117 30 genom
518 2060 141 41 följande
693 2060 153 32 rättsfall.
893 2062 50 31 kEn
978 2062 163 41 sparbank
1164 2062 105 33 beslöt
1291 2063 54 31 vid
1369 2065 48 30 ett
1440 2063 59 33 sitt
1518 2064 157 41 jubileum
1699 2066 50 30 att
1772 2065 49 31 in-

228 2104 87 31 sätta
339 2114 39 21 en
400 2103 104 32 krona
528 2104 19 31 å
570 2114 39 22 en
631 2114 60 21 var
715 2115 41 21 av
779 2106 95 37 2,000
899 2105 302 41 sparbanksböcker
1224 2108 51 30 att
1299 2107 125 32 utdelas
1448 2107 96 32 bland
1567 2108 252 32 folkskolebarn.

227 2146 196 42 Konungens
447 2147 341 41 befallningshavande
811 2149 143 40 vägrade
978 2149 210 32 fastställelse
1213 2151 19 31 å
1254 2150 150 32 beslutet.
1444 2151 210 42 Sparbanken
1670 2152 81 40 ägde
1768 2152 53 32 vid

224 2189 263 41 jubileumsårets
521 2191 66 32 slut
614 2192 113 32 fonder
749 2192 51 31 till
823 2192 116 42 belopp
963 2193 120 32 kronor
1107 2194 202 38 889,667:77
1336 2195 113 41 (därav
1472 2195 120 33 kronor
1619 2197 145 39 150,547:
1779 2199 40 30 36

226 2234 251 45 pensionsfond),
503 2234 198 35 insättarnas
724 2236 185 43 behållning
932 2237 120 32 kronor
1077 2238 180 39 8,763,900:
1272 2239 50 32 08,

1878 447 155 29 Sparbanks-

1870 482 161 29 JSöreningen.
