1904 2828
541 155 303 32 Bankoutskottets
872 156 177 31 utlåtande
1073 156 50 31 Nr
1149 158 48 29 32.
1614 149 14 30 I

793 486 59 40 Nr
880 486 65 41 32.

654 598 109 23 Ankom
781 598 41 23 till
842 598 155 30 riksdagens
1015 598 89 23 kansli
1123 599 51 23 den
1193 596 31 25 31
1245 604 72 17 mars
1336 595 65 26 1938
1420 597 35 24 kl.
1475 596 14 24 2
1508 604 20 17 e.
1549 604 35 17 m.

339 700 194 38 Utlåtande,
552 703 10 28 i
580 701 186 37 anledning
783 711 41 21 av
843 703 91 29 vissa
952 701 299 38 framställningar
1270 701 147 30 rörande
1436 700 189 31 understöd

560 751 35 30 åt
614 752 231 37 efterlevande
867 752 51 30 till
939 753 91 29 vissa
1051 753 11 29 i
1080 754 129 28 statens
1231 753 107 35 tjänst
1357 751 172 31 anställda
1550 761 74 27 per-

559 811 101 20 soner
687 811 44 21 m.
758 802 36 37 fl.

160 901 291 31 Bankoutskottet
468 902 57 31 får
539 903 147 30 härmed
702 903 122 36 avgiva
840 903 180 31 utlåtande
1037 904 81 29 över
1134 904 272 29 nedannämnda
1424 903 51 30 till
1492 903 132 30 utskot-

116 954 46 28 tet
184 952 191 30 hänvisade
397 952 299 37 framställningar
719 953 148 31 rörande
890 954 192 30 understöd
1106 953 34 30 åt
1164 953 232 31 efterlevande
1421 953 52 30 till
1496 953 93 31 vissa
1614 953 11 30 i

116 1004 129 28 statens
266 1001 108 37 tjänst
394 1003 174 30 anställda
588 1012 164 27 personer
771 1013 45 20 m.
837 1003 37 30 fl.

160 1051 226 31 Beträffande
404 1052 230 37 utredningen
654 1053 11 30 i
684 1054 42 29 de
746 1053 162 36 ärenden,
929 1063 75 21 som
1025 1054 193 30 behandlas
1241 1054 11 30 i
1270 1054 204 36 utlåtandet,
1497 1054 56 31 får
1572 1057 51 27 ut-

117 1101 135 36 skottet,
273 1102 11 29 i
303 1102 65 30 den
387 1101 83 32 mån
489 1103 215 35 redogörelse
722 1103 11 30 i
753 1104 56 29 det
829 1103 157 36 följande
1007 1103 31 37 ej
1059 1104 145 35 lämnas,
1224 1104 147 31 hänvisa
1388 1104 51 30 till
1460 1105 162 30 vederbö-

117 1151 107 30 rande
241 1151 256 37 propositioner
514 1153 66 30 och
598 1153 181 30 motioner.

511 1315 53 40 A.
620 1315 138 40 Civila
781 1317 434 50 pensionsväsendet.

839 1434 63 29 1:0.

355 1460 7 10 .

159 1497 312 31 Folkskolläraren
496 1499 137 30 Anders
656 1500 163 30 Ehrnells
845 1501 105 29 änka.
997 1501 14 29 I
1038 1510 43 21 en
1105 1501 68 30 den
1199 1502 19 29 4
1245 1501 158 30 februari
1429 1502 84 30 1938
1539 1502 81 35 dag-

116 1549 148 29 tecknad
285 1549 215 36 proposition
521 1559 42 21 nr
585 1550 59 30 121
667 1551 65 29 har
753 1550 122 37 Kungl.
896 1550 113 37 Maj:t,
1030 1551 111 30 under
1161 1550 221 38 åberopande
1404 1560 43 22 av
1467 1551 156 37 proposi-

115 1598 117 30 tionen
257 1598 107 37 bilagt
387 1599 125 36 utdrag
536 1609 43 21 av
603 1600 377 36 statsrådsprotokollet
1005 1602 82 29 över
1112 1601 271 31 finansärenden
1407 1601 56 31 för
1489 1611 136 21 samma

116 1648 75 36 dag,
216 1648 176 37 föreslagit
412 1649 185 37 riksdagen
620 1650 168 36 medgiva,
811 1653 48 28 att
881 1651 293 31 folkskolläraren
1196 1652 132 30 Anders
1350 1651 160 31 Ehrnells
1531 1653 94 30 änka

117 1697 99 31 Anna
238 1697 110 32 Maria
370 1698 152 37 Ehrnell,
547 1699 86 31 född
655 1699 159 37 Jonsson,
837 1700 59 31 må
916 1701 126 30 räknat
1064 1701 79 31 från
1166 1703 66 29 och
1254 1703 79 29 med
1355 1703 66 30 den
1447 1704 14 28 1
1487 1703 137 36 augusti

119 1748 82 30 1937
224 1748 80 30 från
329 1751 128 28 statens
481 1750 294 35 pensionsanstalt
798 1750 132 32 erhålla
952 1751 156 36 pension,
1133 1751 116 31 såsom
1274 1762 57 20 om
1354 1753 158 36 punkten
1536 1754 20 30 8
1581 1763 43 21 av

116 1797 499 37 övergångsbestämmelserna
646 1800 51 30 till
729 1801 43 29 IV
805 1800 145 37 kapitlet
981 1802 9 28 i
1026 1802 188 30 anstaltens
1247 1803 206 36 reglemente
1485 1804 88 30 varit
1604 1803 21 31 å

116 1848 112 29 henne
250 1848 191 36 tillämplig.

160 1946 48 30 Av
230 1947 256 36 handlingarna
508 1948 10 29 i
541 1949 141 30 ärendet
704 1950 184 35 inhämtas,

160 1999 49 27 att
236 1996 291 32 folkskolläraren
557 1999 142 30 Ehrnell
728 2009 62 20 var
817 2000 85 30 född
932 2001 65 29 den
1029 2002 40 29 28
1099 2003 188 29 november
1317 2003 81 30 1867
1429 2004 66 29 och
1524 2004 100 30 avled

115 2046 66 30 den
208 2047 17 29 7
249 2046 76 36 juni
352 2048 95 34 1904;

160 2099 49 27 att
233 2097 81 35 han,
340 2097 87 30 efter
449 2101 51 27 tre
524 2099 181 31 terminers
733 2100 227 37 tjänstgöring
984 2110 77 21 som
1087 2102 111 30 lärare
1225 2103 58 30 vid
1307 2104 135 30 mindre
1469 2104 154 31 folksko-

115 2146 33 30 la
168 2146 9 30 i
195 2146 77 31 Idre
291 2147 225 37 skoldistrikt,
538 2148 199 37 tjänstgjort
755 2149 114 31 såsom
887 2150 266 32 småskollärare
1173 2153 9 29 i
1201 2148 183 36 Älvdalens
1403 2155 216 30 skoldistrikt

115 2196 110 30 under
245 2197 93 30 tiden
365 2198 361 31 1892—vårterminen
754 2199 81 30 1902
858 2201 65 29 och
947 2211 41 20 en
1011 2202 53 29 del
1087 2211 42 21 av
1152 2203 249 31 höstterminen
1426 2206 81 29 1902
1531 2208 89 27 samt

117 2244 113 30 såsom
252 2245 239 32 vikarierande
512 2248 264 31 folkskollärare
797 2249 10 30 i
829 2250 77 30 Idre
928 2251 215 31 skoldistrikt
1167 2253 35 28 11
1229 2253 124 30 veckor
1374 2254 250 31 höstterminen

120 2296 92 35 1902,
233 2296 41 30 30
295 2297 124 30 veckor
440 2297 38 30 år
500 2299 83 29 1903
604 2300 65 28 och
693 2300 38 28 19
753 2301 125 29 veckor
897 2300 232 31 vårterminen
1151 2303 93 36 1904,
1268 2303 114 31 vilken
1402 2304 217 31 sistnämnda

117 2344 186 31 vårtermin
325 2347 133 30 slutade
481 2347 65 30 den
568 2349 40 28 22
631 2348 70 37 maj
729 2349 95 35 1904;

161 2397 48 27 att
228 2395 69 29 han
318 2396 66 29 den
405 2397 16 28 7
441 2397 154 30 februari
619 2398 81 29 1904
720 2399 116 29 valdes
857 2399 49 30 till
926 2400 173 30 ordinarie
1122 2401 264 31 folkskollärare
1408 2403 6 29 i
1440 2404 74 30 Idre
1532 2405 91 29 skol-

119 2444 137 30 distrikt
276 2445 78 30 från
375 2447 65 29 och
461 2448 79 29 med
561 2447 66 30 den
650 2449 13 28 1
686 2448 63 35 juli
772 2459 134 20 samma
929 2450 51 34 år;

162 2508 110 31 Bihang
293 2509 41 24 till
355 2510 167 31 riksdagens
546 2512 144 30 protokoll
714 2514 74 23 1938.
817 2514 15 22 8
850 2513 74 23 saml.
963 2515 39 22 Nr
1019 2515 39 23 32.
1579 2517 10 24 1
