1900 2830
541 155 306 31 Bankoutskottets
872 154 176 30 utlåtande
1074 154 48 30 Nr
1144 155 48 29 32.
1581 146 35 29 11

113 242 209 37 tjänsteman
350 241 9 30 i
389 242 38 29 19
454 239 221 39 lönegraden)
710 239 20 30 å
760 239 261 30 landskontoret
1047 238 110 30 under
1184 237 94 30 tiden
1303 236 154 30 därefter
1485 235 52 31 till
1561 235 55 30 sin

111 293 79 35 död,
222 292 111 30 under
364 291 115 30 vilken
509 290 216 31 sistnämnda
758 289 210 36 anställning
998 289 72 29 han
1101 287 170 30 innehade
1304 285 262 31 förordnanden
1596 283 21 31 å

112 343 105 35 högre
239 341 193 36 befattning
452 341 147 37 tillhopa
619 340 161 35 omkring
802 341 18 28 2
842 337 38 32 år
903 340 37 29 11
963 337 180 36 månader;

156 396 48 27 att
227 393 71 30 han
323 390 114 32 såsom
459 392 176 29 närmaste
657 390 167 35 anhöriga
847 388 252 31 efterlämnade
1121 389 116 29 änkan
1261 387 111 36 Agnes
1395 386 102 31 Greta
1520 385 96 31 Laila

113 443 128 36 Rydén,
267 442 85 31 född
375 442 174 36 Kullberg,
574 441 114 30 vilken
712 441 40 29 är
773 440 85 30 född
879 440 69 29 den
971 440 40 29 22
1038 438 193 37 september
1255 438 93 35 1898,
1372 440 91 27 samt
1484 437 133 30 barnen

114 493 70 30 Eva
207 493 137 30 Gunilla
368 492 110 36 Elida,
500 491 87 30 född
608 491 66 30 den
700 492 39 29 19
761 490 139 37 januari
925 490 94 35 1933,
1044 489 65 30 och
1131 489 104 30 Ernst
1257 482 71 36 Åke
1349 487 160 36 Vilhelm,
1532 486 86 31 född

114 544 64 29 den
205 544 38 29 15
266 542 64 38 juli
353 543 97 33 1934;

158 597 48 27 att
230 593 328 37 bouppteckningen
584 592 86 30 efter
696 592 120 36 Rydén
843 591 131 30 utvisar
998 590 99 36 brist;

158 647 88 27 samt
267 647 49 27 att
338 643 149 31 änkefru
508 643 120 36 Rydén
651 642 148 30 innehar
820 641 210 36 anställning
1050 640 80 30 med
1150 638 384 38 halvtidstjänstgöring
1554 638 64 30 hos

112 693 360 38 systemaktiebolaget
495 693 11 30 i
528 693 112 35 Lund,
662 692 56 30 för
739 692 116 30 vilken
877 690 212 37 anställning
1112 691 72 29 hon
1205 690 137 37 uppbär
1364 699 43 21 en
1429 689 58 30 lön
1510 698 42 21 av
1577 689 40 30 87

113 745 129 30 kronor
260 745 41 30 50
318 745 58 30 öre
394 744 56 30 för
466 742 131 31 månad
615 743 106 37 jämte
736 741 255 37 dyrtidstillägg
1006 740 107 37 enligt
1130 740 55 30 för
1200 739 344 37 befattningshavare
1562 738 58 30 vid

114 798 127 28 statens
265 794 198 37 oreglerade
485 794 83 30 verk
593 793 159 36 gällande
774 792 160 37 grunder.

156 845 94 30 Enär
274 845 118 36 Rydén
417 844 120 30 avlidit
561 843 76 30 före
660 843 292 30 ikraftträdandet
970 842 66 30 den
1064 842 14 29 1
1103 841 63 36 juli
1195 842 80 29 1937
1300 850 43 21 av
1366 841 179 29 allmänna
1569 839 50 31 fa-

113 895 492 37 miljepensionsreglementet,
646 895 59 29 äro
744 894 89 29 hans
872 892 234 31 efterlevande
1135 892 75 30 icke
1240 891 211 36 berättigade
1485 889 135 37 åtnjuta

112 946 142 35 pension
273 946 103 35 enligt
395 945 93 30 detta
507 945 216 35 reglemente.

157 1038 170 29 Utskottet
350 1037 209 34 hemställer,

464 1123 49 27 att
538 1120 184 35 riksdagen
748 1119 58 30 må
827 1119 121 30 bifalla
972 1119 123 35 Kungl.
1119 1118 118 36 Maj:ts
1262 1118 229 29 förevarande
1515 1117 105 29 fram-

419 1170 173 36 ställning.

824 1288 85 29 11:0.

159 1356 246 35 Redogöraren
442 1356 66 29 hos
545 1357 133 28 statens
713 1353 488 32 arbetslöshetskommission
1227 1353 106 31 Gösta
1360 1352 104 31 Albin
1489 1353 132 29 Anner-

115 1407 104 30 feldts
238 1407 101 30 barn.
380 1407 13 29 I
416 1407 156 36 punkten
592 1407 19 30 8
631 1417 41 20 av
694 1406 228 30 förevarande
944 1404 215 38 proposition
1179 1406 64 29 har
1263 1404 123 36 Kungl.
1408 1402 102 37 Maj:t
1530 1403 88 45 före-

114 1458 97 36 slagit
231 1458 185 36 riksdagen
436 1457 169 36 medgiva,
627 1460 49 26 att
698 1460 75 26 vart
794 1457 65 29 och
880 1459 47 27 ett
946 1466 42 20 av
1010 1456 229 36 redogöraren
1261 1456 63 29 hos
1346 1457 128 28 statens
1496 1454 127 29 arbets-

113 1508 358 30 löshetskommission
492 1507 103 30 Gösta
614 1507 102 30 Albin
735 1507 221 30 Annerfeldts
976 1507 66 29 och
1062 1507 88 29 hans
1170 1505 250 31 efterlämnade
1439 1505 93 30 änka
1553 1504 71 30 Hil-

114 1559 43 30 da
175 1558 177 31 Charlotta
367 1558 231 34 Annerfeldts,
616 1558 84 29 född
718 1558 178 35 Mattsson,
914 1556 231 37 minderåriga
1162 1558 87 28 barn
1263 1556 101 30 Berta
1379 1555 95 31 Sofia
1488 1554 135 35 Hillevi,

115 1609 107 30 Britta
243 1609 136 30 Andréa
400 1609 66 30 och
490 1608 133 30 Barbro
645 1608 124 30 Albina
792 1607 56 31 må
870 1607 79 31 från
971 1608 66 29 och
1061 1608 79 29 med
1162 1608 66 29 den
1239 1601 21 47 1
1291 1606 64 36 juli
1380 1607 81 29 1937
1485 1605 52 30 till
1559 1605 66 30 och

115 1661 77 29 med
213 1659 172 37 utgången
406 1669 42 21 av
469 1660 56 29 det
547 1658 214 36 kalenderår,
784 1659 172 30 varunder
976 1659 123 29 barnet
1119 1657 137 37 uppnår
1281 1658 38 29 18
1340 1656 56 31 års
1418 1656 105 36 ålder,
1546 1655 78 30 från

115 1711 152 36 anslaget
283 1711 51 29 till
350 1710 132 30 diverse
499 1710 183 36 pensioner
695 1710 68 29 och
780 1710 188 29 understöd
985 1719 45 20 m.
1049 1719 44 20 m.
1110 1709 158 36 uppbära
1286 1711 46 27 ett
1350 1707 100 36 årligt
1467 1706 157 38 uppfost-

116 1761 216 37 ringsbidrag
350 1760 20 31 å
389 1761 63 29 300
473 1761 140 29 kronor.

160 1859 47 29 Av
226 1857 256 36 handlingarna
503 1856 9 29 i
531 1855 141 30 ärendet
693 1855 185 34 inhämtas,

160 1912 47 26 att
225 1907 203 31 Annerfeldt
445 1916 60 20 var
523 1906 86 30 född
628 1906 64 29 den
714 1906 38 28 10
771 1904 70 37 maj
864 1905 82 29 1895
965 1903 66 30 och
1049 1903 98 29 avled
1166 1903 65 29 den
1250 1903 19 28 9
1287 1900 76 37 juni
1385 1902 96 34 1937;

160 1962 48 26 att
228 1958 81 35 han,
333 1966 73 21 som
427 1957 111 29 under
559 1956 94 29 tiden
675 1957 19 28 8
717 1954 153 30 februari
895 1954 170 29 1915—31
1090 1953 144 29 oktober
1259 1953 82 29 1918
1364 1950 172 30 innehade
1559 1949 68 30 fast

117 2008 209 36 anställning
355 2007 57 30 vid
442 2007 135 30 Vendes
607 2005 346 36 artilleriregemente,
984 2013 60 21 var
1075 2003 149 30 anställd
1253 2002 57 30 vid
1341 2002 102 30 södra
1474 2000 152 37 Sveriges

117 2059 226 29 statsarbeten
363 2057 110 30 under
494 2056 93 30 tiden
613 2057 38 29 15
672 2055 136 36 augusti
832 2055 171 29 1922—30
1025 2052 75 37 juni
1124 2054 83 29 1924
1229 2055 88 27 samt
1339 2053 63 29 hos
1425 2054 128 27 statens
1575 2059 52 21 ar-

118 2107 433 32 betslöshetskommission
572 2106 110 30 under
703 2106 94 30 tiden
821 2106 17 29 5
861 2105 180 30 mars—10
1064 2104 191 35 september
1280 2103 82 29 1925
1385 2102 66 30 och
1473 2100 80 31 från
1576 2101 48 29 in-

118 2159 130 37 gången
270 2169 42 20 av
332 2158 38 31 år
392 2159 84 29 1926
497 2158 88 30 intill
607 2157 52 29 sin
679 2157 82 35 död;

161 2213 48 27 att
228 2211 70 29 han
317 2209 109 30 under
445 2209 66 29 den
530 2208 60 34 tid,
610 2208 172 29 varunder
801 2207 70 29 han
891 2205 146 30 sålunda
1057 2203 199 37 tjänstgjort
1275 2204 56 29 vid
1352 2203 103 30 södra
1474 2203 153 35 Sveriges

118 2261 225 28 statsarbeten
367 2260 64 28 och
455 2259 63 29 hos
542 2255 529 35 arbetslöshetskommissionen,
1097 2255 157 29 innehaft
1277 2254 93 29 olika
1393 2252 235 35 befattningar

120 2308 111 31 såsom
256 2309 214 36 platsledare,
495 2307 206 30 biträdande
725 2306 214 36 platsledare,
964 2305 204 34 redogörare
1194 2314 44 19 m.
1263 2313 58 25 m.;

163 2363 45 26 att
237 2361 88 28 hans
353 2357 358 35 avlöningsförmåner
741 2356 77 30 från
846 2356 135 35 augusti
1012 2356 82 28 1932
1123 2354 175 36 utgjordes
1326 2363 42 20 av
1396 2353 147 29 kontant
1570 2353 57 28 lön

120 2410 75 29 med
216 2410 63 29 425
301 2409 127 29 kronor
450 2408 8 29 i
481 2407 171 30 månaden
672 2406 107 36 jämte
801 2406 42 29 fri
865 2406 123 29 bostad
1009 2406 65 28 och
1096 2404 189 34 vedbrand;

163 2463 45 26 att
229 2461 69 28 han
318 2459 55 29 vid
392 2459 51 29 sin
463 2459 68 29 död
551 2457 113 30 såsom
684 2457 293 34 dödsbodelägare
996 2455 249 29 efterlämnade
1264 2454 115 29 änkan
1401 2453 103 29 Hilda
1524 2452 104 30 Char-
