1892 2824
128 2254 128 25 Utskottet.

290 167 39 28 24
718 169 304 31 Bankoutskottets
1048 168 176 31 utlåtande
1248 167 49 30 Nr
1325 168 47 29 32.

284 254 69 37 "ligt
372 254 228 30 skrivbiträde
618 254 110 29 under
746 253 93 30 tiden
860 254 14 29 1
896 252 135 36 augusti
1053 252 171 30 1914—30
1244 251 191 36 september
1458 250 92 35 1916,
1570 248 116 31 såsom
1705 251 94 27 extra

285 306 179 29 "kontorist
483 305 109 30 under
611 304 93 30 tiden
723 305 14 29 1
760 304 228 30 oktober—31
1012 303 180 30 december
1217 302 82 30 1916
1321 303 65 29 och
1409 301 113 30 såsom
1543 299 171 31 kontorist
1733 309 61 19 un-

293 356 61 30 der
375 356 92 30 tiden
491 356 13 29 1
526 354 139 36 januari
689 355 145 29 1917—1
857 353 63 37 juli
943 354 93 35 1928,
1057 353 116 29 vilken
1196 352 215 31 sistnämnda
1434 352 66 36 dag
1520 351 70 29 han
1611 349 121 37 avgick
1755 359 40 20 ur

293 405 108 37 tjänst
424 406 77 30 med
525 404 239 37 sjukpension;

338 459 50 28 att
407 457 69 29 han
495 456 56 30 vid
571 456 53 29 sin
646 456 68 30 död
734 455 247 30 efterlämnade
1002 455 118 29 änkan
1140 454 106 29 Tekla
1267 452 109 31 Maria
1397 451 154 31 Josefina
1573 451 226 30 Söderström,

296 508 85 29 född
400 507 176 36 Forsberg,
597 506 114 30 vilken
730 507 37 29 är
786 506 85 30 född
892 506 65 29 den
976 506 41 29 29
1038 505 88 36 april
1149 505 92 34 1878,
1262 507 89 26 samt
1371 512 105 20 sonen
1495 502 85 30 Lars
1600 501 95 35 Erik,
1716 500 84 30 född

295 558 66 30 den
378 558 19 29 6
414 558 142 29 oktober
576 558 96 34 1923;

339 611 50 27 att
406 607 325 37 bouppteckningen
750 607 85 30 efter
854 606 216 30 Söderström
1088 605 156 30 utvisade
1262 614 43 20 en
1325 604 85 30 brist
1429 612 42 21 av
1490 603 60 29 611
1572 603 143 34 kronor;

339 661 50 28 att
406 658 147 31 änkefru
573 658 215 30 Söderström
806 657 76 30 icke
899 655 151 38 åtnjuter
1067 655 145 37 pension
1229 654 79 31 från
1329 657 127 27 statens
1474 652 204 38 järnvägars
1697 652 103 30 änke-

294 710 67 29 och
380 709 223 37 pupillkassa,
624 709 83 29 enär
725 717 152 21 mannen
897 706 114 31 såsom
1030 705 210 38 tjänsteman
1260 705 58 30 vid
1339 707 127 27 statens
1486 703 315 37 järnvägsbyggna-

295 760 60 30 der
374 760 74 30 icke
467 760 133 29 kunnat
618 759 105 30 vinna
741 758 210 36 delaktighet
968 757 10 30 i
997 758 141 34 kassan;

341 813 89 27 samt
447 813 48 27 att
512 809 149 31 änkefru
680 809 215 30 Söderström
913 808 103 36 enligt
1036 810 46 28 ett
1100 817 43 20 av
1160 806 328 30 överbanmästaren
1506 804 57 30 vid
1583 803 219 31 Stockholms

295 861 130 30 central
448 861 65 30 den
531 861 46 29 :14
601 860 180 30 december
806 860 81 30 1937
911 858 156 30 utfärdat
1092 858 95 36 intyg
1209 857 168 29 alltsedan
1401 856 66 30 den
1493 856 38 29 15
1554 853 140 38 januari
1719 853 83 30 1936

296 910 211 38 ombesörjer
532 911 205 35 städningen
763 919 42 20 av
830 907 525 37 överbanmästarexpeditionen
1381 905 178 31 därstädes
1586 907 72 28 mot
1684 914 42 20 en
1753 913 49 20 er-

296 962 152 37 sättning
467 971 41 20 av
527 962 42 30 30
590 961 129 30 kronor
740 961 53 29 för
813 959 138 31 månad.

341 1069 90 35 Över
449 1073 64 30 den
533 1071 234 37 föreliggande
785 1070 175 30 motionen
978 1069 63 30 har
1059 1068 165 30 utskottet
1242 1067 10 30 i
1270 1066 214 36 vederbörlig
1503 1064 148 36 ordning
1670 1063 133 31 inhäm-

295 1127 50 27 tat
367 1122 177 32 utlåtande
567 1131 43 21 av
633 1122 255 34 statskontoret,
913 1129 74 21 som
1009 1120 80 29 hört
1112 1117 340 37 järnvägsstyrelsen.

340 1173 338 36 Järnvägsstyrelsen
697 1173 64 29 har
780 1171 125 35 anfört,
926 1173 48 27 att
995 1170 67 30 den
1082 1168 308 36 omständigheten,
1412 1169 48 27 att
1481 1166 217 30 Söderström
1718 1159 86 45 varit

295 1225 152 31 anställd
463 1224 57 30 vid
538 1226 129 27 statens
686 1222 162 37 järnvägs
865 1221 200 37 byggnader
1083 1219 75 30 icke
1177 1219 9 29 i
1204 1219 65 29 och
1288 1218 54 29 för
1363 1217 50 37 sig
1430 1217 107 30 borde
1554 1216 150 30 utesluta
1722 1215 82 29 hen-

281 1285 59 21 ne
360 1275 80 30 från
461 1273 224 38 möjligheten
706 1276 49 27 att
776 1271 131 31 erhålla
929 1270 154 37 pension,
1107 1270 82 29 enär
1211 1268 95 37 dylik
1329 1266 138 31 förmån
1490 1266 144 37 tidigare
1656 1265 11 30 i
1688 1264 116 31 åtskil-

288 1327 79 35 Higa
384 1326 71 35 fall,
472 1325 61 30 där
549 1324 187 30 ömmande
751 1321 293 36 omständigheter
1061 1320 174 35 förelegat,
1252 1318 162 31 tilldelats
1432 1318 110 30 änkor
1559 1316 87 31 efter
1661 1315 140 38 tjänste-

287 1378 94 29 :män
398 1376 58 30 vid
474 1378 127 28 statens
619 1373 372 38 järnvägsbyggnader.
1012 1370 53 31 Då
1083 1370 189 31 emellertid
1291 1378 152 21 mannen
1463 1368 234 30 Söderströms
1717 1365 88 37 tjän-

299 1428 101 30 stetid
417 1426 160 31 omfattat
594 1426 144 29 allenast
756 1424 129 30 inemot
904 1423 39 30 14
961 1421 38 31 år
1018 1421 126 36 ansåge
1162 1421 49 36 sig
1229 1420 165 36 styrelsen
1412 1420 174 35 knappast
1603 1418 121 29 kunna
1741 1416 64 31 till-

299 1478 119 37 styrka
440 1476 210 37 beviljandet
671 1484 42 21 av
734 1474 144 37 pension
897 1473 11 30 i
929 1472 229 31 förevarande
1179 1471 71 30 fall.

344 1527 252 31 Statskontoret
615 1527 65 29 har
699 1525 115 31 såsom
833 1525 52 29 sin
905 1523 138 36 mening
1062 1523 134 34 uttalat,
1216 1524 49 27 att
1284 1521 10 30 i
1315 1521 61 29 fall
1397 1520 130 30 sådana
1547 1529 76 20 som
1643 1519 56 30 det
1719 1518 87 30 före-

288 1579 179 37 ;liggande,
487 1577 43 31 då
549 1576 258 31 vederbörande
827 1575 75 30 icke
921 1573 158 31 innehaft
1100 1573 79 29 med
1199 1570 367 38 familjepensionsrätt
1586 1569 146 30 förenad
1751 1569 55 29 be-

290 1629 169 37 fattning,
484 1628 54 31 för
560 1626 237 37 änkepension
820 1626 10 30 i
853 1626 89 35 regel
964 1624 97 30 torde
1083 1624 86 29 böra
1191 1622 191 37 uppställas
1408 1622 85 29 krav
1516 1620 45 37 på
1583 1622 50 28 att
1656 1627 151 22 mannen

299 1680 79 31 haft
401 1689 41 21 en
465 1678 278 36 anställningstid
766 1677 10 30 i
801 1679 127 27 statens
950 1674 107 37 tjänst
1081 1683 42 21 av
1147 1673 104 30 minst
1277 1673 38 30 15
1340 1672 48 30 år.
1435 1670 52 31 Då
1510 1679 153 22 mannen
1688 1669 119 30 Söder-

300 1732 110 29 ström
436 1730 119 30 endast
581 1728 159 31 innehaft
766 1727 114 37 statlig
905 1725 211 37 anställning
1141 1724 110 30 under
1277 1723 160 35 omkring
1467 1722 38 29 14
1531 1721 49 36 år,
1610 1723 115 34 syntes
1752 1720 56 30 det

300 1782 182 35 tveksamt,
508 1780 174 30 huruvida
708 1778 143 38 pension
876 1786 44 21 av
946 1776 198 30 statsmedel
1169 1774 107 30 borde
1303 1772 145 37 beviljas
1475 1773 10 29 i
1512 1773 92 29 detta
1632 1771 71 30 fall.
1753 1770 55 29 Att

289 1833 136 30 -märka
442 1841 79 21 vore
538 1830 199 34 emellertid,
757 1831 58 33 att,
834 1827 44 31 då
896 1827 225 34 Söderström,
1141 1835 75 20 som
1233 1824 99 30 avled
1351 1824 66 30 den
1438 1824 38 29 19
1497 1822 70 37 maj
1591 1822 94 35 1934,
1705 1822 65 29 den
1792 1822 13 27 1

301 1883 89 37 april
411 1883 81 30 1928
510 1881 122 37 avgick
652 1890 41 20 ur
713 1882 127 28 statens
858 1876 380 39 järnvägsbyggnaders
1256 1874 117 37 tjänst,
1393 1873 176 37 avgången
1588 1872 221 30 föranleddes

302 1943 42 21 av
368 1932 172 37 sjukdom,
565 1931 44 37 på
631 1931 112 36 grund
764 1939 105 21 varav
891 1928 216 31 Söderström
1129 1925 104 31 också
1255 1926 109 29 erhöll
1384 1923 240 38 sjukpension.
1670 1922 65 30 Vid
1758 1921 49 30 så-

302 1984 85 30 dant
408 1982 219 31 förhållande
648 1981 78 30 ville
748 1980 245 30 statskontoret
1015 1978 75 30 icke
1113 1977 162 30 motsätta
1297 1976 60 35 sig,
1380 1978 49 27 att
1452 1974 234 30 Söderströms
1709 1972 99 30 efter-

303 2034 161 31 lämnade
482 2034 104 29 maka
605 2032 221 30 tillerkändes
845 2033 46 27 ett
910 2029 99 37 årligt
1028 2027 199 31 understöd.
1269 2026 101 30 Detta
1389 2025 188 30 understöd
1598 2026 114 34 syntes
1731 2022 78 31 med

302 2084 304 38 hänsynstagande
632 2082 51 31 till
709 2082 41 30 de
777 2091 42 20 av
845 2089 150 22 mannen
1022 2078 161 37 åtnjutna
1209 2075 303 32 löneförmånerna
1538 2075 76 30 icke
1640 2075 86 29 böra
1753 2074 55 29 be-

304 2136 166 30 stämmas
490 2134 50 30 till
560 2134 106 36 högre
687 2133 125 36 belopp
833 2131 55 30 för
908 2130 37 31 år
966 2130 126 30 räknat
1113 2130 45 29 än
1179 2128 63 30 600
1263 2128 140 29 kronor.

349 2249 170 31 Utskottet
538 2246 153 30 biträder
711 2244 65 30 den
794 2252 44 21 av
858 2241 245 31 statskontoret
1122 2238 151 30 uttalade
1294 2236 277 37 uppfattningen,
1593 2237 49 27 att
1662 2232 147 32 änkefru

305 2299 215 31 Söderström
539 2296 155 36 skäligen
711 2295 64 29 bör
793 2293 224 29 tillerkännas
1038 2292 46 28 ett
1103 2288 99 37 årligt
1221 2287 188 30 understöd
1429 2296 42 20 av
1491 2284 208 31 statsmedel.
1743 2283 66 29 Un-

305 2348 317 37 derstödsbeloppet
646 2354 110 29 synes,
783 2343 44 38 på
851 2343 65 29 sätt
940 2341 245 30 statskontoret
1209 2337 184 36 föreslagit,
1417 2338 85 29 böra
1525 2336 212 30 bestämmas
1761 2332 50 31 till

305 2402 64 29 600
390 2401 128 29 kronor
539 2398 54 30 för
613 2396 48 31 år.
