1890 2844
555 158 275 32 Statsutskottets
855 155 177 32 utlåtande
1057 155 49 31 Nr
1127 155 71 31 230.
1588 145 41 31 85

166 247 20 29 6
210 255 106 21 mom.
363 243 227 32 Beträffande
612 242 206 36 åtnjutande
840 251 42 21 av
905 241 43 30 de
968 240 12 31 i
1006 240 84 30 1—5
1113 248 105 21 mom.
1242 236 233 32 omförmälda
1498 233 128 32 förmå-

124 306 108 22 nerna
252 296 98 31 skola
370 296 90 36 gälla
479 295 43 30 de
541 295 161 29 närmare
721 292 269 35 bestämmelser,
1012 300 75 21 som
1107 289 176 31 meddelas
1304 297 42 21 av
1368 287 125 35 Kungl.
1515 285 111 36 Maj:t.

167 348 18 30 7
210 356 106 22 mom.
363 346 98 30 Vissa
484 344 356 36 beställningshavare
862 343 64 35 äga
947 340 138 37 åtnjuta
1109 340 119 37 bidrag
1251 339 51 31 till
1324 337 304 39 representations-

124 398 187 31 kostnader
331 397 79 30 med
431 396 138 37 belopp,
592 404 75 22 som
689 394 142 37 angivas
852 393 11 30 i
884 392 237 36 vederbörliga
1144 393 114 29 stater.

168 449 20 30 8
212 458 106 21 mom.
365 448 127 30 Utöver
515 447 68 30 vad
606 446 11 30 i
641 446 93 30 detta
758 445 207 36 reglemente
988 443 200 30 förutsättes
1212 441 81 31 eller
1316 439 97 37 eljest
1436 448 43 22 av
1504 437 123 37 Kungl.

125 499 100 37 Maj:t
247 499 66 31 och
337 498 185 36 riksdagen
545 496 181 37 medgivits
749 494 59 32 må
830 494 354 36 beställningshavare
1207 492 78 30 icke
1306 490 55 32 för
1385 490 52 31 sin
1462 489 165 37 tjänstgö-

125 551 75 37 ring
222 549 137 37 åtnjuta
381 548 191 38 ersättning
594 548 81 30 eller
698 545 149 37 förmån,
871 544 39 32 så
932 545 108 31 framt
1064 544 30 37 ej
1120 543 124 37 Kungl.
1268 541 101 37 Maj:t
1392 541 56 30 för
1470 540 160 36 uppdrag

126 602 80 30 eller
226 601 125 35 arbete,
372 600 105 31 vilket
497 600 72 29 kan
588 607 99 22 anses
709 597 85 31 falla
814 600 96 27 utom
931 595 397 36 beställningshavarens
1349 592 138 37 vanliga
1508 591 120 37 tjänst-

126 652 176 36 utövning,
329 651 133 31 anvisat
487 649 171 32 särskilda
684 648 113 31 medel
823 648 80 30 eller
929 646 99 37 eljest
1054 646 115 30 finner
1197 645 75 30 skäl
1297 643 158 37 medgiva
1482 642 148 31 särskild

125 703 212 36 gottgörelse.

644 815 19 29 4
687 815 84 39 kap.
814 812 141 40 Rörligt
977 812 139 39 tillägg.

836 894 41 30 34
898 893 30 36 8.

173 959 15 29 1
214 967 106 21 mom.
347 942 28 54 Å
414 955 158 37 följande
589 955 11 30 i
623 955 14 29 1
661 954 66 31 och
748 954 20 30 3
787 953 80 36 kap.
888 950 235 32 omförmälda
1143 946 370 39 avlöningsförmåner,
1535 946 96 30 näm-
1666 946 159 42 Avlönings-

127 1009 90 36 ligen
237 1009 69 35 lön,
329 1005 356 36 vikariatsersättning
707 1005 66 30 och
794 1003 236 35 vikariatslön,
1053 999 101 39 utgår
1175 1000 111 30 under
1307 999 42 30 de
1369 996 261 36 förutsättning-
1651 982 73 58 a
1741 976 100 72 rörigt

127 1069 39 21 ar
189 1059 65 31 och
279 1058 104 37 enligt
406 1058 42 30 de
472 1057 160 37 grunder,
659 1065 76 21 som
758 1055 12 30 i
795 1055 92 30 detta
911 1053 131 37 kapitel
1067 1051 152 37 angivas,
1245 1050 118 37 rörligt
1386 1049 118 37 tillägg
1526 1047 12 30 i
1563 1046 67 32 för-
1643 1049 98 30 tillägg
1764 1047 81 32 utgår

128 1109 163 31 hållande
308 1109 51 30 till
376 1109 67 30 den
460 1108 131 36 ökning
608 1107 11 30 i
637 1107 43 30 de
695 1106 179 30 allmänna
890 1103 390 34 levnadskostnaderna,
1299 1110 74 21 som
1389 1098 59 32 må
1466 1098 168 37 föreligga
1704 1089 87 18 mm

128 1161 10 30 i
156 1160 201 38 jämförelse
374 1159 80 31 med
471 1159 43 30 de
532 1156 278 40 genomsnittliga
828 1153 377 33 levnadskostnaderna
1225 1152 110 30 under
1353 1150 38 31 år
1410 1150 95 31 1935.

173 1212 20 30 2
216 1220 106 21 mom.
369 1209 199 37 Beräkning
584 1218 43 21 av
643 1206 398 32 levnadskostnadernas
1059 1204 127 31 storlek
1203 1203 12 30 i
1233 1201 200 38 jämförelse
1450 1200 81 31 med
1551 1199 82 31 1935

129 1261 55 32 års
210 1260 279 39 genomsnittliga
516 1258 332 32 levnadskostnader
876 1256 201 31 verkställes
1104 1253 206 32 kvartalsvis
1337 1262 42 21 av
1408 1250 225 38 socialstyrel-

130 1322 60 21 sen
209 1312 105 36 enligt
334 1312 41 30 de
395 1312 162 29 närmare
577 1308 227 36 föreskrifter,
826 1317 75 22 som
920 1307 178 31 meddelas
1119 1315 42 22 av
1182 1304 124 36 Kungl.
1328 1302 110 37 Maj:t.

173 1362 50 32 På
246 1362 170 38 grundval
440 1371 43 22 av
508 1361 155 30 nämnda
687 1359 193 37 beräkning
904 1357 187 32 fastställer
1117 1356 124 36 Kungl.
1269 1354 101 36 Maj:t
1395 1354 58 30 det
1477 1354 156 36 procent-

129 1416 57 35 tal,
213 1423 76 22 som
314 1413 140 36 angiver
476 1411 398 31 levnadskostnadernas
899 1407 221 32 förhållande
1143 1407 51 30 till
1223 1406 83 30 1935
1332 1405 55 31 års
1414 1403 221 38 genomsnitt-

130 1465 68 36 liga
218 1460 395 34 levnadskostnadsnivå
634 1457 441 41 (levnadskostnadstalet).

174 1515 50 30 Av
249 1514 123 36 Kungl.
397 1512 102 37 Maj:t
522 1511 164 31 fastställt
707 1509 362 32 levnadskostnadstal
1093 1507 88 31 skall
1205 1506 106 31 lända
1335 1506 51 30 till
1410 1504 227 31 efterrättelse

130 1564 81 31 från
232 1565 67 30 och
321 1564 79 30 med
422 1564 68 30 den
511 1561 139 37 månad,
673 1561 112 31 under
806 1560 116 31 vilken
945 1559 124 36 Kungl.
1094 1557 118 37 Maj:ts
1234 1557 112 30 beslut
1367 1555 194 36 kungjorts,
1584 1554 50 30 in-

131 1616 50 30 till
203 1616 68 30 den
291 1614 138 36 månad,
450 1613 175 31 varunder
644 1615 76 34 nytt
741 1610 123 32 sådant
883 1611 48 30 tal
951 1619 43 22 av
1017 1609 123 35 Kungl.
1163 1607 102 37 Maj:t
1286 1606 196 31 fastställes.

838 1712 41 30 35
900 1711 29 37 8.

176 1777 16 29 1
218 1784 106 21 mom.
371 1774 132 36 RBRörligt
530 1773 117 37 tillägg
674 1771 111 38 utgår,
815 1770 44 31 då
887 1768 395 33 levnadskostnadstalet
1309 1766 131 31 utvisar
1467 1765 130 37 ökning
1624 1764 12 30 i
1659 1765 122 27 Grunder
1798 1766 41 25 för

130 1825 221 32 förhållande
370 1825 50 30 till
442 1825 84 30 1935
547 1823 56 32 års
625 1822 277 39 genomsnittliga
921 1817 396 34 levnadskostnadsnivå
1336 1817 79 31 med
1435 1816 80 37 fyra
1535 1816 101 31 enhe-
1647 1801 92 30 rörligt
1747 1796 102 59 tillägg.

132 1881 50 27 ter
205 1878 82 29 eller
311 1885 103 26 mera,
440 1876 67 30 och
532 1876 100 35 utgör
655 1877 51 27 tre
731 1876 142 35 procent
897 1871 21 32 å
943 1871 207 36 avlöningen
1176 1870 55 30 för
1255 1867 96 38 varje
1375 1869 57 30 hel
1456 1866 181 37 mångfald

132 1937 41 20 av
197 1926 89 37 fyra,
311 1926 112 30 vartill
446 1925 176 35 ökningen
645 1922 145 38 uppgår.
839 1922 69 30 Där
932 1920 405 34 levnadskostnadstalet,
1363 1918 86 31 efter
1474 1920 50 28 att
1547 1917 90 30 hava

132 1976 148 38 uppnått
305 1975 108 32 sådan
437 1975 140 36 ökning,
603 1973 73 32 åter
700 1972 139 37 nedgår,
864 1973 88 30 skall
975 1972 90 30 dock
1090 1970 119 37 rörligt
1232 1970 116 35 tillägg
1372 1967 155 37 åtnjutas
1552 1966 86 31 efter

133 2028 203 30 oförändrat
354 2026 201 37 procenttal,
578 2024 37 32 så
634 2025 100 36 länge
753 2021 395 33 levnadskostnadstalet
1168 2020 185 36 överstiger
1371 2020 157 29 närmast
1545 2018 93 35 lägre

133 2079 78 30 hela
228 2077 180 37 mångfald
427 2086 43 22 av
486 2076 89 36 fyra.

178 2130 20 29 2
222 2138 105 21 mom.
376 2127 120 31 Såsom
513 2125 233 38 begränsning
763 2134 42 22 av
822 2125 66 30 vad
905 2124 10 30 i
945 2125 3 29 I
968 2133 106 21 mom.
1093 2123 152 35 stadgats
1263 2121 88 31 skall
1368 2120 90 38 gälla
1475 2122 59 33 att,
1552 2120 87 29 även

134 2189 57 21 om
215 2178 395 32 levnadskostnadstalet
635 2176 131 31 utvisar
792 2175 130 36 ökning
946 2174 80 30 med
1053 2183 72 20 mer
1150 2174 46 29 än
1220 2172 100 36 tjugu
1345 2172 150 34 enheter,
1521 2169 118 36 rörligt

135 2231 116 36 tillägg
271 2229 106 30 likväl
397 2229 76 29 icke
491 2227 59 31 må
570 2226 80 37 utgå
671 2226 87 31 efter
775 2226 105 36 högre
899 2224 192 37 procenttal
1111 2224 45 30 än
1175 2223 143 30 femton.

849 2325 41 30 36
914 2325 29 35 8.

182 2388 15 29 1
223 2396 105 21 mom.
376 2386 130 36 Rörligt
528 2386 116 36 tillägg
666 2385 173 29 beräknas
861 2382 20 31 å
903 2382 262 35 sammanlagda
1186 2381 161 35 beloppet
1369 2379 55 31 för
1445 2377 130 32 månad
1598 2387 42 21 av
1652 2387 151 38 Beräkning
1819 2394 33 18 av

137 2439 41 29 de
203 2435 370 38 avlöningsförmåner,
598 2435 20 31 å
644 2435 93 30 vilka
764 2433 123 31 sådant
911 2433 118 36 tillägg
1055 2432 103 35 enligt
1183 2430 306 31 bestämmelserna
1516 2429 10 30 i
1555 2429 40 30 34
1621 2428 13 36 &
1652 2416 92 52 rörligt
1752 2421 99 30 tillägg.

136 2491 13 28 1
170 2498 104 21 mom.
294 2487 55 31 må
368 2486 164 37 åtnjutas.
