<?xml version="1.0" encoding="UTF-8"?>
<alto xmlns="http://www.loc.gov/standards/alto/ns-v3#" xmlns:xlink="http://www.w3.org/1999/xlink" xmlns:xsi="http://www.w3.org/2001/XMLSchema-instance" xsi:schemaLocation="http://www.loc.gov/standards/alto/ns-v3# http://www.loc.gov/alto/v3/alto-3-0.xsd">
	<Description>
		<MeasurementUnit>pixel</MeasurementUnit>
		<sourceImageInformation>
			<fileName>/tmp/tess_fihaxxyn_input.PNG</fileName>
		</sourceImageInformation>
		<OCRProcessing ID="OCR_0">
			<ocrProcessingStep>
				<processingSoftware>
					<softwareName>tesseract 5.3.0</softwareName>
				</processingSoftware>
			</ocrProcessingStep>
		</OCRProcessing>
	</Description>
	<Layout>
		<Page WIDTH="1884" HEIGHT="2808" PHYSICAL_IMG_NR="0" ID="page_0">
			<PrintSpace HPOS="0" VPOS="0" WIDTH="1884" HEIGHT="2808">
				<ComposedBlock ID="cblock_0" HPOS="302" VPOS="178" WIDTH="1068" HEIGHT="44">
					<TextBlock ID="block_0" HPOS="302" VPOS="178" WIDTH="1068" HEIGHT="44">
						<TextLine ID="line_0" HPOS="302" VPOS="178" WIDTH="1068" HEIGHT="44">
							<String ID="string_0" HPOS="302" VPOS="180" WIDTH="42" HEIGHT="30" WC="0.96" CONTENT="38"/><SP WIDTH="375" VPOS="180" HPOS="344"/>
							<String ID="string_1" HPOS="719" VPOS="178" WIDTH="288" HEIGHT="36" WC="0.91" CONTENT="Statsutskottets"/><SP WIDTH="23" VPOS="178" HPOS="1007"/>
							<String ID="string_2" HPOS="1030" VPOS="179" WIDTH="184" HEIGHT="35" WC="0.95" CONTENT="utlåtande"/><SP WIDTH="22" VPOS="179" HPOS="1214"/>
							<String ID="string_3" HPOS="1236" VPOS="191" WIDTH="42" HEIGHT="24" WC="0.96" CONTENT="nr"/><SP WIDTH="18" VPOS="191" HPOS="1278"/>
							<String ID="string_4" HPOS="1296" VPOS="185" WIDTH="74" HEIGHT="37" WC="0.93" CONTENT="242."/>
						</TextLine>
					</TextBlock>
				</ComposedBlock>
				<ComposedBlock ID="cblock_1" HPOS="298" VPOS="258" WIDTH="1494" HEIGHT="1525">
					<TextBlock ID="block_1" HPOS="302" VPOS="258" WIDTH="1489" HEIGHT="256">
						<TextLine ID="line_1" HPOS="347" VPOS="258" WIDTH="1444" HEIGHT="45">
							<String ID="string_5" HPOS="347" VPOS="258" WIDTH="57" HEIGHT="32" WC="0.92" CONTENT="Av"/><SP WIDTH="28" VPOS="258" HPOS="404"/>
							<String ID="string_6" HPOS="432" VPOS="258" WIDTH="250" HEIGHT="43" WC="0.89" CONTENT="lärarkollegiet"/><SP WIDTH="28" VPOS="258" HPOS="682"/>
							<String ID="string_7" HPOS="710" VPOS="259" WIDTH="195" HEIGHT="42" WC="0.96" CONTENT="framlagda"/><SP WIDTH="26" VPOS="259" HPOS="905"/>
							<String ID="string_8" HPOS="931" VPOS="259" WIDTH="128" HEIGHT="44" WC="0.96" CONTENT="förslag"/><SP WIDTH="26" VPOS="259" HPOS="1059"/>
							<String ID="string_9" HPOS="1085" VPOS="260" WIDTH="82" HEIGHT="34" WC="0.96" CONTENT="med"/><SP WIDTH="29" VPOS="260" HPOS="1167"/>
							<String ID="string_10" HPOS="1196" VPOS="261" WIDTH="170" HEIGHT="33" WC="0.93" CONTENT="avseende"/><SP WIDTH="28" VPOS="261" HPOS="1366"/>
							<String ID="string_11" HPOS="1394" VPOS="262" WIDTH="20" HEIGHT="32" WC="0.90" CONTENT="å"/><SP WIDTH="29" VPOS="262" HPOS="1414"/>
							<String ID="string_12" HPOS="1443" VPOS="262" WIDTH="348" HEIGHT="41" WC="0.90" CONTENT="speciallärarbefatt-"/>
						</TextLine>
						<TextLine ID="line_2" HPOS="303" VPOS="310" WIDTH="1488" HEIGHT="46">
							<String ID="string_13" HPOS="303" VPOS="310" WIDTH="122" HEIGHT="42" WC="0.96" CONTENT="ningar"/><SP WIDTH="17" VPOS="310" HPOS="425"/>
							<String ID="string_14" HPOS="442" VPOS="311" WIDTH="11" HEIGHT="33" WC="0.95" CONTENT="i"/><SP WIDTH="17" VPOS="311" HPOS="453"/>
							<String ID="string_15" HPOS="470" VPOS="311" WIDTH="136" HEIGHT="42" WC="0.96" CONTENT="geodesi"/><SP WIDTH="19" VPOS="311" HPOS="606"/>
							<String ID="string_16" HPOS="625" VPOS="312" WIDTH="50" HEIGHT="39" WC="0.96" CONTENT="II,"/><SP WIDTH="17" VPOS="312" HPOS="675"/>
							<String ID="string_17" HPOS="692" VPOS="312" WIDTH="127" HEIGHT="33" WC="0.95" CONTENT="allmän"/><SP WIDTH="18" VPOS="312" HPOS="819"/>
							<String ID="string_18" HPOS="837" VPOS="313" WIDTH="64" HEIGHT="32" WC="0.95" CONTENT="och"/><SP WIDTH="17" VPOS="313" HPOS="901"/>
							<String ID="string_19" HPOS="918" VPOS="313" WIDTH="144" HEIGHT="33" WC="0.96" CONTENT="kvartär"/><SP WIDTH="18" VPOS="313" HPOS="1062"/>
							<String ID="string_20" HPOS="1080" VPOS="313" WIDTH="144" HEIGHT="43" WC="0.96" CONTENT="geologi,"/><SP WIDTH="18" VPOS="313" HPOS="1224"/>
							<String ID="string_21" HPOS="1242" VPOS="314" WIDTH="149" HEIGHT="34" WC="0.96" CONTENT="svenska"/><SP WIDTH="19" VPOS="314" HPOS="1391"/>
							<String ID="string_22" HPOS="1410" VPOS="314" WIDTH="256" HEIGHT="35" WC="0.93" CONTENT="arkitekturens"/><SP WIDTH="18" VPOS="314" HPOS="1666"/>
							<String ID="string_23" HPOS="1684" VPOS="315" WIDTH="107" HEIGHT="34" WC="0.92" CONTENT="histo-"/>
						</TextLine>
						<TextLine ID="line_3" HPOS="303" VPOS="363" WIDTH="1488" HEIGHT="44">
							<String ID="string_24" HPOS="303" VPOS="363" WIDTH="50" HEIGHT="33" WC="0.96" CONTENT="ria"/><SP WIDTH="24" VPOS="363" HPOS="353"/>
							<String ID="string_25" HPOS="377" VPOS="369" WIDTH="93" HEIGHT="29" WC="0.96" CONTENT="samt"/><SP WIDTH="22" VPOS="369" HPOS="470"/>
							<String ID="string_26" HPOS="492" VPOS="364" WIDTH="185" HEIGHT="42" WC="0.96" CONTENT="geoteknik"/><SP WIDTH="23" VPOS="364" HPOS="677"/>
							<String ID="string_27" HPOS="700" VPOS="368" WIDTH="38" HEIGHT="30" WC="0.93" CONTENT="är"/><SP WIDTH="22" VPOS="368" HPOS="738"/>
							<String ID="string_28" HPOS="760" VPOS="366" WIDTH="384" HEIGHT="41" WC="0.91" CONTENT="departementschefen"/><SP WIDTH="23" VPOS="366" HPOS="1144"/>
							<String ID="string_29" HPOS="1167" VPOS="367" WIDTH="76" HEIGHT="33" WC="0.96" CONTENT="icke"/><SP WIDTH="22" VPOS="367" HPOS="1243"/>
							<String ID="string_30" HPOS="1265" VPOS="367" WIDTH="54" HEIGHT="33" WC="0.96" CONTENT="för"/><SP WIDTH="22" VPOS="367" HPOS="1319"/>
							<String ID="string_31" HPOS="1341" VPOS="367" WIDTH="219" HEIGHT="34" WC="0.96" CONTENT="närvarande"/><SP WIDTH="24" VPOS="367" HPOS="1560"/>
							<String ID="string_32" HPOS="1584" VPOS="368" WIDTH="130" HEIGHT="33" WC="0.96" CONTENT="beredd"/><SP WIDTH="24" VPOS="368" HPOS="1714"/>
							<String ID="string_33" HPOS="1738" VPOS="373" WIDTH="53" HEIGHT="28" WC="0.96" CONTENT="att"/>
						</TextLine>
						<TextLine ID="line_4" HPOS="302" VPOS="415" WIDTH="1489" HEIGHT="47">
							<String ID="string_34" HPOS="302" VPOS="415" WIDTH="187" HEIGHT="43" WC="0.96" CONTENT="tillstyrka."/><SP WIDTH="22" VPOS="415" HPOS="489"/>
							<String ID="string_35" HPOS="511" VPOS="417" WIDTH="69" HEIGHT="33" WC="0.96" CONTENT="Till"/><SP WIDTH="22" VPOS="417" HPOS="580"/>
							<String ID="string_36" HPOS="602" VPOS="417" WIDTH="163" HEIGHT="43" WC="0.96" CONTENT="förslaget"/><SP WIDTH="23" VPOS="417" HPOS="765"/>
							<String ID="string_37" HPOS="788" VPOS="430" WIDTH="58" HEIGHT="21" WC="0.96" CONTENT="om"/><SP WIDTH="22" VPOS="430" HPOS="846"/>
							<String ID="string_38" HPOS="868" VPOS="431" WIDTH="41" HEIGHT="21" WC="0.93" CONTENT="en"/><SP WIDTH="24" VPOS="431" HPOS="909"/>
							<String ID="string_39" HPOS="933" VPOS="418" WIDTH="332" HEIGHT="43" WC="0.91" CONTENT="speciallärartjänst"/><SP WIDTH="21" VPOS="418" HPOS="1265"/>
							<String ID="string_40" HPOS="1286" VPOS="420" WIDTH="11" HEIGHT="33" WC="0.93" CONTENT="i"/><SP WIDTH="22" VPOS="420" HPOS="1297"/>
							<String ID="string_41" HPOS="1319" VPOS="419" WIDTH="209" HEIGHT="43" WC="0.92" CONTENT="grafostatik"/><SP WIDTH="22" VPOS="419" HPOS="1528"/>
							<String ID="string_42" HPOS="1550" VPOS="420" WIDTH="66" HEIGHT="34" WC="0.93" CONTENT="och"/><SP WIDTH="20" VPOS="420" HPOS="1616"/>
							<String ID="string_43" HPOS="1636" VPOS="420" WIDTH="155" HEIGHT="34" WC="0.91" CONTENT="hållfast-"/>
						</TextLine>
						<TextLine ID="line_5" HPOS="302" VPOS="468" WIDTH="1094" HEIGHT="46">
							<String ID="string_44" HPOS="302" VPOS="468" WIDTH="150" HEIGHT="34" WC="0.92" CONTENT="hetslära"/><SP WIDTH="17" VPOS="468" HPOS="452"/>
							<String ID="string_45" HPOS="469" VPOS="470" WIDTH="234" HEIGHT="33" WC="0.93" CONTENT="återkommer"/><SP WIDTH="20" VPOS="470" HPOS="703"/>
							<String ID="string_46" HPOS="723" VPOS="471" WIDTH="381" HEIGHT="42" WC="0.57" CONTENT="departementscheften"/><SP WIDTH="20" VPOS="471" HPOS="1104"/>
							<String ID="string_47" HPOS="1124" VPOS="473" WIDTH="10" HEIGHT="32" WC="0.96" CONTENT="i"/><SP WIDTH="20" VPOS="473" HPOS="1134"/>
							<String ID="string_48" HPOS="1154" VPOS="473" WIDTH="61" HEIGHT="34" WC="0.95" CONTENT="det"/><SP WIDTH="16" VPOS="473" HPOS="1215"/>
							<String ID="string_49" HPOS="1231" VPOS="472" WIDTH="165" HEIGHT="42" WC="0.95" CONTENT="följande."/>
						</TextLine>
					</TextBlock>
					<TextBlock ID="block_2" HPOS="301" VPOS="522" WIDTH="1491" HEIGHT="414">
						<TextLine ID="line_6" HPOS="346" VPOS="522" WIDTH="1446" HEIGHT="44">
							<String ID="string_50" HPOS="346" VPOS="522" WIDTH="318" HEIGHT="34" WC="0.96" CONTENT="Biträdande"/><SP WIDTH="33" VPOS="522" HPOS="664"/>
							<String ID="string_51" HPOS="697" VPOS="524" WIDTH="174" HEIGHT="33" WC="0.92" CONTENT="lärare."/><SP WIDTH="35" VPOS="524" HPOS="871"/>
							<String ID="string_52" HPOS="906" VPOS="525" WIDTH="394" HEIGHT="41" WC="0.92" CONTENT="Departementschefen"/><SP WIDTH="24" VPOS="525" HPOS="1300"/>
							<String ID="string_53" HPOS="1324" VPOS="525" WIDTH="142" HEIGHT="34" WC="0.96" CONTENT="föreslår"/><SP WIDTH="22" VPOS="525" HPOS="1466"/>
							<String ID="string_54" HPOS="1488" VPOS="526" WIDTH="205" HEIGHT="34" WC="0.96" CONTENT="inrättande"/><SP WIDTH="22" VPOS="526" HPOS="1693"/>
							<String ID="string_55" HPOS="1715" VPOS="526" WIDTH="77" HEIGHT="34" WC="0.96" CONTENT="från"/>
						</TextLine>
						<TextLine ID="line_7" HPOS="302" VPOS="575" WIDTH="1490" HEIGHT="46">
							<String ID="string_56" HPOS="302" VPOS="575" WIDTH="65" HEIGHT="33" WC="0.96" CONTENT="och"/><SP WIDTH="24" VPOS="575" HPOS="367"/>
							<String ID="string_57" HPOS="391" VPOS="575" WIDTH="81" HEIGHT="33" WC="0.96" CONTENT="med"/><SP WIDTH="23" VPOS="575" HPOS="472"/>
							<String ID="string_58" HPOS="495" VPOS="578" WIDTH="99" HEIGHT="31" WC="0.95" CONTENT="nästa"/><SP WIDTH="25" VPOS="578" HPOS="594"/>
							<String ID="string_59" HPOS="619" VPOS="576" WIDTH="170" HEIGHT="43" WC="0.96" CONTENT="budgetår"/><SP WIDTH="23" VPOS="576" HPOS="789"/>
							<String ID="string_60" HPOS="812" VPOS="589" WIDTH="45" HEIGHT="21" WC="0.95" CONTENT="av"/><SP WIDTH="24" VPOS="589" HPOS="857"/>
							<String ID="string_61" HPOS="881" VPOS="577" WIDTH="238" HEIGHT="43" WC="0.96" CONTENT="befattningar"/><SP WIDTH="22" VPOS="577" HPOS="1119"/>
							<String ID="string_62" HPOS="1141" VPOS="591" WIDTH="75" HEIGHT="21" WC="0.96" CONTENT="som"/><SP WIDTH="24" VPOS="591" HPOS="1216"/>
							<String ID="string_63" HPOS="1240" VPOS="579" WIDTH="208" HEIGHT="33" WC="0.95" CONTENT="biträdande"/><SP WIDTH="24" VPOS="579" HPOS="1448"/>
							<String ID="string_64" HPOS="1472" VPOS="579" WIDTH="111" HEIGHT="34" WC="0.96" CONTENT="lärare"/><SP WIDTH="22" VPOS="579" HPOS="1583"/>
							<String ID="string_65" HPOS="1605" VPOS="580" WIDTH="11" HEIGHT="33" WC="0.96" CONTENT="i"/><SP WIDTH="22" VPOS="580" HPOS="1616"/>
							<String ID="string_66" HPOS="1638" VPOS="579" WIDTH="154" HEIGHT="42" WC="0.96" CONTENT="följande"/>
						</TextLine>
						<TextLine ID="line_8" HPOS="304" VPOS="629" WIDTH="1487" HEIGHT="45">
							<String ID="string_67" HPOS="304" VPOS="631" WIDTH="38" HEIGHT="30" WC="0.94" CONTENT="11"/><SP WIDTH="30" VPOS="631" HPOS="342"/>
							<String ID="string_68" HPOS="372" VPOS="631" WIDTH="138" HEIGHT="37" WC="0.96" CONTENT="ämnen,"/><SP WIDTH="27" VPOS="631" HPOS="510"/>
							<String ID="string_69" HPOS="537" VPOS="629" WIDTH="176" HEIGHT="43" WC="0.93" CONTENT="nämligen"/><SP WIDTH="26" VPOS="629" HPOS="713"/>
							<String ID="string_70" HPOS="739" VPOS="629" WIDTH="207" HEIGHT="43" WC="0.91" CONTENT="grafostatik"/><SP WIDTH="26" VPOS="629" HPOS="946"/>
							<String ID="string_71" HPOS="972" VPOS="631" WIDTH="64" HEIGHT="33" WC="0.96" CONTENT="och"/><SP WIDTH="25" VPOS="631" HPOS="1036"/>
							<String ID="string_72" HPOS="1061" VPOS="631" WIDTH="294" HEIGHT="34" WC="0.96" CONTENT="hållfasthetslära"/><SP WIDTH="28" VPOS="631" HPOS="1355"/>
							<String ID="string_73" HPOS="1383" VPOS="632" WIDTH="25" HEIGHT="42" WC="0.96" CONTENT="(i"/><SP WIDTH="27" VPOS="632" HPOS="1408"/>
							<String ID="string_74" HPOS="1435" VPOS="633" WIDTH="115" HEIGHT="34" WC="0.96" CONTENT="stället"/><SP WIDTH="25" VPOS="633" HPOS="1550"/>
							<String ID="string_75" HPOS="1575" VPOS="632" WIDTH="53" HEIGHT="34" WC="0.96" CONTENT="för"/><SP WIDTH="26" VPOS="632" HPOS="1628"/>
							<String ID="string_76" HPOS="1654" VPOS="633" WIDTH="66" HEIGHT="33" WC="0.96" CONTENT="den"/><SP WIDTH="27" VPOS="633" HPOS="1720"/>
							<String ID="string_77" HPOS="1747" VPOS="645" WIDTH="44" HEIGHT="21" WC="0.96" CONTENT="av"/>
						</TextLine>
						<TextLine ID="line_9" HPOS="301" VPOS="680" WIDTH="1489" HEIGHT="47">
							<String ID="string_78" HPOS="301" VPOS="680" WIDTH="250" HEIGHT="43" WC="0.91" CONTENT="lärarkollegiet"/><SP WIDTH="22" VPOS="680" HPOS="551"/>
							<String ID="string_79" HPOS="573" VPOS="682" WIDTH="128" HEIGHT="34" WC="0.92" CONTENT="äskade"/><SP WIDTH="24" VPOS="682" HPOS="701"/>
							<String ID="string_80" HPOS="725" VPOS="683" WIDTH="374" HEIGHT="42" WC="0.91" CONTENT="speciallärartjänsten"/><SP WIDTH="23" VPOS="683" HPOS="1099"/>
							<String ID="string_81" HPOS="1122" VPOS="684" WIDTH="11" HEIGHT="33" WC="0.96" CONTENT="i"/><SP WIDTH="24" VPOS="684" HPOS="1133"/>
							<String ID="string_82" HPOS="1157" VPOS="684" WIDTH="96" HEIGHT="34" WC="0.96" CONTENT="detta"/><SP WIDTH="24" VPOS="684" HPOS="1253"/>
							<String ID="string_83" HPOS="1277" VPOS="685" WIDTH="131" HEIGHT="42" WC="0.96" CONTENT="ämne),"/><SP WIDTH="22" VPOS="685" HPOS="1408"/>
							<String ID="string_84" HPOS="1430" VPOS="684" WIDTH="105" HEIGHT="43" WC="0.93" CONTENT="fysik,"/><SP WIDTH="23" VPOS="684" HPOS="1535"/>
							<String ID="string_85" HPOS="1558" VPOS="685" WIDTH="232" HEIGHT="34" WC="0.92" CONTENT="hållfasthets-"/>
						</TextLine>
						<TextLine ID="line_10" HPOS="301" VPOS="733" WIDTH="1489" HEIGHT="48">
							<String ID="string_86" HPOS="301" VPOS="733" WIDTH="81" HEIGHT="40" WC="0.96" CONTENT="lära,"/><SP WIDTH="23" VPOS="733" HPOS="382"/>
							<String ID="string_87" HPOS="405" VPOS="734" WIDTH="96" HEIGHT="33" WC="0.96" CONTENT="läran"/><SP WIDTH="25" VPOS="734" HPOS="501"/>
							<String ID="string_88" HPOS="526" VPOS="747" WIDTH="57" HEIGHT="21" WC="0.96" CONTENT="om"/><SP WIDTH="24" VPOS="747" HPOS="583"/>
							<String ID="string_89" HPOS="607" VPOS="735" WIDTH="301" HEIGHT="41" WC="0.96" CONTENT="maskinelement,"/><SP WIDTH="21" VPOS="735" HPOS="908"/>
							<String ID="string_90" HPOS="929" VPOS="736" WIDTH="235" HEIGHT="41" WC="0.93" CONTENT="radioteknik,"/><SP WIDTH="22" VPOS="736" HPOS="1164"/>
							<String ID="string_91" HPOS="1186" VPOS="737" WIDTH="131" HEIGHT="42" WC="0.91" CONTENT="järnets"/><SP WIDTH="23" VPOS="737" HPOS="1317"/>
							<String ID="string_92" HPOS="1340" VPOS="737" WIDTH="339" HEIGHT="44" WC="0.91" CONTENT="manufakturering,"/><SP WIDTH="24" VPOS="737" HPOS="1679"/>
							<String ID="string_93" HPOS="1703" VPOS="739" WIDTH="87" HEIGHT="33" WC="0.91" CONTENT="lant-"/>
						</TextLine>
						<TextLine ID="line_11" HPOS="301" VPOS="786" WIDTH="1490" HEIGHT="46">
							<String ID="string_94" HPOS="301" VPOS="786" WIDTH="379" HEIGHT="43" WC="0.91" CONTENT="bruksbyggnadslära,"/><SP WIDTH="22" VPOS="786" HPOS="680"/>
							<String ID="string_95" HPOS="702" VPOS="788" WIDTH="321" HEIGHT="43" WC="0.96" CONTENT="bostadsbyggnad,"/><SP WIDTH="22" VPOS="788" HPOS="1023"/>
							<String ID="string_96" HPOS="1045" VPOS="790" WIDTH="231" HEIGHT="42" WC="0.96" CONTENT="vattenkemi,"/><SP WIDTH="21" VPOS="790" HPOS="1276"/>
							<String ID="string_97" HPOS="1297" VPOS="790" WIDTH="164" HEIGHT="34" WC="0.96" CONTENT="mekanik"/><SP WIDTH="22" VPOS="790" HPOS="1461"/>
							<String ID="string_98" HPOS="1483" VPOS="796" WIDTH="91" HEIGHT="28" WC="0.96" CONTENT="samt"/><SP WIDTH="22" VPOS="796" HPOS="1574"/>
							<String ID="string_99" HPOS="1596" VPOS="791" WIDTH="195" HEIGHT="33" WC="0.96" CONTENT="industriell"/>
						</TextLine>
						<TextLine ID="line_12" HPOS="301" VPOS="839" WIDTH="1491" HEIGHT="46">
							<String ID="string_100" HPOS="301" VPOS="839" WIDTH="162" HEIGHT="34" WC="0.95" CONTENT="ekonomi"/><SP WIDTH="25" VPOS="839" HPOS="463"/>
							<String ID="string_101" HPOS="488" VPOS="840" WIDTH="64" HEIGHT="33" WC="0.96" CONTENT="och"/><SP WIDTH="24" VPOS="840" HPOS="552"/>
							<String ID="string_102" HPOS="576" VPOS="841" WIDTH="246" HEIGHT="42" WC="0.94" CONTENT="organisation."/><SP WIDTH="25" VPOS="841" HPOS="822"/>
							<String ID="string_103" HPOS="847" VPOS="842" WIDTH="81" HEIGHT="33" WC="0.96" CONTENT="Den"/><SP WIDTH="25" VPOS="842" HPOS="928"/>
							<String ID="string_104" HPOS="953" VPOS="842" WIDTH="219" HEIGHT="34" WC="0.96" CONTENT="sistnämnda"/><SP WIDTH="24" VPOS="842" HPOS="1172"/>
							<String ID="string_105" HPOS="1196" VPOS="842" WIDTH="245" HEIGHT="43" WC="0.92" CONTENT="befattningen"/><SP WIDTH="26" VPOS="842" HPOS="1441"/>
							<String ID="string_106" HPOS="1467" VPOS="843" WIDTH="203" HEIGHT="36" WC="0.92" CONTENT="förutsättes"/><SP WIDTH="26" VPOS="843" HPOS="1670"/>
							<String ID="string_107" HPOS="1696" VPOS="844" WIDTH="96" HEIGHT="34" WC="0.96" CONTENT="skola"/>
						</TextLine>
						<TextLine ID="line_13" HPOS="302" VPOS="892" WIDTH="738" HEIGHT="44">
							<String ID="string_108" HPOS="302" VPOS="904" WIDTH="98" HEIGHT="22" WC="0.96" CONTENT="avses"/><SP WIDTH="17" VPOS="904" HPOS="400"/>
							<String ID="string_109" HPOS="417" VPOS="892" WIDTH="53" HEIGHT="34" WC="0.96" CONTENT="för"/><SP WIDTH="17" VPOS="892" HPOS="470"/>
							<String ID="string_110" HPOS="487" VPOS="893" WIDTH="250" HEIGHT="43" WC="0.96" CONTENT="undervisning"/><SP WIDTH="16" VPOS="893" HPOS="737"/>
							<String ID="string_111" HPOS="753" VPOS="894" WIDTH="10" HEIGHT="33" WC="0.93" CONTENT="i"/><SP WIDTH="17" VPOS="894" HPOS="763"/>
							<String ID="string_112" HPOS="780" VPOS="894" WIDTH="260" HEIGHT="34" WC="0.90" CONTENT="arbetsstudier."/>
						</TextLine>
					</TextBlock>
					<TextBlock ID="block_3" HPOS="298" VPOS="945" WIDTH="1493" HEIGHT="193">
						<TextLine ID="line_14" HPOS="346" VPOS="945" WIDTH="1445" HEIGHT="47">
							<String ID="string_113" HPOS="346" VPOS="945" WIDTH="291" HEIGHT="35" WC="0.92" CONTENT="Medelsbehovet"/><SP WIDTH="32" VPOS="945" HPOS="637"/>
							<String ID="string_114" HPOS="669" VPOS="946" WIDTH="53" HEIGHT="34" WC="0.96" CONTENT="för"/><SP WIDTH="33" VPOS="946" HPOS="722"/>
							<String ID="string_115" HPOS="755" VPOS="950" WIDTH="99" HEIGHT="30" WC="0.96" CONTENT="nästa"/><SP WIDTH="36" VPOS="950" HPOS="854"/>
							<String ID="string_116" HPOS="890" VPOS="947" WIDTH="168" HEIGHT="43" WC="0.96" CONTENT="budgetår"/><SP WIDTH="32" VPOS="947" HPOS="1058"/>
							<String ID="string_117" HPOS="1090" VPOS="948" WIDTH="54" HEIGHT="33" WC="0.96" CONTENT="för"/><SP WIDTH="32" VPOS="948" HPOS="1144"/>
							<String ID="string_118" HPOS="1176" VPOS="948" WIDTH="100" HEIGHT="34" WC="0.96" CONTENT="dessa"/><SP WIDTH="32" VPOS="948" HPOS="1276"/>
							<String ID="string_119" HPOS="1308" VPOS="948" WIDTH="240" HEIGHT="44" WC="0.96" CONTENT="befattningar"/><SP WIDTH="33" VPOS="948" HPOS="1548"/>
							<String ID="string_120" HPOS="1581" VPOS="950" WIDTH="210" HEIGHT="42" WC="0.96" CONTENT="uppskattas"/>
						</TextLine>
						<TextLine ID="line_15" HPOS="302" VPOS="998" WIDTH="1486" HEIGHT="47">
							<String ID="string_121" HPOS="302" VPOS="998" WIDTH="52" HEIGHT="33" WC="0.96" CONTENT="till"/><SP WIDTH="18" VPOS="998" HPOS="354"/>
							<String ID="string_122" HPOS="372" VPOS="1003" WIDTH="51" HEIGHT="29" WC="0.96" CONTENT="ett"/><SP WIDTH="18" VPOS="1003" HPOS="423"/>
							<String ID="string_123" HPOS="441" VPOS="1000" WIDTH="232" HEIGHT="42" WC="0.95" CONTENT="sammanlagt"/><SP WIDTH="18" VPOS="1000" HPOS="673"/>
							<String ID="string_124" HPOS="691" VPOS="1000" WIDTH="126" HEIGHT="42" WC="0.96" CONTENT="belopp"/><SP WIDTH="18" VPOS="1000" HPOS="817"/>
							<String ID="string_125" HPOS="835" VPOS="1013" WIDTH="44" HEIGHT="21" WC="0.96" CONTENT="av"/><SP WIDTH="22" VPOS="1013" HPOS="879"/>
							<String ID="string_126" HPOS="901" VPOS="1001" WIDTH="34" HEIGHT="42" WC="0.75" CONTENT="(3"/><SP WIDTH="16" VPOS="1001" HPOS="935"/>
							<String ID="string_127" HPOS="951" VPOS="1005" WIDTH="63" HEIGHT="30" WC="0.75" CONTENT="195"/><SP WIDTH="21" VPOS="1005" HPOS="1014"/>
							<String ID="string_128" HPOS="1035" VPOS="1005" WIDTH="38" HEIGHT="38" WC="0.93" CONTENT="+"/><SP WIDTH="20" VPOS="1005" HPOS="1073"/>
							<String ID="string_129" HPOS="1093" VPOS="1005" WIDTH="19" HEIGHT="30" WC="0.68" CONTENT="3"/><SP WIDTH="15" VPOS="1005" HPOS="1112"/>
							<String ID="string_130" HPOS="1127" VPOS="1005" WIDTH="66" HEIGHT="30" WC="0.68" CONTENT="415"/><SP WIDTH="22" VPOS="1005" HPOS="1193"/>
							<String ID="string_131" HPOS="1215" VPOS="1006" WIDTH="37" HEIGHT="37" WC="0.95" CONTENT="+"/><SP WIDTH="20" VPOS="1006" HPOS="1252"/>
							<String ID="string_132" HPOS="1272" VPOS="1006" WIDTH="19" HEIGHT="29" WC="0.94" CONTENT="3"/><SP WIDTH="15" VPOS="1006" HPOS="1291"/>
							<String ID="string_133" HPOS="1306" VPOS="1006" WIDTH="66" HEIGHT="30" WC="0.96" CONTENT="617"/><SP WIDTH="21" VPOS="1006" HPOS="1372"/>
							<String ID="string_134" HPOS="1393" VPOS="1006" WIDTH="38" HEIGHT="37" WC="0.88" CONTENT="+"/><SP WIDTH="21" VPOS="1006" HPOS="1431"/>
							<String ID="string_135" HPOS="1452" VPOS="1006" WIDTH="19" HEIGHT="30" WC="0.93" CONTENT="3"/><SP WIDTH="15" VPOS="1006" HPOS="1471"/>
							<String ID="string_136" HPOS="1486" VPOS="1006" WIDTH="65" HEIGHT="30" WC="0.96" CONTENT="290"/><SP WIDTH="21" VPOS="1006" HPOS="1551"/>
							<String ID="string_137" HPOS="1572" VPOS="1007" WIDTH="37" HEIGHT="37" WC="0.94" CONTENT="+"/><SP WIDTH="21" VPOS="1007" HPOS="1609"/>
							<String ID="string_138" HPOS="1630" VPOS="1007" WIDTH="19" HEIGHT="29" WC="0.95" CONTENT="2"/><SP WIDTH="16" VPOS="1007" HPOS="1649"/>
							<String ID="string_139" HPOS="1665" VPOS="1007" WIDTH="64" HEIGHT="30" WC="0.95" CONTENT="995"/><SP WIDTH="21" VPOS="1007" HPOS="1729"/>
							<String ID="string_140" HPOS="1750" VPOS="1007" WIDTH="38" HEIGHT="38" WC="0.93" CONTENT="+"/>
						</TextLine>
						<TextLine ID="line_16" HPOS="304" VPOS="1055" WIDTH="1486" HEIGHT="43">
							<String ID="string_141" HPOS="304" VPOS="1055" WIDTH="38" HEIGHT="37" WC="0.72" CONTENT="+"/><SP WIDTH="24" VPOS="1055" HPOS="342"/>
							<String ID="string_142" HPOS="366" VPOS="1055" WIDTH="98" HEIGHT="30" WC="0.92" CONTENT="1180"/><SP WIDTH="22" VPOS="1055" HPOS="464"/>
							<String ID="string_143" HPOS="486" VPOS="1055" WIDTH="38" HEIGHT="38" WC="0.94" CONTENT="+"/><SP WIDTH="25" VPOS="1055" HPOS="524"/>
							<String ID="string_144" HPOS="549" VPOS="1055" WIDTH="97" HEIGHT="31" WC="0.96" CONTENT="1185"/><SP WIDTH="23" VPOS="1055" HPOS="646"/>
							<String ID="string_145" HPOS="669" VPOS="1056" WIDTH="38" HEIGHT="38" WC="0.95" CONTENT="+"/><SP WIDTH="21" VPOS="1056" HPOS="707"/>
							<String ID="string_146" HPOS="728" VPOS="1056" WIDTH="99" HEIGHT="31" WC="0.85" CONTENT="4270"/><SP WIDTH="22" VPOS="1056" HPOS="827"/>
							<String ID="string_147" HPOS="849" VPOS="1057" WIDTH="39" HEIGHT="37" WC="0.92" CONTENT="+"/><SP WIDTH="23" VPOS="1057" HPOS="888"/>
							<String ID="string_148" HPOS="911" VPOS="1057" WIDTH="96" HEIGHT="30" WC="0.86" CONTENT="1305"/><SP WIDTH="23" VPOS="1057" HPOS="1007"/>
							<String ID="string_149" HPOS="1030" VPOS="1058" WIDTH="38" HEIGHT="37" WC="0.96" CONTENT="+"/><SP WIDTH="22" VPOS="1058" HPOS="1068"/>
							<String ID="string_150" HPOS="1090" VPOS="1058" WIDTH="19" HEIGHT="29" WC="0.75" CONTENT="2"/><SP WIDTH="15" VPOS="1058" HPOS="1109"/>
							<String ID="string_151" HPOS="1124" VPOS="1058" WIDTH="66" HEIGHT="31" WC="0.75" CONTENT="870"/><SP WIDTH="24" VPOS="1058" HPOS="1190"/>
							<String ID="string_152" HPOS="1214" VPOS="1059" WIDTH="37" HEIGHT="37" WC="0.96" CONTENT="+"/><SP WIDTH="23" VPOS="1059" HPOS="1251"/>
							<String ID="string_153" HPOS="1274" VPOS="1058" WIDTH="98" HEIGHT="31" WC="0.93" CONTENT="1765"/><SP WIDTH="24" VPOS="1058" HPOS="1372"/>
							<String ID="string_154" HPOS="1396" VPOS="1056" WIDTH="50" HEIGHT="42" WC="0.83" CONTENT="—)"/><SP WIDTH="25" VPOS="1056" HPOS="1446"/>
							<String ID="string_155" HPOS="1471" VPOS="1056" WIDTH="11" HEIGHT="33" WC="0.96" CONTENT="i"/><SP WIDTH="19" VPOS="1056" HPOS="1482"/>
							<String ID="string_156" HPOS="1501" VPOS="1057" WIDTH="148" HEIGHT="34" WC="0.96" CONTENT="runt"/><SP WIDTH="-54" VPOS="1057" HPOS="1649"/>
							<String ID="string_157" HPOS="1595" VPOS="1037" WIDTH="58" HEIGHT="65" WC="0.96" CONTENT="tal"/><SP WIDTH="20" VPOS="1037" HPOS="1653"/>
							<String ID="string_158" HPOS="1673" VPOS="1060" WIDTH="37" HEIGHT="29" WC="0.94" CONTENT="29"/><SP WIDTH="20" VPOS="1060" HPOS="1710"/>
							<String ID="string_159" HPOS="1730" VPOS="1060" WIDTH="60" HEIGHT="30" WC="0.94" CONTENT="100"/>
						</TextLine>
						<TextLine ID="line_17" HPOS="298" VPOS="1103" WIDTH="141" HEIGHT="35">
							<String ID="string_160" HPOS="298" VPOS="1103" WIDTH="141" HEIGHT="35" WC="0.96" CONTENT="kronor."/>
						</TextLine>
					</TextBlock>
					<TextBlock ID="block_4" HPOS="299" VPOS="1157" WIDTH="1492" HEIGHT="313">
						<TextLine ID="line_18" HPOS="345" VPOS="1157" WIDTH="1445" HEIGHT="47">
							<String ID="string_161" HPOS="345" VPOS="1157" WIDTH="67" HEIGHT="35" WC="0.96" CONTENT="Ett"/><SP WIDTH="26" VPOS="1157" HPOS="412"/>
							<String ID="string_162" HPOS="438" VPOS="1157" WIDTH="94" HEIGHT="34" WC="0.96" CONTENT="bifall"/><SP WIDTH="23" VPOS="1157" HPOS="532"/>
							<String ID="string_163" HPOS="555" VPOS="1158" WIDTH="53" HEIGHT="33" WC="0.96" CONTENT="till"/><SP WIDTH="24" VPOS="1158" HPOS="608"/>
							<String ID="string_164" HPOS="632" VPOS="1158" WIDTH="164" HEIGHT="43" WC="0.96" CONTENT="förslaget"/><SP WIDTH="24" VPOS="1158" HPOS="796"/>
							<String ID="string_165" HPOS="820" VPOS="1172" WIDTH="57" HEIGHT="21" WC="0.96" CONTENT="om"/><SP WIDTH="23" VPOS="1172" HPOS="877"/>
							<String ID="string_166" HPOS="900" VPOS="1160" WIDTH="200" HEIGHT="35" WC="0.96" CONTENT="inrättande"/><SP WIDTH="25" VPOS="1160" HPOS="1100"/>
							<String ID="string_167" HPOS="1125" VPOS="1173" WIDTH="46" HEIGHT="21" WC="0.96" CONTENT="av"/><SP WIDTH="25" VPOS="1173" HPOS="1171"/>
							<String ID="string_168" HPOS="1196" VPOS="1173" WIDTH="42" HEIGHT="22" WC="0.96" CONTENT="en"/><SP WIDTH="24" VPOS="1173" HPOS="1238"/>
							<String ID="string_169" HPOS="1262" VPOS="1161" WIDTH="198" HEIGHT="43" WC="0.96" CONTENT="befattning"/><SP WIDTH="23" VPOS="1161" HPOS="1460"/>
							<String ID="string_170" HPOS="1483" VPOS="1174" WIDTH="75" HEIGHT="21" WC="0.96" CONTENT="som"/><SP WIDTH="24" VPOS="1174" HPOS="1558"/>
							<String ID="string_171" HPOS="1582" VPOS="1162" WIDTH="208" HEIGHT="34" WC="0.95" CONTENT="biträdande"/>
						</TextLine>
						<TextLine ID="line_19" HPOS="301" VPOS="1211" WIDTH="1490" HEIGHT="45">
							<String ID="string_172" HPOS="301" VPOS="1211" WIDTH="112" HEIGHT="33" WC="0.96" CONTENT="lärare"/><SP WIDTH="23" VPOS="1211" HPOS="413"/>
							<String ID="string_173" HPOS="436" VPOS="1211" WIDTH="10" HEIGHT="33" WC="0.96" CONTENT="i"/><SP WIDTH="23" VPOS="1211" HPOS="446"/>
							<String ID="string_174" HPOS="469" VPOS="1211" WIDTH="295" HEIGHT="34" WC="0.96" CONTENT="hållfasthetslära"/><SP WIDTH="22" VPOS="1211" HPOS="764"/>
							<String ID="string_175" HPOS="786" VPOS="1213" WIDTH="144" HEIGHT="33" WC="0.96" CONTENT="innebär"/><SP WIDTH="21" VPOS="1213" HPOS="930"/>
							<String ID="string_176" HPOS="951" VPOS="1225" WIDTH="44" HEIGHT="21" WC="0.96" CONTENT="en"/><SP WIDTH="24" VPOS="1225" HPOS="995"/>
							<String ID="string_177" HPOS="1019" VPOS="1213" WIDTH="212" HEIGHT="43" WC="0.96" CONTENT="utbrytning"/><SP WIDTH="22" VPOS="1213" HPOS="1231"/>
							<String ID="string_178" HPOS="1253" VPOS="1226" WIDTH="44" HEIGHT="21" WC="0.96" CONTENT="av"/><SP WIDTH="24" VPOS="1226" HPOS="1297"/>
							<String ID="string_179" HPOS="1321" VPOS="1215" WIDTH="66" HEIGHT="33" WC="0.96" CONTENT="den"/><SP WIDTH="24" VPOS="1215" HPOS="1387"/>
							<String ID="string_180" HPOS="1411" VPOS="1214" WIDTH="54" HEIGHT="34" WC="0.96" CONTENT="del"/><SP WIDTH="23" VPOS="1214" HPOS="1465"/>
							<String ID="string_181" HPOS="1488" VPOS="1227" WIDTH="45" HEIGHT="21" WC="0.96" CONTENT="av"/><SP WIDTH="25" VPOS="1227" HPOS="1533"/>
							<String ID="string_182" HPOS="1558" VPOS="1215" WIDTH="97" HEIGHT="35" WC="0.96" CONTENT="detta"/><SP WIDTH="24" VPOS="1215" HPOS="1655"/>
							<String ID="string_183" HPOS="1679" VPOS="1219" WIDTH="112" HEIGHT="36" WC="0.96" CONTENT="ämne,"/>
						</TextLine>
						<TextLine ID="line_20" HPOS="301" VPOS="1263" WIDTH="1489" HEIGHT="45">
							<String ID="string_184" HPOS="301" VPOS="1276" WIDTH="75" HEIGHT="21" WC="0.96" CONTENT="som"/><SP WIDTH="16" VPOS="1276" HPOS="376"/>
							<String ID="string_185" HPOS="392" VPOS="1263" WIDTH="54" HEIGHT="34" WC="0.96" CONTENT="för"/><SP WIDTH="14" VPOS="1263" HPOS="446"/>
							<String ID="string_186" HPOS="460" VPOS="1265" WIDTH="218" HEIGHT="33" WC="0.96" CONTENT="närvarande"/><SP WIDTH="16" VPOS="1265" HPOS="678"/>
							<String ID="string_187" HPOS="694" VPOS="1265" WIDTH="98" HEIGHT="42" WC="0.95" CONTENT="ingår"/><SP WIDTH="15" VPOS="1265" HPOS="792"/>
							<String ID="string_188" HPOS="807" VPOS="1266" WIDTH="10" HEIGHT="33" WC="0.93" CONTENT="i"/><SP WIDTH="17" VPOS="1266" HPOS="817"/>
							<String ID="string_189" HPOS="834" VPOS="1265" WIDTH="374" HEIGHT="43" WC="0.91" CONTENT="speciallärartjänsten"/><SP WIDTH="17" VPOS="1265" HPOS="1208"/>
							<String ID="string_190" HPOS="1225" VPOS="1267" WIDTH="10" HEIGHT="33" WC="0.95" CONTENT="i"/><SP WIDTH="15" VPOS="1267" HPOS="1235"/>
							<String ID="string_191" HPOS="1250" VPOS="1267" WIDTH="95" HEIGHT="33" WC="0.95" CONTENT="läran"/><SP WIDTH="17" VPOS="1267" HPOS="1345"/>
							<String ID="string_192" HPOS="1362" VPOS="1280" WIDTH="59" HEIGHT="21" WC="0.95" CONTENT="om"/><SP WIDTH="17" VPOS="1280" HPOS="1421"/>
							<String ID="string_193" HPOS="1438" VPOS="1268" WIDTH="288" HEIGHT="35" WC="0.96" CONTENT="maskinelement"/><SP WIDTH="16" VPOS="1268" HPOS="1726"/>
							<String ID="string_194" HPOS="1742" VPOS="1269" WIDTH="48" HEIGHT="33" WC="0.93" CONTENT="II."/>
						</TextLine>
						<TextLine ID="line_21" HPOS="299" VPOS="1316" WIDTH="1491" HEIGHT="45">
							<String ID="string_195" HPOS="299" VPOS="1316" WIDTH="19" HEIGHT="33" WC="0.95" CONTENT="I"/><SP WIDTH="34" VPOS="1316" HPOS="318"/>
							<String ID="string_196" HPOS="352" VPOS="1317" WIDTH="203" HEIGHT="42" WC="0.95" CONTENT="anslutning"/><SP WIDTH="32" VPOS="1317" HPOS="555"/>
							<String ID="string_197" HPOS="587" VPOS="1317" WIDTH="118" HEIGHT="34" WC="0.96" CONTENT="härtill"/><SP WIDTH="35" VPOS="1317" HPOS="705"/>
							<String ID="string_198" HPOS="740" VPOS="1318" WIDTH="60" HEIGHT="33" WC="0.96" CONTENT="bör"/><SP WIDTH="35" VPOS="1318" HPOS="800"/>
							<String ID="string_199" HPOS="835" VPOS="1318" WIDTH="107" HEIGHT="42" WC="0.91" CONTENT="enligt"/><SP WIDTH="37" VPOS="1318" HPOS="942"/>
							<String ID="string_200" HPOS="979" VPOS="1319" WIDTH="384" HEIGHT="42" WC="0.90" CONTENT="departementschefen"/><SP WIDTH="24" VPOS="1319" HPOS="1363"/>
							<String ID="string_201" HPOS="1387" VPOS="1321" WIDTH="59" HEIGHT="33" WC="0.96" CONTENT="det"/><SP WIDTH="23" VPOS="1321" HPOS="1446"/>
							<String ID="string_202" HPOS="1469" VPOS="1322" WIDTH="81" HEIGHT="33" WC="0.96" CONTENT="med"/><SP WIDTH="24" VPOS="1322" HPOS="1550"/>
							<String ID="string_203" HPOS="1574" VPOS="1321" WIDTH="216" HEIGHT="34" WC="0.96" CONTENT="sistnämnda"/>
						</TextLine>
						<TextLine ID="line_22" HPOS="301" VPOS="1369" WIDTH="1489" HEIGHT="45">
							<String ID="string_204" HPOS="301" VPOS="1369" WIDTH="111" HEIGHT="42" WC="0.96" CONTENT="tjänst"/><SP WIDTH="20" VPOS="1369" HPOS="412"/>
							<String ID="string_205" HPOS="432" VPOS="1369" WIDTH="162" HEIGHT="35" WC="0.96" CONTENT="förenade"/><SP WIDTH="22" VPOS="1369" HPOS="594"/>
							<String ID="string_206" HPOS="616" VPOS="1371" WIDTH="147" HEIGHT="34" WC="0.96" CONTENT="arvodet"/><SP WIDTH="20" VPOS="1371" HPOS="763"/>
							<String ID="string_207" HPOS="783" VPOS="1371" WIDTH="52" HEIGHT="33" WC="0.96" CONTENT="för"/><SP WIDTH="22" VPOS="1371" HPOS="835"/>
							<String ID="string_208" HPOS="857" VPOS="1374" WIDTH="100" HEIGHT="31" WC="0.96" CONTENT="nästa"/><SP WIDTH="21" VPOS="1374" HPOS="957"/>
							<String ID="string_209" HPOS="978" VPOS="1372" WIDTH="171" HEIGHT="42" WC="0.96" CONTENT="budgetår"/><SP WIDTH="22" VPOS="1372" HPOS="1149"/>
							<String ID="string_210" HPOS="1171" VPOS="1373" WIDTH="171" HEIGHT="34" WC="0.95" CONTENT="beräknas"/><SP WIDTH="22" VPOS="1373" HPOS="1342"/>
							<String ID="string_211" HPOS="1364" VPOS="1374" WIDTH="52" HEIGHT="33" WC="0.95" CONTENT="till"/><SP WIDTH="23" VPOS="1374" HPOS="1416"/>
							<String ID="string_212" HPOS="1439" VPOS="1378" WIDTH="19" HEIGHT="29" WC="0.96" CONTENT="5"/><SP WIDTH="15" VPOS="1378" HPOS="1458"/>
							<String ID="string_213" HPOS="1473" VPOS="1378" WIDTH="65" HEIGHT="30" WC="0.96" CONTENT="625"/><SP WIDTH="22" VPOS="1378" HPOS="1538"/>
							<String ID="string_214" HPOS="1560" VPOS="1375" WIDTH="130" HEIGHT="34" WC="0.96" CONTENT="kronor"/><SP WIDTH="21" VPOS="1375" HPOS="1690"/>
							<String ID="string_215" HPOS="1711" VPOS="1376" WIDTH="79" HEIGHT="33" WC="0.96" CONTENT="med"/>
						</TextLine>
						<TextLine ID="line_23" HPOS="300" VPOS="1422" WIDTH="1355" HEIGHT="48">
							<String ID="string_216" HPOS="300" VPOS="1422" WIDTH="228" HEIGHT="43" WC="0.96" CONTENT="iakttagande"/><SP WIDTH="23" VPOS="1422" HPOS="528"/>
							<String ID="string_217" HPOS="551" VPOS="1436" WIDTH="45" HEIGHT="21" WC="0.95" CONTENT="av"/><SP WIDTH="23" VPOS="1436" HPOS="596"/>
							<String ID="string_218" HPOS="619" VPOS="1424" WIDTH="11" HEIGHT="33" WC="0.95" CONTENT="i"/><SP WIDTH="24" VPOS="1424" HPOS="630"/>
							<String ID="string_219" HPOS="654" VPOS="1424" WIDTH="113" HEIGHT="42" WC="0.96" CONTENT="övrigt"/><SP WIDTH="22" VPOS="1424" HPOS="767"/>
							<String ID="string_220" HPOS="789" VPOS="1424" WIDTH="195" HEIGHT="43" WC="0.96" CONTENT="föreslagna"/><SP WIDTH="23" VPOS="1424" HPOS="984"/>
							<String ID="string_221" HPOS="1007" VPOS="1425" WIDTH="151" HEIGHT="42" WC="0.96" CONTENT="grunder"/><SP WIDTH="23" VPOS="1425" HPOS="1158"/>
							<String ID="string_222" HPOS="1181" VPOS="1425" WIDTH="54" HEIGHT="34" WC="0.93" CONTENT="för"/><SP WIDTH="23" VPOS="1425" HPOS="1235"/>
							<String ID="string_223" HPOS="1258" VPOS="1427" WIDTH="397" HEIGHT="43" WC="0.91" CONTENT="arvodesberäkningen."/>
						</TextLine>
					</TextBlock>
					<TextBlock ID="block_5" HPOS="298" VPOS="1475" WIDTH="1492" HEIGHT="308">
						<TextLine ID="line_24" HPOS="345" VPOS="1475" WIDTH="1445" HEIGHT="49">
							<String ID="string_224" HPOS="345" VPOS="1475" WIDTH="88" HEIGHT="34" WC="0.94" CONTENT="Med"/><SP WIDTH="22" VPOS="1475" HPOS="433"/>
							<String ID="string_225" HPOS="455" VPOS="1476" WIDTH="215" HEIGHT="35" WC="0.96" CONTENT="inrättandet"/><SP WIDTH="24" VPOS="1476" HPOS="670"/>
							<String ID="string_226" HPOS="694" VPOS="1489" WIDTH="45" HEIGHT="21" WC="0.96" CONTENT="av"/><SP WIDTH="23" VPOS="1489" HPOS="739"/>
							<String ID="string_227" HPOS="762" VPOS="1478" WIDTH="199" HEIGHT="42" WC="0.96" CONTENT="ytterligare"/><SP WIDTH="24" VPOS="1478" HPOS="961"/>
							<String ID="string_228" HPOS="985" VPOS="1483" WIDTH="52" HEIGHT="29" WC="0.96" CONTENT="tre"/><SP WIDTH="22" VPOS="1483" HPOS="1037"/>
							<String ID="string_229" HPOS="1059" VPOS="1491" WIDTH="44" HEIGHT="21" WC="0.93" CONTENT="av"/><SP WIDTH="23" VPOS="1491" HPOS="1103"/>
							<String ID="string_230" HPOS="1126" VPOS="1479" WIDTH="255" HEIGHT="43" WC="0.92" CONTENT="lärarkollegiet"/><SP WIDTH="21" VPOS="1479" HPOS="1381"/>
							<String ID="string_231" HPOS="1402" VPOS="1480" WIDTH="129" HEIGHT="35" WC="0.92" CONTENT="äskade"/><SP WIDTH="23" VPOS="1480" HPOS="1531"/>
							<String ID="string_232" HPOS="1554" VPOS="1481" WIDTH="236" HEIGHT="43" WC="0.96" CONTENT="befattningar"/>
						</TextLine>
						<TextLine ID="line_25" HPOS="301" VPOS="1528" WIDTH="1489" HEIGHT="48">
							<String ID="string_233" HPOS="301" VPOS="1529" WIDTH="114" HEIGHT="33" WC="0.96" CONTENT="såsom"/><SP WIDTH="18" VPOS="1529" HPOS="415"/>
							<String ID="string_234" HPOS="433" VPOS="1528" WIDTH="209" HEIGHT="35" WC="0.95" CONTENT="biträdande"/><SP WIDTH="18" VPOS="1528" HPOS="642"/>
							<String ID="string_235" HPOS="660" VPOS="1530" WIDTH="121" HEIGHT="41" WC="0.96" CONTENT="lärare,"/><SP WIDTH="18" VPOS="1530" HPOS="781"/>
							<String ID="string_236" HPOS="799" VPOS="1531" WIDTH="173" HEIGHT="42" WC="0.95" CONTENT="nämligen"/><SP WIDTH="19" VPOS="1531" HPOS="972"/>
							<String ID="string_237" HPOS="991" VPOS="1543" WIDTH="42" HEIGHT="21" WC="0.96" CONTENT="en"/><SP WIDTH="18" VPOS="1543" HPOS="1033"/>
							<String ID="string_238" HPOS="1051" VPOS="1531" WIDTH="10" HEIGHT="34" WC="0.96" CONTENT="i"/><SP WIDTH="19" VPOS="1531" HPOS="1061"/>
							<String ID="string_239" HPOS="1080" VPOS="1531" WIDTH="94" HEIGHT="43" WC="0.96" CONTENT="fysik"/><SP WIDTH="17" VPOS="1531" HPOS="1174"/>
							<String ID="string_240" HPOS="1191" VPOS="1531" WIDTH="52" HEIGHT="34" WC="0.96" CONTENT="för"/><SP WIDTH="18" VPOS="1531" HPOS="1243"/>
							<String ID="string_241" HPOS="1261" VPOS="1533" WIDTH="251" HEIGHT="43" WC="0.96" CONTENT="undervisning"/><SP WIDTH="17" VPOS="1533" HPOS="1512"/>
							<String ID="string_242" HPOS="1529" VPOS="1534" WIDTH="10" HEIGHT="33" WC="0.96" CONTENT="i"/><SP WIDTH="19" VPOS="1534" HPOS="1539"/>
							<String ID="string_243" HPOS="1558" VPOS="1537" WIDTH="118" HEIGHT="31" WC="0.96" CONTENT="ämnet"/><SP WIDTH="19" VPOS="1537" HPOS="1676"/>
							<String ID="string_244" HPOS="1695" VPOS="1534" WIDTH="95" HEIGHT="34" WC="0.96" CONTENT="inom"/>
						</TextLine>
						<TextLine ID="line_26" HPOS="298" VPOS="1581" WIDTH="1491" HEIGHT="49">
							<String ID="string_245" HPOS="298" VPOS="1581" WIDTH="209" HEIGHT="42" WC="0.96" CONTENT="högskolans"/><SP WIDTH="18" VPOS="1581" HPOS="507"/>
							<String ID="string_246" HPOS="525" VPOS="1582" WIDTH="164" HEIGHT="43" WC="0.96" CONTENT="samtliga"/><SP WIDTH="18" VPOS="1582" HPOS="689"/>
							<String ID="string_247" HPOS="707" VPOS="1583" WIDTH="224" HEIGHT="43" WC="0.95" CONTENT="avdelningar"/><SP WIDTH="16" VPOS="1583" HPOS="931"/>
							<String ID="string_248" HPOS="947" VPOS="1585" WIDTH="80" HEIGHT="33" WC="0.96" CONTENT="med"/><SP WIDTH="17" VPOS="1585" HPOS="1027"/>
							<String ID="string_249" HPOS="1044" VPOS="1584" WIDTH="183" HEIGHT="43" WC="0.96" CONTENT="undantag"/><SP WIDTH="17" VPOS="1584" HPOS="1227"/>
							<String ID="string_250" HPOS="1244" VPOS="1598" WIDTH="44" HEIGHT="20" WC="0.96" CONTENT="av"/><SP WIDTH="18" VPOS="1598" HPOS="1288"/>
							<String ID="string_251" HPOS="1306" VPOS="1586" WIDTH="232" HEIGHT="43" WC="0.96" CONTENT="avdelningen"/><SP WIDTH="17" VPOS="1586" HPOS="1538"/>
							<String ID="string_252" HPOS="1555" VPOS="1586" WIDTH="53" HEIGHT="34" WC="0.93" CONTENT="för"/><SP WIDTH="17" VPOS="1586" HPOS="1608"/>
							<String ID="string_253" HPOS="1625" VPOS="1591" WIDTH="82" HEIGHT="39" WC="0.92" CONTENT="väg-"/><SP WIDTH="18" VPOS="1591" HPOS="1707"/>
							<String ID="string_254" HPOS="1725" VPOS="1588" WIDTH="64" HEIGHT="33" WC="0.96" CONTENT="och"/>
						</TextLine>
						<TextLine ID="line_27" HPOS="300" VPOS="1635" WIDTH="1489" HEIGHT="48">
							<String ID="string_255" HPOS="300" VPOS="1635" WIDTH="302" HEIGHT="42" WC="0.96" CONTENT="vattenbyggnad,"/><SP WIDTH="18" VPOS="1635" HPOS="602"/>
							<String ID="string_256" HPOS="620" VPOS="1648" WIDTH="43" HEIGHT="21" WC="0.96" CONTENT="en"/><SP WIDTH="17" VPOS="1648" HPOS="663"/>
							<String ID="string_257" HPOS="680" VPOS="1636" WIDTH="11" HEIGHT="33" WC="0.93" CONTENT="i"/><SP WIDTH="18" VPOS="1636" HPOS="691"/>
							<String ID="string_258" HPOS="709" VPOS="1636" WIDTH="288" HEIGHT="42" WC="0.92" CONTENT="trädgårdskonst"/><SP WIDTH="18" VPOS="1636" HPOS="997"/>
							<String ID="string_259" HPOS="1015" VPOS="1643" WIDTH="94" HEIGHT="28" WC="0.96" CONTENT="samt"/><SP WIDTH="17" VPOS="1643" HPOS="1109"/>
							<String ID="string_260" HPOS="1126" VPOS="1650" WIDTH="44" HEIGHT="21" WC="0.96" CONTENT="en"/><SP WIDTH="18" VPOS="1650" HPOS="1170"/>
							<String ID="string_261" HPOS="1188" VPOS="1639" WIDTH="11" HEIGHT="34" WC="0.96" CONTENT="i"/><SP WIDTH="18" VPOS="1639" HPOS="1199"/>
							<String ID="string_262" HPOS="1217" VPOS="1639" WIDTH="193" HEIGHT="34" WC="0.96" CONTENT="industriell"/><SP WIDTH="19" VPOS="1639" HPOS="1410"/>
							<String ID="string_263" HPOS="1429" VPOS="1640" WIDTH="160" HEIGHT="33" WC="0.95" CONTENT="ekonomi"/><SP WIDTH="20" VPOS="1640" HPOS="1589"/>
							<String ID="string_264" HPOS="1609" VPOS="1641" WIDTH="65" HEIGHT="33" WC="0.92" CONTENT="och"/><SP WIDTH="19" VPOS="1641" HPOS="1674"/>
							<String ID="string_265" HPOS="1693" VPOS="1653" WIDTH="96" HEIGHT="30" WC="0.92" CONTENT="orga-"/>
						</TextLine>
						<TextLine ID="line_28" HPOS="298" VPOS="1687" WIDTH="1491" HEIGHT="46">
							<String ID="string_266" HPOS="298" VPOS="1687" WIDTH="165" HEIGHT="41" WC="0.91" CONTENT="nisation,"/><SP WIDTH="16" VPOS="1687" HPOS="463"/>
							<String ID="string_267" HPOS="479" VPOS="1688" WIDTH="117" HEIGHT="34" WC="0.96" CONTENT="vilken"/><SP WIDTH="18" VPOS="1688" HPOS="596"/>
							<String ID="string_268" HPOS="614" VPOS="1689" WIDTH="219" HEIGHT="34" WC="0.96" CONTENT="sistnämnda"/><SP WIDTH="16" VPOS="1689" HPOS="833"/>
							<String ID="string_269" HPOS="849" VPOS="1695" WIDTH="132" HEIGHT="29" WC="0.96" CONTENT="avsetts"/><SP WIDTH="17" VPOS="1695" HPOS="981"/>
							<String ID="string_270" HPOS="998" VPOS="1689" WIDTH="145" HEIGHT="35" WC="0.96" CONTENT="förenad"/><SP WIDTH="16" VPOS="1689" HPOS="1143"/>
							<String ID="string_271" HPOS="1159" VPOS="1692" WIDTH="80" HEIGHT="33" WC="0.95" CONTENT="med"/><SP WIDTH="17" VPOS="1692" HPOS="1239"/>
							<String ID="string_272" HPOS="1256" VPOS="1697" WIDTH="50" HEIGHT="29" WC="0.95" CONTENT="ett"/><SP WIDTH="17" VPOS="1697" HPOS="1306"/>
							<String ID="string_273" HPOS="1323" VPOS="1692" WIDTH="130" HEIGHT="34" WC="0.97" CONTENT="arvode"/><SP WIDTH="17" VPOS="1692" HPOS="1453"/>
							<String ID="string_274" HPOS="1470" VPOS="1705" WIDTH="45" HEIGHT="21" WC="0.96" CONTENT="av"/><SP WIDTH="19" VPOS="1705" HPOS="1515"/>
							<String ID="string_275" HPOS="1534" VPOS="1697" WIDTH="19" HEIGHT="29" WC="0.95" CONTENT="2"/><SP WIDTH="16" VPOS="1697" HPOS="1553"/>
							<String ID="string_276" HPOS="1569" VPOS="1697" WIDTH="64" HEIGHT="30" WC="0.95" CONTENT="100"/><SP WIDTH="16" VPOS="1697" HPOS="1633"/>
							<String ID="string_277" HPOS="1649" VPOS="1694" WIDTH="140" HEIGHT="39" WC="0.96" CONTENT="kronor,"/>
						</TextLine>
						<TextLine ID="line_29" HPOS="298" VPOS="1740" WIDTH="1197" HEIGHT="43">
							<String ID="string_278" HPOS="298" VPOS="1740" WIDTH="63" HEIGHT="34" WC="0.93" CONTENT="har"/><SP WIDTH="19" VPOS="1740" HPOS="361"/>
							<String ID="string_279" HPOS="380" VPOS="1741" WIDTH="383" HEIGHT="42" WC="0.91" CONTENT="departementschefen"/><SP WIDTH="18" VPOS="1741" HPOS="763"/>
							<String ID="string_280" HPOS="781" VPOS="1742" WIDTH="117" HEIGHT="34" WC="0.96" CONTENT="funnit"/><SP WIDTH="17" VPOS="1742" HPOS="898"/>
							<String ID="string_281" HPOS="915" VPOS="1743" WIDTH="83" HEIGHT="34" WC="0.96" CONTENT="böra"/><SP WIDTH="19" VPOS="1743" HPOS="998"/>
							<String ID="string_282" HPOS="1017" VPOS="1743" WIDTH="71" HEIGHT="35" WC="0.96" CONTENT="tills"/><SP WIDTH="18" VPOS="1743" HPOS="1088"/>
							<String ID="string_283" HPOS="1106" VPOS="1744" WIDTH="120" HEIGHT="34" WC="0.96" CONTENT="vidare"/><SP WIDTH="17" VPOS="1744" HPOS="1226"/>
							<String ID="string_284" HPOS="1243" VPOS="1745" WIDTH="122" HEIGHT="33" WC="0.96" CONTENT="kunna"/><SP WIDTH="18" VPOS="1745" HPOS="1365"/>
							<String ID="string_285" HPOS="1383" VPOS="1746" WIDTH="112" HEIGHT="35" WC="0.96" CONTENT="anstå."/>
						</TextLine>
					</TextBlock>
				</ComposedBlock>
				<ComposedBlock ID="cblock_2" HPOS="296" VPOS="1803" WIDTH="1493" HEIGHT="788">
					<TextBlock ID="block_6" HPOS="298" VPOS="1803" WIDTH="1491" HEIGHT="203">
						<TextLine ID="line_30" HPOS="345" VPOS="1803" WIDTH="1444" HEIGHT="47">
							<String ID="string_286" HPOS="345" VPOS="1803" WIDTH="269" HEIGHT="33" WC="0.86" CONTENT="Docenter."/><SP WIDTH="39" VPOS="1803" HPOS="614"/>
							<String ID="string_287" HPOS="653" VPOS="1804" WIDTH="222" HEIGHT="42" WC="0.96" CONTENT="Högskolans"/><SP WIDTH="30" VPOS="1804" HPOS="875"/>
							<String ID="string_288" HPOS="905" VPOS="1804" WIDTH="258" HEIGHT="44" WC="0.96" CONTENT="framställning"/><SP WIDTH="28" VPOS="1804" HPOS="1163"/>
							<String ID="string_289" HPOS="1191" VPOS="1818" WIDTH="57" HEIGHT="21" WC="0.96" CONTENT="om"/><SP WIDTH="29" VPOS="1818" HPOS="1248"/>
							<String ID="string_290" HPOS="1277" VPOS="1819" WIDTH="43" HEIGHT="22" WC="0.96" CONTENT="en"/><SP WIDTH="29" VPOS="1819" HPOS="1320"/>
							<String ID="string_291" HPOS="1349" VPOS="1807" WIDTH="130" HEIGHT="43" WC="0.96" CONTENT="ökning"/><SP WIDTH="28" VPOS="1807" HPOS="1479"/>
							<String ID="string_292" HPOS="1507" VPOS="1807" WIDTH="77" HEIGHT="35" WC="0.96" CONTENT="från"/><SP WIDTH="31" VPOS="1807" HPOS="1584"/>
							<String ID="string_293" HPOS="1615" VPOS="1809" WIDTH="65" HEIGHT="33" WC="0.96" CONTENT="och"/><SP WIDTH="29" VPOS="1809" HPOS="1680"/>
							<String ID="string_294" HPOS="1709" VPOS="1809" WIDTH="80" HEIGHT="33" WC="0.96" CONTENT="med"/>
						</TextLine>
						<TextLine ID="line_31" HPOS="299" VPOS="1855" WIDTH="1490" HEIGHT="48">
							<String ID="string_295" HPOS="299" VPOS="1858" WIDTH="102" HEIGHT="30" WC="0.96" CONTENT="nästa"/><SP WIDTH="19" VPOS="1858" HPOS="401"/>
							<String ID="string_296" HPOS="420" VPOS="1855" WIDTH="172" HEIGHT="42" WC="0.96" CONTENT="budgetår"/><SP WIDTH="19" VPOS="1855" HPOS="592"/>
							<String ID="string_297" HPOS="611" VPOS="1868" WIDTH="44" HEIGHT="21" WC="0.97" CONTENT="av"/><SP WIDTH="21" VPOS="1868" HPOS="655"/>
							<String ID="string_298" HPOS="676" VPOS="1857" WIDTH="132" HEIGHT="34" WC="0.93" CONTENT="antalet"/><SP WIDTH="67" VPOS="1857" HPOS="808"/>
							<String ID="string_299" HPOS="875" VPOS="1858" WIDTH="422" HEIGHT="43" WC="0.91" CONTENT="docentstipendier"/><SP WIDTH="59" VPOS="1858" HPOS="1297"/>
							<String ID="string_300" HPOS="1356" VPOS="1859" WIDTH="78" HEIGHT="35" WC="0.96" CONTENT="från"/><SP WIDTH="19" VPOS="1859" HPOS="1434"/>
							<String ID="string_301" HPOS="1453" VPOS="1860" WIDTH="76" HEIGHT="43" WC="0.96" CONTENT="fyra"/><SP WIDTH="22" VPOS="1860" HPOS="1529"/>
							<String ID="string_302" HPOS="1551" VPOS="1862" WIDTH="52" HEIGHT="33" WC="0.96" CONTENT="till"/><SP WIDTH="21" VPOS="1862" HPOS="1603"/>
							<String ID="string_303" HPOS="1624" VPOS="1874" WIDTH="57" HEIGHT="21" WC="0.96" CONTENT="sex"/><SP WIDTH="19" VPOS="1874" HPOS="1681"/>
							<String ID="string_304" HPOS="1700" VPOS="1862" WIDTH="10" HEIGHT="33" WC="0.93" CONTENT="i"/><SP WIDTH="20" VPOS="1862" HPOS="1710"/>
							<String ID="string_305" HPOS="1730" VPOS="1875" WIDTH="59" HEIGHT="21" WC="0.92" CONTENT="an-"/>
						</TextLine>
						<TextLine ID="line_32" HPOS="298" VPOS="1907" WIDTH="1491" HEIGHT="48">
							<String ID="string_306" HPOS="298" VPOS="1907" WIDTH="156" HEIGHT="43" WC="0.95" CONTENT="slutning"/><SP WIDTH="21" VPOS="1907" HPOS="454"/>
							<String ID="string_307" HPOS="475" VPOS="1908" WIDTH="52" HEIGHT="34" WC="0.96" CONTENT="till"/><SP WIDTH="22" VPOS="1908" HPOS="527"/>
							<String ID="string_308" HPOS="549" VPOS="1908" WIDTH="42" HEIGHT="34" WC="0.93" CONTENT="de"/><SP WIDTH="21" VPOS="1908" HPOS="591"/>
							<String ID="string_309" HPOS="612" VPOS="1909" WIDTH="237" HEIGHT="43" WC="0.90" CONTENT="sakkunnigas"/><SP WIDTH="20" VPOS="1909" HPOS="849"/>
							<String ID="string_310" HPOS="869" VPOS="1910" WIDTH="127" HEIGHT="43" WC="0.96" CONTENT="förslag"/><SP WIDTH="20" VPOS="1910" HPOS="996"/>
							<String ID="string_311" HPOS="1016" VPOS="1911" WIDTH="192" HEIGHT="43" WC="0.96" CONTENT="tillstyrkes"/><SP WIDTH="21" VPOS="1911" HPOS="1208"/>
							<String ID="string_312" HPOS="1229" VPOS="1925" WIDTH="44" HEIGHT="20" WC="0.93" CONTENT="av"/><SP WIDTH="22" VPOS="1925" HPOS="1273"/>
							<String ID="string_313" HPOS="1295" VPOS="1913" WIDTH="395" HEIGHT="42" WC="0.91" CONTENT="departementschefen."/><SP WIDTH="33" VPOS="1913" HPOS="1690"/>
							<String ID="string_314" HPOS="1723" VPOS="1915" WIDTH="66" HEIGHT="33" WC="0.96" CONTENT="För"/>
						</TextLine>
						<TextLine ID="line_33" HPOS="299" VPOS="1960" WIDTH="1244" HEIGHT="46">
							<String ID="string_315" HPOS="299" VPOS="1960" WIDTH="99" HEIGHT="34" WC="0.96" CONTENT="detta"/><SP WIDTH="16" VPOS="1960" HPOS="398"/>
							<String ID="string_316" HPOS="414" VPOS="1961" WIDTH="161" HEIGHT="33" WC="0.94" CONTENT="ändamål"/><SP WIDTH="18" VPOS="1961" HPOS="575"/>
							<String ID="string_317" HPOS="593" VPOS="1961" WIDTH="190" HEIGHT="43" WC="0.95" CONTENT="tillstyrkes"/><SP WIDTH="19" VPOS="1961" HPOS="783"/>
							<String ID="string_318" HPOS="802" VPOS="1975" WIDTH="42" HEIGHT="21" WC="0.93" CONTENT="en"/><SP WIDTH="19" VPOS="1975" HPOS="844"/>
							<String ID="string_319" HPOS="863" VPOS="1963" WIDTH="283" HEIGHT="43" WC="0.91" CONTENT="anslagshöjning"/><SP WIDTH="17" VPOS="1963" HPOS="1146"/>
							<String ID="string_320" HPOS="1163" VPOS="1966" WIDTH="80" HEIGHT="33" WC="0.96" CONTENT="med"/><SP WIDTH="20" VPOS="1966" HPOS="1243"/>
							<String ID="string_321" HPOS="1263" VPOS="1968" WIDTH="41" HEIGHT="30" WC="0.96" CONTENT="12"/><SP WIDTH="14" VPOS="1968" HPOS="1304"/>
							<String ID="string_322" HPOS="1318" VPOS="1969" WIDTH="66" HEIGHT="31" WC="0.96" CONTENT="000"/><SP WIDTH="20" VPOS="1969" HPOS="1384"/>
							<String ID="string_323" HPOS="1404" VPOS="1966" WIDTH="139" HEIGHT="34" WC="0.96" CONTENT="kronor."/>
						</TextLine>
					</TextBlock>
					<TextBlock ID="block_7" HPOS="296" VPOS="2013" WIDTH="1493" HEIGHT="578">
						<TextLine ID="line_34" HPOS="344" VPOS="2013" WIDTH="1445" HEIGHT="49">
							<String ID="string_324" HPOS="344" VPOS="2013" WIDTH="319" HEIGHT="43" WC="0.96" CONTENT="Tillfälliga"/><SP WIDTH="36" VPOS="2013" HPOS="663"/>
							<String ID="string_325" HPOS="699" VPOS="2016" WIDTH="172" HEIGHT="33" WC="0.96" CONTENT="lärare"/><SP WIDTH="34" VPOS="2016" HPOS="871"/>
							<String ID="string_326" HPOS="905" VPOS="2016" WIDTH="89" HEIGHT="33" WC="0.96" CONTENT="och"/><SP WIDTH="35" VPOS="2016" HPOS="994"/>
							<String ID="string_327" HPOS="1029" VPOS="2017" WIDTH="325" HEIGHT="35" WC="0.94" CONTENT="assistenter."/><SP WIDTH="26" VPOS="2017" HPOS="1354"/>
							<String ID="string_328" HPOS="1380" VPOS="2018" WIDTH="69" HEIGHT="34" WC="0.94" CONTENT="Vid"/><SP WIDTH="16" VPOS="2018" HPOS="1449"/>
							<String ID="string_329" HPOS="1465" VPOS="2019" WIDTH="51" HEIGHT="33" WC="0.96" CONTENT="sin"/><SP WIDTH="16" VPOS="2019" HPOS="1516"/>
							<String ID="string_330" HPOS="1532" VPOS="2020" WIDTH="257" HEIGHT="42" WC="0.96" CONTENT="uppskattning"/>
						</TextLine>
						<TextLine ID="line_35" HPOS="299" VPOS="2067" WIDTH="1490" HEIGHT="49">
							<String ID="string_331" HPOS="299" VPOS="2078" WIDTH="45" HEIGHT="21" WC="0.93" CONTENT="av"/><SP WIDTH="27" VPOS="2078" HPOS="344"/>
							<String ID="string_332" HPOS="371" VPOS="2067" WIDTH="286" HEIGHT="35" WC="0.92" CONTENT="medelsbehovet"/><SP WIDTH="28" VPOS="2067" HPOS="657"/>
							<String ID="string_333" HPOS="685" VPOS="2067" WIDTH="53" HEIGHT="34" WC="0.97" CONTENT="för"/><SP WIDTH="27" VPOS="2067" HPOS="738"/>
							<String ID="string_334" HPOS="765" VPOS="2071" WIDTH="101" HEIGHT="31" WC="0.97" CONTENT="nästa"/><SP WIDTH="26" VPOS="2071" HPOS="866"/>
							<String ID="string_335" HPOS="892" VPOS="2069" WIDTH="170" HEIGHT="42" WC="0.96" CONTENT="budgetår"/><SP WIDTH="26" VPOS="2069" HPOS="1062"/>
							<String ID="string_336" HPOS="1088" VPOS="2069" WIDTH="64" HEIGHT="35" WC="0.93" CONTENT="har"/><SP WIDTH="28" VPOS="2069" HPOS="1152"/>
							<String ID="string_337" HPOS="1180" VPOS="2071" WIDTH="384" HEIGHT="42" WC="0.92" CONTENT="departementschefen"/><SP WIDTH="28" VPOS="2071" HPOS="1564"/>
							<String ID="string_338" HPOS="1592" VPOS="2072" WIDTH="118" HEIGHT="35" WC="0.96" CONTENT="funnit"/><SP WIDTH="29" VPOS="2072" HPOS="1710"/>
							<String ID="string_339" HPOS="1739" VPOS="2073" WIDTH="50" HEIGHT="43" WC="0.96" CONTENT="sig"/>
						</TextLine>
						<TextLine ID="line_36" HPOS="298" VPOS="2119" WIDTH="1490" HEIGHT="46">
							<String ID="string_340" HPOS="298" VPOS="2119" WIDTH="84" HEIGHT="34" WC="0.96" CONTENT="böra"/><SP WIDTH="22" VPOS="2119" HPOS="382"/>
							<String ID="string_341" HPOS="404" VPOS="2120" WIDTH="109" HEIGHT="33" WC="0.96" CONTENT="räkna"/><SP WIDTH="21" VPOS="2120" HPOS="513"/>
							<String ID="string_342" HPOS="534" VPOS="2121" WIDTH="80" HEIGHT="33" WC="0.96" CONTENT="med"/><SP WIDTH="23" VPOS="2121" HPOS="614"/>
							<String ID="string_343" HPOS="637" VPOS="2133" WIDTH="44" HEIGHT="21" WC="0.96" CONTENT="en"/><SP WIDTH="23" VPOS="2133" HPOS="681"/>
							<String ID="string_344" HPOS="704" VPOS="2122" WIDTH="211" HEIGHT="42" WC="0.95" CONTENT="anställning"/><SP WIDTH="22" VPOS="2122" HPOS="915"/>
							<String ID="string_345" HPOS="937" VPOS="2134" WIDTH="45" HEIGHT="21" WC="0.96" CONTENT="av"/><SP WIDTH="22" VPOS="2134" HPOS="982"/>
							<String ID="string_346" HPOS="1004" VPOS="2123" WIDTH="202" HEIGHT="42" WC="0.96" CONTENT="ytterligare"/><SP WIDTH="20" VPOS="2123" HPOS="1206"/>
							<String ID="string_347" HPOS="1226" VPOS="2124" WIDTH="50" HEIGHT="33" WC="0.96" CONTENT="tio"/><SP WIDTH="22" VPOS="2124" HPOS="1276"/>
							<String ID="string_348" HPOS="1298" VPOS="2123" WIDTH="105" HEIGHT="35" WC="0.96" CONTENT="förste"/><SP WIDTH="24" VPOS="2123" HPOS="1403"/>
							<String ID="string_349" HPOS="1427" VPOS="2125" WIDTH="210" HEIGHT="35" WC="0.96" CONTENT="assistenter."/><SP WIDTH="23" VPOS="2125" HPOS="1637"/>
							<String ID="string_350" HPOS="1660" VPOS="2126" WIDTH="128" HEIGHT="34" WC="0.96" CONTENT="Vidare"/>
						</TextLine>
						<TextLine ID="line_37" HPOS="298" VPOS="2172" WIDTH="1490" HEIGHT="47">
							<String ID="string_351" HPOS="298" VPOS="2172" WIDTH="170" HEIGHT="34" WC="0.93" CONTENT="beräknar"/><SP WIDTH="16" VPOS="2172" HPOS="468"/>
							<String ID="string_352" HPOS="484" VPOS="2174" WIDTH="384" HEIGHT="41" WC="0.91" CONTENT="departementschefen"/><SP WIDTH="15" VPOS="2174" HPOS="868"/>
							<String ID="string_353" HPOS="883" VPOS="2180" WIDTH="53" HEIGHT="29" WC="0.96" CONTENT="ett"/><SP WIDTH="16" VPOS="2180" HPOS="936"/>
							<String ID="string_354" HPOS="952" VPOS="2175" WIDTH="96" HEIGHT="34" WC="0.96" CONTENT="bifall"/><SP WIDTH="18" VPOS="2175" HPOS="1048"/>
							<String ID="string_355" HPOS="1066" VPOS="2176" WIDTH="53" HEIGHT="33" WC="0.96" CONTENT="till"/><SP WIDTH="16" VPOS="2176" HPOS="1119"/>
							<String ID="string_356" HPOS="1135" VPOS="2177" WIDTH="69" HEIGHT="33" WC="0.96" CONTENT="vad"/><SP WIDTH="16" VPOS="2177" HPOS="1204"/>
							<String ID="string_357" HPOS="1220" VPOS="2177" WIDTH="147" HEIGHT="42" WC="0.93" CONTENT="tidigare"/><SP WIDTH="14" VPOS="2177" HPOS="1367"/>
							<String ID="string_358" HPOS="1381" VPOS="2178" WIDTH="173" HEIGHT="34" WC="0.90" CONTENT="förordats"/><SP WIDTH="16" VPOS="2178" HPOS="1554"/>
							<String ID="string_359" HPOS="1570" VPOS="2178" WIDTH="218" HEIGHT="35" WC="0.96" CONTENT="beträffande"/>
						</TextLine>
						<TextLine ID="line_38" HPOS="297" VPOS="2225" WIDTH="1490" HEIGHT="49">
							<String ID="string_360" HPOS="297" VPOS="2225" WIDTH="448" HEIGHT="44" WC="0.90" CONTENT="assistentersättningarna"/><SP WIDTH="23" VPOS="2225" HPOS="745"/>
							<String ID="string_361" HPOS="768" VPOS="2226" WIDTH="179" HEIGHT="35" WC="0.96" CONTENT="föranleda"/><SP WIDTH="24" VPOS="2226" HPOS="947"/>
							<String ID="string_362" HPOS="971" VPOS="2241" WIDTH="42" HEIGHT="21" WC="0.96" CONTENT="en"/><SP WIDTH="24" VPOS="2241" HPOS="1013"/>
							<String ID="string_363" HPOS="1037" VPOS="2229" WIDTH="147" HEIGHT="43" WC="0.96" CONTENT="höjning"/><SP WIDTH="25" VPOS="2229" HPOS="1184"/>
							<String ID="string_364" HPOS="1209" VPOS="2242" WIDTH="44" HEIGHT="21" WC="0.96" CONTENT="av"/><SP WIDTH="25" VPOS="2242" HPOS="1253"/>
							<String ID="string_365" HPOS="1278" VPOS="2230" WIDTH="228" HEIGHT="35" WC="0.93" CONTENT="förevarande"/><SP WIDTH="26" VPOS="2230" HPOS="1506"/>
							<String ID="string_366" HPOS="1532" VPOS="2232" WIDTH="148" HEIGHT="42" WC="0.91" CONTENT="delpost."/><SP WIDTH="26" VPOS="2232" HPOS="1680"/>
							<String ID="string_367" HPOS="1706" VPOS="2232" WIDTH="81" HEIGHT="34" WC="0.96" CONTENT="Mot"/>
						</TextLine>
						<TextLine ID="line_39" HPOS="297" VPOS="2279" WIDTH="1490" HEIGHT="49">
							<String ID="string_368" HPOS="297" VPOS="2290" WIDTH="45" HEIGHT="21" WC="0.92" CONTENT="av"/><SP WIDTH="24" VPOS="2290" HPOS="342"/>
							<String ID="string_369" HPOS="366" VPOS="2279" WIDTH="251" HEIGHT="42" WC="0.91" CONTENT="lärarkollegiet"/><SP WIDTH="26" VPOS="2279" HPOS="617"/>
							<String ID="string_370" HPOS="643" VPOS="2280" WIDTH="109" HEIGHT="34" WC="0.92" CONTENT="äskad"/><SP WIDTH="24" VPOS="2280" HPOS="752"/>
							<String ID="string_371" HPOS="776" VPOS="2281" WIDTH="293" HEIGHT="43" WC="0.89" CONTENT="arvodeshöjning"/><SP WIDTH="23" VPOS="2281" HPOS="1069"/>
							<String ID="string_372" HPOS="1092" VPOS="2282" WIDTH="53" HEIGHT="35" WC="0.96" CONTENT="till"/><SP WIDTH="25" VPOS="2282" HPOS="1145"/>
							<String ID="string_373" HPOS="1170" VPOS="2286" WIDTH="99" HEIGHT="31" WC="0.84" CONTENT="4500"/><SP WIDTH="25" VPOS="2286" HPOS="1269"/>
							<String ID="string_374" HPOS="1294" VPOS="2283" WIDTH="130" HEIGHT="34" WC="0.96" CONTENT="kronor"/><SP WIDTH="22" VPOS="2283" HPOS="1424"/>
							<String ID="string_375" HPOS="1446" VPOS="2284" WIDTH="52" HEIGHT="34" WC="0.96" CONTENT="för"/><SP WIDTH="26" VPOS="2284" HPOS="1498"/>
							<String ID="string_376" HPOS="1524" VPOS="2285" WIDTH="67" HEIGHT="33" WC="0.95" CONTENT="den"/><SP WIDTH="27" VPOS="2285" HPOS="1591"/>
							<String ID="string_377" HPOS="1618" VPOS="2285" WIDTH="169" HEIGHT="43" WC="0.95" CONTENT="tillfällige"/>
						</TextLine>
						<TextLine ID="line_40" HPOS="296" VPOS="2331" WIDTH="1490" HEIGHT="50">
							<String ID="string_378" HPOS="296" VPOS="2331" WIDTH="136" HEIGHT="34" WC="0.96" CONTENT="läraren"/><SP WIDTH="20" VPOS="2331" HPOS="432"/>
							<String ID="string_379" HPOS="452" VPOS="2332" WIDTH="11" HEIGHT="33" WC="0.96" CONTENT="i"/><SP WIDTH="18" VPOS="2332" HPOS="463"/>
							<String ID="string_380" HPOS="481" VPOS="2332" WIDTH="137" HEIGHT="42" WC="0.96" CONTENT="geodesi"/><SP WIDTH="25" VPOS="2332" HPOS="618"/>
							<String ID="string_381" HPOS="643" VPOS="2333" WIDTH="4" HEIGHT="33" WC="0.96" CONTENT="i"/><SP WIDTH="21" VPOS="2333" HPOS="647"/>
							<String ID="string_382" HPOS="668" VPOS="2333" WIDTH="172" HEIGHT="34" WC="0.96" CONTENT="samband"/><SP WIDTH="19" VPOS="2333" HPOS="840"/>
							<String ID="string_383" HPOS="859" VPOS="2335" WIDTH="80" HEIGHT="33" WC="0.96" CONTENT="med"/><SP WIDTH="20" VPOS="2335" HPOS="939"/>
							<String ID="string_384" HPOS="959" VPOS="2347" WIDTH="42" HEIGHT="21" WC="0.96" CONTENT="en"/><SP WIDTH="19" VPOS="2347" HPOS="1001"/>
							<String ID="string_385" HPOS="1020" VPOS="2335" WIDTH="173" HEIGHT="43" WC="0.95" CONTENT="utökning"/><SP WIDTH="18" VPOS="2335" HPOS="1193"/>
							<String ID="string_386" HPOS="1211" VPOS="2349" WIDTH="45" HEIGHT="21" WC="0.96" CONTENT="av"/><SP WIDTH="20" VPOS="2349" HPOS="1256"/>
							<String ID="string_387" HPOS="1276" VPOS="2337" WIDTH="129" HEIGHT="33" WC="0.93" CONTENT="dennes"/><SP WIDTH="20" VPOS="2337" HPOS="1405"/>
							<String ID="string_388" HPOS="1425" VPOS="2338" WIDTH="361" HEIGHT="43" WC="0.91" CONTENT="undervisningsskyl-"/>
						</TextLine>
						<TextLine ID="line_41" HPOS="297" VPOS="2383" WIDTH="1490" HEIGHT="47">
							<String ID="string_389" HPOS="297" VPOS="2383" WIDTH="119" HEIGHT="43" WC="0.96" CONTENT="dighet"/><SP WIDTH="20" VPOS="2383" HPOS="416"/>
							<String ID="string_390" HPOS="436" VPOS="2384" WIDTH="62" HEIGHT="34" WC="0.93" CONTENT="har"/><SP WIDTH="20" VPOS="2384" HPOS="498"/>
							<String ID="string_391" HPOS="518" VPOS="2385" WIDTH="383" HEIGHT="42" WC="0.91" CONTENT="departementschefen"/><SP WIDTH="20" VPOS="2385" HPOS="901"/>
							<String ID="string_392" HPOS="921" VPOS="2388" WIDTH="103" HEIGHT="42" WC="0.96" CONTENT="ingen"/><SP WIDTH="19" VPOS="2388" HPOS="1024"/>
							<String ID="string_393" HPOS="1043" VPOS="2388" WIDTH="151" HEIGHT="34" WC="0.93" CONTENT="erinran."/><SP WIDTH="17" VPOS="2388" HPOS="1194"/>
							<String ID="string_394" HPOS="1211" VPOS="2389" WIDTH="159" HEIGHT="35" WC="0.91" CONTENT="Arvodet"/><SP WIDTH="19" VPOS="2389" HPOS="1370"/>
							<String ID="string_395" HPOS="1389" VPOS="2402" WIDTH="98" HEIGHT="22" WC="0.96" CONTENT="avses"/><SP WIDTH="21" VPOS="2402" HPOS="1487"/>
							<String ID="string_396" HPOS="1508" VPOS="2390" WIDTH="52" HEIGHT="34" WC="0.96" CONTENT="för"/><SP WIDTH="19" VPOS="2390" HPOS="1560"/>
							<String ID="string_397" HPOS="1579" VPOS="2395" WIDTH="102" HEIGHT="30" WC="0.93" CONTENT="nästa"/><SP WIDTH="19" VPOS="2395" HPOS="1681"/>
							<String ID="string_398" HPOS="1700" VPOS="2392" WIDTH="87" HEIGHT="33" WC="0.92" CONTENT="bud-"/>
						</TextLine>
						<TextLine ID="line_42" HPOS="297" VPOS="2438" WIDTH="1489" HEIGHT="47">
							<String ID="string_399" HPOS="297" VPOS="2438" WIDTH="96" HEIGHT="41" WC="0.92" CONTENT="getår"/><SP WIDTH="24" VPOS="2438" HPOS="393"/>
							<String ID="string_400" HPOS="417" VPOS="2438" WIDTH="97" HEIGHT="34" WC="0.96" CONTENT="skola"/><SP WIDTH="22" VPOS="2438" HPOS="514"/>
							<String ID="string_401" HPOS="536" VPOS="2438" WIDTH="172" HEIGHT="35" WC="0.96" CONTENT="bestridas"/><SP WIDTH="22" VPOS="2438" HPOS="708"/>
							<String ID="string_402" HPOS="730" VPOS="2439" WIDTH="78" HEIGHT="34" WC="0.96" CONTENT="från"/><SP WIDTH="23" VPOS="2439" HPOS="808"/>
							<String ID="string_403" HPOS="831" VPOS="2440" WIDTH="115" HEIGHT="34" WC="0.93" CONTENT="denna"/><SP WIDTH="22" VPOS="2440" HPOS="946"/>
							<String ID="string_404" HPOS="968" VPOS="2441" WIDTH="148" HEIGHT="42" WC="0.90" CONTENT="delpost."/><SP WIDTH="34" VPOS="2441" HPOS="1116"/>
							<String ID="string_405" HPOS="1150" VPOS="2442" WIDTH="20" HEIGHT="33" WC="0.96" CONTENT="I"/><SP WIDTH="22" VPOS="2442" HPOS="1170"/>
							<String ID="string_406" HPOS="1192" VPOS="2443" WIDTH="203" HEIGHT="42" WC="0.96" CONTENT="anslutning"/><SP WIDTH="20" VPOS="2443" HPOS="1395"/>
							<String ID="string_407" HPOS="1415" VPOS="2443" WIDTH="118" HEIGHT="34" WC="0.96" CONTENT="härtill"/><SP WIDTH="21" VPOS="2443" HPOS="1533"/>
							<String ID="string_408" HPOS="1554" VPOS="2444" WIDTH="67" HEIGHT="33" WC="0.96" CONTENT="och"/><SP WIDTH="23" VPOS="2444" HPOS="1621"/>
							<String ID="string_409" HPOS="1644" VPOS="2444" WIDTH="54" HEIGHT="33" WC="0.93" CONTENT="för"/><SP WIDTH="23" VPOS="2444" HPOS="1698"/>
							<String ID="string_410" HPOS="1721" VPOS="2445" WIDTH="65" HEIGHT="33" WC="0.90" CONTENT="till-"/>
						</TextLine>
						<TextLine ID="line_43" HPOS="296" VPOS="2490" WIDTH="1490" HEIGHT="47">
							<String ID="string_411" HPOS="296" VPOS="2490" WIDTH="217" HEIGHT="42" WC="0.92" CONTENT="godoseende"/><SP WIDTH="15" VPOS="2490" HPOS="513"/>
							<String ID="string_412" HPOS="528" VPOS="2503" WIDTH="46" HEIGHT="22" WC="0.96" CONTENT="av"/><SP WIDTH="15" VPOS="2503" HPOS="574"/>
							<String ID="string_413" HPOS="589" VPOS="2491" WIDTH="121" HEIGHT="43" WC="0.96" CONTENT="övriga"/><SP WIDTH="16" VPOS="2491" HPOS="710"/>
							<String ID="string_414" HPOS="726" VPOS="2492" WIDTH="80" HEIGHT="34" WC="0.96" CONTENT="med"/><SP WIDTH="16" VPOS="2492" HPOS="806"/>
							<String ID="string_415" HPOS="822" VPOS="2492" WIDTH="264" HEIGHT="43" WC="0.93" CONTENT="ifrågavarande"/><SP WIDTH="16" VPOS="2492" HPOS="1086"/>
							<String ID="string_416" HPOS="1102" VPOS="2495" WIDTH="250" HEIGHT="42" WC="0.91" CONTENT="anslagsmedel"/><SP WIDTH="17" VPOS="2495" HPOS="1352"/>
							<String ID="string_417" HPOS="1369" VPOS="2496" WIDTH="155" HEIGHT="33" WC="0.96" CONTENT="avsedda"/><SP WIDTH="17" VPOS="2496" HPOS="1524"/>
							<String ID="string_418" HPOS="1541" VPOS="2497" WIDTH="162" HEIGHT="34" WC="0.91" CONTENT="ändamål"/><SP WIDTH="17" VPOS="2497" HPOS="1703"/>
							<String ID="string_419" HPOS="1720" VPOS="2498" WIDTH="66" HEIGHT="33" WC="0.91" CONTENT="till-"/>
						</TextLine>
						<TextLine ID="line_44" HPOS="296" VPOS="2543" WIDTH="1490" HEIGHT="48">
							<String ID="string_420" HPOS="296" VPOS="2543" WIDTH="140" HEIGHT="43" WC="0.93" CONTENT="styrker"/><SP WIDTH="17" VPOS="2543" HPOS="436"/>
							<String ID="string_421" HPOS="453" VPOS="2544" WIDTH="384" HEIGHT="42" WC="0.92" CONTENT="departementschefen"/><SP WIDTH="19" VPOS="2544" HPOS="837"/>
							<String ID="string_422" HPOS="856" VPOS="2558" WIDTH="43" HEIGHT="21" WC="0.96" CONTENT="en"/><SP WIDTH="19" VPOS="2558" HPOS="899"/>
							<String ID="string_423" HPOS="918" VPOS="2546" WIDTH="238" HEIGHT="44" WC="0.96" CONTENT="förstärkning"/><SP WIDTH="17" VPOS="2546" HPOS="1156"/>
							<String ID="string_424" HPOS="1173" VPOS="2560" WIDTH="45" HEIGHT="21" WC="0.93" CONTENT="av"/><SP WIDTH="18" VPOS="2560" HPOS="1218"/>
							<String ID="string_425" HPOS="1236" VPOS="2548" WIDTH="360" HEIGHT="43" WC="0.91" CONTENT="medelsanvisningen"/><SP WIDTH="20" VPOS="2548" HPOS="1596"/>
							<String ID="string_426" HPOS="1616" VPOS="2549" WIDTH="53" HEIGHT="35" WC="0.96" CONTENT="för"/><SP WIDTH="18" VPOS="2549" HPOS="1669"/>
							<String ID="string_427" HPOS="1687" VPOS="2553" WIDTH="99" HEIGHT="31" WC="0.96" CONTENT="nästa"/>
						</TextLine>
					</TextBlock>
				</ComposedBlock>
			</PrintSpace>
		</Page>
	</Layout>
</alto>
