1882 2808
101 1361 143 26 Utskottet.

305 162 41 30 46
719 162 289 37 Statsutskottets
1031 164 183 36 utlåtande
1238 177 41 23 nr
1297 170 73 38 242.

307 251 71 22 ner.
397 240 138 34 Härvid
554 240 210 36 förutsätter
782 243 69 42 jag,
872 248 56 30 att
949 257 43 21 en
1012 247 251 33 motsvarande
1284 246 146 44 höjning
1450 260 46 22 av
1518 249 268 43 arvodesbelop-

306 296 67 30 pen
392 284 170 43 vidtages.
580 287 18 32 I
617 286 154 43 enlighet
789 287 145 35 härmed
952 289 64 34 har
1033 289 59 43 jag
1109 289 120 35 funnit
1249 291 71 43 mig
1339 292 85 34 böra
1443 293 61 33 vid
1523 294 263 42 anslagsberäk-

306 328 127 43 ningen
452 330 86 42 utgå
555 329 77 35 från
652 343 44 22 en
715 333 243 43 sammanlagd
977 334 297 44 arvodeshöjning
1294 336 53 33 för
1367 336 268 43 ifrågavarande
1656 338 130 34 befatt-

306 373 232 42 ningshavare
556 375 80 34 med
657 379 66 31 800
743 376 140 35 kronor.

767 491 182 35 Chalmers
969 492 158 35 tekniska
1147 494 179 42 högskola.

347 559 349 44 Högskolestyrelsen
727 562 63 33 har
817 563 182 35 hemställt
1026 577 57 21 om
1112 565 201 35 inrättande
1341 579 44 21 av
1414 578 42 22 en
1486 568 200 43 befattning
1714 581 75 22 som

301 612 176 41 gårdskarl
492 613 9 33 i
514 613 209 43 lönegraden
736 615 54 33 Eo
800 619 31 30 7.
849 616 398 44 Departementschefen
1262 619 63 34 har
1343 619 115 35 anfört
1476 622 226 42 att
1557 608 19 60 —
1594 622 108 42 enligt
1719 622 69 34 vad

301 664 11 33 i
328 665 144 34 ärendet
489 666 102 34 blivit
607 668 250 42 upplyst
780 660 23 59 —
820 660 38 59 de
874 671 165 41 göromål,
1055 670 51 34 för
1123 672 96 33 vilka
1236 672 114 34 denna
1364 673 112 42 tjänst
1493 679 145 35 avsetts,
1648 675 142 34 komme

301 721 55 30 att
377 718 11 33 i
409 718 187 35 huvudsak
618 720 134 34 utföras
775 733 124 30 genom
922 723 372 44 byggnadsstyrelsens
1316 725 142 44 försorg.
1481 728 68 33 Vid
1573 728 125 35 sådant
1721 728 67 34 för-

301 770 160 35 hållande
483 771 184 35 förefinnes
692 774 109 42 enligt
824 775 383 42 departementschefen
1230 778 75 34 icke
1328 779 107 42 något
1458 780 115 34 behov
1595 793 45 21 av
1665 781 122 43 ifråga-

301 824 155 33 varande
477 824 354 44 befattningshavare.
852 828 102 34 Vissa
973 829 130 43 bestyr,
1123 843 75 21 som
1222 831 121 34 tänkts
1364 832 96 34 skola
1479 833 92 34 åvila
1593 834 122 42 denne,
1736 835 52 33 så-

301 888 73 22 som
404 877 249 44 sophämtning
681 880 60 34 vid
771 880 41 34 de
840 881 93 33 olika
960 882 286 36 institutionerna
1274 885 64 33 och
1366 886 250 43 vakthållning,
1643 887 144 34 kvarstå

299 930 189 34 emellertid
511 930 52 34 för
586 931 210 43 högskolans
818 934 65 34 del.
908 934 86 35 Med
1018 936 136 43 hänsyn
1176 936 118 35 härtill
1318 938 62 33 har
1404 938 383 43 departementschefen

300 981 117 35 funnit
434 983 52 42 sig
503 983 81 34 böra
601 984 139 35 förorda
758 998 42 21 en
817 987 315 45 medelsanvisning
1151 1002 44 21 av
1213 994 19 29 2
1248 994 65 30 000
1329 991 129 34 kronor
1475 993 52 33 till
1544 997 96 30 extra
1656 994 132 33 arbets-

299 1034 97 43 hjälp
418 1035 53 34 för
492 1037 281 43 ombesörjandet
795 1052 44 21 av
862 1040 121 42 dylika
1004 1042 188 42 uppgifter.

343 1088 19 32 I
381 1089 201 43 anslutning
600 1091 52 33 till
673 1092 69 33 vad
763 1104 74 22 som
856 1092 175 36 förordats
1052 1095 218 34 beträffande
1289 1098 247 34 motsvarande
1556 1098 230 44 befattnings-

298 1140 128 35 havare
447 1142 60 34 vid
522 1143 162 34 tekniska
701 1145 191 42 högskolan
911 1147 10 33 i
940 1147 204 35 Stockholm
1162 1149 141 33 föreslår
1321 1151 392 42 departementschefen,
1732 1157 54 29 att

299 1193 386 46 tjänstebenämningen
715 1197 127 35 »förste
871 1199 260 35 vaktmästare»
1162 1201 126 35 ändras
1318 1203 50 33 till
1400 1203 126 34 »förste
1555 1201 231 52 expeditions-

298 1246 120 35 vakt».

345 1353 187 35 Utskottet
566 1355 156 34 biträder
755 1357 69 33 vad
856 1357 388 42 departementschefen
1266 1361 110 34 under
1396 1361 231 36 förevarande
1649 1363 136 33 avsnitt

299 1405 189 44 föreslagit.

345 1460 18 33 I
389 1461 178 33 motionen
593 1462 30 33 I:
637 1466 66 30 340
729 1463 64 34 har
818 1463 110 42 gjorts
955 1464 259 44 framställning
1240 1479 57 22 om
1324 1480 43 21 en
1394 1469 319 43 medelsanvisning
1739 1482 45 21 av

299 1516 42 30 25
356 1517 65 30 000
444 1514 128 34 kronor
592 1514 54 34 för
668 1517 220 34 anställande
911 1530 46 21 av
978 1518 373 36 laboratoriebiträden
1372 1522 60 33 vid
1452 1522 163 35 tekniska
1636 1523 147 42 högsko-

300 1566 57 33 lan
373 1566 11 33 i
399 1566 216 35 Stockholm.
631 1568 188 35 Utskottet
835 1570 64 33 har
913 1570 77 34 icke
1005 1571 117 34 funnit
1138 1572 52 42 sig
1205 1573 85 34 böra
1305 1574 177 43 tillstyrka
1499 1575 98 35 bifall
1613 1577 53 33 till
1682 1576 101 33 detta

296 1617 138 44 förslag.
452 1620 182 34 Utskottet
652 1621 208 35 förutsätter
877 1624 203 43 emellertid,
1097 1630 54 29 att
1169 1626 133 43 Kungl.
1320 1627 108 43 Maj:t
1445 1629 63 33 har
1526 1630 51 33 sin
1595 1631 189 41 uppmärk-

299 1671 137 34 samhet
453 1672 117 34 riktad
587 1674 46 41 på
649 1673 268 43 ifrågavarande
935 1678 169 40 spörsmål
1121 1678 77 40 och,
1216 1679 118 34 därest
1352 1679 241 36 erfarenheten
1609 1682 97 42 giver
1723 1682 58 34 vid

298 1724 139 34 handen
460 1730 54 29 att
538 1726 114 34 behov
675 1739 46 21 av
745 1728 120 42 dylika
888 1729 164 34 biträden
1073 1730 191 43 föreligger,
1289 1733 159 42 vidtager
1471 1735 163 42 åtgärder
1655 1736 10 33 i
1689 1735 93 43 syfte

299 1782 54 28 att
371 1777 183 43 tillgodose
572 1779 100 34 detta
692 1780 126 34 behov.
836 1782 88 33 Med
943 1783 71 33 vad
1032 1783 148 35 sålunda
1199 1784 135 36 anförts
1351 1787 101 34 torde
1471 1788 181 35 motionen
1671 1789 29 32 I:
1716 1792 66 30 340

296 1850 44 4 —
359 1831 108 34 såvitt
486 1844 46 21 nu
553 1836 37 29 är
611 1833 10 33 i
640 1832 97 43 fråga
755 1854 45 4 —
818 1834 33 33 få
872 1847 99 22 anses
991 1836 179 35 besvarad.

343 1883 55 33 Av
417 1884 67 33 den
503 1884 162 35 lämnade
682 1886 241 42 redogörelsen
940 1888 165 43 framgår,
1122 1895 55 29 att
1196 1891 44 34 de
1255 1893 64 33 två
1336 1893 351 43 portvaktstjänster,
1705 1907 75 21 som

296 1936 143 34 komma
463 1942 55 29 att
541 1938 192 35 bibehållas
759 1940 59 33 vid
841 1940 164 36 tekniska
1031 1943 193 41 högskolan
1248 1945 10 33 i
1283 1943 215 44 Stockholm,
1524 1947 97 35 skola
1645 1947 37 35 få
1705 1948 76 33 sina

295 1989 354 43 avlöningsförmåner
668 1992 44 42 på
734 1993 35 33 så
789 1996 70 32 sätt
878 1995 185 41 reglerade,
1083 2001 53 29 att
1156 1996 180 35 förmånen
1356 2011 44 21 av
1419 1999 44 34 fri
1483 2001 125 35 bostad
1629 2008 92 29 samt
1739 2002 42 34 fri

295 2043 260 42 uppvärmning
575 2044 64 33 och
662 2045 182 43 belysning
864 2050 149 32 ersättas
1035 2061 44 21 av
1100 2062 42 21 en
1163 2052 250 34 motsvarande
1434 2053 145 44 höjning
1600 2067 44 21 av
1666 2056 42 33 de
1729 2056 52 33 till

296 2095 262 35 vederbörande
579 2098 176 41 utgående
777 2100 332 44 arvodesbeloppen.
1130 2102 189 35 Utskottet
1340 2106 103 40 utgår
1464 2105 102 42 ifrån,
1588 2112 55 29 att
1664 2108 115 34 denna

297 2148 195 43 anordning
516 2149 75 35 icke
614 2150 160 34 kommer
797 2157 54 29 att
876 2153 159 35 medföra
1059 2155 115 42 någon
1199 2156 202 44 minskning
1424 2171 46 21 av
1494 2159 67 34 den
1586 2161 196 42 ersättning

295 2199 267 43 ifrågavarande
582 2204 362 43 anställningshavare
962 2219 48 22 nu
1032 2208 142 42 åtnjuta
1193 2208 78 35 från
1290 2209 202 43 högskolan.
