<?xml version="1.0" encoding="UTF-8"?>
<alto xmlns="http://www.loc.gov/standards/alto/ns-v3#" xmlns:xlink="http://www.w3.org/1999/xlink" xmlns:xsi="http://www.w3.org/2001/XMLSchema-instance" xsi:schemaLocation="http://www.loc.gov/standards/alto/ns-v3# http://www.loc.gov/alto/v3/alto-3-0.xsd">
	<Description>
		<MeasurementUnit>pixel</MeasurementUnit>
		<sourceImageInformation>
			<fileName>/tmp/tess_nth1_3te_input.PNG</fileName>
		</sourceImageInformation>
		<OCRProcessing ID="OCR_0">
			<ocrProcessingStep>
				<processingSoftware>
					<softwareName>tesseract 5.3.0</softwareName>
				</processingSoftware>
			</ocrProcessingStep>
		</OCRProcessing>
	</Description>
	<Layout>
		<Page WIDTH="1872" HEIGHT="2778" PHYSICAL_IMG_NR="0" ID="page_0">
			<PrintSpace HPOS="0" VPOS="0" WIDTH="1872" HEIGHT="2778">
				<ComposedBlock ID="cblock_0" HPOS="1605" VPOS="140" WIDTH="16" HEIGHT="29">
					<TextBlock ID="block_0" HPOS="1605" VPOS="140" WIDTH="16" HEIGHT="29">
						<TextLine ID="line_0" HPOS="1605" VPOS="140" WIDTH="16" HEIGHT="29">
							<String ID="string_0" HPOS="1605" VPOS="140" WIDTH="16" HEIGHT="29" WC="0.33" CONTENT="bn"/><SP WIDTH="-20" VPOS="140" HPOS="1621"/>
							<String ID="string_1" HPOS="1601" VPOS="136" WIDTH="29" HEIGHT="7" WC="0.69" CONTENT="|"/>
						</TextLine>
					</TextBlock>
				</ComposedBlock>
				<ComposedBlock ID="cblock_1" HPOS="344" VPOS="143" WIDTH="1085" HEIGHT="44">
					<TextBlock ID="block_1" HPOS="344" VPOS="143" WIDTH="1085" HEIGHT="44">
						<TextLine ID="line_1" HPOS="344" VPOS="143" WIDTH="1085" HEIGHT="44">
							<String ID="string_2" HPOS="344" VPOS="151" WIDTH="187" HEIGHT="30" WC="0.93" CONTENT="Allmänna"/><SP WIDTH="23" VPOS="151" HPOS="531"/>
							<String ID="string_3" HPOS="554" VPOS="147" WIDTH="399" HEIGHT="40" WC="0.92" CONTENT="beredningsutskottets"/><SP WIDTH="24" VPOS="147" HPOS="953"/>
							<String ID="string_4" HPOS="977" VPOS="145" WIDTH="180" HEIGHT="32" WC="0.95" CONTENT="utlåtande"/><SP WIDTH="22" VPOS="145" HPOS="1157"/>
							<String ID="string_5" HPOS="1179" VPOS="153" WIDTH="42" HEIGHT="20" WC="0.96" CONTENT="nr"/><SP WIDTH="21" VPOS="153" HPOS="1221"/>
							<String ID="string_6" HPOS="1242" VPOS="145" WIDTH="19" HEIGHT="29" WC="0.95" CONTENT="5"/><SP WIDTH="21" VPOS="145" HPOS="1261"/>
							<String ID="string_7" HPOS="1282" VPOS="143" WIDTH="39" HEIGHT="29" WC="0.94" CONTENT="år"/><SP WIDTH="24" VPOS="143" HPOS="1321"/>
							<String ID="string_8" HPOS="1345" VPOS="143" WIDTH="84" HEIGHT="29" WC="0.96" CONTENT="1964"/>
						</TextLine>
					</TextBlock>
				</ComposedBlock>
				<ComposedBlock ID="cblock_2" HPOS="823" VPOS="427" WIDTH="114" HEIGHT="41">
					<TextBlock ID="block_2" HPOS="823" VPOS="427" WIDTH="114" HEIGHT="41">
						<TextLine ID="line_2" HPOS="823" VPOS="427" WIDTH="114" HEIGHT="41">
							<String ID="string_9" HPOS="823" VPOS="427" WIDTH="114" HEIGHT="41" WC="0.95" CONTENT="Nr"/><SP WIDTH="-27" VPOS="427" HPOS="937"/>
							<String ID="string_10" HPOS="910" VPOS="423" WIDTH="32" HEIGHT="56" WC="0.95" CONTENT="5"/>
						</TextLine>
					</TextBlock>
				</ComposedBlock>
				<ComposedBlock ID="cblock_3" HPOS="338" VPOS="540" WIDTH="1289" HEIGHT="102">
					<TextBlock ID="block_3" HPOS="338" VPOS="540" WIDTH="1289" HEIGHT="102">
						<TextLine ID="line_3" HPOS="338" VPOS="540" WIDTH="1289" HEIGHT="47">
							<String ID="string_11" HPOS="338" VPOS="550" WIDTH="186" HEIGHT="31" WC="0.96" CONTENT="Utlåtande"/><SP WIDTH="19" VPOS="550" HPOS="524"/>
							<String ID="string_12" HPOS="543" VPOS="550" WIDTH="10" HEIGHT="29" WC="0.96" CONTENT="i"/><SP WIDTH="15" VPOS="550" HPOS="553"/>
							<String ID="string_13" HPOS="568" VPOS="549" WIDTH="189" HEIGHT="38" WC="0.96" CONTENT="anledning"/><SP WIDTH="17" VPOS="549" HPOS="757"/>
							<String ID="string_14" HPOS="774" VPOS="557" WIDTH="42" HEIGHT="20" WC="0.96" CONTENT="av"/><SP WIDTH="18" VPOS="557" HPOS="816"/>
							<String ID="string_15" HPOS="834" VPOS="547" WIDTH="123" HEIGHT="30" WC="0.96" CONTENT="väckta"/><SP WIDTH="18" VPOS="547" HPOS="957"/>
							<String ID="string_16" HPOS="975" VPOS="546" WIDTH="173" HEIGHT="30" WC="0.96" CONTENT="motioner"/><SP WIDTH="17" VPOS="546" HPOS="1148"/>
							<String ID="string_17" HPOS="1165" VPOS="553" WIDTH="55" HEIGHT="20" WC="0.96" CONTENT="om"/><SP WIDTH="19" VPOS="553" HPOS="1220"/>
							<String ID="string_18" HPOS="1239" VPOS="552" WIDTH="42" HEIGHT="21" WC="0.96" CONTENT="en"/><SP WIDTH="16" VPOS="552" HPOS="1281"/>
							<String ID="string_19" HPOS="1297" VPOS="540" WIDTH="198" HEIGHT="43" WC="0.93" CONTENT="förbättrad"/><SP WIDTH="14" VPOS="540" HPOS="1495"/>
							<String ID="string_20" HPOS="1509" VPOS="548" WIDTH="118" HEIGHT="32" WC="0.91" CONTENT="perso-"/>
						</TextLine>
						<TextLine ID="line_4" HPOS="537" VPOS="608" WIDTH="485" HEIGHT="34">
							<String ID="string_21" HPOS="537" VPOS="610" WIDTH="146" HEIGHT="32" WC="0.90" CONTENT="nalvård"/><SP WIDTH="17" VPOS="610" HPOS="683"/>
							<String ID="string_22" HPOS="700" VPOS="611" WIDTH="93" HEIGHT="29" WC="0.96" CONTENT="inom"/><SP WIDTH="18" VPOS="611" HPOS="793"/>
							<String ID="string_23" HPOS="811" VPOS="608" WIDTH="211" HEIGHT="31" WC="0.96" CONTENT="arbetslivet."/>
						</TextLine>
					</TextBlock>
				</ComposedBlock>
				<ComposedBlock ID="cblock_4" HPOS="143" VPOS="708" WIDTH="1504" HEIGHT="1799">
					<TextBlock ID="block_4" HPOS="143" VPOS="708" WIDTH="1490" HEIGHT="478">
						<TextLine ID="line_5" HPOS="186" VPOS="708" WIDTH="1443" HEIGHT="51">
							<String ID="string_24" HPOS="186" VPOS="721" WIDTH="12" HEIGHT="30" WC="0.96" CONTENT="I"/><SP WIDTH="19" VPOS="721" HPOS="198"/>
							<String ID="string_25" HPOS="217" VPOS="720" WIDTH="42" HEIGHT="31" WC="0.96" CONTENT="de"/><SP WIDTH="19" VPOS="720" HPOS="259"/>
							<String ID="string_26" HPOS="278" VPOS="718" WIDTH="234" HEIGHT="41" WC="0.96" CONTENT="likalydande,"/><SP WIDTH="20" VPOS="718" HPOS="512"/>
							<String ID="string_27" HPOS="532" VPOS="718" WIDTH="52" HEIGHT="30" WC="0.95" CONTENT="till"/><SP WIDTH="19" VPOS="718" HPOS="584"/>
							<String ID="string_28" HPOS="603" VPOS="717" WIDTH="179" HEIGHT="30" WC="0.93" CONTENT="allmänna"/><SP WIDTH="18" VPOS="717" HPOS="782"/>
							<String ID="string_29" HPOS="800" VPOS="714" WIDTH="383" HEIGHT="39" WC="0.91" CONTENT="beredningsutskottet"/><SP WIDTH="18" VPOS="714" HPOS="1183"/>
							<String ID="string_30" HPOS="1201" VPOS="710" WIDTH="190" HEIGHT="31" WC="0.96" CONTENT="hänvisade"/><SP WIDTH="19" VPOS="710" HPOS="1391"/>
							<String ID="string_31" HPOS="1410" VPOS="708" WIDTH="219" HEIGHT="31" WC="0.96" CONTENT="motionerna"/>
						</TextLine>
						<TextLine ID="line_6" HPOS="143" VPOS="760" WIDTH="1486" HEIGHT="44">
							<String ID="string_32" HPOS="143" VPOS="775" WIDTH="28" HEIGHT="29" WC="0.93" CONTENT="1:"/><SP WIDTH="17" VPOS="775" HPOS="171"/>
							<String ID="string_33" HPOS="188" VPOS="774" WIDTH="63" HEIGHT="30" WC="0.93" CONTENT="633"/><SP WIDTH="18" VPOS="774" HPOS="251"/>
							<String ID="string_34" HPOS="269" VPOS="782" WIDTH="43" HEIGHT="21" WC="0.96" CONTENT="av"/><SP WIDTH="18" VPOS="782" HPOS="312"/>
							<String ID="string_35" HPOS="330" VPOS="773" WIDTH="58" HEIGHT="30" WC="0.96" CONTENT="fru"/><SP WIDTH="20" VPOS="773" HPOS="388"/>
							<String ID="string_36" HPOS="408" VPOS="771" WIDTH="127" HEIGHT="31" WC="0.96" CONTENT="Olsson"/><SP WIDTH="18" VPOS="771" HPOS="535"/>
							<String ID="string_37" HPOS="553" VPOS="771" WIDTH="66" HEIGHT="30" WC="0.96" CONTENT="och"/><SP WIDTH="18" VPOS="771" HPOS="619"/>
							<String ID="string_38" HPOS="637" VPOS="770" WIDTH="48" HEIGHT="30" WC="0.94" CONTENT="II:"/><SP WIDTH="17" VPOS="770" HPOS="685"/>
							<String ID="string_39" HPOS="702" VPOS="769" WIDTH="62" HEIGHT="31" WC="0.95" CONTENT="776"/><SP WIDTH="19" VPOS="769" HPOS="764"/>
							<String ID="string_40" HPOS="783" VPOS="778" WIDTH="41" HEIGHT="21" WC="0.96" CONTENT="av"/><SP WIDTH="18" VPOS="778" HPOS="824"/>
							<String ID="string_41" HPOS="842" VPOS="769" WIDTH="81" HEIGHT="29" WC="0.96" CONTENT="herr"/><SP WIDTH="19" VPOS="769" HPOS="923"/>
							<String ID="string_42" HPOS="942" VPOS="768" WIDTH="153" HEIGHT="29" WC="0.96" CONTENT="Larsson"/><SP WIDTH="18" VPOS="768" HPOS="1095"/>
							<String ID="string_43" HPOS="1113" VPOS="767" WIDTH="12" HEIGHT="29" WC="0.96" CONTENT="i"/><SP WIDTH="19" VPOS="767" HPOS="1125"/>
							<String ID="string_44" HPOS="1144" VPOS="765" WIDTH="133" HEIGHT="39" WC="0.93" CONTENT="Borrby"/><SP WIDTH="16" VPOS="765" HPOS="1277"/>
							<String ID="string_45" HPOS="1293" VPOS="773" WIDTH="47" HEIGHT="21" WC="0.93" CONTENT="m."/><SP WIDTH="19" VPOS="773" HPOS="1340"/>
							<String ID="string_46" HPOS="1359" VPOS="763" WIDTH="39" HEIGHT="41" WC="0.92" CONTENT="fl."/><SP WIDTH="18" VPOS="763" HPOS="1398"/>
							<String ID="string_47" HPOS="1416" VPOS="760" WIDTH="213" HEIGHT="34" WC="0.92" CONTENT="hemställes,"/>
						</TextLine>
						<TextLine ID="line_7" HPOS="143" VPOS="813" WIDTH="1487" HEIGHT="56">
							<String ID="string_48" HPOS="143" VPOS="830" WIDTH="50" HEIGHT="39" WC="0.95" CONTENT="att"/><SP WIDTH="20" VPOS="830" HPOS="193"/>
							<String ID="string_49" HPOS="213" VPOS="826" WIDTH="188" HEIGHT="40" WC="0.96" CONTENT="riksdagen"/><SP WIDTH="20" VPOS="826" HPOS="401"/>
							<String ID="string_50" HPOS="421" VPOS="827" WIDTH="12" HEIGHT="29" WC="0.96" CONTENT="i"/><SP WIDTH="22" VPOS="827" HPOS="433"/>
							<String ID="string_51" HPOS="455" VPOS="825" WIDTH="165" HEIGHT="30" WC="0.96" CONTENT="skrivelse"/><SP WIDTH="21" VPOS="825" HPOS="620"/>
							<String ID="string_52" HPOS="641" VPOS="824" WIDTH="53" HEIGHT="30" WC="0.96" CONTENT="till"/><SP WIDTH="21" VPOS="824" HPOS="694"/>
							<String ID="string_53" HPOS="715" VPOS="822" WIDTH="125" HEIGHT="39" WC="0.93" CONTENT="Kungl."/><SP WIDTH="21" VPOS="822" HPOS="840"/>
							<String ID="string_54" HPOS="861" VPOS="821" WIDTH="107" HEIGHT="39" WC="0.96" CONTENT="Maj:t"/><SP WIDTH="19" VPOS="821" HPOS="968"/>
							<String ID="string_55" HPOS="987" VPOS="820" WIDTH="109" HEIGHT="31" WC="0.96" CONTENT="måtte"/><SP WIDTH="21" VPOS="820" HPOS="1096"/>
							<String ID="string_56" HPOS="1117" VPOS="818" WIDTH="142" HEIGHT="31" WC="0.96" CONTENT="anhålla"/><SP WIDTH="19" VPOS="818" HPOS="1259"/>
							<String ID="string_57" HPOS="1278" VPOS="827" WIDTH="58" HEIGHT="20" WC="0.96" CONTENT="om"/><SP WIDTH="21" VPOS="827" HPOS="1336"/>
							<String ID="string_58" HPOS="1357" VPOS="815" WIDTH="187" HEIGHT="39" WC="0.95" CONTENT="utredning"/><SP WIDTH="21" VPOS="815" HPOS="1544"/>
							<String ID="string_59" HPOS="1565" VPOS="813" WIDTH="65" HEIGHT="31" WC="0.96" CONTENT="och"/>
						</TextLine>
						<TextLine ID="line_8" HPOS="143" VPOS="868" WIDTH="1488" HEIGHT="52">
							<String ID="string_60" HPOS="143" VPOS="880" WIDTH="130" HEIGHT="40" WC="0.96" CONTENT="förslag"/><SP WIDTH="22" VPOS="880" HPOS="273"/>
							<String ID="string_61" HPOS="295" VPOS="879" WIDTH="149" HEIGHT="30" WC="0.96" CONTENT="rörande"/><SP WIDTH="23" VPOS="879" HPOS="444"/>
							<String ID="string_62" HPOS="467" VPOS="878" WIDTH="73" HEIGHT="32" WC="0.96" CONTENT="dels"/><SP WIDTH="23" VPOS="878" HPOS="540"/>
							<String ID="string_63" HPOS="563" VPOS="878" WIDTH="124" HEIGHT="38" WC="0.96" CONTENT="frågan"/><SP WIDTH="22" VPOS="878" HPOS="687"/>
							<String ID="string_64" HPOS="709" VPOS="886" WIDTH="58" HEIGHT="20" WC="0.92" CONTENT="om"/><SP WIDTH="22" VPOS="886" HPOS="767"/>
							<String ID="string_65" HPOS="789" VPOS="873" WIDTH="366" HEIGHT="32" WC="0.90" CONTENT="försöksverksamhet"/><SP WIDTH="21" VPOS="873" HPOS="1155"/>
							<String ID="string_66" HPOS="1176" VPOS="872" WIDTH="58" HEIGHT="30" WC="0.96" CONTENT="vid"/><SP WIDTH="21" VPOS="872" HPOS="1234"/>
							<String ID="string_67" HPOS="1255" VPOS="871" WIDTH="94" HEIGHT="30" WC="0.96" CONTENT="vissa"/><SP WIDTH="21" VPOS="871" HPOS="1349"/>
							<String ID="string_68" HPOS="1370" VPOS="870" WIDTH="143" HEIGHT="30" WC="0.96" CONTENT="enheter"/><SP WIDTH="21" VPOS="870" HPOS="1513"/>
							<String ID="string_69" HPOS="1534" VPOS="868" WIDTH="97" HEIGHT="30" WC="0.96" CONTENT="inom"/>
						</TextLine>
						<TextLine ID="line_9" HPOS="144" VPOS="921" WIDTH="1488" HEIGHT="52">
							<String ID="string_70" HPOS="144" VPOS="934" WIDTH="67" HEIGHT="30" WC="0.96" CONTENT="den"/><SP WIDTH="15" VPOS="934" HPOS="211"/>
							<String ID="string_71" HPOS="226" VPOS="934" WIDTH="138" HEIGHT="39" WC="0.96" CONTENT="statliga"/><SP WIDTH="15" VPOS="934" HPOS="364"/>
							<String ID="string_72" HPOS="379" VPOS="933" WIDTH="143" HEIGHT="30" WC="0.96" CONTENT="sektorn"/><SP WIDTH="16" VPOS="933" HPOS="522"/>
							<String ID="string_73" HPOS="538" VPOS="930" WIDTH="168" HEIGHT="31" WC="0.93" CONTENT="avseende"/><SP WIDTH="14" VPOS="930" HPOS="706"/>
							<String ID="string_74" HPOS="720" VPOS="928" WIDTH="230" HEIGHT="32" WC="0.92" CONTENT="överförande"/><SP WIDTH="14" VPOS="928" HPOS="950"/>
							<String ID="string_75" HPOS="964" VPOS="937" WIDTH="43" HEIGHT="20" WC="0.93" CONTENT="av"/><SP WIDTH="14" VPOS="937" HPOS="1007"/>
							<String ID="string_76" HPOS="1021" VPOS="924" WIDTH="379" HEIGHT="40" WC="0.92" CONTENT="arbetsvetenskapliga"/><SP WIDTH="13" VPOS="924" HPOS="1400"/>
							<String ID="string_77" HPOS="1413" VPOS="921" WIDTH="219" HEIGHT="39" WC="0.91" CONTENT="forsknings-"/>
						</TextLine>
						<TextLine ID="line_10" HPOS="144" VPOS="974" WIDTH="1489" HEIGHT="51">
							<String ID="string_78" HPOS="144" VPOS="987" WIDTH="147" HEIGHT="29" WC="0.96" CONTENT="resultat"/><SP WIDTH="19" VPOS="987" HPOS="291"/>
							<String ID="string_79" HPOS="310" VPOS="987" WIDTH="53" HEIGHT="30" WC="0.96" CONTENT="till"/><SP WIDTH="20" VPOS="987" HPOS="363"/>
							<String ID="string_80" HPOS="383" VPOS="985" WIDTH="163" HEIGHT="40" WC="0.96" CONTENT="praktisk"/><SP WIDTH="20" VPOS="985" HPOS="546"/>
							<String ID="string_81" HPOS="566" VPOS="983" WIDTH="222" HEIGHT="39" WC="0.96" CONTENT="tillämpning"/><SP WIDTH="20" VPOS="983" HPOS="788"/>
							<String ID="string_82" HPOS="808" VPOS="982" WIDTH="12" HEIGHT="31" WC="0.96" CONTENT="i"/><SP WIDTH="20" VPOS="982" HPOS="820"/>
							<String ID="string_83" HPOS="840" VPOS="980" WIDTH="210" HEIGHT="34" WC="0.96" CONTENT="arbetslivet,"/><SP WIDTH="21" VPOS="980" HPOS="1050"/>
							<String ID="string_84" HPOS="1071" VPOS="979" WIDTH="74" HEIGHT="30" WC="0.96" CONTENT="dels"/><SP WIDTH="20" VPOS="979" HPOS="1145"/>
							<String ID="string_85" HPOS="1165" VPOS="978" WIDTH="125" HEIGHT="39" WC="0.96" CONTENT="frågan"/><SP WIDTH="18" VPOS="978" HPOS="1290"/>
							<String ID="string_86" HPOS="1308" VPOS="986" WIDTH="58" HEIGHT="21" WC="0.96" CONTENT="om"/><SP WIDTH="21" VPOS="986" HPOS="1366"/>
							<String ID="string_87" HPOS="1387" VPOS="974" WIDTH="246" HEIGHT="42" WC="0.91" CONTENT="upplysnings-"/>
						</TextLine>
						<TextLine ID="line_11" HPOS="145" VPOS="1027" WIDTH="1488" HEIGHT="56">
							<String ID="string_88" HPOS="145" VPOS="1041" WIDTH="65" HEIGHT="42" WC="0.93" CONTENT="och"/><SP WIDTH="24" VPOS="1041" HPOS="210"/>
							<String ID="string_89" HPOS="234" VPOS="1036" WIDTH="452" HEIGHT="42" WC="0.90" CONTENT="rådgivningsverksamhet"/><SP WIDTH="25" VPOS="1036" HPOS="686"/>
							<String ID="string_90" HPOS="711" VPOS="1037" WIDTH="12" HEIGHT="29" WC="0.96" CONTENT="i"/><SP WIDTH="27" VPOS="1037" HPOS="723"/>
							<String ID="string_91" HPOS="750" VPOS="1035" WIDTH="90" HEIGHT="40" WC="0.96" CONTENT="syfte"/><SP WIDTH="26" VPOS="1035" HPOS="840"/>
							<String ID="string_92" HPOS="866" VPOS="1037" WIDTH="51" HEIGHT="28" WC="0.96" CONTENT="att"/><SP WIDTH="27" VPOS="1037" HPOS="917"/>
							<String ID="string_93" HPOS="944" VPOS="1033" WIDTH="173" HEIGHT="30" WC="0.96" CONTENT="förbättra"/><SP WIDTH="24" VPOS="1033" HPOS="1117"/>
							<String ID="string_94" HPOS="1141" VPOS="1029" WIDTH="250" HEIGHT="42" WC="0.92" CONTENT="personalvård"/><SP WIDTH="25" VPOS="1029" HPOS="1391"/>
							<String ID="string_95" HPOS="1416" VPOS="1029" WIDTH="66" HEIGHT="30" WC="0.93" CONTENT="och"/><SP WIDTH="24" VPOS="1029" HPOS="1482"/>
							<String ID="string_96" HPOS="1506" VPOS="1027" WIDTH="127" HEIGHT="41" WC="0.91" CONTENT="psyko-"/>
						</TextLine>
						<TextLine ID="line_12" HPOS="145" VPOS="1081" WIDTH="1488" HEIGHT="51">
							<String ID="string_97" HPOS="145" VPOS="1092" WIDTH="205" HEIGHT="40" WC="0.96" CONTENT="hygieniska"/><SP WIDTH="25" VPOS="1092" HPOS="350"/>
							<String ID="string_98" HPOS="375" VPOS="1091" WIDTH="209" HEIGHT="39" WC="0.96" CONTENT="betingelser"/><SP WIDTH="25" VPOS="1091" HPOS="584"/>
							<String ID="string_99" HPOS="609" VPOS="1091" WIDTH="97" HEIGHT="29" WC="0.96" CONTENT="inom"/><SP WIDTH="26" VPOS="1091" HPOS="706"/>
							<String ID="string_100" HPOS="732" VPOS="1088" WIDTH="210" HEIGHT="33" WC="0.96" CONTENT="arbetslivet,"/><SP WIDTH="27" VPOS="1088" HPOS="942"/>
							<String ID="string_101" HPOS="969" VPOS="1086" WIDTH="62" HEIGHT="30" WC="0.95" CONTENT="allt"/><SP WIDTH="25" VPOS="1086" HPOS="1031"/>
							<String ID="string_102" HPOS="1056" VPOS="1086" WIDTH="12" HEIGHT="29" WC="0.96" CONTENT="i"/><SP WIDTH="25" VPOS="1086" HPOS="1068"/>
							<String ID="string_103" HPOS="1093" VPOS="1085" WIDTH="153" HEIGHT="39" WC="0.96" CONTENT="enlighet"/><SP WIDTH="24" VPOS="1085" HPOS="1246"/>
							<String ID="string_104" HPOS="1270" VPOS="1083" WIDTH="81" HEIGHT="31" WC="0.96" CONTENT="med"/><SP WIDTH="26" VPOS="1083" HPOS="1351"/>
							<String ID="string_105" HPOS="1377" VPOS="1083" WIDTH="12" HEIGHT="29" WC="0.96" CONTENT="i"/><SP WIDTH="25" VPOS="1083" HPOS="1389"/>
							<String ID="string_106" HPOS="1414" VPOS="1081" WIDTH="219" HEIGHT="31" WC="0.96" CONTENT="motionerna"/>
						</TextLine>
						<TextLine ID="line_13" HPOS="146" VPOS="1143" WIDTH="552" HEIGHT="43">
							<String ID="string_107" HPOS="146" VPOS="1146" WIDTH="150" HEIGHT="40" WC="0.96" CONTENT="angivna"/><SP WIDTH="15" VPOS="1146" HPOS="296"/>
							<String ID="string_108" HPOS="311" VPOS="1145" WIDTH="182" HEIGHT="31" WC="0.96" CONTENT="allmänna"/><SP WIDTH="17" VPOS="1145" HPOS="493"/>
							<String ID="string_109" HPOS="510" VPOS="1143" WIDTH="188" HEIGHT="40" WC="0.96" CONTENT="riktlinjer."/>
						</TextLine>
					</TextBlock>
					<TextBlock ID="block_5" HPOS="146" VPOS="1187" WIDTH="1494" HEIGHT="637">
						<TextLine ID="line_14" HPOS="191" VPOS="1187" WIDTH="1443" HEIGHT="44">
							<String ID="string_110" HPOS="191" VPOS="1200" WIDTH="13" HEIGHT="30" WC="0.96" CONTENT="I"/><SP WIDTH="18" VPOS="1200" HPOS="204"/>
							<String ID="string_111" HPOS="222" VPOS="1199" WIDTH="221" HEIGHT="30" WC="0.93" CONTENT="motionerna"/><SP WIDTH="17" VPOS="1199" HPOS="443"/>
							<String ID="string_112" HPOS="460" VPOS="1197" WIDTH="216" HEIGHT="33" WC="0.88" CONTENT="framhålles,"/><SP WIDTH="19" VPOS="1197" HPOS="676"/>
							<String ID="string_113" HPOS="695" VPOS="1198" WIDTH="50" HEIGHT="28" WC="0.96" CONTENT="att"/><SP WIDTH="18" VPOS="1198" HPOS="745"/>
							<String ID="string_114" HPOS="763" VPOS="1194" WIDTH="200" HEIGHT="30" WC="0.95" CONTENT="arbetslivet"/><SP WIDTH="18" VPOS="1194" HPOS="963"/>
							<String ID="string_115" HPOS="981" VPOS="1193" WIDTH="55" HEIGHT="30" WC="0.96" CONTENT="för"/><SP WIDTH="18" VPOS="1193" HPOS="1036"/>
							<String ID="string_116" HPOS="1054" VPOS="1192" WIDTH="128" HEIGHT="39" WC="0.96" CONTENT="många"/><SP WIDTH="16" VPOS="1192" HPOS="1182"/>
							<String ID="string_117" HPOS="1198" VPOS="1190" WIDTH="137" HEIGHT="31" WC="0.96" CONTENT="medför"/><SP WIDTH="20" VPOS="1190" HPOS="1335"/>
							<String ID="string_118" HPOS="1355" VPOS="1192" WIDTH="94" HEIGHT="27" WC="0.96" CONTENT="stora"/><SP WIDTH="17" VPOS="1192" HPOS="1449"/>
							<String ID="string_119" HPOS="1466" VPOS="1187" WIDTH="168" HEIGHT="41" WC="0.96" CONTENT="psykiska"/>
						</TextLine>
						<TextLine ID="line_15" HPOS="146" VPOS="1239" WIDTH="1489" HEIGHT="53">
							<String ID="string_120" HPOS="146" VPOS="1252" WIDTH="270" HEIGHT="40" WC="0.95" CONTENT="påfrestningar."/><SP WIDTH="23" VPOS="1252" HPOS="416"/>
							<String ID="string_121" HPOS="439" VPOS="1251" WIDTH="127" HEIGHT="39" WC="0.95" CONTENT="Många"/><SP WIDTH="20" VPOS="1251" HPOS="566"/>
							<String ID="string_122" HPOS="586" VPOS="1249" WIDTH="134" HEIGHT="31" WC="0.96" CONTENT="förmår"/><SP WIDTH="22" VPOS="1249" HPOS="720"/>
							<String ID="string_123" HPOS="742" VPOS="1249" WIDTH="71" HEIGHT="29" WC="0.96" CONTENT="inte"/><SP WIDTH="21" VPOS="1249" HPOS="813"/>
							<String ID="string_124" HPOS="834" VPOS="1248" WIDTH="86" HEIGHT="30" WC="0.96" CONTENT="bära"/><SP WIDTH="19" VPOS="1248" HPOS="920"/>
							<String ID="string_125" HPOS="939" VPOS="1247" WIDTH="81" HEIGHT="30" WC="0.96" CONTENT="dem"/><SP WIDTH="22" VPOS="1247" HPOS="1020"/>
							<String ID="string_126" HPOS="1042" VPOS="1248" WIDTH="86" HEIGHT="28" WC="0.92" CONTENT="utan"/><SP WIDTH="20" VPOS="1248" HPOS="1128"/>
							<String ID="string_127" HPOS="1148" VPOS="1244" WIDTH="152" HEIGHT="39" WC="0.90" CONTENT="menliga"/><SP WIDTH="20" VPOS="1244" HPOS="1300"/>
							<String ID="string_128" HPOS="1320" VPOS="1242" WIDTH="250" HEIGHT="39" WC="0.91" CONTENT="inverkningar"/><SP WIDTH="20" VPOS="1242" HPOS="1570"/>
							<String ID="string_129" HPOS="1590" VPOS="1239" WIDTH="45" HEIGHT="41" WC="0.96" CONTENT="på"/>
						</TextLine>
						<TextLine ID="line_16" HPOS="147" VPOS="1293" WIDTH="1489" HEIGHT="50">
							<String ID="string_130" HPOS="147" VPOS="1307" WIDTH="134" HEIGHT="29" WC="0.89" CONTENT="bälsan."/><SP WIDTH="22" VPOS="1307" HPOS="281"/>
							<String ID="string_131" HPOS="303" VPOS="1305" WIDTH="251" HEIGHT="38" WC="0.96" CONTENT="Utvecklingen"/><SP WIDTH="20" VPOS="1305" HPOS="554"/>
							<String ID="string_132" HPOS="574" VPOS="1303" WIDTH="98" HEIGHT="30" WC="0.96" CONTENT="torde"/><SP WIDTH="21" VPOS="1303" HPOS="672"/>
							<String ID="string_133" HPOS="693" VPOS="1303" WIDTH="143" HEIGHT="29" WC="0.96" CONTENT="komma"/><SP WIDTH="20" VPOS="1303" HPOS="836"/>
							<String ID="string_134" HPOS="856" VPOS="1303" WIDTH="51" HEIGHT="28" WC="0.96" CONTENT="att"/><SP WIDTH="20" VPOS="1303" HPOS="907"/>
							<String ID="string_135" HPOS="927" VPOS="1301" WIDTH="226" HEIGHT="29" WC="0.95" CONTENT="accentueras"/><SP WIDTH="19" VPOS="1301" HPOS="1153"/>
							<String ID="string_136" HPOS="1172" VPOS="1298" WIDTH="58" HEIGHT="30" WC="0.96" CONTENT="vid"/><SP WIDTH="20" VPOS="1298" HPOS="1230"/>
							<String ID="string_137" HPOS="1250" VPOS="1297" WIDTH="143" HEIGHT="30" WC="0.96" CONTENT="fortsatt"/><SP WIDTH="20" VPOS="1297" HPOS="1393"/>
							<String ID="string_138" HPOS="1413" VPOS="1294" WIDTH="193" HEIGHT="41" WC="0.96" CONTENT="expansion"/><SP WIDTH="18" VPOS="1294" HPOS="1606"/>
							<String ID="string_139" HPOS="1624" VPOS="1293" WIDTH="12" HEIGHT="29" WC="0.96" CONTENT="i"/>
						</TextLine>
						<TextLine ID="line_17" HPOS="148" VPOS="1347" WIDTH="1488" HEIGHT="49">
							<String ID="string_140" HPOS="148" VPOS="1359" WIDTH="244" HEIGHT="30" WC="0.92" CONTENT="teknokratisk"/><SP WIDTH="24" VPOS="1359" HPOS="392"/>
							<String ID="string_141" HPOS="416" VPOS="1358" WIDTH="167" HEIGHT="38" WC="0.94" CONTENT="riktning."/><SP WIDTH="26" VPOS="1358" HPOS="583"/>
							<String ID="string_142" HPOS="609" VPOS="1357" WIDTH="65" HEIGHT="29" WC="0.96" CONTENT="Det"/><SP WIDTH="24" VPOS="1357" HPOS="674"/>
							<String ID="string_143" HPOS="698" VPOS="1355" WIDTH="107" HEIGHT="40" WC="0.95" CONTENT="gäller"/><SP WIDTH="24" VPOS="1355" HPOS="805"/>
							<String ID="string_144" HPOS="829" VPOS="1355" WIDTH="45" HEIGHT="29" WC="0.96" CONTENT="då"/><SP WIDTH="24" VPOS="1355" HPOS="874"/>
							<String ID="string_145" HPOS="898" VPOS="1355" WIDTH="51" HEIGHT="29" WC="0.96" CONTENT="att"/><SP WIDTH="25" VPOS="1355" HPOS="949"/>
							<String ID="string_146" HPOS="974" VPOS="1353" WIDTH="86" HEIGHT="30" WC="0.96" CONTENT="söka"/><SP WIDTH="23" VPOS="1353" HPOS="1060"/>
							<String ID="string_147" HPOS="1083" VPOS="1353" WIDTH="126" HEIGHT="29" WC="0.96" CONTENT="bevara"/><SP WIDTH="24" VPOS="1353" HPOS="1209"/>
							<String ID="string_148" HPOS="1233" VPOS="1351" WIDTH="41" HEIGHT="29" WC="0.96" CONTENT="de"/><SP WIDTH="24" VPOS="1351" HPOS="1274"/>
							<String ID="string_149" HPOS="1298" VPOS="1349" WIDTH="151" HEIGHT="41" WC="0.96" CONTENT="positiva"/><SP WIDTH="22" VPOS="1349" HPOS="1449"/>
							<String ID="string_150" HPOS="1471" VPOS="1348" WIDTH="131" HEIGHT="39" WC="0.95" CONTENT="dragen"/><SP WIDTH="23" VPOS="1348" HPOS="1602"/>
							<String ID="string_151" HPOS="1625" VPOS="1347" WIDTH="11" HEIGHT="28" WC="0.95" CONTENT="i"/>
						</TextLine>
						<TextLine ID="line_18" HPOS="150" VPOS="1401" WIDTH="1487" HEIGHT="50">
							<String ID="string_152" HPOS="150" VPOS="1412" WIDTH="243" HEIGHT="39" WC="0.95" CONTENT="utvecklingen"/><SP WIDTH="16" VPOS="1412" HPOS="393"/>
							<String ID="string_153" HPOS="409" VPOS="1412" WIDTH="66" HEIGHT="30" WC="0.96" CONTENT="och"/><SP WIDTH="18" VPOS="1412" HPOS="475"/>
							<String ID="string_154" HPOS="493" VPOS="1411" WIDTH="85" HEIGHT="30" WC="0.96" CONTENT="söka"/><SP WIDTH="16" VPOS="1411" HPOS="578"/>
							<String ID="string_155" HPOS="594" VPOS="1409" WIDTH="182" HEIGHT="30" WC="0.96" CONTENT="eliminera"/><SP WIDTH="15" VPOS="1409" HPOS="776"/>
							<String ID="string_156" HPOS="791" VPOS="1408" WIDTH="42" HEIGHT="30" WC="0.96" CONTENT="de"/><SP WIDTH="18" VPOS="1408" HPOS="833"/>
							<String ID="string_157" HPOS="851" VPOS="1407" WIDTH="170" HEIGHT="39" WC="0.95" CONTENT="negativa."/><SP WIDTH="18" VPOS="1407" HPOS="1021"/>
							<String ID="string_158" HPOS="1039" VPOS="1406" WIDTH="83" HEIGHT="29" WC="0.96" CONTENT="Man"/><SP WIDTH="15" VPOS="1406" HPOS="1122"/>
							<String ID="string_159" HPOS="1137" VPOS="1405" WIDTH="111" HEIGHT="29" WC="0.96" CONTENT="måste"/><SP WIDTH="17" VPOS="1405" HPOS="1248"/>
							<String ID="string_160" HPOS="1265" VPOS="1411" WIDTH="152" HEIGHT="31" WC="0.93" CONTENT="anpassa"/><SP WIDTH="16" VPOS="1411" HPOS="1417"/>
							<String ID="string_161" HPOS="1433" VPOS="1401" WIDTH="204" HEIGHT="39" WC="0.86" CONTENT="arbetsupp-"/>
						</TextLine>
						<TextLine ID="line_19" HPOS="149" VPOS="1454" WIDTH="1488" HEIGHT="51">
							<String ID="string_162" HPOS="149" VPOS="1466" WIDTH="103" HEIGHT="39" WC="0.96" CONTENT="gifter"/><SP WIDTH="27" VPOS="1466" HPOS="252"/>
							<String ID="string_163" HPOS="279" VPOS="1466" WIDTH="65" HEIGHT="30" WC="0.96" CONTENT="och"/><SP WIDTH="25" VPOS="1466" HPOS="344"/>
							<String ID="string_164" HPOS="369" VPOS="1463" WIDTH="221" HEIGHT="39" WC="0.96" CONTENT="arbetsmiljö"/><SP WIDTH="27" VPOS="1463" HPOS="590"/>
							<String ID="string_165" HPOS="617" VPOS="1462" WIDTH="52" HEIGHT="31" WC="0.96" CONTENT="till"/><SP WIDTH="28" VPOS="1462" HPOS="669"/>
							<String ID="string_166" HPOS="697" VPOS="1461" WIDTH="198" HEIGHT="30" WC="0.96" CONTENT="individens"/><SP WIDTH="27" VPOS="1461" HPOS="895"/>
							<String ID="string_167" HPOS="922" VPOS="1459" WIDTH="108" HEIGHT="30" WC="0.96" CONTENT="totala"/><SP WIDTH="28" VPOS="1459" HPOS="1030"/>
							<String ID="string_168" HPOS="1058" VPOS="1458" WIDTH="159" HEIGHT="38" WC="0.96" CONTENT="förmåga"/><SP WIDTH="26" VPOS="1458" HPOS="1217"/>
							<String ID="string_169" HPOS="1243" VPOS="1457" WIDTH="65" HEIGHT="30" WC="0.96" CONTENT="och"/><SP WIDTH="27" VPOS="1457" HPOS="1308"/>
							<String ID="string_170" HPOS="1335" VPOS="1456" WIDTH="122" HEIGHT="29" WC="0.95" CONTENT="behov."/><SP WIDTH="28" VPOS="1456" HPOS="1457"/>
							<String ID="string_171" HPOS="1485" VPOS="1454" WIDTH="152" HEIGHT="30" WC="0.95" CONTENT="Insatser"/>
						</TextLine>
						<TextLine ID="line_20" HPOS="148" VPOS="1507" WIDTH="1490" HEIGHT="53">
							<String ID="string_172" HPOS="148" VPOS="1521" WIDTH="112" HEIGHT="30" WC="0.96" CONTENT="måste"/><SP WIDTH="21" VPOS="1521" HPOS="260"/>
							<String ID="string_173" HPOS="281" VPOS="1520" WIDTH="101" HEIGHT="40" WC="0.95" CONTENT="göras"/><SP WIDTH="20" VPOS="1520" HPOS="382"/>
							<String ID="string_174" HPOS="402" VPOS="1518" WIDTH="46" HEIGHT="40" WC="0.96" CONTENT="på"/><SP WIDTH="20" VPOS="1518" HPOS="448"/>
							<String ID="string_175" HPOS="468" VPOS="1517" WIDTH="262" HEIGHT="38" WC="0.96" CONTENT="utbildningens"/><SP WIDTH="22" VPOS="1517" HPOS="730"/>
							<String ID="string_176" HPOS="752" VPOS="1515" WIDTH="64" HEIGHT="29" WC="0.93" CONTENT="och"/><SP WIDTH="20" VPOS="1515" HPOS="816"/>
							<String ID="string_177" HPOS="836" VPOS="1511" WIDTH="379" HEIGHT="43" WC="0.91" CONTENT="yrkesvägledningens"/><SP WIDTH="21" VPOS="1511" HPOS="1215"/>
							<String ID="string_178" HPOS="1236" VPOS="1509" WIDTH="179" HEIGHT="34" WC="0.95" CONTENT="områden,"/><SP WIDTH="21" VPOS="1509" HPOS="1415"/>
							<String ID="string_179" HPOS="1436" VPOS="1507" WIDTH="46" HEIGHT="41" WC="0.93" CONTENT="på"/><SP WIDTH="20" VPOS="1507" HPOS="1482"/>
							<String ID="string_180" HPOS="1502" VPOS="1507" WIDTH="136" HEIGHT="39" WC="0.92" CONTENT="anlags-"/>
						</TextLine>
						<TextLine ID="line_21" HPOS="150" VPOS="1560" WIDTH="1488" HEIGHT="51">
							<String ID="string_181" HPOS="150" VPOS="1572" WIDTH="260" HEIGHT="39" WC="0.91" CONTENT="testningarnas"/><SP WIDTH="22" VPOS="1572" HPOS="410"/>
							<String ID="string_182" HPOS="432" VPOS="1572" WIDTH="66" HEIGHT="29" WC="0.93" CONTENT="och"/><SP WIDTH="23" VPOS="1572" HPOS="498"/>
							<String ID="string_183" HPOS="521" VPOS="1568" WIDTH="396" HEIGHT="40" WC="0.90" CONTENT="arbetsprövningarnas"/><SP WIDTH="24" VPOS="1568" HPOS="917"/>
							<String ID="string_184" HPOS="941" VPOS="1569" WIDTH="91" HEIGHT="28" WC="0.96" CONTENT="samt"/><SP WIDTH="21" VPOS="1569" HPOS="1032"/>
							<String ID="string_185" HPOS="1053" VPOS="1565" WIDTH="79" HEIGHT="30" WC="0.96" CONTENT="hela"/><SP WIDTH="22" VPOS="1565" HPOS="1132"/>
							<String ID="string_186" HPOS="1154" VPOS="1564" WIDTH="58" HEIGHT="30" WC="0.96" CONTENT="det"/><SP WIDTH="23" VPOS="1564" HPOS="1212"/>
							<String ID="string_187" HPOS="1235" VPOS="1562" WIDTH="142" HEIGHT="31" WC="0.96" CONTENT="område"/><SP WIDTH="24" VPOS="1562" HPOS="1377"/>
							<String ID="string_188" HPOS="1401" VPOS="1570" WIDTH="76" HEIGHT="22" WC="0.96" CONTENT="som"/><SP WIDTH="21" VPOS="1570" HPOS="1477"/>
							<String ID="string_189" HPOS="1498" VPOS="1560" WIDTH="140" HEIGHT="30" WC="0.90" CONTENT="beröres"/>
						</TextLine>
						<TextLine ID="line_22" HPOS="151" VPOS="1613" WIDTH="1488" HEIGHT="50">
							<String ID="string_190" HPOS="151" VPOS="1635" WIDTH="42" HEIGHT="22" WC="0.93" CONTENT="av"/><SP WIDTH="22" VPOS="1635" HPOS="193"/>
							<String ID="string_191" HPOS="215" VPOS="1623" WIDTH="358" HEIGHT="40" WC="0.92" CONTENT="arbetsvetenskaplig"/><SP WIDTH="23" VPOS="1623" HPOS="573"/>
							<String ID="string_192" HPOS="596" VPOS="1622" WIDTH="195" HEIGHT="38" WC="0.96" CONTENT="forskning."/><SP WIDTH="23" VPOS="1622" HPOS="791"/>
							<String ID="string_193" HPOS="814" VPOS="1621" WIDTH="66" HEIGHT="29" WC="0.96" CONTENT="Det"/><SP WIDTH="23" VPOS="1621" HPOS="880"/>
							<String ID="string_194" HPOS="903" VPOS="1620" WIDTH="107" HEIGHT="39" WC="0.96" CONTENT="gäller"/><SP WIDTH="23" VPOS="1620" HPOS="1010"/>
							<String ID="string_195" HPOS="1033" VPOS="1618" WIDTH="150" HEIGHT="30" WC="0.96" CONTENT="framför"/><SP WIDTH="23" VPOS="1618" HPOS="1183"/>
							<String ID="string_196" HPOS="1206" VPOS="1617" WIDTH="62" HEIGHT="30" WC="0.96" CONTENT="allt"/><SP WIDTH="23" VPOS="1617" HPOS="1268"/>
							<String ID="string_197" HPOS="1291" VPOS="1618" WIDTH="50" HEIGHT="28" WC="0.96" CONTENT="att"/><SP WIDTH="23" VPOS="1618" HPOS="1341"/>
							<String ID="string_198" HPOS="1364" VPOS="1615" WIDTH="53" HEIGHT="30" WC="0.96" CONTENT="till"/><SP WIDTH="23" VPOS="1615" HPOS="1417"/>
							<String ID="string_199" HPOS="1440" VPOS="1613" WIDTH="199" HEIGHT="31" WC="0.96" CONTENT="arbetslivet"/>
						</TextLine>
						<TextLine ID="line_23" HPOS="151" VPOS="1667" WIDTH="1488" HEIGHT="45">
							<String ID="string_200" HPOS="151" VPOS="1679" WIDTH="159" HEIGHT="30" WC="0.95" CONTENT="överföra"/><SP WIDTH="25" VPOS="1679" HPOS="310"/>
							<String ID="string_201" HPOS="335" VPOS="1679" WIDTH="95" HEIGHT="30" WC="0.96" CONTENT="olika"/><SP WIDTH="23" VPOS="1679" HPOS="430"/>
							<String ID="string_202" HPOS="453" VPOS="1676" WIDTH="196" HEIGHT="31" WC="0.92" CONTENT="värdefulla"/><SP WIDTH="25" VPOS="1676" HPOS="649"/>
							<String ID="string_203" HPOS="674" VPOS="1672" WIDTH="381" HEIGHT="40" WC="0.91" CONTENT="arbetsvetenskapliga"/><SP WIDTH="25" VPOS="1672" HPOS="1055"/>
							<String ID="string_204" HPOS="1080" VPOS="1671" WIDTH="156" HEIGHT="30" WC="0.96" CONTENT="resultat."/><SP WIDTH="26" VPOS="1671" HPOS="1236"/>
							<String ID="string_205" HPOS="1262" VPOS="1670" WIDTH="82" HEIGHT="29" WC="0.96" CONTENT="Man"/><SP WIDTH="24" VPOS="1670" HPOS="1344"/>
							<String ID="string_206" HPOS="1368" VPOS="1669" WIDTH="72" HEIGHT="29" WC="0.96" CONTENT="kan"/><SP WIDTH="24" VPOS="1669" HPOS="1440"/>
							<String ID="string_207" HPOS="1464" VPOS="1667" WIDTH="175" HEIGHT="40" WC="0.96" CONTENT="knappast"/>
						</TextLine>
						<TextLine ID="line_24" HPOS="151" VPOS="1719" WIDTH="1489" HEIGHT="53">
							<String ID="string_208" HPOS="151" VPOS="1734" WIDTH="107" HEIGHT="30" WC="0.96" CONTENT="vänta"/><SP WIDTH="13" VPOS="1734" HPOS="258"/>
							<String ID="string_209" HPOS="271" VPOS="1733" WIDTH="109" HEIGHT="39" WC="0.96" CONTENT="några"/><SP WIDTH="14" VPOS="1733" HPOS="380"/>
							<String ID="string_210" HPOS="394" VPOS="1731" WIDTH="169" HEIGHT="39" WC="0.95" CONTENT="framsteg"/><SP WIDTH="15" VPOS="1731" HPOS="563"/>
							<String ID="string_211" HPOS="578" VPOS="1738" WIDTH="124" HEIGHT="31" WC="0.93" CONTENT="genom"/><SP WIDTH="15" VPOS="1738" HPOS="702"/>
							<String ID="string_212" HPOS="717" VPOS="1725" WIDTH="413" HEIGHT="42" WC="0.88" CONTENT="lagstiftningsåtgärder,"/><SP WIDTH="17" VPOS="1725" HPOS="1130"/>
							<String ID="string_213" HPOS="1147" VPOS="1726" WIDTH="85" HEIGHT="28" WC="0.96" CONTENT="utan"/><SP WIDTH="15" VPOS="1726" HPOS="1232"/>
							<String ID="string_214" HPOS="1247" VPOS="1732" WIDTH="82" HEIGHT="21" WC="0.96" CONTENT="man"/><SP WIDTH="15" VPOS="1732" HPOS="1329"/>
							<String ID="string_215" HPOS="1344" VPOS="1722" WIDTH="112" HEIGHT="29" WC="0.93" CONTENT="måste"/><SP WIDTH="14" VPOS="1722" HPOS="1456"/>
							<String ID="string_216" HPOS="1470" VPOS="1721" WIDTH="111" HEIGHT="39" WC="0.95" CONTENT="bygga"/><SP WIDTH="12" VPOS="1721" HPOS="1581"/>
							<String ID="string_217" HPOS="1593" VPOS="1719" WIDTH="47" HEIGHT="40" WC="0.95" CONTENT="på"/>
						</TextLine>
						<TextLine ID="line_25" HPOS="153" VPOS="1778" WIDTH="1025" HEIGHT="46">
							<String ID="string_218" HPOS="153" VPOS="1786" WIDTH="41" HEIGHT="31" WC="0.96" CONTENT="de"/><SP WIDTH="16" VPOS="1786" HPOS="194"/>
							<String ID="string_219" HPOS="210" VPOS="1786" WIDTH="147" HEIGHT="31" WC="0.96" CONTENT="berörda"/><SP WIDTH="17" VPOS="1786" HPOS="357"/>
							<String ID="string_220" HPOS="374" VPOS="1786" WIDTH="184" HEIGHT="38" WC="0.96" CONTENT="parternas"/><SP WIDTH="16" VPOS="1786" HPOS="558"/>
							<String ID="string_221" HPOS="574" VPOS="1783" WIDTH="148" HEIGHT="29" WC="0.96" CONTENT="insikter"/><SP WIDTH="15" VPOS="1783" HPOS="722"/>
							<String ID="string_222" HPOS="737" VPOS="1782" WIDTH="66" HEIGHT="29" WC="0.96" CONTENT="och"/><SP WIDTH="17" VPOS="1782" HPOS="803"/>
							<String ID="string_223" HPOS="820" VPOS="1780" WIDTH="118" HEIGHT="30" WC="0.96" CONTENT="aktiva"/><SP WIDTH="16" VPOS="1780" HPOS="938"/>
							<String ID="string_224" HPOS="954" VPOS="1778" WIDTH="224" HEIGHT="31" WC="0.95" CONTENT="medverkan."/>
						</TextLine>
					</TextBlock>
					<TextBlock ID="block_6" HPOS="153" VPOS="1826" WIDTH="1490" HEIGHT="265">
						<TextLine ID="line_26" HPOS="197" VPOS="1826" WIDTH="1445" HEIGHT="48">
							<String ID="string_225" HPOS="197" VPOS="1839" WIDTH="53" HEIGHT="29" WC="0.93" CONTENT="En"/><SP WIDTH="20" VPOS="1839" HPOS="250"/>
							<String ID="string_226" HPOS="270" VPOS="1836" WIDTH="366" HEIGHT="31" WC="0.92" CONTENT="försöksverksamhet"/><SP WIDTH="22" VPOS="1836" HPOS="636"/>
							<String ID="string_227" HPOS="658" VPOS="1844" WIDTH="102" HEIGHT="30" WC="0.96" CONTENT="synes"/><SP WIDTH="20" VPOS="1844" HPOS="760"/>
							<String ID="string_228" HPOS="780" VPOS="1834" WIDTH="122" HEIGHT="29" WC="0.96" CONTENT="kunna"/><SP WIDTH="21" VPOS="1834" HPOS="902"/>
							<String ID="string_229" HPOS="923" VPOS="1833" WIDTH="48" HEIGHT="29" WC="0.96" CONTENT="bli"/><SP WIDTH="21" VPOS="1833" HPOS="971"/>
							<String ID="string_230" HPOS="992" VPOS="1840" WIDTH="42" HEIGHT="21" WC="0.96" CONTENT="av"/><SP WIDTH="20" VPOS="1840" HPOS="1034"/>
							<String ID="string_231" HPOS="1054" VPOS="1830" WIDTH="195" HEIGHT="40" WC="0.96" CONTENT="betydande"/><SP WIDTH="20" VPOS="1830" HPOS="1249"/>
							<String ID="string_232" HPOS="1269" VPOS="1828" WIDTH="116" HEIGHT="31" WC="0.96" CONTENT="värde."/><SP WIDTH="22" VPOS="1828" HPOS="1385"/>
							<String ID="string_233" HPOS="1407" VPOS="1828" WIDTH="75" HEIGHT="29" WC="0.96" CONTENT="Den"/><SP WIDTH="19" VPOS="1828" HPOS="1482"/>
							<String ID="string_234" HPOS="1501" VPOS="1827" WIDTH="63" HEIGHT="29" WC="0.93" CONTENT="bör"/><SP WIDTH="21" VPOS="1827" HPOS="1564"/>
							<String ID="string_235" HPOS="1585" VPOS="1826" WIDTH="57" HEIGHT="29" WC="0.93" CONTENT="be-"/>
						</TextLine>
						<TextLine ID="line_27" HPOS="154" VPOS="1880" WIDTH="1488" HEIGHT="47">
							<String ID="string_236" HPOS="154" VPOS="1892" WIDTH="116" HEIGHT="31" WC="0.96" CONTENT="drivas"/><SP WIDTH="18" VPOS="1892" HPOS="270"/>
							<String ID="string_237" HPOS="288" VPOS="1891" WIDTH="96" HEIGHT="30" WC="0.96" CONTENT="inom"/><SP WIDTH="20" VPOS="1891" HPOS="384"/>
							<String ID="string_238" HPOS="404" VPOS="1891" WIDTH="68" HEIGHT="30" WC="0.96" CONTENT="den"/><SP WIDTH="21" VPOS="1891" HPOS="472"/>
							<String ID="string_239" HPOS="493" VPOS="1889" WIDTH="138" HEIGHT="38" WC="0.96" CONTENT="statliga"/><SP WIDTH="20" VPOS="1889" HPOS="631"/>
							<String ID="string_240" HPOS="651" VPOS="1888" WIDTH="152" HEIGHT="33" WC="0.96" CONTENT="sektorn,"/><SP WIDTH="20" VPOS="1888" HPOS="803"/>
							<String ID="string_241" HPOS="823" VPOS="1886" WIDTH="122" HEIGHT="30" WC="0.96" CONTENT="därvid"/><SP WIDTH="20" VPOS="1886" HPOS="945"/>
							<String ID="string_242" HPOS="965" VPOS="1894" WIDTH="84" HEIGHT="20" WC="0.96" CONTENT="man"/><SP WIDTH="18" VPOS="1894" HPOS="1049"/>
							<String ID="string_243" HPOS="1067" VPOS="1884" WIDTH="63" HEIGHT="30" WC="0.96" CONTENT="bör"/><SP WIDTH="20" VPOS="1884" HPOS="1130"/>
							<String ID="string_244" HPOS="1150" VPOS="1883" WIDTH="85" HEIGHT="30" WC="0.96" CONTENT="söka"/><SP WIDTH="18" VPOS="1883" HPOS="1235"/>
							<String ID="string_245" HPOS="1253" VPOS="1882" WIDTH="180" HEIGHT="38" WC="0.96" CONTENT="klarlägga"/><SP WIDTH="17" VPOS="1882" HPOS="1433"/>
							<String ID="string_246" HPOS="1450" VPOS="1880" WIDTH="95" HEIGHT="29" WC="0.93" CONTENT="vilka"/><SP WIDTH="18" VPOS="1880" HPOS="1545"/>
							<String ID="string_247" HPOS="1563" VPOS="1888" WIDTH="79" HEIGHT="30" WC="0.93" CONTENT="pro-"/>
						</TextLine>
						<TextLine ID="line_28" HPOS="153" VPOS="1932" WIDTH="1489" HEIGHT="43">
							<String ID="string_248" HPOS="153" VPOS="1945" WIDTH="92" HEIGHT="30" WC="0.93" CONTENT="blem"/><SP WIDTH="21" VPOS="1945" HPOS="245"/>
							<String ID="string_249" HPOS="266" VPOS="1953" WIDTH="76" HEIGHT="21" WC="0.52" CONTENT=":som"/><SP WIDTH="19" VPOS="1953" HPOS="342"/>
							<String ID="string_250" HPOS="361" VPOS="1945" WIDTH="112" HEIGHT="28" WC="0.96" CONTENT="möter"/><SP WIDTH="19" VPOS="1945" HPOS="473"/>
							<String ID="string_251" HPOS="492" VPOS="1943" WIDTH="58" HEIGHT="29" WC="0.93" CONTENT="vid"/><SP WIDTH="19" VPOS="1943" HPOS="550"/>
							<String ID="string_252" HPOS="569" VPOS="1940" WIDTH="229" HEIGHT="32" WC="0.92" CONTENT="överförande"/><SP WIDTH="21" VPOS="1940" HPOS="798"/>
							<String ID="string_253" HPOS="819" VPOS="1949" WIDTH="41" HEIGHT="20" WC="0.93" CONTENT="av"/><SP WIDTH="21" VPOS="1949" HPOS="860"/>
							<String ID="string_254" HPOS="881" VPOS="1936" WIDTH="398" HEIGHT="39" WC="0.91" CONTENT="forskningsresultaten"/><SP WIDTH="21" VPOS="1936" HPOS="1279"/>
							<String ID="string_255" HPOS="1300" VPOS="1936" WIDTH="91" HEIGHT="28" WC="0.96" CONTENT="samt"/><SP WIDTH="20" VPOS="1936" HPOS="1391"/>
							<String ID="string_256" HPOS="1411" VPOS="1933" WIDTH="86" HEIGHT="30" WC="0.96" CONTENT="söka"/><SP WIDTH="18" VPOS="1933" HPOS="1497"/>
							<String ID="string_257" HPOS="1515" VPOS="1932" WIDTH="127" HEIGHT="30" WC="0.96" CONTENT="utröna"/>
						</TextLine>
						<TextLine ID="line_29" HPOS="155" VPOS="1985" WIDTH="1488" HEIGHT="46">
							<String ID="string_258" HPOS="155" VPOS="1999" WIDTH="93" HEIGHT="30" WC="0.96" CONTENT="vilka"/><SP WIDTH="21" VPOS="1999" HPOS="248"/>
							<String ID="string_259" HPOS="269" VPOS="1997" WIDTH="155" HEIGHT="30" WC="0.96" CONTENT="metoder"/><SP WIDTH="21" VPOS="1997" HPOS="424"/>
							<String ID="string_260" HPOS="445" VPOS="1997" WIDTH="67" HEIGHT="29" WC="0.96" CONTENT="och"/><SP WIDTH="21" VPOS="1997" HPOS="512"/>
							<String ID="string_261" HPOS="533" VPOS="1995" WIDTH="111" HEIGHT="30" WC="0.96" CONTENT="medel"/><SP WIDTH="24" VPOS="1995" HPOS="644"/>
							<String ID="string_262" HPOS="668" VPOS="2003" WIDTH="75" HEIGHT="21" WC="0.96" CONTENT="som"/><SP WIDTH="21" VPOS="2003" HPOS="743"/>
							<String ID="string_263" HPOS="764" VPOS="1995" WIDTH="38" HEIGHT="28" WC="0.96" CONTENT="är"/><SP WIDTH="22" VPOS="1995" HPOS="802"/>
							<String ID="string_264" HPOS="824" VPOS="1991" WIDTH="201" HEIGHT="40" WC="0.95" CONTENT="lämpligast"/><SP WIDTH="21" VPOS="1991" HPOS="1025"/>
							<String ID="string_265" HPOS="1046" VPOS="1990" WIDTH="65" HEIGHT="30" WC="0.97" CONTENT="och"/><SP WIDTH="22" VPOS="1990" HPOS="1111"/>
							<String ID="string_266" HPOS="1133" VPOS="1989" WIDTH="109" HEIGHT="39" WC="0.96" CONTENT="skapa"/><SP WIDTH="20" VPOS="1989" HPOS="1242"/>
							<String ID="string_267" HPOS="1262" VPOS="1988" WIDTH="144" HEIGHT="30" WC="0.96" CONTENT="enheter"/><SP WIDTH="21" VPOS="1988" HPOS="1406"/>
							<String ID="string_268" HPOS="1427" VPOS="1985" WIDTH="65" HEIGHT="32" WC="0.93" CONTENT="och"/><SP WIDTH="20" VPOS="1985" HPOS="1492"/>
							<String ID="string_269" HPOS="1512" VPOS="1985" WIDTH="131" HEIGHT="41" WC="0.92" CONTENT="arbets-"/>
						</TextLine>
						<TextLine ID="line_30" HPOS="155" VPOS="2046" WIDTH="774" HEIGHT="45">
							<String ID="string_270" HPOS="155" VPOS="2052" WIDTH="130" HEIGHT="39" WC="0.96" CONTENT="platser"/><SP WIDTH="18" VPOS="2052" HPOS="285"/>
							<String ID="string_271" HPOS="303" VPOS="2060" WIDTH="74" HEIGHT="20" WC="0.96" CONTENT="som"/><SP WIDTH="17" VPOS="2060" HPOS="377"/>
							<String ID="string_272" HPOS="394" VPOS="2050" WIDTH="72" HEIGHT="29" WC="0.96" CONTENT="kan"/><SP WIDTH="16" VPOS="2050" HPOS="466"/>
							<String ID="string_273" HPOS="482" VPOS="2049" WIDTH="148" HEIGHT="30" WC="0.96" CONTENT="framstå"/><SP WIDTH="18" VPOS="2049" HPOS="630"/>
							<String ID="string_274" HPOS="648" VPOS="2057" WIDTH="74" HEIGHT="20" WC="0.96" CONTENT="som"/><SP WIDTH="19" VPOS="2057" HPOS="722"/>
							<String ID="string_275" HPOS="741" VPOS="2046" WIDTH="188" HEIGHT="30" WC="0.96" CONTENT="föredöme."/>
						</TextLine>
					</TextBlock>
					<TextBlock ID="block_7" HPOS="156" VPOS="2092" WIDTH="1491" HEIGHT="366">
						<TextLine ID="line_31" HPOS="199" VPOS="2092" WIDTH="1444" HEIGHT="50">
							<String ID="string_276" HPOS="199" VPOS="2101" WIDTH="454" HEIGHT="41" WC="0.91" CONTENT="Arbetarskyddsstyrelsen"/><SP WIDTH="21" VPOS="2101" HPOS="653"/>
							<String ID="string_277" HPOS="674" VPOS="2100" WIDTH="64" HEIGHT="29" WC="0.96" CONTENT="har"/><SP WIDTH="21" VPOS="2100" HPOS="738"/>
							<String ID="string_278" HPOS="759" VPOS="2100" WIDTH="114" HEIGHT="28" WC="0.96" CONTENT="ansett"/><SP WIDTH="20" VPOS="2100" HPOS="873"/>
							<String ID="string_279" HPOS="893" VPOS="2100" WIDTH="51" HEIGHT="27" WC="0.96" CONTENT="att"/><SP WIDTH="21" VPOS="2100" HPOS="944"/>
							<String ID="string_280" HPOS="965" VPOS="2107" WIDTH="43" HEIGHT="20" WC="0.96" CONTENT="en"/><SP WIDTH="22" VPOS="2107" HPOS="1008"/>
							<String ID="string_281" HPOS="1030" VPOS="2096" WIDTH="109" HEIGHT="30" WC="0.96" CONTENT="sådan"/><SP WIDTH="20" VPOS="2096" HPOS="1139"/>
							<String ID="string_282" HPOS="1159" VPOS="2094" WIDTH="223" HEIGHT="31" WC="0.96" CONTENT="verksamhet"/><SP WIDTH="19" VPOS="2094" HPOS="1382"/>
							<String ID="string_283" HPOS="1401" VPOS="2093" WIDTH="63" HEIGHT="29" WC="0.96" CONTENT="bör"/><SP WIDTH="20" VPOS="2093" HPOS="1464"/>
							<String ID="string_284" HPOS="1484" VPOS="2092" WIDTH="159" HEIGHT="29" WC="0.96" CONTENT="bedrivas"/>
						</TextLine>
						<TextLine ID="line_32" HPOS="158" VPOS="2143" WIDTH="1485" HEIGHT="49">
							<String ID="string_285" HPOS="158" VPOS="2159" WIDTH="10" HEIGHT="33" WC="0.95" CONTENT="i"/><SP WIDTH="18" VPOS="2159" HPOS="168"/>
							<String ID="string_286" HPOS="186" VPOS="2157" WIDTH="194" HEIGHT="31" WC="0.96" CONTENT="samarbete"/><SP WIDTH="19" VPOS="2157" HPOS="380"/>
							<String ID="string_287" HPOS="399" VPOS="2156" WIDTH="80" HEIGHT="29" WC="0.93" CONTENT="med"/><SP WIDTH="18" VPOS="2156" HPOS="479"/>
							<String ID="string_288" HPOS="497" VPOS="2151" WIDTH="452" HEIGHT="33" WC="0.92" CONTENT="Personaladministrativa"/><SP WIDTH="18" VPOS="2151" HPOS="949"/>
							<String ID="string_289" HPOS="967" VPOS="2149" WIDTH="109" HEIGHT="30" WC="0.95" CONTENT="rådet."/><SP WIDTH="20" VPOS="2149" HPOS="1076"/>
							<String ID="string_290" HPOS="1096" VPOS="2149" WIDTH="53" HEIGHT="29" WC="0.96" CONTENT="En"/><SP WIDTH="18" VPOS="2149" HPOS="1149"/>
							<String ID="string_291" HPOS="1167" VPOS="2157" WIDTH="118" HEIGHT="21" WC="0.96" CONTENT="annan"/><SP WIDTH="19" VPOS="2157" HPOS="1285"/>
							<String ID="string_292" HPOS="1304" VPOS="2145" WIDTH="184" HEIGHT="40" WC="0.96" CONTENT="möjlighet"/><SP WIDTH="18" VPOS="2145" HPOS="1488"/>
							<String ID="string_293" HPOS="1506" VPOS="2144" WIDTH="108" HEIGHT="40" WC="0.96" CONTENT="ligger"/><SP WIDTH="18" VPOS="2144" HPOS="1614"/>
							<String ID="string_294" HPOS="1632" VPOS="2143" WIDTH="11" HEIGHT="29" WC="0.96" CONTENT="i"/>
						</TextLine>
						<TextLine ID="line_33" HPOS="156" VPOS="2198" WIDTH="1489" HEIGHT="46">
							<String ID="string_295" HPOS="156" VPOS="2220" WIDTH="44" HEIGHT="20" WC="0.93" CONTENT="en"/><SP WIDTH="22" VPOS="2220" HPOS="200"/>
							<String ID="string_296" HPOS="222" VPOS="2209" WIDTH="243" HEIGHT="30" WC="0.91" CONTENT="intensifierad"/><SP WIDTH="23" VPOS="2209" HPOS="465"/>
							<String ID="string_297" HPOS="488" VPOS="2206" WIDTH="239" HEIGHT="38" WC="0.91" CONTENT="rådgivnings-"/><SP WIDTH="21" VPOS="2206" HPOS="727"/>
							<String ID="string_298" HPOS="748" VPOS="2205" WIDTH="66" HEIGHT="29" WC="0.93" CONTENT="och"/><SP WIDTH="22" VPOS="2205" HPOS="814"/>
							<String ID="string_299" HPOS="836" VPOS="2201" WIDTH="466" HEIGHT="42" WC="0.91" CONTENT="upplysningsverksamhet,"/><SP WIDTH="23" VPOS="2201" HPOS="1302"/>
							<String ID="string_300" HPOS="1325" VPOS="2208" WIDTH="82" HEIGHT="20" WC="0.96" CONTENT="men"/><SP WIDTH="22" VPOS="2208" HPOS="1407"/>
							<String ID="string_301" HPOS="1429" VPOS="2198" WIDTH="58" HEIGHT="29" WC="0.96" CONTENT="det"/><SP WIDTH="21" VPOS="2198" HPOS="1487"/>
							<String ID="string_302" HPOS="1508" VPOS="2198" WIDTH="63" HEIGHT="29" WC="0.93" CONTENT="bör"/><SP WIDTH="21" VPOS="2198" HPOS="1571"/>
							<String ID="string_303" HPOS="1592" VPOS="2198" WIDTH="53" HEIGHT="38" WC="0.92" CONTENT="ut-"/>
						</TextLine>
						<TextLine ID="line_34" HPOS="159" VPOS="2250" WIDTH="1487" HEIGHT="42">
							<String ID="string_304" HPOS="159" VPOS="2263" WIDTH="100" HEIGHT="29" WC="0.96" CONTENT="redas"/><SP WIDTH="21" VPOS="2263" HPOS="259"/>
							<String ID="string_305" HPOS="280" VPOS="2262" WIDTH="67" HEIGHT="30" WC="0.96" CONTENT="hur"/><SP WIDTH="22" VPOS="2262" HPOS="347"/>
							<String ID="string_306" HPOS="369" VPOS="2271" WIDTH="44" HEIGHT="20" WC="0.96" CONTENT="en"/><SP WIDTH="23" VPOS="2271" HPOS="413"/>
							<String ID="string_307" HPOS="436" VPOS="2261" WIDTH="110" HEIGHT="29" WC="0.96" CONTENT="sådan"/><SP WIDTH="21" VPOS="2261" HPOS="546"/>
							<String ID="string_308" HPOS="567" VPOS="2258" WIDTH="223" HEIGHT="30" WC="0.95" CONTENT="verksamhet"/><SP WIDTH="23" VPOS="2258" HPOS="790"/>
							<String ID="string_309" HPOS="813" VPOS="2256" WIDTH="88" HEIGHT="30" WC="0.96" CONTENT="skall"/><SP WIDTH="23" VPOS="2256" HPOS="901"/>
							<String ID="string_310" HPOS="924" VPOS="2255" WIDTH="175" HEIGHT="30" WC="0.96" CONTENT="utformas"/><SP WIDTH="22" VPOS="2255" HPOS="1099"/>
							<String ID="string_311" HPOS="1121" VPOS="2253" WIDTH="64" HEIGHT="30" WC="0.96" CONTENT="och"/><SP WIDTH="22" VPOS="2253" HPOS="1185"/>
							<String ID="string_312" HPOS="1207" VPOS="2252" WIDTH="230" HEIGHT="39" WC="0.93" CONTENT="organiseras."/><SP WIDTH="23" VPOS="2252" HPOS="1437"/>
							<String ID="string_313" HPOS="1460" VPOS="2250" WIDTH="186" HEIGHT="30" WC="0.91" CONTENT="Verksam-"/>
						</TextLine>
						<TextLine ID="line_35" HPOS="159" VPOS="2303" WIDTH="1486" HEIGHT="46">
							<String ID="string_314" HPOS="159" VPOS="2317" WIDTH="103" HEIGHT="28" WC="0.96" CONTENT="heten"/><SP WIDTH="20" VPOS="2317" HPOS="262"/>
							<String ID="string_315" HPOS="282" VPOS="2315" WIDTH="63" HEIGHT="30" WC="0.95" CONTENT="bör"/><SP WIDTH="21" VPOS="2315" HPOS="345"/>
							<String ID="string_316" HPOS="366" VPOS="2314" WIDTH="127" HEIGHT="29" WC="0.96" CONTENT="främst"/><SP WIDTH="21" VPOS="2314" HPOS="493"/>
							<String ID="string_317" HPOS="514" VPOS="2312" WIDTH="93" HEIGHT="30" WC="0.96" CONTENT="rikta"/><SP WIDTH="20" VPOS="2312" HPOS="607"/>
							<String ID="string_318" HPOS="627" VPOS="2312" WIDTH="51" HEIGHT="37" WC="0.96" CONTENT="sig"/><SP WIDTH="22" VPOS="2312" HPOS="678"/>
							<String ID="string_319" HPOS="700" VPOS="2311" WIDTH="52" HEIGHT="28" WC="0.96" CONTENT="till"/><SP WIDTH="21" VPOS="2311" HPOS="752"/>
							<String ID="string_320" HPOS="773" VPOS="2310" WIDTH="41" HEIGHT="29" WC="0.96" CONTENT="de"/><SP WIDTH="22" VPOS="2310" HPOS="814"/>
							<String ID="string_321" HPOS="836" VPOS="2308" WIDTH="117" HEIGHT="30" WC="0.96" CONTENT="lokala"/><SP WIDTH="20" VPOS="2308" HPOS="953"/>
							<String ID="string_322" HPOS="973" VPOS="2308" WIDTH="232" HEIGHT="31" WC="0.95" CONTENT="instanserna,"/><SP WIDTH="22" VPOS="2308" HPOS="1205"/>
							<String ID="string_323" HPOS="1227" VPOS="2305" WIDTH="32" HEIGHT="29" WC="0.91" CONTENT="d."/><SP WIDTH="20" VPOS="2305" HPOS="1259"/>
							<String ID="string_324" HPOS="1279" VPOS="2313" WIDTH="31" HEIGHT="21" WC="0.86" CONTENT="v."/><SP WIDTH="23" VPOS="2313" HPOS="1310"/>
							<String ID="string_325" HPOS="1333" VPOS="2313" WIDTH="26" HEIGHT="20" WC="0.86" CONTENT="s."/><SP WIDTH="21" VPOS="2313" HPOS="1359"/>
							<String ID="string_326" HPOS="1380" VPOS="2303" WIDTH="53" HEIGHT="30" WC="0.96" CONTENT="till"/><SP WIDTH="22" VPOS="2303" HPOS="1433"/>
							<String ID="string_327" HPOS="1455" VPOS="2303" WIDTH="190" HEIGHT="37" WC="0.96" CONTENT="företagen,"/>
						</TextLine>
						<TextLine ID="line_36" HPOS="160" VPOS="2355" WIDTH="1487" HEIGHT="51">
							<String ID="string_328" HPOS="160" VPOS="2366" WIDTH="372" HEIGHT="40" WC="0.91" CONTENT="företagsnämnderna"/><SP WIDTH="29" VPOS="2366" HPOS="532"/>
							<String ID="string_329" HPOS="561" VPOS="2365" WIDTH="65" HEIGHT="29" WC="0.96" CONTENT="och"/><SP WIDTH="30" VPOS="2365" HPOS="626"/>
							<String ID="string_330" HPOS="656" VPOS="2363" WIDTH="282" HEIGHT="37" WC="0.95" CONTENT="arbetstagarnas"/><SP WIDTH="29" VPOS="2363" HPOS="938"/>
							<String ID="string_331" HPOS="967" VPOS="2359" WIDTH="116" HEIGHT="30" WC="0.96" CONTENT="lokala"/><SP WIDTH="30" VPOS="2359" HPOS="1083"/>
							<String ID="string_332" HPOS="1113" VPOS="2356" WIDTH="368" HEIGHT="39" WC="0.93" CONTENT="sammanslutningar."/><SP WIDTH="32" VPOS="2356" HPOS="1481"/>
							<String ID="string_333" HPOS="1513" VPOS="2355" WIDTH="13" HEIGHT="29" WC="0.92" CONTENT="I"/><SP WIDTH="31" VPOS="2355" HPOS="1526"/>
							<String ID="string_334" HPOS="1557" VPOS="2363" WIDTH="90" HEIGHT="30" WC="0.91" CONTENT="sam-"/>
						</TextLine>
						<TextLine ID="line_37" HPOS="162" VPOS="2402" WIDTH="1484" HEIGHT="56">
							<String ID="string_335" HPOS="162" VPOS="2421" WIDTH="210" HEIGHT="37" WC="0.92" CONTENT="manhanget"/><SP WIDTH="14" VPOS="2421" HPOS="372"/>
							<String ID="string_336" HPOS="386" VPOS="2419" WIDTH="63" HEIGHT="30" WC="0.96" CONTENT="bör"/><SP WIDTH="16" VPOS="2419" HPOS="449"/>
							<String ID="string_337" HPOS="465" VPOS="2418" WIDTH="201" HEIGHT="29" WC="0.96" CONTENT="observeras"/><SP WIDTH="17" VPOS="2418" HPOS="666"/>
							<String ID="string_338" HPOS="683" VPOS="2418" WIDTH="50" HEIGHT="27" WC="0.93" CONTENT="att"/><SP WIDTH="16" VPOS="2418" HPOS="733"/>
							<String ID="string_339" HPOS="749" VPOS="2411" WIDTH="445" HEIGHT="41" WC="0.92" CONTENT="arbetarskyddsstyrelsen"/><SP WIDTH="14" VPOS="2411" HPOS="1194"/>
							<String ID="string_340" HPOS="1208" VPOS="2410" WIDTH="87" HEIGHT="30" WC="0.96" CONTENT="lider"/><SP WIDTH="15" VPOS="2410" HPOS="1295"/>
							<String ID="string_341" HPOS="1310" VPOS="2409" WIDTH="89" HEIGHT="30" WC="0.96" CONTENT="brist"/><SP WIDTH="14" VPOS="2409" HPOS="1399"/>
							<String ID="string_342" HPOS="1413" VPOS="2408" WIDTH="46" HEIGHT="40" WC="0.96" CONTENT="på"/><SP WIDTH="14" VPOS="2408" HPOS="1459"/>
							<String ID="string_343" HPOS="1473" VPOS="2402" WIDTH="173" HEIGHT="50" WC="0.95" CONTENT="personal."/>
						</TextLine>
					</TextBlock>
					<TextBlock ID="block_8" HPOS="205" VPOS="2459" WIDTH="1442" HEIGHT="48">
						<TextLine ID="line_38" HPOS="205" VPOS="2459" WIDTH="1442" HEIGHT="48">
							<String ID="string_344" HPOS="205" VPOS="2472" WIDTH="226" HEIGHT="32" WC="0.96" CONTENT="Beträffande"/><SP WIDTH="16" VPOS="2472" HPOS="431"/>
							<String ID="string_345" HPOS="447" VPOS="2469" WIDTH="254" HEIGHT="38" WC="0.96" CONTENT="motiveringen"/><SP WIDTH="15" VPOS="2469" HPOS="701"/>
							<String ID="string_346" HPOS="716" VPOS="2469" WIDTH="12" HEIGHT="29" WC="0.96" CONTENT="i"/><SP WIDTH="15" VPOS="2469" HPOS="728"/>
							<String ID="string_347" HPOS="743" VPOS="2467" WIDTH="112" HEIGHT="39" WC="0.96" CONTENT="övrigt"/><SP WIDTH="16" VPOS="2467" HPOS="855"/>
							<String ID="string_348" HPOS="871" VPOS="2466" WIDTH="55" HEIGHT="30" WC="0.96" CONTENT="får"/><SP WIDTH="17" VPOS="2466" HPOS="926"/>
							<String ID="string_349" HPOS="943" VPOS="2465" WIDTH="171" HEIGHT="30" WC="0.96" CONTENT="utskottet"/><SP WIDTH="15" VPOS="2465" HPOS="1114"/>
							<String ID="string_350" HPOS="1129" VPOS="2463" WIDTH="146" HEIGHT="31" WC="0.96" CONTENT="hänvisa"/><SP WIDTH="16" VPOS="2463" HPOS="1275"/>
							<String ID="string_351" HPOS="1291" VPOS="2461" WIDTH="53" HEIGHT="32" WC="0.96" CONTENT="till"/><SP WIDTH="15" VPOS="2461" HPOS="1344"/>
							<String ID="string_352" HPOS="1359" VPOS="2461" WIDTH="135" HEIGHT="31" WC="0.96" CONTENT="motion"/><SP WIDTH="17" VPOS="2461" HPOS="1494"/>
							<String ID="string_353" HPOS="1511" VPOS="2460" WIDTH="45" HEIGHT="30" WC="0.93" CONTENT="II:"/><SP WIDTH="17" VPOS="2460" HPOS="1556"/>
							<String ID="string_354" HPOS="1573" VPOS="2459" WIDTH="74" HEIGHT="36" WC="0.59" CONTENT="776:"/>
						</TextLine>
					</TextBlock>
				</ComposedBlock>
			</PrintSpace>
		</Page>
	</Layout>
</alto>
