2196 2606
686 191 112 31 Första
821 191 212 41 lagutskottets

403 271 133 38 Kungl.
560 271 129 37 Maj:ts
714 271 153 37 förslag:

315 323 149 37 Sådana
494 322 237 37 föreskrifter
755 321 189 36 meddelas
965 334 44 22 av

237 380 137 40 rätten,
431 374 116 37 sedan
603 373 179 48 samtliga
832 372 179 48 delägare

238 429 162 34 lämnats
442 426 147 36 tillfälle
625 430 55 30 att
711 430 100 43 yttra
840 424 61 47 sig
929 423 81 48 och,

238 480 66 35 där
332 479 108 47 fråga
469 483 40 30 är
533 490 61 23 om
614 475 284 37 bestämmelser
920 476 11 35 1
952 489 61 22 av-

239 530 136 36 seende
416 532 20 32 å
478 527 224 49 skogsvård,
744 526 178 48 yttrande
959 526 54 35 in-

239 582 166 35 hämtats
448 580 83 36 från
572 577 284 38 vederbörande
885 577 129 48 skogs-

240 631 273 49 vårdsstyrelse
542 631 89 35 eller
649 629 362 48 skogstjänsteman.

1058 183 160 38 utlåtande
1242 189 52 32 Nr
1318 190 51 30 40.

1250 268 198 33 Utskottets
1472 268 152 36 förslag:

1144 319 147 37 Sådana
1320 319 238 37 föreskrifter
1582 318 189 37 meddelas
1792 331 46 23 av

1067 376 135 43 rätten,
1257 371 118 36 sedan
1429 370 180 48 samtliga
1663 369 177 49 delägare

1066 424 162 35 lämnats
1270 422 146 36 tillfälle
1451 428 55 29 att
1536 426 104 43 yttra
1668 421 61 48 sig
1757 421 83 45 och,

1068 475 65 35 där
1170 474 114 47 fråga
1325 479 40 30 är
1406 486 60 23 om
1508 472 286 36 bestämmelser
1830 472 11 35 i

1068 525 184 36 avseende
1281 527 20 33 å
1330 524 226 48 skogsvård,
1584 523 179 49 yttrande
1787 523 56 35 in-

1069 577 164 35 hämtats
1274 576 86 35 från
1393 574 286 37 vederbörande
1708 574 134 47 skogs-

1068 626 277 50 vårdsstyrelse
1391 626 103 47 eller,
1541 627 68 34 där
1650 627 117 34 sådan
1810 627 34 41 e

1068 681 126 42 finnes,
1207 680 262 35 vederbörande
1480 677 363 49 skogstjänsteman.

1750 187 42 31 27

980 768 43 33 11
1055 765 31 49 8.

372 839 82 36 Vad
484 839 10 35 i
527 839 44 35 18
601 838 86 48 kap.
718 835 296 37 handelsbalken
1044 840 40 30 är
1113 835 58 35 för
1200 834 212 49 syssloman
1441 833 155 47 stadgat
1623 832 12 35 i
1657 832 107 47 fråga
1783 843 62 23 om

243 890 247 48 ansvarighet
518 889 69 36 och
615 887 262 48 redovisning,

907 889 41 33 så
976 886 69 36 ock
1074 899 59 22 om
1164 885 138 36 arvode
1331 884 70 36 och
1431 883 214 48 ersättning
1667 883 56 36 för
1742 883 104 35 kost-

243 942 116 37 nader
387 941 95 37 skall
510 941 101 48 gälla
640 943 95 32 även
764 939 57 36 för
849 937 77 49 god
955 950 99 33 man,
1084 949 80 23 som
1194 937 12 35 i
1235 935 124 37 denna
1387 936 65 48 lag
1481 947 117 23 avses.

995 1041 44 34 12

1070 1039 32 49 8.

375 1113 183 48 Kostnad,
581 1126 80 23 som
683 1126 46 22 av
749 1111 99 49 gode
868 1122 164 24 mannen
1051 1109 123 49 gjorts
1194 1108 59 36 för
1267 1107 234 48 förvaltning
1517 1120 45 22 av
1578 1105 269 49 samfällighet,

246 1168 106 36 skola
380 1166 179 48 samtliga
588 1165 176 48 delägare
792 1162 223 46 vidkännas,
1046 1173 115 24 envar
1188 1160 11 36 i
1227 1159 237 37 förhållande
1492 1158 57 36 till
1578 1158 57 36 sin
1663 1159 79 35 lott.

997 1267 44 34 13

1071 1264 32 49 8.

377 1339 45 48 Ej
453 1341 61 34 må
541 1341 129 45 någon
698 1336 58 37 till
784 1335 77 49 god
890 1348 88 23 man
998 1332 207 47 förordnas,
1225 1338 92 30 utan
1338 1337 54 32 att
1411 1332 75 36 han
1506 1331 124 36 därtill
1650 1330 199 49 samtyckt.

378 1390 76 36 Vill
495 1390 85 46 den,
619 1402 82 23 som
740 1393 40 30 är
808 1387 58 36 till
895 1386 76 48 god
1000 1398 87 23 man
1117 1383 216 48 förordnad,
1362 1382 269 49 befattningen
1659 1381 193 36 frånträda

249 1443 71 37 och
349 1443 118 48 gitter
493 1442 75 36 han
596 1441 83 35 visa
707 1439 126 48 skälig
861 1437 123 48 orsak,

380 1494 88 36 eller
509 1492 161 37 ansöker
710 1491 190 48 delägare,
943 1495 54 30 att
1032 1487 76 50 god
1136 1501 88 23 man
1253 1487 223 47 entledigas,
1507 1486 69 36 och
1604 1490 137 44 prövas
1771 1484 80 37 skäl

250 1546 126 37 därtill
402 1559 99 34 vara,

381 1597 90 37 eller
507 1596 117 37 varda
661 1595 206 47 delägarna
895 1606 88 24 ense
1011 1597 55 31 att
1094 1592 121 48 själva
1244 1590 298 48 omhändertaga
1571 1588 283 47 förvaltningen

251 1664 46 22 av
326 1648 307 48 samfälligheten
662 1648 70 35 och
760 1651 96 44 göra
885 1645 45 36 de
959 1645 128 36 därom
1117 1643 187 46 anmälan,

382 1700 89 37 eller
499 1700 166 37 beslutes
693 1699 12 36 i
734 1698 73 36 den
835 1696 177 48 ordning,
1042 1708 80 24 som
1151 1694 10 36 i
1188 1695 124 36 denna
1343 1694 66 49 lag
1428 1699 99 43 sägs,
1548 1706 61 23 om
1630 1690 226 49 förfogande

252 1759 89 31 över
369 1751 310 49 samfälligheten
707 1753 48 46 på
783 1749 135 36 sådant
946 1752 85 38 sätt,
1061 1752 54 31 att
1144 1746 235 49 förvaltning
1399 1759 46 23 av
1468 1745 76 49 god
1564 1758 89 23 man
1673 1744 32 49 ej
1726 1743 129 36 vidare

253 1805 201 46 erfordras,

384 1857 89 36 eller
510 1855 134 36 varder
681 1854 166 49 upplyst,
887 1856 54 32 att
969 1851 308 49 samfälligheten
1304 1849 110 37 blivit
1442 1849 57 36 för
1526 1860 218 36 gemensam
1772 1846 85 36 räk-

254 1909 95 48 ning
378 1907 142 37 försåld
549 1907 91 36 eller
668 1911 54 31 att
749 1903 283 50 gemenskapen
1061 1902 221 37 annorledes
1310 1901 177 50 upphört,

384 1959 116 37 varde
529 1959 100 48 gode
659 1970 164 24 mannen
854 1969 46 23 av
927 1960 124 32 rätten
1080 1954 89 37 eller
1197 1954 180 36 domaren
1407 1951 231 49 entledigad.

1007 2060 46 34 14
1081 2057 31 49 $.

386 2123 101 46 Över
527 2132 137 46 beslut,
703 2144 80 23 som
813 2143 48 23 av
891 2128 178 37 domaren
1098 2127 191 36 meddelas
1318 2125 121 49 enligt
1469 2126 46 35 10
1544 2124 89 37 eller
1663 2124 45 35 13
1738 2121 33 50 $,
1799 2124 62 34 må

256 2186 142 48 klagan
425 2184 101 37 föras
554 2183 70 37 hos
653 2183 212 37 hovrätten.

386 2236 143 47 Beslut,
558 2249 81 23 som
668 2248 46 23 av
741 2239 124 31 rätten
894 2232 89 37 eller
1011 2231 178 37 domaren
1218 2229 191 38 meddelas
1438 2228 121 48 enligt
1588 2228 100 47 5,10
1708 2226 88 37 eller
1814 2226 46 36 13

257 2289 35 49 $,
320 2289 127 37 träder
474 2293 91 31 utan
593 2287 137 36 hinder
758 2300 46 23 av
833 2284 83 38 förd
945 2284 139 48 klagan
1113 2289 138 43 genast
1278 2282 12 36 i
1317 2280 307 49 verkställighet.
