2200 2646
397 205 18 30 6
883 207 323 31 Jordbruksutskottets
1229 209 152 28 utlåtande
1404 209 51 29 Nr
1478 211 50 27 67.

502 284 76 34 >»Av
618 283 61 36 det
719 282 155 37 anförda
915 283 174 50 framgår,
1131 290 53 30 att
1224 284 119 36 under
1383 285 45 36 de
1467 291 164 30 närmast
1671 286 221 36 kommande
1920 289 88 33 åren

395 333 196 37 avsevärda
628 334 135 48 belopp
790 334 99 36 bliva
916 335 211 48 disponibla
1153 335 59 36 för
1239 336 113 48 inköp
1380 349 44 23 av
1451 337 218 47 skogsmark
1695 349 135 35 genom
1859 336 45 36 de
1930 336 79 37 för-

395 385 215 47 säljningar,
643 386 123 34 vartill
807 385 197 48 riksdagen
1032 386 112 35 redan
1171 387 142 35 lämnat
1341 387 65 35 sitt
1432 386 255 49 medgivande.
1741 387 136 35 Härtill
1905 388 104 35 kom-

394 448 89 30 mer,
525 440 53 29 att
618 447 134 34 genom
792 435 45 35 de
878 448 43 22 av
960 436 198 48 riksdagen
1197 435 58 37 för
1281 437 102 45 varje
1411 440 40 32 år
1479 436 94 36 efter
1600 437 180 36 särskilda
1808 436 200 37 framställ-

392 486 135 47 ningar
567 484 83 36 från
691 485 136 48 Kungl.
869 485 106 47 Maj:t
1015 486 191 36 beslutade
1245 485 315 49 försäljningarna
1600 500 43 22 av
1682 487 214 48 lägenheter
1923 487 84 35 från

392 535 160 36 kronans
593 535 235 48 egendomar,
869 536 98 35 vilka
1008 535 263 50 försäljningar
1311 537 95 36 visat
1446 550 46 23 en
1524 537 155 36 tendens
1707 542 53 31 att
1788 540 40 33 år
1856 537 82 36 från
1967 541 41 32 år

393 586 85 35 ökas
519 586 71 36 och
631 586 85 36 med
751 588 48 34 all
827 587 233 36 sannolikhet
1087 588 148 36 komma
1263 593 52 30 att
1342 589 57 34 till
1428 587 93 49 följd
1549 601 44 24 av
1621 589 45 35 de
1695 588 118 36 under
1840 592 40 32 år
1910 590 94 35 1909

392 636 196 37 utfärdade
621 636 280 37 föreskrifterna
930 650 60 23 om
1018 639 433 48 egnahemslägenheters
1480 639 227 48 upplåtande
1734 638 84 37 från
1846 640 159 35 kronans

393 687 224 47 egendomar
657 695 47 27 än
743 700 101 23 mera
872 689 96 42 ökas,
997 690 219 46 ytterligare
1243 689 121 35 medel
1391 689 105 36 torde
1525 691 146 34 komma
1698 695 55 30 att
1780 689 59 36 för
1866 702 140 23 samma

393 737 170 35 ändamål
590 737 101 36 bliva
717 739 264 47 tillgängliga.»

493 787 83 36 Vad
617 788 182 35 utskottet
839 788 156 36 sålunda
1036 788 164 44 anförde,
1242 796 41 28 är
1309 790 218 47 visserligen
1555 791 12 34 i
1594 790 68 35 och
1690 789 59 36 för
1776 790 57 47 sig
1860 790 144 47 riktigt,

393 851 84 22 men
506 850 59 23 om
594 839 184 35 utskottet
805 838 227 46 förmenade,
1061 844 55 30 att
1141 840 225 48 tillräckliga
1394 840 120 36 medel
1542 839 58 37 för
1619 845 139 31 statens
1778 841 226 47 skogsinköp

393 889 116 34 skulle
549 889 133 48 inflyta
708 902 134 34 genom
870 889 45 36 de
943 902 43 22 av
1013 891 184 34 utskottet
1224 890 207 48 åberopade
1459 890 323 48 försäljningarna,
1812 892 66 34 har
1905 891 100 35 detta

391 940 95 33 visat
526 939 56 47 sig
622 939 80 34 icke
742 952 87 22 vara
868 939 258 36 förhållandet.
1180 940 73 35 Till
1294 941 299 47 ådagaläggande
1634 954 44 22 av
1719 941 101 34 detta
1847 940 158 35 behöver

392 988 129 35 endast
548 989 171 35 hänvisas
746 990 58 34 till
832 992 97 33 årets
958 991 448 46 statsverksproposition,
1435 990 125 36 däruti
1588 989 146 37 anföres
1763 989 179 48 följande:

500 1038 36 35 »I
564 1039 173 35 skrivelse
766 1039 71 35 den
867 1041 46 34 30
934 1041 70 46 maj
1039 1041 90 34 1911
1163 1040 190 47 angående
1381 1041 234 48 regleringen
1642 1053 44 23 av
1714 1040 203 49 utgifterna
1945 1040 59 36 för

390 1089 281 47 kapitalökning
711 1091 11 33 i
762 1090 70 35 vad
873 1093 113 45 angår
1023 1090 391 47 jordbruksärendena
1441 1091 169 36 anmälde
1638 1091 222 48 Riksdagen,
1889 1091 115 35 bland

391 1145 125 37 annat,
558 1144 53 31 att
650 1140 211 47 Riksdagen
897 1141 84 35 med
1009 1141 201 48 anledning
1237 1154 44 23 av
1307 1143 130 34 väckta
1465 1144 184 34 motioner
1675 1143 160 34 beslutat
1863 1147 54 29 att
1946 1141 58 36 för

392 1189 111 48 inköp
545 1203 42 22 av
628 1190 255 47 skogbärande
919 1192 89 34 eller
1044 1192 59 34 till
1131 1192 203 47 skogsbörd
1361 1193 136 47 tjänlig
1525 1193 103 34 mark
1656 1191 57 36 för
1741 1195 39 32 år
1812 1194 92 33 1912
1935 1205 67 21 an-

390 1240 77 34 visa
495 1244 53 30 ett
575 1240 134 47 belopp
738 1253 43 23 av
805 1242 160 42 500,000
993 1242 145 35 kronor.

490 1290 70 35 För
600 1303 141 23 samma
781 1291 172 36 ändamål
993 1291 185 48 beviljade
1219 1291 164 37 därefter
1424 1295 47 45 på
1499 1306 42 22 av
1570 1293 136 47 Kungl.
1735 1291 107 48 Maj:t
1869 1291 132 48 gjorda

391 1339 317 49 framställningar
738 1343 94 33 1912
861 1345 58 32 års
947 1342 151 48 riksdag
1125 1347 53 30 ett
1206 1344 127 46 anslag
1369 1356 45 22 av
1434 1344 158 43 800,000
1612 1344 136 34 kronor
1767 1342 58 36 för
1845 1346 39 31 år
1907 1344 94 33 1913

391 1391 69 34 och
491 1392 95 34 1913
615 1394 59 32 års
702 1392 149 47 riksdag
878 1397 54 30 ett
959 1393 128 47 anslag
1114 1405 43 22 av
1187 1394 197 42 1,000,000
1413 1394 135 34 kronor
1576 1392 57 36 för
1660 1396 39 32 år
1729 1395 108 33 1914.

490 1440 16 35 I
533 1441 176 35 skrivelse
737 1441 71 35 den
837 1443 46 34 30
912 1442 210 47 september
1152 1444 95 34 1913
1277 1443 66 35 har
1371 1456 51 22 nu
1451 1443 320 48 domänstyrelsen
1800 1442 200 42 hemställt,

389 1495 52 30 att
473 1491 139 47 jämväl
648 1490 58 36 för
734 1495 39 31 år
803 1493 95 34 1915
929 1496 113 32 måtte
1070 1493 142 35 anvisas
1241 1498 54 30 ett
1322 1495 128 46 anslag
1477 1507 44 22 av
1552 1494 196 43 1,000,000
1777 1493 138 35 kronor
1941 1493 59 34 till

389 1541 112 48 inköp
541 1554 44 23 av
625 1542 254 48 skogbärande
920 1544 90 35 eller
1050 1544 57 34 till
1145 1544 203 47 skogsbörd
1384 1544 135 48 tjänlig
1547 1544 115 36 mark.
1716 1543 191 50 Styrelsen
1935 1543 67 35 har

388 1592 129 36 därvid
546 1591 177 37 förklarat
750 1595 57 46 sig
834 1606 85 23 anse
949 1593 209 37 fördelarne
1185 1608 44 22 av
1257 1608 44 22 en
1329 1596 201 47 tillräcklig
1556 1596 160 47 tillgång
1743 1598 20 32 å
1790 1594 211 48 disponibla

388 1642 120 35 medel
549 1642 58 36 för
649 1644 237 47 utvidgande,
916 1652 67 27 när
1009 1645 68 35 och
1106 1645 66 35 där
1199 1648 39 32 så
1265 1647 202 46 lämpligen
1496 1645 125 36 kunde
1649 1647 74 41 ske,
1753 1658 44 22 av
1824 1650 176 30 statsver-

387 1692 80 35 kets
508 1693 290 46 skogsområden
840 1696 187 46 påtagliga
1063 1700 95 30 samt
1196 1695 119 35 tillika
1355 1695 216 44 framhållit,
1600 1696 180 34 hurusom
1808 1696 43 34 de
1874 1707 126 34 genom

379 1742 231 47 försäljning
650 1756 45 22 av
736 1749 138 30 smärre
910 1744 328 47 kronoegendomar
1273 1746 60 35 och
1368 1745 199 48 lägenheter
1595 1746 203 47 inflytande
1824 1744 176 48 köpeskil-

388 1792 121 47 lingar
540 1793 60 35 och
631 1794 43 35 de
710 1794 119 35 andra
857 1795 123 45 medel,
1007 1795 95 35 vilka
1127 1796 94 47 finge
1248 1796 193 36 användas
1469 1796 55 35 till
1550 1795 145 37 sådana
1722 1795 123 49 inköp,
1875 1807 124 24 varom

387 1855 85 34 nyss
499 1847 157 41 nämnts,
685 1844 72 36 icke
776 1844 161 48 försloge
955 1849 66 43 för
1048 1845 239 36 ändamålet.»

488 1893 126 36 Under
655 1895 231 47 åberopande
927 1908 44 23 av
1011 1896 70 35 vad
1109 1896 156 36 sålunda
1292 1896 141 36 anförts
1461 1896 156 37 föreslår
1644 1896 137 48 Kungl.
1811 1896 107 46 Maj:t
1946 1901 53 30 att

383 1944 141 46 jämväl
564 1942 57 37 för
661 1947 40 32 år
731 1947 93 33 1915
854 1950 53 31 ett
935 1945 134 49 belopp
1098 1959 44 23 av
1171 1948 198 43 1,000,000
1397 1948 137 35 kronor
1562 1948 92 34 skall
1682 1948 144 34 anvisas
1854 1946 58 35 för
1938 1947 60 34 in-

386 1994 72 47 köp
485 2007 45 22 av
557 1995 217 46 skogsmark
801 2008 47 23 m.
878 2009 50 23 m.

485 2044 71 36 Det
596 2045 107 36 torde
744 2046 84 35 med
863 2047 77 35 skäl
979 2047 126 36 kunna
1133 2046 246 50 ifrågasättas,
1408 2048 184 35 huruvida
1620 2047 62 36 det
1710 2048 71 35 kan
1809 2060 87 23 vara
1924 2046 76 36 för-

386 2095 117 48 enligt
547 2096 85 35 med
672 2097 86 35 klok
800 2098 264 35 statsekonomi
1105 2103 54 30 att
1194 2099 12 34 i
1243 2098 214 36 nuvarande
1493 2099 97 35 tider
1618 2112 45 22 av
1689 2098 165 46 ständigt
1881 2097 117 36 ökade

385 2145 250 49 statsutgifter
675 2147 68 36 och
785 2147 112 36 därav
932 2148 157 36 orsakad
1128 2148 280 49 skuldsättning
1448 2150 140 35 belasta
1623 2149 189 48 budgeten
1840 2148 84 36 med
1951 2161 47 23 en

386 2195 114 48 utgift
541 2210 44 22 av
628 2198 196 44 1,000,000
864 2199 136 35 kronor
1036 2211 60 23 om
1134 2202 76 32 året
1251 2198 58 37 för
1335 2200 112 47 inköp
1477 2212 43 23 av
1547 2200 226 47 skogsmark,
1803 2199 46 36 då
1877 2198 121 36 medel
