1848 2786
389 187 123 39 Tredje
535 186 246 39 lagutskottets
802 185 179 30 utlåtande
1002 193 42 20 nr
1064 185 19 28 5
1103 184 39 30 år
1164 184 81 29 1961
1531 183 36 29 11

70 274 85 28 tatet
181 282 42 20 av
248 281 41 20 en
315 272 202 38 översiktlig
543 271 136 40 allsidig
704 271 212 39 bedömning
942 272 88 29 skall
1056 272 121 29 kunna
1203 271 155 30 befästas
1384 271 98 29 torde
1509 271 57 29 det

69 333 84 20 vara
173 322 251 39 ofrånkomligt
445 324 50 28 att
514 323 222 38 vattenlagen
756 323 11 29 i
786 322 94 30 vissa
899 322 224 30 hänseenden
1145 322 128 30 ändras
1294 322 82 29 eller
1396 321 170 40 komplet-

70 376 93 28 teras
184 374 45 39 på
251 376 106 27 annat
380 374 78 29 sätt.

114 423 454 40 Naturskyddsföreningen
591 423 149 30 framför
763 424 106 29 sedan
889 423 94 30 vissa
1005 423 177 29 allmänna
1205 423 218 40 synpunkter
1445 422 44 39 på
1512 422 58 29 sitt

72 474 140 40 förslag,
234 474 96 30 vilka
351 475 38 29 är
410 474 144 39 intagna
576 473 18 30 å
618 483 24 20 s.
668 473 128 30 17—20
821 474 10 29 i
853 473 272 40 propositionen,
1147 474 115 29 vartill
1285 473 177 30 hänvisas.

115 526 67 29 För
200 524 198 31 önskvärda
417 524 247 40 lagändringar
684 524 147 40 redogör
850 524 205 40 föreningen
1075 524 10 29 i
1106 524 158 39 följande
1284 524 162 39 punkter,
1468 523 101 30 såvitt

73 585 44 19 nu
138 576 37 29 är
194 576 11 29 i
225 575 108 40 fråga.

114 626 27 29 1.
165 625 147 40 Frågan,
334 634 57 21 om
413 625 77 30 vårt
512 625 82 29 land
618 625 89 30 skall
731 625 11 29 i
763 625 193 40 väsentliga
978 625 224 30 hänseenden
1223 625 136 30 behålla
1384 625 54 30 sin
1462 633 106 21 nuva-

68 675 107 30 rande
198 675 168 30 karaktär
389 675 83 29 eller
495 684 58 21 om
576 675 57 30 det
657 675 90 30 skall
770 675 130 30 tillåtas
925 677 50 28 att
998 675 208 39 landskapet
1230 684 72 20 mer
1326 675 82 30 eller
1432 674 136 30 mindre

68 725 8 28 i
98 725 159 39 grunden
276 725 205 30 omvandlas
500 725 51 30 till
571 725 56 30 det
648 727 124 34 sämre,
793 727 38 29 är
850 734 41 21 en
910 725 79 30 hela
1008 725 128 30 folkets
1155 725 260 39 angelägenhet.
1436 725 87 30 Rik
1539 733 30 21 s-

67 775 157 40 dagen
257 775 111 30 måste
390 775 120 31 därför
533 775 35 30 få
590 776 79 39 taga
691 775 166 40 ställning
878 775 53 30 till
954 775 123 40 frågan
1100 784 56 21 om
1180 775 111 39 skydd
1314 775 55 30 för
1391 774 177 31 kvalifice-

69 825 82 31 rade
174 825 130 40 objekt.
328 825 219 40 Föreningen
570 826 135 29 erinrar
729 835 56 20 om
809 828 50 27 att
882 825 118 40 frågor
1022 834 57 21 om
1101 825 208 30 koncession
1333 825 55 30 för
1411 825 158 39 tillgodo-

67 876 154 39 görande
243 886 43 20 av
305 876 218 30 vattenkraft
545 877 10 29 i
577 876 112 39 Norge
711 877 125 39 prövas
860 885 41 20 av
924 876 182 39 stortinget
1127 875 66 30 och
1216 875 62 30 där
1300 875 168 30 omfattas
1490 875 79 30 med

67 925 59 31 det
148 926 148 30 intresse
320 935 74 21 som
418 926 100 30 deras
539 926 74 30 vikt
636 926 169 39 påkallar.
830 927 12 30 I
866 926 151 40 enlighet
1041 926 79 29 med
1143 926 56 30 det
1223 935 46 20 nu
1293 926 105 39 sagda
1422 925 147 30 föreslår

70 976 215 40 föreningen,
317 978 50 28 att
398 976 187 40 riksdagen
617 977 65 29 och
714 977 126 39 Kungl.
872 976 106 39 Maj:t
1010 976 110 29 under
1150 976 93 30 vissa
1276 975 293 39 förutsättningar

68 1027 90 29 skall
180 1027 123 30 kunna
323 1029 216 36 gemensamt
560 1026 136 30 besluta
718 1028 50 28 att
791 1026 174 30 särskilda
987 1026 95 39 sjöar
1104 1026 64 30 och
1190 1026 205 39 vattendrag
1417 1025 76 30 icke
1515 1025 54 29 får

67 1077 220 39 exploateras
304 1079 85 28 utan
406 1079 50 28 att
475 1076 157 30 tillstånd
652 1077 103 39 givits
779 1077 3 29 i
802 1085 135 21 samma
954 1075 159 40 ordning.
1131 1076 211 39 Visserligen
1360 1076 65 28 har
1443 1075 125 39 Kungl.

72 1128 105 39 Maj:t
202 1128 108 30 redan
334 1137 47 20 nu
405 1128 11 29 i
440 1127 71 30 viss
537 1127 245 39 utsträckning
806 1136 42 21 en
874 1127 97 39 dylik
995 1126 373 39 kontrollbefogenhet,
1394 1135 81 20 men
1502 1126 69 29 för-

68 1177 165 40 läggning
260 1187 42 20 av
328 1177 199 30 kontrollen
554 1177 52 30 till
634 1177 400 40 folkrepresentationen
1060 1176 223 30 beträffande
1312 1175 173 31 särskilda
1513 1175 57 30 ob-

67 1227 76 39 jekt
163 1227 111 30 måste
295 1227 239 40 otvivelaktigt
554 1235 39 32 ge
615 1228 110 29 större
744 1227 160 40 trygghet
924 1229 73 27 mot
1018 1228 49 28 att
1087 1226 382 40 kraftexploateringen
1491 1225 79 30 sker

70 1279 85 29 utan
179 1278 66 30 den
268 1277 355 40 förhandsplanering
645 1278 65 29 och
732 1278 67 29 den
822 1276 219 31 moderation
1064 1286 74 20 som
1162 1277 44 39 på
1229 1276 80 40 lång
1333 1277 69 29 sikt
1426 1277 38 29 är
1487 1275 84 31 nöd-

72 1329 137 39 vändig.
232 1329 53 29 En
304 1329 247 29 motsvarande
571 1328 153 30 kontroll
746 1328 62 30 bör
829 1328 90 39 gälla
940 1328 54 29 för
1013 1327 94 30 vissa
1128 1326 339 39 vattenavlednings-
1488 1326 83 30 eller

70 1378 349 39 invallningsföretag
445 1377 54 30 för
525 1378 433 39 torrläggningsändamål.
984 1377 125 39 Kungl.
1136 1377 124 39 Maj:ts
1285 1376 130 40 förslag
1440 1376 56 29 vid
1523 1385 47 20 nu

70 1428 155 30 nämnda
248 1427 288 40 riksbedömning
559 1427 111 30 måste
694 1436 58 31 ges
776 1427 88 31 först
887 1427 89 30 efter
1000 1435 261 31 gemensamma
1284 1426 287 39 överläggningar

71 1479 79 29 med
169 1480 280 38 representanter
468 1478 55 30 för
542 1478 67 30 alla
627 1478 41 30 de
687 1478 185 39 viktigaste
891 1477 147 30 berörda
1057 1477 206 29 intressena.

115 1529 219 39 Föreningen
353 1528 148 30 föreslår
520 1528 106 39 enligt
646 1528 56 31 det
722 1527 158 35 anförda,
900 1528 51 29 att
970 1527 11 29 i
999 1528 18 29 2
1036 1527 79 39 kap.
1136 1527 18 30 3
1176 1526 15 37 $
1213 1526 112 39 tredje
1346 1526 135 39 stycket
1499 1527 72 28 vat-

73 1580 162 39 tenlagen
259 1579 64 30 och
348 1579 245 30 motsvarande
617 1579 241 31 bestämmelse
882 1579 9 28 i
917 1578 16 29 7
958 1578 78 37 kap.
1060 1578 39 29 39
1124 1578 16 36 8
1167 1586 135 21 samma
1326 1577 55 39 lag
1408 1576 88 30 skall
1521 1575 51 30 in-

70 1629 96 30 föras
186 1631 48 28 ett
257 1628 201 40 stadgande,
481 1628 106 40 enligt
608 1628 108 30 vilket
738 1628 125 40 Kungl.
887 1628 105 39 Maj:t
1015 1627 78 29 med
1115 1627 188 39 riksdagen
1326 1626 57 30 må
1405 1626 165 33 förklara,

72 1681 49 28 att
149 1689 42 20 av
219 1679 138 40 hänsyn
385 1678 52 30 till
466 1679 179 29 allmänna
674 1678 174 30 intressen
876 1677 179 40 byggande
1085 1678 10 28 i
1126 1677 85 29 strid
1242 1679 72 28 mot
1342 1676 228 40 paragrafens

70 1729 111 30 andra
201 1730 119 39 stycke
340 1729 54 30 får
413 1729 60 29 ske
493 1729 123 29 endast
636 1728 87 30 efter
742 1728 179 39 samtycke
940 1737 41 20 av
1000 1727 196 39 riksdagen.
1217 1728 53 29 En
1289 1726 166 30 liknande
1475 1726 96 29 kom-

72 1780 185 40 plettering
279 1779 126 30 förslås
427 1780 10 29 i
462 1779 98 39 fråga
582 1788 56 20 om
660 1779 19 29 4
700 1779 80 39 kap.
806 1780 37 29 13
867 1778 26 37 8.

116 1830 28 29 2.
166 1830 66 30 Vid
250 1829 217 30 bedömande
487 1839 42 19 av
548 1829 40 30 de
608 1830 141 38 intrång
769 1830 9 28 i
798 1830 179 29 allmänna
994 1829 173 30 intressen
1186 1848 44 3 -—
1249 1830 184 29 däribland
1453 1832 119 27 natur-

71 1879 299 39 skyddsintresset
392 1897 45 3 —
462 1888 74 20 som
561 1879 381 39 kraftexploateringen
967 1879 136 30 medför
1129 1880 61 29 bör
1216 1880 106 39 enligt
1348 1880 224 39 föreningens

75 1929 226 39 uppfattning
320 1928 97 39 varje
438 1929 141 29 särskilt
601 1929 134 39 företag
755 1939 42 19 av
815 1929 317 29 vattendomstolen
1152 1929 76 30 icke
1248 1929 165 29 bedömas
1435 1929 54 30 för
1512 1930 59 38 sig.

74 1980 144 38 Hänsyn
240 1979 62 30 bör
325 1988 56 20 om
404 1978 138 39 möjligt
567 1981 95 37 tagas
687 1979 51 29 till
761 1979 41 29 de
865 1979 346 39 sammanlagda
1246 1979 326 39 olägenheter

73 2037 74 21 som
171 2029 109 29 redan
304 2028 151 35 utförda,
481 2029 153 29 aktuella
658 2029 65 29 och
749 2029 165 29 framtida
940 2029 133 39 företag
1097 2029 70 29 kan
1192 2029 158 30 medföra
1375 2029 54 30 för
1454 2029 119 29 neder-

74 2078 263 30 bördsområdet
357 2079 65 29 och
442 2079 243 38 angränsande
707 2079 138 39 bygder.
867 2080 57 28 Ett
945 2079 124 29 sådant
1090 2079 155 30 samfällt
1265 2079 307 39 hänsynstagande

74 2129 112 29 skulle
212 2129 144 38 givetvis
382 2129 112 29 bättre
522 2129 120 29 kunna
671 2129 60 29 ske
757 2129 58 29 vid
842 2138 41 20 en
910 2129 203 39 lagstadgad
1142 2129 140 39 formlig
1310 2129 182 39 planering
1520 2129 53 29 för

74 2178 76 30 hela
172 2178 383 34 nederbördsområdet,
578 2188 80 19 men
680 2180 86 28 även
787 2188 56 20 om
865 2188 82 20 man
970 2178 98 39 nöjer
1090 2179 50 38 sig
1163 2179 78 28 med
1262 2188 42 19 en
1325 2179 186 38 jämkning
1533 2188 41 20 av

75 2228 238 39 vattenlagens
337 2228 263 29 bestämmelser
624 2238 42 19 av
691 2228 131 38 antydd
846 2228 194 38 begränsad
1065 2228 179 36 innebörd,
1271 2228 97 29 torde
1394 2228 66 29 den
1485 2229 9 28 i
1521 2228 52 29 sin

75 2278 80 29 mån
178 2277 118 39 tvinga
318 2277 52 29 till
391 2280 49 27 att
462 2277 482 39 vattenbyggnadsföretagen
968 2277 116 29 ställes
1107 2278 35 28 in
1165 2277 10 28 i
1198 2280 47 26 elt
1267 2278 109 28 större
1400 2286 175 20 samman-

75 2327 91 39 hang
192 2328 65 29 och
281 2327 30 39 ej
341 2327 117 38 längre
485 2326 191 30 behandlas
703 2327 279 38 huvudsakligen
1010 2336 73 19 som
1110 2336 40 19 en
1177 2327 316 38 vattenbyggarnas
1520 2336 54 20 ex-

73 2377 136 30 klusiva
234 2377 259 39 angelägenhet.
518 2377 51 29 En
593 2376 164 30 samfälld
782 2376 209 39 bedömning
1016 2376 60 29 bör
1100 2376 60 29 ske
1184 2376 29 38 ej
1240 2376 86 29 blott
1350 2377 8 28 i
1382 2376 190 29 vattenmål

75 2436 42 20 av
133 2426 317 30 vattendomstolen
469 2428 84 27 utan
572 2428 85 28 även
676 2426 217 38 översiktligt
913 2425 129 30 länsvis
1061 2426 82 29 eller
1162 2425 53 30 för
1232 2426 96 38 varje
1349 2426 225 29 nederbörds-

75 2476 142 30 område
242 2477 56 29 vid
325 2476 287 39 överläggningar
639 2476 110 29 under
775 2476 268 38 länsstyrelsens
1070 2475 150 38 ledning.
1249 2476 192 29 Resultatet
1468 2476 106 29 härav
