1842 2782
263 156 37 29 22
586 159 124 39 Tredje
733 159 242 40 lagutskottets
998 163 179 30 utlåtande
1199 174 41 19 nr
1261 166 19 28 5
1301 166 38 29 år
1362 166 80 30 1961

267 239 169 30 utskottet
461 240 73 35 har,
561 242 116 28 såsom
703 243 106 29 redan
835 244 150 37 nämnts,
1010 246 147 39 tidigare
1181 248 77 29 haft
1283 249 189 40 anledning
1498 253 48 28 att
1573 253 190 37 uppmärk-

268 296 134 23 samma
422 290 99 30 dessa
541 291 128 39 frågor.
690 294 12 28 I
722 293 165 30 utåtande
912 296 57 33 (nr
989 296 57 34 30)
1071 297 51 30 till
1145 298 82 29 1955
1247 298 58 30 års
1323 299 141 40 riksdag
1483 301 11 28 i
1514 302 188 39 anledning
1722 312 40 21 av

265 340 171 29 motioner
462 349 56 21 om
545 344 49 27 att
621 343 201 39 undantaga
849 345 139 39 Ottsjön
1015 346 11 29 i
1052 347 180 30 Jämtland
1258 349 79 30 från
1364 351 169 39 reglering
1560 352 65 29 och
1650 352 111 30 kraft-

266 390 200 38 utbyggnad
497 392 165 29 framhöll
694 394 111 39 tredje
835 395 226 39 lagutskottet
1094 407 74 20 som
1200 401 47 27 ett
1278 400 179 39 angeläget
1489 402 191 34 önskemål,
1712 406 49 27 att

265 439 211 31 åtminstone
497 442 109 38 några
627 452 43 20 av
689 444 82 30 våra
791 445 180 30 vackraste
992 447 65 29 och
1079 456 41 20 ur
1142 448 509 43 kommunikationssynpunkt
1672 456 88 27 mest

263 490 204 39 välbelägna
491 492 95 38 sjöar
608 494 65 28 och
695 495 203 40 vattendrag
921 496 188 31 bevarades
1133 499 10 28 i
1168 500 168 38 naturligt
1360 501 108 29 skick.
1492 502 177 30 Utskottet
1692 503 69 30 för-

262 540 127 30 ordade
412 542 190 30 emellertid
626 544 30 38 ej
681 544 112 39 någon
815 545 220 41 lagstiftning
1057 548 55 29 för
1135 551 49 27 att
1206 549 99 30 freda
1326 551 92 29 vissa
1441 551 128 39 objekt.
1592 554 166 29 Däremot

262 590 165 30 framhöll
452 592 181 35 utskottet,
659 595 50 28 att
733 595 55 29 det
812 595 119 30 kunde
953 606 83 21 vara
1062 599 168 39 naturligt
1255 602 50 28 att
1330 601 169 38 planerna
1523 603 44 38 på
1593 612 69 30 nya
1685 606 73 27 vat-

263 641 376 41 tenbyggnadsföretag
666 644 193 31 inriktades
886 649 49 27 att
961 657 79 20 avse
1069 649 95 38 sjöar
1192 650 64 29 och
1283 652 215 39 vattendrag,
1528 662 73 20 som
1630 663 42 19 ur
1699 664 60 20 na-

263 691 206 38 turskydds-
488 693 63 29 och
571 694 476 41 kulturskyddssynpunkter
1066 699 118 29 kunde
1205 700 186 31 betecknas
1412 711 74 21 som
1506 704 137 29 mindre
1656 704 104 30 käns-

262 740 77 38 liga.
364 742 13 29 I
401 742 56 30 det
480 743 146 39 tidigare
650 745 152 30 nämnda
825 747 195 30 utlåtandet
1043 749 51 29 till
1121 750 83 29 1959
1227 750 55 30 års
1306 752 142 39 riksdag
1471 753 10 28 i
1506 754 188 39 anledning
1717 764 41 20 av

261 791 172 30 motioner
456 801 55 20 om
535 794 181 40 undantag
739 805 41 20 av
802 798 48 28 ett
872 799 266 37 representativt
1161 802 96 28 urval
1282 810 42 20 av
1347 802 95 38 sjöar
1465 804 64 28 och
1551 805 207 39 vattendrag

262 841 78 29 från
372 843 237 40 exploatering
642 845 54 29 för
727 847 381 32 vattenkraftändamål
1142 851 163 30 framhöll
1341 853 178 34 utskottet,
1553 857 49 27 att
1636 855 56 29 det
1724 856 29 38 ej

259 891 105 30 borde
386 892 167 32 innebära
575 895 115 39 någon
713 897 108 29 större
843 898 181 38 olägenhet
1047 900 80 29 från
1148 901 528 42 kraftförsörjningssynpunkt,
1700 915 56 20 om

260 949 81 21 man
367 943 97 29 sökte
489 944 211 40 förverkliga
724 946 56 30 det
804 947 81 37 mål,
910 957 73 21 som
1007 950 171 30 utskottet
1203 959 111 32 angav
1338 953 11 28 i
1376 953 81 30 1955
1483 954 56 30 års
1563 955 192 34 utlåtande,

259 992 175 39 nämligen
454 995 49 28 att
522 995 132 30 inrikta
673 996 41 29 de
733 997 167 31 framtida
919 999 389 41 utbyggnadsplanerna
1327 1003 44 38 på
1390 1004 129 39 objekt,
1541 1014 75 20 som
1636 1014 41 21 ur
1697 1016 59 19 na-

259 1042 206 38 turskydds-
482 1045 64 28 och
564 1045 475 42 kulturskyddssynpunkter
1058 1051 119 29 kunde
1196 1052 186 31 betecknas
1403 1063 73 20 som
1496 1055 137 30 mindre
1651 1056 105 30 käns-

258 1092 77 38 liga.
366 1095 13 28 I
408 1094 195 30 utlåtandet
632 1096 165 30 framhöll
826 1099 168 30 utskottet
1024 1101 86 30 även
1140 1104 50 27 att
1219 1103 130 31 tanken
1377 1106 50 28 att
1455 1105 300 40 lagstiftningsvä-

258 1149 62 30 gen
337 1143 100 30 freda
453 1145 91 30 vissa
561 1146 97 38 sjöar
673 1147 64 29 och
753 1149 204 40 vattendrag
973 1151 238 40 otvivelaktigt
1228 1153 88 30 hade
1332 1154 94 30 vissa
1443 1155 76 29 skäl
1535 1156 55 29 för
1607 1157 51 38 sig
1674 1166 79 20 men

257 1194 48 27 att
336 1194 166 39 förslaget
531 1196 123 29 härom
685 1198 105 29 också
818 1199 104 39 ingav
951 1201 117 29 starka
1099 1202 287 40 betänkligheter.
1417 1206 116 39 Enligt
1563 1207 190 30 utskottets

256 1244 227 40 uppfattning
502 1245 118 30 kunde
640 1247 57 30 det
717 1248 148 31 sålunda
884 1250 137 30 befaras
1043 1253 60 32 att,
1124 1261 56 20 om
1201 1253 92 31 vissa
1314 1254 118 40 objekt
1454 1256 198 40 undantogs
1674 1258 78 29 från

258 1293 199 39 utbyggnad
485 1305 41 19 av
551 1296 141 39 hänsyn
719 1298 49 29 till
796 1300 218 39 naturskydd
1039 1303 67 28 och
1135 1303 109 30 andra
1272 1304 181 36 intressen,
1482 1306 56 30 det
1566 1307 113 30 skulle
1706 1308 47 29 bli

257 1344 92 27 svärt
375 1346 50 29 att
450 1346 113 30 hävda
588 1347 103 30 dessa
714 1348 173 32 intressen
913 1350 10 29 i
949 1352 170 29 samband
1145 1354 79 28 med
1249 1354 111 30 andra
1385 1356 367 41 utbyggnadsföretag.

255 1393 92 30 även
368 1397 73 28 mot
463 1397 183 38 uppslaget
668 1400 49 28 att
736 1399 93 30 vissa
850 1400 94 39 sjöar
965 1402 64 29 och
1049 1404 207 39 vattendrag
1277 1405 30 39 ej
1333 1405 113 30 skulle
1466 1406 36 30 få
1524 1408 228 38 exploateras,

255 1444 78 29 med
352 1445 138 30 mindre
510 1447 126 39 Kungl.
659 1448 104 39 Maj:t
783 1450 65 29 och
869 1451 185 39 riksdagen
1076 1457 215 34 gemensamt
1312 1456 162 29 lämnade
1496 1457 158 30 tillstånd
1676 1459 77 29 där-

255 1495 62 36 till,
336 1496 118 30 kunde
472 1497 107 40 enligt
597 1500 189 30 utskottets
805 1502 140 41 mening
965 1504 118 29 starka
1101 1504 259 41 invändningar
1378 1507 152 31 anföras.
1551 1509 126 30 Vidare
1696 1510 58 39 på-

251 1544 132 37 pekade
404 1546 180 35 utskottet,
606 1550 50 27 att
676 1549 57 29 det
753 1550 74 29 ofta
846 1551 201 31 betecknats
1069 1563 75 20 som
1165 1564 42 20 en
1227 1555 87 30 brist
1334 1557 10 28 i
1363 1556 69 31 den
1453 1559 204 29 nuvarande
1676 1562 73 27 vat-

255 1595 371 41 tenrättsskipningen,
656 1601 49 28 att
732 1601 360 32 vattendomstolarna
1120 1605 129 29 saknar
1277 1606 183 39 möjlighet
1489 1610 49 28 att
1564 1609 59 29 vid
1652 1611 100 37 pröv-

252 1645 82 39 ning
353 1654 42 21 av
412 1648 47 28 ett
477 1648 374 41 utbyggnadsföretags
870 1652 198 39 tillåtlighet
1086 1654 125 31 beakta
1230 1656 86 30 även
1334 1657 259 40 verkningarna
1611 1669 42 20 av
1670 1660 79 29 tidi-

252 1701 79 31 gare
351 1698 228 36 genomförda
599 1699 64 29 och
684 1700 53 29 för
757 1701 189 30 framtiden
966 1703 187 38 planerade
1173 1706 239 39 utbyggnader
1432 1710 10 28 i
1463 1717 135 22 samma
1616 1711 134 29 vatten-

253 1745 93 39 drag.
365 1746 108 31 Såvitt
489 1748 170 31 utskottet
674 1750 117 30 kunde
808 1751 156 36 bedöma,
980 1754 111 31 måste
1107 1755 57 30 det
1179 1765 81 21 vara
1278 1757 104 38 ägnat
1400 1760 49 27 att
1466 1759 118 29 stärka
1602 1760 147 39 skyddet

252 1795 54 29 för
324 1796 42 29 de
385 1806 43 20 av
443 1799 481 42 vattenbyggnadsföretagen
942 1803 126 31 hotade
1088 1805 205 36 intressena,
1312 1816 57 20 om
1388 1809 361 31 vattendomstolarna

249 1845 71 29 fick
348 1847 206 39 befogenhet
583 1851 50 28 att
661 1850 147 31 bedöma
834 1853 97 39 varje
959 1854 127 30 enskilt
1115 1855 133 40 företag
1275 1859 73 28 mot
1376 1858 229 39 bakgrunden
1634 1869 43 21 av
1705 1861 40 29 de

249 1899 264 39 sammanlagda
541 1901 270 39 olägenheterna
840 1913 42 20 av
910 1905 259 40 vattendragets
1204 1908 247 40 exploatering,
1481 1910 65 30 och
1575 1912 171 29 utskottet

251 1946 85 29 fann
355 1947 56 29 det
431 1949 179 39 angeläget
630 1952 49 27 att
699 1951 85 29 även
804 1952 113 31 denna
936 1954 99 39 fråga
1052 1956 162 29 närmare
1234 1957 174 31 utreddes.

292 1996 74 29 Vad
387 1998 88 30 först
496 2000 107 38 angår
624 2000 122 39 frågan
767 2011 56 20 om
845 2003 270 40 undantagande
1136 2015 42 20 av
1196 2006 92 31 vissa
1309 2009 216 40 vattendrag,
1547 2010 96 40 sjöar
1664 2012 82 30 eller

249 2047 174 30 strömfall
440 2049 80 29 från
536 2050 238 41 exploatering
790 2052 64 30 har
872 2053 385 39 departementschefen
1274 2058 10 29 i
1304 2058 66 31 den
1389 2068 47 20 nu
1455 2060 196 40 framlagda
1668 2071 78 30 pro-

247 2097 197 36 Positionen
467 2099 171 31 förklarat
664 2101 50 39 sig
738 2102 29 39 ej
793 2112 84 20 vara
901 2104 124 31 beredd
1051 2108 49 27 att
1125 2106 24 30 f.
1174 2117 32 19 n.
1231 2108 143 30 förorda
1397 2118 42 20 en
1464 2111 280 41 särlagstiftning

246 2146 133 31 härom.
400 2148 394 39 Departementschefen
814 2153 65 29 har
898 2154 30 39 ej
952 2155 107 30 heller
1080 2159 114 27 ansett
1215 2158 50 39 sig
1285 2158 85 30 böra
1393 2162 151 37 upptaga
1566 2161 176 41 förslaget,

248 2198 49 28 att
325 2198 366 42 tillståndsgivningen
720 2202 221 32 beträffande
967 2207 234 30 vattenkraft-
1228 2209 64 29 och
1321 2209 384 43 sjöregleringsföretag
1733 2214 11 28 i

243 2247 93 30 vissa
353 2249 61 29 fall
434 2249 87 31 skall
540 2251 60 29 ske
619 2252 79 29 med
716 2253 204 40 riksdagens
938 2256 222 31 medverkan.
1180 2259 12 28 I
1212 2258 98 39 fråga
1327 2268 57 20 om
1403 2260 250 32 framkommet
1672 2263 70 29 för-

246 2297 71 39 slag
341 2301 49 27 att
412 2301 221 38 vattenlagen
656 2302 85 30 skall
765 2303 249 40 kompletteras
1036 2307 80 29 med
1140 2308 200 39 stadgande,
1365 2318 74 21 som
1463 2318 57 31 ger
1544 2313 139 38 uttryck
1708 2313 34 29 åt

246 2350 49 27 att
318 2351 48 27 ett
389 2351 146 30 aktuellt
558 2352 136 40 företag
716 2354 29 39 ej
772 2355 88 30 skall
883 2357 124 38 prövas
1030 2357 142 31 isolerat
1195 2361 85 27 utan
1302 2361 79 28 med
1406 2361 194 31 beaktande
1623 2363 10 28 i
1657 2360 88 47 möj-

245 2397 122 38 ligaste
394 2400 82 29 mån
505 2410 42 20 av
573 2402 41 29 de
643 2404 264 39 sammanlagda
934 2406 222 39 olägenheter
1184 2417 73 20 som
1286 2410 232 38 uppkommer
1546 2422 43 19 av
1616 2413 127 39 närlig-

244 2448 110 36 gande
374 2449 181 41 befintliga
575 2452 65 29 och
660 2453 160 30 blivande
841 2455 142 40 företag,
1004 2457 64 29 har
1088 2457 386 40 departementschefen
1496 2464 112 28 ansett
1630 2465 49 27 att
1701 2464 40 29 de
