<?xml version="1.0" encoding="UTF-8"?>
<alto xmlns="http://www.loc.gov/standards/alto/ns-v3#" xmlns:xlink="http://www.w3.org/1999/xlink" xmlns:xsi="http://www.w3.org/2001/XMLSchema-instance" xsi:schemaLocation="http://www.loc.gov/standards/alto/ns-v3# http://www.loc.gov/alto/v3/alto-3-0.xsd">
	<Description>
		<MeasurementUnit>pixel</MeasurementUnit>
		<sourceImageInformation>
			<fileName>/tmp/tess_8mh2_hx1_input.PNG</fileName>
		</sourceImageInformation>
		<OCRProcessing ID="OCR_0">
			<ocrProcessingStep>
				<processingSoftware>
					<softwareName>tesseract 5.3.0</softwareName>
				</processingSoftware>
			</ocrProcessingStep>
		</OCRProcessing>
	</Description>
	<Layout>
		<Page WIDTH="1898" HEIGHT="2826" PHYSICAL_IMG_NR="0" ID="page_0">
			<PrintSpace HPOS="0" VPOS="0" WIDTH="1898" HEIGHT="2826">
				<ComposedBlock ID="cblock_0" HPOS="524" VPOS="141" WIDTH="1076" HEIGHT="41">
					<TextBlock ID="block_0" HPOS="524" VPOS="141" WIDTH="1076" HEIGHT="41">
						<TextLine ID="line_0" HPOS="524" VPOS="141" WIDTH="1076" HEIGHT="41">
							<String ID="string_0" HPOS="524" VPOS="150" WIDTH="274" HEIGHT="32" WC="0.91" CONTENT="Statsutskottets"/><SP WIDTH="27" VPOS="150" HPOS="798"/>
							<String ID="string_1" HPOS="825" VPOS="149" WIDTH="175" HEIGHT="31" WC="0.96" CONTENT="utlåtande"/><SP WIDTH="24" VPOS="149" HPOS="1000"/>
							<String ID="string_2" HPOS="1024" VPOS="149" WIDTH="50" HEIGHT="31" WC="0.95" CONTENT="Nr"/><SP WIDTH="23" VPOS="149" HPOS="1074"/>
							<String ID="string_3" HPOS="1097" VPOS="151" WIDTH="50" HEIGHT="29" WC="0.87" CONTENT="80."/><SP WIDTH="434" VPOS="151" HPOS="1147"/>
							<String ID="string_4" HPOS="1581" VPOS="141" WIDTH="19" HEIGHT="29" WC="0.96" CONTENT="3"/>
						</TextLine>
					</TextBlock>
				</ComposedBlock>
				<ComposedBlock ID="cblock_1" HPOS="93" VPOS="230" WIDTH="1511" HEIGHT="1023">
					<TextBlock ID="block_1" HPOS="93" VPOS="230" WIDTH="1507" HEIGHT="295">
						<TextLine ID="line_1" HPOS="94" VPOS="230" WIDTH="1504" HEIGHT="43">
							<String ID="string_5" HPOS="94" VPOS="238" WIDTH="164" HEIGHT="32" WC="0.96" CONTENT="ändamål"/><SP WIDTH="20" VPOS="238" HPOS="258"/>
							<String ID="string_6" HPOS="278" VPOS="238" WIDTH="134" HEIGHT="30" WC="0.96" CONTENT="anvisat"/><SP WIDTH="19" VPOS="238" HPOS="412"/>
							<String ID="string_7" HPOS="431" VPOS="237" WIDTH="231" HEIGHT="36" WC="0.93" CONTENT="sammanlagt"/><SP WIDTH="21" VPOS="237" HPOS="662"/>
							<String ID="string_8" HPOS="683" VPOS="236" WIDTH="142" HEIGHT="35" WC="0.91" CONTENT="951,300"/><SP WIDTH="20" VPOS="236" HPOS="825"/>
							<String ID="string_9" HPOS="845" VPOS="236" WIDTH="139" HEIGHT="29" WC="0.96" CONTENT="kronor."/><SP WIDTH="44" VPOS="236" HPOS="984"/>
							<String ID="string_10" HPOS="1028" VPOS="230" WIDTH="99" HEIGHT="34" WC="0.95" CONTENT="Ända"/><SP WIDTH="22" VPOS="230" HPOS="1127"/>
							<String ID="string_11" HPOS="1149" VPOS="233" WIDTH="105" HEIGHT="30" WC="0.96" CONTENT="sedan"/><SP WIDTH="22" VPOS="233" HPOS="1254"/>
							<String ID="string_12" HPOS="1276" VPOS="232" WIDTH="37" HEIGHT="31" WC="0.96" CONTENT="år"/><SP WIDTH="25" VPOS="232" HPOS="1313"/>
							<String ID="string_13" HPOS="1338" VPOS="232" WIDTH="82" HEIGHT="30" WC="0.96" CONTENT="1920"/><SP WIDTH="21" VPOS="232" HPOS="1420"/>
							<String ID="string_14" HPOS="1441" VPOS="232" WIDTH="63" HEIGHT="30" WC="0.93" CONTENT="har"/><SP WIDTH="22" VPOS="232" HPOS="1504"/>
							<String ID="string_15" HPOS="1526" VPOS="231" WIDTH="72" HEIGHT="30" WC="0.92" CONTENT="allt-"/>
						</TextLine>
						<TextLine ID="line_2" HPOS="94" VPOS="273" WIDTH="1504" HEIGHT="41">
							<String ID="string_16" HPOS="94" VPOS="282" WIDTH="38" HEIGHT="30" WC="0.96" CONTENT="så"/><SP WIDTH="26" VPOS="282" HPOS="132"/>
							<String ID="string_17" HPOS="158" VPOS="282" WIDTH="54" HEIGHT="30" WC="0.96" CONTENT="för"/><SP WIDTH="27" VPOS="282" HPOS="212"/>
							<String ID="string_18" HPOS="239" VPOS="281" WIDTH="187" HEIGHT="30" WC="0.96" CONTENT="understöd"/><SP WIDTH="27" VPOS="281" HPOS="426"/>
							<String ID="string_19" HPOS="453" VPOS="280" WIDTH="34" HEIGHT="30" WC="0.96" CONTENT="åt"/><SP WIDTH="25" VPOS="280" HPOS="487"/>
							<String ID="string_20" HPOS="512" VPOS="278" WIDTH="204" HEIGHT="31" WC="0.93" CONTENT="behövande"/><SP WIDTH="25" VPOS="278" HPOS="716"/>
							<String ID="string_21" HPOS="741" VPOS="277" WIDTH="344" HEIGHT="37" WC="0.91" CONTENT="rysslandssvenskar"/><SP WIDTH="27" VPOS="277" HPOS="1085"/>
							<String ID="string_22" HPOS="1112" VPOS="277" WIDTH="134" HEIGHT="29" WC="0.96" CONTENT="kunnat"/><SP WIDTH="26" VPOS="277" HPOS="1246"/>
							<String ID="string_23" HPOS="1272" VPOS="275" WIDTH="176" HEIGHT="30" WC="0.95" CONTENT="användas"/><SP WIDTH="24" VPOS="275" HPOS="1448"/>
							<String ID="string_24" HPOS="1472" VPOS="276" WIDTH="49" HEIGHT="28" WC="0.93" CONTENT="ett"/><SP WIDTH="23" VPOS="276" HPOS="1521"/>
							<String ID="string_25" HPOS="1544" VPOS="273" WIDTH="54" HEIGHT="30" WC="0.90" CONTENT="be-"/>
						</TextLine>
						<TextLine ID="line_3" HPOS="94" VPOS="316" WIDTH="1504" HEIGHT="45">
							<String ID="string_26" HPOS="94" VPOS="325" WIDTH="92" HEIGHT="36" WC="0.96" CONTENT="lopp,"/><SP WIDTH="23" VPOS="325" HPOS="186"/>
							<String ID="string_27" HPOS="209" VPOS="333" WIDTH="76" HEIGHT="21" WC="0.96" CONTENT="som"/><SP WIDTH="21" VPOS="333" HPOS="285"/>
							<String ID="string_28" HPOS="306" VPOS="323" WIDTH="53" HEIGHT="31" WC="0.96" CONTENT="för"/><SP WIDTH="22" VPOS="323" HPOS="359"/>
							<String ID="string_29" HPOS="381" VPOS="323" WIDTH="36" HEIGHT="30" WC="0.96" CONTENT="år"/><SP WIDTH="22" VPOS="323" HPOS="417"/>
							<String ID="string_30" HPOS="439" VPOS="323" WIDTH="125" HEIGHT="29" WC="0.96" CONTENT="räknat"/><SP WIDTH="23" VPOS="323" HPOS="564"/>
							<String ID="string_31" HPOS="587" VPOS="322" WIDTH="157" HEIGHT="29" WC="0.93" CONTENT="avsevärt"/><SP WIDTH="22" VPOS="322" HPOS="744"/>
							<String ID="string_32" HPOS="766" VPOS="320" WIDTH="174" HEIGHT="36" WC="0.92" CONTENT="överstigit"/><SP WIDTH="23" VPOS="320" HPOS="940"/>
							<String ID="string_33" HPOS="963" VPOS="320" WIDTH="55" HEIGHT="29" WC="0.96" CONTENT="det"/><SP WIDTH="22" VPOS="320" HPOS="1018"/>
							<String ID="string_34" HPOS="1040" VPOS="319" WIDTH="136" HEIGHT="36" WC="0.96" CONTENT="belopp,"/><SP WIDTH="22" VPOS="319" HPOS="1176"/>
							<String ID="string_35" HPOS="1198" VPOS="317" WIDTH="161" HEIGHT="36" WC="0.93" CONTENT="omkring"/><SP WIDTH="25" VPOS="317" HPOS="1359"/>
							<String ID="string_36" HPOS="1384" VPOS="317" WIDTH="117" HEIGHT="35" WC="0.90" CONTENT="74,000"/><SP WIDTH="22" VPOS="317" HPOS="1501"/>
							<String ID="string_37" HPOS="1523" VPOS="316" WIDTH="75" HEIGHT="29" WC="0.91" CONTENT="kro-"/>
						</TextLine>
						<TextLine ID="line_4" HPOS="93" VPOS="358" WIDTH="1507" HEIGHT="45">
							<String ID="string_38" HPOS="93" VPOS="377" WIDTH="74" HEIGHT="26" WC="0.95" CONTENT="nor,"/><SP WIDTH="21" VPOS="377" HPOS="167"/>
							<String ID="string_39" HPOS="188" VPOS="376" WIDTH="75" HEIGHT="21" WC="0.96" CONTENT="som"/><SP WIDTH="19" VPOS="376" HPOS="263"/>
							<String ID="string_40" HPOS="282" VPOS="376" WIDTH="47" HEIGHT="21" WC="0.96" CONTENT="nu"/><SP WIDTH="18" VPOS="376" HPOS="329"/>
							<String ID="string_41" HPOS="347" VPOS="365" WIDTH="129" HEIGHT="37" WC="0.96" CONTENT="årligen"/><SP WIDTH="20" VPOS="365" HPOS="476"/>
							<String ID="string_42" HPOS="496" VPOS="364" WIDTH="70" HEIGHT="31" WC="0.96" CONTENT="står"/><SP WIDTH="16" VPOS="364" HPOS="566"/>
							<String ID="string_43" HPOS="582" VPOS="364" WIDTH="51" HEIGHT="31" WC="0.96" CONTENT="till"/><SP WIDTH="18" VPOS="364" HPOS="633"/>
							<String ID="string_44" HPOS="651" VPOS="363" WIDTH="204" HEIGHT="36" WC="0.96" CONTENT="förfogande"/><SP WIDTH="17" VPOS="363" HPOS="855"/>
							<String ID="string_45" HPOS="872" VPOS="362" WIDTH="53" HEIGHT="32" WC="0.96" CONTENT="för"/><SP WIDTH="20" VPOS="362" HPOS="925"/>
							<String ID="string_46" HPOS="945" VPOS="361" WIDTH="206" HEIGHT="31" WC="0.96" CONTENT="ändamålet."/><SP WIDTH="43" VPOS="361" HPOS="1151"/>
							<String ID="string_47" HPOS="1194" VPOS="360" WIDTH="181" HEIGHT="36" WC="0.96" CONTENT="Samtidigt"/><SP WIDTH="19" VPOS="360" HPOS="1375"/>
							<String ID="string_48" HPOS="1394" VPOS="368" WIDTH="74" HEIGHT="21" WC="0.96" CONTENT="som"/><SP WIDTH="20" VPOS="368" HPOS="1468"/>
							<String ID="string_49" HPOS="1488" VPOS="359" WIDTH="41" HEIGHT="31" WC="0.94" CONTENT="de"/><SP WIDTH="18" VPOS="359" HPOS="1529"/>
							<String ID="string_50" HPOS="1547" VPOS="358" WIDTH="53" HEIGHT="31" WC="0.96" CONTENT="för"/>
						</TextLine>
						<TextLine ID="line_5" HPOS="95" VPOS="403" WIDTH="1505" HEIGHT="44">
							<String ID="string_51" HPOS="95" VPOS="409" WIDTH="365" HEIGHT="38" WC="0.92" CONTENT="hjälpverksamheten"/><SP WIDTH="21" VPOS="409" HPOS="460"/>
							<String ID="string_52" HPOS="481" VPOS="407" WIDTH="163" HEIGHT="31" WC="0.96" CONTENT="anvisade"/><SP WIDTH="22" VPOS="407" HPOS="644"/>
							<String ID="string_53" HPOS="666" VPOS="406" WIDTH="136" HEIGHT="30" WC="0.96" CONTENT="medlen"/><SP WIDTH="21" VPOS="406" HPOS="802"/>
							<String ID="string_54" HPOS="823" VPOS="405" WIDTH="148" HEIGHT="31" WC="0.96" CONTENT="sålunda"/><SP WIDTH="21" VPOS="405" HPOS="971"/>
							<String ID="string_55" HPOS="992" VPOS="403" WIDTH="185" HEIGHT="32" WC="0.96" CONTENT="successivt"/><SP WIDTH="22" VPOS="403" HPOS="1177"/>
							<String ID="string_56" HPOS="1199" VPOS="403" WIDTH="180" HEIGHT="36" WC="0.96" CONTENT="minskats,"/><SP WIDTH="21" VPOS="403" HPOS="1379"/>
							<String ID="string_57" HPOS="1400" VPOS="403" WIDTH="90" HEIGHT="29" WC="0.93" CONTENT="hava"/><SP WIDTH="22" VPOS="403" HPOS="1490"/>
							<String ID="string_58" HPOS="1512" VPOS="409" WIDTH="88" HEIGHT="29" WC="0.89" CONTENT="ryss-"/>
						</TextLine>
						<TextLine ID="line_6" HPOS="95" VPOS="443" WIDTH="1505" HEIGHT="42">
							<String ID="string_59" HPOS="95" VPOS="452" WIDTH="313" HEIGHT="31" WC="0.92" CONTENT="landssvenskarna"/><SP WIDTH="25" VPOS="452" HPOS="408"/>
							<String ID="string_60" HPOS="433" VPOS="450" WIDTH="98" HEIGHT="31" WC="0.95" CONTENT="blivit"/><SP WIDTH="24" VPOS="450" HPOS="531"/>
							<String ID="string_61" HPOS="555" VPOS="450" WIDTH="160" HEIGHT="30" WC="0.93" CONTENT="alltmera"/><SP WIDTH="25" VPOS="450" HPOS="715"/>
							<String ID="string_62" HPOS="740" VPOS="448" WIDTH="207" HEIGHT="37" WC="0.92" CONTENT="ålderstigna"/><SP WIDTH="25" VPOS="448" HPOS="947"/>
							<String ID="string_63" HPOS="972" VPOS="448" WIDTH="66" HEIGHT="30" WC="0.96" CONTENT="och"/><SP WIDTH="24" VPOS="448" HPOS="1038"/>
							<String ID="string_64" HPOS="1062" VPOS="447" WIDTH="64" HEIGHT="30" WC="0.96" CONTENT="fått"/><SP WIDTH="24" VPOS="447" HPOS="1126"/>
							<String ID="string_65" HPOS="1150" VPOS="446" WIDTH="60" HEIGHT="31" WC="0.96" CONTENT="allt"/><SP WIDTH="26" VPOS="446" HPOS="1210"/>
							<String ID="string_66" HPOS="1236" VPOS="445" WIDTH="137" HEIGHT="31" WC="0.96" CONTENT="svårare"/><SP WIDTH="22" VPOS="445" HPOS="1373"/>
							<String ID="string_67" HPOS="1395" VPOS="448" WIDTH="51" HEIGHT="27" WC="0.97" CONTENT="att"/><SP WIDTH="23" VPOS="448" HPOS="1446"/>
							<String ID="string_68" HPOS="1469" VPOS="443" WIDTH="131" HEIGHT="32" WC="0.96" CONTENT="erhålla"/>
						</TextLine>
						<TextLine ID="line_7" HPOS="94" VPOS="496" WIDTH="125" HEIGHT="29">
							<String ID="string_69" HPOS="94" VPOS="496" WIDTH="125" HEIGHT="29" WC="0.96" CONTENT="arbete."/>
						</TextLine>
					</TextBlock>
					<TextBlock ID="block_2" HPOS="93" VPOS="573" WIDTH="1511" HEIGHT="680">
						<TextLine ID="line_8" HPOS="140" VPOS="573" WIDTH="1460" HEIGHT="41">
							<String ID="string_70" HPOS="140" VPOS="580" WIDTH="53" HEIGHT="30" WC="0.95" CONTENT="Då"/><SP WIDTH="21" VPOS="580" HPOS="193"/>
							<String ID="string_71" HPOS="214" VPOS="590" WIDTH="48" HEIGHT="20" WC="0.96" CONTENT="nu"/><SP WIDTH="20" VPOS="590" HPOS="262"/>
							<String ID="string_72" HPOS="282" VPOS="578" WIDTH="241" HEIGHT="32" WC="0.96" CONTENT="erfarenheten"/><SP WIDTH="21" VPOS="578" HPOS="523"/>
							<String ID="string_73" HPOS="544" VPOS="577" WIDTH="46" HEIGHT="37" WC="0.96" CONTENT="på"/><SP WIDTH="22" VPOS="577" HPOS="590"/>
							<String ID="string_74" HPOS="612" VPOS="579" WIDTH="66" HEIGHT="29" WC="0.96" CONTENT="sätt"/><SP WIDTH="23" VPOS="579" HPOS="678"/>
							<String ID="string_75" HPOS="701" VPOS="577" WIDTH="66" HEIGHT="30" WC="0.96" CONTENT="här"/><SP WIDTH="21" VPOS="577" HPOS="767"/>
							<String ID="string_76" HPOS="788" VPOS="586" WIDTH="90" HEIGHT="21" WC="0.95" CONTENT="ovan"/><SP WIDTH="22" VPOS="586" HPOS="878"/>
							<String ID="string_77" HPOS="900" VPOS="577" WIDTH="106" HEIGHT="29" WC="0.96" CONTENT="visats"/><SP WIDTH="22" VPOS="577" HPOS="1006"/>
							<String ID="string_78" HPOS="1028" VPOS="575" WIDTH="92" HEIGHT="37" WC="0.96" CONTENT="giver"/><SP WIDTH="23" VPOS="575" HPOS="1120"/>
							<String ID="string_79" HPOS="1143" VPOS="574" WIDTH="57" HEIGHT="31" WC="0.96" CONTENT="vid"/><SP WIDTH="23" VPOS="574" HPOS="1200"/>
							<String ID="string_80" HPOS="1223" VPOS="574" WIDTH="150" HEIGHT="36" WC="0.96" CONTENT="handen,"/><SP WIDTH="22" VPOS="574" HPOS="1373"/>
							<String ID="string_81" HPOS="1395" VPOS="576" WIDTH="50" HEIGHT="28" WC="0.93" CONTENT="att"/><SP WIDTH="21" VPOS="576" HPOS="1445"/>
							<String ID="string_82" HPOS="1466" VPOS="573" WIDTH="134" HEIGHT="29" WC="0.90" CONTENT="avkast-"/>
						</TextLine>
						<TextLine ID="line_9" HPOS="94" VPOS="615" WIDTH="1506" HEIGHT="44">
							<String ID="string_83" HPOS="94" VPOS="622" WIDTH="128" HEIGHT="37" WC="0.96" CONTENT="ningen"/><SP WIDTH="19" VPOS="622" HPOS="222"/>
							<String ID="string_84" HPOS="241" VPOS="632" WIDTH="42" HEIGHT="20" WC="0.96" CONTENT="av"/><SP WIDTH="19" VPOS="632" HPOS="283"/>
							<String ID="string_85" HPOS="302" VPOS="621" WIDTH="264" HEIGHT="37" WC="0.96" CONTENT="ifrågavarande"/><SP WIDTH="19" VPOS="621" HPOS="566"/>
							<String ID="string_86" HPOS="585" VPOS="620" WIDTH="84" HEIGHT="30" WC="0.96" CONTENT="fond"/><SP WIDTH="20" VPOS="620" HPOS="669"/>
							<String ID="string_87" HPOS="689" VPOS="619" WIDTH="189" HEIGHT="37" WC="0.96" CONTENT="ingalunda"/><SP WIDTH="19" VPOS="619" HPOS="878"/>
							<String ID="string_88" HPOS="897" VPOS="617" WIDTH="125" HEIGHT="33" WC="0.96" CONTENT="förslår"/><SP WIDTH="19" VPOS="617" HPOS="1022"/>
							<String ID="string_89" HPOS="1041" VPOS="618" WIDTH="54" HEIGHT="31" WC="0.96" CONTENT="för"/><SP WIDTH="16" VPOS="618" HPOS="1095"/>
							<String ID="string_90" HPOS="1111" VPOS="618" WIDTH="58" HEIGHT="30" WC="0.96" CONTENT="det"/><SP WIDTH="20" VPOS="618" HPOS="1169"/>
							<String ID="string_91" HPOS="1189" VPOS="616" WIDTH="174" HEIGHT="36" WC="0.96" CONTENT="ändamål,"/><SP WIDTH="18" VPOS="616" HPOS="1363"/>
							<String ID="string_92" HPOS="1381" VPOS="615" WIDTH="117" HEIGHT="31" WC="0.93" CONTENT="varför"/><SP WIDTH="18" VPOS="615" HPOS="1498"/>
							<String ID="string_93" HPOS="1516" VPOS="615" WIDTH="84" HEIGHT="30" WC="0.92" CONTENT="riks-"/>
						</TextLine>
						<TextLine ID="line_10" HPOS="96" VPOS="657" WIDTH="1504" HEIGHT="44">
							<String ID="string_94" HPOS="96" VPOS="665" WIDTH="110" HEIGHT="36" WC="0.96" CONTENT="dagen"/><SP WIDTH="23" VPOS="665" HPOS="206"/>
							<String ID="string_95" HPOS="229" VPOS="667" WIDTH="109" HEIGHT="28" WC="0.96" CONTENT="avsett"/><SP WIDTH="23" VPOS="667" HPOS="338"/>
							<String ID="string_96" HPOS="361" VPOS="664" WIDTH="213" HEIGHT="35" WC="0.95" CONTENT="densamma,"/><SP WIDTH="24" VPOS="664" HPOS="574"/>
							<String ID="string_97" HPOS="598" VPOS="664" WIDTH="38" HEIGHT="29" WC="0.96" CONTENT="är"/><SP WIDTH="26" VPOS="664" HPOS="636"/>
							<String ID="string_98" HPOS="662" VPOS="663" WIDTH="56" HEIGHT="30" WC="0.96" CONTENT="det"/><SP WIDTH="22" VPOS="663" HPOS="718"/>
							<String ID="string_99" HPOS="740" VPOS="661" WIDTH="38" HEIGHT="37" WC="0.96" CONTENT="ju"/><SP WIDTH="25" VPOS="661" HPOS="778"/>
							<String ID="string_100" HPOS="803" VPOS="661" WIDTH="120" HEIGHT="31" WC="0.96" CONTENT="endast"/><SP WIDTH="23" VPOS="661" HPOS="923"/>
							<String ID="string_101" HPOS="946" VPOS="671" WIDTH="45" HEIGHT="20" WC="0.96" CONTENT="en"/><SP WIDTH="23" VPOS="671" HPOS="991"/>
							<String ID="string_102" HPOS="1014" VPOS="661" WIDTH="217" HEIGHT="29" WC="0.96" CONTENT="konsekvens"/><SP WIDTH="25" VPOS="661" HPOS="1231"/>
							<String ID="string_103" HPOS="1256" VPOS="669" WIDTH="43" HEIGHT="21" WC="0.96" CONTENT="av"/><SP WIDTH="28" VPOS="669" HPOS="1299"/>
							<String ID="string_104" HPOS="1327" VPOS="659" WIDTH="82" HEIGHT="31" WC="0.96" CONTENT="1934"/><SP WIDTH="27" VPOS="659" HPOS="1409"/>
							<String ID="string_105" HPOS="1436" VPOS="658" WIDTH="54" HEIGHT="30" WC="0.92" CONTENT="års"/><SP WIDTH="26" VPOS="658" HPOS="1490"/>
							<String ID="string_106" HPOS="1516" VPOS="657" WIDTH="84" HEIGHT="31" WC="0.92" CONTENT="riks-"/>
						</TextLine>
						<TextLine ID="line_11" HPOS="96" VPOS="701" WIDTH="1505" HEIGHT="43">
							<String ID="string_107" HPOS="96" VPOS="707" WIDTH="198" HEIGHT="37" WC="0.91" CONTENT="dagsbeslut"/><SP WIDTH="23" VPOS="707" HPOS="294"/>
							<String ID="string_108" HPOS="317" VPOS="709" WIDTH="49" HEIGHT="28" WC="0.97" CONTENT="att"/><SP WIDTH="24" VPOS="709" HPOS="366"/>
							<String ID="string_109" HPOS="390" VPOS="707" WIDTH="162" HEIGHT="36" WC="0.96" CONTENT="antingen"/><SP WIDTH="23" VPOS="707" HPOS="552"/>
							<String ID="string_110" HPOS="575" VPOS="705" WIDTH="130" HEIGHT="31" WC="0.96" CONTENT="fonden"/><SP WIDTH="25" VPOS="705" HPOS="705"/>
							<String ID="string_111" HPOS="730" VPOS="704" WIDTH="66" HEIGHT="31" WC="0.96" CONTENT="blir"/><SP WIDTH="23" VPOS="704" HPOS="796"/>
							<String ID="string_112" HPOS="819" VPOS="703" WIDTH="146" HEIGHT="31" WC="0.96" CONTENT="föremål"/><SP WIDTH="24" VPOS="703" HPOS="965"/>
							<String ID="string_113" HPOS="989" VPOS="703" WIDTH="54" HEIGHT="31" WC="0.96" CONTENT="för"/><SP WIDTH="25" VPOS="703" HPOS="1043"/>
							<String ID="string_114" HPOS="1068" VPOS="703" WIDTH="110" HEIGHT="31" WC="0.96" CONTENT="sådan"/><SP WIDTH="22" VPOS="703" HPOS="1178"/>
							<String ID="string_115" HPOS="1200" VPOS="701" WIDTH="168" HEIGHT="37" WC="0.96" CONTENT="utökning"/><SP WIDTH="25" VPOS="701" HPOS="1368"/>
							<String ID="string_116" HPOS="1393" VPOS="704" WIDTH="49" HEIGHT="27" WC="0.93" CONTENT="att"/><SP WIDTH="25" VPOS="704" HPOS="1442"/>
							<String ID="string_117" HPOS="1467" VPOS="701" WIDTH="134" HEIGHT="30" WC="0.91" CONTENT="avkast-"/>
						</TextLine>
						<TextLine ID="line_12" HPOS="93" VPOS="743" WIDTH="1509" HEIGHT="43">
							<String ID="string_118" HPOS="93" VPOS="750" WIDTH="130" HEIGHT="36" WC="0.96" CONTENT="ningen"/><SP WIDTH="22" VPOS="750" HPOS="223"/>
							<String ID="string_119" HPOS="245" VPOS="759" WIDTH="41" HEIGHT="21" WC="0.95" CONTENT="av"/><SP WIDTH="23" VPOS="759" HPOS="286"/>
							<String ID="string_120" HPOS="309" VPOS="750" WIDTH="203" HEIGHT="29" WC="0.95" CONTENT="densamma"/><SP WIDTH="21" VPOS="750" HPOS="512"/>
							<String ID="string_121" HPOS="533" VPOS="751" WIDTH="194" HEIGHT="27" WC="0.96" CONTENT="motsvarar"/><SP WIDTH="21" VPOS="751" HPOS="727"/>
							<String ID="string_122" HPOS="748" VPOS="748" WIDTH="65" HEIGHT="29" WC="0.96" CONTENT="vad"/><SP WIDTH="22" VPOS="748" HPOS="813"/>
							<String ID="string_123" HPOS="835" VPOS="745" WIDTH="341" HEIGHT="37" WC="0.93" CONTENT="omständigheterna"/><SP WIDTH="22" VPOS="745" HPOS="1176"/>
							<String ID="string_124" HPOS="1198" VPOS="743" WIDTH="277" HEIGHT="38" WC="0.91" CONTENT="oundgängligen"/><SP WIDTH="20" VPOS="743" HPOS="1475"/>
							<String ID="string_125" HPOS="1495" VPOS="743" WIDTH="107" HEIGHT="30" WC="0.96" CONTENT="kräva"/>
						</TextLine>
						<TextLine ID="line_13" HPOS="96" VPOS="786" WIDTH="1507" HEIGHT="41">
							<String ID="string_126" HPOS="96" VPOS="792" WIDTH="80" HEIGHT="31" WC="0.96" CONTENT="eller"/><SP WIDTH="20" VPOS="792" HPOS="176"/>
							<String ID="string_127" HPOS="196" VPOS="792" WIDTH="65" HEIGHT="30" WC="0.96" CONTENT="ock"/><SP WIDTH="18" VPOS="792" HPOS="261"/>
							<String ID="string_128" HPOS="279" VPOS="792" WIDTH="55" HEIGHT="30" WC="0.96" CONTENT="det"/><SP WIDTH="17" VPOS="792" HPOS="334"/>
							<String ID="string_129" HPOS="351" VPOS="792" WIDTH="136" HEIGHT="35" WC="0.96" CONTENT="belopp,"/><SP WIDTH="19" VPOS="792" HPOS="487"/>
							<String ID="string_130" HPOS="506" VPOS="790" WIDTH="145" HEIGHT="31" WC="0.96" CONTENT="fondens"/><SP WIDTH="20" VPOS="790" HPOS="651"/>
							<String ID="string_131" HPOS="671" VPOS="789" WIDTH="205" HEIGHT="37" WC="0.96" CONTENT="avkastning"/><SP WIDTH="19" VPOS="789" HPOS="876"/>
							<String ID="string_132" HPOS="895" VPOS="789" WIDTH="54" HEIGHT="31" WC="0.96" CONTENT="för"/><SP WIDTH="16" VPOS="789" HPOS="949"/>
							<String ID="string_133" HPOS="965" VPOS="788" WIDTH="219" HEIGHT="31" WC="0.96" CONTENT="närvarande"/><SP WIDTH="20" VPOS="788" HPOS="1184"/>
							<String ID="string_134" HPOS="1204" VPOS="788" WIDTH="110" HEIGHT="36" WC="0.96" CONTENT="utgör,"/><SP WIDTH="19" VPOS="788" HPOS="1314"/>
							<String ID="string_135" HPOS="1333" VPOS="786" WIDTH="129" HEIGHT="37" WC="0.96" CONTENT="årligen"/><SP WIDTH="18" VPOS="786" HPOS="1462"/>
							<String ID="string_136" HPOS="1480" VPOS="794" WIDTH="123" HEIGHT="28" WC="0.96" CONTENT="genom"/>
						</TextLine>
						<TextLine ID="line_14" HPOS="96" VPOS="828" WIDTH="1506" HEIGHT="42">
							<String ID="string_137" HPOS="96" VPOS="835" WIDTH="148" HEIGHT="31" WC="0.93" CONTENT="särskild"/><SP WIDTH="27" VPOS="835" HPOS="244"/>
							<String ID="string_138" HPOS="271" VPOS="833" WIDTH="312" HEIGHT="37" WC="0.91" CONTENT="medelsanvisning"/><SP WIDTH="25" VPOS="833" HPOS="583"/>
							<String ID="string_139" HPOS="608" VPOS="833" WIDTH="188" HEIGHT="30" WC="0.91" CONTENT="förstärkes"/><SP WIDTH="26" VPOS="833" HPOS="796"/>
							<String ID="string_140" HPOS="822" VPOS="833" WIDTH="78" HEIGHT="29" WC="0.96" CONTENT="med"/><SP WIDTH="26" VPOS="833" HPOS="900"/>
							<String ID="string_141" HPOS="926" VPOS="832" WIDTH="67" HEIGHT="30" WC="0.96" CONTENT="vad"/><SP WIDTH="25" VPOS="832" HPOS="993"/>
							<String ID="string_142" HPOS="1018" VPOS="840" WIDTH="76" HEIGHT="22" WC="0.96" CONTENT="som"/><SP WIDTH="26" VPOS="840" HPOS="1094"/>
							<String ID="string_143" HPOS="1120" VPOS="830" WIDTH="108" HEIGHT="31" WC="0.96" CONTENT="måste"/><SP WIDTH="26" VPOS="830" HPOS="1228"/>
							<String ID="string_144" HPOS="1254" VPOS="839" WIDTH="100" HEIGHT="21" WC="0.96" CONTENT="anses"/><SP WIDTH="26" VPOS="839" HPOS="1354"/>
							<String ID="string_145" HPOS="1380" VPOS="828" WIDTH="222" HEIGHT="36" WC="0.96" CONTENT="nödvändigt."/>
						</TextLine>
						<TextLine ID="line_15" HPOS="97" VPOS="871" WIDTH="1505" HEIGHT="41">
							<String ID="string_146" HPOS="97" VPOS="878" WIDTH="224" HEIGHT="30" WC="0.96" CONTENT="Sistnämnda"/><SP WIDTH="24" VPOS="878" HPOS="321"/>
							<String ID="string_147" HPOS="345" VPOS="876" WIDTH="91" HEIGHT="31" WC="0.95" CONTENT="form"/><SP WIDTH="26" VPOS="876" HPOS="436"/>
							<String ID="string_148" HPOS="462" VPOS="876" WIDTH="53" HEIGHT="31" WC="0.95" CONTENT="för"/><SP WIDTH="25" VPOS="876" HPOS="515"/>
							<String ID="string_149" HPOS="540" VPOS="875" WIDTH="139" HEIGHT="37" WC="0.96" CONTENT="frågans"/><SP WIDTH="25" VPOS="875" HPOS="679"/>
							<String ID="string_150" HPOS="704" VPOS="875" WIDTH="135" HEIGHT="37" WC="0.96" CONTENT="lösning"/><SP WIDTH="23" VPOS="875" HPOS="839"/>
							<String ID="string_151" HPOS="862" VPOS="875" WIDTH="64" HEIGHT="30" WC="0.96" CONTENT="bör"/><SP WIDTH="24" VPOS="875" HPOS="926"/>
							<String ID="string_152" HPOS="950" VPOS="884" WIDTH="42" HEIGHT="20" WC="0.93" CONTENT="av"/><SP WIDTH="25" VPOS="884" HPOS="992"/>
							<String ID="string_153" HPOS="1017" VPOS="874" WIDTH="190" HEIGHT="36" WC="0.92" CONTENT="budgetära"/><SP WIDTH="27" VPOS="874" HPOS="1207"/>
							<String ID="string_154" HPOS="1234" VPOS="873" WIDTH="76" HEIGHT="30" WC="0.96" CONTENT="skäl"/><SP WIDTH="23" VPOS="873" HPOS="1310"/>
							<String ID="string_155" HPOS="1333" VPOS="882" WIDTH="82" HEIGHT="21" WC="0.96" CONTENT="vara"/><SP WIDTH="27" VPOS="882" HPOS="1415"/>
							<String ID="string_156" HPOS="1442" VPOS="874" WIDTH="48" HEIGHT="28" WC="0.93" CONTENT="att"/><SP WIDTH="26" VPOS="874" HPOS="1490"/>
							<String ID="string_157" HPOS="1516" VPOS="871" WIDTH="86" HEIGHT="31" WC="0.93" CONTENT="före-"/>
						</TextLine>
						<TextLine ID="line_16" HPOS="97" VPOS="913" WIDTH="1506" HEIGHT="44">
							<String ID="string_158" HPOS="97" VPOS="921" WIDTH="116" HEIGHT="36" WC="0.96" CONTENT="draga."/><SP WIDTH="51" VPOS="921" HPOS="213"/>
							<String ID="string_159" HPOS="264" VPOS="919" WIDTH="129" HEIGHT="32" WC="0.95" CONTENT="Därvid"/><SP WIDTH="26" VPOS="919" HPOS="393"/>
							<String ID="string_160" HPOS="419" VPOS="928" WIDTH="100" HEIGHT="28" WC="0.96" CONTENT="synes"/><SP WIDTH="27" VPOS="928" HPOS="519"/>
							<String ID="string_161" HPOS="546" VPOS="918" WIDTH="53" HEIGHT="31" WC="0.96" CONTENT="för"/><SP WIDTH="26" VPOS="918" HPOS="599"/>
							<String ID="string_162" HPOS="625" VPOS="918" WIDTH="212" HEIGHT="31" WC="0.96" CONTENT="kommande"/><SP WIDTH="25" VPOS="918" HPOS="837"/>
							<String ID="string_163" HPOS="862" VPOS="916" WIDTH="168" HEIGHT="38" WC="0.69" CONTENT="budgetår"/><SP WIDTH="24" VPOS="916" HPOS="1030"/>
							<String ID="string_164" HPOS="1054" VPOS="919" WIDTH="47" HEIGHT="28" WC="0.96" CONTENT="ett"/><SP WIDTH="27" VPOS="919" HPOS="1101"/>
							<String ID="string_165" HPOS="1128" VPOS="916" WIDTH="125" HEIGHT="36" WC="0.96" CONTENT="belopp"/><SP WIDTH="30" VPOS="916" HPOS="1253"/>
							<String ID="string_166" HPOS="1283" VPOS="925" WIDTH="42" HEIGHT="20" WC="0.95" CONTENT="av"/><SP WIDTH="27" VPOS="925" HPOS="1325"/>
							<String ID="string_167" HPOS="1352" VPOS="914" WIDTH="105" HEIGHT="31" WC="0.93" CONTENT="minst"/><SP WIDTH="28" VPOS="914" HPOS="1457"/>
							<String ID="string_168" HPOS="1485" VPOS="913" WIDTH="118" HEIGHT="37" WC="0.90" CONTENT="75,000"/>
						</TextLine>
						<TextLine ID="line_17" HPOS="97" VPOS="956" WIDTH="1507" HEIGHT="41">
							<String ID="string_169" HPOS="97" VPOS="964" WIDTH="129" HEIGHT="29" WC="0.96" CONTENT="kronor"/><SP WIDTH="27" VPOS="964" HPOS="226"/>
							<String ID="string_170" HPOS="253" VPOS="972" WIDTH="83" HEIGHT="21" WC="0.95" CONTENT="vara"/><SP WIDTH="30" VPOS="972" HPOS="336"/>
							<String ID="string_171" HPOS="366" VPOS="962" WIDTH="224" HEIGHT="35" WC="0.96" CONTENT="erforderligt,"/><SP WIDTH="29" VPOS="962" HPOS="590"/>
							<String ID="string_172" HPOS="619" VPOS="971" WIDTH="58" HEIGHT="20" WC="0.95" CONTENT="om"/><SP WIDTH="30" VPOS="971" HPOS="677"/>
							<String ID="string_173" HPOS="707" VPOS="961" WIDTH="56" HEIGHT="30" WC="0.96" CONTENT="det"/><SP WIDTH="28" VPOS="961" HPOS="763"/>
							<String ID="string_174" HPOS="791" VPOS="959" WIDTH="234" HEIGHT="37" WC="0.93" CONTENT="föreliggande"/><SP WIDTH="28" VPOS="959" HPOS="1025"/>
							<String ID="string_175" HPOS="1053" VPOS="959" WIDTH="248" HEIGHT="37" WC="0.91" CONTENT="hjälpbehovet"/><SP WIDTH="28" VPOS="959" HPOS="1301"/>
							<String ID="string_176" HPOS="1329" VPOS="958" WIDTH="88" HEIGHT="30" WC="0.96" CONTENT="skall"/><SP WIDTH="27" VPOS="958" HPOS="1417"/>
							<String ID="string_177" HPOS="1444" VPOS="958" WIDTH="119" HEIGHT="29" WC="0.96" CONTENT="kunna"/><SP WIDTH="28" VPOS="958" HPOS="1563"/>
							<String ID="string_178" HPOS="1591" VPOS="956" WIDTH="13" HEIGHT="30" WC="0.96" CONTENT="i"/>
						</TextLine>
						<TextLine ID="line_18" HPOS="96" VPOS="998" WIDTH="1506" HEIGHT="42">
							<String ID="string_179" HPOS="96" VPOS="1006" WIDTH="184" HEIGHT="30" WC="0.95" CONTENT="huvudsak"/><SP WIDTH="22" VPOS="1006" HPOS="280"/>
							<String ID="string_180" HPOS="302" VPOS="1004" WIDTH="91" HEIGHT="31" WC="0.95" CONTENT="bliva"/><SP WIDTH="21" VPOS="1004" HPOS="393"/>
							<String ID="string_181" HPOS="414" VPOS="1004" WIDTH="216" HEIGHT="36" WC="0.93" CONTENT="tillgodosett."/><SP WIDTH="48" VPOS="1004" HPOS="630"/>
							<String ID="string_182" HPOS="678" VPOS="1002" WIDTH="121" HEIGHT="31" WC="0.91" CONTENT="Därest"/><SP WIDTH="22" VPOS="1002" HPOS="799"/>
							<String ID="string_183" HPOS="821" VPOS="1001" WIDTH="180" HEIGHT="38" WC="0.96" CONTENT="ifrågasatt"/><SP WIDTH="22" VPOS="1001" HPOS="1001"/>
							<String ID="string_184" HPOS="1023" VPOS="1001" WIDTH="91" HEIGHT="31" WC="0.96" CONTENT="form"/><SP WIDTH="23" VPOS="1001" HPOS="1114"/>
							<String ID="string_185" HPOS="1137" VPOS="1001" WIDTH="54" HEIGHT="31" WC="0.96" CONTENT="för"/><SP WIDTH="22" VPOS="1001" HPOS="1191"/>
							<String ID="string_186" HPOS="1213" VPOS="1000" WIDTH="139" HEIGHT="37" WC="0.95" CONTENT="frågans"/><SP WIDTH="23" VPOS="1000" HPOS="1352"/>
							<String ID="string_187" HPOS="1375" VPOS="999" WIDTH="135" HEIGHT="37" WC="0.93" CONTENT="lösning"/><SP WIDTH="21" VPOS="999" HPOS="1510"/>
							<String ID="string_188" HPOS="1531" VPOS="998" WIDTH="71" HEIGHT="31" WC="0.93" CONTENT="vin-"/>
						</TextLine>
						<TextLine ID="line_19" HPOS="96" VPOS="1041" WIDTH="1508" HEIGHT="42">
							<String ID="string_189" HPOS="96" VPOS="1058" WIDTH="61" HEIGHT="21" WC="0.96" CONTENT="ner"/><SP WIDTH="28" VPOS="1058" HPOS="157"/>
							<String ID="string_190" HPOS="185" VPOS="1048" WIDTH="202" HEIGHT="35" WC="0.96" CONTENT="riksdagens"/><SP WIDTH="28" VPOS="1048" HPOS="387"/>
							<String ID="string_191" HPOS="415" VPOS="1047" WIDTH="109" HEIGHT="35" WC="0.96" CONTENT="bifall,"/><SP WIDTH="27" VPOS="1047" HPOS="524"/>
							<String ID="string_192" HPOS="551" VPOS="1055" WIDTH="99" HEIGHT="27" WC="0.96" CONTENT="synes"/><SP WIDTH="27" VPOS="1055" HPOS="650"/>
							<String ID="string_193" HPOS="677" VPOS="1045" WIDTH="167" HEIGHT="37" WC="0.96" CONTENT="lämpligt,"/><SP WIDTH="28" VPOS="1045" HPOS="844"/>
							<String ID="string_194" HPOS="872" VPOS="1048" WIDTH="49" HEIGHT="27" WC="0.96" CONTENT="att"/><SP WIDTH="26" VPOS="1048" HPOS="921"/>
							<String ID="string_195" HPOS="947" VPOS="1045" WIDTH="12" HEIGHT="30" WC="0.96" CONTENT="i"/><SP WIDTH="26" VPOS="1045" HPOS="959"/>
							<String ID="string_196" HPOS="985" VPOS="1044" WIDTH="202" HEIGHT="36" WC="0.96" CONTENT="riksdagens"/><SP WIDTH="28" VPOS="1044" HPOS="1187"/>
							<String ID="string_197" HPOS="1215" VPOS="1043" WIDTH="162" HEIGHT="31" WC="0.96" CONTENT="blivande"/><SP WIDTH="28" VPOS="1043" HPOS="1377"/>
							<String ID="string_198" HPOS="1405" VPOS="1042" WIDTH="162" HEIGHT="30" WC="0.95" CONTENT="skrivelse"/><SP WIDTH="25" VPOS="1042" HPOS="1567"/>
							<String ID="string_199" HPOS="1592" VPOS="1041" WIDTH="12" HEIGHT="30" WC="0.96" CONTENT="i"/>
						</TextLine>
						<TextLine ID="line_20" HPOS="97" VPOS="1084" WIDTH="1507" HEIGHT="42">
							<String ID="string_200" HPOS="97" VPOS="1092" WIDTH="117" HEIGHT="29" WC="0.93" CONTENT="ämnet"/><SP WIDTH="26" VPOS="1092" HPOS="214"/>
							<String ID="string_201" HPOS="240" VPOS="1090" WIDTH="148" HEIGHT="36" WC="0.92" CONTENT="angives,"/><SP WIDTH="28" VPOS="1090" HPOS="388"/>
							<String ID="string_202" HPOS="416" VPOS="1092" WIDTH="48" HEIGHT="27" WC="0.96" CONTENT="att"/><SP WIDTH="26" VPOS="1092" HPOS="464"/>
							<String ID="string_203" HPOS="490" VPOS="1088" WIDTH="184" HEIGHT="37" WC="0.96" CONTENT="riksdagen"/><SP WIDTH="26" VPOS="1088" HPOS="674"/>
							<String ID="string_204" HPOS="700" VPOS="1088" WIDTH="209" HEIGHT="36" WC="0.96" CONTENT="förutsätter,"/><SP WIDTH="26" VPOS="1088" HPOS="909"/>
							<String ID="string_205" HPOS="935" VPOS="1090" WIDTH="50" HEIGHT="28" WC="0.96" CONTENT="att"/><SP WIDTH="27" VPOS="1090" HPOS="985"/>
							<String ID="string_206" HPOS="1012" VPOS="1088" WIDTH="55" HEIGHT="29" WC="0.96" CONTENT="det"/><SP WIDTH="24" VPOS="1088" HPOS="1067"/>
							<String ID="string_207" HPOS="1091" VPOS="1087" WIDTH="113" HEIGHT="30" WC="0.95" CONTENT="behov"/><SP WIDTH="27" VPOS="1087" HPOS="1204"/>
							<String ID="string_208" HPOS="1231" VPOS="1096" WIDTH="43" HEIGHT="20" WC="0.96" CONTENT="av"/><SP WIDTH="26" VPOS="1096" HPOS="1274"/>
							<String ID="string_209" HPOS="1300" VPOS="1084" WIDTH="235" HEIGHT="37" WC="0.96" CONTENT="förstärkning"/><SP WIDTH="27" VPOS="1084" HPOS="1535"/>
							<String ID="string_210" HPOS="1562" VPOS="1093" WIDTH="42" HEIGHT="21" WC="0.96" CONTENT="av"/>
						</TextLine>
						<TextLine ID="line_21" HPOS="98" VPOS="1128" WIDTH="1504" HEIGHT="41">
							<String ID="string_211" HPOS="98" VPOS="1133" WIDTH="250" HEIGHT="36" WC="0.96" CONTENT="avkastningen"/><SP WIDTH="22" VPOS="1133" HPOS="348"/>
							<String ID="string_212" HPOS="370" VPOS="1142" WIDTH="43" HEIGHT="20" WC="0.93" CONTENT="av"/><SP WIDTH="21" VPOS="1142" HPOS="413"/>
							<String ID="string_213" HPOS="434" VPOS="1131" WIDTH="408" HEIGHT="37" WC="0.90" CONTENT="rysslandssvenskarnas"/><SP WIDTH="24" VPOS="1131" HPOS="842"/>
							<String ID="string_214" HPOS="866" VPOS="1129" WIDTH="304" HEIGHT="36" WC="0.91" CONTENT="understödsfond,"/><SP WIDTH="24" VPOS="1129" HPOS="1170"/>
							<String ID="string_215" HPOS="1194" VPOS="1138" WIDTH="76" HEIGHT="21" WC="0.96" CONTENT="som"/><SP WIDTH="22" VPOS="1138" HPOS="1270"/>
							<String ID="string_216" HPOS="1292" VPOS="1129" WIDTH="109" HEIGHT="30" WC="0.93" CONTENT="under"/><SP WIDTH="22" VPOS="1129" HPOS="1401"/>
							<String ID="string_217" HPOS="1423" VPOS="1128" WIDTH="179" HEIGHT="30" WC="0.91" CONTENT="komman-"/>
						</TextLine>
						<TextLine ID="line_22" HPOS="97" VPOS="1169" WIDTH="1506" HEIGHT="43">
							<String ID="string_218" HPOS="97" VPOS="1176" WIDTH="42" HEIGHT="30" WC="0.96" CONTENT="de"/><SP WIDTH="18" VPOS="1176" HPOS="139"/>
							<String ID="string_219" HPOS="157" VPOS="1175" WIDTH="168" HEIGHT="37" WC="0.96" CONTENT="budgetår"/><SP WIDTH="20" VPOS="1175" HPOS="325"/>
							<String ID="string_220" HPOS="345" VPOS="1174" WIDTH="91" HEIGHT="30" WC="0.96" CONTENT="visar"/><SP WIDTH="20" VPOS="1174" HPOS="436"/>
							<String ID="string_221" HPOS="456" VPOS="1174" WIDTH="50" HEIGHT="36" WC="0.96" CONTENT="sig"/><SP WIDTH="19" VPOS="1174" HPOS="506"/>
							<String ID="string_222" HPOS="525" VPOS="1172" WIDTH="225" HEIGHT="38" WC="0.96" CONTENT="erforderligt,"/><SP WIDTH="20" VPOS="1172" HPOS="750"/>
							<String ID="string_223" HPOS="770" VPOS="1172" WIDTH="143" HEIGHT="31" WC="0.96" CONTENT="beaktas"/><SP WIDTH="19" VPOS="1172" HPOS="913"/>
							<String ID="string_224" HPOS="932" VPOS="1180" WIDTH="125" HEIGHT="29" WC="0.93" CONTENT="genom"/><SP WIDTH="20" VPOS="1180" HPOS="1057"/>
							<String ID="string_225" HPOS="1077" VPOS="1171" WIDTH="294" HEIGHT="37" WC="0.91" CONTENT="anslagsäskande"/><SP WIDTH="18" VPOS="1171" HPOS="1371"/>
							<String ID="string_226" HPOS="1389" VPOS="1170" WIDTH="57" HEIGHT="31" WC="0.91" CONTENT="vid"/><SP WIDTH="21" VPOS="1170" HPOS="1446"/>
							<String ID="string_227" HPOS="1467" VPOS="1169" WIDTH="136" HEIGHT="37" WC="0.91" CONTENT="respek-"/>
						</TextLine>
						<TextLine ID="line_23" HPOS="97" VPOS="1215" WIDTH="820" HEIGHT="38">
							<String ID="string_228" HPOS="97" VPOS="1218" WIDTH="67" HEIGHT="31" WC="0.93" CONTENT="tive"/><SP WIDTH="20" VPOS="1218" HPOS="164"/>
							<String ID="string_229" HPOS="184" VPOS="1216" WIDTH="459" HEIGHT="37" WC="0.91" CONTENT="statsverkspropositioners"/><SP WIDTH="20" VPOS="1216" HPOS="643"/>
							<String ID="string_230" HPOS="663" VPOS="1215" WIDTH="254" HEIGHT="37" WC="0.92" CONTENT="uppgörande.»"/>
						</TextLine>
					</TextBlock>
				</ComposedBlock>
				<GraphicalElement ID="cblock_2" HPOS="160" VPOS="546" WIDTH="1440" HEIGHT="13"></GraphicalElement >
				<ComposedBlock ID="cblock_3" HPOS="97" VPOS="1305" WIDTH="1511" HEIGHT="1202">
					<TextBlock ID="block_3" HPOS="97" VPOS="1305" WIDTH="1509" HEIGHT="749">
						<TextLine ID="line_24" HPOS="141" VPOS="1305" WIDTH="1462" HEIGHT="38">
							<String ID="string_231" HPOS="141" VPOS="1311" WIDTH="172" HEIGHT="30" WC="0.96" CONTENT="Utskottet"/><SP WIDTH="24" VPOS="1311" HPOS="313"/>
							<String ID="string_232" HPOS="337" VPOS="1308" WIDTH="59" HEIGHT="31" WC="0.96" CONTENT="vill"/><SP WIDTH="25" VPOS="1308" HPOS="396"/>
							<String ID="string_233" HPOS="421" VPOS="1308" WIDTH="113" HEIGHT="31" WC="0.96" CONTENT="erinra"/><SP WIDTH="25" VPOS="1308" HPOS="534"/>
							<String ID="string_234" HPOS="559" VPOS="1308" WIDTH="132" HEIGHT="35" WC="0.96" CONTENT="därom,"/><SP WIDTH="26" VPOS="1308" HPOS="691"/>
							<String ID="string_235" HPOS="717" VPOS="1311" WIDTH="48" HEIGHT="27" WC="0.96" CONTENT="att"/><SP WIDTH="24" VPOS="1311" HPOS="765"/>
							<String ID="string_236" HPOS="789" VPOS="1307" WIDTH="123" HEIGHT="36" WC="0.96" CONTENT="frågan"/><SP WIDTH="25" VPOS="1307" HPOS="912"/>
							<String ID="string_237" HPOS="937" VPOS="1316" WIDTH="58" HEIGHT="21" WC="0.95" CONTENT="om"/><SP WIDTH="25" VPOS="1316" HPOS="995"/>
							<String ID="string_238" HPOS="1020" VPOS="1307" WIDTH="195" HEIGHT="30" WC="0.95" CONTENT="beredande"/><SP WIDTH="25" VPOS="1307" HPOS="1215"/>
							<String ID="string_239" HPOS="1240" VPOS="1316" WIDTH="42" HEIGHT="21" WC="0.96" CONTENT="av"/><SP WIDTH="26" VPOS="1316" HPOS="1282"/>
							<String ID="string_240" HPOS="1308" VPOS="1306" WIDTH="67" HEIGHT="30" WC="0.96" CONTENT="viss"/><SP WIDTH="25" VPOS="1306" HPOS="1375"/>
							<String ID="string_241" HPOS="1400" VPOS="1305" WIDTH="203" HEIGHT="37" WC="0.96" CONTENT="gottgörelse"/>
						</TextLine>
						<TextLine ID="line_25" HPOS="97" VPOS="1355" WIDTH="1506" HEIGHT="41">
							<String ID="string_242" HPOS="97" VPOS="1361" WIDTH="34" HEIGHT="31" WC="0.96" CONTENT="åt"/><SP WIDTH="19" VPOS="1361" HPOS="131"/>
							<String ID="string_243" HPOS="150" VPOS="1361" WIDTH="95" HEIGHT="30" WC="0.96" CONTENT="förut"/><SP WIDTH="19" VPOS="1361" HPOS="245"/>
							<String ID="string_244" HPOS="264" VPOS="1360" WIDTH="10" HEIGHT="31" WC="0.96" CONTENT="i"/><SP WIDTH="20" VPOS="1360" HPOS="274"/>
							<String ID="string_245" HPOS="294" VPOS="1360" WIDTH="171" HEIGHT="36" WC="0.96" CONTENT="Ryssland"/><SP WIDTH="19" VPOS="1360" HPOS="465"/>
							<String ID="string_246" HPOS="484" VPOS="1360" WIDTH="134" HEIGHT="29" WC="0.96" CONTENT="bosatta"/><SP WIDTH="20" VPOS="1360" HPOS="618"/>
							<String ID="string_247" HPOS="638" VPOS="1360" WIDTH="148" HEIGHT="29" WC="0.96" CONTENT="svenska"/><SP WIDTH="18" VPOS="1360" HPOS="786"/>
							<String ID="string_248" HPOS="804" VPOS="1357" WIDTH="207" HEIGHT="32" WC="0.96" CONTENT="undersåtar"/><SP WIDTH="20" VPOS="1357" HPOS="1011"/>
							<String ID="string_249" HPOS="1031" VPOS="1367" WIDTH="61" HEIGHT="21" WC="0.96" CONTENT="var"/><SP WIDTH="19" VPOS="1367" HPOS="1092"/>
							<String ID="string_250" HPOS="1111" VPOS="1357" WIDTH="148" HEIGHT="30" WC="0.96" CONTENT="föremål"/><SP WIDTH="22" VPOS="1357" HPOS="1259"/>
							<String ID="string_251" HPOS="1281" VPOS="1357" WIDTH="54" HEIGHT="30" WC="0.96" CONTENT="för"/><SP WIDTH="20" VPOS="1357" HPOS="1335"/>
							<String ID="string_252" HPOS="1355" VPOS="1356" WIDTH="170" HEIGHT="37" WC="0.96" CONTENT="prövning"/><SP WIDTH="20" VPOS="1356" HPOS="1525"/>
							<String ID="string_253" HPOS="1545" VPOS="1355" WIDTH="58" HEIGHT="30" WC="0.96" CONTENT="vid"/>
						</TextLine>
						<TextLine ID="line_26" HPOS="100" VPOS="1405" WIDTH="1503" HEIGHT="41">
							<String ID="string_254" HPOS="100" VPOS="1412" WIDTH="83" HEIGHT="30" WC="0.96" CONTENT="1934"/><SP WIDTH="23" VPOS="1412" HPOS="183"/>
							<String ID="string_255" HPOS="206" VPOS="1411" WIDTH="56" HEIGHT="31" WC="0.96" CONTENT="års"/><SP WIDTH="23" VPOS="1411" HPOS="262"/>
							<String ID="string_256" HPOS="285" VPOS="1411" WIDTH="149" HEIGHT="35" WC="0.96" CONTENT="riksdag."/><SP WIDTH="47" VPOS="1411" HPOS="434"/>
							<String ID="string_257" HPOS="481" VPOS="1410" WIDTH="13" HEIGHT="30" WC="0.95" CONTENT="I"/><SP WIDTH="24" VPOS="1410" HPOS="494"/>
							<String ID="string_258" HPOS="518" VPOS="1409" WIDTH="186" HEIGHT="36" WC="0.96" CONTENT="anledning"/><SP WIDTH="23" VPOS="1409" HPOS="704"/>
							<String ID="string_259" HPOS="727" VPOS="1419" WIDTH="42" HEIGHT="20" WC="0.96" CONTENT="av"/><SP WIDTH="24" VPOS="1419" HPOS="769"/>
							<String ID="string_260" HPOS="793" VPOS="1419" WIDTH="41" HEIGHT="20" WC="0.96" CONTENT="en"/><SP WIDTH="23" VPOS="1419" HPOS="834"/>
							<String ID="string_261" HPOS="857" VPOS="1409" WIDTH="11" HEIGHT="30" WC="0.93" CONTENT="i"/><SP WIDTH="23" VPOS="1409" HPOS="868"/>
							<String ID="string_262" HPOS="891" VPOS="1407" WIDTH="449" HEIGHT="37" WC="0.91" CONTENT="statsverkspropositionen"/><SP WIDTH="22" VPOS="1407" HPOS="1340"/>
							<String ID="string_263" HPOS="1362" VPOS="1407" WIDTH="110" HEIGHT="30" WC="0.96" CONTENT="under"/><SP WIDTH="23" VPOS="1407" HPOS="1472"/>
							<String ID="string_264" HPOS="1495" VPOS="1405" WIDTH="108" HEIGHT="37" WC="0.95" CONTENT="tredje"/>
						</TextLine>
						<TextLine ID="line_27" HPOS="97" VPOS="1457" WIDTH="1505" HEIGHT="40">
							<String ID="string_265" HPOS="97" VPOS="1462" WIDTH="220" HEIGHT="31" WC="0.92" CONTENT="huvudtiteln"/><SP WIDTH="20" VPOS="1462" HPOS="317"/>
							<String ID="string_266" HPOS="337" VPOS="1461" WIDTH="45" HEIGHT="30" WC="0.96" CONTENT="då"/><SP WIDTH="20" VPOS="1461" HPOS="382"/>
							<String ID="string_267" HPOS="402" VPOS="1460" WIDTH="100" HEIGHT="37" WC="0.95" CONTENT="gjord"/><SP WIDTH="22" VPOS="1460" HPOS="502"/>
							<String ID="string_268" HPOS="524" VPOS="1459" WIDTH="255" HEIGHT="36" WC="0.96" CONTENT="framställning"/><SP WIDTH="21" VPOS="1459" HPOS="779"/>
							<String ID="string_269" HPOS="800" VPOS="1460" WIDTH="105" HEIGHT="36" WC="0.96" CONTENT="jämte"/><SP WIDTH="21" VPOS="1460" HPOS="905"/>
							<String ID="string_270" HPOS="926" VPOS="1459" WIDTH="91" HEIGHT="30" WC="0.93" CONTENT="vissa"/><SP WIDTH="21" VPOS="1459" HPOS="1017"/>
							<String ID="string_271" HPOS="1038" VPOS="1458" WIDTH="202" HEIGHT="30" WC="0.92" CONTENT="motionsvis"/><SP WIDTH="22" VPOS="1458" HPOS="1240"/>
							<String ID="string_272" HPOS="1262" VPOS="1458" WIDTH="195" HEIGHT="30" WC="0.93" CONTENT="framförda"/><SP WIDTH="21" VPOS="1458" HPOS="1457"/>
							<String ID="string_273" HPOS="1478" VPOS="1457" WIDTH="124" HEIGHT="36" WC="0.92" CONTENT="yrkan-"/>
						</TextLine>
						<TextLine ID="line_28" HPOS="97" VPOS="1506" WIDTH="1507" HEIGHT="43">
							<String ID="string_274" HPOS="97" VPOS="1514" WIDTH="66" HEIGHT="30" WC="0.93" CONTENT="den"/><SP WIDTH="18" VPOS="1514" HPOS="163"/>
							<String ID="string_275" HPOS="181" VPOS="1513" WIDTH="184" HEIGHT="36" WC="0.91" CONTENT="tillstyrkte"/><SP WIDTH="18" VPOS="1513" HPOS="365"/>
							<String ID="string_276" HPOS="383" VPOS="1512" WIDTH="164" HEIGHT="30" WC="0.96" CONTENT="utskottet"/><SP WIDTH="24" VPOS="1512" HPOS="547"/>
							<String ID="string_277" HPOS="571" VPOS="1510" WIDTH="189" HEIGHT="39" WC="0.96" CONTENT="(utlåtande"/><SP WIDTH="18" VPOS="1510" HPOS="760"/>
							<String ID="string_278" HPOS="778" VPOS="1520" WIDTH="41" HEIGHT="20" WC="0.96" CONTENT="nr"/><SP WIDTH="21" VPOS="1520" HPOS="819"/>
							<String ID="string_279" HPOS="840" VPOS="1509" WIDTH="72" HEIGHT="39" WC="0.96" CONTENT="101)"/><SP WIDTH="25" VPOS="1509" HPOS="912"/>
							<String ID="string_280" HPOS="937" VPOS="1509" WIDTH="184" HEIGHT="36" WC="0.96" CONTENT="riksdagen"/><SP WIDTH="19" VPOS="1509" HPOS="1121"/>
							<String ID="string_281" HPOS="1140" VPOS="1512" WIDTH="48" HEIGHT="27" WC="0.96" CONTENT="att"/><SP WIDTH="18" VPOS="1512" HPOS="1188"/>
							<String ID="string_282" HPOS="1206" VPOS="1508" WIDTH="115" HEIGHT="31" WC="0.96" CONTENT="såsom"/><SP WIDTH="19" VPOS="1508" HPOS="1321"/>
							<String ID="string_283" HPOS="1340" VPOS="1507" WIDTH="194" HEIGHT="36" WC="0.96" CONTENT="avsättning"/><SP WIDTH="19" VPOS="1507" HPOS="1534"/>
							<String ID="string_284" HPOS="1553" VPOS="1506" WIDTH="51" HEIGHT="31" WC="0.95" CONTENT="till"/>
						</TextLine>
						<TextLine ID="line_29" HPOS="98" VPOS="1557" WIDTH="1506" HEIGHT="39">
							<String ID="string_285" HPOS="98" VPOS="1574" WIDTH="42" HEIGHT="21" WC="0.95" CONTENT="en"/><SP WIDTH="17" VPOS="1574" HPOS="140"/>
							<String ID="string_286" HPOS="157" VPOS="1564" WIDTH="86" HEIGHT="30" WC="0.96" CONTENT="fond"/><SP WIDTH="18" VPOS="1564" HPOS="243"/>
							<String ID="string_287" HPOS="261" VPOS="1564" WIDTH="54" HEIGHT="29" WC="0.96" CONTENT="för"/><SP WIDTH="17" VPOS="1564" HPOS="315"/>
							<String ID="string_288" HPOS="332" VPOS="1562" WIDTH="187" HEIGHT="30" WC="0.96" CONTENT="lämnande"/><SP WIDTH="17" VPOS="1562" HPOS="519"/>
							<String ID="string_289" HPOS="536" VPOS="1571" WIDTH="41" HEIGHT="21" WC="0.96" CONTENT="av"/><SP WIDTH="18" VPOS="1571" HPOS="577"/>
							<String ID="string_290" HPOS="595" VPOS="1561" WIDTH="190" HEIGHT="30" WC="0.96" CONTENT="understöd"/><SP WIDTH="17" VPOS="1561" HPOS="785"/>
							<String ID="string_291" HPOS="802" VPOS="1560" WIDTH="34" HEIGHT="31" WC="0.96" CONTENT="åt"/><SP WIDTH="18" VPOS="1560" HPOS="836"/>
							<String ID="string_292" HPOS="854" VPOS="1560" WIDTH="154" HEIGHT="30" WC="0.93" CONTENT="nämnda"/><SP WIDTH="19" VPOS="1560" HPOS="1008"/>
							<String ID="string_293" HPOS="1027" VPOS="1569" WIDTH="24" HEIGHT="21" WC="0.88" CONTENT="s."/><SP WIDTH="20" VPOS="1569" HPOS="1051"/>
							<String ID="string_294" HPOS="1071" VPOS="1561" WIDTH="32" HEIGHT="29" WC="0.92" CONTENT="k."/><SP WIDTH="19" VPOS="1561" HPOS="1103"/>
							<String ID="string_295" HPOS="1122" VPOS="1559" WIDTH="345" HEIGHT="37" WC="0.89" CONTENT="rysslandssvenskar"/><SP WIDTH="19" VPOS="1559" HPOS="1467"/>
							<String ID="string_296" HPOS="1486" VPOS="1557" WIDTH="118" HEIGHT="31" WC="0.96" CONTENT="anvisa"/>
						</TextLine>
						<TextLine ID="line_30" HPOS="99" VPOS="1609" WIDTH="1504" HEIGHT="41">
							<String ID="string_297" HPOS="99" VPOS="1617" WIDTH="46" HEIGHT="28" WC="0.96" CONTENT="ett"/><SP WIDTH="21" VPOS="1617" HPOS="145"/>
							<String ID="string_298" HPOS="166" VPOS="1614" WIDTH="120" HEIGHT="36" WC="0.96" CONTENT="anslag"/><SP WIDTH="21" VPOS="1614" HPOS="286"/>
							<String ID="string_299" HPOS="307" VPOS="1623" WIDTH="42" HEIGHT="20" WC="0.93" CONTENT="av"/><SP WIDTH="21" VPOS="1623" HPOS="349"/>
							<String ID="string_300" HPOS="370" VPOS="1613" WIDTH="174" HEIGHT="35" WC="0.91" CONTENT="2,000,000"/><SP WIDTH="21" VPOS="1613" HPOS="544"/>
							<String ID="string_301" HPOS="565" VPOS="1613" WIDTH="138" HEIGHT="29" WC="0.96" CONTENT="kronor."/><SP WIDTH="46" VPOS="1613" HPOS="703"/>
							<String ID="string_302" HPOS="749" VPOS="1611" WIDTH="64" HEIGHT="30" WC="0.95" CONTENT="Vid"/><SP WIDTH="21" VPOS="1611" HPOS="813"/>
							<String ID="string_303" HPOS="834" VPOS="1611" WIDTH="238" HEIGHT="36" WC="0.96" CONTENT="avvägningen"/><SP WIDTH="21" VPOS="1611" HPOS="1072"/>
							<String ID="string_304" HPOS="1093" VPOS="1620" WIDTH="41" HEIGHT="20" WC="0.96" CONTENT="av"/><SP WIDTH="22" VPOS="1620" HPOS="1134"/>
							<String ID="string_305" HPOS="1156" VPOS="1610" WIDTH="92" HEIGHT="30" WC="0.96" CONTENT="detta"/><SP WIDTH="21" VPOS="1610" HPOS="1248"/>
							<String ID="string_306" HPOS="1269" VPOS="1609" WIDTH="129" HEIGHT="36" WC="0.96" CONTENT="anslag,"/><SP WIDTH="23" VPOS="1609" HPOS="1398"/>
							<String ID="string_307" HPOS="1421" VPOS="1618" WIDTH="105" HEIGHT="21" WC="0.93" CONTENT="varav"/><SP WIDTH="21" VPOS="1618" HPOS="1526"/>
							<String ID="string_308" HPOS="1547" VPOS="1617" WIDTH="56" HEIGHT="21" WC="0.92" CONTENT="av-"/>
						</TextLine>
						<TextLine ID="line_31" HPOS="99" VPOS="1660" WIDTH="1506" HEIGHT="41">
							<String ID="string_309" HPOS="99" VPOS="1665" WIDTH="207" HEIGHT="36" WC="0.92" CONTENT="kastningen"/><SP WIDTH="26" VPOS="1665" HPOS="306"/>
							<String ID="string_310" HPOS="332" VPOS="1664" WIDTH="215" HEIGHT="30" WC="0.96" CONTENT="beräknades"/><SP WIDTH="26" VPOS="1664" HPOS="547"/>
							<String ID="string_311" HPOS="573" VPOS="1662" WIDTH="51" HEIGHT="31" WC="0.96" CONTENT="till"/><SP WIDTH="26" VPOS="1662" HPOS="624"/>
							<String ID="string_312" HPOS="650" VPOS="1662" WIDTH="161" HEIGHT="36" WC="0.93" CONTENT="omkring"/><SP WIDTH="28" VPOS="1662" HPOS="811"/>
							<String ID="string_313" HPOS="839" VPOS="1662" WIDTH="119" HEIGHT="35" WC="0.91" CONTENT="75,000"/><SP WIDTH="26" VPOS="1662" HPOS="958"/>
							<String ID="string_314" HPOS="984" VPOS="1662" WIDTH="129" HEIGHT="29" WC="0.96" CONTENT="kronor"/><SP WIDTH="27" VPOS="1662" HPOS="1113"/>
							<String ID="string_315" HPOS="1140" VPOS="1661" WIDTH="55" HEIGHT="30" WC="0.96" CONTENT="för"/><SP WIDTH="27" VPOS="1661" HPOS="1195"/>
							<String ID="string_316" HPOS="1222" VPOS="1660" WIDTH="48" HEIGHT="36" WC="0.95" CONTENT="år,"/><SP WIDTH="28" VPOS="1660" HPOS="1270"/>
							<String ID="string_317" HPOS="1298" VPOS="1660" WIDTH="116" HEIGHT="36" WC="0.96" CONTENT="utgick"/><SP WIDTH="28" VPOS="1660" HPOS="1414"/>
							<String ID="string_318" HPOS="1442" VPOS="1660" WIDTH="163" HEIGHT="29" WC="0.96" CONTENT="utskottet"/>
						</TextLine>
						<TextLine ID="line_32" HPOS="99" VPOS="1709" WIDTH="1506" HEIGHT="41">
							<String ID="string_319" HPOS="99" VPOS="1716" WIDTH="79" HEIGHT="30" WC="0.96" CONTENT="från"/><SP WIDTH="23" VPOS="1716" HPOS="178"/>
							<String ID="string_320" HPOS="201" VPOS="1719" WIDTH="49" HEIGHT="27" WC="0.96" CONTENT="att"/><SP WIDTH="22" VPOS="1719" HPOS="250"/>
							<String ID="string_321" HPOS="272" VPOS="1716" WIDTH="92" HEIGHT="29" WC="0.96" CONTENT="detta"/><SP WIDTH="22" VPOS="1716" HPOS="364"/>
							<String ID="string_322" HPOS="386" VPOS="1715" WIDTH="124" HEIGHT="35" WC="0.96" CONTENT="belopp"/><SP WIDTH="25" VPOS="1715" HPOS="510"/>
							<String ID="string_323" HPOS="535" VPOS="1714" WIDTH="110" HEIGHT="30" WC="0.96" CONTENT="skulle"/><SP WIDTH="22" VPOS="1714" HPOS="645"/>
							<String ID="string_324" HPOS="667" VPOS="1723" WIDTH="83" HEIGHT="20" WC="0.96" CONTENT="vara"/><SP WIDTH="22" VPOS="1723" HPOS="750"/>
							<String ID="string_325" HPOS="772" VPOS="1712" WIDTH="198" HEIGHT="36" WC="0.96" CONTENT="tillräckligt"/><SP WIDTH="24" VPOS="1712" HPOS="970"/>
							<String ID="string_326" HPOS="994" VPOS="1712" WIDTH="54" HEIGHT="30" WC="0.96" CONTENT="för"/><SP WIDTH="23" VPOS="1712" HPOS="1048"/>
							<String ID="string_327" HPOS="1071" VPOS="1715" WIDTH="48" HEIGHT="27" WC="0.96" CONTENT="att"/><SP WIDTH="22" VPOS="1715" HPOS="1119"/>
							<String ID="string_328" HPOS="1141" VPOS="1712" WIDTH="126" HEIGHT="29" WC="0.96" CONTENT="bereda"/><SP WIDTH="23" VPOS="1712" HPOS="1267"/>
							<String ID="string_329" HPOS="1290" VPOS="1710" WIDTH="188" HEIGHT="31" WC="0.96" CONTENT="understöd"/><SP WIDTH="24" VPOS="1710" HPOS="1478"/>
							<String ID="string_330" HPOS="1502" VPOS="1709" WIDTH="34" HEIGHT="31" WC="0.96" CONTENT="åt"/><SP WIDTH="23" VPOS="1709" HPOS="1536"/>
							<String ID="string_331" HPOS="1559" VPOS="1712" WIDTH="46" HEIGHT="28" WC="0.96" CONTENT="ett"/>
						</TextLine>
						<TextLine ID="line_33" HPOS="99" VPOS="1762" WIDTH="1505" HEIGHT="39">
							<String ID="string_332" HPOS="99" VPOS="1767" WIDTH="94" HEIGHT="30" WC="0.95" CONTENT="antal"/><SP WIDTH="21" VPOS="1767" HPOS="193"/>
							<String ID="string_333" HPOS="214" VPOS="1775" WIDTH="43" HEIGHT="21" WC="0.96" CONTENT="av"/><SP WIDTH="22" VPOS="1775" HPOS="257"/>
							<String ID="string_334" HPOS="279" VPOS="1767" WIDTH="41" HEIGHT="29" WC="0.96" CONTENT="69"/><SP WIDTH="22" VPOS="1767" HPOS="320"/>
							<String ID="string_335" HPOS="342" VPOS="1775" WIDTH="163" HEIGHT="26" WC="0.93" CONTENT="personer"/><SP WIDTH="20" VPOS="1775" HPOS="505"/>
							<String ID="string_336" HPOS="525" VPOS="1782" WIDTH="44" HEIGHT="3" WC="0.90" CONTENT="—"/><SP WIDTH="20" VPOS="1782" HPOS="569"/>
							<String ID="string_337" HPOS="589" VPOS="1764" WIDTH="303" HEIGHT="36" WC="0.96" CONTENT="representerande"/><SP WIDTH="25" VPOS="1764" HPOS="892"/>
							<String ID="string_338" HPOS="917" VPOS="1764" WIDTH="59" HEIGHT="29" WC="0.96" CONTENT="107"/><SP WIDTH="25" VPOS="1764" HPOS="976"/>
							<String ID="string_339" HPOS="1001" VPOS="1762" WIDTH="363" HEIGHT="37" WC="0.93" CONTENT="familjemedlemmar"/><SP WIDTH="21" VPOS="1762" HPOS="1364"/>
							<String ID="string_340" HPOS="1385" VPOS="1779" WIDTH="45" HEIGHT="3" WC="0.90" CONTENT="—"/><SP WIDTH="22" VPOS="1779" HPOS="1430"/>
							<String ID="string_341" HPOS="1452" VPOS="1770" WIDTH="74" HEIGHT="21" WC="0.92" CONTENT="som"/><SP WIDTH="23" VPOS="1770" HPOS="1526"/>
							<String ID="string_342" HPOS="1549" VPOS="1769" WIDTH="55" HEIGHT="21" WC="0.89" CONTENT="en-"/>
						</TextLine>
						<TextLine ID="line_34" HPOS="100" VPOS="1812" WIDTH="1505" HEIGHT="42">
							<String ID="string_343" HPOS="100" VPOS="1817" WIDTH="59" HEIGHT="37" WC="0.95" CONTENT="ligt"/><SP WIDTH="29" VPOS="1817" HPOS="159"/>
							<String ID="string_344" HPOS="188" VPOS="1827" WIDTH="42" HEIGHT="20" WC="0.96" CONTENT="av"/><SP WIDTH="29" VPOS="1827" HPOS="230"/>
							<String ID="string_345" HPOS="259" VPOS="1817" WIDTH="165" HEIGHT="29" WC="0.96" CONTENT="utskottet"/><SP WIDTH="28" VPOS="1817" HPOS="424"/>
							<String ID="string_346" HPOS="452" VPOS="1815" WIDTH="255" HEIGHT="30" WC="0.96" CONTENT="införskaffade"/><SP WIDTH="30" VPOS="1815" HPOS="707"/>
							<String ID="string_347" HPOS="737" VPOS="1814" WIDTH="174" HEIGHT="36" WC="0.96" CONTENT="uppgifter"/><SP WIDTH="29" VPOS="1814" HPOS="911"/>
							<String ID="string_348" HPOS="940" VPOS="1813" WIDTH="45" HEIGHT="31" WC="0.96" CONTENT="då"/><SP WIDTH="28" VPOS="1813" HPOS="985"/>
							<String ID="string_349" HPOS="1013" VPOS="1823" WIDTH="82" HEIGHT="20" WC="0.96" CONTENT="voro"/><SP WIDTH="30" VPOS="1823" HPOS="1095"/>
							<String ID="string_350" HPOS="1125" VPOS="1812" WIDTH="234" HEIGHT="37" WC="0.94" CONTENT="registrerade."/><SP WIDTH="59" VPOS="1812" HPOS="1359"/>
							<String ID="string_351" HPOS="1418" VPOS="1812" WIDTH="187" HEIGHT="29" WC="0.20" CONTENT="«Utskottets"/>
						</TextLine>
						<TextLine ID="line_35" HPOS="100" VPOS="1862" WIDTH="1506" HEIGHT="42">
							<String ID="string_352" HPOS="100" VPOS="1868" WIDTH="129" HEIGHT="36" WC="0.96" CONTENT="förslag"/><SP WIDTH="21" VPOS="1868" HPOS="229"/>
							<String ID="string_353" HPOS="250" VPOS="1867" WIDTH="200" HEIGHT="36" WC="0.96" CONTENT="godkändes"/><SP WIDTH="23" VPOS="1867" HPOS="450"/>
							<String ID="string_354" HPOS="473" VPOS="1876" WIDTH="41" HEIGHT="20" WC="0.96" CONTENT="av"/><SP WIDTH="21" VPOS="1876" HPOS="514"/>
							<String ID="string_355" HPOS="535" VPOS="1866" WIDTH="195" HEIGHT="36" WC="0.95" CONTENT="riksdagen,"/><SP WIDTH="23" VPOS="1866" HPOS="730"/>
							<String ID="string_356" HPOS="753" VPOS="1866" WIDTH="88" HEIGHT="29" WC="0.96" CONTENT="dock"/><SP WIDTH="21" VPOS="1866" HPOS="841"/>
							<String ID="string_357" HPOS="862" VPOS="1865" WIDTH="80" HEIGHT="29" WC="0.94" CONTENT="med"/><SP WIDTH="22" VPOS="1865" HPOS="942"/>
							<String ID="string_358" HPOS="964" VPOS="1865" WIDTH="56" HEIGHT="29" WC="0.94" CONTENT="det"/><SP WIDTH="21" VPOS="1865" HPOS="1020"/>
							<String ID="string_359" HPOS="1041" VPOS="1864" WIDTH="126" HEIGHT="35" WC="0.96" CONTENT="tillägg,"/><SP WIDTH="23" VPOS="1864" HPOS="1167"/>
							<String ID="string_360" HPOS="1190" VPOS="1866" WIDTH="48" HEIGHT="27" WC="0.96" CONTENT="att"/><SP WIDTH="21" VPOS="1866" HPOS="1238"/>
							<String ID="string_361" HPOS="1259" VPOS="1863" WIDTH="124" HEIGHT="30" WC="0.96" CONTENT="hinder"/><SP WIDTH="21" VPOS="1863" HPOS="1383"/>
							<String ID="string_362" HPOS="1404" VPOS="1862" WIDTH="75" HEIGHT="30" WC="0.96" CONTENT="icke"/><SP WIDTH="21" VPOS="1862" HPOS="1479"/>
							<String ID="string_363" HPOS="1500" VPOS="1862" WIDTH="106" HEIGHT="29" WC="0.96" CONTENT="borde"/>
						</TextLine>
						<TextLine ID="line_36" HPOS="100" VPOS="1912" WIDTH="1504" HEIGHT="42">
							<String ID="string_364" HPOS="100" VPOS="1918" WIDTH="166" HEIGHT="36" WC="0.96" CONTENT="föreligga"/><SP WIDTH="25" VPOS="1918" HPOS="266"/>
							<String ID="string_365" HPOS="291" VPOS="1918" WIDTH="54" HEIGHT="29" WC="0.96" CONTENT="för"/><SP WIDTH="26" VPOS="1918" HPOS="345"/>
							<String ID="string_366" HPOS="371" VPOS="1917" WIDTH="122" HEIGHT="35" WC="0.96" CONTENT="Kungl."/><SP WIDTH="28" VPOS="1917" HPOS="493"/>
							<String ID="string_367" HPOS="521" VPOS="1915" WIDTH="100" HEIGHT="37" WC="0.96" CONTENT="Maj:t"/><SP WIDTH="24" VPOS="1915" HPOS="621"/>
							<String ID="string_368" HPOS="645" VPOS="1919" WIDTH="49" HEIGHT="27" WC="0.96" CONTENT="att"/><SP WIDTH="25" VPOS="1919" HPOS="694"/>
							<String ID="string_369" HPOS="719" VPOS="1916" WIDTH="176" HEIGHT="29" WC="0.93" CONTENT="utsträcka"/><SP WIDTH="25" VPOS="1916" HPOS="895"/>
							<String ID="string_370" HPOS="920" VPOS="1914" WIDTH="365" HEIGHT="36" WC="0.91" CONTENT="hjälpverksamheten"/><SP WIDTH="27" VPOS="1914" HPOS="1285"/>
							<String ID="string_371" HPOS="1312" VPOS="1914" WIDTH="85" HEIGHT="29" WC="0.96" CONTENT="även"/><SP WIDTH="25" VPOS="1914" HPOS="1397"/>
							<String ID="string_372" HPOS="1422" VPOS="1912" WIDTH="50" HEIGHT="30" WC="0.95" CONTENT="till"/><SP WIDTH="26" VPOS="1912" HPOS="1472"/>
							<String ID="string_373" HPOS="1498" VPOS="1912" WIDTH="106" HEIGHT="30" WC="0.96" CONTENT="andra"/>
						</TextLine>
						<TextLine ID="line_37" HPOS="101" VPOS="1962" WIDTH="1504" HEIGHT="43">
							<String ID="string_374" HPOS="101" VPOS="1969" WIDTH="343" HEIGHT="36" WC="0.91" CONTENT="rysslandssvenskar"/><SP WIDTH="26" VPOS="1969" HPOS="444"/>
							<String ID="string_375" HPOS="470" VPOS="1967" WIDTH="65" HEIGHT="30" WC="0.96" CONTENT="och"/><SP WIDTH="25" VPOS="1967" HPOS="535"/>
							<String ID="string_376" HPOS="560" VPOS="1967" WIDTH="98" HEIGHT="29" WC="0.96" CONTENT="deras"/><SP WIDTH="27" VPOS="1967" HPOS="658"/>
							<String ID="string_377" HPOS="685" VPOS="1966" WIDTH="231" HEIGHT="30" WC="0.96" CONTENT="efterlevande"/><SP WIDTH="26" VPOS="1966" HPOS="916"/>
							<String ID="string_378" HPOS="942" VPOS="1966" WIDTH="44" HEIGHT="29" WC="0.96" CONTENT="än"/><SP WIDTH="26" VPOS="1966" HPOS="986"/>
							<String ID="string_379" HPOS="1012" VPOS="1964" WIDTH="140" HEIGHT="35" WC="0.96" CONTENT="sådana,"/><SP WIDTH="27" VPOS="1964" HPOS="1152"/>
							<String ID="string_380" HPOS="1179" VPOS="1973" WIDTH="74" HEIGHT="21" WC="0.96" CONTENT="som"/><SP WIDTH="26" VPOS="1973" HPOS="1253"/>
							<String ID="string_381" HPOS="1279" VPOS="1963" WIDTH="44" HEIGHT="30" WC="0.96" CONTENT="då"/><SP WIDTH="25" VPOS="1963" HPOS="1323"/>
							<String ID="string_382" HPOS="1348" VPOS="1972" WIDTH="80" HEIGHT="21" WC="0.93" CONTENT="vore"/><SP WIDTH="25" VPOS="1972" HPOS="1428"/>
							<String ID="string_383" HPOS="1453" VPOS="1962" WIDTH="152" HEIGHT="36" WC="0.90" CONTENT="registre-"/>
						</TextLine>
						<TextLine ID="line_38" HPOS="101" VPOS="2014" WIDTH="1106" HEIGHT="40">
							<String ID="string_384" HPOS="101" VPOS="2020" WIDTH="92" HEIGHT="34" WC="0.96" CONTENT="rade,"/><SP WIDTH="23" VPOS="2020" HPOS="193"/>
							<String ID="string_385" HPOS="216" VPOS="2019" WIDTH="66" HEIGHT="30" WC="0.96" CONTENT="och"/><SP WIDTH="23" VPOS="2019" HPOS="282"/>
							<String ID="string_386" HPOS="305" VPOS="2019" WIDTH="92" HEIGHT="29" WC="0.96" CONTENT="detta"/><SP WIDTH="23" VPOS="2019" HPOS="397"/>
							<String ID="string_387" HPOS="420" VPOS="2019" WIDTH="86" HEIGHT="28" WC="0.96" CONTENT="även"/><SP WIDTH="23" VPOS="2019" HPOS="506"/>
							<String ID="string_388" HPOS="529" VPOS="2026" WIDTH="56" HEIGHT="21" WC="0.96" CONTENT="om"/><SP WIDTH="24" VPOS="2026" HPOS="585"/>
							<String ID="string_389" HPOS="609" VPOS="2017" WIDTH="41" HEIGHT="30" WC="0.96" CONTENT="de"/><SP WIDTH="23" VPOS="2017" HPOS="650"/>
							<String ID="string_390" HPOS="673" VPOS="2017" WIDTH="75" HEIGHT="30" WC="0.96" CONTENT="icke"/><SP WIDTH="22" VPOS="2017" HPOS="748"/>
							<String ID="string_391" HPOS="770" VPOS="2026" WIDTH="79" HEIGHT="20" WC="0.96" CONTENT="vore"/><SP WIDTH="22" VPOS="2026" HPOS="849"/>
							<String ID="string_392" HPOS="871" VPOS="2016" WIDTH="134" HEIGHT="29" WC="0.96" CONTENT="bosatta"/><SP WIDTH="24" VPOS="2016" HPOS="1005"/>
							<String ID="string_393" HPOS="1029" VPOS="2015" WIDTH="10" HEIGHT="30" WC="0.96" CONTENT="i"/><SP WIDTH="24" VPOS="2015" HPOS="1039"/>
							<String ID="string_394" HPOS="1063" VPOS="2014" WIDTH="144" HEIGHT="36" WC="0.96" CONTENT="Sverige."/>
						</TextLine>
					</TextBlock>
					<TextBlock ID="block_4" HPOS="102" VPOS="2063" WIDTH="1505" HEIGHT="238">
						<TextLine ID="line_39" HPOS="145" VPOS="2063" WIDTH="1459" HEIGHT="39">
							<String ID="string_395" HPOS="145" VPOS="2070" WIDTH="68" HEIGHT="30" WC="0.92" CONTENT="För"/><SP WIDTH="21" VPOS="2070" HPOS="213"/>
							<String ID="string_396" HPOS="234" VPOS="2068" WIDTH="354" HEIGHT="31" WC="0.92" CONTENT="omhänderhavande"/><SP WIDTH="22" VPOS="2068" HPOS="588"/>
							<String ID="string_397" HPOS="610" VPOS="2077" WIDTH="42" HEIGHT="20" WC="0.96" CONTENT="av"/><SP WIDTH="22" VPOS="2077" HPOS="652"/>
							<String ID="string_398" HPOS="674" VPOS="2068" WIDTH="67" HEIGHT="29" WC="0.96" CONTENT="den"/><SP WIDTH="22" VPOS="2068" HPOS="741"/>
							<String ID="string_399" HPOS="763" VPOS="2067" WIDTH="150" HEIGHT="30" WC="0.92" CONTENT="avsedda"/><SP WIDTH="22" VPOS="2067" HPOS="913"/>
							<String ID="string_400" HPOS="935" VPOS="2066" WIDTH="364" HEIGHT="36" WC="0.35" CONTENT="hjälpverksamheten"/><SP WIDTH="24" VPOS="2066" HPOS="1299"/>
							<String ID="string_401" HPOS="1323" VPOS="2064" WIDTH="137" HEIGHT="30" WC="0.96" CONTENT="tillsatte"/><SP WIDTH="23" VPOS="2064" HPOS="1460"/>
							<String ID="string_402" HPOS="1483" VPOS="2063" WIDTH="121" HEIGHT="36" WC="0.95" CONTENT="Kungl."/>
						</TextLine>
						<TextLine ID="line_40" HPOS="102" VPOS="2113" WIDTH="1505" HEIGHT="43">
							<String ID="string_403" HPOS="102" VPOS="2120" WIDTH="99" HEIGHT="36" WC="0.96" CONTENT="Maj:t"/><SP WIDTH="20" VPOS="2120" HPOS="201"/>
							<String ID="string_404" HPOS="221" VPOS="2123" WIDTH="46" HEIGHT="27" WC="0.96" CONTENT="ett"/><SP WIDTH="19" VPOS="2123" HPOS="267"/>
							<String ID="string_405" HPOS="286" VPOS="2119" WIDTH="138" HEIGHT="30" WC="0.96" CONTENT="särskilt"/><SP WIDTH="20" VPOS="2119" HPOS="424"/>
							<String ID="string_406" HPOS="444" VPOS="2127" WIDTH="116" HEIGHT="27" WC="0.93" CONTENT="organ,"/><SP WIDTH="21" VPOS="2127" HPOS="560"/>
							<String ID="string_407" HPOS="581" VPOS="2118" WIDTH="386" HEIGHT="29" WC="0.91" CONTENT="understödsnämnden"/><SP WIDTH="23" VPOS="2118" HPOS="967"/>
							<String ID="string_408" HPOS="990" VPOS="2117" WIDTH="52" HEIGHT="29" WC="0.93" CONTENT="för"/><SP WIDTH="21" VPOS="2117" HPOS="1042"/>
							<String ID="string_409" HPOS="1063" VPOS="2116" WIDTH="354" HEIGHT="36" WC="0.91" CONTENT="rysslandssvenskar,"/><SP WIDTH="22" VPOS="2116" HPOS="1417"/>
							<String ID="string_410" HPOS="1439" VPOS="2113" WIDTH="168" HEIGHT="37" WC="0.95" CONTENT="varjämte"/>
						</TextLine>
						<TextLine ID="line_41" HPOS="104" VPOS="2165" WIDTH="1502" HEIGHT="41">
							<String ID="string_411" HPOS="104" VPOS="2171" WIDTH="121" HEIGHT="35" WC="0.96" CONTENT="Kungl."/><SP WIDTH="31" VPOS="2171" HPOS="225"/>
							<String ID="string_412" HPOS="256" VPOS="2169" WIDTH="110" HEIGHT="37" WC="0.96" CONTENT="Maj:t,"/><SP WIDTH="29" VPOS="2169" HPOS="366"/>
							<String ID="string_413" HPOS="395" VPOS="2170" WIDTH="9" HEIGHT="29" WC="0.96" CONTENT="i"/><SP WIDTH="28" VPOS="2170" HPOS="404"/>
							<String ID="string_414" HPOS="432" VPOS="2169" WIDTH="198" HEIGHT="35" WC="0.96" CONTENT="anslutning"/><SP WIDTH="27" VPOS="2169" HPOS="630"/>
							<String ID="string_415" HPOS="657" VPOS="2168" WIDTH="51" HEIGHT="30" WC="0.96" CONTENT="till"/><SP WIDTH="29" VPOS="2168" HPOS="708"/>
							<String ID="string_416" HPOS="737" VPOS="2169" WIDTH="41" HEIGHT="29" WC="0.96" CONTENT="de"/><SP WIDTH="28" VPOS="2169" HPOS="778"/>
							<String ID="string_417" HPOS="806" VPOS="2168" WIDTH="57" HEIGHT="30" WC="0.96" CONTENT="vid"/><SP WIDTH="29" VPOS="2168" HPOS="863"/>
							<String ID="string_418" HPOS="892" VPOS="2167" WIDTH="139" HEIGHT="36" WC="0.96" CONTENT="frågans"/><SP WIDTH="29" VPOS="2167" HPOS="1031"/>
							<String ID="string_419" HPOS="1060" VPOS="2166" WIDTH="211" HEIGHT="35" WC="0.96" CONTENT="behandling"/><SP WIDTH="29" VPOS="2166" HPOS="1271"/>
							<String ID="string_420" HPOS="1300" VPOS="2165" WIDTH="94" HEIGHT="30" WC="0.95" CONTENT="inom"/><SP WIDTH="29" VPOS="2165" HPOS="1394"/>
							<String ID="string_421" HPOS="1423" VPOS="2165" WIDTH="183" HEIGHT="35" WC="0.96" CONTENT="riksdagen"/>
						</TextLine>
						<TextLine ID="line_42" HPOS="102" VPOS="2214" WIDTH="1504" HEIGHT="42">
							<String ID="string_422" HPOS="102" VPOS="2221" WIDTH="193" HEIGHT="30" WC="0.96" CONTENT="framförda"/><SP WIDTH="22" VPOS="2221" HPOS="295"/>
							<String ID="string_423" HPOS="317" VPOS="2221" WIDTH="260" HEIGHT="35" WC="0.93" CONTENT="synpunkterna"/><SP WIDTH="21" VPOS="2221" HPOS="577"/>
							<String ID="string_424" HPOS="598" VPOS="2219" WIDTH="20" HEIGHT="30" WC="0.91" CONTENT="å"/><SP WIDTH="21" VPOS="2219" HPOS="618"/>
							<String ID="string_425" HPOS="639" VPOS="2219" WIDTH="381" HEIGHT="37" WC="0.90" CONTENT="hjälpverksamhetens"/><SP WIDTH="22" VPOS="2219" HPOS="1020"/>
							<String ID="string_426" HPOS="1042" VPOS="2217" WIDTH="183" HEIGHT="35" WC="0.96" CONTENT="utövande,"/><SP WIDTH="23" VPOS="2217" HPOS="1225"/>
							<String ID="string_427" HPOS="1248" VPOS="2216" WIDTH="191" HEIGHT="30" WC="0.96" CONTENT="fastställde"/><SP WIDTH="22" VPOS="2216" HPOS="1439"/>
							<String ID="string_428" HPOS="1461" VPOS="2214" WIDTH="145" HEIGHT="31" WC="0.96" CONTENT="direktiv"/>
						</TextLine>
						<TextLine ID="line_43" HPOS="104" VPOS="2270" WIDTH="520" HEIGHT="31">
							<String ID="string_429" HPOS="104" VPOS="2272" WIDTH="53" HEIGHT="29" WC="0.96" CONTENT="för"/><SP WIDTH="22" VPOS="2272" HPOS="157"/>
							<String ID="string_430" HPOS="179" VPOS="2271" WIDTH="194" HEIGHT="30" WC="0.95" CONTENT="nämndens"/><SP WIDTH="23" VPOS="2271" HPOS="373"/>
							<String ID="string_431" HPOS="396" VPOS="2270" WIDTH="228" HEIGHT="30" WC="0.96" CONTENT="verksamhet."/>
						</TextLine>
					</TextBlock>
					<TextBlock ID="block_5" HPOS="102" VPOS="2314" WIDTH="1506" HEIGHT="193">
						<TextLine ID="line_44" HPOS="147" VPOS="2314" WIDTH="1461" HEIGHT="42">
							<String ID="string_432" HPOS="147" VPOS="2321" WIDTH="13" HEIGHT="29" WC="0.95" CONTENT="I"/><SP WIDTH="21" VPOS="2321" HPOS="160"/>
							<String ID="string_433" HPOS="181" VPOS="2321" WIDTH="235" HEIGHT="35" WC="0.96" CONTENT="föreliggande"/><SP WIDTH="21" VPOS="2321" HPOS="416"/>
							<String ID="string_434" HPOS="437" VPOS="2320" WIDTH="168" HEIGHT="29" WC="0.96" CONTENT="motioner"/><SP WIDTH="21" VPOS="2320" HPOS="605"/>
							<String ID="string_435" HPOS="626" VPOS="2320" WIDTH="63" HEIGHT="28" WC="0.96" CONTENT="har"/><SP WIDTH="21" VPOS="2320" HPOS="689"/>
							<String ID="string_436" HPOS="710" VPOS="2328" WIDTH="47" HEIGHT="20" WC="0.91" CONTENT="nu"/><SP WIDTH="19" VPOS="2328" HPOS="757"/>
							<String ID="string_437" HPOS="776" VPOS="2336" WIDTH="43" HEIGHT="2" WC="0.91" CONTENT="—"/><SP WIDTH="18" VPOS="2336" HPOS="819"/>
							<String ID="string_438" HPOS="837" VPOS="2319" WIDTH="110" HEIGHT="28" WC="0.96" CONTENT="under"/><SP WIDTH="21" VPOS="2319" HPOS="947"/>
							<String ID="string_439" HPOS="968" VPOS="2317" WIDTH="220" HEIGHT="35" WC="0.95" CONTENT="åberopande"/><SP WIDTH="21" VPOS="2317" HPOS="1188"/>
							<String ID="string_440" HPOS="1209" VPOS="2316" WIDTH="106" HEIGHT="29" WC="0.96" CONTENT="bland"/><SP WIDTH="22" VPOS="2316" HPOS="1315"/>
							<String ID="string_441" HPOS="1337" VPOS="2318" WIDTH="105" HEIGHT="27" WC="0.96" CONTENT="annat"/><SP WIDTH="20" VPOS="2318" HPOS="1442"/>
							<String ID="string_442" HPOS="1462" VPOS="2325" WIDTH="43" HEIGHT="19" WC="0.95" CONTENT="av"/><SP WIDTH="21" VPOS="2325" HPOS="1505"/>
							<String ID="string_443" HPOS="1526" VPOS="2314" WIDTH="82" HEIGHT="30" WC="0.96" CONTENT="visst"/>
						</TextLine>
						<TextLine ID="line_45" HPOS="103" VPOS="2365" WIDTH="1504" HEIGHT="36">
							<String ID="string_444" HPOS="103" VPOS="2374" WIDTH="81" HEIGHT="27" WC="0.92" CONTENT="utav"/><SP WIDTH="24" VPOS="2374" HPOS="184"/>
							<String ID="string_445" HPOS="208" VPOS="2371" WIDTH="233" HEIGHT="29" WC="0.92" CONTENT="omförmälda"/><SP WIDTH="26" VPOS="2371" HPOS="441"/>
							<String ID="string_446" HPOS="467" VPOS="2369" WIDTH="339" HEIGHT="30" WC="0.91" CONTENT="understödsnämnd"/><SP WIDTH="25" VPOS="2369" HPOS="806"/>
							<String ID="string_447" HPOS="831" VPOS="2369" WIDTH="132" HEIGHT="29" WC="0.96" CONTENT="lämnat"/><SP WIDTH="25" VPOS="2369" HPOS="963"/>
							<String ID="string_448" HPOS="988" VPOS="2367" WIDTH="156" HEIGHT="30" WC="0.95" CONTENT="material"/><SP WIDTH="25" VPOS="2367" HPOS="1144"/>
							<String ID="string_449" HPOS="1169" VPOS="2366" WIDTH="9" HEIGHT="30" WC="0.96" CONTENT="i"/><SP WIDTH="27" VPOS="2366" HPOS="1178"/>
							<String ID="string_450" HPOS="1205" VPOS="2366" WIDTH="97" HEIGHT="35" WC="0.96" CONTENT="fråga"/><SP WIDTH="25" VPOS="2366" HPOS="1302"/>
							<String ID="string_451" HPOS="1327" VPOS="2375" WIDTH="57" HEIGHT="20" WC="0.96" CONTENT="om"/><SP WIDTH="25" VPOS="2375" HPOS="1384"/>
							<String ID="string_452" HPOS="1409" VPOS="2366" WIDTH="76" HEIGHT="29" WC="0.92" CONTENT="dess"/><SP WIDTH="26" VPOS="2366" HPOS="1485"/>
							<String ID="string_453" HPOS="1511" VPOS="2365" WIDTH="96" HEIGHT="29" WC="0.92" CONTENT="verk-"/>
						</TextLine>
						<TextLine ID="line_46" HPOS="102" VPOS="2415" WIDTH="1506" HEIGHT="41">
							<String ID="string_454" HPOS="102" VPOS="2422" WIDTH="135" HEIGHT="30" WC="0.93" CONTENT="samhet"/><SP WIDTH="19" VPOS="2422" HPOS="237"/>
							<String ID="string_455" HPOS="256" VPOS="2438" WIDTH="44" HEIGHT="3" WC="0.92" CONTENT="—"/><SP WIDTH="19" VPOS="2438" HPOS="300"/>
							<String ID="string_456" HPOS="319" VPOS="2420" WIDTH="106" HEIGHT="36" WC="0.95" CONTENT="gjorts"/><SP WIDTH="21" VPOS="2420" HPOS="425"/>
							<String ID="string_457" HPOS="446" VPOS="2420" WIDTH="168" HEIGHT="35" WC="0.96" CONTENT="gällande,"/><SP WIDTH="21" VPOS="2420" HPOS="614"/>
							<String ID="string_458" HPOS="635" VPOS="2422" WIDTH="49" HEIGHT="27" WC="0.96" CONTENT="att"/><SP WIDTH="21" VPOS="2422" HPOS="684"/>
							<String ID="string_459" HPOS="705" VPOS="2419" WIDTH="66" HEIGHT="30" WC="0.96" CONTENT="den"/><SP WIDTH="21" VPOS="2419" HPOS="771"/>
							<String ID="string_460" HPOS="792" VPOS="2418" WIDTH="210" HEIGHT="35" WC="0.96" CONTENT="tillgängliga"/><SP WIDTH="22" VPOS="2418" HPOS="1002"/>
							<String ID="string_461" HPOS="1024" VPOS="2417" WIDTH="106" HEIGHT="36" WC="0.95" CONTENT="årliga"/><SP WIDTH="22" VPOS="2417" HPOS="1130"/>
							<String ID="string_462" HPOS="1152" VPOS="2416" WIDTH="248" HEIGHT="35" WC="0.96" CONTENT="avkastningen"/><SP WIDTH="22" VPOS="2416" HPOS="1400"/>
							<String ID="string_463" HPOS="1422" VPOS="2425" WIDTH="42" HEIGHT="20" WC="0.92" CONTENT="av"/><SP WIDTH="20" VPOS="2425" HPOS="1464"/>
							<String ID="string_464" HPOS="1484" VPOS="2415" WIDTH="124" HEIGHT="30" WC="0.92" CONTENT="under-"/>
						</TextLine>
						<TextLine ID="line_47" HPOS="103" VPOS="2465" WIDTH="1505" HEIGHT="42">
							<String ID="string_465" HPOS="103" VPOS="2472" WIDTH="226" HEIGHT="31" WC="0.91" CONTENT="stödsfonden"/><SP WIDTH="23" VPOS="2472" HPOS="329"/>
							<String ID="string_466" HPOS="352" VPOS="2472" WIDTH="54" HEIGHT="29" WC="0.93" CONTENT="för"/><SP WIDTH="23" VPOS="2472" HPOS="406"/>
							<String ID="string_467" HPOS="429" VPOS="2470" WIDTH="343" HEIGHT="37" WC="0.92" CONTENT="rysslandssvenskar"/><SP WIDTH="23" VPOS="2470" HPOS="772"/>
							<String ID="string_468" HPOS="795" VPOS="2469" WIDTH="188" HEIGHT="35" WC="0.92" CONTENT="ingalunda"/><SP WIDTH="24" VPOS="2469" HPOS="983"/>
							<String ID="string_469" HPOS="1007" VPOS="2468" WIDTH="147" HEIGHT="36" WC="0.91" CONTENT="försloge"/><SP WIDTH="26" VPOS="2468" HPOS="1154"/>
							<String ID="string_470" HPOS="1180" VPOS="2468" WIDTH="52" HEIGHT="29" WC="0.96" CONTENT="för"/><SP WIDTH="24" VPOS="2468" HPOS="1232"/>
							<String ID="string_471" HPOS="1256" VPOS="2467" WIDTH="56" HEIGHT="29" WC="0.96" CONTENT="det"/><SP WIDTH="24" VPOS="2467" HPOS="1312"/>
							<String ID="string_472" HPOS="1336" VPOS="2465" WIDTH="174" HEIGHT="36" WC="0.93" CONTENT="ändamål,"/><SP WIDTH="24" VPOS="2465" HPOS="1510"/>
							<String ID="string_473" HPOS="1534" VPOS="2474" WIDTH="74" HEIGHT="21" WC="0.90" CONTENT="var-"/>
						</TextLine>
					</TextBlock>
				</ComposedBlock>
				<ComposedBlock ID="cblock_4" HPOS="1653" VPOS="1306" WIDTH="128" HEIGHT="25">
					<TextBlock ID="block_6" HPOS="1653" VPOS="1306" WIDTH="128" HEIGHT="25">
						<TextLine ID="line_48" HPOS="1653" VPOS="1306" WIDTH="128" HEIGHT="25">
							<String ID="string_474" HPOS="1653" VPOS="1306" WIDTH="128" HEIGHT="25" WC="0.96" CONTENT="Utskottet."/>
						</TextLine>
					</TextBlock>
				</ComposedBlock>
			</PrintSpace>
		</Page>
	</Layout>
</alto>
