1864 2784
539 154 312 31 Bankoutskottets
878 154 178 30 utlåtande
1082 163 42 20 nr
1148 153 51 29 33.
1604 147 18 29 5

1447 283 128 39 Bilaga.

759 433 230 43 Förslag

845 519 52 30 till

225 615 156 33 ändrad
407 614 151 43 lydelse
583 625 49 21 av
654 612 20 43 $
698 614 32 39 3,
753 611 19 44 $
796 613 43 32 16
865 622 118 23 mom.
1007 612 19 32 7
1050 614 104 30 samt
1177 609 41 44 $$
1243 611 52 39 17,
1319 610 43 32 18
1385 608 73 33 och
1476 608 41 32 37

680 673 408 43 bankoreglementet.

298 770 208 31 Nuvarande
534 769 138 40 lydelse.

452 829 15 36 $
494 829 29 30 3.

165 880 224 31 Riksbanken
414 881 88 30 skall
525 880 90 30 hava
637 878 216 40 avdelnings-

121 923 126 29 kontor
272 923 19 30 å
317 922 157 40 följande
500 922 145 40 platser:
674 920 178 39 Göteborg,

121 964 137 35 Malmö,
279 965 122 32 Falun,
422 963 112 35 Gävle,
555 963 192 33 Halmstad,
768 962 86 30 Här-

121 1008 144 32 nösand,
305 1006 210 40 Jönköping,
556 1006 153 35 Kalmar,
738 1005 116 29 Karls-

122 1049 119 34 krona,
264 1049 172 34 Karlstad,
460 1047 246 33 Kristianstad,
728 1047 126 29 Linkö-

120 1091 93 39 ping,
245 1091 115 29 Luleå,
394 1090 196 34 Mariestad,
622 1088 230 40 Norrköping,

120 1133 194 39 Nyköping,
335 1131 196 37 Sundsvall,
552 1131 119 33 Umeå,
692 1131 161 40 Uppsala,

121 1175 116 39 Visby,
269 1175 228 39 Vänersborg,
528 1174 174 34 Västerås,
732 1172 121 40 Växjö,

121 1215 139 36 Örebro,
289 1215 203 32 Östersund.

440 1274 16 37 $
488 1274 49 30 16.

167 1326 102 29 Mom.
303 1326 27 29 7.
363 1325 213 39 Fullmäktig
609 1326 79 38 äger
720 1326 49 29 att
800 1324 54 30 för

122 1377 76 21 resa
225 1378 73 19 som
324 1369 70 28 han
421 1368 54 29 för
500 1367 204 38 deltagande
731 1367 10 28 i
765 1375 90 20 sam-

121 1410 182 29 manträde
334 1410 81 29 med
443 1408 221 41 fullmäktige
695 1408 82 30 eller
806 1407 49 31 di-

125 1450 181 31 rektionen
345 1452 173 38 företager
556 1451 80 29 från
674 1451 181 28 hemorten

125 1494 83 29 eller
236 1496 61 32 ort,
327 1495 62 31 där
417 1494 70 29 han
514 1493 107 30 vistas
650 1493 55 29 för
732 1492 123 39 fullgö-

125 1537 107 29 rande
251 1545 41 20 av
310 1535 177 40 offentligt
506 1536 168 38 uppdrag,
694 1536 89 28 samt
801 1534 54 29 för

126 1579 151 29 återresa
305 1579 165 28 ävensom
502 1577 57 30 vid
585 1585 76 21 resa
690 1576 92 29 inom
812 1575 44 30 ri-

126 1620 59 30 ket
224 1620 55 39 för
317 1618 215 41 förrättning
573 1619 11 29 i
624 1618 231 30 riksbankens

125 1662 162 35 ärenden,
317 1662 140 39 åtnjuta
486 1661 371 30 resekostnadsersätt-

125 1704 85 39 ning
229 1704 105 38 enligt
353 1703 172 30 reseklass
544 1703 15 29 I
579 1704 11 28 i
608 1703 177 30 allmänna
805 1711 51 20 re-

123 1745 274 39 sereglementet.
414 1744 88 39 äger
515 1743 203 42 fullmäktig
733 1745 11 29 i
759 1752 98 31 egen-

125 1788 88 39 skap
231 1798 41 20 av
289 1788 152 30 ledamot
457 1797 42 20 av
515 1787 186 39 riksdagen
717 1787 71 29 rätt
806 1786 51 29 till

125 1830 47 39 fri
200 1840 74 21 resa
302 1831 19 29 å
348 1831 157 38 järnväg,
533 1829 92 30 skall
652 1829 56 30 vid
735 1829 122 30 ersätt-

124 1872 147 38 ningens
304 1871 192 39 beräkning
526 1872 129 37 avdrag
685 1871 60 29 ske
776 1871 80 29 med

126 1914 132 38 belopp,
304 1913 142 30 varmed
490 1912 270 31 resekostnaden
805 1911 52 30 till

124 1956 92 39 följd
234 1956 107 29 härav
360 1955 168 31 minskas.

170 1996 223 40 Fullmäktig,
432 2006 73 20 som
544 1997 39 29 är
620 1996 114 30 bosatt
760 1998 95 27 utom

125 2039 212 37 Stockholm,
369 2040 82 38 äger
481 2039 183 39 därjämte,
695 2038 44 30 då
768 2038 89 29 riks-

125 2082 110 38 dagen
254 2082 33 39 ej
302 2081 112 30 håller
429 2080 144 36 session,
591 2081 156 39 uppbära
765 2079 92 31 trak-

126 2122 347 38 tamentsersättning
488 2122 106 39 enligt
611 2123 246 29 traktaments-

127 2165 94 29 klass
246 2164 22 29 A
299 2166 10 28 i
333 2165 154 29 nämnda
514 2165 207 38 reglemente
747 2165 111 28 under

127 2207 58 31 tid,
208 2217 72 19 som
305 2208 68 29 han
396 2208 57 37 för
473 2206 220 39 fullgörande
714 2216 42 19 av
776 2206 81 39 full-

126 2249 348 39 mäktigeuppdraget
515 2248 148 29 behöver
702 2248 104 29 vistas
847 2248 10 28 i

125 2291 212 29 Stockholm.
368 2290 73 29 Vad
469 2299 44 19 nu
543 2291 93 36 sagts
664 2289 91 29 skall
781 2289 74 29 icke

125 2333 64 36 äga
211 2332 221 39 tillämpning
450 2332 20 29 å
489 2332 245 38 deputeraden.

172 2372 451 39 Traktamentsersättning,
643 2382 73 20 som
739 2373 10 28 i
767 2373 90 38 före-

125 2415 130 38 gående
274 2415 118 38 stycke
411 2416 88 37 sägs,
518 2415 91 29 skall
626 2415 132 39 jämväl
775 2414 81 38 utgå

128 2457 51 30 till
195 2457 202 39 fullmäktig
416 2457 56 30 vid
489 2467 75 20 resa
584 2458 92 28 inom
696 2457 89 28 riket
801 2457 56 38 för

1073 766 206 39 Föreslagen
1301 765 140 40 lydelse.

1223 824 15 36 $
1264 824 28 31 3.

938 877 224 30 Riksbanken
1186 876 87 30 skall
1295 876 90 29 hava
1407 873 217 41 avdelnings-

892 919 127 30 kontor
1044 919 19 29 å
1089 918 156 39 följande
1271 918 145 39 platser:
1444 916 179 39 Göteborg,

893 961 137 35 Malmö,
1051 961 121 33 Falun,
1193 960 111 34 Gävle,
1324 959 194 33 Halmstad,
1537 958 87 30 Här-

896 1004 145 32 nösand,
1076 1002 209 40 Jönköping,
1319 1001 154 32 Kalmar,
1507 1000 117 30 Karls-

898 1047 119 30 krona,
1053 1045 173 33 Karlstad,
1262 1043 246 34 Kristianstad,
1542 1042 81 29 Lin-

894 1087 138 40 köping,
1061 1087 116 32 Luleå,
1206 1086 197 35 Mariestad,
1430 1084 194 40 Nyköping,

896 1130 116 33 Umeå,
1047 1129 162 39 Uppsala,
1243 1128 116 39 Visby,
1394 1127 230 39 Vänersborg,

894 1171 173 34 Västerås,
1098 1171 122 40 Växjö,
1251 1168 139 37 Örebro,
1422 1168 202 31 Östersund.

1214 1271 15 36 $
1255 1271 48 30 16.

939 1323 102 29 Mom.
1075 1323 27 29 7.
1136 1322 212 39 Fullmäktig
1380 1322 79 38 äger
1490 1321 49 29 att
1570 1321 54 29 för

895 1375 85 24 resa,
1014 1375 72 20 som
1119 1366 69 28 han
1220 1365 53 29 för
1303 1362 220 41 fullgörande
1582 1371 42 20 av

895 1407 398 39 fullmäktiguppdraget
1324 1405 83 29 eller"
1439 1404 99 40 eljest
1568 1404 58 39 för

895 1449 231 29 riksbankens
1160 1448 148 38 räkning
1341 1447 172 39 företager
1545 1446 80 30 från

894 1492 180 28 hemorten
1095 1491 81 29 eller
1195 1490 62 35 ort,
1277 1491 62 29 där
1357 1490 70 28 han
1445 1489 106 29 vistas
1571 1488 54 30 för

895 1534 218 38 fullgörande
1156 1542 41 21 av
1239 1531 176 38 offentligt
1457 1531 167 39 uppdrag,

896 1578 89 27 samt
1017 1576 53 29 för
1102 1575 153 29 återresa
1284 1573 140 39 åtnjuta
1455 1572 171 29 resekost-

894 1616 285 39 nadsersättning
1205 1616 72 36 och,
1304 1616 81 29 med
1411 1615 56 29 det
1493 1614 134 30 undan-

896 1661 56 37 tag
972 1669 73 20 som
1068 1660 10 28 i
1098 1659 110 29 andra
1229 1657 136 39 stycket
1385 1657 89 39 sägs,
1497 1656 129 30 trakta-

898 1703 114 28 mente
1043 1702 164 29 ävensom
1241 1700 196 38 ersättning
1468 1699 11 28 i
1508 1698 115 39 övrigt

896 1743 106 39 enligt
1045 1742 307 30 bestämmelserna
1396 1742 10 28 i
1448 1740 177 30 allmänna

895 1785 302 39 resereglementet
1231 1783 90 37 eller,
1357 1784 66 29 när
1455 1783 98 39 fråga
1588 1783 39 28 är

896 1837 55 19 om
996 1828 131 29 utrikes
1171 1836 84 25 resa,
1300 1824 327 39 utlandsreseregle-

895 1871 139 33 mentet,
1060 1869 123 29 därvid
1204 1867 203 40 fullmäktig
1429 1867 90 30 skall
1540 1867 87 29 hän-

893 1912 96 37 föras
1017 1911 50 30 till
1093 1920 88 20 rese-
1207 1910 62 29 och
1296 1908 330 30 traktamentsklass

895 1953 14 29 I
938 1952 38 30 A.
1006 1952 213 39 Fullmäktig
1248 1953 38 28 är
1315 1952 90 29 dock
1434 1950 194 39 berättigad

896 1995 51 28 till
972 1995 193 38 ersättning
1188 1995 55 39 för
1267 2002 75 20 resa
1368 1994 80 29 med
1469 1992 156 40 flygplan

895 2037 82 29 eller
1001 2038 79 29 med
1104 2046 82 29 egen
1214 2036 46 29 bil
1282 2037 87 28 även
1394 2045 55 20 om
1475 2035 92 29 detta
1593 2034 35 39 ej

893 2079 106 39 följer
1018 2089 41 19 av
1080 2078 306 30 bestämmelserna
1407 2078 10 28 i
1435 2078 99 29 dessa
1553 2085 74 30 reg-

899 2121 182 29 lementen.

940 2164 66 27 För
1035 2162 198 30 bevistande
1261 2171 41 20 av
1328 2160 260 30 sammanträde
1617 2159 11 29 i

894 2204 200 30 Stockholm
1133 2204 79 28 med
1245 2203 232 40 fullmäktige,
1514 2202 113 29 direk-

897 2246 115 29 tionen
1056 2247 82 28 eller
1181 2245 320 38 industristyrelsen
1545 2245 82 28 eller

894 2289 57 37 för
990 2297 115 20 annan
1146 2287 212 39 förrättning
1399 2286 81 29 eller
1519 2286 107 29 annat

895 2331 157 37 uppdrag
1088 2330 180 29 därstädes
1302 2329 56 38 för
1396 2327 230 29 riksbankens

896 2372 148 37 räkning
1069 2370 91 30 skall
1187 2370 231 29 traktamente
1445 2370 73 28 icke
1545 2370 82 37 utgå

897 2413 52 29 till
979 2413 245 39 deputeraden,
1256 2413 62 28 och
1352 2413 111 28 under
1494 2412 57 34 tid,
1583 2412 44 28 då

897 2455 182 38 riksdagen
1110 2455 110 29 håller
1246 2454 143 35 session,
1419 2454 73 30 icke
1519 2453 109 29 heller
