2236 2648
425 187 19 31 6
813 183 361 43 Bevillningsutskottets
1198 182 193 32 betänkande
1414 181 51 32 Nr
1487 182 53 31 206.

511 264 62 35 Nu
611 263 106 36 torde
748 262 63 37 det
837 275 91 23 vara
956 261 115 49 givet,
1101 267 55 30 att
1184 261 220 36 underlåten
1432 259 320 49 skattebetalning
1780 258 74 36 kan
1882 258 100 36 hava

384 317 57 35 sin
479 315 127 49 grund
633 314 14 36 i
673 327 45 23 en
759 313 196 49 mångfald
997 313 100 36 olika
1141 312 259 37 förhållanden
1428 325 47 22 av
1503 311 71 36 vitt
1602 310 123 37 skilda
1752 310 92 47 slag.
1900 309 82 36 Den

383 368 74 35 kan
485 368 91 35 bero
605 369 48 46 på
681 366 207 48 oförmåga,
918 378 80 23 som
1026 364 173 36 härleder
1226 363 60 49 sig
1314 377 47 22 av
1389 369 77 31 stor
1494 361 366 50 försörjningsplikt,
1881 361 106 49 sjuk-

383 419 98 47 dom,
512 418 248 36 arbetslöshet
783 418 90 35 eller
893 417 117 36 andra
1029 429 48 23 av
1096 416 74 36 den
1189 415 279 48 skattskyldige
1487 415 81 36 icke
1588 413 209 37 förvållade
1816 413 169 36 orsaker.

382 470 303 37 Försummelsen
725 469 73 36 kan
841 468 163 48 givetvis
1046 468 114 36 också
1201 467 86 37 bero
1316 470 48 45 på
1392 466 273 47 förhållanden,
1696 465 58 36 för
1781 464 103 37 vilka
1912 464 72 36 den

383 522 279 48 skattskyldige
689 521 67 36 bär
785 520 172 47 skulden,
985 520 146 36 kanske
1159 532 138 36 genom
1327 519 198 48 oförmåga
1548 523 55 31 att
1622 517 168 48 måttligt
1809 516 176 48 begagna

384 574 268 49 spritdrycker.
697 572 86 36 Men
812 575 126 45 någon
965 572 233 49 presumtion
1227 571 58 36 för
1314 576 54 30 att
1393 569 188 37 missbruk
1602 582 46 23 av
1667 569 139 36 sådana
1825 568 160 49 drycker

384 625 119 37 skulle
545 629 138 44 utgöra
722 623 256 49 huvudsaklig
1017 622 91 37 eller
1149 636 66 23 ens
1255 622 235 47 bidragande
1519 621 111 36 orsak
1659 620 107 37 torde
1795 619 189 49 svårligen

384 677 132 36 kunna
545 689 110 23 anses
682 675 107 49 ligga
817 676 12 35 i
857 675 121 49 själva
1005 674 302 37 försummelsen.

513 728 196 37 Utskottet
749 727 68 36 har
858 726 154 37 sålunda
1054 726 136 46 funnit,
1220 731 54 30 att
1302 725 73 36 den
1403 725 224 47 ifrågasatta
1653 723 128 49 regeln
1810 735 61 24 om
1901 722 87 36 full-

384 781 109 48 gjord
537 779 222 49 skatteplikt
800 781 123 33 såsom
961 778 138 36 villkor
1131 778 60 35 för
1217 782 74 31 rätt
1319 783 55 30 att
1401 776 140 49 inköpa
1569 776 185 36 brännvin
1781 775 84 36 icke
1892 774 98 36 låter

385 832 159 36 inordna
573 832 60 47 sig
659 830 117 37 under
804 830 73 36 den
906 830 158 36 ledande
1087 828 270 50 grundtanken
1379 828 55 36 för
1453 828 72 36 den
1544 827 246 36 individuella
1809 824 177 48 kontroll,

386 897 79 23 som
507 883 122 48 enligt
670 882 176 48 gällande
883 881 245 49 lagstiftning
1155 881 95 36 skall
1278 885 132 31 utövas
1439 893 46 22 av
1513 877 474 49 brännvinsförsäljnings-

386 936 175 48 bolagen.
618 935 176 35 Tvärtom
824 946 113 36 synes
965 933 64 36 det
1057 932 165 36 nämnda
1244 932 194 36 villkorets
1458 930 262 50 uppställande
1739 933 122 33 såsom
1880 928 107 48 regel

388 1000 87 23 vara
510 1000 46 22 ur
593 986 242 49 synpunkten
874 999 46 22 av
948 984 270 49 nykterhetens
1245 983 259 49 befrämjande
1532 982 174 48 skäligen
1733 981 257 49 godtyckligt.

515 1038 181 36 Däremot
732 1037 68 36 bör
837 1037 224 36 försummat
1094 1035 239 48 fullgörande
1361 1048 46 22 av
1436 1034 222 49 skatteplikt
1684 1033 12 36 i
1723 1032 172 37 enskilda
1922 1031 66 36 fall

387 1091 128 35 kunna
551 1090 90 47 giva
681 1088 205 48 anledning
923 1088 56 35 till
1006 1086 299 49 undersökning,
1334 1085 188 37 huruvida
1550 1085 162 36 orsaken
1739 1085 76 35 kan
1844 1083 105 49 ligga
1976 1083 14 35 i

388 1140 303 51 spritmissbruk,
719 1140 69 36 och
816 1139 65 36 vid
910 1139 71 36 den
1008 1138 247 36 individuella
1282 1137 234 36 kontrollens
1544 1136 191 37 utövande
1762 1137 69 36 har
1850 1135 139 36 bränn-

388 1191 446 50 vinsförsäljningsbolag
866 1191 162 48 givetvis
1056 1190 149 36 tillfälle
1234 1194 64 42 att,
1327 1195 91 30 utan
1447 1194 54 30 att
1533 1187 163 37 särskild
1724 1186 265 38 bestämmelse

387 1245 131 36 härom
549 1243 201 46 meddelas,
780 1248 90 43 taga
898 1242 159 48 behörig
1084 1242 148 49 hänsyn
1260 1241 56 36 till
1345 1243 47 46 på
1412 1240 134 37 sådant
1566 1244 74 32 sätt
1659 1238 214 49 ådagalagd
1893 1238 100 36 oför-

388 1299 113 46 måga
530 1300 56 31 att
613 1294 200 37 handhava
842 1293 268 50 spritdrycker.

516 1348 54 36 På
599 1347 124 48 grund
752 1360 47 22 av
827 1346 74 36 vad
930 1345 157 37 sålunda
1116 1345 142 36 anförts
1287 1349 41 31 är
1356 1345 73 46 det,
1453 1344 122 48 enligt
1595 1342 204 37 utskottets
1820 1341 173 48 mening,

388 1400 141 36 varken
557 1399 166 49 påkallat
751 1398 91 36 eller
871 1397 174 49 lämpligt
1073 1402 57 31 att
1149 1397 12 35 i
1181 1396 271 49 nykterhetens
1476 1396 158 35 intresse
1655 1393 188 37 fastställa
1864 1395 125 34 såsom

388 1452 116 48 regel,
548 1456 55 30 att
643 1449 181 49 fullgjord
867 1448 222 49 skatteplikt
1123 1448 97 36 skall
1252 1453 140 43 utgöra
1418 1447 135 36 villkor
1581 1447 58 35 för
1666 1450 73 31 rätt
1767 1450 55 31 att
1850 1444 141 49 inköpa

388 1503 201 36 brännvin.
645 1502 136 36 Därför
822 1501 75 36 kan
931 1500 194 47 utskottet,
1161 1513 94 32 som,
1284 1499 121 48 enligt
1432 1499 73 35 vad
1533 1511 98 23 ovan
1660 1497 178 48 angivits,
1867 1501 125 31 ansett

390 1556 59 47 sig
476 1554 93 37 böra
598 1553 157 37 bedöma
782 1552 63 37 det
874 1551 262 50 föreliggande
1164 1551 182 49 förslaget
1373 1550 240 37 uteslutande
1642 1548 86 37 med
1755 1548 150 49 hänsyn
1932 1547 59 36 till

390 1607 85 36 dess
517 1605 117 37 värde
674 1619 43 22 ur
757 1603 432 50 nykterhetssynpunkt,
1222 1602 81 37 icke
1331 1602 160 47 förorda,
1521 1608 54 29 att
1604 1600 116 37 sådan
1747 1599 248 50 lagstiftning

392 1659 167 35 kommer
600 1657 56 36 till
698 1656 121 46 stånd,
863 1669 80 23 som
985 1656 57 35 för
1083 1654 299 49 genomförande
1424 1667 45 23 av
1502 1653 213 36 motionens
1743 1653 100 48 syfte
1871 1651 124 36 skulle

390 1709 200 37 erfordras.

519 1813 90 35 Man
639 1812 104 36 torde
772 1812 128 35 kunna
928 1813 92 46 utgå
1047 1810 111 47 ifrån,
1187 1815 54 31 att
1264 1810 234 46 kommuner,
1519 1821 81 23 som
1622 1808 69 36 hos
1710 1806 285 37 brännvinsför-

390 1863 304 50 säljningsbolag
720 1863 103 49 gjort
853 1862 281 48 framställning
1161 1874 61 24 om
1249 1860 290 50 ifrågavarande
1566 1860 126 48 regels
1720 1858 272 46 fastställande,

390 1918 13 34 i
431 1919 138 45 många
598 1915 65 37 fall
692 1915 201 49 påverkats
923 1928 44 22 av
995 1913 147 37 önskan
1171 1919 54 30 att
1252 1914 220 47 härigenom
1493 1911 140 37 erhålla
1652 1917 53 31 ett
1723 1910 179 37 bekvämt
1921 1909 72 37 och

391 1969 193 35 verksamt
624 1967 120 36 medel
783 1972 54 30 att
865 1965 146 37 indriva
1039 1965 156 36 skatter.
1250 1965 86 36 Med
1364 1965 73 36 den
1465 1963 233 50 ståndpunkt
1725 1963 184 35 utskottet
1936 1961 58 36 in-

391 2020 98 48 tagit
517 2020 57 35 till
596 2019 72 36 den
688 2017 263 49 föreliggande
971 2018 133 47 frågan
1124 2017 69 36 har
1211 2017 185 36 utskottet
1415 2016 135 36 saknat
1570 2014 208 48 anledning
1798 2019 55 30 att
1871 2014 90 47 ingå
1980 2012 13 36 i

391 2071 192 49 prövning
598 2084 48 22 av
662 2070 235 49 spörsmålet,
914 2069 186 36 huruvida
1111 2067 621 49 brännvinsförsäljningsbolagen
1743 2066 129 35 kunna
1883 2077 111 23 anses

392 2123 91 36 böra
510 2123 120 36 under
657 2123 102 35 vissa
786 2121 319 48 förutsättningar
1133 2119 235 49 tillhandagå
1389 2119 44 36 de
1453 2117 348 38 skatteindrivande
1821 2116 174 49 myndig-

392 2174 157 37 heterna
578 2174 87 36 med
694 2173 72 36 den
794 2172 118 49 hjälp,
941 2185 80 23 som
1050 2171 279 49 uppställandet
1358 2184 46 23 av
1432 2171 71 35 den
1527 2170 224 47 ifrågasatta
1769 2169 130 47 regeln
1919 2167 76 36 kan

392 2226 180 36 innebära
599 2225 59 36 för
686 2225 213 36 skatternas
927 2223 236 37 indrivande.
1211 2223 196 37 Utskottet
1434 2222 68 36 har
1529 2222 12 35 i
1572 2222 106 47 fråga
1705 2220 131 36 härom
1860 2219 135 36 endast

392 2278 100 35 velat
521 2280 124 33 såsom
675 2277 56 35 sin
759 2276 157 48 mening
943 2276 130 46 uttala,
1104 2281 65 41 att,
1198 2274 124 37 därest
1344 2287 46 23 en
1410 2273 264 37 bestämmelse
1694 2284 60 23 om
1775 2270 220 49 skyldighet
