2162 2687
697 194 96 33 Stats-
802 194 162 34 Utskottets
997 195 164 33 Utlåtande
1188 195 63 32 N:o
1278 198 50 29 15.
1741 195 19 31 9

222 278 141 50 uppbär
392 279 78 36 från
501 280 146 35 arméns
675 280 283 46 pensionskassa
986 279 92 47 årlig
1105 280 151 47 pension
1287 280 39 36 af
1354 282 68 34 180
1451 280 135 35 kronor
1615 286 94 29 samt
1737 279 74 50 fyl-

221 331 250 48 nadspension
505 333 69 33 120
603 331 146 42 kronor,
779 331 87 35 eller
894 331 244 35 tillsammans
1167 333 71 34 300
1267 332 146 35 kronor.

356 381 51 36 På
446 382 121 47 grund
611 382 37 35 af
687 382 98 35 hvad
826 382 155 35 sålunda
1017 382 237 36 förekommit
1283 383 65 35 har
1376 382 192 36 Utskottet
1597 387 118 30 ansett
1742 382 68 35 den

221 432 57 36 för
306 433 101 47 Borg
435 432 214 46 ifrågasatta
678 434 199 46 pensionen
908 433 89 36 böra
1025 434 155 35 sålunda
1207 434 179 35 beräknas
1421 439 65 34 att,
1528 433 79 35 från
1637 434 175 46 beloppet

223 482 35 37 af
285 484 91 36 hans
406 484 180 36 kontanta
614 485 74 41 lön,
718 486 70 34 750
818 484 147 43 kronor,
995 484 169 45 afdrages
1193 485 30 47 ej
1253 484 128 36 endast
1409 484 70 35 den
1496 485 134 34 honom
1651 483 37 36 af
1706 489 106 30 stats-

221 535 120 36 medel
378 535 280 36 tillkommande
695 534 365 50 fylnadspensionen,
1102 537 67 34 120
1197 536 146 44 kronor,
1374 542 89 29 utan
1492 535 105 35 äfven
1627 535 67 35 den
1724 547 88 34 pen-

222 587 94 43 sion,
348 588 69 34 180
444 587 149 44 kronor,
622 599 79 23 som
731 586 68 36 han
829 586 78 35 från
939 588 145 34 arméns
1115 588 282 45 pensionskassa
1428 587 174 46 åtnjuter,
1623 586 91 35 eller
1734 586 76 35 till-

222 638 97 48 hopa
348 639 70 34 300
446 637 157 44 kronor;
632 637 269 36 hemställande
929 638 106 35 alltså
1064 636 201 45 Utskottet,

668 745 55 30 att
762 738 136 47 Kongl.
939 739 121 48 Maj:ts
1102 738 243 36 förevarande
1380 739 134 46 nådiga
1543 739 270 48 framställning

618 793 59 33 må
706 794 44 43 på
778 790 63 35 det
868 797 73 28 sätt
970 790 32 35 al
1033 790 208 47 Riksdagen
1272 789 156 45 bifallas,
1465 797 50 28 att
1555 790 129 36 Förste
1705 791 107 34 vakt-

618 841 218 48 konstapeln
868 840 88 37 Olof
980 840 100 48 Borg
1109 843 59 32 må
1195 841 200 46 berättigas
1425 846 66 38 att,
1526 840 81 36 från
1637 841 64 35 och
1730 841 82 35 med

618 892 179 36 månaden
840 898 82 30 näst
962 891 93 36 efter
1095 891 82 44 den,
1219 891 46 36 då
1293 891 73 36 han
1394 892 156 36 erhåller
1578 890 122 38 afsked
1730 892 81 36 från

620 943 113 50 förste
774 942 563 49 vaktkonstapelsbefattningen
1385 943 62 35 vid
1495 943 263 47 länsfängelset
1802 944 10 34 i

620 994 217 43 Östersund,
875 998 19 31 å
930 995 185 34 allmänna
1150 994 369 49 indragningsstaten
1547 994 56 35 för
1631 995 53 35 sin
1713 998 98 32 åter-

620 1045 152 36 stående
802 1044 117 37 lifstid
948 1045 166 49 uppbära
1142 1058 41 22 en
1214 1046 94 47 årlig
1337 1046 152 47 pension
1517 1045 38 36 af
1572 1047 71 34 450
1665 1046 145 35 kronor.

357 1148 71 35 9:o.
482 1145 103 37 Efter
623 1146 62 36 det
723 1146 133 36 aflidne
885 1146 278 37 Stallmästaren
1193 1146 60 36 vid
1283 1147 340 46 husarregementet
1650 1148 161 47 Konung

224 1198 85 37 Carl
350 1197 67 36 XV
458 1198 157 35 Mathias
657 1196 128 39 Gieses
819 1198 91 35 enka
939 1198 132 48 Ingrid
1099 1197 112 46 Giese,
1240 1197 86 37 född
1356 1199 228 44 Pettersson,
1613 1200 99 45 gjort
1741 1211 69 23 un-

224 1249 182 48 derdånig
447 1249 205 44 ansökning
686 1262 61 22 om
777 1248 206 36 beredande
1013 1252 37 32 åt
1078 1250 117 35 henne
1224 1249 38 35 af
1287 1250 148 46 pension
1465 1249 56 36 för
1549 1250 135 35 hennes
1714 1253 95 32 åter-

223 1300 152 36 stående
404 1298 127 46 lifstid,
561 1299 65 35 har
654 1300 133 47 Kongl.
815 1299 104 47 Maj:t
946 1313 49 22 nu
1026 1299 205 49 föreslagit,
1252 1307 54 28 att
1325 1301 57 34 för
1402 1300 165 35 bemälda
1587 1301 92 35 enka
1699 1304 112 32 måtte

224 1355 20 31 å
284 1351 184 35 allmänna
507 1350 367 48 indragningsstaten
913 1350 175 49 uppföras
1117 1364 42 22 en
1190 1351 94 46 årlig
1311 1352 155 47 pension
1496 1351 38 36 af
1560 1353 70 34 300
1660 1352 151 43 kronor,

225 1407 55 31 att
307 1401 82 36 från
419 1401 67 36 och
517 1401 82 35 med
629 1405 40 32 år
699 1403 92 34 1879
821 1401 118 36 under
968 1402 133 35 hennes
1131 1402 235 35 återstående
1393 1401 114 36 lifstid
1537 1403 172 46 åtnjutas.

356 1452 16 35 I
401 1452 407 49 statsrådsprotokollet
834 1451 82 45 (Bil.
945 1452 67 36 N:o
1043 1454 20 34 3
1093 1451 37 47 b)
1158 1454 119 34 finnes
1300 1453 215 47 redogjordt
1531 1453 57 36 för
1605 1454 206 36 innehållet

225 1503 40 36 af
303 1503 43 35 de
387 1503 62 35 vid
491 1502 234 36 förrberörda
755 1504 205 46 ansökning
988 1503 134 49 fogade
1152 1503 231 49 handlingar,
1413 1503 38 36 af
1476 1504 146 36 hvilken
1652 1505 158 46 redogö-

226 1555 93 35 relse
347 1554 173 48 framgår,
550 1560 53 29 att
631 1554 119 36 enkan
780 1552 120 46 Giese,
928 1567 75 23 som
1035 1562 39 27 är
1103 1554 84 36 född
1217 1554 70 36 den
1319 1557 43 33 15
1392 1555 96 36 Mars
1519 1557 93 34 1808
1641 1556 67 35 och
1730 1554 82 37 blif-

226 1607 54 34 vit
308 1605 92 36 enka
431 1607 106 42 1868,
565 1606 170 35 befinner
762 1606 54 46 sig
844 1606 10 34 i
883 1605 134 49 fattiga
1044 1606 312 46 omständigheter
1383 1612 96 29 samt
1506 1607 11 34 i
1541 1606 91 48 följd
1654 1606 39 36 af
1709 1607 102 47 sjuk-

229 1656 84 36 dom
344 1664 39 27 är
411 1656 152 36 alldeles
593 1655 217 47 oförmögen
840 1661 54 30 att
922 1656 155 36 medelst
1105 1656 123 36 arbete
1258 1656 155 46 bidraga
1441 1657 57 35 till
1518 1658 66 34 sitt
1605 1658 206 47 uppehälle,

227 1712 96 31 samt
363 1712 64 38 att,
469 1707 115 47 enligt
627 1706 280 37 vederbörande
947 1707 310 48 regementschefs
1294 1707 153 44 vitsord,
1477 1707 104 38 Giese
1609 1709 120 36 under
1756 1709 54 36 sin

228 1766 88 28 nära
345 1759 171 48 49-åriga
543 1758 188 48 tjenstetid
761 1758 82 36 med
873 1759 148 47 ovanlig
1050 1759 220 47 skicklighet
1299 1759 66 36 och
1385 1759 119 48 aldrig
1522 1760 216 36 tröttnande
1757 1761 56 35 nit

227 1810 102 36 skött
364 1810 78 35 sina
479 1809 243 48 åligganden;
763 1809 161 36 varande
953 1809 179 48 derjemte
1162 1810 174 43 erinradt,
1365 1816 53 30 att
1448 1809 126 37 Gieses
1603 1811 209 47 förtjenster

226 1861 113 36 redan
369 1873 88 22 vore
487 1859 37 36 af
551 1860 210 47 Riksdagen
792 1859 175 44 erkända,
996 1862 8 33 i
1033 1867 41 42 ty
1102 1867 55 29 att
1186 1862 93 34 1867
1309 1864 58 33 års
1396 1861 162 42 Riksdag
1574 1862 150 48 beviljat
1744 1863 69 35 ho-

226 1925 85 22 nom
342 1915 19 31 å
390 1912 184 34 allmänna
603 1910 360 49 indragningsstaten
994 1925 42 22 en
1068 1912 152 47 pension
1250 1911 35 36 af
1312 1915 71 33 400
1413 1913 135 35 kronor
1576 1919 63 32 att,
1667 1913 146 36 utöfver

230 1963 68 36 den
329 1962 154 48 pension
513 1962 140 35 honom
683 1962 77 35 från
790 1963 146 35 arméns
964 1963 280 47 pensionskassa
1273 1963 216 45 tillkomme,
1509 1964 38 35 af
1564 1964 135 35 honom
1720 1964 94 36 efter

229 2013 169 37 afskedet
438 2014 177 46 åtnjutas,
658 2013 146 35 hvilken
847 2013 490 49 indragningsstatspension
1376 2014 93 36 dock
1497 2015 121 47 aldrig
1646 2016 85 34 kom
1761 2021 54 29 att

230 2064 39 36 af
306 2065 136 35 honom
484 2064 187 48 uppbäras
711 2064 9 34 i
760 2063 91 48 följd
893 2063 38 36 af
970 2064 91 36 hans
1089 2065 112 35 innan
1230 2064 165 36 afskedet
1421 2065 113 36 redan
1567 2067 91 34 1868
1687 2065 128 36 inträf-

222 2116 85 36 fade
336 2114 86 37 död.

364 2165 107 36 Hvad
501 2165 155 36 sålunda
685 2165 123 36 blifvit
836 2165 224 49 ådagalagdt
1088 2167 11 36 i
1127 2166 102 49 fråga
1257 2180 58 22 om
1345 2166 280 37 Stallmästaren
1654 2167 126 37 Gieses
1805 2168 10 36 i

229 2217 166 37 lifstiden
438 2216 173 36 utöfvade
652 2215 263 47 förtjenstfulla
958 2217 236 36 verksamhet
1221 2219 11 34 i
1261 2218 64 35 det
1353 2219 204 34 allmännas
1584 2219 110 46 tjenst
1722 2225 94 30 samt

231 2271 91 34 hans
351 2268 112 35 enkas
491 2267 217 36 nuvarande
738 2268 180 47 hjelplösa
946 2268 218 49 belägenhet
1193 2268 63 36 har
1275 2275 103 42 synts
1398 2268 193 37 Utskottet
1609 2273 40 33 så
1669 2271 148 47 mycket

326 2327 75 32 Bih.
430 2327 48 32 till
504 2327 112 32 Biksd.
645 2327 87 32 Prot.
763 2330 95 29 1879.
912 2331 21 28 4
960 2327 98 33 Saml.
1101 2331 19 28 1
1146 2328 79 42 Afd.
1280 2331 43 30 12
1348 2329 92 37 Häft.
1698 2331 19 31 2

1847 1152 145 33 Angående

1834 1189 110 30 pension
1969 1188 28 24 dt

1830 1222 85 23 enkan
1934 1222 70 27 efter

1838 1256 165 24 Stallmästa-

1822 1297 46 16 ren
1892 1289 119 24 Mathias

1879 1324 84 24 Giese.
