2210 2670
607 218 121 31 Första
751 217 228 31 Kammarens
1006 214 181 39 Tillfälliga
1216 213 141 31 Utskotts
1382 210 63 40 (Nr
1468 210 34 40 2)
1533 210 174 32 Utlåtande
1730 209 51 31 Nr
1804 210 52 30 17.

432 308 159 40 varande,
607 307 52 33 till
676 304 200 44 öfningsfält
892 302 201 43 visserligen
1110 303 30 42 ej
1158 301 165 44 upplåtna
1339 312 77 22 men
1430 299 77 34 med
1518 298 343 45 jordinnehafvarnes
1874 298 158 43 benägna

431 352 240 45 medgifvande
688 352 72 33 ofta
776 351 53 33 för
846 349 157 43 öfningar
1025 348 12 33 1
1061 347 147 45 anspråk
1231 350 114 40 tagna,
1369 346 148 42 trakten,
1534 344 142 34 hvilken
1692 344 185 33 betecknas
1895 344 77 33 med
1989 343 40 35 B.

538 398 102 35 Hvad
675 398 43 33 då
742 408 155 32 gruppen
921 396 31 32 A
976 393 170 42 beträffar,
1172 395 37 31 så
1232 392 98 34 torde
1356 392 210 32 kaserntomt
1590 390 77 33 med
1691 389 221 44 närliggande
1937 401 94 22 exer-

431 445 139 44 cisplats
604 444 54 33 för
693 442 58 34 sitt
786 441 157 34 ändamål
979 452 82 21 vara
1096 439 144 43 ungefär
1272 437 184 44 jämngoda
1479 436 57 34 vid
1560 436 140 33 Kalmar
1724 435 63 34 och
1811 435 115 43 Eksjö,
1952 447 79 22 men

431 490 246 43 öfningsfältet,
702 488 121 34 sådant
847 499 71 22 som
945 486 57 33 det
1026 484 193 43 föreslagits
1242 484 54 33 för
1319 485 213 41 regementet
1556 482 57 33 vid
1625 481 150 42 Kalmar,
1794 486 36 28 är
1848 480 184 44 väsentligt

432 536 221 42 underlägset
688 535 58 32 det
780 533 56 32 vid
873 532 116 43 Eksjö,
1019 534 49 30 ett
1091 530 223 40 förhållande,
1340 528 132 34 hvilket
1495 539 142 21 numera
1659 527 98 33 torde
1781 538 81 21 vara
1887 527 145 33 erkändt

433 583 36 33 af
502 582 77 41 alla,
609 592 72 22 som
707 579 73 34 haft
804 578 76 33 med
906 575 260 46 ifrågavarande
1191 575 126 33 ärende
1341 577 50 31 att
1415 573 117 35 skaffa.
1580 572 140 34 Kalmar
1744 572 76 33 stad
1843 572 61 33 har
1929 572 103 33 också

433 627 149 44 erbjudit
618 626 63 34 och
705 636 104 32 synes
833 623 60 34 allt
917 621 210 35 fortfarande
1152 621 157 42 benägen
1333 623 49 30 att
1406 619 143 43 erbjuda
1574 630 42 22 en
1640 618 145 43 ändring
1809 618 50 32 uti
1883 617 148 43 öfnings-

433 674 115 32 fältets
571 672 76 42 läge
672 671 64 33 och
759 671 97 32 form.
904 668 81 34 Men
1009 668 102 32 äfven
1128 666 12 33 i
1155 665 164 34 händelse
1336 665 36 33 af
1387 664 198 44 ytterligare
1602 663 162 44 förnyadt
1780 663 110 44 dylikt
1907 663 124 40 anbud,

432 719 68 32 kan
535 717 113 33 denna
672 714 261 42 omständighet,
957 715 112 31 såsom
1090 711 58 43 jag
1170 711 106 33 redan
1300 710 12 33 i
1335 710 70 32 min
1429 709 180 33 skrifvelse
1634 709 66 32 den
1726 710 39 31 11
1787 708 135 42 januari
1947 709 85 32 1907

433 762 116 36 tillåtit
584 761 68 43 mig
676 759 190 42 framhålla,
890 758 75 34 icke
990 757 160 34 förändra
1174 756 69 33 min
1269 754 219 45 uppfattning
1513 757 49 30 att
1585 753 140 33 Kalmar
1748 756 200 39 regemente
1971 753 62 33 bör

433 809 171 42 förläggas
627 807 52 33 till
702 806 115 42 Eksjö.

540 852 160 35 Rörande
717 862 109 32 grupp
843 850 41 43 B,
902 849 84 34 eller
1002 847 257 44 kringliggande
1276 846 110 34 trakts
1401 844 201 44 lämplighet
1618 846 112 31 såsom
1747 843 286 43 öfningsterräng,

433 904 37 29 är
495 899 197 33 densamma
715 896 137 44 mycket
876 895 90 34 olika
988 893 100 43 kring
1104 893 40 33 de
1163 893 86 32 båda
1266 892 159 33 städerna
1441 890 11 33 i
1468 891 105 42 fråga.
1613 889 150 33 'Trakten
1779 889 100 42 kring
1895 888 140 33 Kalmar

435 945 159 43 erbjuder
629 946 109 30 större
774 940 157 44 skjutfält
966 942 87 31 samt
1081 951 43 21 en
1147 938 201 42 visserligen
1373 935 211 44 någorlunda
1607 934 225 34 omväxlande
1857 938 88 29 mest
1969 934 65 33 slät

435 990 64 34 och
534 995 123 38 öppen,
693 987 160 34 stundom
888 985 198 34 småbruten
1121 983 63 34 och
1213 983 136 34 betäckt
1373 981 105 33 mark.
1525 980 243 43 Eksjötrakten
1794 979 61 33 har
1879 979 155 33 däremot

435 1035 110 34 starkt
568 1033 170 34 växlande
763 1031 183 34 mestadels
976 1030 232 42 skogbeväxta
1231 1029 165 42 ytformer
1419 1026 78 34 med
1521 1029 92 30 stora
1636 1025 280 43 höjdskillnader,
1940 1024 11 33 i
1976 1024 57 33 all-

434 1080 141 34 mänhet
597 1078 202 34 inskränkta
821 1089 78 21 men
923 1076 63 33 här
1010 1075 63 33 och
1098 1074 60 33 där
1180 1074 131 43 ganska
1331 1072 209 34 vidsträckta
1557 1070 213 34 skottvidder
1787 1070 64 33 och
1867 1069 165 43 skjutfält.

435 1127 76 33 Den
540 1126 92 33 förra
654 1124 136 33 trakten
814 1123 131 42 lämpar
969 1120 51 43 sig
1044 1121 52 33 för
1120 1131 42 22 en
1187 1119 54 34 del
1266 1122 109 30 större
1399 1117 184 44 uppgifter,
1609 1116 66 33 den
1700 1127 120 22 senare
1847 1120 37 28 är
1909 1115 52 33 för
1985 1118 49 30 ett

435 1170 338 46 infanterigementes
797 1167 155 42 allsidiga
977 1165 192 41 utbildning
1193 1165 35 32 af
1252 1165 78 31 vida
1353 1167 109 29 större
1486 1162 104 33 värde
1615 1167 43 27 än
1683 1162 66 32 den
1767 1160 100 43 kring
1882 1160 151 33 Kalmar.

436 1213 306 45 Öfningstillfällen
778 1216 50 30 att
855 1217 77 28 röra
955 1210 51 43 sig
1030 1210 77 33 med
1131 1211 213 41 regementet
1368 1208 62 33 och
1456 1207 77 33 dess
1558 1205 324 42 underafdelningar
1906 1205 11 32 i
1941 1216 94 22 mera

435 1260 188 34 kräfvande
659 1259 114 42 skogs-
810 1257 63 33 och
908 1257 249 41 bergsterräng,
1188 1254 131 33 hvilket
1343 1254 52 32 för
1420 1253 66 33 den
1509 1252 163 33 moderna
1697 1250 245 43 krigföringen,
1966 1255 67 28 sär-

435 1306 104 34 skildt
563 1305 11 33 i
597 1306 76 31 vårt
696 1304 90 41 land,
812 1308 58 28 äro
894 1304 38 31 så
954 1304 125 40 ytterst
1104 1299 136 43 viktiga,
1265 1300 108 32 måste
1398 1298 35 32 af
1448 1301 49 30 ett
1513 1297 11 33 i
1540 1296 139 34 Kalmar
1696 1295 148 43 förlagdt
1860 1294 174 34 infanteri-

435 1354 196 40 regemente
667 1349 101 33 sökas
803 1350 44 42 på
881 1347 138 43 mycket
1042 1349 91 30 stora
1157 1344 135 34 afstånd
1317 1343 63 34 och
1405 1344 107 32 måste
1536 1342 115 33 därför
1674 1341 107 33 blifva
1805 1341 129 42 ganska
1958 1340 75 33 säll-

436 1400 100 40 synta
560 1406 78 22 men
663 1394 141 43 erbjuda
828 1392 51 43 sig
902 1392 12 32 i
937 1391 124 42 mängd
1088 1390 55 33 vid
1166 1390 115 42 Eksjö.

542 1441 53 32 En
620 1438 261 42 omständighet,
907 1448 73 22 som
1003 1435 196 45 ytterligare
1222 1435 82 33 ökar
1320 1433 220 42 öfningarnas
1557 1432 103 33 värde
1677 1431 57 33 vid
1751 1429 215 44 förläggning
1982 1430 52 33 till

436 1486 115 43 Eksjö,
588 1489 37 29 är
660 1484 41 34 de
738 1484 59 33 där
820 1483 11 32 i
854 1481 187 34 allmänhet
1064 1480 279 34 förekommande
1367 1478 106 33 friska
1497 1477 249 34 snövintrarna.
1793 1476 242 42 FEksjötrakten

436 1537 36 28 är
508 1531 11 33 1
555 1531 57 33 det
647 1529 212 33 hänseendet
883 1528 65 32 den
973 1525 278 42 fördelaktigaste
1275 1525 92 33 inom
1392 1523 77 33 hela
1492 1523 43 33 II.
1562 1521 472 42 arméfördelningsområdet.

435 1577 68 33 För
538 1576 76 33 icke
643 1576 37 32 så
715 1573 219 44 synnerligen
957 1571 209 42 längesedan
1190 1570 211 33 förekommo
1426 1567 271 42 vinteröfningar
1721 1566 117 33 sällan.
1886 1565 150 34 Numera

436 1622 80 43 ingå
540 1622 41 32 de
606 1620 62 34 hos
693 1631 55 22 oss
771 1617 161 44 gifvetvis
956 1617 10 33 i
991 1616 375 43 öfningsprogrammen
1390 1614 97 33 öfver
1510 1612 71 42 allt,
1606 1612 60 33 där
1690 1611 41 34 de
1756 1612 116 32 kunna
1896 1611 139 33 utföras.

436 1666 250 42 Utbildningen
709 1664 109 33 under
841 1663 67 33 alla
932 1661 127 34 stadier
1082 1662 79 32 sker
1183 1671 142 22 numera
1349 1661 37 31 så
1410 1659 136 44 mycket
1566 1657 185 43 lämpligen
1767 1657 61 32 ske
1845 1657 67 32 kan
1929 1660 106 29 utom-

437 1712 64 33 hus
525 1712 109 32 under
657 1710 67 33 alla
748 1708 144 34 årstider
916 1707 63 34 och
1003 1704 430 36 väderleksförhållanden.
1481 1703 79 33 Man
1585 1704 107 31 måste
1717 1702 72 32 lära
1805 1701 51 43 sig
1873 1704 50 30 att
1939 1701 98 33 sköta

438 1757 51 43 sig
524 1756 110 33 under
669 1755 76 33 dem
770 1754 76 33 alla.
893 1753 68 32 Det
984 1763 81 22 vore
1090 1763 43 21 en
1157 1754 71 30 stor
1251 1749 221 34 uraktlåtelse
1496 1752 50 29 att
1569 1748 89 33 afstå
1681 1748 77 32 från
1783 1746 254 34 ofvannämnda

438 1801 159 41 fördelar,
621 1812 73 21 som
719 1800 60 32 där
803 1798 161 33 särskildt
988 1796 167 43 erbjudas.

545 1846 53 33 En
633 1856 113 22 annan
771 1842 262 43 omständighet,
1058 1853 72 22 som
1154 1840 170 33 måhända
1348 1839 30 43 ej
1403 1850 69 31 nog
1496 1838 151 37 beaktas,
1673 1842 38 28 är
1734 1839 59 39 att,
1818 1836 53 33 till
1895 1836 84 43 följd
2003 1836 36 32 af

439 1890 341 44 kustförläggningen
814 1888 63 34 och
913 1887 161 34 särskildt
1108 1886 257 33 kuststräckans
1400 1884 98 42 kring
1533 1883 140 33 Kalmar
1701 1881 164 43 bildning,
1890 1881 148 43 öfnings-

439 1940 183 37 terrängen
647 1935 60 32 där
732 1934 108 33 under
863 1944 109 32 grupp
997 1932 29 33 B
1051 1931 121 33 endast
1196 1931 66 32 kan
1287 1930 100 33 sökas
1411 1929 92 32 inom
1520 1940 43 21 en
1580 1928 116 33 sektor
1713 1927 35 33 af
1763 1927 101 42 högst
1881 1926 156 43 omkring

440 1982 84 33 150?
558 1981 110 33 under
703 1980 58 33 det
795 1978 52 34 till
870 1976 242 36 motsvarande
1136 1987 108 32 grupp
1268 1974 100 43 kring
1391 1974 105 43 Eksjö
1521 1974 67 32 kan
1612 1973 162 32 inräknas
1798 1972 139 33 stadens
1962 1971 76 33 hela

440 2026 161 34 omkrets.

546 2071 80 33 Med
655 2069 185 43 anledning
863 2069 35 32 af
920 2066 226 43 landstingets
1170 2065 187 34 anförande
1381 2064 163 33 hurusom
1568 2062 56 34 vid
1650 2062 91 33 vissa
1765 2061 138 43 angifna
1931 2060 106 34 öfnin-

440 2128 60 31 gar
535 2116 108 33 under
678 2115 42 33 de
744 2125 120 22 senare
888 2114 81 32 åren
997 2123 97 22 >man
1118 2111 142 33 allmänt
1282 2111 212 32 konstaterat
1518 2112 115 30 ortens
1658 2107 158 43 ovanliga
1838 2106 200 43 lämplighet

441 2163 52 32 för
529 2161 147 32 militära
711 2160 189 41 öfningar»,
925 2169 100 21 anser
1051 2157 57 42 jag
1131 2156 68 42 mig
1223 2156 84 32 böra
1330 2154 189 41 framhålla,
1544 2157 50 29 att
1614 2153 59 42 jag
1695 2153 110 32 finner
1829 2152 41 32 de
1895 2151 144 33 sålunda

440 2206 151 34 uttalade
615 2205 202 34 omdömena
840 2203 75 34 icke
940 2204 37 32 så
1001 2202 75 33 litet
1100 2200 221 42 öfverdrifna,
1338 2211 78 22 men
1434 2202 58 39 att,
1511 2198 102 34 äfven
1630 2209 55 22 om
1702 2198 41 33 de
1761 2208 81 23 vore
1859 2195 178 41 träffande,

441 2251 121 33 sådant
585 2250 185 43 ingalunda
794 2249 65 33 kan
884 2248 174 33 betraktas
1082 2248 111 31 såsom
1219 2248 48 30 ett
1291 2244 97 34 bevis
1411 2245 53 33 för
1488 2244 139 32 Kalmar
1644 2243 93 33 stads
1753 2241 166 34 särskilda
1934 2241 104 43 lämp-

440 2297 108 42 lighet
571 2297 111 32 såsom
707 2293 296 44 förläggningsort.
