2214 2670
428 187 42 30 64
599 188 122 31 Första
749 188 227 31 Kammarens
1004 189 180 40 Tillfälliga
1213 190 139 30 Utskotts
1377 189 62 40 (Nr
1462 190 33 38 2)
1528 191 173 31 Utlåtande
1724 192 51 30 Nr
1800 194 51 29 17.

429 275 112 34 däruti
576 279 49 30 att
660 276 66 33 den
761 277 153 33 kommer
949 280 50 31 att
1033 277 193 34 underlätta
1262 278 41 33 de
1339 278 223 44 värpliktiges
1596 279 143 43 samling
1774 292 43 23 m.
1855 293 54 31 m.,
1946 294 79 23 men

429 322 94 33 detta
557 321 106 43 gäller
697 321 11 34 i
744 321 79 34 vida
858 322 104 43 högre
1002 324 81 43 grad
1120 335 55 22 om
1210 323 189 44 samlingen
1436 325 78 33 sker
1552 324 53 34 till
1640 325 104 44 Eksjö
1783 331 44 28 än
1866 339 54 22 om
1957 329 67 33 den

428 367 109 34 skulle
573 371 63 40 äga
671 380 75 21 rum
770 368 52 34 till
845 368 149 44 Kalmar,
1019 373 37 40 ty
1078 369 250 43 jämförelsevis
1352 370 35 33 få
1410 370 229 44 värnpliktiga
1664 371 55 44 (de
1743 372 125 34 mellan
1893 373 131 35 Klafre-

427 416 103 30 ström
567 413 63 33 och
666 413 219 43 Säfsjöström
921 418 87 30 samt
1043 415 99 43 kring
1177 416 113 32 denna
1312 415 81 43 linje
1417 416 148 43 boende)
1590 417 110 33 skulle
1724 417 53 34 för
1801 418 146 44 samling
1970 420 54 33 till

425 458 140 34 Kalmar
601 459 115 33 kunna
753 459 104 44 draga
890 464 97 40 nytta
1011 460 35 33 af
1072 461 65 33 den
1161 472 68 32 nya
1250 461 275 44 järnvägsdelen,
1550 462 109 34 under
1683 463 57 33 det
1764 466 49 31 att
1834 464 189 44 järnvägen

424 504 289 45 Nybro—Nässjö
737 505 78 34 med
839 505 333 45 sammanhängande
1193 506 292 44 järnvägssystem
1506 507 11 33 i
1534 508 77 33 dess
1628 508 117 34 helhet
1760 510 110 33 skulle
1887 511 137 34 komma

425 553 51 30 att
514 550 107 33 blifva
657 562 41 22 en
735 551 136 44 mycket
896 552 215 33 välkommen
1137 552 62 33 och
1224 553 168 33 värdefull
1417 553 190 43 utfartsväg
1631 558 70 30 mot
1725 554 104 44 Eksjö
1854 556 52 33 för
1931 560 92 30 stora

425 596 95 34 delar
544 596 36 33 af
601 595 396 45 inskrifningsområdets
1022 597 234 45 värnpliktiga.

532 641 92 34 Utan
648 645 49 30 att
720 642 79 43 ingå
822 648 155 28 närmare
1002 645 43 42 på
1065 643 527 45 järnvägstransportproblemet
1616 645 11 33 i
1652 645 111 44 öfrigt,
1788 646 60 34 vill
1861 646 58 43 jag
1935 648 86 33 dock

425 687 180 32 framhålla
639 687 88 33 huru
761 688 137 42 mycket
933 689 107 31 hällre
1073 689 331 42 järnvägsstyrelsen
1439 691 108 31 måste
1583 691 86 32 både
1706 691 81 42 vilja
1819 693 63 31 och
1906 693 116 32 kunna

424 731 99 33 ställa
558 732 67 32 den
658 732 53 32 för
735 743 42 22 en
801 736 109 29 större
934 736 277 40 trupptransport
1234 733 221 42 erforderliga
1478 734 156 33 rullande
1659 735 199 33 materielen
1883 736 50 33 till
1957 737 65 33 för-

425 775 147 44 fogande
597 776 11 33 i
633 776 57 34 det
713 781 155 29 närmare
893 777 63 34 och
981 778 188 33 centralare
1194 778 144 43 belägna
1362 782 88 30 samt
1472 782 159 41 tryggare
1655 779 105 45 Eksjö
1784 784 44 30 än
1845 781 11 33 i
1872 782 149 35 Kalmar.

531 821 81 34 Men
641 822 101 33 äfven
773 834 54 21 om
864 823 65 33 den
964 824 174 32 tilltänkta
1162 835 66 31 nya
1249 824 188 42 järnvägen
1463 825 109 32 skulle
1598 825 135 33 komma
1757 830 50 29 att
1831 828 190 43 undanröja

425 866 65 33 den
527 866 192 43 olägenhet,
755 879 71 22 som
863 888 42 3 —
941 868 218 44 synnerligen
1194 868 58 34 vid
1287 868 233 45 mobilisering
1543 890 43 4 —
1609 882 100 22 anses
1733 870 90 44 ligga
1847 871 11 33 i
1881 872 141 34 Kalmar

423 912 93 33 stads
557 912 163 43 otjänliga
753 913 389 43 järnvägsförbindelser
1178 926 79 21 norr
1293 919 47 38 ut,
1377 914 107 33 vållar
1520 915 65 33 den
1622 915 86 34 dock
1744 916 103 43 ingen
1877 918 145 44 ändring

423 957 211 34 beträffande
671 958 116 33 vikten
822 959 36 32 af
886 959 108 42 öfriga
1018 959 145 33 militära
1187 960 85 41 skäl,
1296 963 103 39 tagna
1423 959 11 33 i
1458 964 95 38 stort,
1578 972 72 22 som
1675 962 52 32 för
1752 964 68 40 mig
1844 963 88 33 varit
1956 964 64 33 och

423 1003 108 33 måste
556 1014 82 21 vara
661 1003 160 34 särskildt
845 1004 255 33 bestämmande
1124 1004 11 33 i
1159 1004 363 44 förläggningsfrågan.

530 1049 30 32 3.
608 1049 229 42 Svårigheten
858 1052 59 40 för
940 1051 206 41 samöfning
1169 1052 78 31 med
1270 1052 174 32 kavalleri
1466 1052 61 33 och
1550 1052 158 33 artilleri.

530 1093 223 44 Landstinget
776 1095 206 42 framhåller,
1007 1099 49 29 att
1077 1095 66 33 den
1160 1095 171 33 tilltänkta
1344 1095 394 44 järnvägsförbindelsen
1756 1097 263 44 Säfsjöström—

423 1137 123 44 Nässjö
581 1139 109 33 skulle
727 1140 134 33 komma
895 1144 51 29 att
980 1141 52 33 för
1068 1143 48 30 ett
1139 1140 358 43 infanteriregemente
1521 1141 11 33 i
1555 1141 140 34 Kalmar
1717 1143 194 34 underlätta
1934 1156 86 21 sam-

423 1183 163 42 öfningen
621 1184 10 32 1
666 1185 84 32 fred.
798 1186 52 41 Ja,
886 1186 109 32 under
1030 1186 90 32 vissa
1155 1186 280 42 förutsättningar
1469 1187 111 32 skulle
1615 1187 259 33 förhållandena
1898 1188 121 34 visser-

423 1227 90 43 ligen
551 1228 46 33 bli
631 1228 111 34 bättre
770 1234 44 28 än
838 1242 54 21 om
918 1230 111 33 denna
1051 1230 143 43 järnväg
1218 1230 74 34 icke
1317 1231 135 33 komme
1476 1231 53 34 till
1553 1232 109 33 stånd.
1710 1232 79 33 Men
1815 1233 112 33 denna
1951 1246 67 21 om-

423 1273 194 43 ständighet
651 1275 152 32 minskar
838 1275 106 33 likväl
980 1295 41 4 —
1057 1287 55 21 om
1147 1287 78 21 man
1259 1278 61 40 går
1348 1277 119 41 frågan
1492 1278 43 42 på
1558 1277 100 33 lifvet
1681 1277 63 33 och
1768 1277 136 43 klargör
1928 1279 90 33 hvad

423 1319 193 42 samöfning
652 1331 46 20 nu
733 1320 52 32 för
820 1320 92 33 tiden
948 1320 142 33 innebär
1127 1341 39 3 —
1196 1321 121 33 endast
1340 1325 124 39 ytterst
1488 1322 190 43 obetydligt
1703 1323 65 32 den
1793 1327 91 29 stora
1909 1325 108 32 öfver-

422 1363 188 43 lägsenhet,
646 1364 141 34 hvilken
822 1365 80 43 Esjö
938 1366 108 33 under
1081 1366 197 33 nuvarande
1315 1366 286 43 organisatoriska
1632 1367 63 34 och
1720 1368 298 43 förläggningsför-

422 1408 184 34 hållanden
630 1421 41 21 ur
694 1410 386 44 samöfningssynpunkt
1103 1416 80 38 äger
1207 1411 141 34 framför
1371 1411 139 34 Kalmar
1534 1414 110 32 såsom
1662 1413 288 43 förläggningsort
1967 1415 52 33 för

422 1453 123 43 Kungl.
570 1454 140 33 Kalmar
732 1460 205 37 regemente.

528 1498 211 34 Samverkan
774 1501 125 33 mellan
935 1501 41 33 de
1012 1500 91 34 olika
1137 1502 220 43 truppslagen
1389 1501 62 34 har
1475 1501 112 34 blifvit
1611 1514 42 21 en
1677 1502 61 33 allt
1762 1515 72 22 mer
1858 1504 63 33 och
1946 1517 72 21 mer

423 1544 128 32 erkänd
587 1545 255 42 nödvändighet
876 1546 91 33 inom
1004 1546 58 32 det
1098 1546 146 33 militära
1278 1546 354 43 utbildningsarbetet.
1680 1548 120 33 Denna
1824 1560 61 21 var
1909 1550 109 33 under

422 1591 81 31 våra
537 1589 94 33 äldre
667 1589 486 43 organisationsförhållanden
1188 1592 111 33 okänd
1335 1591 9 33 i
1370 1592 140 33 modern
1534 1592 223 34 bemärkelse.
1806 1593 74 34 Den
1905 1594 113 34 hettes

421 1634 211 34 förekomma
656 1636 109 32 under
789 1637 82 31 våra
894 1639 108 30 större
1027 1638 37 31 så
1088 1636 134 34 kallade
1247 1637 252 42 fältmanövrer,
1524 1649 79 22 men
1626 1638 190 42 förtjänade
1842 1639 29 42 ej
1898 1652 60 21 ens
1975 1641 43 32 då

421 1680 94 32 detta
538 1691 113 21 namn.
698 1680 75 32 Den
798 1681 150 33 saknade
973 1681 173 33 dessutom
1171 1682 52 42 då,
1248 1682 89 32 hvad
1362 1694 78 20 man
1461 1694 46 21 nu
1525 1684 107 31 måste
1648 1683 143 34 tillmäta
1809 1684 65 33 den
1893 1688 124 30 största

421 1724 188 43 betydelse,
643 1725 362 43 detaljutbildningens
1040 1727 199 33 samarbete.
1288 1727 65 33 Om
1388 1728 58 32 det
1481 1739 81 22 vore
1597 1728 141 43 möjligt,
1762 1729 110 34 skulle
1897 1731 57 32 det
1978 1742 40 21 ur

421 1769 94 34 såväl
554 1770 118 43 detalj-
707 1782 73 21 som
816 1771 65 33 den
921 1771 104 43 högre
1061 1771 148 34 taktiska
1244 1772 255 44 utbildningens
1535 1774 211 43 synpunkter
1781 1786 82 21 vara
1894 1775 122 34 fördel-

421 1814 147 42 aktigast
591 1815 74 33 ifall
688 1817 350 41 arméfördelningens
1062 1817 66 32 alla
1151 1818 249 42 truppförband
1426 1830 80 21 vore
1531 1818 153 43 förlagda
1700 1819 235 42 tillsammans,
1953 1821 64 32 och

421 1860 190 33 samarbete
647 1861 77 32 dem
754 1861 144 34 emellan
924 1862 75 32 från
1023 1862 108 32 första
1153 1863 101 32 stund
1280 1862 113 34 kunde
1418 1868 63 37 äga
1505 1874 85 22 rum.
1637 1863 81 33 Men
1743 1876 42 21 en
1810 1866 37 31 så
1871 1865 145 33 koncen-

419 1905 114 32 trerad
558 1905 214 43 förläggning
795 1906 10 33 i
829 1918 148 32 grupper
1000 1907 67 32 kan
1092 1907 188 33 emellertid
1305 1908 34 32 af
1361 1908 83 33 flera
1467 1908 74 33 skäl
1559 1909 29 42 ej
1607 1909 260 34 åstadkommas.
1915 1910 103 34 Detta

420 1949 140 34 bindrar
593 1950 107 34 likväl
738 1950 85 43 icke,
859 1955 50 29 att
943 1964 79 20 man
1059 1957 36 27 är
1130 1952 121 43 pliktig
1286 1955 37 30 så
1346 1953 96 42 långt
1465 1965 71 21 som
1562 1954 132 42 möjligt
1717 1954 225 43 tillgodogöra
1966 1956 51 42 sig

419 1995 390 44 gruppförläggningens
844 1996 149 34 fördelar
1027 1996 11 33 i
1072 1996 66 34 alla
1173 1998 185 33 afseenden
1389 2018 40 3 —
1454 1998 30 42 ej
1509 1998 103 33 minst
1635 1998 212 35 beträffande
1872 2000 41 33 de
1939 2001 76 32 eko-

420 2039 166 42 nomiska,
612 2041 107 33 ehuru
744 2042 99 32 dessa
867 2042 30 42 ej
922 2042 62 32 här
1008 2042 135 33 komma
1167 2046 49 29 att
1239 2047 156 28 närmare
1419 2043 185 33 utvecklas.

527 2085 75 33 Den
627 2086 307 42 omständigheten,
959 2090 49 30 att
1032 2087 92 33 vissa
1146 2088 259 43 truppförband,
1422 2090 44 41 på
1482 2089 108 41 grund
1608 2089 36 32 af
1660 2089 90 33 olika
1766 2089 248 42 förhållanden,

420 2141 40 21 ur
483 2130 389 45 samöfningssynpunkt
894 2131 114 34 blifvit
1032 2137 203 38 ogynnsamt
1258 2132 132 43 ställda,
1415 2133 61 33 bör
1500 2133 56 33 väl
1580 2133 30 43 ej
1635 2134 35 32 få
1686 2137 121 40 utgöra
1822 2136 102 41 något
1940 2135 75 33 skäl

419 2178 51 29 att
494 2175 65 33 öka
583 2176 129 33 antalet
735 2176 132 33 mindre
891 2177 143 43 lyckligt
1057 2177 128 33 lottade
1210 2178 77 32 med
1312 2177 196 44 ytterligare
1533 2190 76 32 nya.
1657 2179 17 32 TI
1698 2179 231 43 föreliggande
1953 2180 61 32 fall

420 2221 107 32 måste
564 2224 48 29 ett
647 2222 121 32 sådant
802 2222 254 41 förfaringssätt
1080 2222 172 33 dessutom
1276 2234 40 21 ur
1340 2223 105 33 andra
1469 2224 214 42 synpunkter
1706 2224 173 33 betraktas
1903 2226 112 32 såsom

420 2264 140 43 oriktigt
584 2265 63 33 och
672 2266 61 33 bör
757 2266 114 34 därför
895 2267 77 33 med
997 2267 45 33 all
1065 2268 95 32 makt
1182 2267 178 34 undvikas.

526 2310 67 33 För
617 2312 349 42 arméfördelningens
990 2312 11 32 1
1025 2315 85 30 stort
1126 2313 221 32 samöfvande
1364 2317 37 28 är
1418 2313 57 32 det
1491 2314 137 42 mycket
1644 2314 123 42 viktigt
1783 2317 49 30 att
1847 2325 168 22 saraman-

420 2354 166 44 dragning
609 2356 37 32 af
669 2356 77 33 dess
770 2357 155 42 samtliga
949 2357 246 43 truppförband
1228 2357 51 33 till
1307 2369 254 31 gemensamma
1589 2358 155 43 öfningar
1772 2359 66 33 kan
1855 2359 60 34 ske
1932 2362 82 30 utan
