2227 2668
432 202 44 33 36
581 202 128 35 Första
732 202 242 35 Kammarens
1000 203 191 43 Tillfälliga
1222 202 145 36 Utskolts
1391 203 65 44 (Nr
1478 203 36 44 2)
1546 204 185 34 Utlåtande
1755 204 51 33 Nr
1830 206 52 32 17.

432 294 104 38 hade
565 294 224 39 undersökt
817 295 310 49 möjligheterna
1156 296 121 37 äfven
1299 298 21 35 å
1341 296 126 38 andra
1486 296 260 49 närliggande
1767 299 107 35 orter
1893 299 133 36 såsom

432 349 240 49 Engelholm
703 350 74 37 och
806 349 288 39 Kristianstad.
1152 350 240 49 Engelholm
1421 351 124 39 borde
1575 351 103 39 dock
1697 363 116 26 anses
1833 351 193 39 uteslutet

430 404 125 37 redan
583 407 53 45 på
665 404 132 49 grund
826 405 42 37 af
895 404 111 38 hvad
1035 404 318 39 kommissionen
1383 407 136 37 anfört
1538 406 173 38 rörande
1731 406 291 49 öfningsfältet.

430 458 277 39 Kristianstad
749 461 85 36 åter
862 461 137 47 syntes
1028 459 169 49 erbjuda
1225 472 268 37 gynnsamma
1520 460 294 39 förhållanden.
1874 460 151 39 Staden

430 513 102 38 hade
563 516 57 36 ett
647 514 190 49 tryggadt
864 514 88 49 läge
981 514 76 38 och
1086 514 98 49 ägde
1213 517 83 36 stor
1324 515 205 49 betydelse
1559 518 132 36 såsom
1712 528 50 26 en
1782 515 128 50 viktig
1929 519 95 35 stra-

429 568 129 49 tegisk
599 569 134 48 punkt
774 569 65 38 för
872 569 112 37 såväl
1013 568 155 39 Skånes
1197 582 87 25 som
1313 570 215 49 Blekinges
1557 571 170 37 försvar.
1784 570 74 39 Att
1887 571 137 49 Näsby

429 623 76 38 fält
532 623 14 37 i
575 624 70 37 sitt
673 623 238 39 nuvarande
940 623 114 39 skick
1084 624 35 48 ej
1152 636 95 26 vore
1275 624 196 50 lämpligt,
1503 627 138 47 syntes
1666 638 98 25 vara
1783 626 238 48 uppenbart.

429 671 139 43 Äfven
602 690 66 24 om
698 677 414 49 artilleriregementet
1142 678 71 38 där
1241 679 202 39 förblefve
1473 683 168 44 ensamt,
1673 693 97 25 vore
1798 680 137 38 fältets
1963 683 58 35 ut-

428 730 196 49 vidgning
653 731 42 37 af
722 731 134 38 nöden
887 732 75 37 och
992 731 141 38 endast
1154 744 49 25 en
1223 732 206 49 tidsfråga.
1481 733 158 38 Genom
1659 734 143 48 tillköp
1825 735 42 36 af
1886 734 137 48 Näsby

427 785 99 48 gård
568 785 129 38 skulle
740 788 56 36 ett
825 786 243 49 öfningsfält
1096 786 141 38 kunna
1267 787 183 48 erhållas,
1482 800 86 26 som
1598 787 318 39 tillfredsställde
1946 787 77 39 alla

428 839 157 49 rimliga
627 840 230 49 fordringar
902 842 66 36 för
1010 840 48 38 de
1101 841 103 38 båda
1236 845 293 45 regementena.
1588 843 152 38 Vikten
1770 843 43 37 af
1840 843 183 49 fullgoda

428 894 538 50 utbildningsförhållanden
1008 907 96 26 vore
1147 898 44 36 så
1219 898 94 45 stor,
1345 898 58 37 att
1432 896 76 38 den
1538 896 87 39 icke
1654 896 124 39 borde
1807 898 217 37 afskräcka

427 949 92 38 från
562 961 61 34 en,
653 949 58 38 låt
739 963 109 34 vara,
879 949 228 50 betydande
1135 951 124 48 utgift
1287 951 66 38 för
1381 963 50 26 en
1460 954 115 46 gång,
1608 952 50 38 då
1688 951 66 38 det
1782 964 97 26 vore
1907 952 116 49 fråga

427 1016 66 25 om
535 1003 108 39 valet
685 1005 42 37 af
768 1004 341 49 förläggningsort
1141 1005 65 37 för
1235 1017 50 26 en
1314 1006 162 49 mycket
1499 1006 93 48 lång
1620 1006 190 49 tidrymd.
1869 1006 153 38 Vikten

427 1058 43 38 af
498 1061 59 35 att
585 1059 108 47 välja
721 1071 50 25 en
800 1058 185 50 lämpligt
1013 1059 167 49 belägen
1201 1060 75 38 och
1295 1060 13 37 i
1328 1060 483 49 utbildningshänseende
1831 1060 96 39 fullt
1946 1060 75 39 till-

425 1112 310 39 fredsställande
767 1113 344 49 förläggningsort
1144 1117 136 46 syntes
1309 1115 420 48 generalstabschefen
1764 1118 44 35 så
1836 1118 96 44 stor,
1963 1118 59 36 att

427 1166 78 38 den
535 1167 246 49 berättigade
800 1168 152 38 honom
982 1170 58 36 att
1068 1168 62 37 till
1157 1169 343 49 förläggningsort
1523 1170 66 38 för
1607 1172 247 46 regementet
1873 1169 149 40 föreslå

426 1220 287 39 Kristianstad.

533 1275 430 50 Arméförvaltningen
991 1276 14 37 i
1033 1277 611 49 fortifikationsdepartementet
1674 1280 123 47 ansåg
1825 1279 70 48 sig,
1927 1278 93 38 med

425 1330 160 49 hänsyn
626 1330 62 38 till
729 1330 110 38 hvad
881 1331 144 38 chefen
1053 1331 65 38 för
1145 1331 306 49 generalstaben
1480 1332 147 47 anfört,
1656 1332 88 39 icke
1773 1333 141 37 kunna
1941 1333 78 38 för-

425 1384 98 38 orda
551 1384 184 38 hvarken
764 1384 269 39 Landskrona
1062 1385 95 38 eller
1186 1386 144 49 Hörby
1359 1399 88 25 som
1466 1387 343 49 förläggningsort
1828 1388 66 37 för
1913 1400 106 36 rege-

424 1441 165 44 mentet,
620 1451 94 26 men
742 1439 51 38 då
821 1439 278 38 Kristianstad
1127 1452 97 26 vore
1253 1453 50 25 en
1332 1440 95 39 fullt
1454 1440 373 39 tillfredsställande
1847 1442 171 49 förlägg-

424 1493 194 48 ningsort,
636 1493 238 39 hemställde
889 1494 308 47 ämbetsverket,
1216 1497 59 36 att
1289 1495 150 49 Kungl.
1453 1495 119 49 Maj:t
1582 1495 93 38 ville
1687 1496 84 38 dels
1782 1496 234 47 bestämma,

424 1549 59 35 att
511 1547 131 38 Norra
671 1548 177 37 skånska
875 1548 440 49 infanteriregementet
1344 1549 129 38 skulle
1502 1550 204 49 förläggas
1734 1550 62 38 till
1820 1550 198 39 Kristian-

423 1600 101 47 stad,
570 1601 84 38 dels
684 1602 74 38 ock
788 1602 245 49 bemyndiga
1061 1603 299 38 ämbetsverket
1389 1606 58 36 att
1476 1604 93 38 med
1598 1604 141 38 staden
1769 1605 119 37 träffa
1918 1605 100 38 aftal

423 1655 143 38 härom
608 1658 105 35 samt
756 1659 58 35 att
847 1657 152 48 inköpa
1026 1657 110 38 vissa
1166 1658 242 48 egendomar
1436 1659 76 37 och
1540 1659 312 39 markområden
1880 1672 51 25 m.
1964 1673 51 25 m.

423 1711 66 36 för
517 1710 172 48 tillhopa
716 1711 120 48 högst
865 1712 170 45 537,800
1064 1712 159 37 kronor.

530 1764 89 38 Den
649 1765 49 37 31
729 1764 209 39 december
966 1766 103 37 1907
1098 1766 244 38 förordnade
1370 1766 149 50 Kungl.
1543 1766 129 50 Maj:t,
1691 1770 58 36 att
1773 1771 245 46 regementet

422 1818 129 37 skulle
579 1818 202 49 förläggas
810 1819 62 38 till
900 1820 277 38 Kristianstad
1206 1824 106 35 samt
1341 1824 69 44 att,
1441 1821 91 37 med
1561 1822 226 48 antagande
1817 1824 41 36 af
1892 1823 125 38 stads-

422 1872 277 49 fullmäktiges
728 1874 13 36 i
769 1873 179 38 nämnda
986 1874 89 37 stad
1105 1875 137 37 anbud
1271 1888 66 25 om
1366 1875 344 49 markupplåtelse
1738 1889 52 25 m.
1821 1890 67 33 m.,
1918 1877 100 38 aftal

422 1926 130 38 skulle
579 1927 14 37 1
622 1927 418 38 öfverensstämmelse
1074 1928 166 38 därmed
1268 1929 127 38 slutas
1425 1929 91 38 med
1545 1929 153 47 staden,
1730 1931 213 38 äfvensom
1960 1934 58 36 att

421 1981 66 36 för
528 1983 57 35 ett
626 1981 145 48 belopp
815 1983 42 36 af
898 1982 171 48 tillhopa
1096 1983 120 48 högst
1245 1984 169 46 537,800
1445 1984 150 37 kronor
1623 1984 109 38 vissa
1760 1985 254 48 egendomar,

421 2035 312 38 markområden
762 2036 76 37 och
867 2036 406 49 arrenderättigheter
1302 2037 130 38 skulle
1460 2038 65 37 för
1553 2038 178 38 kronans
1760 2039 172 49 räkning
1959 2039 56 37 in-

421 2089 139 48 köpas.
622 2089 145 38 Därest
814 2090 49 38 de
910 2090 202 46 områden,
1157 2103 87 26 som
1288 2091 246 38 benämndes
1578 2091 92 38 Carl
1712 2093 186 38 Nilssons
1940 2094 75 38 och

420 2143 164 38 Ahréns
626 2144 294 49 afsöndringar,
964 2145 87 37 icke
1081 2145 136 38 kunde
1246 2146 231 38 förvärfvas
1506 2158 144 37 genom
1679 2147 194 49 frivilliga
1902 2148 111 46 aftal,

421 2210 88 24 som
537 2197 134 38 blefve
700 2198 43 38 af
770 2198 149 49 Kungl.
951 2198 119 50 Maj:t
1097 2199 225 49 godkända,
1354 2200 130 39 skulle
1513 2200 48 38 de
1586 2204 133 35 senast
1740 2201 77 38 den
1837 2204 50 35 14
1908 2215 107 25 mars

423 2252 102 37 1909
571 2251 62 38 till
675 2252 156 38 kronan
873 2253 179 37 afträdas
1096 2257 84 34 mot
1223 2255 233 49 ersättning,
1498 2267 87 25 som
1614 2255 130 38 skulle
1772 2256 242 38 bestämmas

421 2305 125 50 enligt
574 2307 626 51 expropriationsförordningen.
