2213 2659
342 199 127 34 Första
493 199 243 33 Kammarens
762 198 186 43 Tillfälliga
981 198 143 34 Utskolts
1147 198 64 42 (Nr
1234 198 34 42 2)
1299 198 185 33 Ullåtande
1507 198 51 32 Nr
1582 199 51 32 17.
1748 200 40 30 27

195 290 170 50 gjordes,
397 302 50 25 en
489 289 254 49 underdånig
770 289 310 48 framställning,
1117 289 97 46 däri,
1247 288 122 39 bland
1398 291 134 44 annat,
1562 288 226 47 framhölls,

193 348 59 35 att
279 345 53 37 då
374 348 44 34 år
449 346 114 45 1903,
595 345 13 36 i
637 345 294 48 sammanhang
973 344 91 37 med
1107 344 173 37 beslutet
1313 355 66 25 om
1409 342 214 38 Smålands
1653 344 136 36 husar-

191 403 250 44 regementes
469 399 262 48 förläggande
759 398 63 38 till
850 398 140 48 Eksjö,
1022 398 141 38 staden
1192 398 63 37 till
1274 397 156 37 kronan
1450 397 143 48 upplät
1613 409 49 25 en
1683 397 108 38 areal

193 454 42 36 af
263 454 188 47 omkring
480 454 76 36 800
585 453 202 36 tunnland
814 453 62 36 till
904 452 312 37 kasernområde
1246 452 75 36 och
1355 451 279 48 öfningsplats,
1667 451 120 45 detta,

191 510 53 45 på
272 507 134 49 grund
434 507 43 37 af
504 506 117 38 förda
663 506 380 48 underhandlingar,
1076 505 148 39 skedde
1253 505 129 38 under
1409 505 294 48 förutsättning
1732 508 59 34 att

193 562 283 47 öfningsfältet
504 573 96 25 vore
629 560 133 38 afsedt
789 561 66 37 för
883 563 70 34 två
981 562 266 46 regementen.

300 615 151 49 Kungl.
483 615 118 48 Maj:t
620 615 245 37 förordnade
886 614 77 37 den
985 615 49 36 25
1055 614 80 48 maj
1161 615 112 44 1907,
1296 616 58 35 att
1375 612 169 38 Kalmar
1563 615 226 46 regemente

193 669 131 38 skulle
343 669 203 49 förläggas
565 669 62 38 till
646 669 129 48 Eksjö
797 669 76 37 och
893 671 122 45 antog
1036 668 66 37 det
1122 669 41 36 af
1183 667 141 38 staden
1343 667 113 49 gifna
1475 667 138 38 anbud
1632 669 23 34 å
1674 668 116 36 mark

193 726 106 35 samt
327 724 140 45 beslöt,
495 726 59 35 att
574 724 99 36 aftal
689 722 130 38 skulle
838 723 13 36 i
873 721 418 39 öfverensstämmelse
1306 721 92 37 med
1414 721 176 37 anbudet
1606 721 181 38 afslutas.

302 777 151 38 Sådant
500 777 100 38 aftal
647 777 143 38 afslöts
837 777 77 37 den
962 776 49 37 21
1058 776 133 48 juni/3
1239 776 76 48 juli
1362 775 114 46 1907,
1526 776 264 47 hvarigenom

193 832 141 38 staden
363 832 62 37 till
453 832 158 37 kronan
640 831 92 37 med
759 831 79 36 full
866 830 236 48 äganderätt
1130 829 143 48 upplät
1296 830 103 36 visst
1419 829 163 37 område
1602 829 63 37 till
1684 829 106 48 plats

193 887 65 37 för
286 885 448 39 kasernetabiissement
757 885 65 37 för
842 888 56 34 ett
917 885 422 47 infanteriregemente
1360 884 75 37 och
1456 883 204 37 dessutom
1681 884 108 37 vissa

194 940 192 38 områden
406 940 63 37 till
488 940 241 47 utvidgning
750 940 41 35 af
812 939 66 38 det
897 938 123 38 redan
1040 939 111 36 förut
1169 938 197 48 upplåtna
1386 937 281 48 öfningsfältet
1686 940 105 35 samt

192 994 175 38 förband
396 995 60 47 sig
480 997 59 34 att
560 994 169 48 anlägga
748 997 93 43 gata
860 994 64 36 för
943 994 229 46 utfartsväg
1192 1005 51 24 m.
1266 1005 51 23 m.
1363 992 78 36 Till
1470 991 110 38 detta
1598 992 192 36 kontrakt

192 1049 75 37 har
309 1049 227 37 sedermera
573 1049 174 37 kommit
775 1050 56 35 ett
860 1047 77 37 den
967 1047 93 37 5/16
1089 1047 220 36 november
1339 1047 102 36 1908
1471 1045 196 38 afslutadt
1695 1046 95 36 kon-

193 1103 119 45 trakt,
343 1103 267 47 hvarigenom
640 1105 186 34 närmare
854 1100 227 39 bestämdes
1110 1103 218 45 gränserna
1356 1100 65 37 för
1451 1099 76 37 den
1557 1099 126 46 mark,
1715 1102 74 35 sta-

194 1157 77 37 den
301 1157 130 37 skulle
462 1156 252 38 öfverlämna
741 1156 63 38 till
832 1155 242 48 öfningsfält
1101 1155 66 36 för
1196 1153 213 38 Smålands
1438 1154 352 48 husarregemente

194 1211 76 37 och
312 1211 171 36 Kalmar
511 1214 238 44 regemente,
780 1210 63 37 till
871 1208 310 39 kasernområde
1210 1209 64 36 för
1302 1208 217 37 hvartdera
1546 1210 245 45 regementet

194 1268 104 34 samt
318 1265 62 37 till
399 1268 78 44 väg
497 1264 148 37 mellan
666 1265 388 46 husarregementets
1073 1262 311 38 kasernområde
1401 1262 76 37 och
1497 1261 291 48 öfningsfältet.

301 1319 79 36 Till
422 1319 199 37 utskottet
662 1319 74 36 har
778 1318 131 37 tillika
951 1316 249 38 beträffande
1235 1316 168 36 Kalmar
1435 1318 249 46 regementes
1713 1316 77 36 för-

193 1372 191 49 läggning
425 1373 216 36 inkommit
671 1385 49 25 en
750 1372 164 37 afskrift
943 1372 42 36 af
1013 1371 169 36 Kalmar
1210 1370 88 37 läns
1328 1370 118 37 södra
1474 1369 226 48 landstings
1729 1369 62 37 till

195 1427 233 48 Konungen
458 1426 78 38 den
565 1428 49 36 30
644 1427 227 47 september
901 1425 102 38 1909
1033 1424 141 49 gjorda
1202 1423 298 48 framställning
1530 1436 65 25 om
1624 1425 166 47 frågans

194 1481 198 48 förnyade
420 1481 194 48 pröfning
644 1480 211 37 äfvensom
883 1480 14 36 i
927 1479 164 37 afskrift
1119 1478 372 49 regementschefen
1506 1477 51 38 K.
1575 1477 216 38 Eklundhs

195 1535 78 37 den
303 1536 21 36 1
355 1535 183 38 sgistlidne
566 1535 220 37 november
816 1534 188 37 däröfver
1031 1533 62 37 till
1122 1533 143 37 chefen
1298 1533 66 36 för
1393 1532 126 37 andra
1535 1532 255 37 arméfördel-

194 1590 149 47 ningen
372 1589 156 48 afgifna
548 1589 197 48 yttrande.
791 1588 128 37 Dessa
939 1587 241 47 handlingar
1199 1587 124 46 jämte
1340 1585 450 49 arméfördelningsche-

194 1644 102 45 fens,
306 1643 160 37 arméns
481 1640 991 50 kasernbyggnadsnämnds,arméförvaltningens
1487 1640 303 37 fortifikations-

196 1697 299 48 departements
516 1697 75 37 och
611 1697 166 37 chefens
796 1697 66 36 för
881 1695 301 49 generalstaben
1196 1694 219 49 yttranden
1434 1694 13 37 i
1468 1694 165 37 ärendet
1649 1694 142 48 åtfölja

196 1753 132 35 såsom
358 1751 165 47 bilagor,
544 1751 75 37 litt.
643 1750 62 45 A..,
728 1750 59 44 B.,
811 1749 54 47 C.,
887 1750 62 45 D.,
970 1749 45 37 E.
1038 1750 76 36 och
1133 1749 59 45 F.,
1215 1748 108 37 detta
1342 1748 446 37 utskottsbetänkande.

301 1804 259 38 Beträffande
591 1804 109 39 Norra
718 1802 171 41 Skånska
907 1802 408 50 infanteriregementet
1330 1801 102 37 hade
1447 1801 220 48 Riseberga
1682 1801 109 37 kom-

196 1871 98 25 mun
337 1858 124 48 enligt
503 1857 378 49 stämmoprotokoll
924 1857 76 37 den
1030 1858 24 35 4
1082 1856 180 38 februari
1292 1856 101 37 1903
1422 1855 225 37 framhållit
1677 1856 114 37 önsk-

195 1912 223 37 värdheten
461 1912 42 37 af
544 1914 60 35 att
645 1912 392 48 förläggningsorten
1078 1910 133 37 blefve
1254 1909 294 49 Ljungbyheds
1576 1909 216 48 lägerplats

196 1967 76 36 och
314 1966 178 47 erbjudit
525 1967 60 46 sig
615 1968 58 34 att
701 1965 129 37 under
860 1965 126 37 sådan
1014 1964 292 47 förutsättning
1335 1963 114 37 anslå
1479 1964 142 44 50,000
1642 1963 150 37 kronor

195 2021 66 36 för
303 2019 281 38 anordnandet
626 2020 42 36 af
709 2031 50 25 en
802 2019 201 37 samskola
1044 2019 13 36 i
1099 2018 196 37 närheten
1325 2017 40 37 af
1394 2016 282 49 Ljungbyhed.
1734 2016 59 38 Af

195 2074 702 48 kasernbyggnadskommissionens
939 2072 160 48 tryckta
1140 2071 254 38 betänkande
1437 2072 178 46 framgår
1659 2071 130 45 också,

196 2131 59 34 att
274 2127 138 38 anbud
431 2128 66 36 för
516 2127 485 49 regementsförläggning
1021 2126 183 48 afgifvits
1224 2125 91 36 från
1336 2124 286 47 Kristianstad,
1641 2124 150 38 Lands-

196 2182 139 45 krona,
367 2181 284 49 Helsingborg,
683 2180 242 49 Engelholm
956 2181 76 36 och
1060 2180 156 48 Hörby.

304 2236 333 37 Kommissionen
666 2234 247 47 meddelade,
945 2238 58 33 att
1033 2234 46 37 de
1108 2234 64 36 för
1200 2236 246 44 regementet
1465 2233 229 48 föreslagna
1714 2233 78 37 för-

196 2289 379 49 läggningsorterna
595 2301 112 25 voro:
731 2289 278 45 Landskrona,
1032 2288 282 47 Helsingborg,
1337 2287 192 48 Ljungby
1544 2287 90 45 hed,
1653 2287 139 48 Engel-

199 2344 112 37 holm
354 2343 76 38 och
473 2343 143 49 Hörby
660 2344 75 37 och
778 2345 124 45 ansåg
936 2343 40 37 af
1007 2342 76 37 den
1111 2341 187 38 lämnade
1326 2340 267 49 utredningen
1621 2341 170 48 framgå:
