2232 2670
424 215 41 30 24
571 212 128 34 Första
722 212 242 32 Kammarens
990 210 193 42 Tillfälliga
1214 209 142 34 Utskotts
1381 208 64 43 (Nr
1467 208 34 40 2)
1533 207 185 34 Utlåtande
1741 207 51 32 Nr
1817 208 53 31 17.

637 304 14 37 i
679 303 223 37 militäriskt
931 301 204 39 afseende:

532 362 58 34 att
619 358 48 38 de
709 358 228 48 föreslagna
980 356 293 49 öfningsfälten
1313 367 99 25 voro
1455 354 41 37 af
1538 353 170 49 ungefär
1736 351 194 50 jämngod
1958 352 63 38 hbe-

425 413 244 47 skaffenhet;
693 415 58 35 att
770 412 78 38 den
869 411 258 50 omgifvande
1146 413 213 45 terrängen
1380 409 187 48 omkring
1589 407 166 39 Kalmar
1775 420 48 24 ur
1844 407 178 48 öfnings-

425 468 210 49 synpunkt
664 467 251 49 obestridligt
943 479 95 25 vore
1068 465 253 49 öfverlägsen
1355 464 78 38 den
1462 463 187 49 omkring
1677 462 238 48 Vimmerby
1945 462 77 37 och

424 523 144 49 Eksjö;
600 525 58 36 att
686 523 14 37 i
728 523 115 48 fråga
876 535 66 24 om
984 520 231 48 samöfning
1248 519 93 37 med
1368 518 194 37 kavalleri
1596 517 128 48 Eksjö
1753 529 96 25 vore
1878 516 143 37 fördel-

425 578 179 49 aktigare
634 580 51 35 än
714 577 249 48 Vimmerby,
995 576 212 37 hvaremot
1235 574 170 37 Kalmar
1434 572 177 38 saknade
1630 571 159 39 tillfälle
1818 571 61 37 till
1907 570 115 49 dylik

426 634 144 46 öfning
598 634 99 35 utan
726 631 174 38 särskild
928 630 242 48 anordning;
1197 630 81 42 och
1307 630 59 36 att
1385 625 517 51 transportförhållandena
1921 638 99 25 voro

425 698 311 36 gynnsammare
764 686 14 36 i
807 685 169 37 Kalmar
1018 688 52 33 än
1097 685 14 36 i
1141 684 238 46 Vimmerby
1421 683 76 36 och
1530 682 128 47 Eksjö
1688 680 248 38 beträffande
1965 681 56 36 in-

425 739 165 39 kallelse
632 739 70 38 vid
743 739 338 47 mobiliseringen,
1125 748 92 26 men
1246 737 14 36 i
1288 737 114 47 fråga
1444 747 66 25 om
1552 734 311 47 koncentrering
1893 734 130 36 bäst
2003 730 23 60 i

426 795 249 48 Vimmerby,
707 794 175 37 därefter
910 794 13 36 i
952 793 127 47 Eksjö
1110 792 75 38 och
1214 793 126 36 sämst
1368 791 14 36 i
1410 789 185 47 Kalmar;

638 849 14 36 i
681 848 226 38 ekonomiskt
936 846 202 39 afseende:

535 906 58 35 att
612 901 551 50 förläggningskostnaderna
1183 899 142 38 ställde
1346 899 59 48 sig
1424 897 308 48 fördelaktigast
1759 897 6 36 i
1784 896 241 48 Vimmerby

427 958 183 49 (131,000
640 957 152 38 kronor
826 957 180 47 billigare
1035 959 52 33 än
1119 955 13 36 i
1161 954 169 37 Kalmar
1359 954 76 36 och
1466 953 169 45 145,000
1664 952 151 36 kronor
1843 951 182 48 billigare

427 1016 53 34 än
507 1013 14 36 i
549 1012 142 49 Eksjö)
721 1011 76 38 och
826 1013 58 36 att
925 1008 514 40 underhållskostnaderna
1466 1006 114 38 torde
1614 1005 117 39 ställa
1760 1005 60 48 sig
1848 1005 178 48 billigast

427 1067 13 37 i
470 1066 180 46 Kalmar,
683 1066 165 38 därnäst
876 1066 13 36 i
917 1065 239 48 Vimmerby
1185 1064 75 37 och
1289 1063 129 37 blifva
1446 1062 120 47 högst
1594 1061 14 36 i
1636 1060 139 48 Eksjö,
1806 1062 105 35 samt

640 1121 14 36 i
682 1120 134 38 socialt
844 1119 202 38 afseende:

536 1178 58 34 att
622 1174 170 37 Kalmar
821 1174 112 37 stode
963 1174 115 36 öfver
1107 1172 113 37 såväl
1248 1171 127 48 Eksjö
1405 1182 87 26 som
1520 1169 250 47 Vimmerby.

536 1228 115 38 Efter
693 1230 59 36 att
793 1228 125 37 hafva
960 1229 95 46 vägt
1083 1225 178 38 fördelar
1289 1225 76 37 och
1394 1224 257 47 olägenheter
1681 1225 85 34 mot
1794 1220 232 38 hvarandra

428 1283 129 38 beslöt
585 1283 319 37 kommissionen
924 1283 58 35 att
1011 1283 133 35 såsom
1164 1279 342 48 förläggningsort
1525 1277 64 37 för
1609 1277 170 37 Kalmar
1798 1277 227 46 regemente

427 1337 150 38 föreslå
605 1336 180 47 Kalmar,
815 1335 130 38 under
972 1335 293 47 förutsättning
1295 1336 58 35 att
1381 1333 109 37 vissa
1519 1331 165 38 andelar
1713 1331 41 36 af
1784 1330 241 47 kronoegen-

429 1391 148 38 domen
621 1389 153 50 Skälby
817 1389 216 38 öfverlätes
1075 1388 62 37 till
1179 1387 316 38 landtförsvaret
1524 1386 76 37 och
1628 1388 59 34 att
1716 1384 171 37 Kalmar
1916 1383 111 38 stads

428 1445 153 48 förslag
609 1444 63 38 till
701 1445 99 36 aftal
829 1447 164 44 antoges
1036 1442 92 38 med
1170 1442 78 37 den
1276 1440 239 48 förändring
1543 1440 130 46 ifråga
1702 1451 67 25 om
1797 1439 160 36 formen
1986 1437 43 37 af

430 1499 78 38 den
538 1499 199 47 erbjudna
766 1498 179 45 marken,
977 1509 87 25 som
1093 1495 369 47 stadsfullmäktige
1491 1505 139 27 senare
1661 1492 183 38 beslutat.

537 1553 121 37 Emot
686 1552 110 37 detta
824 1551 210 38 uttalande
1057 1549 256 39 reserverade
1342 1550 60 46 sig
1421 1548 341 37 kommissionens
1782 1545 244 38 ordförande

428 1607 172 37 friherre
629 1606 70 49 Hj.
730 1606 271 38 Palmstierna
1030 1605 75 37 och
1132 1603 228 38 ledamoten
1389 1602 138 48 grefve
1552 1601 74 37 Ph.
1658 1600 233 49 Klingspor,
1922 1601 106 36 samt

428 1661 212 48 föreslogo,
686 1660 191 38 särskildt
918 1672 49 24 ur
1009 1658 214 38 militärisk
1266 1657 221 48 synpunkt,
1531 1656 127 47 Eksjö
1692 1657 133 35 såsom
1858 1654 169 47 förlägg-

429 1715 185 48 ningsort
642 1715 66 37 för
735 1715 255 47 regementet.

536 1768 313 39 Vederbörande
877 1765 456 48 arméfördelningschef
1362 1764 132 38 anslöt
1517 1763 60 48 sig
1596 1762 62 38 till
1686 1762 342 38 kommissionens

429 1822 208 38 uttalande
666 1822 206 48 angående
914 1820 314 49 olämpligheten
1258 1820 41 36 af
1329 1817 215 39 Hultsfred
1574 1820 134 34 såsom
1736 1816 292 47 förläggnings-

428 1877 118 48 plats.
603 1876 261 38 Beträffande
906 1875 108 38 valet
1055 1874 148 38 mellan
1246 1873 48 37 de
1335 1876 60 34 tre
1438 1872 130 47 öfriga
1609 1870 229 49 föreslagna
1867 1873 162 34 orterna

429 1931 194 37 förenade
665 1931 82 36 han
790 1930 60 47 sig
899 1930 62 36 »af
1017 1928 175 38 militära
1240 1927 98 46 skäl,
1383 1929 121 45 tagna
1547 1926 14 36 i
1602 1927 121 35 stort>
1773 1924 92 37 med
1906 1935 122 26 reser-

429 1987 198 35 vanterna
668 1985 112 36 inom
821 1983 320 38 kommissionen
1184 1982 76 37 och
1293 1980 215 38 förordade
1537 1979 127 48 Eksjö
1694 1981 134 35 såsom
1857 1978 170 47 förlägg-

430 2040 185 47 ningsort
643 2039 65 37 för
736 2040 256 46 regementet,
1023 2036 130 38 under
1181 2034 208 39 uttalande
1417 2034 141 45 tillika,
1581 2036 59 35 att
1668 2033 82 36 han
1779 2032 120 48 gåfve
1918 2031 109 38 Vim-

431 2094 140 48 merby
613 2092 202 38 företräde
857 2092 173 37 framför
1071 2090 180 37 Kalmar.
1309 2088 248 48 Visserligen
1590 2087 131 37 talade
1755 2086 98 38 flera
1881 2084 146 39 sociala

431 2147 89 37 skäl
561 2147 129 37 starkt
730 2147 65 36 för
838 2145 179 46 Kalmar,
1049 2156 93 25 men
1184 2144 48 37 de
1274 2144 64 37 för
1380 2143 149 36 honom
1571 2140 305 39 bestämmande
1910 2151 114 26 voro:

431 2201 171 38 Kalmar
630 2200 110 39 stads
782 2200 93 38 med
917 2199 290 48 omgifningars
1236 2198 64 37 för
1333 2196 269 48 fientligheter
1629 2197 152 36 utsatta
1809 2194 99 48 läge,
1939 2205 87 26 som

431 2254 293 49 möjliggjorde,
769 2257 59 35 att
869 2254 35 48 ej
951 2253 169 37 allenast
1161 2253 92 36 från
1296 2250 194 51 fientliga
1514 2251 136 46 fartyg
1682 2250 13 36 i
1724 2248 168 37 Kalmar
1921 2246 107 39 sund

431 2312 98 34 utan
565 2310 122 36 äfven
720 2309 92 36 från
855 2320 50 25 en
946 2307 95 47 lång
1083 2306 256 37 kuststräcka
1381 2305 42 36 af
1465 2303 133 38 Öland
1627 2303 192 37 moderna
1847 2301 180 38 artilleri-

431 2363 136 48 pjäser
594 2362 125 38 redan
747 2375 58 23 nu
833 2361 137 37 kunde
998 2360 198 38 behärska
1224 2359 205 48 platserna
1452 2359 65 36 för
1547 2360 56 35 ett
1632 2355 206 40 blifvande
1866 2356 161 37 kasern-
