2182 2676
614 164 369 42 PBevillningsutskottets
1008 166 198 32 betänkande
1230 166 53 32 Nr
1305 167 53 31 21.
1769 170 18 30 3

181 255 380 49 inkomstminskning
603 257 40 35 af
681 260 166 42 160,000
878 258 135 35 kronor
1043 259 57 35 för
1129 260 49 43 år,
1210 270 75 24 som
1315 261 52 33 ett
1395 258 105 35 bifall
1529 258 56 36 till
1613 260 173 36 motionä-

180 322 84 24 rens
293 311 137 47 förslag
458 311 179 36 beräknas
666 312 171 45 medföra,
855 313 116 35 ehuru
990 315 71 33 rätt
1082 313 217 47 betydande,
1323 313 120 35 dock
1426 307 19 58 i
1467 313 69 35 och
1555 313 56 36 för
1632 314 56 47 sig
1706 314 82 37 icke

180 365 249 36 åstadkomma
451 368 125 45 någon
596 366 167 36 afsevärd
782 366 185 48 rubbning
986 367 13 35 i
1019 367 230 47 postverkets
1275 367 179 36 ekonomi.
1515 368 188 36 Utskottet
1723 370 65 35 har

179 418 83 36 icke
282 420 114 35 heller
424 420 97 35 velat
545 420 171 44 bestrida,
739 422 53 34 att
812 421 226 45 postverkets
1059 421 363 37 inkomstöfverskott
1443 421 218 37 åtminstone
1680 422 14 36 i
1715 423 73 36 viss

180 472 222 48 omfattning
430 474 64 35 bör
522 474 144 46 påkalla
693 473 208 37 införandet
930 475 40 34 af
995 478 114 33 större
1137 476 180 34 lättnader
1345 475 65 35 och
1441 475 157 36 fördelar
1634 477 56 35 för
1719 478 69 35 den

181 527 360 47 korresponderande
581 528 252 45 allmänheten,
866 530 92 35 dock
987 530 81 35 med
1096 529 112 47 nödig
1237 530 142 47 hänsyn
1406 532 110 45 tagen
1545 530 56 35 till
1629 533 159 44 postver-

181 581 81 35 kets
292 581 160 48 förmåga
481 585 53 32 att
562 582 108 36 äfven
699 582 13 36 i
736 582 196 37 framtiden
951 584 86 35 bära
1057 583 106 36 däraf
1178 583 292 47 uppkommande
1491 584 297 37 inkomstminsk-

181 635 91 47 ning
296 636 85 35 eller
408 636 283 48 utgiftsökning.

290 690 417 48 Generalpoststyrelsen
749 692 66 34 har
847 691 14 35 i
894 691 63 37 sitt
986 692 139 47 afgifna
1152 692 186 36 utlåtande
1367 692 210 45 framhållit,
1610 696 53 33 att
1691 693 97 36 inom

182 744 177 47 styrelsen
401 745 127 35 väckts
571 745 113 47 fråga,
728 746 182 36 huruvida
952 747 43 34 de
1033 746 140 35 inrikes
1202 746 310 47 postanvisnings-
1542 747 67 35 och
1637 748 152 46 postför-

181 798 315 47 skottsafgifterna
525 800 110 35 borde
663 799 14 36 i
705 799 73 37 viss
807 802 83 33 mån
918 800 240 36 underkastas
1179 800 167 45 revision,
1369 813 83 23 men
1473 803 55 34 att
1549 802 119 35 denna
1688 802 102 47 fråga

181 851 73 36 tills
301 853 124 35 vidare
464 853 69 36 fått
575 853 110 36 hvila.
746 854 418 48 Generalpoststyrelsen
1206 855 93 34 hade
1341 855 183 47 nämligen
1567 858 119 33 ansett
1729 857 61 35 det

181 906 187 48 olämpligt
410 910 54 33 att
491 907 78 48 just
597 920 50 22 nu
675 908 162 47 företaga
866 920 45 23 en
941 909 103 47 dylik
1072 908 168 45 revision,
1272 914 87 30 enär
1388 909 60 35 det
1476 921 85 24 vore
1591 910 195 45 sannolikt,

182 963 54 33 att
263 961 63 36 vid
355 962 71 34 den
454 961 57 36 till
539 963 111 34 våren
677 965 105 33 nästa
810 965 40 32 år
877 965 136 33 utsatta
1041 962 428 48 världspostkongressen
1498 963 119 35 skulle
1646 964 144 35 komma

181 1015 117 35 under
327 1015 183 49 pröfning,
541 1015 180 37 huruvida
750 1028 47 23 en
825 1017 87 34 eller
933 1029 119 22 annan
1072 1016 40 35 af
1129 1017 44 34 de
1197 1016 293 36 internationella
1509 1017 281 47 postafgifterna

182 1068 112 36 borde
329 1069 197 36 nedsättas.
583 1070 99 35 Enär
710 1070 61 35 det
798 1070 81 35 icke
909 1071 123 35 kunde
1060 1071 191 43 beräknas,
1282 1071 13 35 i
1324 1071 154 35 hvilken
1507 1074 84 32 mån
1619 1071 170 48 kongres-

182 1134 82 24 sens
294 1123 120 36 beslut
434 1124 122 35 kunde
585 1124 145 35 komma
759 1127 53 33 att
840 1124 165 36 medföra
1032 1124 237 47 nedsättning
1288 1124 13 36 i
1321 1124 231 47 postverkets
1572 1125 214 45 inkomster,

182 1177 122 45 borde,
350 1177 112 48 enligt
504 1179 427 47 generalpoststyrelsens
961 1178 106 45 åsikt,
1098 1178 82 36 icke
1208 1179 56 35 för
1292 1180 225 35 närvarande
1545 1179 165 47 vidtagas
1740 1182 49 33 åt-

182 1232 141 45 gärder,
368 1232 234 47 hvarigenom
644 1233 112 34 redan
784 1245 50 22 nu
864 1234 104 34 dessa
995 1232 200 36 inkomster
1224 1233 118 35 skulle
1369 1233 175 35 minskas.
1603 1234 187 35 Utskottet

182 1285 66 35 har
276 1286 97 35 velat
401 1286 144 36 ansluta
573 1286 56 47 sig
657 1286 57 35 till
743 1287 44 34 de
808 1286 40 35 af
868 1286 439 48 generalpoststyrelsen
1296 1281 22 57 i
1335 1287 98 35 detta
1461 1288 208 34 hänseende
1698 1291 92 32 utta-

182 1339 81 35 lade
291 1340 339 47 betänkligheterna
659 1343 74 33 mot
762 1343 52 33 att
843 1353 50 23 nu
929 1341 146 47 vidtaga
1109 1345 113 31 större
1251 1340 226 48 rubbningar
1505 1341 13 35 i
1547 1341 244 36 förhållandet

183 1394 132 34 mellan
357 1395 227 45 postverkets
618 1395 201 36 inkomster
853 1396 66 34 och
947 1395 164 47 utgifter.

291 1447 136 36 Tillika
456 1449 65 35 har
553 1449 178 36 utskottet
759 1449 97 36 velat
884 1451 114 34 såsom
1028 1449 57 35 sin
1114 1448 95 36 åsikt
1237 1449 126 44 uttala,
1395 1451 52 33 att
1476 1451 52 34 ett
1556 1449 234 49 utnyttjande

183 1501 40 35 af
248 1502 229 46 postverkets
519 1503 364 36 inkomstöfverskott
924 1503 56 35 till
1022 1504 70 34 den
1131 1503 358 46 korresponderande
1528 1504 261 35 allmänhetens

183 1555 115 36 fördel
318 1556 74 35 kan
408 1557 64 34 ske
488 1557 81 35 icke
585 1557 90 36 blott
690 1569 130 34 genom
840 1557 234 47 nedsättning
1093 1557 13 35 i
1134 1570 51 22 nu
1205 1557 203 36 fastställda
1427 1557 363 48 postbefordringsaf-

183 1609 121 47 gifter,
322 1613 90 32 utan
441 1610 109 36 äfven
574 1623 129 35 genom
733 1611 219 47 vidtagande
981 1611 41 35 af
1046 1612 112 34 andra
1179 1612 168 45 åtgärder
1376 1611 55 35 för
1460 1623 45 23 en
1534 1611 159 47 behöflig
1721 1613 69 34 och

182 1664 121 47 nyttig
344 1664 214 47 utveckling
592 1665 40 34 af
670 1666 61 33 det
768 1665 138 46 postala
934 1664 519 45 kommunikationsväsendet,
1484 1665 221 46 exempelvis
1734 1678 57 34 ge-

183 1730 82 23 nom
310 1719 190 45 öppnande
543 1718 40 35 af
621 1731 70 35 nya
730 1718 331 47 postförbindelser,
1110 1718 249 37 förbättrande
1395 1719 40 34 af
1459 1719 113 35 redan
1600 1719 191 47 befintliga

184 1771 126 48 dylika
338 1772 239 36 förbindelser
605 1785 46 22 m.
683 1785 46 22 m.
787 1773 186 35 Utskottet
1002 1774 66 34 har
1097 1773 56 46 sig
1182 1772 108 36 äfven
1318 1772 148 45 bekant,
1503 1775 52 32 att
1588 1785 84 22 man
1691 1772 99 36 inom

184 1826 408 47 generalpoststyrelsen
620 1826 81 36 icke
730 1832 39 29 är
798 1827 224 34 främmande
1042 1827 55 35 för
1117 1827 70 34 den
1207 1827 40 34 af
1262 1826 178 35 utskottet
1460 1827 151 34 sålunda
1632 1827 160 46 antydda

184 1880 250 47 synpunkten.

292 1934 152 36 Utöfver
454 1936 97 35 hvad
565 1935 113 35 redan
694 1934 137 36 anförts
846 1934 65 35 vill
929 1934 178 36 utskottet
1127 1934 201 44 framhålla,
1346 1934 172 35 hurusom
1534 1935 69 34 den
1618 1933 14 35 i
1643 1935 149 35 ärendet

183 1988 223 35 verkställda
426 1989 247 47 utredningen
700 1988 81 36 icke
811 2000 108 35 synes
938 1988 110 36 hafva
1066 1988 185 36 bekräftat
1271 1989 69 34 den
1360 1988 12 34 i
1393 1988 181 35 motionen
1594 1988 198 35 framförda

183 2042 297 47 uppfattningen,
503 2046 53 32 att
571 2044 70 34 den
656 2042 141 36 mindre
813 2043 210 35 bemedlade
1039 2043 106 35 delen
1161 2043 39 35 af
1212 2045 80 34 vårt
1308 2042 77 36 folk
1400 2042 13 35 i
1429 2045 39 32 så
1483 2044 74 34 stor
1573 2042 219 47 omfattning

183 2096 166 48 betjänar
378 2097 55 46 sig
462 2097 39 35 af
526 2096 329 47 postanvisningar,
886 2100 53 32 att
968 2097 106 35 äfven
1103 2109 45 23 en
1176 2096 105 47 ringa
1300 2096 268 47 nedsättning
1554 2092 22 56 i
1592 2096 198 47 postanvis-

183 2150 308 47 ningsafgifterna
511 2151 117 35 skulle
649 2151 56 35 för
725 2152 208 34 densamma
953 2151 160 35 medföra
1134 2163 44 23 en
1199 2151 166 35 afsevärd
1385 2151 152 35 lättnad.
1582 2151 128 34 Redan
1731 2151 61 34 det

184 2204 254 45 förhållandet,
470 2207 53 34 att
550 2205 82 35 hela
660 2205 137 35 antalet
825 2204 152 36 afsända
996 2205 262 47 portopliktiga
1277 2204 244 47 anvisningar,
1544 2204 179 36 fördeladt
1743 2206 49 45 på

184 2259 114 36 rikets
340 2272 124 23 vuxna
492 2259 185 44 invånare,
721 2258 92 45 icke,
859 2258 56 36 för
958 2261 38 33 år
1043 2261 112 42 1910,
1200 2259 141 36 utvisar
1378 2259 112 47 högre
1519 2258 99 36 siffra
1647 2264 46 29 än
1725 2260 64 43 1,9,

185 2326 106 35 synes
333 2313 180 36 utskottet
556 2314 230 46 ådagalägga,
831 2315 52 33 att
925 2313 69 35 den
1024 2313 185 47 påyrkade
1238 2312 286 48 nedsättningen
1551 2312 14 35 i
1593 2311 196 48 afgifterna
