2188 2630
454 153 18 30 8
929 150 228 42 Lagutskottets
1185 149 166 31 Utlåtande
1374 148 64 32 N:o
1461 150 48 29 16.

1031 294 94 32 samt
1154 285 74 48 3:0)
1271 283 127 50 Lag

413 377 196 43 angående
643 381 144 32 ändrad
813 381 149 39 lydelse
985 380 43 32 af
1047 381 40 38 $$
1110 382 42 31 18
1176 380 72 32 och
1271 381 42 31 21
1335 378 14 32 i
1372 378 268 38 förordningen
1664 374 195 43 angående
1882 378 139 40 kyrko-

593 440 241 39 fullmäktige
858 441 73 31 och
953 440 268 39 kyrkonämnd
1243 439 13 31 i
1279 439 197 37 Göteborg
1497 438 73 31 den
1593 439 23 31 5
1640 438 76 39 maj
1740 439 104 31 1882.

545 537 223 47 Härigenom
808 536 203 44 förordnas,
1052 541 55 30 att
1147 534 48 45 $$
1225 537 43 33 13
1298 534 67 36 och
1396 536 42 33 21
1481 535 12 33 i
1534 533 263 49 förordningen
1835 534 186 46 angående

413 588 351 49 kyrkofullmäktige
803 588 66 35 och
910 586 254 50 kyrkonämnd
1201 587 12 34 i
1246 584 188 49 Göteborg
1461 584 69 37 den
1560 587 20 33 5
1610 585 71 46 maj
1715 586 92 34 1882
1837 585 102 35 skola
1966 599 55 21 er-

412 639 96 35 hålla
535 638 162 48 följande
724 638 161 36 ändrade
913 638 155 49 lydelse:

1161 746 23 45 8
1215 749 55 33 13.

547 840 361 50 Kyrkofullmäktige
936 844 58 32 må
1021 840 31 47 ej
1082 840 134 36 ärende
1243 839 167 48 företaga
1436 839 89 35 eller
1551 837 122 37 däruti
1701 837 153 48 besluta,
1880 840 39 33 så
1938 838 85 35 vida

414 892 33 47 ej
490 905 76 23 mer
606 900 48 28 än
684 892 136 36 hälften
854 891 39 36 af
917 892 266 35 ledamöternas
1211 891 81 35 hela
1319 890 98 35 antal
1446 896 39 28 är
1512 889 191 35 tillstädes.
1758 887 57 36 Ar
1842 889 58 35 till
1927 888 96 48 följd

414 942 40 36 af
477 943 251 48 stadgandena
754 944 12 34 i
793 942 123 48 fjärde
944 942 143 49 stycket
1114 941 40 36 af
1178 940 23 45 $
1230 943 43 34 21
1303 939 344 37 tillstädesvarande
1675 939 162 36 ledamot
1864 938 156 36 hindrad

415 998 54 31 att
507 993 147 49 deltaga
679 994 13 35 i
720 993 278 48 handläggning
1024 992 41 36 af
1088 993 91 35 visst
1207 991 145 44 ärende,
1381 994 59 32 må
1467 990 69 36 den
1565 990 284 46 omständighet,
1878 994 54 30 att
1960 1002 63 23 an-

414 1045 89 35 talet
529 1043 40 37 af
594 1044 44 36 de
666 1043 120 48 öfriga
811 1043 341 37 tillstädesvarande
1179 1043 79 35 icke
1285 1042 220 46 öfverstiger
1532 1040 139 36 hälften
1700 1040 39 36 af
1755 1040 268 36 ledamöternas

415 1094 82 37 hela
522 1096 107 43 antal,
659 1095 32 48 ej
721 1100 132 42 utgöra
880 1094 132 36 hinder
1037 1093 59 37 för
1122 1093 169 36 ärendets
1319 1092 249 48 företagande.

1163 1211 23 45 $
1215 1215 56 33 21.

550 1306 311 49 Kyrkonämnden
889 1311 102 31 utser
1017 1306 100 35 inom
1146 1306 55 46 sig
1228 1305 58 36 för
1305 1304 125 47 hvarje
1449 1307 39 32 år
1508 1317 45 23 en
1572 1301 353 50 räkenskapsförare,
1946 1315 94 23 som:

416 1358 119 35 tillika
575 1365 41 28 är
655 1357 315 36 kassaförvaltare.
1024 1349 133 56 Öfriga
1196 1356 168 47 göromål
1404 1354 158 36 fördelas
1592 1354 95 36 efter
1713 1353 202 36 nämndens
1943 1359 81 41 eget

416 1407 274 50 ompröfvande.
744 1408 69 36 För
853 1408 130 43 medel,
1024 1420 77 23 som
1139 1407 183 35 nämnden
1363 1406 118 36 under
1508 1406 56 35 sin
1590 1404 227 47 förvaltning
1844 1403 89 45 haft,
1962 1417 63 22 an-

416 1472 105 23 svara
547 1459 202 36 nämndens
776 1459 205 35 ledamöter
1008 1463 237 44 gemensamt.
1287 1457 130 36 Denna
1443 1456 233 47 ansvarighet
1702 1454 133 37 fortfar
1862 1455 58 36 till
1943 1454 82 37 dess

416 1509 272 48 förvaltningen
728 1509 126 36 blifvit
894 1510 174 46 antingen
1109 1508 39 36 af
1185 1507 354 50 kyrkofullmäktige
1566 1507 99 45 eller,
1694 1519 60 23 om
1782 1505 154 36 klander
1962 1518 63 23 an-

417 1561 134 44 ställes,
593 1560 40 36 af
669 1560 276 36 vederbörande
985 1560 158 35 domstol
1169 1558 184 50 godkänd,
1383 1559 89 34 eller
1498 1557 67 36 ock
1591 1558 57 35 till
1675 1557 81 36 dess
1784 1561 79 31 natt
1890 1556 68 36 och
1985 1559 41 32 år

417 1611 93 35 efter
549 1612 310 47 räkenskapernas
887 1611 227 35 aflämnande
1140 1609 171 45 förflutit,
1341 1614 91 30 utan
1459 1613 53 31 att
1539 1607 153 36 klander
1718 1608 12 34 i
1758 1607 82 48 laga
1867 1607 159 47 ordning

416 1661 127 36 blifvit
569 1662 185 36 anställdt.

553 1711 383 49 Räkenskapsföraren
954 1712 140 48 åligger
1113 1717 55 30 att
1187 1711 95 35 hålla
1301 1709 220 49 fullständig
1536 1709 202 47 räkenskap
1753 1708 104 36 öfver
1872 1708 153 48 kyrkor-

418 1775 66 23 nas
523 1763 271 48 tillhörigheter
826 1768 95 31 samt
952 1763 70 35 den
1048 1774 272 37 gemensamma
1346 1760 268 49 kyrkokassans
1641 1760 204 35 inkomster
1872 1758 67 36 och
1967 1763 58 31 ut-

417 1813 121 49 gifter.
593 1813 306 49 Räkenskaperna
939 1812 152 37 afslutas
1133 1812 82 36 med
1256 1811 215 36 kalenderår
1510 1811 66 35 och
1608 1810 174 47 granskas
1809 1808 42 36 af
1874 1808 45 36 de
1946 1808 84 36 utaf

418 1863 351 50 kyrkofullmäktige
809 1864 108 36 valda
956 1864 191 43 revisorer,
1190 1864 57 34 till
1287 1862 125 36 hvilka
1444 1862 43 36 de
1515 1861 56 36 för
1598 1861 101 35 detta
1727 1860 169 35 ändamål
1925 1860 101 35 skola

418 1915 175 36 aflämnas
620 1920 122 31 senast
769 1915 70 35 den
870 1917 44 33 15
944 1927 95 23 mars
1066 1913 209 48 påföljande
1303 1916 51 32 år.

552 1965 414 36 Revisionsberättelsen
1008 1966 92 35 skall
1141 1969 121 32 senast
1304 1964 72 35 den
1411 1966 43 33 15
1483 1963 92 47 april
1603 1963 175 35 aflämnas
1805 1962 58 35 till
1890 1961 135 48 kyrko-

419 2015 252 49 fullmäktiges
711 2016 231 44 ordförande,
982 2029 76 23 som
1086 2015 105 37 öfver
1217 2014 131 48 gjorda
1375 2013 284 48 anmärkningar
1686 2011 186 37 infordrar
1899 2010 126 36 veder-

419 2067 179 36 börandes
639 2066 255 48 förklaringar,
936 2066 185 36 hvarefter
1160 2065 353 50 kyrkofullmäktige
1553 2064 152 43 besluta,
1747 2060 189 38 huruvida
1963 2074 62 22 an-

419 2117 196 48 märkning
643 2121 58 32 må
727 2117 145 36 förfalla
899 2119 88 34 eller
1013 2118 114 47 laglig
1154 2117 130 47 åtgärd
1311 2115 177 49 vidtagas.

553 2168 89 45 Den,
684 2168 149 36 hvilken
873 2172 118 32 såsom
1029 2168 161 35 ledamot
1230 2168 88 35 eller
1344 2166 195 48 suppleant
1565 2165 12 35 i
1605 2161 306 53 kyrkonämnden
1938 2162 88 35 eller

421 2222 104 46 eljest
565 2228 40 28 är
644 2218 405 50 redovisningsskyldig
1075 2219 58 35 till
1162 2217 275 47 församlingen,
1467 2219 58 32 må
1552 2216 82 35 icke
1662 2213 114 46 väljas
1803 2212 57 36 till
1888 2213 139 35 revisor

1390 2330 6 10 [1
