1870 2808
511 166 104 27 Andra
643 166 214 34 lagutskottets
885 165 158 28 utlåtande
1071 174 37 18 nr
1129 167 48 29 66,
1575 165 18 31 r

778 395 67 40 Nr
871 395 66 40 66.

546 488 125 27 Ankom
694 488 46 27 till
764 488 186 35 riksdagens
977 488 102 27 kansli
1105 488 61 27 den
1190 488 17 26 8
1230 488 69 34 juni
1325 487 75 27 1945
1424 487 40 27 kl.
1489 488 17 26 3
1531 491 57 23 em.

303 583 182 30 Utlåtande
503 585 10 29 i
532 583 186 39 anledning
739 593 41 21 av
802 583 102 31 väckt
922 585 131 29 motion
1071 593 56 21 om
1147 584 89 30 vissa
1255 583 188 39 ändringar
1463 585 10 28 i
1492 584 98 38 lagen

502 647 56 20 om
581 638 251 39 nyttjanderätt
853 638 52 30 till
927 638 68 37 fast
1017 638 176 39 egendom.

148 734 13 29 I
186 743 42 21 en
252 734 98 30 inom
374 734 111 30 andra
509 735 209 29 kammaren
745 734 114 35 väckt,
885 734 53 30 till
962 734 191 39 lagutskott
1179 734 172 30 hänvisad
1377 734 145 36 motion,
1549 744 41 20 nr

104 789 74 35 324,
199 788 115 30 vilken
334 788 205 30 behandlats
562 797 42 21 av
625 788 109 30 andra
755 788 232 39 lagutskottet,
1009 788 65 30 har
1097 789 81 29 herr
1198 788 130 39 Kempe
1352 798 43 20 m.
1420 788 37 38 fl.
1483 788 106 31 fram-

104 842 91 30 ställt
215 842 182 38 yrkanden
416 851 57 20 om
495 841 90 31 vissa
605 841 188 40 ändringar
814 841 10 30 i
845 842 18 29 2
886 842 79 39 kap.
989 842 49 35 10,
1060 842 51 35 45,
1136 842 40 30 59
1197 842 66 30 och
1284 842 38 30 61
1348 839 43 42 $$
1412 843 100 38 lagen
1532 851 58 21 om

104 895 250 39 nyttjanderätt
375 895 51 30 till
447 894 69 31 fast
540 895 178 39 egendom.

149 948 158 31 Nämnda
331 949 134 38 lagrum
489 949 91 30 hava
604 948 155 39 följande
782 948 143 39 lydelse:

792 1047 40 30 10
856 1044 30 41 8.

146 1110 233 30 Arrendatorn
397 1109 109 39 åligge
524 1112 50 27 att
592 1110 55 29 väl
666 1109 114 31 hävda
797 1109 123 39 jorden
939 1113 89 27 samt
1048 1109 107 32 vårda
1173 1111 65 29 och
1257 1109 206 32 underhålla
1483 1110 104 39 bygg-

101 1161 106 30 nader
223 1162 65 29 och
305 1162 119 39 övriga
439 1162 225 39 fastighetens
683 1163 259 39 tillhörigheter,
963 1163 38 30 så
1019 1166 49 27 att
1085 1163 74 30 icke
1179 1163 105 38 något
1302 1163 109 30 under
1428 1164 159 30 arrende-

100 1211 93 30 tiden
207 1212 200 37 försämras.
427 1214 204 32 Eftersätter
645 1217 70 30 han
730 1217 67 30 vad
815 1216 147 31 sålunda
978 1216 127 40 åligger
1123 1217 140 36 honom,
1281 1227 80 21 vare
1379 1218 70 30 han
1465 1217 124 40 pliktig

103 1266 49 27 att
181 1265 116 39 utgiva
326 1268 190 40 ersättning
545 1270 52 30 till
625 1270 208 40 jordägaren
863 1272 65 29 när
956 1271 207 39 fastigheten
1196 1271 172 36 avträdes;
1400 1270 114 32 finnes
1547 1271 43 31 då

103 1319 227 30 arrendatorn
352 1321 90 31 hava
465 1323 157 40 avhjälpt
642 1324 94 36 brist,
759 1334 75 21 som
854 1325 148 30 befanns
1024 1325 56 30 vid
1103 1324 174 36 tillträdet,
1301 1324 97 39 njute
1419 1325 70 30 han
1514 1325 75 30 där-

106 1370 56 30 för
187 1374 212 37 gottgörelse
425 1384 43 21 av
495 1376 221 40 jordägaren.

148 1428 65 30 Till
234 1428 225 31 efterrättelse
480 1430 129 30 mellan
631 1431 207 39 jordägaren
861 1433 66 30 och
951 1433 225 31 arrendatorn
1201 1434 99 35 skall,
1325 1435 63 30 där
1412 1434 32 39 ej
1468 1435 11 30 i
1502 1434 89 39 följd

102 1491 43 20 av
171 1483 334 30 överenskommelse
531 1484 180 39 bevisning
738 1484 179 40 angående
947 1486 224 39 fastighetens
1201 1486 99 31 skick
1328 1489 39 29 är
1398 1488 191 39 obehövlig,

103 1534 110 31 hållas
232 1545 74 29 syn,
328 1536 65 30 när
412 1535 207 40 fastigheten
639 1537 166 31 tillträdes
827 1539 66 30 och
915 1540 65 29 när
999 1540 66 30 den
1085 1540 169 31 avträdes.
1290 1540 42 39 Ej
1354 1540 58 31 må
1433 1541 11 30 i
1464 1542 127 30 avtalet

103 1588 133 39 intagas
259 1588 182 37 förbehåll,
466 1599 74 21 som
562 1591 81 30 med
665 1592 168 30 avseende
856 1591 21 31 å
898 1593 67 30 sätt
987 1593 66 30 och
1074 1593 50 31 tid
1146 1593 56 31 för
1226 1603 126 30 synens
1375 1594 215 31 förrättande

103 1642 81 29 eller
207 1642 222 31 beträffande
453 1643 157 39 fullföljd
632 1654 42 20 av
697 1645 94 30 talan
814 1648 73 28 mot
910 1655 107 30 synen
1040 1646 125 31 strider
1186 1651 73 26 mot
1284 1648 67 30 vad
1375 1648 113 30 nedan
1511 1648 11 30 i
1551 1649 36 29 11

104 1695 85 29 -—13
211 1693 42 41 $$
274 1696 40 29 är
335 1696 144 39 stadgat.
516 1697 72 30 Har
609 1697 124 31 sådant
753 1698 173 31 förbehåll
952 1700 97 35 skett,
1073 1710 80 20 vare
1176 1701 55 29 det
1255 1704 83 27 utan
1362 1702 138 29 verkan.

791 1796 41 30 45
857 1794 29 40 8.

149 1854 183 31 Förbehåll
352 1855 10 29 i
381 1857 249 35 arrendeavtal,
652 1860 49 27 att
721 1858 228 30 arrendatorn
970 1859 87 30 skall
1076 1859 51 30 till
1145 1860 207 39 jordägaren
1374 1861 81 30 eller
1474 1870 117 21 annan

106 1908 120 38 utgöra
247 1908 126 36 arbete,
396 1908 57 31 må
474 1909 31 39 ej
527 1910 170 30 innefatta
719 1911 196 39 skyldighet
940 1911 54 30 för
1018 1912 227 30 arrendatorn
1269 1916 49 27 att
1341 1912 45 40 på
1409 1914 182 39 tillsägelse

106 1962 119 37 utgöra
251 1961 230 38 tjänstbarhet
506 1964 121 29 utöver
654 1963 163 31 fastställt
843 1965 95 29 antal
964 1965 213 39 dagsverken
1204 1966 82 30 cller
1312 1970 106 26 annat
1444 1967 148 30 bestämt

105 2014 124 30 arbete.
263 2014 85 30 Sker
368 2016 214 36 annorledes,
606 2026 80 20 vare
705 2016 206 32 förbehållet
933 2020 83 28 utan
1039 2019 139 29 verkan.

150 2067 92 30 Skall
263 2069 227 29 arrendatorn
513 2069 105 39 enligt
640 2071 274 29 arrendeavtalet
938 2072 121 38 utgöra
1081 2072 213 38 dagsverken
1316 2074 65 28 och
1403 2075 39 28 är
1463 2073 31 38 ej
1518 2074 73 30 däri

105 2120 156 36 bestämt,
282 2121 91 30 huru
395 2122 97 30 dessa
515 2123 98 30 skola
633 2123 151 30 fördelas
805 2123 20 30 å
849 2124 171 30 särskilda
1040 2124 89 30 tider
1148 2134 43 21 av
1213 2124 83 36 året,
1321 2126 88 30 skall
1430 2127 78 29 hela
1531 2136 59 21 an-

106 2173 80 30 talet
206 2174 214 38 dagsverken
439 2175 111 38 jämnt
568 2175 151 31 fördelas
738 2175 44 40 på
801 2175 90 31 årets
910 2177 125 30 veckor
1053 2178 10 29 i
1082 2178 66 30 den
1167 2177 81 31 mån
1268 2179 56 29 det
1343 2179 69 30 kan
1432 2180 69 29 ske.
1526 2179 66 31 För

106 2229 93 38 varje
218 2229 186 30 arrendeår
422 2229 89 35 eller,
531 2229 61 30 där
612 2229 125 30 avtalet
754 2228 193 32 innehåller
964 2229 179 31 föreskrift
1161 2240 57 20 om
1236 2232 192 38 utgörande
1446 2242 42 20 av
1511 2233 81 30 visst

106 2283 93 29 antal
218 2282 214 38 dagsverken
450 2282 108 29 under
578 2282 68 30 viss
663 2281 50 30 tid
731 2291 42 21 av
793 2281 82 36 året,
895 2282 55 30 för
969 2282 94 38 varje
1081 2282 108 31 sådan
1208 2283 50 30 tid
1277 2284 88 30 skall
1385 2284 207 40 jordägaren

107 2335 9 29 i
133 2335 65 38 god
217 2335 48 29 tid
282 2334 95 30 förut
393 2335 116 29 lämna
529 2335 228 29 arrendatorn
775 2334 138 39 uppgift
934 2333 20 32 å
971 2335 41 30 de
1030 2335 116 39 dagar,
1168 2335 43 31 då
1231 2337 70 29 han
1319 2337 64 29 har
1403 2340 49 27 att
1470 2339 123 38 utgöra

107 2388 221 38 dagsverken.
366 2387 42 38 Ej
433 2397 89 25 vare,
546 2386 92 32 ändå
660 2390 49 28 att
731 2388 126 30 avtalet
880 2388 218 30 annorlunda
1121 2388 218 37 bestämmer,
1364 2391 227 30 arrendatorn

106 2441 121 39 pliktig
253 2443 49 28 att
325 2441 55 29 för
404 2441 146 30 arbetets
576 2440 184 31 utförande
783 2440 138 31 inställa
946 2440 50 40 sig
1020 2441 74 30 förr
1119 2442 44 29 än
1188 2441 19 31 å
1234 2443 110 29 andra
1371 2443 109 38 dagen
1507 2444 87 30 efter

146 2512 118 34 Bihang
284 2513 45 25 till
348 2512 180 34 riksdagens
547 2512 156 34 protokoll
724 2512 82 26 1945.
826 2512 17 25 9
864 2511 87 27 saml.
973 2512 16 26 2
1009 2512 68 26 avd.
1098 2512 42 26 Nr
1162 2513 44 26 66.
1578 2519 8 24 1
