2214 2614
425 214 18 28 2
664 212 105 30 Andra
789 212 182 29 kammarens
994 212 93 29 andra
1110 211 153 37 tillfälliga
1284 212 125 29 utskotts
1432 210 149 30 utlåtande
1602 211 47 29 Nr
1671 209 31 31 3.

383 293 216 34 natursmör
636 288 70 38 har
738 288 114 37 äfven
878 288 328 48 nödvändiggjort
1232 293 56 31 ett
1315 287 137 37 sådant
1479 286 364 49 försiktighetsmått
1869 285 118 38 redan

383 340 65 37 vid
490 339 254 48 margarinets
784 338 272 38 saluhållande.
1110 338 151 37 Genom
1302 338 213 36 detsamma
1553 337 72 37 och
1659 336 119 37 andra
1809 336 180 48 åtgärder

385 391 70 36 har
482 390 118 37 också
621 390 169 45 vunnits,
818 394 54 32 att
899 389 169 49 köparen
1096 388 41 37 af
1160 401 119 24 varan
1303 389 32 48 ej
1361 388 187 37 behöfver
1567 387 134 37 sväfva
1719 387 13 36 i
1749 386 241 48 okunnighet

384 454 63 24 om
475 440 100 37 hvad
602 439 67 37 det
695 445 43 32 är
765 440 75 36 han
867 439 69 47 får,
964 439 73 37 och
1064 442 41 33 så
1131 439 59 36 till
1206 439 88 37 vida
1313 444 42 32 är
1373 438 67 38 allt
1458 438 95 48 godt
1569 438 72 37 och
1659 437 75 37 väl.
1777 437 123 48 Ingen
1918 437 71 36 bör

383 491 199 47 nämligen
620 491 196 36 förmenas
844 495 54 31 att
925 490 120 37 skaffa
1073 490 61 48 sig
1162 489 66 37 det
1254 489 174 48 billigare
1456 489 245 48 margarinet,
1730 501 61 24 om
1820 488 75 36 han
1922 487 67 36 vill

380 542 90 48 nöja
486 541 61 48 sig
566 541 89 36 med
670 540 117 48 detta,
803 541 73 36 och
890 540 65 37 det
969 545 42 32 är
1024 540 57 37 till
1096 541 191 48 köparens
1303 540 122 46 bästa,
1441 553 82 23 som
1539 539 117 37 sådan
1672 538 142 37 anstalt
1829 539 160 45 träffats,

381 597 56 32 att
475 592 76 36 han
591 591 33 48 ej
654 591 186 37 behöfver
861 591 147 37 riskera
1035 596 55 31 att
1113 591 129 36 betala
1267 591 60 36 för
1353 595 218 32 natursmör
1598 603 89 23 men
1715 589 38 37 få
1781 588 204 49 margarin.

515 642 91 36 Men
632 641 47 38 de
707 641 231 38 omnämnda
965 641 377 49 skyddsåtgärderna
1369 641 118 37 verka
1513 641 85 36 icke
1626 639 123 38 heller
1776 639 134 47 längre
1938 643 49 32 än

381 698 56 33 att
464 692 150 49 skydda
641 692 385 48 margarinköparens
1053 697 85 32 rätt.
1193 691 62 37 Nu
1282 697 41 31 är
1350 691 66 37 det
1443 691 100 37 dock
1571 693 52 45 så,
1652 695 55 32 att
1724 690 65 37 det
1815 690 5 36 i
1834 690 152 46 många,

380 744 148 36 kanske
555 742 163 38 fertalet
744 743 66 37 fall
837 742 85 37 icke
942 747 41 32 är
998 742 365 50 margarinköparen
1378 741 95 37 eller
1486 742 96 36 hans
1598 741 132 49 familj,
1746 753 82 23 som
1844 740 58 36 till
1917 740 71 36 sist

381 799 43 32 är
450 793 76 37 den
553 793 175 48 verkliga
756 793 282 37 konsumenten
1053 793 41 37 af
1105 806 128 24 varan.
1271 793 140 47 Ifråga
1427 806 59 23 om
1501 797 264 31 restauranter
1781 791 72 36 och
1869 790 119 37 andra

381 844 223 49 spisställen
645 849 100 31 samt
782 845 13 35 i
835 844 108 47 fråga
975 857 62 24 om
1078 844 143 47 bagare
1262 844 71 36 och
1365 842 120 38 andra
1512 841 477 50 lifsemedelsproducenter

382 908 34 24 0.
445 908 30 23 8.
505 908 47 35 V.,
581 894 129 37 hvilka
737 894 175 37 använda
940 894 203 48 margarin,
1172 899 43 32 är
1231 893 65 37 det
1312 894 209 46 kunderna,
1541 906 83 23 som
1641 893 102 48 köpa
1758 892 72 36 och
1846 892 144 36 förtära

382 945 137 37 denna.
571 945 89 37 Men
698 944 134 38 därvid
858 945 123 36 finnes
1008 945 217 47 ingenting,
1254 957 82 24 som
1363 944 187 49 upplyser
1577 943 87 37 dem
1693 956 77 33 om,
1798 941 191 37 huruvida

383 995 75 37 den
500 1000 88 41 mat,
628 1008 84 24 som
740 995 169 49 utgifves
938 1009 89 23 vara
1053 995 160 48 tillagad
1241 995 88 36 med
1356 999 230 42 natursmör,
1615 994 95 36 eller
1737 993 69 37 det
1833 997 155 41 »smör>,

382 1059 83 24 som
503 1058 173 25 serveras
717 1049 49 44 på
801 1045 144 47 bordet,
972 1051 43 32 är
1041 1046 194 46 margarin
1263 1045 93 36 eller
1382 1049 230 32 natursmör.
1667 1044 59 36 Då
1754 1056 89 24 man
1871 1048 78 41 vet,
1977 1042 12 36 i

381 1097 72 36 hur
480 1096 79 49 hög
584 1096 96 49 grad
708 1096 233 48 margarinet
962 1096 14 37 i
1002 1099 90 34 våra
1120 1096 123 48 dagar
1268 1095 108 48 ingår
1402 1096 13 35 i
1443 1094 349 48 matberedningen
1814 1096 20 34 å
1853 1093 137 37 offent-

381 1147 79 48 liga
487 1147 157 46 lokaler,
672 1146 71 37 hos
769 1146 144 48 bagare
941 1159 33 24 o.
1000 1160 29 23 s.
1054 1160 47 31 v.,
1129 1146 106 36 inser
1263 1159 97 34 man,
1389 1150 56 32 att
1473 1146 70 35 här
1569 1144 215 48 föreligger
1814 1157 49 23 en
1875 1144 114 36 lucka

381 1198 13 36 i
423 1198 128 47 lagen,
579 1198 116 36 hvars
723 1196 214 49 stadgande
964 1202 42 31 är
1032 1197 232 36 tillkommet
1289 1200 50 46 på
1366 1209 48 23 en
1441 1195 193 49 tidpunkt,
1663 1195 49 36 då
1736 1208 90 23 man
1856 1194 132 37 säker-

380 1248 107 48 ligen
524 1247 84 37 icke
640 1247 188 50 förutsåg,
856 1247 157 37 hvilken
1040 1247 236 48 utbredning
1303 1246 254 48 margarinets
1580 1245 255 48 användning
1863 1243 126 39 skulle

381 1298 48 37 få.
482 1298 78 37 Vill
600 1311 88 24 man
726 1301 51 46 på
818 1303 56 31 ett
907 1298 174 37 effektivt
1108 1302 76 32 sätt
1212 1297 147 48 skydda
1386 1297 75 37 den
1489 1295 310 38 konsumerande
1832 1296 158 36 allmän-

382 1349 139 38 hetens
547 1353 75 33 rätt
648 1354 57 31 att
730 1348 201 48 verkligen
958 1348 38 36 få
1022 1353 101 40 veta,
1148 1362 61 23 om
1239 1347 65 37 det
1331 1361 81 23 sB&om
1441 1347 137 48 bjudes
1606 1352 41 31 är
1675 1346 200 48 margarin
1896 1346 94 37 eller

383 1400 230 47 konstsmör,
655 1402 41 34 så
735 1400 76 36 kan
843 1411 87 24 man
961 1399 86 37 icke
1074 1399 137 48 längre
1237 1398 209 37 inskränka
1475 1397 61 48 sig
1562 1396 58 37 till
1647 1396 303 37 bestämmelsen
1977 1396 13 36 i

382 1463 94 36 nyss
504 1449 167 38 citerade
698 1448 257 50 lagparagraf.

517 1501 75 36 Det
631 1500 213 49 föreligger
882 1500 114 37 äfven
1036 1504 55 32 ett
1131 1499 183 37 särskildt
1353 1499 84 36 skäl
1477 1498 58 37 till
1575 1503 55 32 att
1658 1497 264 38 allmänheten
1950 1497 34 48 ej

381 1551 121 38 hålles
528 1552 13 36 i
568 1551 240 47 okunnighet
834 1564 62 23 om
925 1550 271 47 förhållandet,
1225 1550 48 37 då
1300 1549 74 38 den
1403 1548 136 50 bjudes
1556 1552 49 46 på
1620 1548 369 48 margarin
1834 1544 19 58 i
1874 1548 115 48 någon

381 1602 111 37 form.
545 1601 115 38 Detta
699 1601 84 38 skäl
821 1606 42 32 är
890 1601 41 37 af
953 1600 207 50 hygienisk
1188 1606 121 31 natur.
1364 1600 74 37 Det
1465 1600 70 36 har
1561 1599 198 48 nämligen
1787 1599 101 36 visat
1916 1598 72 47 sig,

381 1658 56 31 att
477 1653 291 36 konkurrensen
808 1651 415 49 margarinfabrikerna
1263 1650 163 38 emellan
1467 1650 141 37 förledt
1636 1664 48 23 en
1714 1649 62 38 del
1807 1649 42 37 af
1874 1649 116 36 dessa

382 1709 56 31 att
480 1703 175 37 använda
694 1706 156 34 råvaror
887 1702 42 37 af
959 1708 85 31 rent
1071 1702 42 37 af
1135 1701 243 48 hälsovådlig
1407 1701 278 37 beskaffenhet.
1740 1700 18 36 I
1787 1699 136 47 början
1952 1698 42 38 af

382 1753 127 38 denna
548 1753 136 38 månad
724 1752 210 38 omtalades
975 1753 160 36 sålunda
1174 1752 13 36 i
1228 1753 167 36 svenska
1426 1751 206 48 tidningar,
1661 1756 56 31 att
1744 1749 246 50 Hygieniska

381 1804 192 37 institutet
617 1804 6 36 i
661 1804 201 47 Hamburg
902 1803 83 37 haft
1025 1816 47 23 en
1114 1808 81 31 stor
1235 1802 145 48 mängd
1421 1801 285 49 margarinprof
1735 1801 85 36 från
1849 1800 140 37 Altona

383 1854 319 49 margarinfabrik
728 1854 59 37 till
813 1853 300 48 undersökning,
1143 1853 48 37 då
1218 1853 66 37 det
1309 1854 101 36 visat
1438 1853 71 48 sig,
1539 1858 55 31 att
1619 1851 242 38 förtärandet
1880 1851 114 36 häraf

382 1905 83 37 haft
492 1918 107 36 mag-
625 1906 73 37 och
725 1904 322 49 tarmsjukdomar
1072 1903 59 38 till
1157 1903 106 50 följd.
1315 1903 91 37 Med
1435 1904 159 49 profven
1615 1903 201 46 företogos
1837 1902 152 48 experi-

381 1961 107 33 ment
527 1960 48 44 på
613 1955 163 48 hundar,
816 1969 82 23 som
938 1955 239 37 omedelbart
1216 1954 230 49 insjuknade
1482 1954 71 36 och
1580 1954 105 46 fingo
1715 1952 150 48 häftiga
1892 1965 98 35 upp-

382 2007 235 48 kastningar.
671 2006 76 38 Vid
774 2006 149 37 kemisk
949 2005 294 48 undersökning
1270 2004 250 47 fastställdes,
1549 2009 54 32 att
1629 2003 288 49 förgiftningen
1934 2001 56 36 får

381 2056 224 39 tillskrifvas
633 2062 56 32 ett
716 2057 197 48 fettämne,
942 2069 83 24 som
1054 2056 33 49 ej
1119 2055 104 37 förut
1241 2056 188 37 användts
1444 2055 58 36 till
1516 2053 297 49 näringsmedel.
1860 2053 128 47 Detta,

384 2108 117 37 hvars
528 2121 115 24 namn
670 2112 43 32 är
739 2107 197 37 kardamol
963 2107 72 37 och
1063 2106 197 37 tillverkas
1287 2105 41 38 af
1348 2119 48 22 en
1416 2105 161 49 engelsk
1596 2105 121 46 firma,
1737 2105 254 36 härstammar

385 2159 86 36 från
510 2158 136 37 Indien
684 2158 73 37 och
795 2158 83 37 från
904 2158 109 36 fröna
1039 2161 49 45 på
1115 2170 50 23 en
1192 2161 102 43 växt,
1323 2169 80 23 som
1432 2157 70 35 har
1529 2161 79 31 stor
1634 2155 123 37 likhet
1784 2153 87 37 med
1901 2153 90 37 äkta

384 2209 185 49 ceylonsk
595 2209 299 37 kardemumma.
948 2208 130 37 Under
1104 2213 157 31 namnet
1288 2206 151 38 maratti
1467 2207 56 36 lär
1542 2206 104 37 detta
1664 2207 188 35 fettämne
1874 2204 117 49 säljas

384 2259 177 38 öfverallt
586 2259 13 37 i
624 2259 167 50 Europa.
