2218 2614
218 1797 140 26 Utskottets

217 1833 133 32 yttrande.

421 208 19 29 4
666 206 109 30 Andra
796 208 183 28 kammarens
1001 206 93 29 andra
1118 205 153 38 tillfälliga
1292 205 121 30 utskotts
1434 206 149 29 utlåtande
1603 206 47 29 Nr
1673 207 27 28 3.

378 285 114 47 kaffe,
515 286 50 46 té,
593 282 190 38 chokolad
808 302 49 4 —
881 287 56 32 att
959 282 48 37 de
1035 281 248 49 synnerligen
1312 281 78 37 ofta
1417 286 65 32 äro
1502 280 282 38 underkastade
1804 280 179 38 förfalsk-

380 335 152 49 ningar,
556 335 78 37 ofta
660 334 12 36 i
700 337 43 33 så
766 333 78 48 hög
871 332 109 49 grad,
1008 337 55 32 att
1085 332 47 37 de
1161 337 139 42 utgöra
1327 332 82 36 helt
1437 332 119 37 andra
1583 345 113 24 varor
1714 336 48 32 än
1782 331 61 46 de,
1862 332 122 36 under

379 386 150 37 hvilkas
568 398 117 24 namn
727 384 47 36 de
812 383 191 49 försäljas.
1057 382 56 37 Då
1152 396 53 23 nu
1249 382 198 37 dessutom
1476 382 268 37 erfarenheten
1767 381 58 37 till
1853 381 132 49 fyllest

380 437 115 46 visat,
535 441 55 32 att
631 440 57 31 ett
725 434 34 49 ej
799 433 110 49 ringa
949 433 102 37 antal
1092 433 41 37 af
1173 433 113 37 dessa
1312 432 304 49 förfalskningar
1642 433 36 47 ej
1708 432 121 37 sällan
1856 433 128 36 kunna

380 500 92 24 vara
511 487 41 36 af
584 485 171 48 verkligt
792 484 240 48 hälsovådlig
1070 483 277 46 beskaffenhet,
1375 496 117 37 synes
1519 483 213 50 tillbörligt,
1760 488 56 32 att
1843 482 141 38 sådana

380 551 114 23 varor
520 537 13 36 i
551 538 164 49 främsta
752 540 163 31 rummet
953 535 126 36 blefve
1102 534 161 37 föremål
1291 534 59 36 för
1376 548 49 23 en
1452 533 108 50 dylik
1578 533 181 48 kontroll,
1786 533 129 37 därest
1937 546 47 23 en

385 587 159 38 effektiv
584 587 121 36 sådan
745 597 89 25 vore
870 585 137 49 möjlig
1043 590 54 31 att
1123 584 129 48 vinna,
1280 584 201 38 hvaremot
1509 598 48 24 en
1583 584 169 37 kontroll
1779 583 41 37 af
1842 584 143 47 ifråga-

381 638 169 37 varande
587 635 267 40 beskaffenhet
887 635 87 37 icke
1016 648 115 35 synes
1158 635 190 36 utskottet
1375 635 43 37 af
1440 634 183 38 behofvet
1645 634 178 50 påkallad
1849 635 60 36 för
1937 647 49 24 en

380 703 92 23 vara
512 688 118 37 sådan
659 700 81 24 som
769 686 244 48 margarinet,
1041 686 114 36 hvars
1178 685 218 37 förtärande
1425 685 35 48 ej
1491 685 13 37 i
1530 688 126 46 någon
1685 688 88 34 mån
1800 685 100 36 visat
1926 685 61 48 sig

387 739 173 37 medföra
587 737 169 48 menliga
783 736 170 49 följder.»

519 789 143 48 Kungl.
706 786 432 50 landtbruksstyrelsen,
1184 799 83 24 som
1310 786 159 49 nyligen
1506 785 204 38 inkommit
1748 785 59 37 till
1842 785 142 48 Kungl.

381 841 108 48 Maj:t
528 839 88 37 med
651 837 220 38 utarbetadt
898 838 145 46 förslag
1081 836 58 38 till
1175 836 164 50 förnyad
1378 837 118 48 nådig
1535 836 226 48 förordning
1787 836 199 48 angående

385 890 169 37 kontroll
582 893 21 34 å
630 888 304 48 tillverkningen
962 888 41 36 af
1022 887 193 48 margarin
1244 887 71 37 och
1342 887 257 48 margarinost
1625 887 202 37 äfvensom
1856 886 131 37 konst-

381 942 96 36 ister
516 941 73 37 och
616 939 170 38 handeln
813 938 156 37 därmed
985 958 50 5 —
1062 938 105 37 detta
1194 942 171 33 närmast
1391 938 13 36 i
1428 937 210 48 anledning
1676 937 42 37 af
1755 937 73 37 den
1866 936 122 37 under

382 997 154 32 senaste
577 994 92 33 åren
696 991 13 35 i
736 990 97 36 bruk
873 989 140 36 komna
1047 1001 28 23 8.
1105 989 36 36 k.
1165 989 349 47 växtmargarinen,
1541 993 123 44 yttrar
1690 987 88 37 med
1805 986 181 39 afseende

387 1045 50 47 på
463 1043 13 36 i
499 1042 196 37 motionen
722 1040 200 49 påpekade
950 1038 266 38 förhållanden
1242 1038 186 48 följande:

520 1091 215 48 »Slutligen
785 1090 68 36 har
892 1088 421 48 lanvdtbruksstyrelsen
1353 1088 87 38 icke
1481 1088 122 37 heller
1645 1092 129 32 ansett
1811 1087 177 49 lämpligt

382 1156 94 24 vara
517 1148 69 40 att,
625 1146 127 33 såsom
793 1140 208 47 föreslaget
1032 1139 136 47 blifvit,
1197 1139 195 37 utsträcka
1418 1138 301 48 förordningens
1745 1137 243 50 tillämpning

385 1198 55 43 så,
482 1198 56 32 att
565 1193 76 36 den
664 1193 154 36 komme
843 1196 55 31 att
924 1190 103 47 gälla
1054 1190 114 36 äfven
1197 1189 150 47 ställen,
1375 1190 69 36 där
1471 1190 191 48 margarin
1690 1201 177 24 serveras
1895 1188 94 37 eller

382 1245 113 47 ingår
521 1244 13 36 i
562 1244 74 36 den
675 1242 138 48 lagade
854 1246 92 42 mat,
983 1253 81 24 gom
1102 1239 314 38 tillhandahålles
1456 1244 130 44 gäster
1614 1242 21 34 å
1661 1238 198 49 offentliga
1890 1239 98 48 spis-

383 1295 159 47 lokaler,
585 1294 94 37 eller
720 1293 47 36 de
803 1291 77 47 fall,
921 1291 48 37 då
995 1292 13 36 i
1035 1290 162 37 salubod
1236 1291 93 36 eller
1356 1293 22 34 å
1400 1295 129 44 öppen
1569 1289 101 50 plats
1693 1290 161 48 afyttras
1881 1289 107 47 bröd,

384 1345 110 37 hvari
530 1343 194 50 margarin
763 1343 134 47 ingått.
951 1342 76 37 Det
1067 1341 70 37 bör
1176 1341 197 49 nämligen
1403 1340 283 49 ihågkommas,
1713 1345 56 31 att
1796 1339 192 49 margarin

384 1396 101 37 dock
525 1400 42 32 är
607 1400 56 32 ett
702 1392 248 51 synnerligen
978 1391 96 49 godt
1101 1391 74 37 och
1198 1391 126 48 billigt
1350 1391 217 47 födoämne,
1593 1391 62 36 för
1680 1390 117 37 hvars
1820 1390 168 37 använd-

385 1446 96 48 ning
514 1446 87 37 icke
643 1444 129 38 alltför
811 1448 103 32 stora
942 1442 239 47 svårigheter
1207 1442 94 37 böra
1328 1441 145 47 ställas,
1502 1441 73 37 och
1602 1441 68 36 det
1696 1441 75 36 kan
1795 1441 87 37 med
1905 1441 83 36 skäl

386 1501 120 32 sättas
529 1496 13 36 i
569 1496 121 48 fråga,
728 1493 188 37 huruvida
948 1507 86 23 man
1057 1492 86 37 icke
1172 1504 142 36 genom
1342 1491 201 38 öfverdrift
1568 1491 14 37 i
1608 1491 254 38 förevarande
1890 1492 98 36 afse-

387 1547 97 37 ende
514 1558 155 25 snarare
697 1544 140 37 skadar
863 1549 47 31 än
937 1556 149 35 gagnar
1112 1542 396 48 folkhushållningen,
1535 1542 48 38 då
1609 1542 66 37 det
1691 1542 135 49 dyrare
1846 1546 143 32 smöret

383 1600 49 46 på
468 1597 105 37 detta
596 1601 76 32 sätt
699 1596 174 36 kommer
900 1600 56 31 att
982 1594 58 37 till
1067 1598 121 32 större
1218 1593 61 37 del
1307 1597 49 32 än
1382 1593 61 37 för
1469 1593 238 37 närvarande
1736 1593 252 36 konsumeras

383 1650 105 35 inom
532 1647 131 37 landet
689 1647 14 36 i
731 1645 127 38 stället
897 1645 60 36 för
997 1649 55 32 att
1091 1648 236 45 exporteras.
1380 1644 77 36 För
1497 1643 119 49 öfrigt
1644 1643 110 37 torde
1781 1642 207 38 kontroll
1968 1638 23 59 i

384 1699 123 49 sagda
535 1697 184 38 afseende
749 1709 88 25 vara
863 1695 249 49 synnerligen
1135 1697 89 34 svår
1247 1700 54 31 att
1329 1694 297 37 åstadkomma.»

520 1798 72 38 Om
628 1798 116 37 också
781 1797 188 36 utskottet
1009 1796 83 36 icke
1132 1795 77 37 kan
1249 1795 57 37 till
1350 1794 92 37 fullo
1489 1794 87 37 dela
1615 1793 76 38 den
1730 1793 258 50 uppfattning,

387 1863 83 24 som
511 1850 90 36 kom
640 1848 59 37 till
740 1860 114 36 synes
876 1847 56 36 uti
963 1848 94 35 1895
1086 1849 60 33 års
1175 1846 69 36 här
1271 1846 114 36 ofvan
1413 1845 168 37 citerade
1608 1843 380 49 utskottsutlåtande,

386 1901 72 37 och
486 1900 86 37 icke
589 1899 123 37 heller
738 1898 76 37 kan
841 1897 94 49 gilla
962 1896 131 49 kungl.
1120 1895 439 50 landtbruksstyrelsens
1583 1894 184 49 ställning
1789 1894 60 37 till
1865 1895 126 36 denna

387 1951 124 48 fråga,
533 1949 184 39 särskildt
743 1949 102 36 hvad
872 1946 361 49 serveringsställen
1261 1947 93 36 eller
1379 1951 271 43 restauranger
1676 1945 191 48 beträffar,
1900 1951 90 31 utan

389 2014 124 34 anser,
555 2005 55 32 att
650 2012 147 24 samma
829 1998 302 46 bestämmelser,
1160 2010 83 24 som
1275 1996 102 49 gälla
1404 1996 60 37 för
1491 1996 261 49 detaljhandel
1778 1996 89 36 med
1894 2008 97 24 mar-

388 2052 123 47 garin,
554 2052 113 36 äfven
701 2050 119 37 borde
857 2049 216 36 utsträckas
1113 2053 57 32 att
1209 2047 103 48 gälla
1348 2047 60 37 för
1448 2046 175 50 offentlig
1665 2045 327 49 serveringslokal

390 2102 94 37 eller
523 2101 193 50 spisställe
751 2100 67 37 där
845 2100 192 47 margarin
1065 2111 188 35 serveras,
1282 2101 41 34 så
1349 2098 124 36 finner
1500 2098 60 47 sig
1585 2097 190 37 utskottet
1800 2095 117 37 likväl
1943 2099 50 46 på

389 2152 127 48 grund
545 2152 41 37 af
605 2152 155 47 frågans
788 2150 220 37 nuvarande
1035 2149 98 48 läge,
1161 2148 88 38 icke
1275 2149 130 36 kunna
1432 2147 154 38 förorda
1612 2147 106 38 bifall
1746 2146 58 38 till
1830 2146 163 37 berörda

392 2203 64 37 del
495 2203 42 37 af
573 2202 206 37 motionen.
833 2200 75 37 Det
942 2205 42 32 är
1020 2201 43 48 ju
1103 2205 56 32 att
1198 2204 153 43 antaga,
1379 2203 56 32 att
1461 2198 141 49 Kungl.
1631 2197 108 50 Maj:t
1764 2202 92 31 utan
1883 2196 110 37 Riks-
