1902 2760
281 158 39 30 16
595 158 120 31 Första
737 158 232 38 lagutskottets
991 159 173 32 utlåtande
1187 169 41 21 nr
1249 160 41 30 24
1312 159 40 31 år
1374 161 83 29 1962

277 266 63 32 Vid
361 267 93 31 detta
477 268 136 32 ärendes
636 267 199 39 behandling
857 268 62 32 har
941 267 150 33 närvarit

320 347 77 31 från
419 347 157 31 första
597 347 200 32 kammaren:
822 348 118 31 herrar
960 348 164 38 Ahlkvist,
1147 348 83 31 Erik
1252 348 177 41 Svedberg,
1450 347 177 40 Arvidson,
1648 348 117 31 fröken

280 400 175 42 Mattson”,
474 401 77 31 herr
568 400 256 39 Alexanderson,
843 401 60 32 fru
920 401 243 39 Wallentheim,
1182 402 117 33 herrar
1316 401 144 41 Hilding
1477 402 61 31 och
1555 401 206 39 Svanström;

323 480 79 32 från
419 481 148 32 andra
583 481 168 31 kamaren:
773 482 58 31 fru
848 481 111 33 Gärde
975 481 199 40 Widemar”,
1193 482 117 32 herrar
1327 482 165 32 Svensson
1508 482 13 31 i
1537 482 60 38 Vä,
1617 481 150 33 Gustafs-

281 544 57 21 son
360 535 11 30 i
393 534 114 40 Borås,
531 534 57 32 fru
609 535 160 38 Löfqvist,
792 535 120 31 fröken
932 535 197 40 Bergegren,
1152 535 118 32 herrar
1290 535 171 39 Haglund,
1484 535 203 32 Martinsson
1707 535 60 32 och

281 588 56 31 fru
360 588 224 32 Kristensson.

276 659 25 31 +)
321 661 33 30 Ej
374 662 172 24 närvarande
566 662 45 24 vid
631 661 170 25 utlåtandets
820 662 146 31 justering.

852 800 157 34 Särskilt
1033 801 165 40 yttrande

278 874 40 20 av
337 864 78 30 herr
434 864 255 32 Alexanderson.

320 917 53 31 En
400 917 172 39 möjlighet
599 921 50 28 att
677 918 10 30 i
715 918 105 32 förtid
846 918 48 31 bli
920 918 132 32 befriad
1078 919 80 31 från
1184 922 49 29 ett
1259 919 213 31 flerårsavtal
1497 919 68 31 kan
1590 929 82 21 vara
1696 918 68 32 lika

278 971 183 31 motiverad
485 971 213 32 beträffande
721 975 49 29 ett
792 982 24 21 s.
841 972 31 32 k.
897 972 364 40 försäkringsliknande
1282 973 93 31 avtal
1398 982 69 22 som
1490 973 12 31 i
1527 973 97 38 fråga
1647 982 53 22 om
1724 972 41 32 de

278 1025 165 38 egentliga
470 1025 344 39 försäkringsavtalen.
843 1025 196 32 Emellertid
1063 1035 99 29 synes
1187 1036 43 22 ur
1255 1025 186 39 lagteknisk
1465 1026 173 39 synpunkt
1662 1026 103 39 knap-

278 1081 74 35 past
373 1078 106 38 några
499 1078 104 32 andra
624 1078 210 39 möjligheter
854 1079 164 39 föreligga
1036 1079 54 32 till
1110 1079 132 39 lösning
1262 1089 41 21 av
1323 1079 124 39 frågan
1467 1080 44 31 än
1530 1079 163 32 särskilda
1712 1079 53 32 be-

277 1131 204 32 stämmelser
498 1132 158 38 antingen
674 1133 11 30 i
704 1132 411 39 försäkringsavtalslagen
1132 1133 82 32 eller
1230 1134 11 31 i
1260 1143 41 21 en
1319 1133 56 38 lag
1392 1143 42 21 av
1453 1133 123 31 allmän
1595 1132 169 39 räckvidd,

278 1189 23 27 t.
323 1195 49 21 ex.
397 1185 66 31 den
485 1185 167 32 allmänna
675 1186 211 39 avtalslagen.
911 1186 77 32 Som
1011 1187 162 31 utskottet
1194 1186 115 32 anfört
1331 1186 61 33 bör
1415 1186 122 39 frågan
1558 1196 52 22 om
1634 1186 42 32 de
1698 1186 67 32 för-

277 1238 307 39 säkringsliknande
615 1239 148 32 avtalens
794 1239 209 32 hänförande
1034 1239 109 33 under
1174 1240 411 38 försäkringsavtalslagen
1616 1240 71 32 icke
1718 1250 47 22 nu

277 1295 166 35 upptagas
467 1292 60 32 och
550 1293 121 38 frågan
694 1303 51 21 om
769 1303 42 22 en
834 1293 145 39 ändring
1002 1295 11 30 i
1037 1294 204 39 avtalslagen
1265 1295 39 30 är
1326 1304 42 21 av
1391 1295 107 30 större
1521 1293 161 32 räckvidd
1704 1293 60 32 och

277 1345 95 33 berör
388 1346 157 31 områden
560 1345 94 40 långt
669 1348 118 30 utöver
801 1346 65 33 vad
881 1357 71 21 som
967 1347 143 38 åsyftats
1125 1349 14 30 i
1152 1347 215 32 motionerna.
1384 1346 121 33 Ehuru
1521 1346 57 33 det
1593 1347 45 39 på
1654 1346 111 40 grund

277 1398 102 32 härav
400 1409 97 28 synes
519 1399 163 39 föreligga
703 1400 99 39 ringa
819 1400 116 38 utsikt,
958 1404 52 28 att
1031 1401 122 39 frågan
1175 1400 141 32 rörande
1337 1400 42 34 de
1400 1400 365 40 försäkringsliknande

277 1452 132 31 avtalen
426 1452 84 32 skall
527 1453 113 32 kunna
658 1453 85 33 lösas
759 1453 58 32 vid
835 1453 66 32 den
918 1464 43 21 av
978 1454 162 32 utskottet
1157 1453 178 34 förordade
1353 1454 223 39 utredningen
1594 1453 96 33 torde
1707 1453 58 33 det

276 1506 20 30 å
314 1505 106 32 andra
437 1506 98 31 sidan
551 1507 70 31 inte
638 1506 114 32 kunna
769 1507 176 32 föranleda
961 1508 108 38 någon
1087 1509 107 31 större
1212 1507 181 39 olägenhet,
1414 1512 51 30 att
1482 1507 42 33 de
1542 1508 12 31 i
1572 1507 94 33 detta
1681 1517 83 23 sam-

276 1559 167 39 manhang
464 1559 66 32 blir
551 1560 140 32 föremål
713 1560 55 32 för
788 1561 302 39 uppmärksamhet.

749 2475 25 20 R.
801 2474 33 21 W.
860 2474 135 22 Statlanders
1020 2474 80 26 boktr.,
1125 2473 70 23 Sthlm
1221 2477 57 20 1962.
