1888 2764
433 151 120 32 Första
575 153 231 38 lagutskottets
829 154 172 32 utlåtande
1024 165 41 22 nr
1087 157 41 29 24
1151 155 38 31 år
1212 157 82 29 1962
1571 155 38 29 11

122 261 139 37 givetvis
280 262 95 29 också
395 261 108 31 vända
522 262 50 37 sig
591 262 52 31 till
663 273 110 20 annan
794 263 318 38 försäkringsgivare
1133 264 59 30 och
1211 264 117 31 teckna
1348 264 189 39 försäkring
1557 264 53 30 för

121 315 40 21 en
187 305 181 38 tidsperiod
394 316 67 20 som
488 316 114 28 passar
627 307 117 31 honom
771 307 115 32 bättre.

163 350 53 30 Av
236 350 64 30 den
320 350 152 32 lämnade
494 351 227 37 redogörelsen
743 352 148 38 framgår
911 355 48 28 att
981 352 57 32 det
1056 352 58 32 vid
1135 352 92 31 tiden
1249 353 54 30 för
1324 356 47 29 ett
1392 353 217 38 försäkrings-

119 395 107 32 avtals
245 395 152 31 slutande
416 395 97 31 råder
530 396 203 38 fullkomligt
752 397 45 31 fri
815 397 206 32 konkurrens
1039 398 58 30 och
1117 401 51 27 att
1186 397 344 38 försäkringstagaren
1548 398 61 30 har

120 440 170 37 möjlighet
310 444 48 27 att
377 440 91 37 välja
486 440 63 31 den
566 441 195 30 avtalsform
779 451 66 20 som
864 451 114 28 passar
995 442 118 30 honom
1132 441 81 31 bäst.
1232 442 73 30 Den
1324 441 282 38 omständigheten

121 489 50 28 att
191 485 353 37 försäkringstagaren,
564 486 101 30 sedan
686 486 88 31 avtal
794 487 147 37 träffats,
961 486 66 31 blir
1045 486 136 31 bunden
1200 487 55 31 för
1273 487 66 31 viss
1358 486 50 31 tid
1427 486 94 31 torde
1541 487 68 30 icke

119 530 177 37 rimligtvis
313 530 115 30 kunna
446 530 166 31 betraktas
631 540 67 21 som
719 541 40 20 en
777 530 402 32 konkurrenshämmande
1199 531 178 39 företeelse,
1399 531 112 31 såvida
1530 541 77 20 man

121 574 69 31 icke
208 574 59 30 vill
285 575 95 37 påstå
399 577 49 28 att
467 574 93 37 varje
578 575 90 30 avtal
687 576 38 29 är
742 575 410 38 konkurrenshämmande,
1173 575 154 31 eftersom
1346 575 55 32 det
1421 575 11 30 i
1449 575 66 32 viss
1531 576 78 30 mån

120 619 65 30 kan
205 620 93 36 sägas
316 618 121 31 hindra
456 622 158 35 parterna
631 624 49 27 att
700 620 109 30 träffa
827 620 104 31 andra
951 621 98 30 avtal.
1069 620 104 37 Varje
1193 620 295 37 försäkringsavtal
1506 620 102 30 måste

121 664 42 30 ha
184 674 40 20 en
242 664 66 31 viss
325 663 108 38 löptid
453 664 59 31 och
531 664 144 38 längden
694 664 103 31 härav
815 664 60 31 bör
893 674 42 21 av
953 664 87 31 olika
1059 664 71 31 skäl
1149 674 82 21 vara
1249 664 140 31 föremål
1408 664 54 31 för
1480 663 129 32 absolut

119 708 220 32 avtalsfrihet.
360 706 94 33 Även
473 708 104 31 andra
596 708 158 31 områden
772 719 41 20 av
831 709 56 31 det
906 709 207 31 ekonomiska
1132 709 81 31 livet
1229 708 123 38 bjuder
1370 709 43 38 på
1431 709 91 30 avtal
1540 718 65 21 som

120 753 62 30 har
203 753 87 31 olika
310 752 103 39 längd
435 753 59 31 och
517 752 62 32 där
600 753 40 31 de
662 753 115 38 längre
799 753 132 31 avtalen
951 753 216 38 naturligtvis
1189 753 140 31 innebär
1351 763 41 21 en
1412 754 11 30 i
1444 752 66 33 viss
1532 753 76 31 mån

120 799 107 29 större
248 797 190 31 bundenhet
461 798 54 30 för
536 801 160 34 parterna
717 799 43 30 än
782 798 41 31 de
843 798 140 31 kortare.
1010 798 75 31 Som
1109 798 145 37 exempel
1276 798 66 30 kan
1364 798 136 31 nämnas
1522 798 85 30 låne-

120 842 212 38 marknaden,
354 842 62 31 där
435 842 56 31 det
510 842 218 31 förekommer
747 842 82 32 både
848 843 101 37 långa
967 843 60 31 och
1045 843 96 30 korta
1161 842 64 31 lån.
1249 842 97 31 Olika
1364 841 244 32 kreditinstitut

120 888 62 32 har
205 888 43 37 på
272 887 110 37 grund
404 897 41 20 av
468 887 265 32 verksamhetens
756 887 186 38 inriktning
964 887 106 31 skilda
1094 886 288 38 huvudprinciper
1404 886 57 31 vid
1484 886 124 38 långiv-

119 932 133 37 ningen.
274 932 104 37 Ingen
396 931 63 32 har
478 931 182 32 emellertid
679 932 88 30 velat
785 932 95 37 påstå
899 935 50 29 att
968 935 48 28 ett
1034 935 23 28 t.
1079 941 47 21 ex.
1147 931 230 31 tioårsbundet
1395 931 55 30 lån
1471 930 137 31 innebär

119 986 41 21 en
176 976 402 31 konkurrenshämmande
596 976 179 31 företeelse.
794 976 156 31 Tvärtom
967 977 39 29 är
1023 975 56 32 det
1097 975 138 32 allmänt
1251 979 184 34 accepterat
1454 978 51 28 att
1521 975 86 31 olika

117 1021 71 30 skäl
209 1022 66 29 kan
295 1020 160 31 motivera
478 1024 49 27 att
548 1031 41 20 en
611 1021 171 37 låntagare
804 1021 120 30 önskar
943 1024 49 28 ett
1013 1020 95 38 långt
1129 1030 84 28 resp.
1236 1020 75 33 kort
1332 1020 65 30 lån.

163 1070 59 30 Ett
244 1080 41 20 av
306 1069 41 31 de
368 1074 83 26 mest
472 1069 253 32 framträdande
746 1069 111 31 skälen
880 1070 54 30 för
955 1069 212 31 avtalsfrihet
1188 1069 43 38 på
1254 1068 218 31 förevarande
1493 1068 53 31 del
1568 1078 40 21 av

120 1113 356 39 försäkringsområdet
500 1133 42 3 —
568 1114 147 30 förutom
741 1113 63 31 den
830 1114 11 30 i
866 1114 76 30 vårt
966 1113 228 31 rättsväsende
1219 1112 101 31 sedan
1347 1112 156 38 gammalt
1529 1113 79 30 fast-

119 1159 116 38 slagna
259 1159 175 38 principen
458 1168 52 21 om
534 1158 211 31 avtalsfrihet
766 1177 42 4 —
830 1159 39 31 är
890 1161 51 29 att
964 1157 57 31 det
1043 1157 134 32 särskilt
1201 1157 11 30 i
1237 1157 97 38 fråga
1357 1167 51 21 om
1431 1157 86 31 vissa
1542 1157 66 30 för-

118 1204 175 38 säkringar
318 1205 38 29 är
381 1207 47 27 ett
453 1203 170 38 angeläget
649 1203 139 31 intresse
811 1203 55 30 för
890 1202 346 37 försäkringstagarna
1262 1202 59 30 och
1348 1201 259 38 försäkringsha-

120 1259 103 21 varna
244 1252 48 27 att
311 1249 115 30 kunna
446 1248 103 30 räkna
568 1247 74 31 med
662 1252 51 28 att
732 1246 345 39 försäkringsgivarna
1096 1246 66 31 blir
1181 1246 136 31 bundna
1336 1246 108 31 under
1462 1246 66 31 viss
1547 1245 59 32 tid.

120 1294 63 30 Det
205 1293 122 31 kanske
347 1297 84 26 mest
452 1292 199 38 utpräglade
674 1292 159 37 exemplet
856 1292 106 37 härpå
984 1292 38 30 är
1044 1290 288 38 livförsäkringen.
1358 1290 60 31 Om
1440 1300 77 20 man
1539 1300 68 21 som

120 1348 68 28 ung
208 1337 57 31 vid
286 1337 62 39 god
369 1338 93 30 hälsa
480 1337 136 31 tecknar
637 1347 41 20 en
697 1336 246 39 livförsäkring,
966 1336 38 32 är
1024 1335 56 32 det
1099 1335 185 31 värdefullt
1304 1339 51 27 att
1374 1338 74 27 veta
1470 1338 50 27 att
1541 1335 65 30 för-

118 1382 280 38 säkringsbolaget
430 1382 68 30 icke
528 1381 65 30 kan
623 1380 177 31 frånträda
829 1381 124 31 avtalet
982 1380 110 30 därest
1123 1378 277 31 hälsotillståndet
1431 1378 176 31 framdeles

118 1428 106 31 skulle
245 1427 187 30 försämras.
455 1426 264 31 Motionärernas
737 1426 221 38 uppfattning
978 1430 51 27 att
1049 1426 57 31 det
1126 1426 98 31 råder
1245 1426 123 31 förbud
1387 1432 68 27 mot
1476 1427 131 30 flerårs-

119 1473 89 29 avtal
234 1472 87 30 inom
347 1471 280 37 livförsäkringen
652 1471 39 30 är
715 1471 140 37 felaktig
878 1471 60 30 och
963 1480 96 28 synes
1084 1470 132 38 grunda
1239 1471 50 38 sig
1314 1471 44 37 på
1384 1481 40 20 en
1448 1480 158 21 samman-

119 1516 183 37 blandning
326 1515 75 30 med
425 1515 247 31 bestämmelsen
698 1516 10 30 i
735 1515 38 30 98
800 1516 17 40 $
843 1516 97 37 lagen
964 1525 51 20 om
1042 1515 306 37 försäkringsavtal.
1376 1515 115 37 Enligt
1515 1514 90 31 detta

119 1562 130 36 lagrum
271 1561 36 29 är
330 1560 345 37 försäkringstagaren
698 1560 30 37 ej
753 1560 130 38 skyldig
906 1563 49 27 att
977 1560 88 30 hålla
1089 1559 190 38 försäkring
1300 1559 57 31 vid
1380 1559 89 32 makt
1492 1569 113 28 genom

119 1605 169 37 betalning
308 1615 40 20 av
367 1605 124 37 premie
511 1605 54 30 för
590 1605 137 31 ”'senare
746 1604 153 40 period””,
920 1604 59 31 och
999 1604 123 38 premie
1142 1604 66 30 kan
1227 1604 91 37 förty
1338 1603 30 38 ej
1390 1604 156 32 utkrävas
1566 1614 39 20 av

117 1650 115 31 denne.
255 1651 115 29 Denna
393 1650 85 36 regel
500 1650 60 32 har
581 1649 181 31 emellertid
783 1649 68 31 icke
871 1648 158 31 avseende
1051 1649 42 37 på
1114 1648 208 37 avtalstiden,
1344 1648 58 31 och
1426 1649 53 29 för
1498 1648 106 38 övrigt

118 1696 38 30 är
176 1695 201 37 paragrafen
400 1695 69 30 icke
491 1693 190 36 tvingande.

162 1748 76 31 Som
259 1752 45 26 ett
326 1752 102 27 annat
449 1749 144 37 exempel
615 1749 43 37 på
679 1749 188 38 försäkring
887 1749 61 31 där
969 1749 320 38 försäkringstagare
1309 1750 59 30 och
1390 1749 215 37 försäkrings-

120 1793 120 30 havare
258 1793 69 30 ofta
348 1793 119 30 önskar
485 1793 113 35 längre
616 1794 157 30 avtalstid
792 1795 42 29 än
854 1798 46 27 ett
918 1794 38 30 år
973 1794 52 30 må
1044 1795 137 29 nämnas
1199 1793 308 37 kreditförsäkring.
1528 1793 78 30 För-

118 1837 177 36 säkringen
314 1837 64 29 kan
400 1837 196 37 exempelvis
615 1847 76 21 avse
711 1842 47 27 ett
776 1837 303 38 byggnadsföretag
1098 1848 67 20 som
1187 1842 53 26 tar
1259 1838 86 30 flera
1364 1838 38 30 år
1422 1838 9 29 i
1453 1837 151 37 anspråk.

120 1882 60 29 Det
204 1891 75 20 vore
303 1881 9 30 i
335 1885 45 27 ett
404 1881 117 30 sådant
545 1882 61 29 fall
630 1881 68 31 icke
721 1881 307 32 tillfredsställande
1050 1891 51 21 om
1125 1881 342 36 försäkringsgivaren
1490 1881 114 30 endast

117 1925 190 31 meddelade
328 1926 190 36 försäkring
538 1926 53 29 för
612 1930 47 26 ett
680 1926 46 40 år,
749 1926 153 30 eftersom
923 1925 320 37 försäkringstagare
1264 1926 59 29 och
1345 1925 259 37 försäkringsha-

120 1980 76 20 vare
220 1970 188 35 därigenom
435 1970 91 30 bleve
550 1970 105 29 ovissa
680 1980 48 20 om
754 1970 166 30 huruvida
942 1970 40 29 de
1005 1970 104 31 skulle
1134 1970 124 29 komma
1286 1973 49 26 att
1364 1970 30 29 få
1419 1970 96 35 något
1542 1970 64 29 för-

118 2014 259 38 säkringsskydd
402 2015 54 30 för
478 2014 61 30 den
566 2014 188 31 resterande
777 2014 93 31 delen
894 2024 40 21 av
957 2014 274 38 byggnadstiden.
1256 2014 66 30 Vid
1347 2024 37 20 en
1410 2013 197 38 bedömning

117 2070 41 19 av
179 2059 63 30 den
263 2070 39 19 av
324 2059 242 30 motionärerna
589 2059 112 30 väckta
726 2060 118 35 frågan
866 2059 101 29 måste
987 2069 75 19 man
1086 2058 162 36 nämligen
1272 2058 86 30 hålla
1384 2058 5 29 i
1412 2058 122 30 minnet
1556 2061 48 26 att

123 2103 342 35 försäkringsgivarna
484 2103 67 30 icke
571 2104 38 29 är
626 2102 152 37 skyldiga
797 2106 49 27 att
864 2102 148 31 meddela
1033 2102 198 36 försäkring,
1252 2106 81 26 utan
1354 2102 9 29 1
1383 2102 130 37 princip
1534 2103 72 36 prö-

118 2158 58 19 var
198 2147 91 36 varje
312 2148 182 29 inkommen
514 2148 154 29 ansökan.
692 2147 190 30 Förbundet
904 2147 127 30 bortser
1050 2146 119 30 härvid
1191 2147 77 29 från
1290 2146 62 30 den
1373 2146 232 37 obligatoriska

118 2192 346 34 trafikförsäkringen.

160 2245 243 28 Motionärerna
429 2254 95 19 anser
547 2244 121 33 vidare,
694 2248 42 26 att
771 2243 273 30 ”flerårsavtalen
1068 2243 62 29 kan
1156 2253 80 19 vara
1257 2247 40 25 ett
1329 2242 116 29 hinder
1472 2243 48 29 för
1543 2242 60 29 den

119 2299 64 19 som
210 2289 56 28 vill
291 2288 225 29 rationalisera
537 2289 54 28 sitt
618 2288 105 36 skydd
747 2297 109 26 genom
882 2291 49 27 att
953 2287 151 36 upphöra
1127 2286 74 30 med
1223 2286 136 30 enstaka
1384 2286 223 37 försäkringar

118 2333 57 29 och
202 2333 116 29 teckna
339 2342 38 19 en
401 2332 83 29 enda
507 2341 87 20 mera
617 2331 244 30 omfattande”.

162 2377 235 34 Utvecklingen
421 2376 82 29 inom
532 2377 384 36 försäkringsbransehen
940 2377 60 29 har
1020 2378 43 36 på
1085 2386 113 21 senare
1220 2378 38 29 år
1279 2378 65 35 gått
1372 2382 64 26 mot
1460 2377 53 31 allt
1545 2377 60 30 fler

116 2432 23 18 s.
163 2421 29 29 k.
222 2421 390 36 ”paketförsäkringar”,
636 2422 10 29 i
669 2422 87 29 vilka
779 2425 45 26 ett
852 2422 105 30 flertal
983 2421 106 30 skilda
1115 2421 343 36 försäkringsmoment
1485 2421 119 37 inrym-

119 2475 72 20 mes.
218 2465 117 37 Dylika
364 2465 224 35 försäkringar
614 2466 59 30 har
695 2465 118 37 byggts
836 2476 69 27 upp
932 2466 51 29 för
1005 2470 22 25 t.
1052 2476 46 20 ex.
1124 2465 187 36 villaägare,
1340 2466 181 35 företagare
1545 2468 58 28 etc.
