1908 2848
494 163 395 32 Jordbruksutskottets
911 163 188 32 utlåtande
1122 163 52 31 Nr
1198 163 51 31 49.
1543 163 39 30 19

163 242 30 36 2)
217 243 51 29 att
302 241 12 30 i
347 241 100 36 fråga
481 251 55 20 om
565 241 112 35 mark,
700 251 72 20 som
796 243 38 28 är
858 241 126 31 avsedd
1008 243 50 29 att
1080 241 178 31 användas
1283 242 53 30 för
1360 241 268 36 framdragande

115 303 48 21 av
197 294 163 30 elektrisk
396 293 150 36 ledning,
583 295 96 29 utom
703 293 67 31 vad
795 293 107 31 under
927 295 62 36 1:0)
1013 293 139 36 stadgas
1175 293 133 36 jämväl
1332 294 260 30 föreskrifterna
1616 294 12 30 i

118 345 100 36 lagen
247 346 65 30 den
337 346 40 30 27
402 346 75 36 juni
502 346 96 35 1902,
623 345 239 31 innefattande
886 346 92 30 vissa
1002 345 255 31 bestämmelser
1281 356 55 20 om
1360 345 186 31 elektriska
1570 356 59 20 an-

117 399 219 36 läggningar,
361 399 96 30 skola
480 398 104 31 lända
607 398 56 31 till
687 398 237 35 efterrättelse;

161 451 31 37 3)
216 452 61 35 att,
311 451 62 30 där
398 451 120 35 Kungl
543 450 101 36 Maj:t
668 450 132 31 lämnat
824 451 175 35 kommun,
1023 450 136 31 enskild
1183 460 121 26 person
1327 451 84 30 eller
1434 450 101 36 bolag
1560 451 67 30 till-

114 503 102 31 stånd
239 505 53 29 att
314 504 95 30 inom
434 503 88 31 riket
545 503 151 36 anlägga
719 503 149 36 järnväg
890 503 83 31 eller
996 503 63 30 där
1083 503 99 36 fråga
1206 505 37 28 är
1267 513 57 20 om
1347 503 215 36 anläggande
1583 513 44 20 av

114 556 133 31 allmän
283 558 77 34 väg,
397 556 228 36 medgivande
658 556 66 35 må,
759 555 63 31 där
856 557 37 29 så
927 557 124 34 prövas
1086 555 170 36 lämpligt,
1282 555 134 31 lämnas
1439 556 31 36 ej
1494 555 133 31 mindre

114 608 121 31 därtill
270 610 51 29 att
354 609 109 35 mark,
498 618 74 21 som
612 609 72 30 står
720 608 108 30 under
862 608 150 31 kronans
1048 607 217 32 omedelbara
1303 608 202 36 disposition
1543 608 84 31 eller

115 661 121 30 tillhör
275 662 115 35 någon
428 671 44 20 av
511 661 40 31 de
594 661 108 30 under
744 660 90 31 bruk
878 661 61 30 och
982 660 168 36 bergverk
1189 660 53 31 för
1281 660 121 36 nödigt
1439 660 188 36 skogsfång

115 713 166 36 upplåtna
315 713 262 36 allmänningar
610 713 83 30 eller
727 714 113 35 någon
875 723 43 20 av
951 712 39 31 de
1014 721 123 28 genom
1161 712 310 37 domänstyrelsens
1495 713 133 36 försorg

113 766 268 30 utarrenderade
416 765 323 36 kronoegendomar,
779 765 98 30 vilka
910 766 74 30 icke
1022 765 166 36 upplåtits
1223 765 56 30 till
1315 765 159 31 förenade
1509 767 119 29 mötes-

115 818 399 36 passevolanskassornas
538 818 92 35 fond,
655 818 206 30 stuterierna
884 818 82 30 eller
990 817 175 31 Vadstena
1188 817 357 37 krigsmanshusfond,
1570 818 57 30 må

112 872 119 29 avstås
265 870 83 31 eller
383 870 157 36 upplåtas
568 871 86 29 utan
678 880 116 20 annan
818 870 192 36 ersättning
1034 870 56 30 till
1114 870 133 30 kronan
1272 872 45 28 än
1341 871 61 34 att,
1427 869 113 31 därest
1563 870 63 30 och

114 923 13 30 i
150 923 65 30 den
238 924 82 29 mån
344 924 20 29 å
388 923 144 30 marken
557 922 158 31 växande
738 922 82 36 skog
845 923 100 35 ingår
968 923 12 29 i
1004 922 226 31 överlåtelsen
1254 922 62 30 och
1341 922 55 31 det
1419 922 73 30 icke
1516 922 110 31 finnes

111 975 131 36 skäligt
277 975 218 30 annorlunda
529 975 172 35 medgiva,
735 974 192 36 ersättning
962 974 54 31 för
1051 974 105 31 sådan
1190 974 84 36 skog
1306 974 89 30 skall
1430 975 83 35 utgå
1541 974 86 31 efter

114 1027 254 31 vederbörande
403 1027 221 37 myndighets
649 1027 270 34 bestämmande;
943 1029 45 28 än
1012 1029 89 28 även
1125 1028 49 29 att
1198 1026 53 31 för
1275 1026 259 37 anläggningen
1558 1028 67 34 må,

114 1080 62 30 där
210 1081 37 29 så
281 1082 125 33 prövas
440 1079 171 36 lämpligt,
637 1079 240 30 kostnadsfritt
901 1079 172 36 begagnas
1097 1078 128 31 sådana
1249 1080 20 28 å
1293 1079 150 30 kronans
1467 1081 83 34 ägor
1574 1079 52 30 be-

114 1132 103 36 lägna
240 1131 95 31 kalk-
358 1131 62 30 och
443 1131 168 31 stenbrott
635 1132 88 29 samt
747 1131 204 36 grustäkter,
975 1140 73 21 som
1074 1131 118 30 kunna
1215 1141 86 20 vara
1325 1130 209 36 disponibla;

158 1185 31 36 4)
214 1185 50 29 att
287 1183 69 31 vad
381 1183 145 31 sålunda
550 1183 154 36 stadgats
728 1184 72 29 icke
824 1183 64 30 har
911 1183 167 30 avseende
1101 1184 21 29 å
1145 1183 39 31 de
1207 1183 12 30 i
1245 1184 17 29 1
1288 1183 77 35 kap.
1391 1184 40 29 14
1452 1183 62 30 och
1532 1183 40 30 18
1589 1184 37 37 $$

111 1247 48 20 av
183 1237 100 36 lagen
308 1236 65 31 den
398 1237 39 30 12
463 1236 68 36 maj
558 1236 85 31 1917
669 1246 54 20 om
747 1235 341 36 fastighetsbildning
1112 1236 12 29 i
1148 1235 75 31 stad
1247 1235 144 31 berörda
1415 1235 72 30 fall.

156 1289 50 31 På
241 1289 120 31 därom
395 1299 45 20 av
475 1289 132 35 Kungl.
638 1288 100 36 Maj:t
772 1288 98 36 gjord
906 1288 259 35 framställning
1200 1287 160 31 lämnade
1395 1288 183 36 riksdagen
1613 1288 12 30 i

110 1342 169 30 skrivelse
303 1341 65 31 den
394 1342 39 29 24
458 1341 69 36 maj
552 1341 86 30 1929
662 1342 54 36 (nr
740 1341 75 36 202)
840 1340 213 31 beträffande
1077 1340 96 30 tiden
1197 1340 95 30 intill
1316 1340 65 30 den
1403 1339 21 31 1
1448 1340 67 36 juli
1540 1340 85 31 1930

113 1394 85 30 visst
231 1394 229 36 medgivande
484 1394 11 30 i
519 1394 100 35 fråga
654 1403 55 21 om
742 1393 185 30 avstående
950 1393 11 30 i
986 1393 92 30 vissa
1114 1393 62 30 fall
1208 1402 44 20 av
1281 1393 99 30 mark
1403 1392 79 31 från
1505 1393 122 30 krono-

111 1446 205 36 egendomar
350 1446 84 31 eller
468 1445 210 37 upplåtande
710 1456 44 19 av
787 1445 254 36 nyttjanderätt
1074 1445 83 30 eller
1180 1445 238 30 servitutsrätt
1440 1445 56 30 till
1519 1445 106 30 sådan

112 1499 110 30 mark.
258 1499 17 30 I
299 1498 143 31 berörda
464 1498 166 30 skrivelse
655 1499 144 34 upptogs
823 1497 55 30 till
896 1497 209 35 behandling
1123 1496 69 31 dels
1210 1496 123 36 frågan
1349 1506 55 20 om
1421 1497 204 36 ytterligare

112 1551 212 36 utvidgning
359 1560 46 20 av
437 1550 39 30 de
503 1549 76 36 fall,
604 1549 43 31 då
671 1549 177 36 avgiftsfri
871 1549 188 36 upplåtelse
1083 1549 79 30 från
1186 1549 134 30 kronan
1344 1548 157 36 tillhörig
1525 1549 100 30 mark

111 1603 115 31 kunde
249 1603 266 35 ifrågakomma,
539 1602 72 30 dels
628 1602 60 30 ock
704 1611 56 21 om
776 1601 179 31 förenklad
972 1601 264 36 handläggning
1253 1611 45 20 av
1315 1600 149 31 ärenden
1480 1601 145 30 rörande

112 1655 292 36 markupplåtelse
428 1655 53 29 för
504 1654 148 30 allmänt
674 1654 171 30 ändamål.
888 1653 197 35 Riksdagen
1110 1653 201 36 ifrågasatte
1334 1653 144 31 sålunda
1501 1653 56 31 till
1582 1663 42 21 en

112 1708 123 36 början
258 1707 176 31 huruvida
457 1707 83 35 icke,
565 1706 43 31 då
632 1707 43 35 på
691 1706 111 36 grund
820 1716 45 20 av
881 1705 356 31 automobiltrafikens
1254 1705 153 36 kraftiga
1423 1706 202 36 utveckling

112 1762 154 34 vägarna
297 1769 145 21 numera
476 1759 141 31 erhållit
641 1769 41 20 en
705 1769 41 20 ur
770 1758 496 36 kommunikationssynpunkt
1289 1758 78 30 med
1389 1758 237 36 järnvägarna

109 1812 194 36 jämförbar
327 1812 132 30 allmän
481 1811 184 37 betydelse,
689 1811 132 30 kronan
845 1811 156 36 tillhörig
1026 1810 110 36 mark,
1160 1820 71 20 som
1256 1809 212 31 erfordrades
1492 1810 54 30 för
1562 1810 63 30 all-

112 1867 81 28 män
217 1857 295 43 väganläggning,
537 1864 111 30 skulle
672 1864 118 29 kunna
813 1864 44 34 på
881 1864 67 29 sätt
972 1872 81 21 vore
1077 1863 97 30 fallet
1194 1862 214 31 beträffande
1424 1862 110 35 mark,
1551 1872 73 20 som

110 1916 157 31 avstodes
291 1916 52 30 för
366 1915 392 36 järnvägsanläggning,
783 1915 157 35 upplåtas
961 1916 85 29 utan
1062 1914 114 36 avgift
1193 1914 12 29 i
1221 1924 116 20 annan
1355 1915 90 34 mån,
1462 1916 45 28 än
1523 1924 72 20 som
1612 1914 13 30 i

108 1967 211 31 sistberörda
343 1967 62 30 fall
429 1967 137 34 skedde;
591 1967 183 35 riksdagen
798 1966 179 30 förutsatte
1001 1966 126 30 därvid
1151 1966 160 35 givetvis,
1335 1967 51 29 att
1410 1966 11 29 i
1445 1966 99 35 fråga
1568 1975 56 21 om

111 2019 246 32 utarrenderad
381 2020 109 34 mark,
514 2020 113 29 såsom
651 2029 47 20 nu
714 2017 132 36 skedde,
863 2018 223 30 arrendatorn
1104 2018 111 30 kunde
1233 2026 123 27 genom
1373 2018 251 30 vederbörande

111 2072 213 37 vägstyrelse
340 2071 232 31 tillförsäkras
588 2071 192 35 ersättning
798 2070 53 30 för
867 2070 141 36 intrång
1025 2070 62 30 och
1104 2069 106 31 skada
1225 2070 57 30 till
1299 2069 87 36 följd
1402 2080 44 20 av
1462 2070 161 30 markens

109 2123 202 31 avstående.
348 2123 130 31 Vidare
502 2122 168 31 framhöll
695 2122 200 35 riksdagen,
912 2123 53 29 att
982 2121 187 36 riksdagen
1187 2121 75 31 icke
1280 2122 137 30 kunnat
1434 2121 122 36 undgå
1572 2122 51 30 att

112 2176 93 30 fästa
229 2176 55 30 sin
309 2175 313 35 uppmärksamhet
646 2174 59 31 vid
730 2174 56 31 det
811 2174 239 35 omständliga
1067 2173 63 31 och
1147 2173 246 35 tidsspillande
1411 2173 212 35 förfarande,

110 2237 75 20 som
206 2228 54 29 för
277 2226 220 31 närvarande
515 2236 82 20 vore
615 2225 186 31 förbundet
817 2225 77 31 med
912 2225 317 35 handläggningen
1245 2235 44 20 av
1307 2224 151 31 ärenden
1475 2225 148 31 rörande

112 2279 215 35 upplåtelser
363 2278 82 30 från
479 2277 190 35 kronojord
703 2287 44 20 av
783 2277 100 30 mark
919 2277 54 29 för
997 2277 12 29 i
1034 2276 210 35 riksdagens
1267 2276 172 30 skrivelse
1463 2277 160 35 avgivna

110 2330 65 30 och
198 2329 111 30 andra
332 2329 182 30 allmänna
539 2328 176 30 ändamål.
761 2327 17 30 I
803 2327 230 31 betraktande
1056 2337 45 20 av
1127 2327 56 30 det
1201 2327 75 30 icke
1294 2326 202 37 obetydliga
1512 2328 111 34 antal,

112 2391 73 21 som
210 2381 99 30 dessa
333 2380 153 31 ärenden
511 2379 290 36 representerade,
826 2379 63 30 och
913 2379 43 30 då
980 2378 57 31 det
1062 2388 74 21 som
1155 2378 93 35 regel
1267 2378 100 30 rörde
1383 2378 53 36 sig
1453 2388 55 20 om
1526 2388 96 21 mera

111 2432 206 36 obetydliga
342 2431 142 35 värden,
510 2432 118 35 syntes
651 2430 187 35 riksdagen
860 2430 162 35 åtgärder
1048 2430 84 30 böra
1157 2432 196 33 övervägas
1371 2429 52 31 för
1441 2429 181 31 vinnande

114 2484 11 30 i
150 2483 230 31 förevarande
404 2482 170 32 avseende
598 2493 45 20 av
667 2484 49 28 ett
740 2482 143 30 enklare
909 2481 277 35 förfaringssätt.
