2180 2630
722 185 248 32 Statsutskottets
1000 185 169 33 Utlåtande
1191 185 62 32 N:o
1276 189 31 29 8.
1746 186 19 32 7

582 372 280 45 Befrämjande
886 374 13 32 i
924 373 219 35 allmänhet
1167 374 38 33 af
1228 374 216 44 slöjderna.

337 468 86 48 4:0).
480 468 64 37 Uti
581 482 47 23 en
656 469 103 37 inom
787 469 131 36 Andra
947 469 229 37 Kammaren
1203 470 114 36 väckt
1345 471 144 36 motion
1518 470 75 49 (n:o
1625 471 86 49 158)
1741 472 69 36 har

207 519 89 37 herr
329 520 39 36 C.
395 520 38 35 J.
462 521 45 35 F.
536 521 207 48 Ljunggren
770 520 211 48 föreslagit,
1011 521 63 35 det
1102 521 219 48 Riksdagen
1350 524 117 34 måtte
1492 522 159 48 besluta,
1672 528 55 31 att
1747 524 63 36 det

205 571 12 35 i
246 573 100 34 årets
370 570 450 50 statsverksproposition
848 571 121 36 under
988 571 136 49 sjunde
1148 572 277 37 hufvudtitelns
1445 573 188 36 ordinarie
1652 574 158 49 utgifter

205 620 189 51 uppförda
435 621 175 49 anslaget
651 622 57 36 till
749 622 260 49 befrämjande
1036 623 13 35 i
1077 623 206 37 allmänhet
1313 624 41 36 af
1377 624 194 48 slöjderna
1600 625 122 37 skulle
1751 626 59 36 för

206 676 41 33 år
278 674 98 35 1905
418 673 92 36 ökas
552 673 85 36 med
667 675 112 46 5,000
808 674 140 37 kronor
975 674 57 36 till
1060 675 290 37 reseunderstöd
1378 678 38 34 åt
1444 676 142 37 sådana
1614 676 131 37 idkare
1774 677 40 37 af

206 724 217 37 handtverk
452 725 70 36 och
551 738 125 23 annan
704 725 147 37 mindre
878 725 173 48 industri,
1081 725 131 38 hvilka
1240 727 174 37 bedrifva
1441 727 61 37 sin
1528 728 245 37 verksamhet
1797 729 12 36 i

206 777 75 36 den
323 776 244 49 omfattning,
605 781 58 32 att
690 777 46 36 de
763 777 138 49 sgjälfva
929 777 13 36 i
971 778 206 37 allmänhet
1203 778 83 37 icke
1314 778 152 49 deltaga
1493 779 12 36 i
1531 779 277 49 yrkesarbetet,

206 827 70 37 och
304 841 81 23 som
414 828 120 36 önska
562 833 55 31 att
643 841 139 35 genom
810 829 245 36 inhämtande
1075 829 12 36 i
1106 829 235 38 främmande
1361 830 134 37 länder
1513 831 42 36 af
1569 845 76 35 nya
1665 832 143 37 arbets-

206 879 173 36 metoder
407 879 86 36 med
520 892 106 23 mera
654 880 191 37 förvärfva
872 881 227 48 ytterligare
1125 881 160 37 insikter
1314 882 70 36 och
1413 882 226 37 erfarenhet.

335 930 87 36 Med
463 931 181 36 afseende
685 934 21 33 å
747 932 46 36 de
834 932 93 46 skäl,
969 945 82 23 som
1092 932 57 36 till
1182 933 85 36 stöd
1295 933 61 36 för
1382 933 187 49 förslaget
1596 934 211 50 åberopats,

206 982 141 36 tillåter
375 981 60 49 sig
461 982 186 37 utskottet
674 983 159 36 hänvisa
860 982 59 37 till
947 983 204 37 motionen.

335 1033 203 37 Dessutom
568 1047 110 23 anser
706 1034 61 49 sig
794 1034 187 37 utskottet
1008 1034 91 37 böra
1119 1036 184 47 meddela,
1325 1041 55 31 att
1399 1037 330 49 centralstyrelsen
1748 1038 60 37 för

207 1084 180 50 Sveriges
416 1085 253 37 handtverks-
699 1086 69 37 och
796 1086 384 48 industriföreningar
1207 1088 12 35 i
1239 1101 48 23 en
1306 1088 58 36 till
1382 1088 188 37 utskottet
1589 1089 218 37 inkommen

206 1137 200 37 skrifvelse
432 1137 139 36 uttalat
599 1138 67 36 sitt
692 1138 120 49 lifliga
840 1138 278 37 instämmande
1145 1139 12 36 i
1185 1139 215 37 motionens
1429 1141 109 48 syfte.

334 1240 75 37 Till
437 1241 141 36 sådana
604 1241 221 48 understöd,
854 1242 160 37 hvarom
1034 1243 13 35 1
1065 1243 195 37 motionen
1284 1243 192 49 förmäles,
1497 1244 69 37 har
1584 1245 223 49 Riksdagen

204 1294 42 34 år
289 1294 98 35 1902
428 1295 49 46 på
518 1293 189 36 ordinarie
736 1299 76 31 stat
839 1294 158 49 uppfört
1025 1300 55 31 ett
1109 1295 132 47 anslag
1269 1295 42 36 af
1336 1297 112 46 5,000
1477 1296 154 48 kronor,
1660 1297 148 37 hvilket

203 1343 150 49 belopp,
382 1344 123 48 enligt
531 1344 102 36 hvad
662 1345 40 35 af
725 1345 73 36 den
818 1345 47 36 då
883 1345 222 50 förebragta
1123 1347 258 49 utredningen
1400 1348 180 48 framgår,
1601 1348 206 37 kommers-

203 1395 207 49 kollegium
453 1400 124 32 ansett
617 1396 209 53 lämpligen
867 1397 127 36 kunna
1035 1398 123 36 under
1198 1398 215 37 dåvarande
1454 1399 264 38 förhållanden
1747 1400 61 37 för

203 1446 214 37 ändamålet
459 1447 136 36 anslås.
650 1448 128 36 ÅÄfven
819 1461 61 24 om
919 1449 185 37 utskottet
1136 1449 83 37 icke
1249 1450 75 36 kan
1351 1450 179 48 bestrida,
1560 1456 55 31 att
1642 1451 165 50 höjning

204 1498 40 37 af
282 1498 172 49 anslaget
495 1499 75 36 kan
612 1499 151 37 komma
805 1505 55 32 att
900 1500 82 37 visa
1013 1501 62 49 sig
1102 1500 180 51 behöflig,
1313 1515 114 35 synes
1454 1502 119 37 likväl
1599 1502 208 51 tillräcklig

204 1550 219 37 erfarenhet
463 1550 233 37 härutinnan
737 1557 103 31 ännu
882 1552 83 37 icke
1006 1553 116 36 hafva
1149 1553 147 37 kunnat
1320 1554 224 37 förvärfvas.
1599 1555 54 36 På
1679 1556 128 48 grund

204 1602 112 36 häraf
340 1602 71 37 och
439 1602 47 37 då
512 1602 13 37 i
552 1603 133 49 hvarje
714 1603 64 37 fall
805 1607 129 46 någon
962 1604 226 50 förhöjning
1216 1606 42 36 af
1281 1606 172 48 anslaget
1475 1606 85 37 icke
1580 1620 114 35 synes
1714 1607 93 37 böra

203 1654 189 49 vidtagas,
422 1654 86 37 med
536 1654 149 37 mindre
711 1655 184 38 behofvet
922 1656 41 36 af
987 1669 48 24 en
1064 1657 116 36 sådan
1209 1657 137 49 åtgärd
1373 1658 128 37 blifvit
1519 1671 139 36 genom
1677 1660 129 36 utred-

204 1705 97 49 ning
341 1706 41 36 af
410 1706 287 37 vederbörande
724 1708 270 49 myndigheter
1022 1708 243 50 ådagalagdt,
1295 1709 58 36 får
1380 1710 187 37 utskottet
1594 1710 211 49 hemställa,

734 1816 55 31 att
816 1811 89 37 herr
931 1811 247 50 Ljunggrens
1206 1813 249 37 förevarande
1479 1814 146 37 motion
1644 1814 82 37 icke
1745 1818 60 33 må

603 1861 59 37 till
689 1865 129 47 någon
845 1863 243 50 Riksdagens
1116 1864 136 49 åtgärd
1279 1864 210 38 föranleda.

416 2023 237 35 Kontrollen
677 2024 67 34 vid
768 2024 183 35 enskilda
974 2025 156 35 banker
1154 2027 74 34 och
1252 2027 339 36 kreditanstalter.

334 2119 86 50 5:0).
475 2120 143 49 Kungl.
659 2121 107 48 Maj:t
808 2121 68 37 har
916 2122 209 48 föreslagit,
1168 2129 55 31 att
1262 2124 222 50 Riksdagen
1512 2128 117 34 måtte
1657 2126 148 38 minska

202 2171 342 50 förslagsanslaget
584 2173 60 36 för
674 2173 216 37 kontrollen
919 2173 63 37 vid
1011 2174 172 37 enskilda
1212 2175 144 39 banker
1384 2177 70 37 och
1482 2178 321 48 kreditanstalter,

202 2236 51 24 nu
281 2223 117 48 högst
426 2225 139 47 25,000
593 2224 153 49 kronor,
775 2225 87 37 med
892 2227 137 47 17,000
1057 2226 142 38 kronor
1226 2228 59 36 till
1312 2228 116 50 högst
1457 2230 113 47 8,000
1599 2230 151 38 kronor.

331 2275 53 37 Af
408 2275 74 38 den
509 2276 13 36 1
550 2276 417 50 statsrådsprotokollet
996 2277 82 50 (sid.
1110 2279 218 50 209—210)
1353 2281 176 38 lämnade
1547 2282 256 50 utredningen

1840 488 63 31 Ang.
1922 488 98 31 höjning

1850 523 31 30 af
1896 524 112 30 anslaget.

1851 2141 67 30 Ang.
1936 2142 58 24 kon-

1855 2177 83 23 trollen
1956 2180 41 22 vid

1823 2211 106 24 enskilda
1936 2212 90 27 banker

1851 2246 41 24 och
1910 2247 87 25 kredit-

1861 2283 123 26 anstalter.
