2163 2663
372 211 21 36 8
808 212 391 35 Konstitutionsutskottets
1228 213 165 35 Utlåtande
1415 213 65 35 N:o
1508 217 29 31 3.

373 297 141 37 ärende
557 297 166 45 besluta;
764 299 71 36 och
863 313 93 35 eger
983 300 273 37 riksnämnden
1285 306 67 43 att,
1382 301 97 37 efter
1507 315 80 23 som
1619 302 74 37 den
1721 302 122 37 finner
1871 302 107 50 godt,

373 354 152 45 antaga,
555 349 181 38 förändra
764 350 93 38 eller
885 351 172 38 förkasta
1086 352 241 50 Riksdagens
1355 352 294 50 ifrågavarande
1679 354 136 37 beslut.

505 401 21 45 $
552 403 58 35 84.
664 401 286 39 Riksnämnden
992 404 298 38 sammankallas
1325 404 39 37 af
1394 405 217 50 Konungen
1641 405 136 37 medan
1805 406 173 51 Riksdag

373 458 40 31 är
456 453 146 36 samlad
642 453 71 36 och
751 455 305 37 sammanträder
1092 456 238 36 omedelbart
1358 456 97 37 efter
1483 457 88 37 dess
1597 457 213 49 afslutning
1838 458 92 37 eller
1958 463 19 32 å

372 504 73 36 den
465 503 55 37 tid
539 503 103 38 inom
663 509 57 32 tre
742 505 182 38 månader
943 506 83 37 från
1047 506 65 37 det
1131 507 207 49 riksdagen
1358 507 83 38 blef
1455 507 180 49 afslutad,
1656 522 81 23 som
1758 509 220 50 Konungen

371 556 245 47 bestämmer,
658 556 71 37 och
757 560 60 35 må
845 558 33 49 ej
910 558 41 37 af
973 558 219 50 Konungen
1220 559 196 50 upplösas,
1445 559 117 38 innan
1590 560 64 38 det
1683 560 141 38 ärende
1853 566 41 32 är
1922 561 55 38 af-

371 607 141 49 gjordt,
550 608 60 36 för
651 608 146 37 hvilket
837 609 224 38 densamma
1099 610 152 48 kallats,
1293 610 93 38 eller
1426 611 86 49 fyra
1554 612 180 37 månader
1762 613 99 36 efter
1889 613 88 37 dess

370 659 364 38 sammanträdande
762 660 172 38 förflutit.

505 707 21 49 $
554 711 59 35 85.
667 711 285 37 Riksnämnden
982 712 96 37 skall
1107 713 166 36 fördelas
1301 713 11 36 i
1340 717 64 33 två
1431 714 164 47 kamrar,
1625 718 125 33 såsom
1780 729 59 23 om
1868 716 110 36 Riks-

371 760 127 50 dagen
538 765 40 33 är
618 761 197 50 stadgadt;
859 762 96 38 dock
996 768 66 43 att,
1101 763 68 38 der
1209 764 218 50 Konungen
1467 768 42 34 så
1548 766 157 49 pröfvar
1733 765 153 51 skäligt,
1916 766 62 38 val

372 813 136 36 endast
549 816 60 33 må
649 813 183 37 anställas
872 814 56 37 till
972 815 74 36 den
1082 829 71 23 ena
1187 816 41 36 af
1253 816 89 36 dess
1372 816 164 48 kamrar,
1564 817 11 36 i
1604 817 146 37 hvilket
1778 817 66 37 fall
1872 819 106 36 med-

370 864 221 37 kammaren
619 863 11 37 i
658 864 220 50 Riksdagen
909 865 96 37 skall
1033 866 11 36 i
1072 866 273 38 riksnämnden
1372 867 163 48 inträda,
1565 872 125 33 såsom
1712 883 59 22 om
1793 869 73 37 den
1886 883 91 23 vore

370 915 125 37 dertill
525 914 181 39 särskildt
734 916 151 38 utsedd.

505 964 20 49 $
556 969 57 34 86.
668 968 177 37 Rörande
888 968 197 37 bildandet
1128 970 41 36 af
1206 969 295 38 riksnämndens
1531 970 163 47 kamrar,
1725 971 88 37 dess
1842 972 134 49 början

371 1018 69 37 och
476 1018 246 50 upplösning,
760 1020 212 37 ärendenas
1001 1020 215 50 beredning
1243 1021 72 37 och
1343 1021 237 50 behandling
1607 1023 11 36 i
1646 1022 202 38 kamrarne
1877 1029 100 31 samt

371 1069 252 38 meddelande
665 1071 43 36 af
744 1070 295 38 riksnämndens
1068 1071 127 38 beslut
1223 1073 103 49 gälla
1354 1073 11 36 i
1392 1073 230 50 tillämpliga
1651 1074 106 37 delar
1784 1074 102 38 hvad
1915 1089 60 23 om

368 1120 221 50 Riksdagen
631 1127 41 32 är
708 1121 198 50 stadgadt;
949 1123 71 37 och
1054 1122 213 39 tillkomma
1295 1124 73 37 den
1397 1124 11 36 i
1432 1124 209 38 allmänhet
1670 1138 145 25 samma
1844 1126 133 49 rättig-

368 1172 107 36 heter
503 1173 71 36 och
603 1172 276 50 skyldigheter,
909 1187 81 22 som
1019 1174 42 36 af
1084 1174 180 48 gällande
1292 1175 304 49 regeringsform
1626 1177 71 36 och
1725 1177 127 37 denna
1880 1177 97 37 riks-

368 1223 265 50 dagsordning
663 1223 124 37 blifvit
813 1224 222 49 Riksdagen
1062 1225 241 37 tillerkända.

501 1271 20 50 $
550 1276 59 35 87.
665 1274 71 37 Val
775 1275 57 36 till
872 1275 223 38 riksnämnd
1125 1277 109 37 skola
1260 1277 122 37 hållas
1411 1281 42 34 så
1477 1278 79 37 ofta
1586 1278 73 37 den
1689 1279 42 36 af
1755 1279 219 50 Konungen

368 1325 298 38 sammankallas
703 1326 71 37 och
801 1326 104 49 gälla
934 1327 136 37 endast
1098 1327 58 37 för
1185 1328 72 37 den
1291 1328 67 48 tid,
1387 1342 82 24 som
1499 1329 74 37 den
1602 1330 69 36 har
1700 1335 54 32 att
1783 1330 98 38 efter
1909 1331 68 36 sitt

368 1376 219 37 inkallande
616 1390 91 24 vara
731 1378 221 36 församlad.

503 1425 20 49 $
553 1430 58 35 88.
665 1428 47 49 Ej
742 1432 60 33 må
825 1429 274 37 riksnämnden
1128 1430 146 36 befatta
1303 1430 61 49 sig
1391 1431 87 36 med
1507 1431 119 36 andra
1646 1431 168 38 ärenden
1835 1437 46 32 än
1899 1432 76 48 det,

369 1479 58 36 för
461 1478 114 37 hvars
609 1479 101 37 skull
745 1479 73 37 den
852 1481 279 36 sammanträdt
1159 1481 92 36 eller
1279 1481 101 37 hvad
1409 1482 157 37 dermed
1595 1485 78 34 står
1700 1483 9 36 i
1740 1483 237 38 omedelbart

369 1530 202 45 samband;
614 1530 98 37 dock
756 1536 65 40 att,
863 1532 67 36 der
958 1532 218 48 Konungen
1206 1532 164 49 angifvit
1393 1533 93 36 flera
1514 1538 47 32 än
1590 1538 54 32 ett
1673 1534 42 36 af
1733 1534 242 50 Riksdagens

369 1581 126 36 beslut
523 1584 124 33 såsom
670 1581 82 37 skäl
772 1582 56 36 till
847 1582 294 37 riksnämndens
1161 1584 366 47 sammankallande,
1549 1584 179 50 samtliga
1749 1585 226 37 dithörande

369 1632 167 36 ärenden
565 1636 60 33 må
653 1633 43 35 af
721 1632 222 37 densamma
970 1633 247 38 behandlas.»

503 1683 74 36 Till
619 1683 84 38 stöd
744 1684 59 36 för
831 1683 73 37 den
933 1684 220 50 föreslagna
1180 1685 431 50 grundlagsändringen
1640 1686 68 37 har
1737 1687 237 37 motionären

368 1734 327 50 hufvudsakligen
738 1735 143 36 anfört:
924 1741 55 31 att
1017 1736 64 36 det
1108 1736 128 37 kunde
1264 1736 247 50 ifrågasättas
1539 1738 189 36 huruvida
1756 1739 217 48 Konungen

369 1785 117 36 borde
514 1785 11 36 i
553 1789 68 33 vår
647 1786 195 48 grundlag
869 1787 216 48 medgifvas
1114 1793 76 31 rätt
1219 1793 54 31 att
1300 1787 11 36 i
1339 1788 150 49 vigtiga
1517 1789 317 49 samhällsfrågor
1861 1790 114 48 vädja

368 1836 83 36 från
480 1836 220 49 Riksdagen
728 1836 57 36 till
813 1836 140 47 folket;
984 1842 65 42 att,
1079 1851 59 23 om
1169 1838 125 37 denna
1318 1843 75 32 rätt
1420 1839 117 37 likväl
1567 1842 37 34 åt
1631 1840 218 49 Konungen
1870 1840 105 37 bibe-

368 1887 133 47 hålles,
532 1892 125 43 sättet,
687 1888 146 49 hvarpå
861 1902 45 23 en
937 1889 117 36 sådan
1082 1889 140 49 vädjan
1243 1889 121 49 enligt
1383 1890 244 49 grundlagen
1647 1904 50 23 nu
1719 1891 155 46 skedde,
1890 1891 84 37 icke

367 1939 109 35 torde
515 1952 93 23 vara
647 1939 65 36 det
752 1939 204 49 rigtigaste
997 1940 71 36 och
1103 1940 59 36 för
1196 1940 216 37 ändamålet
1440 1941 87 36 bäst
1554 1943 136 44 funna;
1719 1946 55 32 att
1802 1942 97 36 efter
1927 1956 45 22 en

368 1989 418 49 riksdagsupplösning
820 1990 141 37 folkets
1000 1990 197 38 uttalande
1238 1991 11 36 i
1289 1991 73 37 den
1400 1992 120 48 fråga,
1550 2006 82 23 som
1660 1992 191 38 föranledt
1878 2007 96 36 upp-

368 2040 215 49 lösningen,
612 2040 83 37 icke
723 2040 127 38 blefve
878 2041 224 50 tillräckligt
1129 2042 152 50 tydligt,
1301 2043 128 37 derest
1448 2043 63 37 vid
1532 2043 46 38 de
1598 2057 75 36 nya
1693 2043 111 38 valen
1824 2044 147 50 hänsyn

368 2097 110 43 toges
498 2092 144 49 jemväl
670 2091 56 37 till
755 2093 46 36 de
826 2093 132 36 valdes
987 2093 142 49 åsigter
1157 2094 9 35 i
1196 2094 129 49 öfrigt,
1354 2095 199 36 hvaremot
1580 2095 65 36 det
1664 2095 128 37 kunde
1809 2095 163 48 inträffa,

366 2142 10 36 i
419 2143 65 36 fall
525 2143 112 37 valen
675 2143 231 38 förrättades
948 2144 244 37 uteslutande
1239 2145 86 36 med
1363 2146 77 36 fäst
1481 2146 182 37 afseende
1703 2150 19 33 å
1761 2146 71 37 den
1874 2147 99 37 före-

366 2193 183 49 liggande
590 2194 149 49 frågan,
781 2199 55 32 att
872 2195 243 50 Riksdagens
1143 2196 350 50 sammansättning
1519 2197 83 37 icke
1631 2197 128 38 blefve
1788 2198 88 37 fullt
1905 2198 66 37 be-

366 2245 219 49 tryggande
626 2246 59 36 för
725 2246 204 49 lösningen
963 2247 42 36 af
1031 2247 119 37 andra
1178 2247 148 49 vigtiga
1355 2248 531 50 samhällsangelägenheter;
1917 2254 55 32 att

367 2297 239 35 sistnämnda
648 2297 207 48 olägenhet
896 2298 183 36 särskildt
1116 2298 248 47 framträdde,
1399 2299 47 37 då
1473 2300 132 36 Andra
1633 2300 231 37 Kammaren
1894 2314 78 22 om-
