2226 2640
428 191 17 28 8
933 191 254 30 Bankoutskottets
1215 189 154 32 Memorial
1392 193 60 29 N:o
1476 194 47 28 14.

629 267 232 37 Nuvarande
889 268 146 47 lydelse:

428 339 82 40 rätt,
538 334 40 36 så
604 334 114 36 framt
746 334 124 37 derför
897 336 121 36 ställes
1037 336 170 36 säkerhet

428 386 12 34 i
485 384 71 37 fast
596 385 190 47 egendom,
826 385 179 47 viågförda
1045 385 162 46 effekter,

428 436 118 36 aktier
572 437 87 36 eller
685 436 255 46 obligationer.

527 620 202 47 Angående
770 621 63 37 det
871 621 131 47 tillägg
1035 622 59 35 till
1130 619 9 49 $
1166 625 44 34 25
1239 623 12 35 i
1278 622 376 46 bankoreglementet,
1681 635 79 24 som
1788 631 40 28 är
1854 624 179 47 behöfligt

427 671 84 36 med
551 672 202 46 anledning
792 671 42 37 af
871 671 227 47 Riksdagens
1134 673 112 35 redan
1273 672 142 37 fattade
1440 673 122 36 beslut
1588 686 60 23 om
1674 674 211 36 inrättande
1911 675 121 36 under

429 721 40 36 år
497 725 94 34 1896
620 721 41 37 af
685 727 51 31 ett
764 721 348 48 afdelningskontor
1138 724 13 35 i
1178 723 125 46 Umeå,
1331 724 94 35 skall
1452 724 179 36 utskottet
1648 724 67 37 här
1732 724 121 38 nedan
1880 726 13 35 i
1919 732 114 30 annat

428 773 267 47 sammanhang
720 778 102 45 yttra
849 774 64 47 sig.

527 924 16 36 I
571 923 378 38 öfverensstämmelse
975 925 85 36 med
1087 924 252 49 fullmägtiges
1367 925 130 37 derom
1520 925 132 49 gjorda
1669 925 275 50 framställning
1962 928 69 35 och

427 975 83 36 med
538 975 202 46 anledning
767 974 41 37 af
831 976 46 36 de
903 976 84 36 med
1014 976 123 36 denna
1162 976 149 46 riksdag
1337 976 215 47 tillämpade
1579 990 74 36 nya
1671 977 362 48 grundlagsbestäm-

427 1026 180 36 melserna
647 1039 60 23 om
748 1026 71 36 den
859 1026 65 46 tid,
959 1026 58 37 för
1053 1027 152 36 hvilken
1234 1027 289 36 medlemmarne
1550 1026 40 37 af
1612 1028 241 36 riksbankens
1881 1029 152 48 styrelse

427 1082 108 39 utses,
563 1077 209 36 hemställer
799 1078 193 36 utskottet:

1194 1142 71 49 5:0)

927 1233 53 31 att
1020 1225 9 49 I
1057 1232 48 34 40
1132 1241 109 23 mom.
1272 1232 14 32 1
1319 1229 12 35 i
1358 1229 367 48 bankoreglementet
1752 1229 114 37 måtte
1893 1229 138 37 erhålla

828 1277 165 49 följande
1021 1279 164 36 ändrade
1211 1279 152 45 lydelse:

628 1380 229 36 Nuvarande
881 1380 147 47 lydelse:
1434 1380 211 48 Föreslagen
1675 1381 147 47 lydelse:

527 1463 185 50 Styrelsen
731 1463 105 38 öfver
862 1464 223 36 riksbanken
1109 1463 95 36 föres
1332 1463 185 50 Styrelsen
1550 1463 103 38 öfver
1684 1466 224 36 riksbanken
1935 1465 95 37 föres

428 1514 40 36 af
490 1515 57 47 sju
575 1514 242 49 fullmägtige,
845 1515 126 36 hvilka
996 1515 64 36 vid
1079 1515 126 45 hvarje
1255 1513 41 37 af
1333 1515 57 48 sju
1430 1514 241 50 fullmägtige,
1716 1516 127 36 hvilka
1881 1522 98 30 utses
2018 1517 12 34 i

428 1566 154 46 lagtima
607 1565 150 46 riksdag
783 1571 98 31 utses
909 1566 11 35 i
944 1565 69 36 den
1033 1565 170 46 ordning,
1255 1565 71 36 den
1354 1565 168 47 ordning,
1541 1563 19 49 $
1581 1570 41 33 71
1654 1566 376 49 riksdagsordningen

429 1614 18 48 $
477 1619 41 33 71
551 1616 375 49 riksdagsordningen
954 1616 157 48 stadgar.
1259 1616 159 49 stadgar.

532 1800 83 36 Med
651 1800 202 49 anledning
891 1800 41 36 af
955 1800 228 47 Riksdagens
1210 1801 121 37 beslut
1358 1815 60 22 om
1445 1801 209 36 inrättande
1681 1802 118 36 under
1826 1802 41 36 år
1897 1806 92 33 1896
2018 1803 11 35 i

428 1851 127 36 staden
597 1850 114 37 Umeå
751 1850 40 37 af
827 1857 53 31 ett
919 1852 241 36 riksbankens
1200 1853 136 35 kontor
1376 1851 59 37 för
1469 1852 279 37 Vesterbottens
1783 1854 62 35 län
1873 1854 69 35 och
1969 1853 62 36 det

428 1900 232 50 fullmägtige
700 1902 130 36 dervid
870 1902 168 36 lemnade
1073 1903 297 48 bemyndigande
1406 1908 53 30 att
1484 1902 219 37 föreskrifva
1728 1904 123 36 vilkor
1877 1904 68 35 och
1972 1904 58 36 be-

428 1953 227 36 stämmelser
694 1954 10 34 i
745 1952 171 37 afseende
955 1953 20 36 å
1010 1954 191 36 kontorets
1236 1954 135 36 rörelse
1398 1953 68 36 och
1493 1953 238 49 förvaltning,
1757 1953 57 37 får
1841 1955 188 43 utskottet,

427 2004 11 34 i
479 2003 165 47 enlighet
682 2003 84 36 med
807 2003 99 37 hvad
945 2002 101 38 förut
1080 2005 13 35 i
1129 2004 127 48 dylika
1288 2003 66 37 fall
1382 2003 124 38 blifvit
1530 2004 196 47 föreslaget
1752 2005 70 36 och
1849 2005 180 46 stadgadt,

428 2053 201 36 hemställa:

1194 2119 70 49 6:0)

928 2211 54 30 att
1008 2206 12 35 i
1047 2206 113 35 slutet
1186 2205 39 36 af
1242 2206 366 48 bankoreglementet
1627 2206 59 37 må
1703 2206 138 37 införas
1865 2206 164 49 följande

829 2256 217 45 stadgande:
