2240 2624
440 196 42 30 40
948 195 252 31 Statsutskottets
1222 194 164 31 utlåtande
1409 193 54 31 Nr
1487 196 27 28 5.

1111 394 247 34 Beservation:

546 497 63 36 vid
639 498 112 46 punkt
778 498 48 35 15
855 495 102 50 (ang.
988 494 445 58 krigsfartygsmateriel)
1462 508 47 21 av
1536 494 130 35 herrar
1693 496 45 34 4.
1772 493 37 38 C.
1838 495 198 45 Lindblad,

443 550 41 36 F.
533 550 47 35 W.
628 550 185 46 Thorsson,
858 549 43 35 K.
956 549 35 36 V.
1022 548 126 47 Rydén
1176 560 12 22 i
1216 547 148 46 Malmö,
1395 547 51 35 N.
1478 548 41 34 A.
1550 546 150 36 Nilsson
1728 545 12 35 i
1770 545 193 50 Kabbarp,
1992 547 43 35 4.

443 602 187 36 Anderson
656 600 13 36 i
696 600 165 36 Råstock
891 599 71 36 och
989 600 35 35 J.
1055 602 41 34 A.
1126 600 212 48 Ingvarson,
1367 598 106 36 vilka
1501 598 145 36 anfört:

545 651 146 38 »Sedan
733 652 64 36 det
843 656 103 32 stora
988 651 223 49 europeiska
1252 651 126 47 kriget
1419 650 11 35 i
1460 654 105 32 snart
1593 652 75 33 åtta
1698 649 179 36 månader
1905 651 133 46 pågått

445 704 71 36 och
559 704 257 36 erfarenheter
857 703 154 36 vunnits
1052 703 200 48 angående
1293 680 99 59 olika
1421 702 392 56 krigsfartygstypers
1844 700 193 58 betydelse

443 756 60 36 för
546 756 138 49 kriget,
714 756 177 36 framstår
920 755 64 36 det
1011 755 58 36 för
1098 768 118 23 envar
1245 777 44 2 —
1320 768 80 22 som
1430 766 32 35 ej
1494 766 45 23 av
1566 753 245 36 förutfattade
1839 752 200 48 meningar

444 808 151 36 envisas
624 813 55 31 att
708 808 109 36 ställa
846 807 61 48 sig
936 806 252 49 oemottaglig
1217 806 58 37 för
1293 806 71 36 alla
1384 805 190 36 lärdomar
1592 827 49 3 —
1662 811 56 30 att
1738 805 62 35 det
1815 809 41 31 är
1873 806 166 46 torpeden

445 861 61 35 och
534 860 362 46 undervattensbåten,
928 872 80 23 som
1031 859 118 48 jämte
1180 858 124 36 minan
1333 858 195 36 dominera
1548 856 63 37 det
1639 856 180 37 modärna
1839 856 198 57 sjökriget.

443 912 384 58 Miniatyrslagskepp
857 925 47 22 av
932 911 164 48 F-typen
1127 916 64 30 äro
1220 932 48 4 —
1297 915 100 31 ännu
1426 922 104 22 mera
1558 913 46 31 än
1631 909 74 36 vad
1734 908 306 49 pansarjättarna

445 964 97 36 visat
583 964 60 48 sig
682 977 91 23 vara
814 985 48 3 —
896 962 137 37 dömda
1060 962 57 36 till
1146 962 267 36 overksamhet
1442 960 93 37 eller
1562 960 237 49 undergång,
1829 973 59 23 om
1918 959 46 37 de
1993 972 47 23 en

444 1018 105 55 gång
591 995 120 57 skulle
751 1018 99 50 våga
892 1014 61 49 sig
993 1019 41 31 ut
1061 1017 47 46 på
1136 1019 117 44 öppet
1281 1018 143 32 vatten.
1482 989 302 60 Erfarenheten
1787 1012 68 36 har
1884 1012 156 36 sålunda

443 1067 98 49 givit
580 1072 77 32 rätt
703 1070 37 34 åt
781 1067 72 36 den
902 1044 224 71 åskådning,
1156 1079 83 23 som
1267 1079 46 23 av
1342 1064 405 37 socialdemokraterna
1775 1063 226 37 framfördes
2030 1063 11 36 i

443 1096 143 60 motion
627 1119 63 36 vid
731 1113 374 53 försvarsriksdagen
1151 1120 108 34 1914.
1327 1117 108 36 Hade
1478 1116 205 48 riksdagen
1724 1115 177 49 godtagit
1929 1115 111 36 dessa

445 1171 158 48 förslag,
638 1170 121 37 skulle
786 1173 85 34 vårt
899 1170 90 36 land
1017 1148 59 58 för
1104 1182 48 24 en
1182 1169 161 36 kostnad
1371 1182 83 23 som
1483 1168 83 37 med
1595 1145 164 72 ungefär
1791 1169 44 35 10
1864 1167 177 49 miljoner

445 1222 145 48 årligen
632 1223 241 48 understiger
907 1222 74 36 den
1023 1221 177 37 blivande
1233 1221 293 48 flottbudgeten,
1555 1220 135 37 skaffat
1719 1220 59 48 sig
1806 1224 54 32 ett
1888 1219 59 36 för
1974 1221 67 34 vår

445 1274 321 49 självständighet
807 1274 173 36 starkare
1022 1274 71 36 och
1130 1279 183 43 tryggare
1347 1273 222 49 sjöförsvar,
1598 1277 47 31 än
1674 1272 65 36 det
1767 1285 46 23 av
1842 1272 74 36 den
1946 1284 28 23 s.
2004 1271 35 35 k.

445 1326 298 50 sakkunskapen
770 1326 214 37 förordade.

548 1379 195 36 Bindande
780 1377 316 49 riksdagsbeslut,
1138 1376 213 50 uppgjorda
1392 1375 361 37 leveranskontrakt
1794 1375 70 36 och
1893 1375 149 49 hänsyn

445 1429 59 37 till
544 1431 74 36 den
658 1408 325 72 utrikespolitiska
1011 1406 229 59 situationen
1269 1428 254 49 omöjliggöra
1551 1427 227 49 visserligen
1806 1427 61 36 för
1895 1440 64 23 oss
1988 1431 54 31 att

446 1482 60 36 för
547 1483 237 37 närvarande
825 1481 209 37 framställa
1073 1481 197 58 yrkanden
1299 1494 60 22 om
1388 1480 207 48 ändringar
1622 1480 12 35 i
1662 1453 142 78 Kungl.
1833 1479 128 48 Maj:ts
1990 1491 52 23 nu

447 1534 265 50 föreliggande
754 1535 156 48 förslag,
953 1547 86 23 men
1079 1534 48 35 ha
1165 1533 38 36 vi
1230 1546 138 35 genom
1397 1532 106 36 detta
1530 1531 193 36 uttalande
1752 1512 59 55 för
1839 1530 203 37 framtiden

446 1587 101 36 velat
559 1565 225 58 förbehålla
812 1600 62 23 oss
903 1586 72 36 fria
1002 1585 143 36 händer
1173 1590 56 31 att
1230 1562 154 59 "arbeta
1413 1584 59 36 för
1492 1597 47 22 en
1558 1583 153 59 lösning
1731 1596 47 22 av
1797 1583 246 58 sjöförsvars-

446 1637 137 50 frågan
611 1639 11 36 i
652 1639 170 48 enlighet
850 1637 87 38 med
967 1638 71 36 den
1068 1636 245 50 uppfattning
1341 1639 38 33 åt
1407 1636 129 36 vilken
1565 1636 35 36 vi
1623 1635 102 36 förut
1745 1635 96 48 givit
1859 1634 183 49 uttryck.»
