2260 2634
775 205 254 31 Statsutskottets
1052 205 168 31 utlåtande
1243 205 52 30 Nr
1318 208 30 27 5.
1819 203 36 30 17

354 291 75 36 dels
457 291 61 36 ock
546 290 12 37 i
586 290 206 36 riksstaten
821 290 60 36 för
909 293 40 33 år
982 291 96 35 1916
1108 289 90 49 höja
1227 288 346 49 förslagsanslaget
1603 288 56 36 till
1692 288 172 48 sjöbevä-

250 342 157 48 ringens
435 342 186 48 avlöning
655 342 72 35 och
756 341 216 37 beklädnad
1001 355 47 22 m.
1079 355 47 23 m.
1158 355 50 22 nu
1237 342 167 46 557,650
1425 341 147 35 kronor
1591 340 87 36 med
1699 342 165 45 317,354

251 394 140 35 kronor
419 394 56 35 till
505 395 167 45 875,004
701 394 151 35 kronor.

353 445 85 36 Den
479 458 47 22 av
567 444 424 49 departementschefen
1032 444 12 36 i
1080 444 156 36 ärendet
1263 443 174 36 lämnade
1466 443 258 49 utredningen
1753 446 97 33 åter-

249 497 121 35 finnes
400 499 21 33 å
450 496 69 36 sid.
550 498 151 34 66—72
732 509 46 22 av
807 494 432 50 statsrådsprotokollet.

356 600 99 34 1914
497 601 60 33 års
600 611 133 23 senare
761 598 158 47 riksdag
947 597 187 48 beviljade
1163 596 57 36 till
1248 597 242 36 bestridande
1519 610 46 23 av
1593 597 258 36 kostnaderna

253 650 57 35 för
350 650 146 48 övning
535 649 65 36 vid
641 649 135 36 flottan
818 662 46 23 av
904 648 270 50 värnpliktiga,
1203 648 228 37 tillhörande
1461 648 260 37 årsklasserna
1751 651 99 34 1914

246 714 126 35 yngre
402 701 70 36 och
503 702 97 35 1915
629 701 119 47 äldre,
782 706 53 30 ett
863 701 136 48 anslag
1025 714 47 22 av
1103 701 202 47 1,450,000
1334 701 142 35 kronor
1496 705 55 31 att
1570 703 91 46 utgå
1675 714 47 23 av
1740 705 111 32 värn-

252 753 251 36 skattemedel
549 758 99 31 samt
688 752 181 37 anvisade
911 752 115 37 därav
1069 753 59 35 för
1161 755 40 33 år
1232 753 96 35 1915
1359 757 54 31 ett
1442 752 139 50 belopp
1610 766 47 23 av
1687 753 164 46 560,000

251 804 152 36 kronor.

354 855 74 37 Vid
470 855 72 37 den
579 855 297 48 framställning,
906 868 81 23 som
1014 854 12 36 i
1054 855 123 36 sinom
1205 855 56 35 tid
1288 855 171 36 kommer
1487 861 55 30 att
1569 860 114 44 göras
1712 856 140 36 beträf-

250 907 114 36 fande
406 907 385 48 engångskostnader
831 907 60 35 för
920 907 252 48 sjöförsvaret
1202 909 40 33 år
1273 909 111 43 1916,
1413 907 108 36 torde
1550 928 50 5 —
1629 908 121 47 enligt
1778 908 74 35 vad

248 958 444 50 departementschefens
720 958 176 49 yttrande
923 959 109 47 giver
1059 958 63 36 vid
1152 957 149 37 handen
1329 980 50 4 —
1407 958 143 49 Kungl.
1579 958 108 49 Maj:t
1702 959 151 36 komma

248 1016 58 31 att
333 1011 70 36 hos
430 1010 209 49 riksdagen
667 1010 142 49 begära
838 1015 54 31 att
920 1010 64 36 det
1004 1009 157 37 sålunda
1179 1009 190 49 beviljade
1390 1010 175 49 anslaget
1584 1024 48 23 av
1650 1012 202 46 1,450,000

251 1063 141 36 kronor
434 1065 116 34 måtte
583 1062 38 36 få
653 1067 91 31 utan
775 1061 282 49 inskränkning
1088 1061 196 37 användas
1311 1061 58 36 till
1396 1062 244 37 bestridande
1670 1076 48 23 av
1750 1063 103 36 kost-

251 1115 130 44 nader,
412 1127 81 23 som
512 1117 140 46 uppstå
671 1113 56 37 till
747 1113 94 49 följd
862 1127 47 23 av
928 1113 243 49 sänkningen
1191 1126 47 23 av
1256 1113 352 50 värnpliktsåldern
1622 1114 61 37 för
1697 1115 155 35 flottans

253 1166 260 49 värnpliktiga
540 1166 84 36 från
652 1168 86 34 21:a
766 1165 58 37 till
852 1167 85 35 20:e
965 1165 252 37 levnadsåret.

357 1217 72 36 Vid
472 1217 106 37 bifall
618 1217 58 37 till
719 1231 47 22 en
808 1217 107 49 dylik
957 1217 283 47 framställning
1276 1217 151 37 komma
1455 1217 310 49 beräkningarna
1793 1218 61 36 för

250 1269 350 49 förslagsanslaget
637 1269 57 36 till
733 1268 314 49 sjöbeväringens
1077 1269 183 48 avlöning
1288 1269 70 36 och
1386 1269 225 47 beklädnad,
1641 1270 12 35 i
1682 1270 172 48 enlighet

254 1321 88 36 med
369 1322 73 35 vad
471 1321 10 36 i
511 1321 286 49 propositionen
819 1334 46 23 nr
895 1322 47 34 60
971 1320 58 37 till
1059 1322 98 35 1914
1186 1323 59 34 års
1274 1334 133 23 senare
1435 1321 157 49 riksdag
1620 1321 233 47 förutsattes,

254 1373 60 36 för
341 1378 84 31 vart
448 1373 71 36 och
546 1378 55 31 ett
628 1386 49 23 av
704 1375 90 34 åren
816 1374 252 35 1915—1919
1090 1378 54 30 att
1163 1373 101 47 gälla
1284 1386 47 23 en
1349 1373 60 35 hel
1431 1373 167 36 årsklass
1617 1373 238 47 rullförings-

250 1425 182 36 områden
465 1424 228 37 tillhörande
721 1424 259 48 värnpliktiga
1013 1423 73 49 (till
1118 1424 179 49 sjötjänst
1338 1424 210 48 inskrivna)
1591 1430 98 31 samt
1717 1438 46 23 en
1792 1425 63 36 hel

246 1476 173 37 årsklass
463 1476 295 50 sjömanshusen
801 1475 229 37 tillhörande
1071 1475 261 50 värnpliktiga
1373 1475 72 50 (till
1482 1475 137 38 allmän
1648 1477 119 49 tjänst
1798 1477 56 36 in-

252 1528 188 49 skrivna);
485 1528 70 36 och
584 1528 121 36 bliver
737 1527 311 37 medelsbehovet
1075 1528 85 36 från
1188 1528 71 36 och
1287 1528 84 36 med
1401 1531 40 33 år
1471 1530 96 34 1916
1597 1528 65 37 vid
1689 1528 166 37 likartad

250 1580 218 48 beräkning
495 1593 48 23 av
571 1579 142 38 antalet
740 1579 260 50 värnpliktiga
1026 1580 60 36 för
1113 1580 106 49 varje
1248 1582 40 34 år
1319 1585 54 31 ett
1402 1580 71 37 och
1502 1593 155 24 samma.

355 1632 17 36 I
413 1632 172 49 enlighet
626 1632 158 37 härmed
826 1632 70 36 och
923 1631 13 37 i
964 1631 222 48 anslutning
1212 1632 58 36 till
1301 1634 97 34 1914
1428 1635 60 34 års
1517 1646 133 23 senare
1678 1632 176 49 riksdags

254 1683 126 37 beslut
406 1684 13 35 i
447 1689 128 31 ämnet
602 1684 69 36 har
699 1697 51 23 nu
779 1684 248 36 förevarande
1056 1684 152 48 anslags
1238 1684 139 49 belopp
1405 1684 59 36 för
1485 1687 40 33 år
1544 1686 96 34 1916
1657 1684 197 37 uträknats

249 1735 62 37 till
326 1737 165 45 875,004
507 1736 153 36 kronor.
695 1735 271 49 Beräkningen
982 1741 92 31 över
1089 1735 144 37 antalet
1251 1736 404 49 tjänstgöringsdagar
1676 1742 178 31 överens-

251 1792 183 31 stämmer
474 1788 80 36 helt
594 1788 70 36 och
705 1787 117 37 hållet
862 1786 86 37 med
990 1787 72 37 den
1099 1787 223 49 beräkning,
1352 1801 82 23 som
1461 1787 12 37 i
1502 1788 105 36 detta
1635 1788 219 37 hänseende

252 1840 106 48 legat
386 1839 57 36 till
470 1840 125 47 grund
623 1840 59 36 för
711 1839 139 48 Kungl.
881 1839 125 48 Maj:ts
1034 1839 161 37 berörda
1223 1839 236 49 proposition
1488 1853 45 22 nr
1554 1842 59 35 60.
1660 1840 69 36 Att
1749 1840 106 36 kost-

253 1892 273 36 nadssumman
554 1891 132 50 skiljer
715 1891 61 48 sig
804 1892 85 35 från
917 1891 74 36 den
1019 1891 11 36 i
1067 1891 261 49 nyssnämnda
1356 1891 236 49 proposition
1622 1892 60 36 för
1698 1895 40 33 år
1756 1894 96 34 1916

254 1943 227 47 beräknade,
525 1943 90 37 eller
657 1945 164 43 624,512
864 1943 151 48 kronor,
1055 1943 123 37 finner
1219 1943 59 36 sin
1307 1943 113 36 orsak
1447 1944 13 36 i
1488 1944 74 36 den
1593 1944 217 64 förhöjning
1843 1944 12 36 i

254 1995 308 49 penningbidrag
590 1995 72 36 och
689 1990 348 67 penningtillskott,
1067 2008 82 23 som
1180 1995 184 37 beslutats
1392 2008 47 23 av
1457 1996 237 49 riksdagen
1681 2010 40 22 år
1743 1997 111 46 1914,

255 2060 87 23 men
370 2060 81 23 som
479 2047 83 36 icke
591 2047 101 36 varit
719 2047 179 36 förutsatt
926 2047 12 36 i
965 2047 141 48 Kungl.
1127 2047 129 49 Maj:ts
1271 2048 260 48 nyssnämnda
1552 2048 249 59 proposition.

356 2098 143 49 Kungl.
528 2099 109 48 Maj:t
664 2099 69 36 har
760 2099 130 36 vidare
918 2099 12 35 i
959 2099 123 36 denna
1109 2100 125 48 punkt
1264 2099 197 48 föreslagit
1465 2099 261 58 förhöjning
1712 2094 22 67 i
1748 2113 107 23 arvo-

255 2150 72 37 den
355 2150 58 37 till
428 2151 528 48 sjörullföringsbefälhavare
977 2151 69 36 och
1066 2151 110 36 deras
1192 2151 186 47 biträden,
1394 2151 222 49 varigenom
1636 2152 218 49 avlönings-

255 2202 288 37 förhållandena
588 2203 12 36 i
627 2202 250 37 förevarande
905 2202 218 37 hänseende
1157 2203 150 36 komme
1335 2180 56 59 att
1419 2203 138 37 ordnas
1587 2204 98 36 efter
1713 2217 142 24 samma

250 2254 175 48 grunder
452 2255 122 36 under
602 2257 60 34 4:e
691 2255 70 37 och
791 2256 57 35 5:e
867 2254 295 37 huvudtitlarna.
1204 2255 205 36 Arvodena
1428 2255 121 37 skulle
1569 2256 159 36 sålunda
1746 2255 108 49 höjas

339 2316 118 36 Bihang
479 2317 46 28 till
546 2317 170 36 riksdagens
733 2317 145 36 protokoll
902 2317 89 28 1915.
1031 2318 19 26 6
1070 2317 83 28 saml.
1200 2317 19 27 5
1249 2317 73 35 häft.
1361 2314 61 40 (Nr
1444 2315 47 37 5.)
1794 2319 18 28 3

1896 605 147 23 Utskottets

1908 640 129 29 yttrande.
