2264 2594
730 149 233 42 Lagutskottets
993 149 169 31 Utlåtande
1185 149 63 31 N:o
1277 151 48 30 71.
1764 151 38 30 11

830 368 2 2 -
872 324 317 42 Reservation:

352 432 39 36 af
434 434 126 34 herrar
605 431 263 42 etterstrand,
921 431 135 41 Widén,
1099 431 233 48 Lindhagen,
1374 432 158 35 Jansson
1570 432 11 34 i
1614 430 229 43 Edsbäcken,

211 486 203 35 Pettersson
442 485 11 33 i
481 482 217 47 Södertälje,
728 481 147 42 Ersson,
905 480 154 37 Nordin
1088 481 68 35 och
1186 481 152 37 Persson
1367 483 11 33 i
1398 481 147 43 Malmö,
1567 482 125 35 hvilka
1711 487 132 38 ansett,

211 541 54 29 att
294 535 181 35 utskottet
503 534 83 35 bort
614 533 205 42 hemställa,

756 613 53 30 att
838 607 139 48 Kungl.
1007 606 124 49 Maj:ts
1160 606 241 36 förevarande
1429 609 232 46 proposition
1687 608 79 35 icke
1787 611 57 32 må

622 658 39 37 af
686 658 214 48 Riksdagen
928 656 161 38 bifallas.

348 735 74 36 Till
450 735 82 35 stöd
560 734 125 36 härför
713 735 66 35 har
807 733 144 36 anförts
980 733 41 36 af
1049 734 128 35 herrar
1205 733 267 43 Zetterstrand,
1502 733 146 44 Widén,
1667 734 175 39 Jansson,

212 788 226 41 Pettersson,
467 785 137 36 Ersson
633 786 67 35 och
728 783 164 38 Nordin:

348 836 142 48 »Enligt
530 839 64 32 vår
630 837 152 46 mening
821 835 91 35 böra
952 834 137 36 sådana
1129 834 363 43 missförhållanden,
1535 846 78 24 som
1643 834 61 35 det
1731 836 12 33 i
1772 835 71 35 den

211 888 128 47 kungl.
368 888 279 47 propositionen
674 885 167 43 berörda,
871 885 85 36 med
984 885 45 35 de
1057 898 51 22 nu
1137 884 57 36 för
1213 885 281 47 verkställighet
1514 884 41 35 af
1571 883 277 49 fängelsestraff

211 939 14 34 i
258 938 204 36 allmänhet
487 936 173 48 gällande
687 936 354 47 lagbestämmelser,
1071 935 123 35 därest
1221 935 46 35 de
1295 939 74 31 rätt
1396 935 120 35 tolkas
1545 935 69 35 och
1643 936 199 47 tillämpas,

211 990 126 33 kunna
376 986 259 37 förekommas.
690 986 127 36 Redan
850 985 39 36 af
915 985 113 36 sådan
1056 985 123 48 grund
1207 998 108 36 synes
1344 997 45 23 en
1418 985 162 48 ändring
1607 986 13 34 i
1648 985 107 36 dessa
1782 986 62 35 be-

210 1039 244 41 stämmelser,
485 1050 78 23 som
592 1037 119 35 skulle
739 1038 148 35 komma
915 1040 53 31 att
997 1035 112 36 träffa
1137 1036 213 47 egentligen
1378 1034 130 36 endast
1528 1048 43 23 en
1590 1036 72 35 viss
1681 1037 164 47 kategori

211 1089 49 48 af
288 1088 156 48 fångar,
485 1089 79 34 icke
604 1088 89 35 böra
733 1087 179 48 vidtagas.
967 1085 137 36 Härtill
1145 1087 179 42 kommer,
1354 1090 55 30 att
1437 1085 62 36 det
1527 1085 211 49 föreslagna
1766 1087 78 47 lag-

211 1138 222 48 stadgandet
465 1151 109 35 synes
606 1150 86 23 vara
719 1136 129 37 alltför
875 1136 200 36 sväfvande
1103 1137 67 35 och
1199 1136 216 48 därigenom
1443 1137 124 34 lämna
1595 1135 127 37 alltför
1750 1142 94 30 stort

212 1194 186 43 utrymme
427 1188 57 35 för
511 1189 98 34 olika
636 1188 68 35 och
732 1187 181 36 växlande
941 1185 287 50 uppfattningar
1255 1187 66 34 hos
1350 1186 45 35 de
1422 1186 421 49 administrativa
1749 1181 98 60 myn-

211 1240 184 47 digheter,
423 1239 14 35 i
463 1239 142 35 hvilkas
633 1238 101 35 hand
762 1237 320 49 pröfningsrätten
1110 1238 13 34 i
1151 1236 102 36 detta
1281 1236 65 36 fall
1376 1238 118 34 skulle
1521 1238 138 47 läggas.
1715 1235 128 37 ÅAfven

213 1294 77 31 mot
321 1288 258 48 lagförslagets
608 1288 202 48 affattning
837 1288 12 35 i
877 1286 116 49 öfrigt
1021 1299 110 36 synes
1159 1299 70 31 oss,
1258 1290 47 45 på
1334 1291 72 31 sätt
1433 1288 12 34 i
1473 1287 132 46 högsta
1634 1287 210 36 domstolen

212 1339 235 43 framhållits,
476 1338 181 48 befogade
685 1339 291 46 anmärkningar
1004 1338 125 34 kunna
1157 1344 138 41 göras.>

350 1523 97 36 Herr
487 1509 194 50 Åkerlund
722 1523 66 35 har
817 1522 129 47 begärt
974 1521 37 35 få
1040 1522 65 34 här
1133 1520 236 44 antecknadt,
1399 1526 54 31 att
1480 1522 73 34 han
1581 1522 79 34 icke
1689 1521 156 47 deltagit

212 1575 12 34 i
254 1574 100 35 detta
381 1573 153 36 ärendes
563 1573 227 47 behandling
818 1573 101 34 inom
949 1572 192 35 utskottet.
