1887 2828
445 208 401 39 Bevillningsutskottets
862 211 216 30 betänkande
1093 221 42 20 nr
1149 212 40 30 23
1203 212 39 30 år
1257 213 83 30 1968
1615 216 12 29 1

814 456 65 40 Nr
906 457 53 40 23

324 566 400 38 Bevillningsutskottets
751 569 216 31 betänkande
993 571 80 30 med
1096 571 188 37 anledning
1309 580 41 21 av
1374 570 172 31 motioner
1570 580 59 21 an-

544 621 130 36 gående
701 623 112 29 rätten
843 623 51 29 till
920 624 128 37 avdrag
1073 624 55 38 för
1155 624 230 38 reparations-
1413 624 64 30 och
1505 625 124 29 under-

546 674 280 31 hållskostnader
839 676 43 38 på
897 686 55 20 en-
967 677 64 30 och
1046 677 369 38 tvåfamiljsfastighet.

1439 732 76 35 (2:a
1529 732 93 35 avd.)

192 834 12 29 I
221 834 177 30 motionen
416 835 42 29 II:
477 835 60 30 793
554 845 42 20 av
611 836 120 29 herrar
747 837 173 37 Bengtson
937 838 12 29 i
965 838 103 30 Solna
1084 839 63 29 och
1164 838 158 37 Ringaby
1339 839 64 29 har
1421 839 204 35 hemställts,

147 889 50 27 att
221 887 186 37 riksdagen
432 889 9 28 i
469 889 164 30 skrivelse
658 889 52 30 till
736 890 124 37 Kungl.
887 891 105 37 Maj:t
1018 892 156 29 anhåller
1199 901 56 20 om
1282 892 129 38 förslag
1437 892 53 30 till
1517 892 109 30 sådan

147 940 147 38 ändring
321 950 42 21 av
388 942 424 39 kommunalskattelagen
839 946 49 28 att
915 945 128 37 avdrag
1071 946 54 29 för
1152 946 230 37 reparations-
1410 947 63 29 och
1502 946 124 30 under-

146 994 280 31 hållskostnader
451 996 79 29 med
556 996 100 37 högst
683 997 94 30 2000
804 997 52 30 kr.
882 999 139 36 medges
1050 999 108 29 sådan
1184 1000 101 36 ägare
1311 1008 43 21 av
1380 1009 56 21 en-
1464 1000 63 29 och
1555 1000 71 29 två-

146 1047 340 38 familjsfastigheter
508 1058 73 21 som
604 1050 109 30 under
734 1051 315 37 beskattningsåret
1070 1053 89 29 varit
1180 1053 292 30 mantalsskriven
1494 1053 44 38 på
1559 1053 66 30 fas-

146 1101 163 37 tigheten.

189 1200 66 29 För
275 1200 164 38 fastighet
458 1210 73 21 som
550 1202 38 29 är
607 1203 152 29 inrättad
778 1204 52 29 till
847 1204 123 29 bostad
989 1204 35 30 åt
1042 1204 101 37 högst
1161 1204 56 30 två
1237 1205 154 36 familjer
1411 1205 88 29 skall
1519 1205 105 37 enligt

145 1253 41 29 24
205 1253 51 37 82
273 1262 105 22 mom.
395 1254 423 39 kommunalskattelagen
835 1257 392 37 inkomstberäkningen
1246 1258 58 30 ske
1324 1258 105 37 enligt
1449 1258 174 30 schablon.

144 1306 66 30 För
232 1306 108 30 sådan
361 1307 164 38 fastighet
545 1309 79 29 med
646 1309 280 37 taxeringsvärde
947 1311 75 29 icke
1043 1311 240 37 överstigande
1307 1312 59 29 100
1381 1312 62 30 000
1465 1311 52 30 kr.
1539 1320 85 29 upp-

144 1361 53 28 tas
223 1360 279 31 bruttointäkten
528 1362 52 29 till
608 1362 18 29 2
658 1363 31 33 Z
721 1372 42 20 av
789 1364 306 36 taxeringsvärdet.
1124 1364 44 29 är
1195 1365 296 37 taxeringsvärdet
1518 1365 106 37 högre

144 1412 176 38 tillämpas
341 1414 18 29 2
385 1414 32 34 Z
443 1415 9 29 i
473 1415 119 29 botten
613 1416 63 29 och
698 1417 19 28 4
743 1416 31 34 &
801 1416 54 30 för
876 1417 65 29 den
964 1418 53 28 del
1038 1426 42 21 av
1101 1418 296 36 taxeringsvärdet
1421 1428 73 20 som
1517 1419 106 37 ligger

144 1466 128 30 mellan
299 1466 59 30 100
373 1468 61 29 000
459 1468 65 29 och
548 1468 62 30 200
625 1469 61 30 000
712 1469 51 30 kr.
789 1472 89 27 samt
903 1471 18 29 8
951 1471 31 33 Z
1012 1471 54 29 för
1091 1471 66 29 den
1182 1471 53 29 del
1261 1481 41 20 av
1327 1472 297 37 taxeringsvärdet

144 1528 74 20 som
242 1520 107 37 ligger
373 1521 154 30 däröver.
551 1522 93 29 Från
666 1522 278 31 bruttointäkten
968 1524 55 29 får
1047 1524 140 37 jämlikt
1212 1525 40 29 25
1280 1524 15 37 8
1323 1525 17 30 3
1365 1534 104 22 mom.
1495 1526 128 37 avdrag

143 1574 101 38 göras
260 1573 55 30 för
330 1575 102 29 ränta
448 1575 44 39 på
507 1575 105 34 lånat,
630 1576 9 29 i
657 1575 209 40 fastigheten
884 1577 138 39 nedlagt
1039 1578 132 39 kapital
1190 1580 99 32 samt,
1308 1579 10 28 i
1337 1578 286 30 förekommande

143 1626 71 36 fall,
243 1627 54 29 för
323 1628 303 37 tomträttsavgäld
653 1629 82 30 eller
762 1630 164 30 liknande
953 1631 132 37 avgäld.
1113 1631 137 38 Avdrag
1278 1632 54 29 för
1359 1632 116 38 övriga
1503 1633 119 37 fastig-

143 1679 326 33 hetsomkostnader
497 1682 54 29 får
577 1682 156 30 däremot
759 1684 70 29 inte
858 1684 69 30 ske.
954 1684 45 30 Är
1026 1685 127 37 ägaren
1181 1685 111 37 fysisk
1319 1695 134 28 person,
1484 1696 73 21 som
1585 1687 38 30 är

142 1734 294 30 mantalsskriven
457 1735 43 37 på
523 1735 218 38 fastigheten,
765 1737 138 37 medges
926 1738 172 36 därjämte
1120 1740 47 28 elt
1190 1741 95 28 extra
1307 1739 128 38 avdrag
1457 1741 78 29 med
1559 1741 61 30 200

141 1787 62 34 kr.,
225 1787 88 30 dock
333 1790 49 27 att
403 1789 93 29 detta
517 1789 127 39 avdrag
665 1790 70 29 inte
756 1790 53 29 får
830 1791 172 39 överstiga
1021 1792 297 30 bruttointäktens
1340 1792 134 41 belopp.
1498 1793 124 40 Angiv-

141 1850 46 20 na
218 1841 109 39 regler
360 1841 54 30 för
447 1842 183 31 förenklad
664 1844 348 40 inkomstberäkning
1051 1846 425 41 (schablonbeskattning)
1516 1848 106 39 gäller

141 1896 87 28 även
246 1904 56 20 om
323 1895 210 40 fastigheten
553 1898 120 29 utöver
690 1898 124 29 bostad
834 1898 34 29 åt
888 1908 42 20 en
950 1899 82 29 eller
1051 1899 58 30 två
1129 1900 154 39 familjer
1305 1901 192 29 innehåller
1518 1902 103 38 något

141 1949 145 29 enstaka
307 1958 80 20 rum
409 1949 54 30 för
485 1950 191 40 uthyrning
698 1951 81 30 eller
802 1952 10 29 i
834 1952 99 39 ringa
955 1952 212 40 omfattning
1189 1953 70 30 kan
1282 1954 178 30 användas
1484 1954 54 30 för
1563 1965 58 19 an-

140 2003 60 28 nat
225 2002 162 30 ändamål
412 2004 44 28 än
480 2013 74 20 som
578 2004 133 30 bostad.
737 2004 216 31 Schablonen
976 2006 177 39 tillämpas
1180 2007 155 29 däremot
1361 2008 30 39 ej
1419 2017 56 20 om
1502 2008 119 40 fastig-

140 2055 103 30 heten
271 2056 225 39 regelbundet
525 2058 64 28 och
618 2058 10 28 i
657 2058 75 30 icke
761 2059 86 29 blott
876 2059 100 39 ringa
1004 2060 212 39 omfattning
1247 2061 10 28 i
1287 2061 251 39 förvärvssyfte
1568 2065 53 26 ut-

140 2109 133 39 nyttjas
294 2109 44 40 på
360 2112 107 28 annat
488 2112 67 29 sätt
577 2113 44 28 än
643 2111 54 30 för
719 2112 191 40 uthyrning
931 2113 52 29 till
1007 2114 265 38 stadigvarande
1294 2115 123 30 bostad
1440 2116 81 29 eller
1546 2125 73 21 som

140 2161 123 31 bostad
276 2163 35 29 åt
326 2163 137 37 ägaren.

183 2215 45 30 Är
248 2216 339 38 förutsättningarna
606 2218 54 29 för
679 2219 221 37 tillämpning
920 2230 41 19 av
979 2221 157 36 reglerna
1156 2221 54 30 för
1231 2223 389 38 schablonbeskattning

139 2268 71 30 inte
231 2269 192 37 uppfyllda,
446 2270 88 30 skall
555 2271 392 39 inkomstberäkningen
970 2273 59 30 ske
1050 2274 105 37 enligt
1176 2275 136 37 vanliga
1335 2276 160 37 grunder.
1518 2277 101 30 Detta

139 2321 145 30 innebär
305 2324 50 28 att
377 2332 73 20 som
472 2324 153 30 inkomst
648 2325 88 29 skall
759 2328 125 35 upptas
906 2327 224 36 hyresvärdet
1152 2337 42 20 av
1216 2336 84 29 egen
1321 2330 122 29 bostad
1466 2331 10 29 i
1501 2330 118 38 fastig-

139 2375 103 30 heten
258 2378 90 27 samt
364 2376 153 31 influtna
533 2377 114 37 hyror,
663 2378 156 30 varifrån
836 2380 127 36 avdrag
981 2380 54 30 får
1051 2381 100 36 göras
1169 2382 53 29 för
1239 2383 248 30 omkostnader
1505 2384 114 30 såsom

139 2428 253 37 ränteutgifter,
408 2431 246 36 reparationer,
668 2431 177 31 beräknad
858 2433 310 39 värdeminskning
1182 2443 69 21 osv.

138 2603 119 23 0111128
348 2599 134 41 Bihang
498 2600 52 30 till
564 2600 205 41 riksdagens
783 2603 174 38 protokoll
973 2603 94 30 1968.
1084 2604 17 30 7
1116 2604 99 30 saml.
1231 2605 48 29 Nr
1293 2605 42 30 23
