1874 2790
394 150 123 29 Första
541 147 246 40 lagutskottets
812 144 179 30 utlåtande
1014 152 43 21 nr
1080 143 40 29 15
1142 141 40 31 år
1206 141 83 30 1955
1578 138 17 30 7

92 238 50 29 att
160 235 210 40 försäljning
387 244 42 20 av
446 233 212 40 egendomen
677 232 30 39 ej
728 231 100 33 skett,
847 230 64 30 och
928 227 179 41 betalning
1125 225 122 33 därvid
1263 225 143 31 utfaller
1423 225 19 30 å
1459 223 135 31 huvud-

93 288 111 30 stolen
236 296 41 21 av
308 285 188 30 intecknad
529 283 155 34 fordran,
716 290 80 21 vare
828 279 249 39 inteckningen
1108 278 52 30 till
1193 276 245 31 motsvarande
1469 275 125 39 belopp

93 339 84 29 utan
205 337 142 30 verkan.

796 381 40 31 26
863 380 28 37 8.

137 447 72 29 Har
231 445 160 34 domstol,
414 444 58 31 vid
495 442 227 31 meddelande
746 450 40 22 av
809 439 196 40 förklaring
1028 439 50 29 att
1101 436 185 41 luftfartyg
1309 436 90 30 skall
1421 443 83 22 vara
1527 433 70 31 för-

95 498 120 29 verkat
243 496 53 30 till
324 496 147 33 kronan,
500 493 114 31 tillika
643 491 221 32 beträffande
893 489 204 40 inteckning
1125 488 12 30 i
1166 487 150 39 fartyget
1345 485 173 31 förklarat
1547 484 50 30 att

95 548 201 40 panträtten
316 546 11 29 i
346 545 151 40 fartyget
517 544 89 30 skall
626 543 170 40 upphöra,
817 541 67 35 må,
906 541 107 30 sedan
1033 541 126 29 domen
1178 536 125 33 vunnit
1323 538 76 38 laga
1420 535 106 34 kraft,
1546 535 53 29 in-

96 597 208 40 teckningen
324 596 107 30 dödas
451 595 45 41 på
516 594 159 30 ansökan
693 594 84 29 utav
796 601 46 30 ny
862 593 102 38 ägare
983 600 43 21 av
1045 590 151 39 fartyget
1216 588 81 30 eller
1316 588 64 30 lott
1400 586 86 34 däri,
1507 584 91 32 ändå

96 650 50 28 att
167 644 438 42 inteckningshandlingen
627 645 10 29 i
658 642 228 32 huvudskrift
910 642 29 40 ej
965 642 139 30 företes.

675 795 65 29 Om
758 792 265 37 ägarehypotek.

801 877 40 31 27
868 876 28 37 8.

143 942 71 30 Har
236 942 188 29 intecknad
446 937 349 41 fordringshandling
816 935 99 31 blivit
936 935 107 30 inlöst
1064 935 84 29 utav
1169 934 127 40 ägaren
1318 940 42 22 av
1381 931 67 30 den
1470 929 133 30 inteck-

100 993 88 30 nade
210 992 213 40 egendomen
445 990 82 29 eller
549 989 101 39 eljest
672 986 148 31 kommit
842 987 12 30 i
874 986 90 31 hans
986 985 105 34 hand,
1114 984 64 30 och
1201 984 37 29 är
1261 982 29 41 ej
1316 981 125 31 sådant
1463 981 63 30 fall
1547 980 56 30 för

100 1043 139 30 handen
259 1044 50 29 att
328 1040 249 39 inteckningen
598 1041 38 28 är
656 1038 81 41 ogill
758 1038 82 29 eller
859 1038 87 28 utan
964 1035 143 35 verkan,
1128 1034 57 30 må
1205 1032 214 41 handlingen
1439 1031 90 39 ånyo
1550 1031 53 29 ut-

101 1093 94 40 givas
219 1094 79 29 med
321 1091 215 31 oförändrad
558 1088 304 39 inteckningsrätt.

804 1179 41 31 28
871 1178 28 38 8.

146 1245 190 29 Innehaves
363 1239 403 42 inteckningshandling,
794 1240 64 29 när
882 1237 215 41 egendomen
1121 1232 273 42 utmätningsvis
1420 1232 116 40 säljes,
1564 1240 42 21 av

103 1297 137 38 ägaren,
268 1295 57 29 må
352 1294 112 29 denne
489 1292 58 31 vid
574 1290 257 40 försäljningen
857 1287 251 41 tillgodonjuta
1133 1294 136 22 samma
1294 1285 69 29 rätt
1391 1293 75 21 som
1493 1278 113 48 skulle

103 1346 197 29 tillkomma
325 1352 118 22 annan
468 1342 213 30 innehavare
707 1349 42 22 av
773 1338 264 40 inteckningen;
1067 1337 89 31 dock
1181 1336 60 35 att,
1268 1336 62 30 där
1355 1335 11 29 i
1391 1332 215 40 handlingen

104 1396 101 30 ränta
225 1396 38 29 är
284 1393 208 33 förskriven,
514 1392 110 30 sådan
644 1392 30 40 ej
697 1391 58 30 må
775 1389 130 31 räknas
927 1390 127 38 ägaren
1075 1387 51 30 till
1148 1386 97 41 godo.
1266 1384 45 30 är
1331 1386 129 38 ägaren
1480 1383 127 31 försatt

104 1447 11 29 i
135 1446 168 34 konkurs,
325 1446 61 38 äge
406 1443 240 30 konkursboet
666 1443 67 29 den
753 1441 70 29 rätt
844 1448 47 22 nu
912 1439 105 40 sagts.

149 1496 138 33 Finnes,
308 1496 63 29 när
392 1493 213 40 egendomen
624 1490 273 39 utmätningsvis
918 1488 117 39 säljes,
1056 1488 50 30 att
1126 1489 127 38 ägaren
1274 1485 91 41 gjort
1385 1482 223 40 avbetalning

105 1547 20 30 å
146 1547 124 40 belopp
292 1544 118 31 varför
432 1543 214 40 egendomen
668 1542 44 40 på
735 1541 113 39 grund
871 1548 42 22 av
933 1537 205 41 inteckning
1160 1537 117 30 häftar
1299 1536 82 29 eller
1404 1535 52 30 att
1476 1533 134 31 inteck-

107 1597 82 40 ning
212 1598 11 29 i
248 1595 213 40 egendomen
484 1593 158 31 belånats
666 1592 52 31 till
742 1592 93 38 lägre
858 1590 125 40 belopp
1008 1590 46 29 än
1077 1589 57 29 det
1156 1587 84 30 varå
1263 1587 67 30 den
1353 1586 107 39 lyder,
1486 1584 89 31 skall
1597 1582 12 30 i

107 1647 98 40 fråga
226 1656 56 21 om
303 1647 66 30 den
390 1646 54 29 del
465 1654 42 20 av
527 1643 209 30 intecknade
756 1641 170 40 beloppet,
948 1650 75 20 som
1044 1639 75 30 icke
1140 1638 212 30 tillkommer
1372 1634 238 40 intecknings-

107 1699 162 33 havaren,
294 1697 66 30 vad
385 1697 10 29 i
419 1695 112 30 första
556 1693 134 40 stycket
715 1694 37 29 är
777 1692 137 39 stadgat
939 1692 65 38 äga
1027 1687 237 42 tillämpning;
1291 1687 89 30 dock
1405 1686 50 30 att
1478 1685 133 30 inteck-

108 1748 257 39 ningshavaren
391 1746 54 30 för
472 1744 54 31 sin
553 1744 144 30 fordran
725 1745 79 38 äger
830 1741 186 30 företräde.

812 1834 41 30 29
879 1832 28 37 8.

154 1899 71 29 Har
252 1899 101 38 ägare
381 1906 41 20 av
447 1895 190 30 intecknad
663 1893 168 40 egendom
859 1892 92 39 gjort
978 1889 221 40 avbetalning
1226 1888 19 30 å
1271 1887 180 30 intecknat
1477 1886 135 39 belopp,

111 1958 79 20 vare
209 1946 387 39 inteckningshavaren,
616 1945 62 30 där
697 1944 30 39 ej
750 1943 107 29 annat
876 1940 171 32 förbehåll
1069 1940 100 33 skett,
1188 1937 125 42 pliktig
1331 1938 50 29 att
1399 1936 45 41 på
1461 1936 152 39 begäran

112 2009 41 21 av
171 2000 127 38 ägaren
316 1998 64 29 och
398 1997 73 29 mot
489 1995 152 30 förskott
659 2003 42 22 av
719 1993 104 39 nödig
842 1993 150 30 kostnad
1010 1990 148 41 uppvisa
1176 1986 437 41 inteckningshandlingen

112 2050 53 29 för
189 2047 410 39 inskrivningsdomaren
624 2045 54 30 för
703 2042 286 39 avbetalningens
1014 2039 241 31 antecknande
1280 2039 10 29 i
1315 2036 300 40 inskrivningsbo-

112 2100 77 29 ken.
212 2099 13 29 I
247 2099 113 29 boken
382 2097 89 29 skall
494 2095 199 33 anmärkas,
717 2095 49 28 att
788 2092 214 39 handlingen
1025 2091 30 39 ej
1080 2090 117 30 vidare
1219 2088 136 30 medför
1378 2086 238 39 intecknings-

113 2151 68 28 rätt
202 2149 53 30 för
277 2147 201 31 avbetalade
497 2146 171 39 beloppet.

159 2199 110 30 Sedan
293 2196 211 40 anteckning
529 2205 55 20 om
608 2193 225 39 avskrivning
857 2192 148 30 sålunda
1029 2191 101 33 skett,
1155 2189 66 33 må,
1246 2189 61 30 där
1332 2190 127 37 ägaren
1483 2187 56 30 det
1561 2186 56 29 be-

116 2251 59 37 gär
194 2249 64 29 och
277 2248 113 28 tillika
409 2246 132 39 ingiver
560 2244 169 40 handling
748 2242 243 30 innefattande
1010 2239 227 40 medgivande
1258 2248 73 20 som
1351 2238 10 29 i
1380 2237 18 29 5
1421 2236 15 36 $
1458 2238 89 38 sägs,
1566 2235 52 29 in-

117 2299 163 37 teckning
312 2297 50 29 till
392 2297 124 38 belopp
548 2293 245 31 motsvarande
824 2293 65 28 vad
921 2300 73 20 som
1026 2288 186 31 avskrivits
1243 2286 175 30 meddelas
1450 2287 50 27 att
1532 2284 90 39 gälla

116 2350 77 29 med
218 2346 230 31 förmånsrätt
473 2346 79 28 näst
577 2344 87 29 efter
689 2341 395 39 inteckningshavarens
1109 2338 218 30 återstående
1352 2337 155 29 fordran.
1534 2334 85 39 Äga-

116 2408 58 20 ren
196 2398 57 30 må
273 2398 88 29 dock
381 2397 84 28 utan
486 2391 456 42 inteckningshandlingens
964 2390 197 30 företeende
1183 2388 34 30 få
1236 2386 247 40 inteckningen
1505 2384 113 32 dödad

118 2449 50 30 till
189 2449 124 39 belopp
336 2445 244 31 motsvarande
602 2445 64 29 vad
690 2453 73 20 som
786 2441 197 31 avskrivits.
