1866 2790
382 149 123 29 Första
529 147 245 40 lagutskottets
798 147 180 31 utlåtande
1001 156 44 22 nr
1067 148 41 29 15
1129 147 40 30 år
1193 148 84 29 1955
1543 147 37 30 51

262 233 184 35 (Gällande
466 232 157 40 lydelse.)

122 427 99 29 Ändå
242 428 49 28 att

124 479 12 29 I
158 478 113 30 stället
372 495 21 3 -

1011 231 226 40 (Föreslagen
1258 232 159 39 lydelse.)

845 325 106 36 bestå,
980 326 80 39 göre
1086 326 194 30 domstolen
1306 325 170 31 förbehåll
1503 326 75 30 där-

845 384 67 21 om.

691 425 175 29 förklaras
889 424 189 31 förverkat.

653 485 41 21 av
713 476 188 29 missbruk.

122 589 122 29 Denna
265 588 53 41 lag
339 589 118 29 träder
477 589 10 29 i
509 587 94 30 kraft
625 589 65 29 den
713 588 65 40 dag
798 587 195 39 Konungen
1015 587 196 30 förordnar.

639 889 62 39 15)
725 890 271 41 Förslag

801 957 53 30 till

763 1022 133 50 Lag

175 1112 58 24 om
258 1103 138 32 ändrad
420 1102 138 40 lydelse
582 1112 42 22 av
647 1101 20 32 3
688 1099 21 42 $
731 1102 107 39 lagen
863 1101 70 32 den
956 1101 18 32 7
999 1101 210 40 september
1232 1099 82 33 1914
1335 1097 61 42 (nr
1419 1097 75 41 182)

270 1154 187 40 angående
480 1152 134 33 förbud
637 1152 79 33 mot
738 1151 191 33 lufttrafik
953 1151 86 33 över
1062 1151 151 33 svenskt
1235 1150 160 33 område.

122 1236 212 39 Härigenom
356 1235 195 36 förordnas,
575 1236 51 29 att
647 1235 19 30 3
691 1233 16 37 $
731 1234 99 40 lagen
853 1235 67 30 den
944 1233 16 30 7
986 1234 194 40 september
1204 1233 83 30 1914
1310 1233 178 41 angående
1511 1234 71 30 för-

78 1287 72 31 bud
176 1289 75 28 mot
280 1286 179 31 lufttrafik
489 1287 79 29 över
599 1285 143 30 svenskt
771 1285 157 30 område!
959 1284 89 31 skall
1078 1284 133 31 erhålla
1239 1284 157 41 följande
1427 1285 155 30 ändrade

79 1338 140 39 lydelse.

262 1435 184 36 (Gällande
466 1435 158 39 lydelse.)

1012 1433 226 39 (Föreslagen
1258 1433 160 40 lydelse.)

793 1526 19 31 3
837 1526 28 37 8.

121 1597 74 30 Den
220 1606 74 21 som
316 1597 201 29 överträder
539 1594 138 35 förbud,
701 1604 74 21 som
798 1593 11 29 i

80 1648 16 29 1
134 1646 15 37 $
184 1657 107 24 avses,
326 1646 144 30 straffes
502 1647 79 29 med
614 1646 193 38 dagsböter,

77 1699 89 38 lägst
203 1698 85 34 fem;
328 1697 64 30 och
431 1696 88 31 skall
556 1697 56 29 det
649 1695 159 30 använda

77 1748 221 39 luftfartyget
322 1749 99 38 tagas
445 1747 11 29 i
480 1747 117 39 beslag
622 1749 100 32 samt,
748 1746 61 30 där

80 1800 30 38 ej
135 1799 195 39 Konungen
353 1799 55 29 för
429 1798 87 30 visst
538 1798 61 29 fall
622 1797 189 30 annorlun-

80 1850 42 30 da
145 1849 194 33 förordnar,
362 1849 121 29 dömas
504 1848 182 30 förbrutet.

892 1593 75 30 Den
992 1602 75 21 som
1090 1594 198 29 Ööverträder
1312 1593 138 35 förbud,
1474 1602 75 21 som
1572 1592 10 30 i

853 1644 14 28 1
906 1642 15 37 $
956 1652 109 25 avses,
1100 1643 142 31 straffes
1274 1645 81 29 med
1388 1644 193 39 dagsböter,

848 1694 90 39 lägst
975 1694 86 34 fem;
1101 1694 65 29 och
1203 1694 88 30 skall
1329 1694 58 30 det
1422 1694 161 30 använda

848 1744 223 40 luftfartyget
1095 1745 98 38 tagas
1218 1745 11 29 i
1253 1745 117 39 beslag
1395 1745 101 34 samt,
1521 1745 62 29 där

849 1795 30 39 ej
905 1795 196 39 Konungen
1123 1795 56 30 för
1200 1794 86 31 visst
1308 1794 63 31 fall
1394 1794 190 30 annorlun-

850 1846 43 29 da
925 1845 196 34 förordnar,
1154 1845 121 30 dömas
1307 1845 183 29 förbrutet.
1522 1844 61 28 Be-

851 1895 120 30 sväras
1006 1894 154 40 fartyget
1184 1904 42 21 av
1251 1894 227 39 luftpanträtt
1503 1894 82 30 eller

850 1945 213 39 inteckning,
1092 1946 58 29 må
1179 1944 205 37 domstolen,
1413 1945 66 30 när
1506 1943 78 32 skäl

850 1996 119 29 därtill
993 1996 70 38 äro,
1089 1996 156 39 förklara
1271 1996 50 30 att
1346 1996 200 39 panträtten
1574 1994 10 29 i

849 2046 153 39 fartyget
1028 2046 91 30 skall
1146 2046 167 39 upphöra.

126 2157 121 29 Denna
268 2157 54 40 lag
343 2157 117 29 träder
481 2157 9 29 i
513 2156 93 29 kraft
629 2157 64 29 den
717 2156 64 39 dag
802 2156 195 38 Konungen
1019 2156 195 29 förordnar.

121 2469 7 12 1
152 2468 107 21 Senaste
279 2466 100 29 lydelse
398 2473 25 15 se
444 2466 57 22 SFS
521 2462 70 26 1939:
612 2462 55 25 729.
