2174 2688
405 203 18 30 8
833 195 100 33 Stats-
944 193 166 34 Utskottets
1141 191 173 32 Utlåtande
1344 190 62 32 N:o
1432 189 49 30 17.

362 282 64 37 det
460 281 32 50 ej
527 279 107 37 torde
662 278 130 36 kunna
821 287 111 25 anses
958 273 318 49 oundgängligen
1303 271 137 49 nödigt
1468 270 84 48 och,
1581 268 122 49 enligt
1730 267 222 38 Utskottets

362 335 111 48 åsigt,
503 332 122 37 skulle
654 343 91 24 vara
774 328 146 37 mindre
950 326 175 50 lämpligt
1153 331 55 31 att
1234 338 141 36 genom
1394 322 213 51 upplåning
1627 320 140 38 bereda
1788 319 165 49 tillgång

361 388 58 36 till
445 384 302 51 ifrågavarande,
771 380 280 51 jemförelsevis
1080 379 32 49 ej
1142 378 196 49 betydliga
1354 377 151 49 belopp,
1528 375 69 37 har
1615 374 199 38 Utskottet
1833 372 31 49 ej
1887 385 65 23 an-

362 445 75 32 gett
464 439 60 48 sig
551 439 131 35 kunna
709 434 195 49 tillstyrka
931 432 221 48 Riksdagen
1172 436 55 32 att
1242 430 129 38 bifalla
1391 428 141 50 Kongl.
1554 428 128 49 Maj:ts
1702 424 250 39 förevarande

362 492 144 49 förslag
547 491 13 36 i
601 489 102 38 hvad
744 488 64 36 det
850 488 119 47 angår
1002 489 116 32 sättet
1142 484 57 36 för
1222 483 217 37 beredande
1469 481 42 37 af
1533 480 167 49 tillgång
1729 478 59 37 till
1816 477 137 49 ifråga-

361 545 165 37 varande
568 546 41 34 år
656 544 96 34 1880
794 538 191 51 utgående
1027 537 111 37 andel
1180 536 42 38 af
1245 534 250 39 omförmälda
1523 530 309 50 låneunderstöd,
1861 535 93 32 utan

362 597 221 38 hemställer
610 595 149 47 endast,

890 703 56 31 att
974 696 221 47 Riksdagen
1224 697 60 34 må
1311 694 12 36 1
1344 693 224 49 ytterligare
1588 691 204 48 afräkning
1811 692 21 34 å
1851 689 103 37 lånet

763 750 57 36 för
848 748 195 48 sänkning
1072 747 41 36 af
1137 747 149 48 sjöarne
1314 746 222 48 Hjelmaren
1556 744 70 35 och
1648 743 225 43 Qvismaren
1890 755 65 21 an-

762 803 82 36 visa
877 801 164 48 300,000
1080 799 139 37 kronor
1251 798 58 37 till
1338 797 192 51 utgående
1558 795 84 37 från
1671 793 286 38 Statskontoret

762 855 121 36 under
911 857 40 33 år
982 854 108 35 1880.

1119 976 94 34 13:0.

493 1068 17 35 I
534 1065 180 39 afseende
744 1067 20 33 å
791 1063 175 37 vilkoren
996 1062 57 36 för
1082 1060 218 38 erhållande
1330 1060 70 36 och
1420 1056 345 50 tillgodonjutande
1787 1055 41 37 af
1843 1059 113 33 stats-

366 1121 136 48 bidrag
533 1119 59 37 till
625 1119 192 36 allmänna
846 1115 159 36 arbeten
1034 1114 197 36 äfvensom
1260 1113 11 35 i
1299 1112 108 48 fråga
1436 1124 61 23 om
1525 1109 218 37 kontrollen
1771 1108 101 47 derå,
1903 1112 54 31 att

367 1175 143 35 sådana
540 1172 157 36 arbeten
732 1169 122 48 enligt
889 1166 202 38 faststälda
1120 1166 132 49 planer
1279 1164 158 48 utföras,
1467 1163 68 36 har
1558 1161 139 49 Kongl.
1724 1160 107 49 Maj:t
1858 1159 99 37 före-

369 1225 127 49 slagit,
531 1229 55 31 att
620 1236 50 22 nu
697 1221 180 49 gällande
905 1218 290 37 bestämmelser
1223 1220 61 32 må
1312 1217 112 35 äfven
1453 1215 58 36 för
1539 1217 39 33 år
1609 1215 97 35 1880
1735 1208 220 57 bibehållas.

496 1276 210 46 Utskottet,
737 1286 82 24 som
849 1272 32 49 ej
912 1272 69 36 har
1009 1273 118 46 något
1155 1274 56 32 att
1236 1268 136 37 härvid
1400 1267 135 48 erinra,
1565 1265 232 47 hemställer,

896 1380 55 31 att
979 1388 50 22 nu
1058 1373 178 49 gällande
1265 1373 192 36 allmänna
1484 1372 124 36 vilkor
1636 1369 70 37 och
1721 1367 237 38 föreskrifter

767 1429 11 36 i
812 1428 179 37 afseende
1027 1429 20 34 å
1080 1426 46 36 de
1155 1425 244 48 statsbidrag,
1429 1437 82 23 som
1539 1422 126 37 blifvit
1693 1421 181 37 anvisade
1902 1420 57 35 för

767 1478 363 50 väganläggningar
1158 1477 70 36 och
1257 1476 365 49 vägförbättringar,
1649 1472 308 50 brobyggnader,

769 1530 415 49 hamnanläggningar,
1217 1527 507 39 vattenkommunikationer
1753 1529 99 33 samt
1886 1524 73 49 sjö-

770 1584 238 47 sänkningar
1036 1582 69 36 och
1126 1582 117 35 andra
1263 1578 545 51 vattenaftappningsföretag,
1830 1576 131 36 hvilka

771 1634 235 39 föreskrifter
1038 1634 70 36 och
1138 1633 124 36 vilkor
1289 1633 207 36 innefattas
1525 1632 11 35 i
1563 1631 243 47 Riksdagens
1823 1628 137 36 under-

769 1688 140 48 dåniga
937 1686 222 36 skrifvelser
1187 1686 75 35 den
1290 1688 47 33 23
1366 1685 74 49 Maj
1474 1686 95 34 1873
1598 1683 87 46 (N:o
1716 1684 45 34 67
1792 1694 113 23 mom.
1939 1681 21 34 8

771 1741 70 35 och
877 1739 73 49 68),
984 1739 74 35 den
1093 1740 46 33 23
1173 1737 108 49 April
1318 1739 97 34 1874
1450 1736 84 50 (N:o
1564 1738 45 33 27
1640 1748 112 23 mom.
1786 1732 72 50 11),
1889 1732 72 35 den

770 1795 20 33 5
820 1792 74 48 Maj
928 1792 95 35 1876
1050 1789 83 49 (N:o
1164 1792 44 33 27
1240 1802 112 23 mom.
1386 1788 59 49 12)
1475 1788 70 36 och
1575 1787 73 36 den
1677 1788 47 35 20
1757 1785 74 48 Maj
1865 1786 95 34 1878

771 1844 84 50 (N:o
893 1846 46 34 47
978 1855 112 23 mom.
1124 1840 73 50 13),
1226 1840 233 37 fortfarande
1488 1838 109 38 skola
1624 1838 118 37 blifva
1769 1836 189 49 gällande.

1124 1965 93 35 14:0.

502 2054 122 36 Bland
652 2052 46 37 de
726 2052 12 36 i
758 2051 321 48 nästföregående
1100 2050 123 49 punkt
1243 2048 249 37 omförmälda
1512 2047 192 37 allmänna
1723 2043 237 39 föreskrifter

374 2107 256 37 förekommer
664 2105 115 36 äfven
807 2105 85 46 den,
923 2108 55 31 att
1007 2103 209 48 menighet,
1246 2102 117 47 bolag
1391 2101 91 36 eller
1510 2112 126 24 annan
1664 2096 295 48 vederbörande,

375 2173 81 23 som
486 2158 152 37 erhållit
666 2155 306 38 statsunderstöd
1001 2155 59 36 till
1088 2154 200 36 utförande
1317 2153 42 36 af
1381 2166 51 23 nu
1460 2151 289 48 ifrågavarande
1779 2150 103 47 slags
1904 2162 57 22 ar-

375 2213 126 46 beten,
544 2210 98 37 skall
683 2208 252 37 underkastas
969 2207 74 37 alla
1071 2207 46 36 de
1145 2206 124 36 vilkor
1297 2205 71 37 och
1396 2203 220 48 kontroller,
1647 2216 81 23 som
1757 2201 41 37 af
1820 2200 141 48 Kongl.

376 2264 107 48 Maj:t
510 2262 154 50 pröfvas
693 2260 185 50 lämpliga
906 2259 70 36 och
1006 2259 152 47 nödiga.

504 2315 132 36 Under
676 2312 240 49 åberopande
958 2311 112 36 häraf
1107 2310 70 36 och
1206 2309 86 36 med
1321 2308 210 48 anledning
1558 2307 42 36 af
1622 2306 102 37 hvad
1752 2306 68 35 här
1849 2304 116 36 ofvan

376 2367 120 36 under
524 2379 111 23 mom.
667 2367 20 34 3
716 2365 123 36 finnes
868 2363 175 37 anmärkt
1071 2362 12 36 i
1111 2362 108 47 fråga
1247 2374 60 23 om
1336 2361 146 36 bristen
1510 2362 49 46 på
1587 2357 242 48 fullständigt
1857 2355 108 37 förda
