1907 2839
249 191 19 29 8
589 187 313 31 Bankoutskottets
924 186 178 30 utlåtande
1123 194 43 21 nr
1186 185 39 30 21
1242 184 45 30 år
1309 183 84 31 1970

251 272 146 40 redning
419 281 56 21 om
497 271 235 40 tillskapande
753 280 42 20 av
816 271 48 29 ett
885 269 221 30 kommunalt
1127 275 108 32 organ
1256 266 80 31 med
1357 265 276 41 representation
1654 264 80 30 från

253 327 197 40 företagens
470 326 85 35 sida,
575 326 52 29 till
647 326 106 29 vilket
773 325 143 39 företag,
936 324 11 29 i
966 325 77 28 vart
1062 323 63 29 fall
1145 323 80 29 över
1244 330 43 21 en
1305 321 70 29 viss
1397 320 138 34 storlek,
1557 318 113 31 skulle
1689 318 44 29 ha

251 382 154 39 reguljär
420 379 344 42 rapportskyldighet
777 379 149 30 rörande
940 378 147 30 resultat
1102 376 64 30 och
1181 374 375 39 framtidsutveckling.

793 476 174 43 Pågående
982 475 215 42 utredningar

252 553 433 39 Samarbetsutredningen

299 618 14 29 I
331 618 189 30 utskottets
538 616 209 40 föregående
765 615 190 34 utlåtande,
974 623 42 20 nr
1035 613 50 35 20,
1105 613 135 29 lämnas
1259 610 177 41 uppgifter
1455 619 56 20 om
1531 609 207 30 samarbets-

254 673 243 39 utredningen.
519 672 76 30 Vad
615 671 106 40 gäller
743 671 41 29 de
805 669 117 40 frågor
945 678 74 20 som
1040 668 119 29 berörs
1180 667 10 29 i
1212 667 41 29 de
1274 675 48 20 nu
1344 664 155 31 aktuella
1519 663 218 30 motionerna

253 727 194 30 innehåller
463 726 194 31 direktiven
671 725 55 30 för
741 725 114 29 denna
869 724 12 29 i
894 723 187 30 huvudsak
1096 721 167 37 följande.

299 782 52 30 Av
373 782 142 30 särskilt
537 781 147 29 intresse
707 780 64 29 när
794 779 130 30 former
946 778 55 29 för
1025 776 193 31 samarbete
1240 775 80 29 med
1343 774 41 30 de
1407 772 221 31 ekonomiskt
1650 773 91 28 mest

255 836 267 41 betydelsefulla
540 835 179 39 företagen
739 834 89 30 skall
847 833 170 30 etableras
1036 832 37 29 är
1094 831 41 30 de
1154 838 107 31 organ
1280 830 62 29 där
1361 829 41 29 de
1422 828 54 30 för
1494 823 247 43 näringslivets

256 891 199 37 utveckling
476 892 89 26 mest
586 888 196 39 avgörande
802 888 159 28 besluten
981 887 118 28 fattas.
1120 885 120 28 Beslut
1262 892 74 20 som
1356 883 65 28 har
1442 882 110 28 större
1573 879 167 29 räckvidd

256 945 55 30 för
332 943 276 41 sysselsättning,
628 941 223 41 produktion,
873 940 174 30 struktur-
1063 938 68 30 och
1150 935 353 39 branschutveckling
1524 935 90 29 samt
1633 932 110 40 regio-

257 999 81 29 nala
361 998 245 30 förhållanden
631 997 107 29 fattas
762 996 11 29 i
796 994 191 31 allmänhet
1010 993 112 30 under
1145 991 213 30 medverkan
1382 999 42 20 av
1448 988 294 30 affärsbankerna

257 1054 66 29 och
343 1053 41 30 de
405 1053 71 29 s.k.
496 1050 368 39 investmentbolagen,
885 1048 118 30 varför
1023 1046 232 39 utredningen
1275 1045 12 29 i
1307 1045 111 29 första
1437 1043 96 29 hand
1552 1042 62 29 bör
1635 1041 107 39 pröva

258 1109 179 29 formerna
456 1107 54 29 för
531 1106 194 30 samarbete
744 1104 78 30 med
844 1104 101 29 dessa
964 1110 118 31 organ.
1101 1101 169 29 Förutom
1290 1098 220 31 alternativet
1530 1095 80 31 med
1628 1104 115 30 repre-

259 1164 177 28 sentanter
463 1161 55 29 för
546 1160 56 30 det
629 1159 179 30 allmänna
833 1158 11 29 i
871 1157 197 38 företagens
1097 1154 162 40 styrelser
1286 1152 89 30 skall
1402 1150 233 39 utredningen
1662 1148 80 30 från

260 1217 150 39 angivna
433 1214 303 41 utgångspunkter
760 1212 77 30 fritt
860 1211 108 40 pröva
991 1210 94 29 olika
1108 1208 147 40 uppslag
1279 1207 52 29 till
1356 1205 160 40 åtgärder
1540 1204 82 30 eller
1646 1203 98 29 kom-

257 1271 197 30 binationer
469 1279 42 20 av
525 1268 170 40 åtgärder.

304 1324 238 39 Utredningen
566 1323 97 39 säges
686 1322 176 39 knappast
885 1320 122 29 kunna
1029 1317 118 39 undgå
1169 1318 50 28 att
1242 1316 143 28 komma
1406 1313 37 29 in
1466 1312 45 40 på
1533 1311 124 40 frågan
1680 1310 65 29 hu-

260 1379 125 30 ruvida
409 1380 67 28 den
500 1377 148 38 ordning
674 1384 74 21 som
773 1375 69 29 f.n.
868 1374 106 39 gäller
998 1372 55 29 för
1078 1369 207 32 ekonomisk
1309 1367 212 40 upplysning
1546 1365 80 29 från
1651 1364 93 29 olika

262 1434 73 39 slag
356 1443 42 20 av
418 1433 134 38 företag
573 1431 38 29 är
632 1427 325 32 tillfredsställande
977 1426 80 29 med
1078 1424 169 30 avseende
1267 1422 45 40 på
1333 1422 41 29 de
1396 1421 116 39 syften
1534 1428 74 20 som
1629 1417 116 30 utred-

260 1489 130 38 ningen
410 1487 88 30 skall
518 1486 86 30 söka
622 1484 191 39 tillgodose.
831 1482 68 29 För
919 1483 50 28 att
987 1478 257 32 tillfredsställa
1262 1475 217 31 önskemålet
1497 1483 57 20 om
1573 1472 175 38 likvärdig

261 1542 230 30 information
510 1541 80 33 kan,
611 1539 140 29 anföres
771 1537 66 33 det,
858 1545 42 20 en
919 1534 126 39 vidgad
1064 1531 222 39 redovisning
1306 1528 148 31 framstå
1475 1537 74 20 som
1570 1525 176 31 önskvärd

263 1597 95 30 såväl
373 1596 11 30 i
400 1595 100 39 fråga
515 1604 56 20 om
586 1592 214 31 materialets
816 1589 212 38 omfattning
1045 1596 74 21 som
1134 1586 12 30 i
1161 1585 100 40 fråga
1274 1593 59 20 om
1349 1580 399 43 publiceringsfrekven-

263 1660 71 21 sen.
351 1651 65 29 Det
433 1650 133 29 erinras
583 1657 56 20 om
657 1649 50 28 att
724 1646 124 39 frågan
865 1654 56 20 om
938 1643 154 31 ändrade
1108 1639 354 40 redovisningsregler
1479 1638 54 29 för
1551 1636 198 38 aktiebolag

262 1706 126 39 prövas
411 1714 42 20 av
474 1700 449 41 aktiebolagsutredningen
945 1698 65 29 och
1032 1698 86 28 även
1138 1714 45 2 —
1203 1695 81 29 från
1305 1703 73 20 mer
1402 1692 161 40 speciella
1584 1690 165 39 utgångs-

263 1759 153 40 punkter
438 1775 44 3 —
505 1758 37 28 är
565 1755 147 31 föremål
736 1755 55 29 för
813 1754 148 29 intresse
984 1751 81 30 från
1088 1747 421 38 fondbörsutredningens
1534 1744 85 30 sida.
1644 1744 12 28 I
1681 1743 66 29 den

262 1814 84 29 mån
360 1813 112 29 behov
487 1822 42 19 av
544 1811 189 38 ändringar
748 1810 11 29 i
774 1806 402 40 redovisningsreglerna
1190 1805 126 39 prövas
1332 1802 168 39 föreligga
1514 1801 80 29 med
1610 1800 136 39 hänsyn

264 1868 52 29 till
333 1867 41 30 de
391 1866 116 40 syften
524 1874 74 21 som
615 1865 141 28 nämnts
772 1863 12 29 i
801 1862 194 30 direktiven
1011 1860 54 30 för
1083 1856 427 39 samarbetsutredningen
1528 1854 89 30 skall
1635 1854 113 29 denna

265 1922 89 30 dock
372 1930 84 20 vara
475 1918 232 31 oförhindrad
726 1920 50 27 att
796 1919 36 28 ta
850 1925 71 31 upp
941 1915 135 40 frågan.
1096 1914 131 32 Därvid
1245 1913 62 30 bör
1328 1912 103 30 såvitt
1450 1911 138 39 möjligt
1609 1909 138 30 samråd

264 1976 65 39 äga
342 1984 79 20 rum
435 1974 80 30 med
530 1974 41 29 de
586 1972 241 40 nyssnämnda
840 1970 285 38 utredningarna.

265 2054 457 41 Aktiebolagsutredningen

310 2117 458 40 Aktiebolagsutredningen
790 2115 321 38 (utredningsman:
1131 2113 177 39 professor
1324 2111 126 29 Håkan
1466 2109 108 34 Nial),
1593 2117 74 20 som
1683 2107 68 29 till-

265 2173 157 30 kallades
444 2172 80 30 1961
543 2171 67 30 och
628 2171 73 29 fick
721 2170 59 30 sitt
799 2169 159 40 uppdrag
976 2168 158 39 utvidgat
1155 2166 92 35 1962,
1269 2164 88 31 skall
1384 2164 3 29 i
1408 2162 140 31 samråd
1566 2161 80 30 med
1664 2162 86 28 mot-

268 2227 169 32 svarande
463 2226 228 39 utredningar
716 2225 11 30 i
753 2224 40 30 de
818 2223 118 40 övriga
961 2222 168 30 nordiska
1153 2221 170 30 länderna
1347 2219 160 31 utarbeta
1532 2227 42 21 en
1600 2217 151 39 enhetlig

266 2282 146 30 nordisk
438 2278 447 41 aktiebolagslagstiftning.
911 2276 257 39 Utredningens
1194 2275 116 29 arbete
1336 2274 172 29 beräknas
1534 2272 48 30 bli
1609 2271 142 30 slutfört

267 2337 110 29 under
392 2336 38 30 år
447 2335 94 30 1970.

268 2415 413 39 Fondbörsutredningen

312 2478 416 38 Fondbörsutredningen
751 2476 242 34 (ordförande:
1015 2475 295 39 generaldirektör
1328 2474 89 29 Kurt
1433 2473 134 34 Wulff)
1590 2472 162 30 tillkalla-

270 2535 60 29 des
359 2533 83 30 1966
468 2533 55 29 för
550 2533 147 37 översyn
724 2540 42 20 av
791 2528 358 40 börslagstiftningen.
1177 2528 14 29 I
1218 2527 194 30 direktiven
1439 2526 55 30 för
1520 2526 232 39 utredningen
