2156 2626
638 191 400 33 Konstitutionsutlskottets
1061 191 170 33 utlåtande
1255 192 52 32 Nr
1331 194 53 29 49.
1793 193 15 30 1

920 607 69 40 Nr
1018 605 87 42 49.

827 766 105 27 Ankom
951 766 44 26 till
1015 766 159 34 riksdagens
1195 767 89 25 kansli
1303 766 52 27 den
1377 766 31 26 17
1429 766 52 34 maj
1505 768 67 24 1920
1594 767 35 27 kl.
1651 764 32 35 "/,
1697 768 15 23 4
1732 775 21 18 e.
1774 775 35 17 m.

422 909 447 38 Konstitutionsutskottets
912 908 183 35 utlåtande
1127 910 14 33 i
1175 909 190 45 anledning
1395 921 43 23 av
1466 910 101 34 väckt
1596 910 130 34 motion
1755 921 54 23 om

633 979 142 35 ändrad
804 978 127 46 lydelse
961 990 42 23 av
1027 968 64 58 SS
1121 981 52 33 87
1201 980 61 34 och
1289 981 52 34 88
1369 979 330 46 regeringsformen.

423 1140 210 29 Närvarande:
659 1140 107 29 Herrär
790 1139 131 30 Larsson
946 1140 7 27 i
984 1139 151 36 Västerås,
1161 1140 120 36 Clason,
1307 1138 207 40 Strömberg”,
1536 1141 69 28 frih.
1623 1140 185 36 Adelswärd,

659 1184 169 38 Schlyter",
849 1183 148 38 Hellberg,
1024 1184 35 30 K.
1077 1185 27 29 J.
1123 1185 125 34 Ekman,
1265 1185 120 35 Thulin,
1403 1185 203 38 Ljunggren”,
1623 1195 59 19 von
1699 1185 109 38 Geijer,

660 1229 35 29 H.
722 1229 33 29 G.
779 1228 185 35 Andersson,
989 1228 184 39 Magnusson
1197 1231 8 27 i
1230 1229 153 36 Tumhult,
1408 1229 116 35 Hallén,
1549 1230 132 29 Jansson
1705 1231 9 27 i
1738 1230 70 29 Eds-

658 1273 127 35 bäcken,
811 1273 178 35 Henrikson,
1015 1274 141 29 Hansson
1181 1274 8 28 i
1211 1274 107 35 Gårda,
1336 1274 130 29 Persson
1484 1275 8 28 i
1510 1274 119 36 Tofta",
1647 1274 161 36 Runefors,

660 1317 146 30 Karlsson
831 1318 7 27 i
863 1317 151 29 Vadstena
1038 1319 57 28 och
1120 1318 131 29 Persson
1276 1319 9 28 i
1310 1318 126 38 Fritorp.

660 1396 14 14 +
694 1395 32 33 Ej
748 1394 162 27 närvarande
929 1395 45 26 vid
993 1395 167 27 utlåtandets
1177 1396 142 33 justering.

317 1496 20 35 I
378 1508 45 23 en
450 1495 14 35 i
492 1495 112 35 andra
632 1494 210 35 kammaren
871 1494 106 36 väckt
1006 1495 144 44 motion,
1180 1507 44 23 nr
1254 1498 87 41 316,
1372 1495 205 35 hemställer
1606 1496 83 34 herr
1716 1496 95 44 Eng-

215 1551 90 43 berg,
349 1552 54 32 att
443 1548 195 47 riksdagen
680 1550 115 33 såsom
838 1547 143 37 vilande
1023 1548 56 36 till
1113 1548 124 37 vidare
1263 1548 299 48 grundlagsenlig
1589 1548 224 48 behandling

217 1606 110 33 måtte
369 1605 131 44 antaga
528 1602 159 48 följande
717 1601 156 35 ändrade
901 1601 135 49 lydelse
1064 1615 45 23 av
1138 1602 47 46 $$
1216 1604 47 33 87
1295 1602 65 36 och
1391 1604 46 33 88
1468 1601 341 49 regeringsformen:

961 1700 22 45 8
1012 1700 61 45 87.

326 1775 56 33 1:o
410 1771 211 48 Riksdagen
650 1777 85 41 äger
762 1773 221 44 gemensamt
1010 1792 51 4 —
1091 1792 50 12 —
1170 1771 14 35 i
1211 1737 372 82 filmäagsordningen
1611 1777 92 41 sägs.

324 1828 57 33 2:o
409 1825 210 48 Riksdagen
647 1830 66 42 äge
741 1824 67 36 ock
835 1827 221 44 gemensamt
1075 1825 82 35 med
1177 1826 206 46 Konungen
1403 1824 112 45 stifta,
1537 1825 171 35 förändra
1728 1825 86 36 eller

212 1880 171 47 upphäva
419 1878 193 54 kyrkolag;
655 1878 92 35 dock
775 1880 53 33 att
856 1877 126 36 därvid
1007 1876 137 48 jämväl
1172 1878 181 35 erfordras
1382 1855 182 59 utlåtande
1593 1891 45 24 av
1666 1878 149 36 allmänt

215 1932 225 49 kyrkomöte.
500 1926 94 43 Över
622 1931 137 48 förslag
787 1931 183 48 angående
999 1931 104 47 dylik
1130 1931 59 47 lag
1217 1932 112 44 skola,
1360 1934 46 44 på
1425 1935 73 33 sätt
1516 1931 13 36 i
1549 1944 104 23 mom.
1680 1935 16 32 1
1719 1938 94 41 sägs,

213 1987 213 36 statsrådets
455 1987 66 34 och
549 1986 181 47 lagrådets
757 1984 130 37 tankar
914 1984 180 37 inhämtas
1123 1985 66 35 och
1206 1986 113 48 jämte
1340 1987 222 45 Konungens
1581 1985 232 48 proposition,

214 2041 47 35 då
299 2040 112 36 sådan
443 2045 114 41 göres,
587 2039 195 46 riksdagen
811 2038 189 35 meddelas.
1059 2039 80 34 Har
1167 2038 31 49 ej
1228 2038 146 48 förslag,
1403 2052 124 23 varom
1554 2051 51 23 nu
1633 2039 102 47 fråga
1764 2045 50 38 är,

215 2094 76 35 före
333 2092 130 48 början
503 2105 44 24 av
575 2092 196 47 riksdagen
798 2094 82 33 näst
908 2091 91 36 efter
1028 2092 81 44 den,
1141 2104 75 24 som
1244 2092 195 36 framställt
1466 2093 86 35 eller
1581 2092 139 48 antagit
1748 2093 69 35 för-

215 2148 127 46 slaget,
385 2146 106 37 blivit
533 2149 115 33 såsom
691 2146 58 46 lag
785 2157 127 35 genom
941 2145 132 35 allmän
1101 2145 216 48 kungörelse
1344 2146 173 45 utfärdat,
1547 2159 85 23 vare
1660 2146 61 35 det
1748 2145 69 36 för-

216 2201 115 44 fallet,
375 2200 65 36 och
482 2201 206 46 Konungen
723 2199 207 35 underrätte
954 2199 62 34 då
1057 2198 195 49 riksdagen
1286 2212 56 23 om
1372 2200 44 35 de
1445 2199 90 45 skäl,
1565 2212 76 23 som
1671 2199 147 37 hindrat

218 2254 190 47 förslagets
436 2253 213 49 antagande.
889 2269 4 3 i

263 2315 134 42 Bihang
423 2315 50 32 till
495 2314 193 42 riksdagens
705 2313 158 42 protokoll
887 2314 100 32 1920.
1035 2316 21 28 5
1080 2313 90 32 saml.
1218 2315 45 30 36
1285 2313 82 41 häft.
1416 2314 70 41 (Nr
1510 2314 72 39 49.)
1756 2315 16 30 1
