1908 2788
392 127 406 40 Bevillningsutskottets
820 122 217 32 betänkande
1057 131 42 22 nr
1119 121 41 30 60
1180 121 38 30 år
1241 119 82 30 1960
1574 115 37 33 17

111 226 43 21 en
172 216 131 40 ökning
322 224 42 21 av
382 214 12 30 i
413 215 88 29 stort
521 214 65 29 sett
605 219 137 23 samma
761 208 131 32 storlek
911 216 75 22 som
1005 206 113 30 under
1137 205 41 30 de
1198 205 118 30 senast
1335 201 174 32 förflutna
1527 199 83 30 bud-

111 267 141 40 getåren
273 264 239 32 innebärande
535 272 42 20 en
600 262 87 39 årlig
711 260 152 40 stegring
886 267 43 21 av
950 257 243 30 inkomsterna
1215 254 45 40 på
1282 253 101 30 titeln
1406 251 80 30 med
1508 260 40 20 ca
1571 248 42 31 25

111 317 164 39 miljoner
300 316 140 29 kronor.
467 310 429 40 Riksräkenskapsverket
921 307 148 31 föreslår
1094 305 132 35 därför,
1252 305 50 29 att
1327 302 101 31 titeln
1454 301 160 30 fordons-

112 368 94 30 skatt
227 368 12 30 i
259 366 191 31 riksstaten
472 363 167 41 uppföres
661 361 80 31 med
762 360 63 30 410
848 359 165 40 miljoner
1033 358 142 34 kronor,
1195 355 110 30 vilket
1327 354 38 30 är
1388 351 39 31 10
1449 351 165 40 miljoner

111 419 131 29 kronor
260 426 75 21 mer
354 417 44 29 än
417 416 12 30 i
450 411 468 42 statsverkspropositionen.

156 518 266 31 Bensinskatten
450 517 38 29 är
516 516 12 30 i
557 510 456 42 statsverkspropositionen
1041 510 177 38 upptagen
1247 505 81 31 med
1357 503 63 32 850
1450 503 164 40 miljoner

111 570 140 29 kronor.
273 569 66 29 För
359 565 237 32 innevarande
616 563 171 40 budgetår
807 562 174 31 beräknas
1000 560 243 30 inkomsterna
1264 556 45 40 på
1329 555 116 30 denna
1465 554 74 30 titel
1561 552 52 31 till

112 619 63 31 810
193 619 164 39 miljoner
375 618 141 29 kronor.
535 615 78 31 Med
631 614 142 40 ledning
792 623 42 21 av
852 612 80 30 från
949 611 80 39 väg-
1046 609 66 31 och
1129 604 484 43 vattenbyggnadsstyrelsen,

112 667 390 43 generaltullstyrelsen,
526 664 326 37 kontrollstyrelsen
875 662 65 31 och
963 658 365 40 jordbruksnämnden
1351 656 157 31 erhållna
1530 663 85 29 upp-

112 720 102 38 sifter
233 719 159 30 förordar
411 714 427 40 riksräkenskapsverket,
859 714 50 29 att
927 711 101 31 titeln
1047 709 222 31 bensinskatt
1288 708 12 30 i
1318 707 191 30 riksstaten
1529 712 86 32 upp-

113 771 94 29 föres
228 769 80 31 med
329 767 207 31 oförändrat
557 765 62 31 850
641 765 166 39 miljoner
828 764 141 29 kronor.

157 870 200 31 Tullmedel.
378 871 13 29 I
412 865 458 41 statsverkspropositionen
892 864 37 29 är
950 863 115 29 denna
1085 861 74 30 titel
1181 858 153 41 uppförd
1355 857 79 30 med
1456 855 62 31 700
1539 855 77 30 mil-

111 923 102 38 joner
234 921 141 29 kronor.
398 915 429 41 Riksräkenskapsverket
848 912 199 32 beräknade
1069 912 12 29 i
1103 910 182 31 december
1306 908 244 30 inkomsterna
1571 905 44 40 på

113 972 100 30 titeln
232 971 52 30 till
303 969 62 31 630
384 969 166 39 miljoner
568 968 130 29 kronor
717 965 55 31 för
790 963 237 31 innevarande
1044 960 180 41 budgetår.
1243 960 76 30 Den
1337 957 196 41 betydande
1552 957 64 29 im-

113 1020 258 42 portökningen
395 1029 43 22 av
463 1017 211 40 tullbelagda
696 1025 104 21 varor
823 1015 65 30 har
912 1023 48 20 nu
985 1012 167 31 föranlett
1177 1009 256 32 ämbetsverket
1457 1009 51 29 att
1531 1006 85 40 höja

112 1070 240 40 beräkningen
374 1070 55 30 för
450 1067 237 32 innevarande
708 1065 171 41 budgetår
901 1064 52 30 till
976 1063 62 30 775
1060 1062 166 39 miljoner
1247 1061 142 29 kronor.
1412 1059 13 29 I
1449 1057 167 31 skrivelse

113 1122 52 30 till
184 1119 416 40 riksräkenskapsverket
618 1118 68 30 den
706 1117 37 29 17
763 1125 95 22 mars
879 1114 83 31 1960
981 1114 64 30 har
1063 1110 380 43 generaltullstyrelsen
1461 1108 77 30 icke
1557 1116 60 22 an-

116 1175 67 29 sett
209 1173 57 30 det
292 1170 212 35 osannolikt,
532 1171 50 28 att
609 1168 42 30 de
678 1167 185 30 tendenser
890 1165 52 30 till
969 1163 132 40 ökning
1127 1162 12 30 i
1166 1159 347 42 expansionstakten,
1541 1166 75 22 som

113 1221 223 32 beträffande
354 1221 42 30 de
413 1220 94 31 olika
524 1226 288 32 varugrupperna
829 1216 89 30 visat
937 1215 51 39 sig
1004 1214 113 30 under
1135 1213 137 30 senaste
1291 1210 106 35 tiden,
1415 1212 12 30 i
1444 1210 87 29 stort
1550 1209 67 30 sett

115 1273 113 30 skulle
245 1273 142 29 komma
404 1272 51 29 att
472 1270 114 39 fortgå
603 1268 113 30 under
732 1266 205 41 budgetåret
957 1264 159 36 1960/61.
1137 1262 175 40 Styrelsen
1329 1261 65 30 har
1411 1260 206 40 uppskattat

115 1321 337 32 inkomstbortfallet
477 1329 124 31 genom
627 1315 498 34 EFTA-överenskommelsen
1152 1313 51 30 till
1230 1311 41 31 40
1297 1311 165 40 miljoner
1487 1310 130 29 kronor

115 1374 56 30 för
194 1371 294 32 nästkommande
511 1369 179 40 budgetår.
716 1364 427 41 Riksräkenskapsverket
1168 1362 149 31 föreslår
1340 1363 51 29 att
1415 1360 100 30 titeln
1538 1359 81 31 tull-

115 1423 112 30 medel
247 1423 12 29 i
278 1422 191 29 riksstaten
489 1419 167 41 uppföres
677 1418 80 30 med
778 1417 62 30 775
860 1416 165 39 miljoner
1045 1415 141 34 kronor,
1206 1413 108 30 vilket
1334 1414 38 29 är
1394 1411 39 30 75
1454 1410 164 40 miljoner

116 1475 131 29 kronor
266 1482 74 20 mer
361 1473 43 28 än
424 1471 12 29 i
456 1467 467 41 statsverkspropositionen.

161 1574 138 30 Allmän
318 1572 190 29 varuskatt.
529 1571 75 29 Den
624 1569 82 30 från
726 1568 65 30 och
811 1567 79 29 med
910 1566 40 30 år
972 1564 82 31 1960
1076 1564 141 30 införda
1238 1563 178 30 allmänna
1436 1560 184 31 varuskat-

117 1626 59 29 ten
198 1623 191 40 uppfördes
412 1622 12 29 i
447 1617 458 42 statsverkspropositionen
927 1616 80 30 med
1033 1614 93 31 1400
1150 1613 165 40 miljoner
1338 1612 141 30 kronor.
1503 1610 118 39 Enligt

118 1683 48 20 nu
187 1672 215 41 tillgängliga
423 1671 178 40 uppgifter
621 1669 127 30 inflöto
769 1678 41 20 ca
833 1667 60 30 150
915 1667 164 39 miljoner
1100 1665 131 29 kronor
1252 1666 11 29 i
1285 1663 131 31 allmän
1437 1661 184 31 varuskatt

117 1724 58 30 vid
197 1725 65 29 den
284 1724 109 29 första
414 1721 203 38 uppbörden
637 1721 12 29 i
670 1729 94 21 mars
787 1718 78 30 1960
887 1717 167 31 avseende
1076 1713 255 39 omsättningen
1353 1713 109 30 under
1483 1711 138 38 januari

120 1775 66 30 och
213 1773 165 31 februari.
407 1772 53 30 Då
487 1770 260 39 omsättningen
777 1768 110 30 under
915 1767 102 30 dessa
1043 1765 169 31 månader
1240 1765 70 29 kan
1340 1763 207 30 förutsättas
1576 1761 46 30 ha

119 1824 90 30 varit
228 1825 94 38 lägre
341 1824 44 29 än
405 1821 153 30 normalt
576 1821 65 29 och
661 1820 44 29 då
724 1820 179 29 dessutom
922 1817 94 30 vissa
1036 1815 294 40 eftersläpningar
1350 1813 97 30 torde
1467 1813 47 30 ha
1533 1812 90 30 före-

119 1874 150 30 kommit
289 1874 64 28 har
374 1869 417 40 riksräkenskapsverket
811 1868 127 30 räknat
959 1867 79 29 med
1059 1875 43 21 en
1123 1864 185 40 väsentligt
1331 1864 110 30 större
1462 1862 160 40 uppbörd

120 1925 58 29 vid
203 1922 293 41 majuppbörden.
522 1921 245 29 Inkomsterna
791 1919 44 39 på
863 1918 97 29 titeln
985 1916 111 30 under
1121 1914 237 31 innevarande
1382 1912 170 40 budgetår
1577 1912 45 29 ha

122 1973 150 31 sålunda
299 1982 40 20 av
366 1969 417 40 riksräkenskapsverket
811 1968 188 30 beräknats
1025 1966 52 30 till
1106 1965 63 30 375
1197 1964 164 39 miljoner
1387 1964 141 29 kronor.
1556 1961 68 31 Ök-

122 2024 129 39 ningen
272 2023 11 30 i
303 2023 245 29 lönesumman
570 2020 111 29 under
702 2018 237 30 innevarande
961 2017 64 30 och
1046 2014 294 32 nästkommande
1363 2013 38 31 år
1422 2013 70 30 kan
1515 2012 110 30 förut-

123 2075 109 29 sättas
252 2074 142 29 komma
416 2074 49 28 alt
486 2071 144 39 bidraga
649 2070 52 29 till
722 2079 43 20 en
787 2070 86 29 även
893 2068 12 29 i
925 2065 273 40 fortsättningen
1219 2064 93 31 ökad
1332 2063 170 41 uppbörd.
1524 2062 102 32 Riks-

124 2122 340 39 räkenskapsverket
487 2120 146 30 föreslår
656 2119 130 35 därför,
810 2120 50 28 att
881 2135 45 4 —
947 2118 87 29 trots
1057 2116 67 30 den
1147 2116 11 29 i
1181 2114 217 40 proposition
1422 2123 42 20 nr
1488 2113 59 30 117
1572 2113 52 29 till

124 2176 92 27 årets
238 2173 141 39 riksdag
401 2171 199 39 föreslagna
622 2168 247 40 avvecklingen
891 2177 42 20 av
954 2167 66 29 den
1043 2166 179 30 allmänna
1243 2165 229 30 varuskatten
1495 2163 54 31 för
1570 2163 56 29 be-

124 2223 156 39 gagnade
294 2222 88 29 bilar
395 2239 45 4 —
454 2221 99 29 titeln
568 2220 131 30 allmän
714 2218 184 30 varuskatt
912 2219 11 29 i
938 2217 190 29 riksstaten
1144 2215 167 39 uppföres
1326 2214 79 29 med
1421 2213 205 30 oförändrat

128 2273 93 29 1400
245 2271 163 39 miljoner
432 2271 140 29 kronor.

170 2372 176 30 Särskilda
361 2370 226 30 varuskatter.
603 2369 123 29 Denna
740 2366 232 31 inkomsttitel
990 2366 36 29 är
1041 2365 11 29 i
1068 2363 457 40 statsverkspropositionen
1543 2370 85 31 upp-

127 2422 79 29 förd
228 2421 78 30 med
330 2421 62 29 315
416 2419 164 40 miljoner
602 2418 141 29 kronor.
767 2416 351 38 Kontrollstyrelsens
1141 2414 66 30 och
1230 2412 398 41 generaltullstyrelsens

157 2488 16 25 2
214 2488 111 29 Bihang
337 2487 46 23 till
394 2486 170 30 rikzdagens
575 2484 148 31 protokoll
735 2484 75 24 1960.
831 2484 14 23 7
857 2482 83 24 saml.
965 2485 40 23 Nr
1023 2482 31 23 60
