<?xml version="1.0" encoding="UTF-8"?>
<alto xmlns="http://www.loc.gov/standards/alto/ns-v3#" xmlns:xlink="http://www.w3.org/1999/xlink" xmlns:xsi="http://www.w3.org/2001/XMLSchema-instance" xsi:schemaLocation="http://www.loc.gov/standards/alto/ns-v3# http://www.loc.gov/alto/v3/alto-3-0.xsd">
	<Description>
		<MeasurementUnit>pixel</MeasurementUnit>
		<sourceImageInformation>
			<fileName>/tmp/tess_6yjegweq_input.PNG</fileName>
		</sourceImageInformation>
		<OCRProcessing ID="OCR_0">
			<ocrProcessingStep>
				<processingSoftware>
					<softwareName>tesseract 5.3.0</softwareName>
				</processingSoftware>
			</ocrProcessingStep>
		</OCRProcessing>
	</Description>
	<Layout>
		<Page WIDTH="1912" HEIGHT="2828" PHYSICAL_IMG_NR="0" ID="page_0">
			<PrintSpace HPOS="0" VPOS="0" WIDTH="1912" HEIGHT="2828">
				<ComposedBlock ID="cblock_0" HPOS="294" VPOS="169" WIDTH="1301" HEIGHT="45">
					<TextBlock ID="block_0" HPOS="294" VPOS="169" WIDTH="1301" HEIGHT="45">
						<TextLine ID="line_0" HPOS="294" VPOS="169" WIDTH="1301" HEIGHT="45">
							<String ID="string_0" HPOS="294" VPOS="169" WIDTH="18" HEIGHT="30" WC="0.96" CONTENT="2"/><SP WIDTH="184" VPOS="169" HPOS="312"/>
							<String ID="string_1" HPOS="496" VPOS="175" WIDTH="235" HEIGHT="31" WC="0.91" CONTENT="Sammansatt"/><SP WIDTH="19" VPOS="175" HPOS="731"/>
							<String ID="string_2" HPOS="750" VPOS="179" WIDTH="98" HEIGHT="27" WC="0.92" CONTENT="stats-"/><SP WIDTH="20" VPOS="179" HPOS="848"/>
							<String ID="string_3" HPOS="868" VPOS="177" WIDTH="64" HEIGHT="30" WC="0.96" CONTENT="och"/><SP WIDTH="18" VPOS="177" HPOS="932"/>
							<String ID="string_4" HPOS="950" VPOS="177" WIDTH="111" HEIGHT="31" WC="0.93" CONTENT="andra"/><SP WIDTH="19" VPOS="177" HPOS="1061"/>
							<String ID="string_5" HPOS="1080" VPOS="178" WIDTH="204" HEIGHT="36" WC="0.92" CONTENT="lagutskotts"/><SP WIDTH="21" VPOS="178" HPOS="1284"/>
							<String ID="string_6" HPOS="1305" VPOS="180" WIDTH="175" HEIGHT="30" WC="0.95" CONTENT="utlåtande"/><SP WIDTH="19" VPOS="180" HPOS="1480"/>
							<String ID="string_7" HPOS="1499" VPOS="181" WIDTH="49" HEIGHT="29" WC="0.95" CONTENT="Nr"/><SP WIDTH="18" VPOS="181" HPOS="1548"/>
							<String ID="string_8" HPOS="1566" VPOS="182" WIDTH="29" HEIGHT="30" WC="0.89" CONTENT="5."/>
						</TextLine>
					</TextBlock>
				</ComposedBlock>
				<ComposedBlock ID="cblock_1" HPOS="288" VPOS="258" WIDTH="1510" HEIGHT="1398">
					<TextBlock ID="block_1" HPOS="295" VPOS="258" WIDTH="1503" HEIGHT="288">
						<TextLine ID="line_1" HPOS="297" VPOS="258" WIDTH="1501" HEIGHT="39">
							<String ID="string_9" HPOS="297" VPOS="258" WIDTH="65" HEIGHT="30" WC="0.93" CONTENT="och"/><SP WIDTH="27" VPOS="258" HPOS="362"/>
							<String ID="string_10" HPOS="389" VPOS="258" WIDTH="305" HEIGHT="31" WC="0.91" CONTENT="hantverksskolor"/><SP WIDTH="25" VPOS="258" HPOS="694"/>
							<String ID="string_11" HPOS="719" VPOS="259" WIDTH="55" HEIGHT="32" WC="0.96" CONTENT="för"/><SP WIDTH="25" VPOS="259" HPOS="774"/>
							<String ID="string_12" HPOS="799" VPOS="260" WIDTH="308" HEIGHT="37" WC="0.96" CONTENT="undervisningens"/><SP WIDTH="29" VPOS="260" HPOS="1107"/>
							<String ID="string_13" HPOS="1136" VPOS="262" WIDTH="227" HEIGHT="31" WC="0.96" CONTENT="fortsättande"/><SP WIDTH="26" VPOS="262" HPOS="1363"/>
							<String ID="string_14" HPOS="1389" VPOS="264" WIDTH="64" HEIGHT="30" WC="0.96" CONTENT="och"/><SP WIDTH="26" VPOS="264" HPOS="1453"/>
							<String ID="string_15" HPOS="1479" VPOS="265" WIDTH="213" HEIGHT="31" WC="0.96" CONTENT="avslutande."/><SP WIDTH="39" VPOS="265" HPOS="1692"/>
							<String ID="string_16" HPOS="1731" VPOS="265" WIDTH="67" HEIGHT="31" WC="0.96" CONTENT="För"/>
						</TextLine>
						<TextLine ID="line_2" HPOS="295" VPOS="308" WIDTH="1499" HEIGHT="45">
							<String ID="string_17" HPOS="295" VPOS="308" WIDTH="118" HEIGHT="31" WC="0.96" CONTENT="blinda"/><SP WIDTH="23" VPOS="308" HPOS="413"/>
							<String ID="string_18" HPOS="436" VPOS="309" WIDTH="79" HEIGHT="30" WC="0.96" CONTENT="med"/><SP WIDTH="26" VPOS="309" HPOS="515"/>
							<String ID="string_19" HPOS="541" VPOS="309" WIDTH="225" HEIGHT="36" WC="0.96" CONTENT="komplicerat"/><SP WIDTH="24" VPOS="309" HPOS="766"/>
							<String ID="string_20" HPOS="790" VPOS="310" WIDTH="66" HEIGHT="36" WC="0.96" CONTENT="lyte"/><SP WIDTH="22" VPOS="310" HPOS="856"/>
							<String ID="string_21" HPOS="878" VPOS="311" WIDTH="64" HEIGHT="30" WC="0.96" CONTENT="har"/><SP WIDTH="22" VPOS="311" HPOS="942"/>
							<String ID="string_22" HPOS="964" VPOS="313" WIDTH="194" HEIGHT="34" WC="0.96" CONTENT="upprättats"/><SP WIDTH="25" VPOS="313" HPOS="1158"/>
							<String ID="string_23" HPOS="1183" VPOS="322" WIDTH="41" HEIGHT="20" WC="0.97" CONTENT="en"/><SP WIDTH="25" VPOS="322" HPOS="1224"/>
							<String ID="string_24" HPOS="1249" VPOS="314" WIDTH="147" HEIGHT="30" WC="0.96" CONTENT="särskild"/><SP WIDTH="24" VPOS="314" HPOS="1396"/>
							<String ID="string_25" HPOS="1420" VPOS="312" WIDTH="213" HEIGHT="33" WC="0.96" CONTENT="vårdanstalt"/><SP WIDTH="22" VPOS="312" HPOS="1633"/>
							<String ID="string_26" HPOS="1655" VPOS="315" WIDTH="10" HEIGHT="30" WC="0.96" CONTENT="i"/><SP WIDTH="20" VPOS="315" HPOS="1665"/>
							<String ID="string_27" HPOS="1685" VPOS="315" WIDTH="109" HEIGHT="38" WC="0.96" CONTENT="Lund,"/>
						</TextLine>
						<TextLine ID="line_3" HPOS="296" VPOS="359" WIDTH="1500" HEIGHT="44">
							<String ID="string_28" HPOS="296" VPOS="362" WIDTH="111" HEIGHT="28" WC="0.92" CONTENT="varest"/><SP WIDTH="22" VPOS="362" HPOS="407"/>
							<String ID="string_29" HPOS="429" VPOS="362" WIDTH="172" HEIGHT="34" WC="0.91" CONTENT="mottagas"/><SP WIDTH="23" VPOS="362" HPOS="601"/>
							<String ID="string_30" HPOS="624" VPOS="359" WIDTH="130" HEIGHT="32" WC="0.96" CONTENT="sådana"/><SP WIDTH="24" VPOS="359" HPOS="754"/>
							<String ID="string_31" HPOS="778" VPOS="360" WIDTH="127" HEIGHT="37" WC="0.95" CONTENT="blinda,"/><SP WIDTH="25" VPOS="360" HPOS="905"/>
							<String ID="string_32" HPOS="930" VPOS="370" WIDTH="74" HEIGHT="21" WC="0.96" CONTENT="som"/><SP WIDTH="23" VPOS="370" HPOS="1004"/>
							<String ID="string_33" HPOS="1027" VPOS="362" WIDTH="46" HEIGHT="36" WC="0.96" CONTENT="på"/><SP WIDTH="23" VPOS="362" HPOS="1073"/>
							<String ID="string_34" HPOS="1096" VPOS="364" WIDTH="110" HEIGHT="34" WC="0.96" CONTENT="grund"/><SP WIDTH="24" VPOS="364" HPOS="1206"/>
							<String ID="string_35" HPOS="1230" VPOS="373" WIDTH="41" HEIGHT="20" WC="0.96" CONTENT="av"/><SP WIDTH="25" VPOS="373" HPOS="1271"/>
							<String ID="string_36" HPOS="1296" VPOS="364" WIDTH="67" HEIGHT="36" WC="0.96" CONTENT="lyte"/><SP WIDTH="25" VPOS="364" HPOS="1363"/>
							<String ID="string_37" HPOS="1388" VPOS="364" WIDTH="73" HEIGHT="31" WC="0.96" CONTENT="icke"/><SP WIDTH="25" VPOS="364" HPOS="1461"/>
							<String ID="string_38" HPOS="1486" VPOS="365" WIDTH="119" HEIGHT="30" WC="0.93" CONTENT="kunna"/><SP WIDTH="23" VPOS="365" HPOS="1605"/>
							<String ID="string_39" HPOS="1628" VPOS="369" WIDTH="168" HEIGHT="34" WC="0.92" CONTENT="mottagas"/>
						</TextLine>
						<TextLine ID="line_4" HPOS="297" VPOS="409" WIDTH="1497" HEIGHT="43">
							<String ID="string_40" HPOS="297" VPOS="409" WIDTH="9" HEIGHT="29" WC="0.96" CONTENT="i"/><SP WIDTH="21" VPOS="409" HPOS="306"/>
							<String ID="string_41" HPOS="327" VPOS="411" WIDTH="108" HEIGHT="28" WC="0.96" CONTENT="andra"/><SP WIDTH="25" VPOS="411" HPOS="435"/>
							<String ID="string_42" HPOS="460" VPOS="410" WIDTH="54" HEIGHT="29" WC="0.93" CONTENT="för"/><SP WIDTH="22" VPOS="410" HPOS="514"/>
							<String ID="string_43" HPOS="536" VPOS="411" WIDTH="166" HEIGHT="29" WC="0.92" CONTENT="abnorma"/><SP WIDTH="23" VPOS="411" HPOS="702"/>
							<String ID="string_44" HPOS="725" VPOS="411" WIDTH="148" HEIGHT="30" WC="0.96" CONTENT="avsedda"/><SP WIDTH="24" VPOS="411" HPOS="873"/>
							<String ID="string_45" HPOS="897" VPOS="412" WIDTH="173" HEIGHT="30" WC="0.93" CONTENT="anstalter."/><SP WIDTH="25" VPOS="412" HPOS="1070"/>
							<String ID="string_46" HPOS="1095" VPOS="413" WIDTH="235" HEIGHT="31" WC="0.91" CONTENT="Anstalternas"/><SP WIDTH="22" VPOS="413" HPOS="1330"/>
							<String ID="string_47" HPOS="1352" VPOS="415" WIDTH="135" HEIGHT="35" WC="0.96" CONTENT="uppgift"/><SP WIDTH="25" VPOS="415" HPOS="1487"/>
							<String ID="string_48" HPOS="1512" VPOS="416" WIDTH="38" HEIGHT="28" WC="0.96" CONTENT="är"/><SP WIDTH="22" VPOS="416" HPOS="1550"/>
							<String ID="string_49" HPOS="1572" VPOS="419" WIDTH="48" HEIGHT="27" WC="0.96" CONTENT="att"/><SP WIDTH="22" VPOS="419" HPOS="1620"/>
							<String ID="string_50" HPOS="1642" VPOS="415" WIDTH="36" HEIGHT="31" WC="0.96" CONTENT="så"/><SP WIDTH="24" VPOS="415" HPOS="1678"/>
							<String ID="string_51" HPOS="1702" VPOS="416" WIDTH="92" HEIGHT="36" WC="0.96" CONTENT="långt"/>
						</TextLine>
						<TextLine ID="line_5" HPOS="296" VPOS="459" WIDTH="1499" HEIGHT="42">
							<String ID="string_52" HPOS="296" VPOS="459" WIDTH="92" HEIGHT="31" WC="0.95" CONTENT="detta"/><SP WIDTH="24" VPOS="459" HPOS="388"/>
							<String ID="string_53" HPOS="412" VPOS="460" WIDTH="79" HEIGHT="30" WC="0.96" CONTENT="med"/><SP WIDTH="29" VPOS="460" HPOS="491"/>
							<String ID="string_54" HPOS="520" VPOS="460" WIDTH="135" HEIGHT="38" WC="0.87" CONTENT="hänsyn"/><SP WIDTH="27" VPOS="460" HPOS="655"/>
							<String ID="string_55" HPOS="682" VPOS="461" WIDTH="51" HEIGHT="30" WC="0.87" CONTENT="till"/><SP WIDTH="27" VPOS="461" HPOS="733"/>
							<String ID="string_56" HPOS="760" VPOS="461" WIDTH="307" HEIGHT="37" WC="0.90" CONTENT="skyddslingarnas"/><SP WIDTH="26" VPOS="461" HPOS="1067"/>
							<String ID="string_57" HPOS="1093" VPOS="463" WIDTH="90" HEIGHT="36" WC="0.92" CONTENT="lyten"/><SP WIDTH="26" VPOS="463" HPOS="1183"/>
							<String ID="string_58" HPOS="1209" VPOS="465" WIDTH="38" HEIGHT="29" WC="0.96" CONTENT="är"/><SP WIDTH="25" VPOS="465" HPOS="1247"/>
							<String ID="string_59" HPOS="1272" VPOS="464" WIDTH="135" HEIGHT="37" WC="0.96" CONTENT="möjligt"/><SP WIDTH="25" VPOS="464" HPOS="1407"/>
							<String ID="string_60" HPOS="1432" VPOS="466" WIDTH="183" HEIGHT="35" WC="0.96" CONTENT="uppfostra"/><SP WIDTH="27" VPOS="466" HPOS="1615"/>
							<String ID="string_61" HPOS="1642" VPOS="467" WIDTH="77" HEIGHT="30" WC="0.96" CONTENT="dem"/><SP WIDTH="27" VPOS="467" HPOS="1719"/>
							<String ID="string_62" HPOS="1746" VPOS="468" WIDTH="49" HEIGHT="30" WC="0.95" CONTENT="till"/>
						</TextLine>
						<TextLine ID="line_6" HPOS="296" VPOS="510" WIDTH="454" HEIGHT="36">
							<String ID="string_63" HPOS="296" VPOS="510" WIDTH="253" HEIGHT="36" WC="0.91" CONTENT="arbetsdugliga"/><SP WIDTH="23" VPOS="510" HPOS="549"/>
							<String ID="string_64" HPOS="572" VPOS="511" WIDTH="178" HEIGHT="30" WC="0.96" CONTENT="individer."/>
						</TextLine>
					</TextBlock>
					<TextBlock ID="block_2" HPOS="292" VPOS="560" WIDTH="1504" HEIGHT="535">
						<TextLine ID="line_7" HPOS="311" VPOS="560" WIDTH="1485" HEIGHT="40">
							<String ID="string_65" HPOS="311" VPOS="591" WIDTH="2" HEIGHT="2" WC="0.46" CONTENT=":"/><SP WIDTH="28" VPOS="591" HPOS="313"/>
							<String ID="string_66" HPOS="341" VPOS="560" WIDTH="142" HEIGHT="30" WC="0.20" CONTENT="Jämlikt"/><SP WIDTH="29" VPOS="560" HPOS="483"/>
							<String ID="string_67" HPOS="512" VPOS="561" WIDTH="18" HEIGHT="36" WC="0.20" CONTENT="&#39;8"/><SP WIDTH="23" VPOS="561" HPOS="530"/>
							<String ID="string_68" HPOS="553" VPOS="562" WIDTH="26" HEIGHT="29" WC="0.89" CONTENT="&#39;5"/><SP WIDTH="28" VPOS="562" HPOS="579"/>
							<String ID="string_69" HPOS="607" VPOS="562" WIDTH="97" HEIGHT="35" WC="0.96" CONTENT="lagen"/><SP WIDTH="29" VPOS="562" HPOS="704"/>
							<String ID="string_70" HPOS="733" VPOS="561" WIDTH="175" HEIGHT="37" WC="0.93" CONTENT="angående"/><SP WIDTH="28" VPOS="561" HPOS="908"/>
							<String ID="string_71" HPOS="936" VPOS="563" WIDTH="389" HEIGHT="37" WC="0.91" CONTENT="blindundervisningen"/><SP WIDTH="30" VPOS="563" HPOS="1325"/>
							<String ID="string_72" HPOS="1355" VPOS="566" WIDTH="86" HEIGHT="29" WC="0.96" CONTENT="skall"/><SP WIDTH="30" VPOS="566" HPOS="1441"/>
							<String ID="string_73" HPOS="1471" VPOS="567" WIDTH="54" HEIGHT="29" WC="0.96" CONTENT="för"/><SP WIDTH="29" VPOS="567" HPOS="1525"/>
							<String ID="string_74" HPOS="1554" VPOS="570" WIDTH="75" HEIGHT="28" WC="0.96" CONTENT="vart"/><SP WIDTH="28" VPOS="570" HPOS="1629"/>
							<String ID="string_75" HPOS="1657" VPOS="569" WIDTH="64" HEIGHT="29" WC="0.94" CONTENT="och"/><SP WIDTH="30" VPOS="569" HPOS="1721"/>
							<String ID="string_76" HPOS="1751" VPOS="571" WIDTH="45" HEIGHT="27" WC="0.94" CONTENT="ett"/>
						</TextLine>
						<TextLine ID="line_8" HPOS="297" VPOS="609" WIDTH="1497" HEIGHT="45">
							<String ID="string_77" HPOS="297" VPOS="609" WIDTH="86" HEIGHT="31" WC="0.96" CONTENT="blint"/><SP WIDTH="21" VPOS="609" HPOS="383"/>
							<String ID="string_78" HPOS="404" VPOS="610" WIDTH="98" HEIGHT="36" WC="0.96" CONTENT="barn,"/><SP WIDTH="26" VPOS="610" HPOS="502"/>
							<String ID="string_79" HPOS="528" VPOS="620" WIDTH="75" HEIGHT="21" WC="0.93" CONTENT="som"/><SP WIDTH="25" VPOS="620" HPOS="603"/>
							<String ID="string_80" HPOS="628" VPOS="610" WIDTH="45" HEIGHT="37" WC="0.59" CONTENT=".på"/><SP WIDTH="26" VPOS="610" HPOS="673"/>
							<String ID="string_81" HPOS="699" VPOS="613" WIDTH="112" HEIGHT="35" WC="0.95" CONTENT="grund"/><SP WIDTH="27" VPOS="613" HPOS="811"/>
							<String ID="string_82" HPOS="838" VPOS="622" WIDTH="49" HEIGHT="21" WC="0.34" CONTENT="av:"/><SP WIDTH="17" VPOS="622" HPOS="887"/>
							<String ID="string_83" HPOS="904" VPOS="614" WIDTH="305" HEIGHT="32" WC="0.96" CONTENT="bestämmelserna"/><SP WIDTH="27" VPOS="614" HPOS="1209"/>
							<String ID="string_84" HPOS="1236" VPOS="616" WIDTH="9" HEIGHT="30" WC="0.96" CONTENT="i"/><SP WIDTH="27" VPOS="616" HPOS="1245"/>
							<String ID="string_85" HPOS="1272" VPOS="615" WIDTH="99" HEIGHT="37" WC="0.96" CONTENT="lagen"/><SP WIDTH="29" VPOS="615" HPOS="1371"/>
							<String ID="string_86" HPOS="1400" VPOS="618" WIDTH="39" HEIGHT="29" WC="0.96" CONTENT="är"/><SP WIDTH="26" VPOS="618" HPOS="1439"/>
							<String ID="string_87" HPOS="1465" VPOS="616" WIDTH="127" HEIGHT="37" WC="0.96" CONTENT="intaget"/><SP WIDTH="27" VPOS="616" HPOS="1592"/>
							<String ID="string_88" HPOS="1619" VPOS="618" WIDTH="9" HEIGHT="30" WC="0.96" CONTENT="i"/><SP WIDTH="28" VPOS="618" HPOS="1628"/>
							<String ID="string_89" HPOS="1656" VPOS="617" WIDTH="44" HEIGHT="37" WC="0.93" CONTENT="på"/><SP WIDTH="30" VPOS="617" HPOS="1700"/>
							<String ID="string_90" HPOS="1730" VPOS="621" WIDTH="64" HEIGHT="29" WC="0.92" CONTENT="sta-"/>
						</TextLine>
						<TextLine ID="line_9" HPOS="295" VPOS="661" WIDTH="1498" HEIGHT="42">
							<String ID="string_91" HPOS="295" VPOS="664" WIDTH="76" HEIGHT="26" WC="0.96" CONTENT="tens"/><SP WIDTH="29" VPOS="664" HPOS="371"/>
							<String ID="string_92" HPOS="400" VPOS="661" WIDTH="194" HEIGHT="31" WC="0.96" CONTENT="bekostnad"/><SP WIDTH="29" VPOS="661" HPOS="594"/>
							<String ID="string_93" HPOS="623" VPOS="663" WIDTH="188" HEIGHT="35" WC="0.96" CONTENT="upprättad"/><SP WIDTH="30" VPOS="663" HPOS="811"/>
							<String ID="string_94" HPOS="841" VPOS="664" WIDTH="202" HEIGHT="30" WC="0.96" CONTENT="läroanstalt"/><SP WIDTH="33" VPOS="664" HPOS="1043"/>
							<String ID="string_95" HPOS="1076" VPOS="665" WIDTH="54" HEIGHT="30" WC="0.96" CONTENT="för"/><SP WIDTH="28" VPOS="665" HPOS="1130"/>
							<String ID="string_96" HPOS="1158" VPOS="665" WIDTH="130" HEIGHT="38" WC="0.96" CONTENT="blinda,"/><SP WIDTH="32" VPOS="665" HPOS="1288"/>
							<String ID="string_97" HPOS="1320" VPOS="675" WIDTH="41" HEIGHT="21" WC="0.96" CONTENT="av"/><SP WIDTH="32" VPOS="675" HPOS="1361"/>
							<String ID="string_98" HPOS="1393" VPOS="667" WIDTH="257" HEIGHT="31" WC="0.93" CONTENT="vederbörande"/><SP WIDTH="32" VPOS="667" HPOS="1650"/>
							<String ID="string_99" HPOS="1682" VPOS="669" WIDTH="111" HEIGHT="30" WC="0.92" CONTENT="lands-"/>
						</TextLine>
						<TextLine ID="line_10" HPOS="296" VPOS="710" WIDTH="1498" HEIGHT="45">
							<String ID="string_100" HPOS="296" VPOS="710" WIDTH="233" HEIGHT="37" WC="0.88" CONTENT="tingsområde"/><SP WIDTH="31" VPOS="710" HPOS="529"/>
							<String ID="string_101" HPOS="560" VPOS="713" WIDTH="80" HEIGHT="30" WC="0.95" CONTENT="eller"/><SP WIDTH="30" VPOS="713" HPOS="640"/>
							<String ID="string_102" HPOS="670" VPOS="722" WIDTH="43" HEIGHT="21" WC="0.96" CONTENT="av"/><SP WIDTH="28" VPOS="722" HPOS="713"/>
							<String ID="string_103" HPOS="741" VPOS="714" WIDTH="86" HEIGHT="35" WC="0.95" CONTENT="stad,"/><SP WIDTH="30" VPOS="714" HPOS="827"/>
							<String ID="string_104" HPOS="857" VPOS="723" WIDTH="73" HEIGHT="21" WC="0.96" CONTENT="som"/><SP WIDTH="32" VPOS="723" HPOS="930"/>
							<String ID="string_105" HPOS="962" VPOS="715" WIDTH="31" HEIGHT="36" WC="0.96" CONTENT="ej"/><SP WIDTH="33" VPOS="715" HPOS="993"/>
							<String ID="string_106" HPOS="1026" VPOS="715" WIDTH="150" HEIGHT="36" WC="0.96" CONTENT="deltager"/><SP WIDTH="27" VPOS="715" HPOS="1176"/>
							<String ID="string_107" HPOS="1203" VPOS="714" WIDTH="9" HEIGHT="32" WC="0.94" CONTENT="i"/><SP WIDTH="29" VPOS="714" HPOS="1212"/>
							<String ID="string_108" HPOS="1241" VPOS="716" WIDTH="183" HEIGHT="37" WC="0.94" CONTENT="landsting,"/><SP WIDTH="32" VPOS="716" HPOS="1424"/>
							<String ID="string_109" HPOS="1456" VPOS="718" WIDTH="154" HEIGHT="36" WC="0.96" CONTENT="erläggas"/><SP WIDTH="30" VPOS="718" HPOS="1610"/>
							<String ID="string_110" HPOS="1640" VPOS="729" WIDTH="40" HEIGHT="20" WC="0.96" CONTENT="en"/><SP WIDTH="29" VPOS="729" HPOS="1680"/>
							<String ID="string_111" HPOS="1709" VPOS="718" WIDTH="85" HEIGHT="37" WC="0.95" CONTENT="årlig"/>
						</TextLine>
						<TextLine ID="line_11" HPOS="295" VPOS="761" WIDTH="1498" HEIGHT="46">
							<String ID="string_112" HPOS="295" VPOS="761" WIDTH="107" HEIGHT="36" WC="0.95" CONTENT="avgift"/><SP WIDTH="18" VPOS="761" HPOS="402"/>
							<String ID="string_113" HPOS="420" VPOS="762" WIDTH="38" HEIGHT="30" WC="0.96" CONTENT="af"/><SP WIDTH="16" VPOS="762" HPOS="458"/>
							<String ID="string_114" HPOS="474" VPOS="761" WIDTH="64" HEIGHT="31" WC="0.96" CONTENT="400"/><SP WIDTH="19" VPOS="761" HPOS="538"/>
							<String ID="string_115" HPOS="557" VPOS="762" WIDTH="139" HEIGHT="35" WC="0.90" CONTENT="kronor."/><SP WIDTH="35" VPOS="762" HPOS="696"/>
							<String ID="string_116" HPOS="731" VPOS="762" WIDTH="114" HEIGHT="38" WC="0.96" CONTENT="Enligt"/><SP WIDTH="22" VPOS="762" HPOS="845"/>
							<String ID="string_117" HPOS="867" VPOS="764" WIDTH="18" HEIGHT="37" WC="0.91" CONTENT="8"/><SP WIDTH="24" VPOS="764" HPOS="885"/>
							<String ID="string_118" HPOS="909" VPOS="766" WIDTH="13" HEIGHT="28" WC="0.94" CONTENT="1"/><SP WIDTH="26" VPOS="766" HPOS="922"/>
							<String ID="string_119" HPOS="948" VPOS="765" WIDTH="98" HEIGHT="36" WC="0.95" CONTENT="lagen"/><SP WIDTH="22" VPOS="765" HPOS="1046"/>
							<String ID="string_120" HPOS="1068" VPOS="766" WIDTH="65" HEIGHT="30" WC="0.96" CONTENT="den"/><SP WIDTH="22" VPOS="766" HPOS="1133"/>
							<String ID="string_121" HPOS="1155" VPOS="767" WIDTH="17" HEIGHT="28" WC="0.95" CONTENT="7"/><SP WIDTH="22" VPOS="767" HPOS="1172"/>
							<String ID="string_122" HPOS="1194" VPOS="766" WIDTH="63" HEIGHT="36" WC="0.95" CONTENT="juli"/><SP WIDTH="26" VPOS="766" HPOS="1257"/>
							<String ID="string_123" HPOS="1283" VPOS="767" WIDTH="78" HEIGHT="29" WC="0.96" CONTENT="1921"/><SP WIDTH="30" VPOS="767" HPOS="1361"/>
							<String ID="string_124" HPOS="1391" VPOS="763" WIDTH="54" HEIGHT="39" WC="0.96" CONTENT="(nr"/><SP WIDTH="21" VPOS="763" HPOS="1445"/>
							<String ID="string_125" HPOS="1466" VPOS="764" WIDTH="77" HEIGHT="39" WC="0.96" CONTENT="408)"/><SP WIDTH="25" VPOS="764" HPOS="1543"/>
							<String ID="string_126" HPOS="1568" VPOS="778" WIDTH="56" HEIGHT="21" WC="0.93" CONTENT="om"/><SP WIDTH="22" VPOS="778" HPOS="1624"/>
							<String ID="string_127" HPOS="1646" VPOS="770" WIDTH="147" HEIGHT="37" WC="0.91" CONTENT="skyldig-"/>
						</TextLine>
						<TextLine ID="line_12" HPOS="295" VPOS="811" WIDTH="1497" HEIGHT="44">
							<String ID="string_128" HPOS="295" VPOS="811" WIDTH="59" HEIGHT="32" WC="0.96" CONTENT="het"/><SP WIDTH="30" VPOS="811" HPOS="354"/>
							<String ID="string_129" HPOS="384" VPOS="812" WIDTH="55" HEIGHT="30" WC="0.93" CONTENT="för"/><SP WIDTH="33" VPOS="812" HPOS="439"/>
							<String ID="string_130" HPOS="472" VPOS="813" WIDTH="335" HEIGHT="36" WC="0.76" CONTENT="lahdstingsområde"/><SP WIDTH="31" VPOS="813" HPOS="807"/>
							<String ID="string_131" HPOS="838" VPOS="815" WIDTH="64" HEIGHT="30" WC="0.96" CONTENT="och"/><SP WIDTH="31" VPOS="815" HPOS="902"/>
							<String ID="string_132" HPOS="933" VPOS="815" WIDTH="86" HEIGHT="36" WC="0.96" CONTENT="stad,"/><SP WIDTH="36" VPOS="815" HPOS="1019"/>
							<String ID="string_133" HPOS="1055" VPOS="825" WIDTH="73" HEIGHT="21" WC="0.96" CONTENT="som"/><SP WIDTH="35" VPOS="825" HPOS="1128"/>
							<String ID="string_134" HPOS="1163" VPOS="816" WIDTH="30" HEIGHT="37" WC="0.96" CONTENT="ej"/><SP WIDTH="34" VPOS="816" HPOS="1193"/>
							<String ID="string_135" HPOS="1227" VPOS="817" WIDTH="9" HEIGHT="30" WC="0.96" CONTENT="i"/><SP WIDTH="31" VPOS="817" HPOS="1236"/>
							<String ID="string_136" HPOS="1267" VPOS="817" WIDTH="174" HEIGHT="38" WC="0.96" CONTENT="landsting"/><SP WIDTH="31" VPOS="817" HPOS="1441"/>
							<String ID="string_137" HPOS="1472" VPOS="818" WIDTH="161" HEIGHT="37" WC="0.95" CONTENT="deltager,"/><SP WIDTH="33" VPOS="818" HPOS="1633"/>
							<String ID="string_138" HPOS="1666" VPOS="822" WIDTH="49" HEIGHT="28" WC="0.92" CONTENT="att"/><SP WIDTH="31" VPOS="822" HPOS="1715"/>
							<String ID="string_139" HPOS="1746" VPOS="820" WIDTH="46" HEIGHT="31" WC="0.91" CONTENT="bi-"/>
						</TextLine>
						<TextLine ID="line_13" HPOS="294" VPOS="862" WIDTH="1499" HEIGHT="43">
							<String ID="string_140" HPOS="294" VPOS="862" WIDTH="106" HEIGHT="37" WC="0.96" CONTENT="draga"/><SP WIDTH="26" VPOS="862" HPOS="400"/>
							<String ID="string_141" HPOS="426" VPOS="863" WIDTH="49" HEIGHT="30" WC="0.96" CONTENT="till"/><SP WIDTH="27" VPOS="863" HPOS="475"/>
							<String ID="string_142" HPOS="502" VPOS="863" WIDTH="191" HEIGHT="30" WC="0.96" CONTENT="kostnaden"/><SP WIDTH="27" VPOS="863" HPOS="693"/>
							<String ID="string_143" HPOS="720" VPOS="864" WIDTH="54" HEIGHT="30" WC="0.96" CONTENT="för"/><SP WIDTH="27" VPOS="864" HPOS="774"/>
							<String ID="string_144" HPOS="801" VPOS="863" WIDTH="82" HEIGHT="32" WC="0.96" CONTENT="vård"/><SP WIDTH="26" VPOS="863" HPOS="883"/>
							<String ID="string_145" HPOS="909" VPOS="874" WIDTH="42" HEIGHT="21" WC="0.96" CONTENT="av"/><SP WIDTH="25" VPOS="874" HPOS="951"/>
							<String ID="string_146" HPOS="976" VPOS="866" WIDTH="119" HEIGHT="30" WC="0.94" CONTENT="blinda"/><SP WIDTH="26" VPOS="866" HPOS="1095"/>
							<String ID="string_147" HPOS="1121" VPOS="867" WIDTH="78" HEIGHT="33" WC="0.95" CONTENT="med"/><SP WIDTH="27" VPOS="867" HPOS="1199"/>
							<String ID="string_148" HPOS="1226" VPOS="868" WIDTH="226" HEIGHT="35" WC="0.95" CONTENT="komplicerat"/><SP WIDTH="22" VPOS="868" HPOS="1452"/>
							<String ID="string_149" HPOS="1474" VPOS="869" WIDTH="68" HEIGHT="36" WC="0.96" CONTENT="lyte"/><SP WIDTH="24" VPOS="869" HPOS="1542"/>
							<String ID="string_150" HPOS="1566" VPOS="870" WIDTH="86" HEIGHT="30" WC="0.93" CONTENT="skall"/><SP WIDTH="27" VPOS="870" HPOS="1652"/>
							<String ID="string_151" HPOS="1679" VPOS="871" WIDTH="114" HEIGHT="30" WC="0.92" CONTENT="veder-"/>
						</TextLine>
						<TextLine ID="line_14" HPOS="293" VPOS="912" WIDTH="1499" HEIGHT="43">
							<String ID="string_152" HPOS="293" VPOS="912" WIDTH="152" HEIGHT="31" WC="0.92" CONTENT="börande"/><SP WIDTH="23" VPOS="912" HPOS="445"/>
							<String ID="string_153" HPOS="468" VPOS="913" WIDTH="335" HEIGHT="37" WC="0.92" CONTENT="landstingsområde"/><SP WIDTH="25" VPOS="913" HPOS="803"/>
							<String ID="string_154" HPOS="828" VPOS="917" WIDTH="79" HEIGHT="29" WC="0.96" CONTENT="eller"/><SP WIDTH="23" VPOS="917" HPOS="907"/>
							<String ID="string_155" HPOS="930" VPOS="917" WIDTH="77" HEIGHT="30" WC="0.96" CONTENT="stad"/><SP WIDTH="23" VPOS="917" HPOS="1007"/>
							<String ID="string_156" HPOS="1030" VPOS="917" WIDTH="134" HEIGHT="36" WC="0.96" CONTENT="erlägga"/><SP WIDTH="27" VPOS="917" HPOS="1164"/>
							<String ID="string_157" HPOS="1191" VPOS="927" WIDTH="41" HEIGHT="20" WC="0.96" CONTENT="en"/><SP WIDTH="26" VPOS="927" HPOS="1232"/>
							<String ID="string_158" HPOS="1258" VPOS="916" WIDTH="85" HEIGHT="38" WC="0.96" CONTENT="årlig"/><SP WIDTH="23" VPOS="916" HPOS="1343"/>
							<String ID="string_159" HPOS="1366" VPOS="919" WIDTH="107" HEIGHT="36" WC="0.93" CONTENT="avgift"/><SP WIDTH="23" VPOS="919" HPOS="1473"/>
							<String ID="string_160" HPOS="1496" VPOS="919" WIDTH="20" HEIGHT="31" WC="0.93" CONTENT="å"/><SP WIDTH="27" VPOS="919" HPOS="1516"/>
							<String ID="string_161" HPOS="1543" VPOS="920" WIDTH="163" HEIGHT="31" WC="0.96" CONTENT="likaledes"/><SP WIDTH="24" VPOS="920" HPOS="1706"/>
							<String ID="string_162" HPOS="1730" VPOS="921" WIDTH="62" HEIGHT="30" WC="0.96" CONTENT="400"/>
						</TextLine>
						<TextLine ID="line_15" HPOS="292" VPOS="963" WIDTH="1501" HEIGHT="38">
							<String ID="string_163" HPOS="292" VPOS="963" WIDTH="129" HEIGHT="31" WC="0.96" CONTENT="kronor"/><SP WIDTH="23" VPOS="963" HPOS="421"/>
							<String ID="string_164" HPOS="444" VPOS="964" WIDTH="55" HEIGHT="29" WC="0.95" CONTENT="för"/><SP WIDTH="21" VPOS="964" HPOS="499"/>
							<String ID="string_165" HPOS="520" VPOS="964" WIDTH="96" HEIGHT="36" WC="0.96" CONTENT="varje"/><SP WIDTH="18" VPOS="964" HPOS="616"/>
							<String ID="string_166" HPOS="634" VPOS="963" WIDTH="107" HEIGHT="38" WC="0.96" CONTENT="blind,"/><SP WIDTH="26" VPOS="963" HPOS="741"/>
							<String ID="string_167" HPOS="767" VPOS="967" WIDTH="73" HEIGHT="29" WC="0.96" CONTENT="som"/><SP WIDTH="26" VPOS="967" HPOS="840"/>
							<String ID="string_168" HPOS="866" VPOS="967" WIDTH="38" HEIGHT="29" WC="0.93" CONTENT="är"/><SP WIDTH="23" VPOS="967" HPOS="904"/>
							<String ID="string_169" HPOS="927" VPOS="966" WIDTH="161" HEIGHT="31" WC="0.92" CONTENT="dövstum"/><SP WIDTH="23" VPOS="966" HPOS="1088"/>
							<String ID="string_170" HPOS="1111" VPOS="968" WIDTH="81" HEIGHT="29" WC="0.93" CONTENT="eller"/><SP WIDTH="24" VPOS="968" HPOS="1192"/>
							<String ID="string_171" HPOS="1216" VPOS="968" WIDTH="168" HEIGHT="31" WC="0.89" CONTENT="sinnesslö"/><SP WIDTH="24" VPOS="968" HPOS="1384"/>
							<String ID="string_172" HPOS="1408" VPOS="969" WIDTH="79" HEIGHT="31" WC="0.96" CONTENT="eller"/><SP WIDTH="24" VPOS="969" HPOS="1487"/>
							<String ID="string_173" HPOS="1511" VPOS="970" WIDTH="87" HEIGHT="31" WC="0.96" CONTENT="lider"/><SP WIDTH="23" VPOS="970" HPOS="1598"/>
							<String ID="string_174" HPOS="1621" VPOS="980" WIDTH="43" HEIGHT="21" WC="0.96" CONTENT="av"/><SP WIDTH="24" VPOS="980" HPOS="1664"/>
							<String ID="string_175" HPOS="1688" VPOS="974" WIDTH="105" HEIGHT="27" WC="0.96" CONTENT="annat"/>
						</TextLine>
						<TextLine ID="line_16" HPOS="292" VPOS="1014" WIDTH="1500" HEIGHT="61">
							<String ID="string_176" HPOS="292" VPOS="1014" WIDTH="79" HEIGHT="30" WC="0.93" CONTENT="med"/><SP WIDTH="18" VPOS="1014" HPOS="371"/>
							<String ID="string_177" HPOS="389" VPOS="1014" WIDTH="200" HEIGHT="31" WC="0.91" CONTENT="blindheten"/><SP WIDTH="21" VPOS="1014" HPOS="589"/>
							<String ID="string_178" HPOS="610" VPOS="1015" WIDTH="134" HEIGHT="31" WC="0.96" CONTENT="förenat"/><SP WIDTH="16" VPOS="1015" HPOS="744"/>
							<String ID="string_179" HPOS="760" VPOS="1016" WIDTH="67" HEIGHT="35" WC="0.96" CONTENT="lyte"/><SP WIDTH="20" VPOS="1016" HPOS="827"/>
							<String ID="string_180" HPOS="847" VPOS="1018" WIDTH="65" HEIGHT="29" WC="0.96" CONTENT="och"/><SP WIDTH="20" VPOS="1018" HPOS="912"/>
							<String ID="string_181" HPOS="932" VPOS="1017" WIDTH="38" HEIGHT="30" WC="0.96" CONTENT="är"/><SP WIDTH="21" VPOS="1017" HPOS="970"/>
							<String ID="string_182" HPOS="991" VPOS="1016" WIDTH="114" HEIGHT="32" WC="0.96" CONTENT="såsom"/><SP WIDTH="19" VPOS="1016" HPOS="1105"/>
							<String ID="string_183" HPOS="1124" VPOS="1018" WIDTH="202" HEIGHT="37" WC="0.96" CONTENT="skyddsling"/><SP WIDTH="20" VPOS="1018" HPOS="1326"/>
							<String ID="string_184" HPOS="1346" VPOS="1019" WIDTH="137" HEIGHT="36" WC="0.96" CONTENT="intagen"/><SP WIDTH="23" VPOS="1019" HPOS="1483"/>
							<String ID="string_185" HPOS="1506" VPOS="1021" WIDTH="10" HEIGHT="30" WC="0.96" CONTENT="i"/><SP WIDTH="20" VPOS="1021" HPOS="1516"/>
							<String ID="string_186" HPOS="1536" VPOS="1015" WIDTH="256" HEIGHT="60" WC="0.91" CONTENT="vårdanstalten"/>
						</TextLine>
						<TextLine ID="line_17" HPOS="292" VPOS="1064" WIDTH="144" HEIGHT="31">
							<String ID="string_187" HPOS="292" VPOS="1063" WIDTH="10" HEIGHT="30" WC="0.96" CONTENT="i"/><SP WIDTH="26" VPOS="1063" HPOS="302"/>
							<String ID="string_188" HPOS="328" VPOS="1064" WIDTH="108" HEIGHT="31" WC="0.95" CONTENT="Lund."/>
						</TextLine>
					</TextBlock>
					<TextBlock ID="block_3" HPOS="290" VPOS="1114" WIDTH="1503" HEIGHT="242">
						<TextLine ID="line_18" HPOS="338" VPOS="1114" WIDTH="1452" HEIGHT="42">
							<String ID="string_189" HPOS="338" VPOS="1114" WIDTH="65" HEIGHT="31" WC="0.95" CONTENT="Till"/><SP WIDTH="30" VPOS="1114" HPOS="403"/>
							<String ID="string_190" HPOS="433" VPOS="1115" WIDTH="220" HEIGHT="31" WC="0.95" CONTENT="bestridande"/><SP WIDTH="32" VPOS="1115" HPOS="653"/>
							<String ID="string_191" HPOS="685" VPOS="1126" WIDTH="44" HEIGHT="21" WC="0.96" CONTENT="av"/><SP WIDTH="33" VPOS="1126" HPOS="729"/>
							<String ID="string_192" HPOS="762" VPOS="1120" WIDTH="127" HEIGHT="27" WC="0.92" CONTENT="statens"/><SP WIDTH="34" VPOS="1120" HPOS="889"/>
							<String ID="string_193" HPOS="923" VPOS="1117" WIDTH="187" HEIGHT="31" WC="0.96" CONTENT="kostnader"/><SP WIDTH="31" VPOS="1117" HPOS="1110"/>
							<String ID="string_194" HPOS="1141" VPOS="1119" WIDTH="55" HEIGHT="30" WC="0.96" CONTENT="för"/><SP WIDTH="30" VPOS="1119" HPOS="1196"/>
							<String ID="string_195" HPOS="1226" VPOS="1119" WIDTH="264" HEIGHT="37" WC="0.93" CONTENT="ifrågavarande"/><SP WIDTH="26" VPOS="1119" HPOS="1490"/>
							<String ID="string_196" HPOS="1516" VPOS="1121" WIDTH="274" HEIGHT="33" WC="0.92" CONTENT="blindundervis-"/>
						</TextLine>
						<TextLine ID="line_19" HPOS="292" VPOS="1164" WIDTH="1501" HEIGHT="44">
							<String ID="string_197" HPOS="292" VPOS="1164" WIDTH="266" HEIGHT="37" WC="0.91" CONTENT="ningsanstalter"/><SP WIDTH="42" VPOS="1164" HPOS="558"/>
							<String ID="string_198" HPOS="600" VPOS="1167" WIDTH="88" HEIGHT="30" WC="0.95" CONTENT="hava"/><SP WIDTH="42" VPOS="1167" HPOS="688"/>
							<String ID="string_199" HPOS="730" VPOS="1167" WIDTH="54" HEIGHT="30" WC="0.95" CONTENT="för"/><SP WIDTH="42" VPOS="1167" HPOS="784"/>
							<String ID="string_200" HPOS="826" VPOS="1167" WIDTH="232" HEIGHT="31" WC="0.94" CONTENT="innevarande"/><SP WIDTH="41" VPOS="1167" HPOS="1058"/>
							<String ID="string_201" HPOS="1099" VPOS="1169" WIDTH="166" HEIGHT="35" WC="0.93" CONTENT="budgetår"/><SP WIDTH="31" VPOS="1169" HPOS="1265"/>
							<String ID="string_202" HPOS="1296" VPOS="1171" WIDTH="150" HEIGHT="30" WC="0.92" CONTENT="anvisats"/><SP WIDTH="32" VPOS="1171" HPOS="1446"/>
							<String ID="string_203" HPOS="1478" VPOS="1171" WIDTH="145" HEIGHT="37" WC="0.90" CONTENT="tillhopa"/><SP WIDTH="30" VPOS="1171" HPOS="1623"/>
							<String ID="string_204" HPOS="1653" VPOS="1173" WIDTH="140" HEIGHT="34" WC="0.90" CONTENT="429,400"/>
						</TextLine>
						<TextLine ID="line_20" HPOS="290" VPOS="1214" WIDTH="1501" HEIGHT="44">
							<String ID="string_205" HPOS="290" VPOS="1214" WIDTH="137" HEIGHT="37" WC="0.96" CONTENT="kronor,"/><SP WIDTH="24" VPOS="1214" HPOS="427"/>
							<String ID="string_206" HPOS="451" VPOS="1214" WIDTH="145" HEIGHT="32" WC="0.93" CONTENT="frånsett"/><SP WIDTH="24" VPOS="1214" HPOS="596"/>
							<String ID="string_207" HPOS="620" VPOS="1216" WIDTH="249" HEIGHT="39" WC="0.91" CONTENT="dyrtidstillägg"/><SP WIDTH="24" VPOS="1216" HPOS="869"/>
							<String ID="string_208" HPOS="893" VPOS="1219" WIDTH="65" HEIGHT="30" WC="0.96" CONTENT="och"/><SP WIDTH="21" VPOS="1219" HPOS="958"/>
							<String ID="string_209" HPOS="979" VPOS="1218" WIDTH="210" HEIGHT="36" WC="0.93" CONTENT="provisorisk"/><SP WIDTH="22" VPOS="1218" HPOS="1189"/>
							<String ID="string_210" HPOS="1211" VPOS="1220" WIDTH="428" HEIGHT="38" WC="0.86" CONTENT="avlöningsförstärkning."/><SP WIDTH="35" VPOS="1220" HPOS="1639"/>
							<String ID="string_211" HPOS="1674" VPOS="1221" WIDTH="117" HEIGHT="32" WC="0.93" CONTENT="Bidra-"/>
						</TextLine>
						<TextLine ID="line_21" HPOS="290" VPOS="1265" WIDTH="1500" HEIGHT="45">
							<String ID="string_212" HPOS="290" VPOS="1273" WIDTH="64" HEIGHT="28" WC="0.96" CONTENT="gen"/><SP WIDTH="25" VPOS="1273" HPOS="354"/>
							<String ID="string_213" HPOS="379" VPOS="1265" WIDTH="78" HEIGHT="31" WC="0.93" CONTENT="från"/><SP WIDTH="22" VPOS="1265" HPOS="457"/>
							<String ID="string_214" HPOS="479" VPOS="1266" WIDTH="380" HEIGHT="36" WC="0.92" CONTENT="landstingsområdena"/><SP WIDTH="25" VPOS="1266" HPOS="859"/>
							<String ID="string_215" HPOS="884" VPOS="1272" WIDTH="89" HEIGHT="27" WC="0.87" CONTENT="samt."/><SP WIDTH="26" VPOS="1272" HPOS="973"/>
							<String ID="string_216" HPOS="999" VPOS="1267" WIDTH="78" HEIGHT="35" WC="0.87" CONTENT="från"/><SP WIDTH="27" VPOS="1267" HPOS="1077"/>
							<String ID="string_217" HPOS="1104" VPOS="1270" WIDTH="123" HEIGHT="38" WC="0.96" CONTENT="städer,"/><SP WIDTH="28" VPOS="1270" HPOS="1227"/>
							<String ID="string_218" HPOS="1255" VPOS="1280" WIDTH="74" HEIGHT="21" WC="0.96" CONTENT="som"/><SP WIDTH="26" VPOS="1280" HPOS="1329"/>
							<String ID="string_219" HPOS="1355" VPOS="1271" WIDTH="31" HEIGHT="36" WC="0.96" CONTENT="ej"/><SP WIDTH="26" VPOS="1271" HPOS="1386"/>
							<String ID="string_220" HPOS="1412" VPOS="1271" WIDTH="136" HEIGHT="37" WC="0.96" CONTENT="deltaga"/><SP WIDTH="24" VPOS="1271" HPOS="1548"/>
							<String ID="string_221" HPOS="1572" VPOS="1272" WIDTH="10" HEIGHT="30" WC="0.96" CONTENT="i"/><SP WIDTH="26" VPOS="1272" HPOS="1582"/>
							<String ID="string_222" HPOS="1608" VPOS="1272" WIDTH="182" HEIGHT="38" WC="0.96" CONTENT="landsting,"/>
						</TextLine>
						<TextLine ID="line_22" HPOS="290" VPOS="1314" WIDTH="1123" HEIGHT="42">
							<String ID="string_223" HPOS="290" VPOS="1314" WIDTH="91" HEIGHT="33" WC="0.95" CONTENT="hava"/><SP WIDTH="23" VPOS="1314" HPOS="381"/>
							<String ID="string_224" HPOS="404" VPOS="1316" WIDTH="55" HEIGHT="31" WC="0.96" CONTENT="för"/><SP WIDTH="22" VPOS="1316" HPOS="459"/>
							<String ID="string_225" HPOS="481" VPOS="1325" WIDTH="135" HEIGHT="23" WC="0.95" CONTENT="samma"/><SP WIDTH="22" VPOS="1325" HPOS="616"/>
							<String ID="string_226" HPOS="638" VPOS="1316" WIDTH="171" HEIGHT="37" WC="0.96" CONTENT="budgetår"/><SP WIDTH="20" VPOS="1316" HPOS="809"/>
							<String ID="string_227" HPOS="829" VPOS="1319" WIDTH="185" HEIGHT="31" WC="0.96" CONTENT="beräknats"/><SP WIDTH="24" VPOS="1319" HPOS="1014"/>
							<String ID="string_228" HPOS="1038" VPOS="1319" WIDTH="50" HEIGHT="31" WC="0.91" CONTENT="till"/><SP WIDTH="28" VPOS="1319" HPOS="1088"/>
							<String ID="string_229" HPOS="1116" VPOS="1320" WIDTH="137" HEIGHT="36" WC="0.91" CONTENT="153,000"/><SP WIDTH="23" VPOS="1320" HPOS="1253"/>
							<String ID="string_230" HPOS="1276" VPOS="1321" WIDTH="137" HEIGHT="31" WC="0.96" CONTENT="kronor."/>
						</TextLine>
					</TextBlock>
					<TextBlock ID="block_4" HPOS="288" VPOS="1363" WIDTH="1502" HEIGHT="293">
						<TextLine ID="line_23" HPOS="334" VPOS="1363" WIDTH="1456" HEIGHT="47">
							<String ID="string_231" HPOS="334" VPOS="1363" WIDTH="143" HEIGHT="34" WC="0.96" CONTENT="Jämlikt"/><SP WIDTH="20" VPOS="1363" HPOS="477"/>
							<String ID="string_232" HPOS="497" VPOS="1367" WIDTH="18" HEIGHT="38" WC="0.92" CONTENT="8"/><SP WIDTH="20" VPOS="1367" HPOS="515"/>
							<String ID="string_233" HPOS="535" VPOS="1368" WIDTH="20" HEIGHT="30" WC="0.96" CONTENT="6"/><SP WIDTH="19" VPOS="1368" HPOS="555"/>
							<String ID="string_234" HPOS="574" VPOS="1368" WIDTH="98" HEIGHT="36" WC="0.96" CONTENT="lagen"/><SP WIDTH="18" VPOS="1368" HPOS="672"/>
							<String ID="string_235" HPOS="690" VPOS="1367" WIDTH="178" HEIGHT="38" WC="0.92" CONTENT="angående"/><SP WIDTH="20" VPOS="1367" HPOS="868"/>
							<String ID="string_236" HPOS="888" VPOS="1365" WIDTH="389" HEIGHT="42" WC="0.92" CONTENT="blindundervisningen"/><SP WIDTH="21" VPOS="1365" HPOS="1277"/>
							<String ID="string_237" HPOS="1298" VPOS="1372" WIDTH="79" HEIGHT="36" WC="0.96" CONTENT="äger"/><SP WIDTH="19" VPOS="1372" HPOS="1377"/>
							<String ID="string_238" HPOS="1396" VPOS="1369" WIDTH="173" HEIGHT="41" WC="0.96" CONTENT="landsting"/><SP WIDTH="18" VPOS="1369" HPOS="1569"/>
							<String ID="string_239" HPOS="1587" VPOS="1373" WIDTH="81" HEIGHT="31" WC="0.93" CONTENT="eller"/><SP WIDTH="16" VPOS="1373" HPOS="1668"/>
							<String ID="string_240" HPOS="1684" VPOS="1367" WIDTH="106" HEIGHT="38" WC="0.92" CONTENT="stads-"/>
						</TextLine>
						<TextLine ID="line_24" HPOS="290" VPOS="1414" WIDTH="1499" HEIGHT="47">
							<String ID="string_241" HPOS="290" VPOS="1414" WIDTH="217" HEIGHT="40" WC="0.96" CONTENT="fullmäktige"/><SP WIDTH="24" VPOS="1414" HPOS="507"/>
							<String ID="string_242" HPOS="531" VPOS="1417" WIDTH="10" HEIGHT="30" WC="0.96" CONTENT="i"/><SP WIDTH="25" VPOS="1417" HPOS="541"/>
							<String ID="string_243" HPOS="566" VPOS="1418" WIDTH="85" HEIGHT="36" WC="0.95" CONTENT="stad,"/><SP WIDTH="26" VPOS="1418" HPOS="651"/>
							<String ID="string_244" HPOS="677" VPOS="1428" WIDTH="75" HEIGHT="21" WC="0.96" CONTENT="som"/><SP WIDTH="27" VPOS="1428" HPOS="752"/>
							<String ID="string_245" HPOS="779" VPOS="1419" WIDTH="31" HEIGHT="36" WC="0.96" CONTENT="ej"/><SP WIDTH="24" VPOS="1419" HPOS="810"/>
							<String ID="string_246" HPOS="834" VPOS="1419" WIDTH="151" HEIGHT="38" WC="0.96" CONTENT="deltager"/><SP WIDTH="22" VPOS="1419" HPOS="985"/>
							<String ID="string_247" HPOS="1007" VPOS="1421" WIDTH="10" HEIGHT="31" WC="0.96" CONTENT="i"/><SP WIDTH="25" VPOS="1421" HPOS="1017"/>
							<String ID="string_248" HPOS="1042" VPOS="1420" WIDTH="183" HEIGHT="45" WC="0.96" CONTENT="landsting,"/><SP WIDTH="25" VPOS="1420" HPOS="1225"/>
							<String ID="string_249" HPOS="1250" VPOS="1422" WIDTH="193" HEIGHT="32" WC="0.96" CONTENT="bestämma"/><SP WIDTH="24" VPOS="1422" HPOS="1443"/>
							<String ID="string_250" HPOS="1467" VPOS="1432" WIDTH="42" HEIGHT="21" WC="0.96" CONTENT="en"/><SP WIDTH="25" VPOS="1432" HPOS="1509"/>
							<String ID="string_251" HPOS="1534" VPOS="1423" WIDTH="68" HEIGHT="32" WC="0.96" CONTENT="viss"/><SP WIDTH="22" VPOS="1423" HPOS="1602"/>
							<String ID="string_252" HPOS="1624" VPOS="1423" WIDTH="85" HEIGHT="38" WC="0.91" CONTENT="årlig"/><SP WIDTH="25" VPOS="1423" HPOS="1709"/>
							<String ID="string_253" HPOS="1734" VPOS="1434" WIDTH="55" HEIGHT="21" WC="0.91" CONTENT="av-"/>
						</TextLine>
						<TextLine ID="line_25" HPOS="291" VPOS="1467" WIDTH="1499" HEIGHT="45">
							<String ID="string_254" HPOS="291" VPOS="1467" WIDTH="71" HEIGHT="35" WC="0.95" CONTENT="gift,"/><SP WIDTH="24" VPOS="1467" HPOS="362"/>
							<String ID="string_255" HPOS="386" VPOS="1461" WIDTH="77" HEIGHT="36" WC="0.95" CONTENT="med"/><SP WIDTH="23" VPOS="1461" HPOS="463"/>
							<String ID="string_256" HPOS="486" VPOS="1467" WIDTH="115" HEIGHT="31" WC="0.95" CONTENT="vilken"/><SP WIDTH="23" VPOS="1467" HPOS="601"/>
							<String ID="string_257" HPOS="624" VPOS="1469" WIDTH="172" HEIGHT="30" WC="0.96" CONTENT="föräldrar"/><SP WIDTH="22" VPOS="1469" HPOS="796"/>
							<String ID="string_258" HPOS="818" VPOS="1463" WIDTH="80" HEIGHT="36" WC="0.92" CONTENT="eller"/><SP WIDTH="22" VPOS="1463" HPOS="898"/>
							<String ID="string_259" HPOS="920" VPOS="1469" WIDTH="182" HEIGHT="37" WC="0.90" CONTENT="målsmän,"/><SP WIDTH="24" VPOS="1469" HPOS="1102"/>
							<String ID="string_260" HPOS="1126" VPOS="1471" WIDTH="8" HEIGHT="29" WC="0.96" CONTENT="i"/><SP WIDTH="25" VPOS="1471" HPOS="1134"/>
							<String ID="string_261" HPOS="1159" VPOS="1472" WIDTH="64" HEIGHT="29" WC="0.96" CONTENT="den"/><SP WIDTH="24" VPOS="1472" HPOS="1223"/>
							<String ID="string_262" HPOS="1247" VPOS="1471" WIDTH="81" HEIGHT="31" WC="0.96" CONTENT="mån"/><SP WIDTH="24" VPOS="1471" HPOS="1328"/>
							<String ID="string_263" HPOS="1352" VPOS="1473" WIDTH="40" HEIGHT="29" WC="0.96" CONTENT="de"/><SP WIDTH="24" VPOS="1473" HPOS="1392"/>
							<String ID="string_264" HPOS="1416" VPOS="1473" WIDTH="114" HEIGHT="30" WC="0.96" CONTENT="därtill"/><SP WIDTH="25" VPOS="1473" HPOS="1530"/>
							<String ID="string_265" HPOS="1555" VPOS="1475" WIDTH="63" HEIGHT="35" WC="0.96" CONTENT="äga"/><SP WIDTH="23" VPOS="1475" HPOS="1618"/>
							<String ID="string_266" HPOS="1641" VPOS="1474" WIDTH="149" HEIGHT="38" WC="0.96" CONTENT="tillgång,"/>
						</TextLine>
						<TextLine ID="line_26" HPOS="289" VPOS="1499" WIDTH="1501" HEIGHT="62">
							<String ID="string_267" HPOS="289" VPOS="1517" WIDTH="97" HEIGHT="32" WC="0.96" CONTENT="skola"/><SP WIDTH="25" VPOS="1517" HPOS="386"/>
							<String ID="string_268" HPOS="411" VPOS="1518" WIDTH="144" HEIGHT="36" WC="0.96" CONTENT="bidraga"/><SP WIDTH="25" VPOS="1518" HPOS="555"/>
							<String ID="string_269" HPOS="580" VPOS="1518" WIDTH="49" HEIGHT="32" WC="0.95" CONTENT="till"/><SP WIDTH="25" VPOS="1518" HPOS="629"/>
							<String ID="string_270" HPOS="654" VPOS="1519" WIDTH="171" HEIGHT="34" WC="0.96" CONTENT="täckande"/><SP WIDTH="23" VPOS="1519" HPOS="825"/>
							<String ID="string_271" HPOS="848" VPOS="1529" WIDTH="41" HEIGHT="22" WC="0.96" CONTENT="av"/><SP WIDTH="25" VPOS="1529" HPOS="889"/>
							<String ID="string_272" HPOS="914" VPOS="1520" WIDTH="233" HEIGHT="32" WC="0.96" CONTENT="kostnaderna"/><SP WIDTH="25" VPOS="1520" HPOS="1147"/>
							<String ID="string_273" HPOS="1172" VPOS="1522" WIDTH="56" HEIGHT="30" WC="0.83" CONTENT="för"/><SP WIDTH="25" VPOS="1522" HPOS="1228"/>
							<String ID="string_274" HPOS="1253" VPOS="1522" WIDTH="106" HEIGHT="31" WC="0.83" CONTENT="barns"/><SP WIDTH="25" VPOS="1522" HPOS="1359"/>
							<String ID="string_275" HPOS="1384" VPOS="1523" WIDTH="135" HEIGHT="30" WC="0.96" CONTENT="vistelse"/><SP WIDTH="25" VPOS="1523" HPOS="1519"/>
							<String ID="string_276" HPOS="1544" VPOS="1523" WIDTH="58" HEIGHT="31" WC="0.96" CONTENT="vid"/><SP WIDTH="24" VPOS="1523" HPOS="1602"/>
							<String ID="string_277" HPOS="1626" VPOS="1499" WIDTH="164" HEIGHT="62" WC="0.81" CONTENT="förskola,"/>
						</TextLine>
						<TextLine ID="line_27" HPOS="288" VPOS="1566" WIDTH="1502" HEIGHT="46">
							<String ID="string_278" HPOS="288" VPOS="1566" WIDTH="134" HEIGHT="32" WC="0.96" CONTENT="institut"/><SP WIDTH="21" VPOS="1566" HPOS="422"/>
							<String ID="string_279" HPOS="443" VPOS="1568" WIDTH="82" HEIGHT="30" WC="0.92" CONTENT="eller"/><SP WIDTH="23" VPOS="1568" HPOS="525"/>
							<String ID="string_280" HPOS="548" VPOS="1568" WIDTH="297" HEIGHT="32" WC="0.91" CONTENT="hantverksskola,"/><SP WIDTH="24" VPOS="1568" HPOS="845"/>
							<String ID="string_281" HPOS="869" VPOS="1570" WIDTH="243" HEIGHT="31" WC="0.95" CONTENT="Motsvarande"/><SP WIDTH="22" VPOS="1570" HPOS="1112"/>
							<String ID="string_282" HPOS="1134" VPOS="1571" WIDTH="239" HEIGHT="31" WC="0.96" CONTENT="bestämmelse"/><SP WIDTH="24" VPOS="1571" HPOS="1373"/>
							<String ID="string_283" HPOS="1397" VPOS="1573" WIDTH="63" HEIGHT="30" WC="0.96" CONTENT="har"/><SP WIDTH="24" VPOS="1573" HPOS="1460"/>
							<String ID="string_284" HPOS="1484" VPOS="1574" WIDTH="190" HEIGHT="31" WC="0.96" CONTENT="meddelats"/><SP WIDTH="22" VPOS="1574" HPOS="1674"/>
							<String ID="string_285" HPOS="1696" VPOS="1575" WIDTH="9" HEIGHT="30" WC="0.96" CONTENT="i"/><SP WIDTH="25" VPOS="1575" HPOS="1705"/>
							<String ID="string_286" HPOS="1730" VPOS="1576" WIDTH="18" HEIGHT="36" WC="0.93" CONTENT="8"/><SP WIDTH="24" VPOS="1576" HPOS="1748"/>
							<String ID="string_287" HPOS="1772" VPOS="1576" WIDTH="18" HEIGHT="28" WC="0.96" CONTENT="2"/>
						</TextLine>
						<TextLine ID="line_28" HPOS="290" VPOS="1617" WIDTH="623" HEIGHT="39">
							<String ID="string_288" HPOS="290" VPOS="1617" WIDTH="239" HEIGHT="32" WC="0.91" CONTENT="ovanberörda"/><SP WIDTH="16" VPOS="1617" HPOS="529"/>
							<String ID="string_289" HPOS="545" VPOS="1619" WIDTH="55" HEIGHT="36" WC="0.96" CONTENT="lag"/><SP WIDTH="15" VPOS="1619" HPOS="600"/>
							<String ID="string_290" HPOS="615" VPOS="1619" WIDTH="64" HEIGHT="31" WC="0.96" CONTENT="den"/><SP WIDTH="20" VPOS="1619" HPOS="679"/>
							<String ID="string_291" HPOS="699" VPOS="1620" WIDTH="16" HEIGHT="29" WC="0.92" CONTENT="7"/><SP WIDTH="20" VPOS="1620" HPOS="715"/>
							<String ID="string_292" HPOS="735" VPOS="1619" WIDTH="65" HEIGHT="37" WC="0.96" CONTENT="juli"/><SP WIDTH="21" VPOS="1619" HPOS="800"/>
							<String ID="string_293" HPOS="821" VPOS="1620" WIDTH="92" HEIGHT="31" WC="0.96" CONTENT="1921."/>
						</TextLine>
					</TextBlock>
				</ComposedBlock>
				<ComposedBlock ID="cblock_2" HPOS="286" VPOS="1700" WIDTH="1503" HEIGHT="440">
					<TextBlock ID="block_5" HPOS="286" VPOS="1700" WIDTH="1503" HEIGHT="351">
						<TextLine ID="line_29" HPOS="332" VPOS="1700" WIDTH="1456" HEIGHT="46">
							<String ID="string_294" HPOS="332" VPOS="1700" WIDTH="63" HEIGHT="33" WC="0.95" CONTENT="Det"/><SP WIDTH="25" VPOS="1700" HPOS="395"/>
							<String ID="string_295" HPOS="420" VPOS="1702" WIDTH="10" HEIGHT="31" WC="0.96" CONTENT="i"/><SP WIDTH="23" VPOS="1702" HPOS="430"/>
							<String ID="string_296" HPOS="453" VPOS="1702" WIDTH="259" HEIGHT="36" WC="0.96" CONTENT="propositionen"/><SP WIDTH="24" VPOS="1702" HPOS="712"/>
							<String ID="string_297" HPOS="736" VPOS="1702" WIDTH="195" HEIGHT="39" WC="0.95" CONTENT="framlagda"/><SP WIDTH="23" VPOS="1702" HPOS="931"/>
							<String ID="string_298" HPOS="954" VPOS="1704" WIDTH="163" HEIGHT="37" WC="0.96" CONTENT="förslaget"/><SP WIDTH="23" VPOS="1704" HPOS="1117"/>
							<String ID="string_299" HPOS="1140" VPOS="1705" WIDTH="154" HEIGHT="38" WC="0.96" CONTENT="innebär,"/><SP WIDTH="24" VPOS="1705" HPOS="1294"/>
							<String ID="string_300" HPOS="1318" VPOS="1706" WIDTH="71" HEIGHT="31" WC="0.96" CONTENT="dels"/><SP WIDTH="23" VPOS="1706" HPOS="1389"/>
							<String ID="string_301" HPOS="1412" VPOS="1709" WIDTH="50" HEIGHT="29" WC="0.93" CONTENT="att"/><SP WIDTH="22" VPOS="1709" HPOS="1462"/>
							<String ID="string_302" HPOS="1484" VPOS="1707" WIDTH="304" HEIGHT="39" WC="0.91" CONTENT="landstingsområ-"/>
						</TextLine>
						<TextLine ID="line_30" HPOS="286" VPOS="1752" WIDTH="1503" HEIGHT="42">
							<String ID="string_303" HPOS="286" VPOS="1752" WIDTH="106" HEIGHT="30" WC="0.92" CONTENT="denas"/><SP WIDTH="19" VPOS="1752" HPOS="392"/>
							<String ID="string_304" HPOS="411" VPOS="1753" WIDTH="65" HEIGHT="30" WC="0.96" CONTENT="och"/><SP WIDTH="21" VPOS="1753" HPOS="476"/>
							<String ID="string_305" HPOS="497" VPOS="1752" WIDTH="257" HEIGHT="33" WC="0.95" CONTENT="vederbörande"/><SP WIDTH="20" VPOS="1752" HPOS="754"/>
							<String ID="string_306" HPOS="774" VPOS="1755" WIDTH="130" HEIGHT="30" WC="0.96" CONTENT="städers"/><SP WIDTH="20" VPOS="1755" HPOS="904"/>
							<String ID="string_307" HPOS="924" VPOS="1754" WIDTH="196" HEIGHT="37" WC="0.96" CONTENT="skyldighet"/><SP WIDTH="18" VPOS="1754" HPOS="1120"/>
							<String ID="string_308" HPOS="1138" VPOS="1759" WIDTH="48" HEIGHT="27" WC="0.96" CONTENT="att"/><SP WIDTH="19" VPOS="1759" HPOS="1186"/>
							<String ID="string_309" HPOS="1205" VPOS="1757" WIDTH="137" HEIGHT="36" WC="0.96" CONTENT="erlägga"/><SP WIDTH="21" VPOS="1757" HPOS="1342"/>
							<String ID="string_310" HPOS="1363" VPOS="1758" WIDTH="146" HEIGHT="36" WC="0.96" CONTENT="avgifter"/><SP WIDTH="21" VPOS="1758" HPOS="1509"/>
							<String ID="string_311" HPOS="1530" VPOS="1759" WIDTH="54" HEIGHT="30" WC="0.96" CONTENT="för"/><SP WIDTH="20" VPOS="1759" HPOS="1584"/>
							<String ID="string_312" HPOS="1604" VPOS="1759" WIDTH="109" HEIGHT="31" WC="0.96" CONTENT="elever"/><SP WIDTH="20" VPOS="1759" HPOS="1713"/>
							<String ID="string_313" HPOS="1733" VPOS="1760" WIDTH="56" HEIGHT="31" WC="0.96" CONTENT="vid"/>
						</TextLine>
						<TextLine ID="line_31" HPOS="287" VPOS="1802" WIDTH="1501" HEIGHT="39">
							<String ID="string_314" HPOS="287" VPOS="1802" WIDTH="288" HEIGHT="32" WC="0.90" CONTENT="läroanstalterna"/><SP WIDTH="24" VPOS="1802" HPOS="575"/>
							<String ID="string_315" HPOS="599" VPOS="1803" WIDTH="55" HEIGHT="31" WC="0.96" CONTENT="för"/><SP WIDTH="19" VPOS="1803" HPOS="654"/>
							<String ID="string_316" HPOS="673" VPOS="1804" WIDTH="119" HEIGHT="31" WC="0.95" CONTENT="blinda"/><SP WIDTH="23" VPOS="1804" HPOS="792"/>
							<String ID="string_317" HPOS="815" VPOS="1806" WIDTH="64" HEIGHT="29" WC="0.96" CONTENT="och"/><SP WIDTH="25" VPOS="1806" HPOS="879"/>
							<String ID="string_318" HPOS="904" VPOS="1805" WIDTH="66" HEIGHT="30" WC="0.96" CONTENT="den"/><SP WIDTH="27" VPOS="1805" HPOS="970"/>
							<String ID="string_319" HPOS="997" VPOS="1814" WIDTH="90" HEIGHT="21" WC="0.92" CONTENT="ovan"/><SP WIDTH="27" VPOS="1814" HPOS="1087"/>
							<String ID="string_320" HPOS="1114" VPOS="1806" WIDTH="233" HEIGHT="32" WC="0.92" CONTENT="omförmälda"/><SP WIDTH="24" VPOS="1806" HPOS="1347"/>
							<String ID="string_321" HPOS="1371" VPOS="1806" WIDTH="258" HEIGHT="33" WC="0.92" CONTENT="vårdanstalten"/><SP WIDTH="25" VPOS="1806" HPOS="1629"/>
							<String ID="string_322" HPOS="1654" VPOS="1810" WIDTH="10" HEIGHT="31" WC="0.96" CONTENT="i"/><SP WIDTH="25" VPOS="1810" HPOS="1664"/>
							<String ID="string_323" HPOS="1689" VPOS="1809" WIDTH="99" HEIGHT="32" WC="0.96" CONTENT="Lund"/>
						</TextLine>
						<TextLine ID="line_32" HPOS="286" VPOS="1853" WIDTH="1501" HEIGHT="44">
							<String ID="string_324" HPOS="286" VPOS="1853" WIDTH="188" HEIGHT="37" WC="0.92" CONTENT="upphäves,"/><SP WIDTH="20" VPOS="1853" HPOS="474"/>
							<String ID="string_325" HPOS="494" VPOS="1853" WIDTH="73" HEIGHT="31" WC="0.96" CONTENT="dels"/><SP WIDTH="19" VPOS="1853" HPOS="567"/>
							<String ID="string_326" HPOS="586" VPOS="1854" WIDTH="65" HEIGHT="31" WC="0.96" CONTENT="ock"/><SP WIDTH="17" VPOS="1854" HPOS="651"/>
							<String ID="string_327" HPOS="668" VPOS="1856" WIDTH="50" HEIGHT="29" WC="0.96" CONTENT="att"/><SP WIDTH="20" VPOS="1856" HPOS="718"/>
							<String ID="string_328" HPOS="738" VPOS="1857" WIDTH="110" HEIGHT="28" WC="0.96" CONTENT="staten"/><SP WIDTH="21" VPOS="1857" HPOS="848"/>
							<String ID="string_329" HPOS="869" VPOS="1855" WIDTH="75" HEIGHT="31" WC="0.96" CONTENT="icke"/><SP WIDTH="20" VPOS="1855" HPOS="944"/>
							<String ID="string_330" HPOS="964" VPOS="1864" WIDTH="43" HEIGHT="21" WC="0.96" CONTENT="av"/><SP WIDTH="20" VPOS="1864" HPOS="1007"/>
							<String ID="string_331" HPOS="1027" VPOS="1855" WIDTH="172" HEIGHT="32" WC="0.96" CONTENT="föräldrar"/><SP WIDTH="17" VPOS="1855" HPOS="1199"/>
							<String ID="string_332" HPOS="1216" VPOS="1858" WIDTH="65" HEIGHT="29" WC="0.92" CONTENT="och"/><SP WIDTH="20" VPOS="1858" HPOS="1281"/>
							<String ID="string_333" HPOS="1301" VPOS="1856" WIDTH="172" HEIGHT="33" WC="0.91" CONTENT="målsmän"/><SP WIDTH="20" VPOS="1856" HPOS="1473"/>
							<String ID="string_334" HPOS="1493" VPOS="1859" WIDTH="163" HEIGHT="32" WC="0.93" CONTENT="utkräver"/><SP WIDTH="19" VPOS="1859" HPOS="1656"/>
							<String ID="string_335" HPOS="1675" VPOS="1860" WIDTH="112" HEIGHT="37" WC="0.96" CONTENT="någon"/>
						</TextLine>
						<TextLine ID="line_33" HPOS="286" VPOS="1904" WIDTH="1502" HEIGHT="41">
							<String ID="string_336" HPOS="286" VPOS="1904" WIDTH="108" HEIGHT="36" WC="0.96" CONTENT="avgift"/><SP WIDTH="21" VPOS="1904" HPOS="394"/>
							<String ID="string_337" HPOS="415" VPOS="1904" WIDTH="55" HEIGHT="31" WC="0.96" CONTENT="för"/><SP WIDTH="21" VPOS="1904" HPOS="470"/>
							<String ID="string_338" HPOS="491" VPOS="1904" WIDTH="154" HEIGHT="31" WC="0.96" CONTENT="nämnda"/><SP WIDTH="22" VPOS="1904" HPOS="645"/>
							<String ID="string_339" HPOS="667" VPOS="1905" WIDTH="119" HEIGHT="30" WC="0.94" CONTENT="elever."/><SP WIDTH="35" VPOS="1905" HPOS="786"/>
							<String ID="string_340" HPOS="821" VPOS="1904" WIDTH="115" HEIGHT="32" WC="0.96" CONTENT="Staten"/><SP WIDTH="25" VPOS="1904" HPOS="936"/>
							<String ID="string_341" HPOS="961" VPOS="1905" WIDTH="111" HEIGHT="31" WC="0.96" CONTENT="skulle"/><SP WIDTH="24" VPOS="1905" HPOS="1072"/>
							<String ID="string_342" HPOS="1096" VPOS="1906" WIDTH="98" HEIGHT="32" WC="0.96" CONTENT="alltså"/><SP WIDTH="22" VPOS="1906" HPOS="1194"/>
							<String ID="string_343" HPOS="1216" VPOS="1908" WIDTH="10" HEIGHT="30" WC="0.96" CONTENT="i"/><SP WIDTH="22" VPOS="1908" HPOS="1226"/>
							<String ID="string_344" HPOS="1248" VPOS="1907" WIDTH="265" HEIGHT="38" WC="0.96" CONTENT="fortsättningen"/><SP WIDTH="19" VPOS="1907" HPOS="1513"/>
							<String ID="string_345" HPOS="1532" VPOS="1909" WIDTH="70" HEIGHT="31" WC="0.96" CONTENT="helt"/><SP WIDTH="22" VPOS="1909" HPOS="1602"/>
							<String ID="string_346" HPOS="1624" VPOS="1910" WIDTH="84" HEIGHT="32" WC="0.96" CONTENT="bära"/><SP WIDTH="25" VPOS="1910" HPOS="1708"/>
							<String ID="string_347" HPOS="1733" VPOS="1911" WIDTH="55" HEIGHT="31" WC="0.96" CONTENT="det"/>
						</TextLine>
						<TextLine ID="line_34" HPOS="287" VPOS="1953" WIDTH="1500" HEIGHT="40">
							<String ID="string_348" HPOS="287" VPOS="1953" WIDTH="227" HEIGHT="33" WC="0.96" CONTENT="ekonomiska"/><SP WIDTH="30" VPOS="1953" HPOS="514"/>
							<String ID="string_349" HPOS="544" VPOS="1959" WIDTH="159" HEIGHT="27" WC="0.96" CONTENT="ansvaret"/><SP WIDTH="29" VPOS="1959" HPOS="703"/>
							<String ID="string_350" HPOS="732" VPOS="1955" WIDTH="56" HEIGHT="31" WC="0.93" CONTENT="för"/><SP WIDTH="27" VPOS="1955" HPOS="788"/>
							<String ID="string_351" HPOS="815" VPOS="1955" WIDTH="387" HEIGHT="38" WC="0.91" CONTENT="blindundervisningen"/><SP WIDTH="30" VPOS="1955" HPOS="1202"/>
							<String ID="string_352" HPOS="1232" VPOS="1959" WIDTH="65" HEIGHT="30" WC="0.96" CONTENT="och"/><SP WIDTH="32" VPOS="1959" HPOS="1297"/>
							<String ID="string_353" HPOS="1329" VPOS="1958" WIDTH="128" HEIGHT="32" WC="0.96" CONTENT="vården"/><SP WIDTH="32" VPOS="1958" HPOS="1457"/>
							<String ID="string_354" HPOS="1489" VPOS="1970" WIDTH="55" HEIGHT="32" WC="0.96" CONTENT="av"/><SP WIDTH="17" VPOS="1970" HPOS="1544"/>
							<String ID="string_355" HPOS="1561" VPOS="1960" WIDTH="119" HEIGHT="41" WC="0.95" CONTENT="blinda"/><SP WIDTH="28" VPOS="1960" HPOS="1680"/>
							<String ID="string_356" HPOS="1708" VPOS="1962" WIDTH="79" HEIGHT="30" WC="0.96" CONTENT="med"/>
						</TextLine>
						<TextLine ID="line_35" HPOS="287" VPOS="1999" WIDTH="1498" HEIGHT="52">
							<String ID="string_357" HPOS="287" VPOS="1999" WIDTH="226" HEIGHT="42" WC="0.95" CONTENT="komplicerat"/><SP WIDTH="21" VPOS="1999" HPOS="513"/>
							<String ID="string_358" HPOS="534" VPOS="2006" WIDTH="76" HEIGHT="35" WC="0.94" CONTENT="lyte."/><SP WIDTH="44" VPOS="2006" HPOS="610"/>
							<String ID="string_359" HPOS="654" VPOS="2005" WIDTH="13" HEIGHT="30" WC="0.94" CONTENT="I"/><SP WIDTH="19" VPOS="2005" HPOS="667"/>
							<String ID="string_360" HPOS="686" VPOS="2006" WIDTH="241" HEIGHT="30" WC="0.96" CONTENT="förstnämnda"/><SP WIDTH="20" VPOS="2006" HPOS="927"/>
							<String ID="string_361" HPOS="947" VPOS="2007" WIDTH="54" HEIGHT="29" WC="0.96" CONTENT="del"/><SP WIDTH="20" VPOS="2007" HPOS="1001"/>
							<String ID="string_362" HPOS="1021" VPOS="2008" WIDTH="152" HEIGHT="34" WC="0.96" CONTENT="grundar"/><SP WIDTH="19" VPOS="2008" HPOS="1173"/>
							<String ID="string_363" HPOS="1192" VPOS="2008" WIDTH="48" HEIGHT="36" WC="0.96" CONTENT="sig"/><SP WIDTH="21" VPOS="2008" HPOS="1240"/>
							<String ID="string_364" HPOS="1261" VPOS="1999" WIDTH="161" HEIGHT="52" WC="0.96" CONTENT="förslaget"/><SP WIDTH="21" VPOS="1999" HPOS="1422"/>
							<String ID="string_365" HPOS="1443" VPOS="2009" WIDTH="44" HEIGHT="37" WC="0.96" CONTENT="på"/><SP WIDTH="20" VPOS="2009" HPOS="1487"/>
							<String ID="string_366" HPOS="1507" VPOS="1998" WIDTH="42" HEIGHT="42" WC="0.95" CONTENT="én"/><SP WIDTH="20" VPOS="1998" HPOS="1549"/>
							<String ID="string_367" HPOS="1569" VPOS="2020" WIDTH="42" HEIGHT="21" WC="0.93" CONTENT="av"/><SP WIDTH="18" VPOS="2020" HPOS="1611"/>
							<String ID="string_368" HPOS="1629" VPOS="2010" WIDTH="156" HEIGHT="33" WC="0.90" CONTENT="kommu-"/>
						</TextLine>
					</TextBlock>
					<TextBlock ID="block_6" HPOS="286" VPOS="2054" WIDTH="1499" HEIGHT="86">
						<TextLine ID="line_36" HPOS="286" VPOS="2054" WIDTH="1499" HEIGHT="44">
							<String ID="string_369" HPOS="286" VPOS="2054" WIDTH="403" HEIGHT="37" WC="0.91" CONTENT="nalskatteberedningen"/><SP WIDTH="25" VPOS="2054" HPOS="689"/>
							<String ID="string_370" HPOS="714" VPOS="2056" WIDTH="65" HEIGHT="29" WC="0.96" CONTENT="den"/><SP WIDTH="30" VPOS="2056" HPOS="779"/>
							<String ID="string_371" HPOS="809" VPOS="2057" WIDTH="37" HEIGHT="28" WC="0.23" CONTENT="13"/><SP WIDTH="23" VPOS="2057" HPOS="846"/>
							<String ID="string_372" HPOS="869" VPOS="2057" WIDTH="182" HEIGHT="29" WC="0.96" CONTENT="december"/><SP WIDTH="27" VPOS="2057" HPOS="1051"/>
							<String ID="string_373" HPOS="1078" VPOS="2057" WIDTH="81" HEIGHT="30" WC="0.96" CONTENT="1936"/><SP WIDTH="24" VPOS="2057" HPOS="1159"/>
							<String ID="string_374" HPOS="1183" VPOS="2058" WIDTH="98" HEIGHT="36" WC="0.96" CONTENT="gjord"/><SP WIDTH="26" VPOS="2058" HPOS="1281"/>
							<String ID="string_375" HPOS="1307" VPOS="2059" WIDTH="255" HEIGHT="38" WC="0.96" CONTENT="framställning"/><SP WIDTH="27" VPOS="2059" HPOS="1562"/>
							<String ID="string_376" HPOS="1589" VPOS="2062" WIDTH="49" HEIGHT="29" WC="0.96" CONTENT="till"/><SP WIDTH="25" VPOS="2062" HPOS="1638"/>
							<String ID="string_377" HPOS="1663" VPOS="2062" WIDTH="122" HEIGHT="36" WC="0.96" CONTENT="Kungl."/>
						</TextLine>
						<TextLine ID="line_37" HPOS="286" VPOS="2104" WIDTH="110" HEIGHT="36">
							<String ID="string_378" HPOS="286" VPOS="2104" WIDTH="110" HEIGHT="36" WC="0.95" CONTENT="Maj:t."/>
						</TextLine>
					</TextBlock>
				</ComposedBlock>
				<ComposedBlock ID="cblock_3" HPOS="329" VPOS="2187" WIDTH="1454" HEIGHT="43">
					<TextBlock ID="block_7" HPOS="329" VPOS="2187" WIDTH="1454" HEIGHT="43">
						<TextLine ID="line_38" HPOS="329" VPOS="2187" WIDTH="1454" HEIGHT="43">
							<String ID="string_379" HPOS="329" VPOS="2187" WIDTH="263" HEIGHT="38" WC="0.92" CONTENT="Föredragande"/><SP WIDTH="21" VPOS="2187" HPOS="592"/>
							<String ID="string_380" HPOS="613" VPOS="2190" WIDTH="389" HEIGHT="39" WC="0.91" CONTENT="departementschefen,"/><SP WIDTH="22" VPOS="2190" HPOS="1002"/>
							<String ID="string_381" HPOS="1024" VPOS="2190" WIDTH="181" HEIGHT="33" WC="0.96" CONTENT="statsrådet"/><SP WIDTH="23" VPOS="2190" HPOS="1205"/>
							<String ID="string_382" HPOS="1228" VPOS="2192" WIDTH="167" HEIGHT="38" WC="0.96" CONTENT="Engberg,"/><SP WIDTH="24" VPOS="2192" HPOS="1395"/>
							<String ID="string_383" HPOS="1419" VPOS="2194" WIDTH="103" HEIGHT="31" WC="0.80" CONTENT="anför"/><SP WIDTH="19" VPOS="2194" HPOS="1522"/>
							<String ID="string_384" HPOS="1541" VPOS="2196" WIDTH="106" HEIGHT="31" WC="0.96" CONTENT="bland"/><SP WIDTH="19" VPOS="2196" HPOS="1647"/>
							<String ID="string_385" HPOS="1666" VPOS="2200" WIDTH="117" HEIGHT="28" WC="0.96" CONTENT="annat:"/>
						</TextLine>
					</TextBlock>
				</ComposedBlock>
				<ComposedBlock ID="cblock_4" HPOS="283" VPOS="2238" WIDTH="1504" HEIGHT="295">
					<TextBlock ID="block_8" HPOS="283" VPOS="2238" WIDTH="1504" HEIGHT="295">
						<TextLine ID="line_39" HPOS="328" VPOS="2238" WIDTH="1457" HEIGHT="53">
							<String ID="string_386" HPOS="328" VPOS="2238" WIDTH="64" HEIGHT="32" WC="0.96" CONTENT="Vid"/><SP WIDTH="20" VPOS="2238" HPOS="392"/>
							<String ID="string_387" HPOS="412" VPOS="2240" WIDTH="165" HEIGHT="30" WC="0.96" CONTENT="anmälan"/><SP WIDTH="20" VPOS="2240" HPOS="577"/>
							<String ID="string_388" HPOS="597" VPOS="2239" WIDTH="38" HEIGHT="32" WC="0.96" CONTENT="år"/><SP WIDTH="23" VPOS="2239" HPOS="635"/>
							<String ID="string_389" HPOS="658" VPOS="2240" WIDTH="79" HEIGHT="30" WC="0.96" CONTENT="1937"/><SP WIDTH="22" VPOS="2240" HPOS="737"/>
							<String ID="string_390" HPOS="759" VPOS="2250" WIDTH="42" HEIGHT="21" WC="0.96" CONTENT="av"/><SP WIDTH="20" VPOS="2250" HPOS="801"/>
							<String ID="string_391" HPOS="821" VPOS="2240" WIDTH="121" HEIGHT="37" WC="0.95" CONTENT="frågan"/><SP WIDTH="19" VPOS="2240" HPOS="942"/>
							<String ID="string_392" HPOS="961" VPOS="2252" WIDTH="57" HEIGHT="20" WC="0.96" CONTENT="om"/><SP WIDTH="24" VPOS="2252" HPOS="1018"/>
							<String ID="string_393" HPOS="1042" VPOS="2244" WIDTH="126" HEIGHT="29" WC="0.95" CONTENT="statens"/><SP WIDTH="22" VPOS="2244" HPOS="1168"/>
							<String ID="string_394" HPOS="1190" VPOS="2244" WIDTH="229" HEIGHT="47" WC="0.96" CONTENT="övertagande"/><SP WIDTH="20" VPOS="2244" HPOS="1419"/>
							<String ID="string_395" HPOS="1439" VPOS="2255" WIDTH="41" HEIGHT="20" WC="0.93" CONTENT="av"/><SP WIDTH="20" VPOS="2255" HPOS="1480"/>
							<String ID="string_396" HPOS="1500" VPOS="2246" WIDTH="285" HEIGHT="31" WC="0.92" CONTENT="dövstumunder-"/>
						</TextLine>
						<TextLine ID="line_40" HPOS="285" VPOS="2259" WIDTH="1500" HEIGHT="66">
							<String ID="string_397" HPOS="285" VPOS="2281" WIDTH="316" HEIGHT="37" WC="0.91" CONTENT="visningsväsendet"/><SP WIDTH="23" VPOS="2281" HPOS="601"/>
							<String ID="string_398" HPOS="624" VPOS="2259" WIDTH="270" HEIGHT="65" WC="0.96" CONTENT="(propositionen"/><SP WIDTH="21" VPOS="2259" HPOS="894"/>
							<String ID="string_399" HPOS="915" VPOS="2293" WIDTH="40" HEIGHT="21" WC="0.96" CONTENT="nr"/><SP WIDTH="26" VPOS="2293" HPOS="955"/>
							<String ID="string_400" HPOS="981" VPOS="2281" WIDTH="75" HEIGHT="39" WC="0.91" CONTENT="109)"/><SP WIDTH="25" VPOS="2281" HPOS="1056"/>
							<String ID="string_401" HPOS="1081" VPOS="2285" WIDTH="155" HEIGHT="31" WC="0.91" CONTENT="erinrade"/><SP WIDTH="21" VPOS="2285" HPOS="1236"/>
							<String ID="string_402" HPOS="1257" VPOS="2286" WIDTH="68" HEIGHT="37" WC="0.96" CONTENT="jag,"/><SP WIDTH="22" VPOS="2286" HPOS="1325"/>
							<String ID="string_403" HPOS="1347" VPOS="2290" WIDTH="48" HEIGHT="27" WC="0.96" CONTENT="att"/><SP WIDTH="21" VPOS="2290" HPOS="1395"/>
							<String ID="string_404" HPOS="1416" VPOS="2288" WIDTH="55" HEIGHT="29" WC="0.95" CONTENT="det"/><SP WIDTH="24" VPOS="2288" HPOS="1471"/>
							<String ID="string_405" HPOS="1495" VPOS="2288" WIDTH="144" HEIGHT="36" WC="0.93" CONTENT="tidigare"/><SP WIDTH="23" VPOS="2288" HPOS="1639"/>
							<String ID="string_406" HPOS="1662" VPOS="2289" WIDTH="123" HEIGHT="36" WC="0.92" CONTENT="ifråga-"/>
						</TextLine>
						<TextLine ID="line_41" HPOS="285" VPOS="2324" WIDTH="1499" HEIGHT="48">
							<String ID="string_407" HPOS="285" VPOS="2326" WIDTH="92" HEIGHT="32" WC="0.94" CONTENT="satts,"/><SP WIDTH="27" VPOS="2326" HPOS="377"/>
							<String ID="string_408" HPOS="404" VPOS="2326" WIDTH="48" HEIGHT="27" WC="0.96" CONTENT="att"/><SP WIDTH="26" VPOS="2326" HPOS="452"/>
							<String ID="string_409" HPOS="478" VPOS="2324" WIDTH="216" HEIGHT="48" WC="0.96" CONTENT="landstingen"/><SP WIDTH="28" VPOS="2324" HPOS="694"/>
							<String ID="string_410" HPOS="722" VPOS="2325" WIDTH="109" HEIGHT="30" WC="0.96" CONTENT="skulle"/><SP WIDTH="27" VPOS="2325" HPOS="831"/>
							<String ID="string_411" HPOS="858" VPOS="2325" WIDTH="86" HEIGHT="30" WC="0.96" CONTENT="efter"/><SP WIDTH="26" VPOS="2325" HPOS="944"/>
							<String ID="string_412" HPOS="970" VPOS="2329" WIDTH="129" HEIGHT="27" WC="0.96" CONTENT="statens"/><SP WIDTH="25" VPOS="2329" HPOS="1099"/>
							<String ID="string_413" HPOS="1124" VPOS="2327" WIDTH="230" HEIGHT="36" WC="0.96" CONTENT="övertagande"/><SP WIDTH="25" VPOS="2327" HPOS="1354"/>
							<String ID="string_414" HPOS="1379" VPOS="2339" WIDTH="41" HEIGHT="20" WC="0.93" CONTENT="av"/><SP WIDTH="26" VPOS="2339" HPOS="1420"/>
							<String ID="string_415" HPOS="1446" VPOS="2329" WIDTH="338" HEIGHT="32" WC="0.91" CONTENT="dövstumundervis-"/>
						</TextLine>
						<TextLine ID="line_42" HPOS="283" VPOS="2365" WIDTH="1502" HEIGHT="51">
							<String ID="string_416" HPOS="283" VPOS="2364" WIDTH="126" HEIGHT="37" WC="0.92" CONTENT="ningen"/><SP WIDTH="21" VPOS="2364" HPOS="409"/>
							<String ID="string_417" HPOS="430" VPOS="2365" WIDTH="102" HEIGHT="36" WC="0.91" CONTENT="gälda"/><SP WIDTH="23" VPOS="2365" HPOS="532"/>
							<String ID="string_418" HPOS="555" VPOS="2366" WIDTH="89" HEIGHT="31" WC="0.95" CONTENT="vissa"/><SP WIDTH="22" VPOS="2366" HPOS="644"/>
							<String ID="string_419" HPOS="666" VPOS="2367" WIDTH="146" HEIGHT="36" WC="0.96" CONTENT="avgifter"/><SP WIDTH="23" VPOS="2367" HPOS="812"/>
							<String ID="string_420" HPOS="835" VPOS="2368" WIDTH="54" HEIGHT="31" WC="0.96" CONTENT="för"/><SP WIDTH="23" VPOS="2368" HPOS="889"/>
							<String ID="string_421" HPOS="912" VPOS="2368" WIDTH="96" HEIGHT="48" WC="0.95" CONTENT="varje"/><SP WIDTH="25" VPOS="2368" HPOS="1008"/>
							<String ID="string_422" HPOS="1033" VPOS="2369" WIDTH="9" HEIGHT="30" WC="0.93" CONTENT="i"/><SP WIDTH="23" VPOS="2369" HPOS="1042"/>
							<String ID="string_423" HPOS="1065" VPOS="2368" WIDTH="165" HEIGHT="33" WC="0.90" CONTENT="dövskola"/><SP WIDTH="21" VPOS="2368" HPOS="1230"/>
							<String ID="string_424" HPOS="1251" VPOS="2370" WIDTH="199" HEIGHT="33" WC="0.92" CONTENT="undervisat"/><SP WIDTH="22" VPOS="2370" HPOS="1450"/>
							<String ID="string_425" HPOS="1472" VPOS="2373" WIDTH="97" HEIGHT="29" WC="0.93" CONTENT="barn."/><SP WIDTH="36" VPOS="2373" HPOS="1569"/>
							<String ID="string_426" HPOS="1605" VPOS="2372" WIDTH="180" HEIGHT="32" WC="0.90" CONTENT="Dövstum-"/>
						</TextLine>
						<TextLine ID="line_43" HPOS="283" VPOS="2407" WIDTH="1504" HEIGHT="38">
							<String ID="string_427" HPOS="283" VPOS="2407" WIDTH="428" HEIGHT="36" WC="0.91" CONTENT="undervisningsväsendet"/><SP WIDTH="27" VPOS="2407" HPOS="711"/>
							<String ID="string_428" HPOS="738" VPOS="2409" WIDTH="109" HEIGHT="30" WC="0.96" CONTENT="skulle"/><SP WIDTH="27" VPOS="2409" HPOS="847"/>
							<String ID="string_429" HPOS="874" VPOS="2408" WIDTH="98" HEIGHT="32" WC="0.96" CONTENT="alltså"/><SP WIDTH="28" VPOS="2408" HPOS="972"/>
							<String ID="string_430" HPOS="1000" VPOS="2410" WIDTH="9" HEIGHT="30" WC="0.92" CONTENT="i"/><SP WIDTH="28" VPOS="2410" HPOS="1009"/>
							<String ID="string_431" HPOS="1037" VPOS="2409" WIDTH="226" HEIGHT="33" WC="0.91" CONTENT="förevårande"/><SP WIDTH="28" VPOS="2409" HPOS="1263"/>
							<String ID="string_432" HPOS="1291" VPOS="2412" WIDTH="195" HEIGHT="31" WC="0.96" CONTENT="hänseende"/><SP WIDTH="27" VPOS="2412" HPOS="1486"/>
							<String ID="string_433" HPOS="1513" VPOS="2409" WIDTH="169" HEIGHT="36" WC="0.94" CONTENT="likställas"/><SP WIDTH="27" VPOS="2409" HPOS="1682"/>
							<String ID="string_434" HPOS="1709" VPOS="2415" WIDTH="78" HEIGHT="30" WC="0.96" CONTENT="med"/>
						</TextLine>
						<TextLine ID="line_44" HPOS="283" VPOS="2448" WIDTH="1503" HEIGHT="43">
							<String ID="string_435" HPOS="283" VPOS="2448" WIDTH="537" HEIGHT="38" WC="0.91" CONTENT="blindundervisningsväsendet."/><SP WIDTH="37" VPOS="2448" HPOS="820"/>
							<String ID="string_436" HPOS="857" VPOS="2452" WIDTH="264" HEIGHT="33" WC="0.92" CONTENT="Vederbörande"/><SP WIDTH="23" VPOS="2452" HPOS="1121"/>
							<String ID="string_437" HPOS="1144" VPOS="2454" WIDTH="285" HEIGHT="37" WC="0.91" CONTENT="utredningsman"/><SP WIDTH="25" VPOS="2454" HPOS="1429"/>
							<String ID="string_438" HPOS="1454" VPOS="2458" WIDTH="65" HEIGHT="29" WC="0.96" CONTENT="och"/><SP WIDTH="28" VPOS="2458" HPOS="1519"/>
							<String ID="string_439" HPOS="1547" VPOS="2459" WIDTH="41" HEIGHT="29" WC="0.95" CONTENT="de"/><SP WIDTH="24" VPOS="2459" HPOS="1588"/>
							<String ID="string_440" HPOS="1612" VPOS="2457" WIDTH="9" HEIGHT="30" WC="0.96" CONTENT="i"/><SP WIDTH="25" VPOS="2457" HPOS="1621"/>
							<String ID="string_441" HPOS="1646" VPOS="2459" WIDTH="140" HEIGHT="29" WC="0.96" CONTENT="ärendet"/>
						</TextLine>
						<TextLine ID="line_45" HPOS="284" VPOS="2491" WIDTH="1501" HEIGHT="42">
							<String ID="string_442" HPOS="284" VPOS="2491" WIDTH="109" HEIGHT="31" WC="0.96" CONTENT="hörda"/><SP WIDTH="15" VPOS="2491" HPOS="393"/>
							<String ID="string_443" HPOS="408" VPOS="2493" WIDTH="285" HEIGHT="35" WC="0.96" CONTENT="myndigheterna"/><SP WIDTH="17" VPOS="2493" HPOS="693"/>
							<String ID="string_444" HPOS="710" VPOS="2504" WIDTH="79" HEIGHT="20" WC="0.96" CONTENT="vore"/><SP WIDTH="19" VPOS="2504" HPOS="789"/>
							<String ID="string_445" HPOS="808" VPOS="2495" WIDTH="196" HEIGHT="36" WC="0.96" CONTENT="emellertid,"/><SP WIDTH="20" VPOS="2495" HPOS="1004"/>
							<String ID="string_446" HPOS="1024" VPOS="2496" WIDTH="134" HEIGHT="36" WC="0.96" CONTENT="yttrade"/><SP WIDTH="16" VPOS="2496" HPOS="1158"/>
							<String ID="string_447" HPOS="1174" VPOS="2497" WIDTH="66" HEIGHT="36" WC="0.96" CONTENT="jag,"/><SP WIDTH="19" VPOS="2497" HPOS="1240"/>
							<String ID="string_448" HPOS="1259" VPOS="2507" WIDTH="144" HEIGHT="22" WC="0.96" CONTENT="numera"/><SP WIDTH="16" VPOS="2507" HPOS="1403"/>
							<String ID="string_449" HPOS="1419" VPOS="2507" WIDTH="79" HEIGHT="22" WC="0.96" CONTENT="ense"/><SP WIDTH="16" VPOS="2507" HPOS="1498"/>
							<String ID="string_450" HPOS="1514" VPOS="2509" WIDTH="56" HEIGHT="20" WC="0.96" CONTENT="om"/><SP WIDTH="19" VPOS="2509" HPOS="1570"/>
							<String ID="string_451" HPOS="1589" VPOS="2502" WIDTH="49" HEIGHT="28" WC="0.96" CONTENT="att"/><SP WIDTH="19" VPOS="2502" HPOS="1638"/>
							<String ID="string_452" HPOS="1657" VPOS="2499" WIDTH="128" HEIGHT="31" WC="0.96" CONTENT="sådana"/>
						</TextLine>
					</TextBlock>
				</ComposedBlock>
			</PrintSpace>
		</Page>
	</Layout>
</alto>
