1884 2788
537 181 125 30 Första
689 180 248 40 lagutskottets
965 181 181 31 utlåtande
1173 192 43 19 nr
1233 181 51 32 10.
1627 183 24 30 5

125 263 178 31 Utskottet
323 263 131 30 tillåter
474 263 52 40 sig
545 263 123 31 därför
688 266 52 28 att
760 264 149 31 hänvisa
929 265 55 30 till
1003 265 158 30 nämnda
1181 266 173 39 yttrande,
1374 266 107 31 vilket
1504 266 141 37 intagits

125 313 64 30 här
208 322 101 22 ovan.
327 312 128 31 Härtill
473 314 141 30 komma
633 314 42 31 de
694 324 43 21 av
757 314 401 31 straffrättskommittén
1177 316 11 29 i
1208 316 79 30 dess
1309 325 91 21 ovan
1418 316 142 38 intagna
1580 318 71 35 ytt-

125 364 107 30 rande
250 363 149 31 anförda
418 364 130 35 skälen,
566 365 54 29 till
641 365 97 30 vilka
756 365 167 30 utskottet
941 366 159 31 ansluter
1120 366 62 40 sig.

170 414 230 30 Beträffande
421 415 67 30 den
508 415 112 30 andra
642 425 43 21 av
704 416 263 30 motionärerna
986 417 127 30 väckta
1134 417 126 39 frågan
1280 417 208 31 förutsätter
1510 418 136 30 utskot-

123 465 48 29 tet
189 466 49 28 att
255 464 42 31 de
316 464 119 31 vidare
454 464 159 39 åtgärder
631 465 53 31 till
706 466 96 30 vilka
821 466 150 31 Förenta
989 466 232 31 Nationernas
1240 468 194 30 resolution
1451 468 58 30 må
1528 468 117 30 föran-

126 515 78 30 leda
222 515 161 40 vidtagas
404 517 86 29 utan
510 517 116 39 någon
648 517 265 40 framställning
933 517 82 31 från
1035 518 210 39 riksdagens
1270 518 87 32 sida.
1379 518 41 40 Ej
1443 518 110 32 heller
1573 528 78 21 mo-

124 565 222 31 tionärernas
370 566 133 40 förslag
524 567 11 29 i
558 567 116 31 denna
697 567 100 40 fråga
819 568 118 30 finner
961 568 174 31 utskottet
1158 569 77 30 skäl
1258 569 189 40 tillstyrka.

169 616 118 30 Under
308 616 222 40 åberopande
552 626 43 22 av
616 618 68 30 vad
706 618 150 30 sålunda
877 618 138 31 anförts
1038 619 57 30 får
1117 620 173 29 utskottet
1311 620 198 35 hemställa,

483 669 51 28 att
557 668 233 30 förevarande
812 668 184 35 motioner,
1020 670 29 29 I:
1066 669 19 29 9
1109 669 67 30 och
1202 670 46 30 II:
1267 670 50 34 12,
1341 670 77 30 icke
1442 670 108 43 måtte
1576 671 74 29 för-

440 718 124 30 anleda
591 718 116 39 någon
733 718 208 40 riksdagens
967 719 134 39 åtgärd.

170 817 205 31 Stockholm
399 817 67 31 den
487 818 41 32 20
550 828 96 21 mars
671 819 95 30 1952.

566 919 48 30 På
638 919 114 31 första
774 920 248 39 lagutskottets
1050 922 148 38 vägnar:

687 986 121 30 OLOV
831 986 250 31 RYLANDER.

470 1277 64 31 Vid
553 1279 96 30 detta
668 1280 149 30 ärendes
840 1280 214 40 behandling
1071 1281 47 29 ha
1138 1281 158 31 närvarit

168 1336 82 31 från
276 1336 165 30 första
467 1337 219 30 kammaren:
705 1337 121 31 herrar
841 1338 173 35 Ahlkvist,
1029 1339 187 35 Lodenius,
1232 1339 147 31 Herbert
1396 1340 249 34 Hermansson,

123 1378 202 31 Göransson
348 1379 66 30 och
435 1379 58 30 fru
514 1379 292 37 Wallentheim";
830 1383 92 28 samt

168 1438 81 30 från
283 1438 157 30 andra
477 1438 225 31 kammaren:
727 1439 123 30 herrar
873 1440 186 38 Rylander,
1084 1440 165 30 Hedlund
1274 1441 11 28 i
1308 1439 206 36 Östersund,
1538 1442 110 29 Lind-

122 1480 116 39 berg",
260 1480 181 30 Johnsson
462 1480 11 29 i
498 1480 214 35 Stockholm,
735 1481 196 39 Landgren,
954 1481 146 35 Håstad,
1125 1482 175 30 Svensson
1321 1483 11 29 i
1356 1483 198 39 Stenkyrka
1578 1484 65 29 och

123 1523 59 29 fru
202 1522 202 31 Johansson
424 1522 12 30 i
457 1522 146 31 Skövde.

169 1607 10 10 "
201 1606 35 31 Ej
259 1607 185 26 närvarande
463 1606 49 26 vid
531 1607 185 25 utlåtandets
735 1607 156 32 justering.

151 2532 17 25 2
210 2531 112 31 Bihang
335 2532 46 23 till
393 2532 169 31 riksdagens
574 2533 150 31 protokoll
737 2533 75 25 1952.
829 2535 15 24 9
857 2536 75 23 saml.
946 2536 14 23 1
974 2537 56 22 avd.
1046 2537 40 23 Nr
1097 2536 40 24 10.
