2229 2611
459 193 37 31 16
908 188 253 33 Statsutskottets
1182 186 166 33 utlåtande
1370 186 52 31 Nr
1444 187 73 30 108.

418 278 156 36 allmänt
615 275 128 46 kändt,
785 275 90 36 flere
917 274 117 36 andra
1075 272 203 37 samhällen
1320 271 11 36 i
1374 270 206 47 anledning
1620 269 41 36 af
1697 268 121 36 Eders
1860 268 143 48 Kungl.

418 329 126 49 Maj:ts
571 327 234 50 proposition
834 325 164 49 erbjudit
1027 325 47 36 fri
1102 324 193 49 tomtplats
1322 323 102 35 inom
1452 321 108 37 deras
1589 320 176 36 områden
1793 320 58 36 för
1869 319 139 48 ifråga-

420 380 162 37 varande
610 377 445 48 verkstadsanläggning,
1084 376 96 36 blott
1207 373 224 38 verkstaden
1459 373 55 36 dit
1542 371 244 49 förflyttades.

523 431 86 36 Med
636 430 205 47 anledning
870 428 110 36 däraf
1003 428 71 36 och
1102 432 53 31 ett
1183 427 39 36 af
1240 426 180 36 nämdens
1440 425 82 35 vice
1542 422 223 38 ordförande
1784 443 50 5 —
1854 421 154 36 hvilken

421 483 118 36 tillika
567 487 41 32 är
636 481 222 37 ordförande
886 481 12 35 i
926 479 213 49 köpingens
1167 477 347 37 arbetarekommun
1544 479 96 33 samt
1667 474 82 37 vice
1785 473 225 37 ordförande

421 536 11 35 i
460 532 454 48 kommunalfullmäktige
942 531 69 37 och
1039 530 402 37 kommunalstämman
1469 549 49 4 —
1547 527 111 36 väckt
1677 526 153 48 förslag,
1850 530 54 31 att
1923 538 87 22 man

420 587 122 36 skulle
584 585 90 37 söka
714 584 136 37 bereda
890 582 226 37 verkstaden
1156 582 46 36 fri
1243 586 95 31 tomt
1375 579 207 46 därstädes,
1610 578 151 43 beslöts,
1790 583 66 41 att,
1886 577 125 35 därest

422 639 155 47 bolaget
604 637 85 35 ville
718 636 150 48 deltaga
895 635 12 36 i
933 634 145 37 hälften
1107 633 40 37 af
1170 632 252 37 kostnaderna
1450 631 59 36 för
1531 630 116 49 inköp
1668 629 39 36 af
1723 628 289 49 ifrågavarande

424 694 107 42 tomt,
572 689 193 48 köpingen
808 687 119 36 skulle
967 685 177 37 förbinda
1184 685 61 48 sig
1285 689 54 31 att
1380 683 125 37 ikläda
1546 682 61 49 sig
1643 680 204 50 gäldandet
1876 679 40 36 af
1941 679 72 36 den

422 741 238 36 återstående
688 739 127 36 halfva
841 738 315 49 köpeskillingen.

527 792 74 35 Vid
630 790 290 37 sammanträdet
948 789 71 37 den
1049 791 20 34 9
1099 787 251 37 innevarande
1377 786 136 36 månad
1542 785 94 36 hade
1663 784 152 48 bolaget
1835 782 179 37 förklarat

427 844 61 48 sig
515 843 124 48 villigt
667 847 53 31 att
749 842 58 36 för
835 842 58 36 sin
921 841 59 36 del
1008 839 123 37 ikläda
1159 840 60 47 sig
1246 838 144 37 hälften
1419 838 41 35 af
1484 836 162 37 nämnda
1673 835 172 37 kostnad.
1884 833 131 38 Under

427 894 345 49 öfverläggningen
813 893 163 36 därefter
1016 892 196 48 upplystes
1254 890 40 36 af
1319 890 46 36 de
1400 887 235 38 närvarande
1661 892 352 43 representanterna

430 948 57 35 för
514 947 199 35 arbetarna
740 945 10 35 i
779 944 208 47 samhället,
1017 949 55 30 att
1091 942 118 48 dessa,
1224 945 48 46 på
1292 942 50 35 tal
1362 954 59 23 om
1441 940 62 36 det
1521 938 285 49 ifrågavarande
1821 937 194 48 förslaget,

429 998 169 48 uttryckt
639 998 64 35 sitt
743 996 117 48 lifliga
897 994 165 49 gillande
1091 994 40 36 af
1156 994 206 36 detsamma
1391 992 69 36 och
1489 996 54 31 att
1571 990 141 36 således
1740 989 186 48 förslaget
1953 987 63 37 vid

430 1063 46 23 en
503 1049 192 36 blifvande
736 1047 376 36 kommunalstämma
1152 1045 84 36 med
1277 1044 193 48 köpingen
1508 1042 84 36 med
1622 1042 47 35 all
1697 1040 174 37 säkerhet
1899 1039 119 36 skulle

431 1102 113 35 vinna
573 1101 233 35 densammas
835 1097 289 49 godkännande.
1179 1095 73 36 Vid
1281 1095 62 36 det
1371 1094 157 36 sålunda
1556 1094 176 48 upplysta
1768 1090 251 38 förhållandet

430 1152 71 36 och
529 1152 48 36 då
616 1150 264 49 Nynäshamns
921 1149 146 48 köping
1106 1147 127 47 borde,
1262 1147 12 35 i
1302 1146 117 36 likhet
1446 1145 85 36 med
1561 1145 45 35 de
1634 1144 122 48 öfriga
1784 1144 234 44 kommuner,

432 1216 80 24 som
554 1203 217 36 intresserat
812 1201 61 49 sig
913 1202 59 35 för
1013 1205 55 30 att
1108 1201 37 34 åt
1173 1199 60 48 sig
1260 1198 114 35 vinna
1401 1196 311 48 telegrafverkets
1740 1194 182 37 verkstad
1950 1193 70 36 och

431 1255 128 36 därför
587 1253 162 49 erbjudit
776 1252 227 37 verkstaden
1032 1251 46 36 fri
1106 1256 104 41 tomt,
1239 1249 91 36 söka
1349 1249 12 35 i
1380 1249 57 35 sin
1455 1250 88 34 mån
1566 1247 114 36 verka
1699 1247 57 35 för
1774 1245 246 37 verkstadens

433 1306 243 48 förflyttning
703 1305 56 35 till
788 1304 204 48 köpingen,
1022 1303 96 36 hade
1146 1299 407 39 kommunalnämnden
1582 1298 182 48 enhälligt
1782 1297 154 37 beslutit
1949 1297 71 35 hos

432 1358 403 36 kommunalstämman
875 1355 207 45 hemställa,
1125 1359 52 31 att
1216 1353 203 48 köpingen,
1461 1350 118 37 under
1619 1349 146 45 villkor,
1809 1354 53 31 att
1902 1348 119 36 Eders

435 1410 139 48 Kungl.
603 1408 126 48 Maj:ts
770 1406 288 49 ifrågavarande
1093 1405 233 49 proposition
1354 1403 124 37 blefve
1506 1403 43 35 af
1571 1400 253 37 innevarande
1853 1403 60 33 års
1940 1400 81 47 lag-

435 1462 90 35 tima
552 1459 169 48 Riksdag
749 1459 164 46 bifallen,
943 1458 119 35 skulle
1090 1456 83 36 med
1202 1456 113 48 högst
1343 1455 143 36 hälften
1516 1454 41 35 af
1582 1453 71 36 den
1673 1453 57 35 för
1750 1450 273 38 ofvanberörda

436 1518 95 30 tomt
559 1511 175 36 fordrade
762 1510 302 49 köpeskillingen
1092 1508 88 36 eller
1208 1507 143 36 således
1380 1506 115 48 högst
1525 1505 137 47 22,500
1690 1505 141 35 kronor
1867 1502 157 48 bidraga

436 1564 56 36 till
520 1563 115 49 inköp
665 1563 39 35 af
728 1575 143 23 samma
897 1566 107 41 tomt,
1034 1573 80 23 som
1143 1559 142 36 således
1313 1564 90 30 utan
1431 1560 128 45 någon
1589 1569 80 23 som
1695 1555 100 36 hälst
1814 1554 211 47 ersättning

437 1615 163 36 därefter
629 1614 118 36 skulle
776 1613 58 36 för
862 1610 288 50 ifrågavarande
1178 1610 172 36 ändamål
1377 1609 56 35 till
1461 1607 226 37 statsverket
1716 1607 265 36 öfverlämnas.

539 1666 18 35 I
585 1666 57 35 sin
671 1664 216 37 förberörda
916 1663 195 36 skrifvelse
1138 1662 67 35 har
1232 1662 153 47 bolaget
1413 1659 215 37 omförmält
1661 1658 101 36 detta
1792 1656 235 37 kommunal-

439 1717 207 36 nämndens
686 1717 123 35 beslut
850 1721 97 30 samt
988 1714 179 36 förklarat
1195 1713 61 49 sig
1283 1713 59 35 för
1370 1725 97 35 egen
1496 1711 59 36 del
1583 1713 111 45 åtaga
1722 1709 61 48 sig
1811 1709 73 35 den
1913 1707 115 35 andra

437 1770 145 35 hälften
625 1769 40 35 af
701 1767 313 48 köpeskillingen.
1069 1766 157 46 Bolaget
1263 1764 67 36 har
1357 1763 128 36 vidare
1515 1762 135 46 anfört,
1680 1766 53 30 att
1760 1760 183 47 förslaget
1970 1763 57 30 ut-

438 1825 82 44 gått
562 1821 82 35 från
685 1824 195 44 spetsarna
921 1818 40 35 af
998 1816 372 47 arbetareledningen
1410 1818 46 45 på
1494 1814 147 49 platsen
1674 1812 70 36 och
1772 1811 134 35 vunnit
1934 1810 95 48 liflig

440 1872 220 47 anslutning
700 1872 82 35 från
826 1869 246 37 arbetarehåll
1101 1867 205 36 därstädes.
1362 1866 61 36 All
1452 1865 206 47 anledning
1684 1875 91 23 vore
1803 1861 143 36 således
1975 1866 54 31 att

441 1924 210 44 förutsätta,
702 1927 55 31 att
798 1921 404 37 kommunalstämman
1247 1919 149 35 komme
1438 1922 54 31 att
1520 1916 128 36 bifalla
1688 1912 340 49 framställningen.

441 1974 389 36 Kommunalstämma
870 1972 126 36 kunde
1025 1970 215 46 emellertid,
1269 1972 49 47 på
1346 1968 125 48 grund
1501 1968 39 36 af
1565 1965 175 50 gällande
1768 1964 261 37 bestämmelse

441 2039 60 23 om
530 2026 85 36 dess
656 2024 258 48 kungörande,
956 2023 83 36 icke
1079 2023 117 36 hållas
1239 2022 76 35 förr
1343 2027 46 29 än
1418 2020 157 47 tidigast
1603 2018 70 35 den
1703 2018 43 34 21
1777 2016 254 37 innevarande

442 2078 86 47 maj,
572 2077 67 36 och
677 2077 190 35 dessutom
896 2075 119 36 skulle
1044 2080 204 30 stämmans
1276 2073 123 36 beslut
1427 2072 209 36 sedermera
1663 2068 113 36 vinna
1804 2069 87 47 laga
1919 2068 111 47 kraft,

442 2130 116 35 innan
587 2129 205 35 detsamma
821 2128 102 47 finge
949 2126 234 36 verkställas.

547 2179 56 36 Då
645 2180 236 48 Riksdagens
922 2178 123 36 beslut
1082 2177 12 35 i
1131 2176 153 36 ärendet
1320 2175 126 36 kunde
1474 2178 134 30 väntas
1635 2172 101 35 inom
1765 2176 186 31 närmaste
1979 2170 54 36 tid

441 2232 72 36 och
555 2231 244 48 erbjudandet
841 2243 60 23 om
943 2230 47 35 fri
1028 2234 94 31 tomt
1159 2228 57 36 för
1243 2226 157 38 berörda
1430 2224 173 38 ändamål
1632 2224 142 36 således
1803 2221 230 38 omedelbart
