2200 2624
427 215 115 30 Andra
567 214 204 31 kammarens
796 215 133 37 tredje
955 215 170 40 tillfälliga
1148 216 135 30 utskotts
1307 216 168 31 utlåtande
1500 217 52 30 Nr
1581 218 46 29 12.
1787 219 38 29 15

221 294 104 30 lunda
353 294 101 39 ingen
480 296 198 38 ersättning.
729 295 166 30 Stundom
921 296 106 29 måste
1052 296 185 30 emellertid
1262 296 52 30 till
1340 307 40 20 en
1406 296 92 41 dylik
1523 298 126 29 station
1686 298 137 39 intagas

222 349 39 19 en
288 338 80 30 eller
393 339 80 30 flera
496 321 178 57 ledningar
698 340 76 29 från
800 340 106 30 andra
931 341 221 39 närliggande
1178 341 271 37 växelstationer,
1476 342 62 30 och
1565 342 65 30 kan
1656 342 42 30 då
1721 343 102 37 givet-

224 383 49 29 vis
309 383 73 30 icke
418 366 228 56 ifrågasättas,
685 386 51 28 att
760 384 256 31 abonnenterna
1040 385 95 30 skola
1162 387 128 29 ersätta
1319 367 500 50 växelstationsföreståndaren

223 428 53 29 för
311 427 57 51 det
403 409 127 80 besvär,
558 410 191 81 växlingen
785 439 41 41 av
851 429 98 62 SeNA
974 431 103 59 SRA,
1081 429 195 64 Jedningår
1282 430 214 62 Förersalkar:
1545 430 278 69 Telegrafverket

222 509 86 36 sälta
318 483 106 72 ingen
444 485 117 61 härför
584 493 88 53 ed.
684 517 130 39 belopp,
841 484 197 63 Takärknde
1062 485 122 62 män
1210 485 42 63 20
1270 485 68 63 och
1363 485 49 74 40
1433 499 124 50 kronor
1581 529 59 29 per
1664 501 48 54 år,
1733 519 89 30 bero-

221 559 84 30 ende
339 542 42 57 på
410 559 303 40 växlingsarbetets
739 563 105 27 större
858 561 80 29 eller
951 561 129 29 mindre
1094 562 217 38 omfattning.
1339 561 141 40 Åligger
1493 563 56 29 det
1563 544 257 49 växelstations-

222 603 256 30 föreståndaren
513 606 51 28 att
594 604 205 30 kontrollera
823 604 63 31 och
910 605 212 39 journalföra
1146 605 79 30 eller
1249 606 53 29 till
1326 606 300 30 centralstationen
1652 607 168 40 inrappor-

222 649 72 28 tera
318 648 130 37 samtal,
475 658 70 20 som
571 648 153 31 utväxlas
750 649 19 29 å
793 648 40 31 de
858 649 259 39 ifrågavarande
1143 649 429 41 mellanortsledningarna,
1590 652 101 38 utgår
1707 651 116 31 härför

223 692 140 30 särskild
390 693 199 39 ersättning.
629 693 53 30 Då
699 676 288 48 viäxelstationens
1004 694 114 31 arbete
1136 694 75 30 med
1228 694 206 40 betjänande
1451 705 41 20 av
1509 705 87 30 egna
1613 678 210 48 abonnenter

221 737 9 29 i
256 737 68 40 hög
348 737 84 40 grad
456 715 211 67 underlättas
692 748 121 30 genom
839 738 256 40 befintligheten
1120 749 40 20 av
1185 739 132 31 direkta
1341 721 225 49 förbindelser
1590 740 35 30 åt
1641 740 81 31 flera
1738 741 80 37 håll,

222 781 88 31 vilka
347 782 143 40 givetvis
526 782 65 31 öka
626 764 187 49 stationens
849 783 420 41 framkomstmöjligheter
1299 784 63 31 och
1387 784 155 31 förenkla
1566 763 252 67 expeditionen,

221 825 95 31 torde
352 826 65 30 den
453 837 45 20 nu
534 827 169 39 utgående
739 828 244 39 ersättningen,
1014 838 71 20 som
1109 830 150 29 närmast
1284 831 37 27 är
1345 831 52 28 att
1421 839 80 20 anse
1527 830 109 29 såsom
1662 829 158 41 vederlag

221 870 53 31 för
299 870 180 40 växlingen
503 881 40 20 av
568 871 107 30 andra
699 872 181 30 stationers
903 873 231 38 genomgående
1157 873 131 35 samtal,
1314 873 73 30 icke
1412 873 36 30 få
1472 884 97 20 anses
1594 874 141 40 oskälig.

328 915 50 31 3...
410 927 12 14 »
437 914 62 31 Vid
523 915 230 40 abonnemang,
779 916 62 30 där
866 916 141 31 särskild
1031 916 129 40 ledning
1184 918 99 29 måste
1300 918 127 39 byggas,
1445 918 65 37 får
1526 918 61 30 den
1595 918 111 38 första
1724 918 93 30 abon-

222 961 112 28 nenten
370 969 108 20 ensam
514 959 122 31 bekosta
672 962 77 28 även
784 962 121 36 stolpar
938 959 49 31 till
1011 960 176 40 ledningen.
1235 960 134 36 Efteråt
1393 961 165 31 tillkomna
1582 962 192 31 abonnenter
1797 964 20 29 å

220 1013 125 21 samma
380 1003 131 40 ledning
545 1003 115 32 behöva
684 1003 30 40 ej
737 1004 130 40 erlägga
891 1004 94 31 andel
1009 1004 12 31 i
1044 1005 269 39 stolpkostnaden,
1339 1005 98 32 vilket
1460 1006 98 31 måste
1581 1016 81 21 vara
1687 1006 133 40 oriktigt

221 1048 55 30 och
301 1050 88 28 orätt
410 1050 155 37 gentemot
588 1049 60 30 den
666 1049 111 39 första
801 1049 226 31 abonnenten.»

326 1092 76 33 Vad
426 1093 212 31 motionären
664 1093 137 31 härmed
827 1103 97 21 avser
947 1096 38 28 är
1008 1094 73 31 icke
1105 1094 81 31 fullt
1209 1094 99 38 klart,
1334 1104 78 21 men
1436 1095 96 31 torde
1550 1095 270 42 anmärkningen

220 1139 152 29 närmast
396 1137 89 31 rikta
509 1138 52 41 sig
584 1140 72 29 mot
680 1138 232 41 beräkningen
937 1149 40 20 av
1002 1120 346 60 inträdesavgifterna
1371 1140 54 30 för
1449 1140 141 41 förhyrd
1614 1140 147 41 ledning.

327 1176 135 37 Önskar
485 1164 171 70 nämligen
681 1183 173 31 abonnent
878 1183 140 41 förhyra
1041 1183 139 42 ledning
1204 1194 41 21 av
1268 1184 273 41 telegrafverket,
1564 1185 64 30 och
1645 1185 174 41 stolplinje

220 1226 73 30 icke
317 1228 108 29 finnes
450 1227 19 30 å
493 1227 65 31 den
583 1229 73 38 väg,
683 1227 60 31 där
766 1227 184 41 ledningen
975 1228 85 31 skall
1083 1228 221 41 framdragas,
1330 1209 84 50 utan
1439 1239 44 31 ny
1508 1211 105 49 sådan
1637 1230 107 30 måste
1765 1240 56 21 an-

221 1271 134 37 ordnas,
383 1271 54 31 får
460 1253 216 49 abonnenten
702 1272 108 41 enligt
834 1272 158 41 gällande
1017 1275 81 28 taxa
1122 1256 138 58 erlägga
1283 1283 42 21 en
1339 1273 263 41 inträdesavgift
1615 1284 41 21 av
1673 1274 62 31 100
1747 1274 73 31 kro-

221 1326 61 20 nor
306 1316 55 31 för
384 1316 93 41 varje
502 1316 156 41 påbörjat
684 1317 125 31 200-tal
834 1322 115 26 meter.
997 1317 202 32 Tillkomma
1222 1318 150 30 därefter
1388 1328 67 31 nya
1472 1318 219 37 abonnenter,
1711 1318 108 31 vilkas

219 1359 180 41 ledningar
433 1361 116 30 kunna
583 1361 189 40 uppläggas
808 1362 20 30 å
864 1372 127 20 samma
1027 1362 136 41 stolpar,
1200 1362 36 31 få
1260 1362 98 31 dessa
1382 1362 211 31 abonnenter
1616 1363 138 40 erlägga
1777 1374 42 20 en

219 1404 92 40 lägre
347 1405 271 40 inträdesavgift,
657 1405 80 31 eller
760 1406 43 31 60
827 1406 126 30 kronor
975 1416 60 31 per
1058 1416 129 21 samma
1209 1406 272 42 ledningslängd.
1530 1407 215 31 Motionären
1771 1418 48 31 sy-

220 1458 58 21 nes
302 1459 47 20 nu
378 1459 108 28 mena,
511 1452 52 28 att
591 1450 111 30 denna
727 1450 130 31 olikhet
881 1450 10 30 i
916 1450 299 41 inträdesavgifter
1239 1451 143 31 innebär
1405 1461 42 21 en
1471 1452 165 31 orättvisa
1660 1454 70 29 mot
1754 1452 66 31 den

219 1493 106 31 förste
349 1493 225 38 abonnenten,
601 1505 71 20 som
697 1505 115 20 ensam
836 1495 108 31 skulle
968 1495 37 31 få
1029 1495 186 31 vidkännas
1240 1496 190 31 kostnaden
1453 1496 55 31 för
1531 1496 215 41 stolplinjens
1764 1507 55 20 an-

219 1538 183 38 ordnande,
439 1539 107 31 under
570 1539 57 31 det
651 1542 52 28 att
727 1540 116 40 övriga
867 1540 211 31 abonnenter
1101 1540 11 30 i
1136 1551 128 21 samma
1288 1541 78 31 mån
1392 1551 71 21 som
1488 1541 68 31 han
1581 1541 106 41 draga
1711 1542 109 31 fördel

219 1592 41 21 av
284 1583 197 41 stolplinjen
507 1587 83 28 utan
615 1586 52 29 att
691 1584 105 40 draga
820 1585 52 30 sin
897 1585 237 31 motsvarande
1158 1585 54 31 del
1236 1596 41 20 av
1302 1585 138 32 bördan.

326 1627 184 33 Gentemot
534 1629 95 30 detta
653 1629 275 31 betraktelsesätt
952 1629 58 31 vill
1034 1629 162 41 styrelsen
1221 1630 182 31 framhålla
1426 1630 161 41 följande.
1636 1631 69 30 Det
1726 1633 37 28 är
1779 1641 42 21 av

219 1672 373 32 nationalekonomiska
628 1673 73 31 skäl
735 1674 232 41 fördelaktigt,
1004 1676 51 28 att
1090 1674 176 41 befintliga
1301 1675 192 41 stolplinjer
1527 1675 37 31 få
1598 1675 153 41 uppbära
1783 1676 37 30 så

220 1717 123 40 många
379 1717 178 42 ledningar
585 1728 70 20 som
682 1718 116 31 kunna
821 1729 147 30 rymmas
993 1719 19 30 å
1036 1719 74 30 dem
1135 1719 64 31 och
1223 1721 52 29 att
1299 1719 31 41 ej
1356 1720 11 30 i
1392 1720 133 31 onödan
1550 1720 59 30 två
1633 1720 81 32 eller
1737 1720 82 31 flera

217 1761 192 41 stolplinjer
441 1762 212 41 framdragas
686 1763 161 40 jämsides
872 1763 76 30 med
974 1764 173 30 varandra.
1196 1763 180 42 Utgående
1400 1764 152 31 härifrån
1577 1764 63 31 har
1662 1765 156 40 telegraf-

217 1806 164 41 styrelsen
415 1807 76 30 sökt
526 1807 99 31 ställa
661 1808 193 39 avgifterna
878 1808 55 31 för
955 1808 162 41 förhyrda
1141 1808 180 51 ledningar
1345 1809 37 30 så
1405 1809 79 40 låga
1506 1819 72 21 som
1603 1809 145 41 möjligt,
1774 1810 44 40 på

217 1850 57 31 det
298 1853 52 28 att
373 1851 256 31 abonnenterna
653 1853 20 30 å
696 1835 167 58 landsbyg
842 1852 88 31 gden
955 1852 95 31 skola
1073 1853 92 30 finna
1189 1853 75 31 med
1289 1854 51 30 sin
1366 1853 109 31 fördel
1499 1853 163 41 förenligt
1686 1855 51 29 att
1753 1854 65 31 för-

217 1895 84 40 hyra
335 1895 179 42 ledningar
548 1907 41 20 av
624 1897 263 41 telegrafverket
922 1897 43 41 på
994 1897 127 31 sådana
1145 1898 162 37 sträckor,
1333 1897 61 31 där
1417 1898 117 31 verket
1557 1898 62 30 har
1643 1898 175 41 stolplinje

216 1940 135 40 lämpad
376 1940 54 32 för
454 1941 201 31 ändamålet.
693 1922 60 50 På
778 1942 128 30 sådana
931 1942 151 31 sträckor
1106 1938 161 49 däremot,
1293 1923 62 50 där
1378 1942 264 41 telegrafverket
1665 1943 73 31 icke
1754 1943 64 31 har

216 1985 114 40 någon
367 1985 173 41 stolplinje
565 1986 63 31 och
653 1986 61 31 där
737 1987 10 30 i
772 1986 187 31 allmänhet
984 1997 41 20 en
1049 1986 190 31 abonnents
1262 1987 141 41 ledning
1427 1987 150 31 kommer
1600 1989 52 29 att
1683 1988 134 41 framgå

216 2029 138 31 alldeles
390 2040 123 28 ensam,
551 2033 37 28 är
612 2031 57 30 det
693 2031 102 40 ingen
821 2032 107 30 större
952 2031 109 31 fördel
1085 2033 52 29 att
1160 2031 264 41 telegrafverket
1448 2034 97 39 tager
1568 2032 93 30 hand
1684 2043 54 20 om
1763 2043 54 20 an-

216 2073 165 41 läggning
416 2074 64 31 och
514 2075 188 37 underhåll,
739 2077 83 29 utan
858 2075 97 31 torde
990 2075 57 31 det
1081 2076 370 31 nationalekonomiskt
1479 2078 67 29 sett
1569 2077 11 30 i
1606 2077 127 31 sådana
1755 2077 62 31 fall

215 2118 91 31 bliva
341 2118 163 42 billigare,
541 2122 52 28 att
630 2120 216 31 abonnenten
871 2120 86 40 själv
986 2120 127 50 bygger
1136 2120 64 31 och
1223 2120 217 32 underhåller
1464 2121 174 52 stolplinje
1662 2121 64 31 och
1749 2121 66 31 led-

215 2163 91 41 ning.
355 2163 276 42 Telegrafverket
656 2164 66 31 kan
747 2164 87 31 dock
858 2165 74 30 icke
957 2165 115 30 avvisa
1096 2164 244 39 abonnnenter,
1366 2176 72 20 som
1462 2168 86 29 även
1573 2166 11 30 i
1609 2166 127 31 sådana
1753 2166 63 31 fall

215 2189 106 51 önska
356 2208 141 41 förhyra
530 2209 150 41 ledning,
715 2219 77 21 men
828 2210 63 30 har
914 2209 88 31 måst
1026 2209 100 31 ställa
1149 2191 308 59 inträdesavgiften
1481 2211 38 30 så
1542 2211 134 40 mycket
1699 2210 117 41 högre,

216 2254 51 29 att
302 2253 65 31 den
404 2253 149 31 kommer
588 2255 52 29 att
676 2254 78 40 giva
788 2254 114 41 någon
928 2254 257 40 kompensation
1210 2256 85 29 även
1323 2255 54 31 för
1400 2255 290 41 stolpkostnaden.
1738 2255 78 31 Til-
