1893 2833
451 127 115 29 Andra
589 127 237 37 lagutskottets
850 127 175 29 utlåtande
1047 137 40 20 nr
1113 128 39 29 12
1174 128 39 29 år
1237 129 83 28 1969
1612 131 12 26 1

814 430 64 41 Nr
907 430 52 40 I2

343 547 181 30 Utlåtande
545 549 10 29 i
574 548 185 39 anledning
779 558 41 21 av
840 551 169 28 motioner
1030 559 54 20 om
1105 550 207 39 förbättring
1332 560 40 20 av
1394 551 40 29 de
1455 551 173 38 värnplik-

539 604 86 36 tigas
645 604 127 30 sociala
792 603 186 37 förmåner.

185 709 116 29 Andra
326 709 222 39 lagutskottet
571 710 63 30 har
657 710 187 30 behandlat
869 710 56 31 två
949 711 49 30 till
1024 712 187 38 lagutskott
1235 712 189 30 hänvisade
1449 712 178 35 motioner,

143 763 26 29 I:
186 763 62 30 789
270 772 41 21 av
332 763 81 30 herr
439 763 138 30 Werner
599 768 89 27 samt
710 764 45 30 II:
769 765 64 30 453
855 774 42 21 av
918 766 56 30 fru
996 765 187 30 Marklund
1203 775 44 20 m.
1262 766 37 37 fl.

186 816 13 30 I
219 816 226 37 motionerna,
467 817 92 31 vilka
580 819 38 29 är
637 818 231 39 likalydande,
889 819 63 30 har
972 819 201 37 hemställts,
1199 822 66 27 »att
1285 820 183 38 riksdagen
1489 821 10 29 i
1520 820 107 30 skriv-

142 871 89 30 velse
252 870 51 31 till
324 871 123 40 Kungl.
470 871 100 40 Maj:t
591 871 106 32 måtte
717 872 139 31 anhålla
878 883 57 20 om
956 872 108 31 sådan
1086 873 146 40 ändring
1254 883 42 21 av
1317 874 41 30 de
1380 874 248 40 värnpliktigas

142 924 226 31 ekonomiska
389 926 64 30 och
474 926 126 30 sociala
621 926 186 37 förmåner,
830 930 48 27 att
898 927 330 40 familjepenningen
1249 928 97 39 höjes
1368 928 49 30 till
1440 930 38 29 15
1500 928 128 31 kronor

142 979 54 29 för
217 979 123 30 hustru
361 980 66 29 och
450 981 39 29 10
511 980 130 30 kronor
662 980 49 30 till
734 990 115 21 annan
872 981 292 39 familjemedlem,
1188 982 205 39 exempelvis
1415 983 99 35 barn;
1539 986 89 26 samt

143 1034 48 28 att
210 1032 296 41 bostadsbidraget
528 1034 184 30 fastställes
733 1037 48 27 att
800 1035 10 29 i
831 1034 134 40 princip
986 1035 100 30 täcka
1107 1036 77 29 hela
1204 1036 263 40 hyresbeloppet
1488 1037 55 30 för
1563 1037 65 30 den

142 1086 190 31 inkallades
353 1087 112 39 familj
486 1088 113 30 därest
619 1089 65 29 den
704 1089 173 30 inkallade
897 1089 74 30 före
991 1089 402 40 militärtjänstgöringen
1414 1100 59 20 var
1493 1091 133 29 huvud-

142 1140 109 40 saklig
275 1141 355 39 familjeförsörjare».

186 1194 224 31 Beträffande
432 1196 40 29 de
494 1196 75 30 skäl
590 1195 256 32 motionärerna
867 1197 116 29 anfört
1004 1197 48 29 till
1076 1197 75 30 stöd
1172 1197 54 30 för
1248 1197 56 31 sitt
1326 1198 154 38 yrkande
1502 1197 53 31 får
1576 1202 50 26 ut-

142 1248 134 36 skottet,
303 1248 10 30 i
339 1249 66 30 den
429 1248 83 31 mån
537 1250 214 38 redogörelse
777 1250 118 31 därför
921 1251 69 29 inte
1015 1251 134 29 lämnas
1176 1251 9 29 i
1212 1251 55 30 det
1293 1252 163 38 följande,
1483 1252 144 30 hänvisa

144 1302 46 30 till
216 1302 176 30 motionen
417 1303 44 30 II:
477 1304 73 29 453.

657 1437 169 30 Gällande
851 1438 264 30 bestämmelser

186 1507 165 31 Gällande
382 1509 259 30 bestämmelser
672 1519 57 20 om
761 1509 256 41 familjebidrag
1049 1510 93 31 finns
1176 1511 8 29 i
1218 1511 408 40 familjebidragsförord-

142 1560 127 40 ningen
289 1562 65 30 och
376 1562 514 40 familjebidragskungörelsen,
912 1563 91 31 båda
1023 1574 42 20 av
1087 1565 65 29 den
1175 1566 41 29 29
1237 1574 92 21 mars
1353 1567 92 29 1946.
1469 1566 157 39 Familje-

141 1614 121 40 bidrag
291 1615 101 40 utgår
420 1616 109 31 under
559 1616 228 41 tjänstgöring
816 1617 57 31 vid
902 1618 236 39 krigsmakten
1168 1619 65 30 och
1261 1619 250 31 civilförsvaret
1540 1624 88 26 samt

141 1669 109 30 under
279 1670 157 39 vapenfri
465 1670 116 39 tjänst.
612 1671 322 39 Bidragsformerna
962 1673 38 29 är
1029 1672 294 40 familjepenning,
1354 1674 272 40 bostadsbidrag,

141 1723 273 40 näringsbidrag,
440 1724 202 40 sjukbidrag
666 1725 65 30 och
754 1725 361 40 begravningsbidrag.
1141 1727 170 39 Bidragen
1335 1727 100 40 utgår
1459 1728 10 30 i
1493 1728 134 39 princip

142 1777 85 29 efter
246 1778 311 39 behovsprövning.
580 1779 49 29 De
649 1780 38 28 är
706 1779 78 30 med
803 1780 178 39 undantag
1002 1780 53 30 för
1075 1780 308 40 näringsbidragen
1404 1782 223 39 undantagna

141 1830 80 31 från
244 1831 229 40 beskattning.

186 1885 301 39 Familjepenning
503 1886 99 39 utgår
621 1887 55 30 för
693 1887 123 30 hustru
834 1888 64 29 och
916 1888 86 30 barn
1020 1898 79 20 men
1117 1888 69 30 kan
1206 1888 104 31 också
1328 1888 81 40 utgå
1427 1890 54 30 för
1500 1890 126 30 föräld-

142 1948 56 20 rar
217 1939 64 30 och
300 1939 370 31 husföreståndarinna
689 1944 88 27 samt
795 1941 248 39 undantagsvis
1062 1942 55 30 för
1136 1951 117 21 annan
1272 1943 154 39 anhörig.
1447 1944 13 29 I
1480 1944 146 39 familje-

140 1992 391 40 bidragsförordningen
550 1994 150 30 bestäms
721 1994 347 40 familjepenningens
1090 1996 269 40 maximibelopp
1381 1997 54 30 för
1456 1997 92 31 olika
1568 1998 58 30 ka-

143 2046 143 39 tegorier
309 2046 370 40 familjemedlemmar.
704 2048 313 40 Maximibeloppen
1039 2049 64 30 har
1125 2050 92 38 höjts
1240 2050 57 30 vid
1320 2050 93 31 olika
1436 2051 158 30 tillfällen
1617 2052 10 29 i

141 2100 194 39 ungefärlig
364 2100 202 40 proportion
595 2101 49 30 till
674 2101 194 40 stegringen
897 2112 42 21 av
969 2103 428 32 livsmedelskostnaderna
1426 2105 64 30 och
1520 2105 10 30 i
1560 2105 67 30 viss

142 2153 82 30 mån
240 2154 363 31 levnadsstandarden.
623 2154 48 31 På
688 2165 119 21 senare
824 2156 50 30 tid
890 2156 64 30 har
970 2156 186 40 höjningar
1172 2158 164 30 beslutats
1354 2158 56 30 vid
1430 2160 92 35 1960,
1545 2160 82 30 1963

141 2207 64 30 och
233 2209 81 29 1967
341 2207 55 31 års
421 2208 189 40 riksdagar.
638 2210 157 31 Fr.o.m.
822 2211 66 29 den
915 2211 14 29 1
956 2211 63 38 juli
1047 2212 81 29 1967
1155 2213 99 37 utgör
1279 2212 348 40 familjepenningens

141 2261 269 40 maximibelopp
436 2263 38 29 12
498 2262 129 31 kronor
650 2272 60 30 per
733 2264 65 39 dag
822 2264 54 30 för
899 2264 122 30 hustru
1044 2265 65 30 och
1133 2264 170 31 frånskild
1326 2266 123 30 hustru
1473 2271 89 26 samt
1584 2285 44 3 —

142 2325 56 20 om
223 2316 66 30 den
314 2316 229 40 värnpliktige
568 2317 70 30 inte
663 2318 251 30 sammanlever
939 2319 78 29 med
1042 2319 123 30 hustru
1189 2337 43 3 —
1258 2319 54 31 för
1337 2329 117 21 annan
1480 2321 146 39 familje-

141 2370 147 30 medlem
311 2379 74 21 som
409 2370 147 31 förestår
578 2371 151 31 hemmet
753 2371 55 31 för
831 2372 209 40 värnpliktig
1064 2373 77 30 med
1165 2373 292 32 hemmavarande
1480 2375 146 39 familje-

141 2423 148 30 medlem
316 2424 109 30 under
457 2425 38 30 16
524 2424 48 31 år.
602 2424 68 31 För
697 2434 117 22 annan
842 2425 283 40 familjemedlem
1152 2428 99 38 utgör
1280 2427 347 41 familjepenningens

140 2477 270 41 maximibelopp
437 2479 20 30 6
484 2478 129 31 kronor
640 2488 60 30 per
728 2479 75 40 dag.

142 2547 8 23 1
192 2546 110 32 Bihang
315 2547 43 25 till
371 2547 167 32 riksdagens
552 2547 146 32 protokoll
713 2548 74 25 1969.
802 2548 16 25 9
831 2548 80 25 saml.
926 2549 15 25 2
955 2549 62 25 avd.
1032 2549 40 25 Nr
1087 2549 32 25 12
