2221 2671
450 214 58 31 112
911 211 253 34 Statsutskottets
1195 209 171 35 Utlåtande
1389 210 52 32 Nr
1465 212 49 30 74,

508 300 372 38 Drätselkammaren
910 299 71 37 och
1010 300 366 49 beredningsutskottet
1402 298 96 36 hade
1514 298 129 36 vidare
1659 297 200 48 föreslagit
1874 296 122 37 stads-

406 354 250 49 fullmäktige,
685 358 56 32 att
767 353 64 37 vid
860 353 228 50 försäljning
1117 352 41 38 af
1183 352 132 38 staden
1344 350 194 51 tillhöriga
1567 354 138 33 tomter
1732 349 104 37 inom
1855 348 140 38 nedan-

406 408 164 36 nämnda
598 407 154 37 kvarter
780 406 168 50 följande
977 405 269 50 normalpriser
1275 408 116 34 måtte
1418 404 224 49 fastställas,
1672 402 209 50 nämligen:

405 496 60 37 för
492 501 137 32 tomter
656 495 102 37 inom
786 495 202 37 kvarteren
1029 509 44 22 nr
1102 496 21 35 8
1153 494 70 37 och
1253 496 45 35 22
1349 525 95 6 ou...
1487 494 100 35 2—4
1616 491 55 38 kr.
1701 505 67 36 per
1796 491 100 38 kvm.
1926 490 70 38 och

431 561 18 24 »
554 561 18 23 »
702 561 17 23 »
877 560 17 23 »
1045 562 16 20 »
1105 549 147 35 T9—81
1335 578 118 5 looonvnv
1486 548 99 34 0—D
1630 558 17 23 DV
1837 557 17 23 »

509 654 158 37 Jämlikt
709 653 367 50 stadsfullmäktiges
1117 652 125 37 beslut
1283 653 74 36 den
1386 655 47 34 22
1463 651 173 38 sistlidne
1665 649 178 49 februari,
1872 648 124 38 hvari-

406 720 139 36 genom
586 706 157 36 ärendet
784 707 311 35 återremitterats
1124 706 55 35 till
1221 704 429 49 beredningsutskottet,
1689 703 95 36 hade
1813 703 185 36 utskottet

406 759 166 37 därefter
601 758 151 50 afgifvit
779 763 85 46 nytt
891 758 206 49 utlåtande,
1126 757 150 38 hvaruti
1317 756 187 37 utskottet
1533 756 183 37 förklarat
1745 755 59 48 sig
1832 754 165 36 vidhålla

406 813 66 36 sitt
499 813 101 36 förut
627 811 155 47 fattade,
812 812 113 36 ofvan
955 810 240 38 omförmälta
1222 809 136 49 beslut,
1389 809 85 37 med
1502 809 138 49 tillägg
1677 809 74 37 dels
1780 812 54 32 att
1876 807 120 37 stads-

406 864 259 49 fullmäktiges
694 864 127 37 beslut
848 864 11 36 i
889 863 157 38 ärendet
1072 864 13 36 i
1112 864 109 48 fråga
1250 876 61 23 om
1339 863 47 36 de
1414 867 150 42 tomter,
1595 874 83 24 som
1698 874 90 23 voro
1804 860 42 37 af
1857 860 139 37 krono-

406 916 306 50 donationgjords
740 921 122 43 natur,
891 919 117 34 måtte
1036 916 115 37 fattas
1180 915 119 38 under
1326 914 276 49 förutsättning
1630 914 40 36 af
1694 912 141 50 Kungl.
1866 913 129 49 Maj:ts

405 970 169 37 tillstånd
601 969 58 37 till
687 969 229 50 försäljning
944 969 117 49 däraf,
1091 971 60 35 och
1180 970 74 35 dels
1282 973 55 32 att
1365 968 171 50 priserna
1557 966 124 37 skulle
1699 979 90 24 vara
1804 965 192 38 beroende

406 1024 41 36 af
472 1027 210 33 tomternas
711 1022 85 50 läge
836 1022 102 37 inom
966 1022 133 50 hvarje
1128 1022 163 47 kvarter,
1322 1026 97 31 samt
1447 1025 55 32 att
1530 1019 285 50 maximiprisen
1844 1018 153 37 förden-

406 1076 97 37 skull
532 1075 120 37 skulle
680 1076 81 36 afse
790 1075 46 37 de
866 1075 85 37 bäst
978 1074 165 50 belägna
1170 1080 199 31 tomterna.

508 1127 92 51 Vid
611 1127 175 38 ärendets
815 1127 274 49 föredragning
1116 1126 144 50 yrkade
1288 1127 88 36 herr
1416 1124 277 49 Reuterswärd,
1731 1124 84 37 med
1843 1123 154 37 hvilken

405 1182 131 36 herrar
578 1179 229 49 Örtengren,
849 1180 218 48 Landberg,
1109 1179 169 36 Rektorn
1320 1178 83 37 Alb.
1434 1177 231 48 Johansson,
1695 1177 96 36 Axel
1819 1175 177 48 Karlson,

406 1233 124 37 Tollin
560 1232 70 37 och
660 1231 142 51 Sylvan
830 1232 201 47 instämde,
1060 1231 107 38 bifall
1194 1231 58 36 till
1280 1229 440 49 beredningsutskottets
1736 1229 156 48 förslag,
1912 1229 86 35 med

406 1286 72 36 den
508 1284 163 49 ändring
699 1289 54 32 att
781 1284 59 37 för
868 1289 137 32 tomter
1033 1284 102 36 inom
1162 1284 205 36 kvarteren
1404 1297 46 22 nr
1492 1284 148 34 27—531
1681 1284 124 34 såsom
1834 1281 162 37 normal-

404 1338 123 50 priser
554 1341 116 34 måtte
699 1337 206 37 fastställas
938 1339 17 34 1
986 1338 56 36 kr.
1074 1338 47 35 50
1151 1338 141 36 öre—4
1321 1336 54 36 kr.
1405 1349 45 35 pr
1478 1335 105 37 kvm.

509 1390 98 37 Herr
636 1390 200 49 Almqvist,
867 1389 86 37 med
980 1389 156 37 hvilken
1163 1389 88 37 herr
1291 1388 218 37 Wenström
1537 1387 198 48 instämde,
1772 1386 143 50 yrkade
1943 1386 54 36 bi-

406 1443 66 37 fall
499 1443 57 36 till
583 1442 443 49 beredningsutskottets
1054 1441 159 50 förslag,
1243 1441 85 37 med
1356 1441 73 36 den
1457 1440 165 48 ändring
1651 1443 56 33 att
1735 1439 46 37 de
1810 1438 42 38 af
1863 1438 134 37 bered-

406 1496 302 49 ningsutskottet
745 1495 219 49 föreslagna
992 1494 442 50 försäljningsbeloppen
1464 1492 121 37 skulle
1614 1492 229 37 bestämmas
1873 1494 124 34 såsom

406 1561 287 36 maximipriser.

508 1600 99 37 Herr
643 1600 82 37 vice
768 1599 266 49 ordföranden,
1073 1599 86 37 med
1198 1598 278 37 instämmande
1506 1598 40 36 af
1571 1597 88 37 herr
1687 1596 220 49 Hagström,
1935 1610 62 35 yr-

405 1653 97 38 kade
530 1653 107 36 bifall
664 1652 58 36 till
757 1652 439 49 beredningsutskottets
1235 1651 158 49 förslag,
1423 1650 211 49 hvarjämte
1670 1650 90 36 herr
1788 1649 206 49 Rydström

404 1706 143 49 yrkade
589 1705 216 36 återremiss
847 1708 19 33 å
907 1704 157 37 ärendet
1104 1704 57 36 till
1199 1704 362 37 drätselkammaren
1600 1702 70 36 och
1706 1701 291 49 beredningsut-

406 1758 145 37 skottet
593 1756 58 38 för
693 1756 337 38 åstadkommande
1071 1756 42 37 af
1150 1756 206 49 utredning
1396 1755 162 37 rörande
1600 1754 46 37 de
1678 1753 58 37 till
1764 1753 231 50 försäljning

406 1810 218 49 föreslagna
650 1814 208 32 tomternas
886 1809 127 37 värde.

509 1861 125 38 Sedan
676 1861 346 48 stadsfullmäktige
1063 1861 164 37 beslutat
1268 1861 174 47 företaga
1479 1859 158 37 ärendet
1673 1858 58 36 till
1760 1858 236 37 omedelbart

405 1914 221 50 afgörande,
668 1914 147 37 beslöto
858 1913 346 49 stadsfullmäktige
1245 1912 65 37 vid
1350 1911 213 38 framställd
1602 1910 239 50 proposition
1870 1913 49 47 på
1949 1910 47 36 de

406 1968 100 37 olika
533 1967 221 50 yrkandena
781 1967 12 36 i
822 1966 170 50 enlighet
1020 1965 86 38 med
1133 1966 88 36 herr
1249 1964 287 38 Reuterswärds
1564 1963 157 50 förslag.

511 2019 88 38 Som
629 2020 125 36 ofvan.

1631 2068 44 36 In
1702 2067 128 37 fidem:

1572 2173 41 37 G.
1643 2176 42 33 A.
1723 2174 169 47 Winberg.
