2211 2671
465 225 39 32 62
906 224 252 32 Statsutskottets
1189 223 172 33 Utlåtande
1383 224 53 31 Nr
1460 226 49 30 '74.

423 326 146 23 summa
609 312 97 37 hade
748 311 208 38 emellertid
997 311 83 38 icke
1116 311 196 37 inräknats
1340 311 99 37 hvad
1469 324 81 24 som
1578 310 57 37 till
1663 311 197 50 äfventyrs
1889 311 127 36 kunde

421 366 152 37 komma
624 370 53 32 att
731 368 88 47 åtgå
872 365 59 37 för
984 365 245 49 godtgörelse
1286 364 40 37 af
1377 364 85 37 med
1509 364 240 38 statsbanans
1794 364 222 50 byggnads-

421 419 123 37 medel
585 417 280 38 förskotterade
907 418 150 50 belopp,
1087 417 127 37 hvilka
1242 417 181 37 utbetalts
1452 417 60 37 för
1539 418 107 36 mark
1674 417 85 37 med
1788 430 114 36 mera,
1933 430 83 24 som

421 474 98 34 måst
559 476 110 44 tagas
709 471 13 36 i
763 471 163 49 anspråk
968 472 58 36 för
1067 471 220 36 statsbanan
1329 471 71 36 och
1443 483 82 24 som
1555 470 74 48 det,
1660 469 119 50 enligt
1808 470 207 50 styrelsens

422 524 112 47 åsikt,
578 524 209 37 tillkomme
823 524 218 49 Göteborgs
1071 524 71 37 och
1171 524 126 36 Bohus
1325 523 83 37 läns
1436 523 200 50 landsting
1664 528 54 32 att
1746 523 270 37 kostnadsfritt

422 576 183 49 anskaffa,
635 591 87 24 men
751 590 80 24 som
860 577 239 49 landstinget
1126 577 115 36 nekat
1268 576 297 37 tillhandahålla.

525 630 138 37 Därest
704 630 239 37 återstående
985 630 156 37 arbeten
1183 632 20 34 å
1243 629 125 38 banan
1397 629 119 37 skulle
1545 629 129 37 kunna
1702 629 192 37 bedrifvas
1922 634 93 31 utan

422 683 178 35 störande
630 683 153 46 afbrott,
818 684 91 34 fann
939 682 187 49 styrelsen
1155 683 63 36 det
1245 696 91 23 vara
1356 682 316 49 oundgängligen
1691 682 247 48 nödvändigt,
1960 687 56 31 att

422 733 46 37 de
497 733 135 49 medel,
662 747 80 24 som
771 733 223 51 ytterligare
1016 733 240 37 erfordrades
1276 734 59 37 för
1354 734 145 36 banans
1518 734 350 48 färdigbyggande,
1890 735 124 35 blefve

420 787 61 36 för
510 788 190 48 styrelsen
727 787 246 50 tillgängliga
1001 786 11 36 i
1041 790 84 33 mån
1154 787 42 36 af
1220 786 120 37 behof
1355 786 123 37 under
1498 789 41 34 år
1561 787 115 45 1907;
1698 786 72 37 och
1788 785 226 37 hemställde

421 839 189 50 styrelsen
638 840 129 36 därför
795 853 61 23 om
884 840 308 49 bemyndigande
1222 844 55 31 att
1305 839 42 36 af
1370 839 121 37 under
1519 839 147 36 händer
1685 839 189 36 hafvande
1894 838 121 37 medel

421 892 174 37 använda
624 892 59 37 för
710 892 145 37 banans
883 892 335 49 färdigbyggande
1247 896 55 32 ett
1330 891 139 50 belopp
1499 891 41 36 af
1564 891 13 36 i
1605 891 205 37 afrundadt
1829 891 52 37 tal
1898 892 117 48 högst

421 946 164 46 888,000
615 945 143 36 kronor
786 945 150 36 utöfver
964 944 127 37 därför
1118 944 117 37 redan
1264 943 188 49 beviljade
1482 944 143 49 anslag.

523 1050 74 36 Vid
625 1050 238 49 underdånig
891 1049 276 49 föredragning
1195 1049 42 37 af
1252 1049 124 37 denna
1390 1048 403 50 järnvägsstyrelsens
1814 1047 201 38 skrifvelse

420 1102 92 37 fann
540 1102 141 49 Kungl.
711 1103 107 49 Maj:t
847 1102 73 37 den
950 1104 20 34 6
1001 1103 216 48 september
1248 1104 97 34 1907
1374 1102 95 49 godt
1497 1102 231 49 bemyndiga
1750 1102 190 49 styrelsen
1960 1106 55 32 att

420 1155 41 35 af
485 1155 120 36 under
632 1155 144 37 händer
804 1155 190 36 hafvande
1022 1155 124 37 medel
1174 1154 174 37 använda
1375 1154 100 37 hvad
1504 1168 81 23 som
1616 1153 313 50 oundgängligen
1959 1167 56 23 er-

419 1206 198 38 fordrades
647 1207 58 37 för
732 1207 334 49 färdigbyggande
1095 1207 40 36 af
1161 1207 232 46 statsbanan,
1411 1207 97 36 dock
1537 1207 116 48 högst
1682 1208 165 46 888,000
1872 1207 143 37 kronor

419 1259 151 37 utöfver
599 1259 127 37 därför
754 1260 189 49 beviljade
972 1259 145 49 anslag,
1146 1259 85 36 med
1262 1259 222 49 skyldighet
1512 1258 60 38 för
1600 1258 189 50 styrelsen
1810 1263 65 41 att,
1897 1259 117 36 sedan

419 1312 126 36 banan
571 1312 229 37 fullbordats
819 1313 69 36 och
918 1312 131 49 slutlig
1075 1312 209 49 utredning
1312 1312 152 36 vunnits
1493 1325 59 23 om
1573 1311 246 49 erforderligt
1838 1311 174 49 tilläggs-

419 1364 147 49 anslag,
609 1369 98 32 samt
748 1365 136 48 frågan
925 1378 60 23 om
1025 1364 189 49 gäldande
1255 1364 41 37 af
1336 1364 249 36 omförmälda
1626 1364 165 36 kostnad
1821 1364 59 37 för
1908 1364 105 36 mark

419 1430 46 22 m.
496 1430 47 22 m.
577 1416 126 37 blifvit
739 1430 138 35 genom
914 1416 88 50 laga
1038 1417 253 48 kraftägande
1328 1416 88 37 dom
1445 1416 160 49 afgjord,
1636 1417 70 35 hos
1735 1416 142 49 Kungl.
1906 1416 107 49 Maj:t

418 1469 148 36 anmäla
591 1469 63 36 det
682 1468 158 37 sålunda
868 1469 173 36 använda
1069 1469 138 49 belopp
1236 1469 57 36 till
1322 1469 223 47 ersättning.

521 1572 382 50 Järnvägsstyrelsen
931 1573 69 36 har
1029 1573 165 36 därefter
1221 1573 54 36 uti
1303 1573 239 48 underdånig
1571 1572 199 37 skrifvelse
1799 1572 71 36 den
1893 1574 20 34 6
1937 1572 73 48 maj

421 1626 96 35 1908
548 1625 136 48 anfört,
714 1625 116 37 bland
859 1630 126 43 annat,
1014 1625 180 49 följande.
1249 1625 129 37 Under
1406 1625 300 48 fortsättningen
1735 1625 41 36 af
1791 1624 221 49 byggnads-

418 1677 180 36 arbetena
640 1680 20 33 å
702 1677 247 37 förenämnda
990 1678 197 36 statsbana
1214 1678 97 36 hade
1340 1678 64 36 det
1432 1678 99 36 visat
1561 1678 73 48 sig,
1663 1681 55 32 att
1747 1676 64 37 det
1838 1677 12 36 i
1878 1677 133 49 styrel-

418 1742 90 24 sens
551 1730 277 37 ofvanberörda
868 1729 262 50 underdåniga
1173 1730 203 36 skrifvelse
1410 1730 70 36 den
1512 1731 46 35 29
1584 1729 84 50 juni
1699 1731 96 34 1907
1825 1729 188 49 uppgifna

416 1782 140 49 belopp
585 1783 82 36 icke
695 1796 91 23 vore
814 1782 57 36 till
898 1782 132 48 fyllest
1058 1783 58 36 för
1144 1782 146 37 banans
1313 1782 351 49 färdigbyggande.
1707 1781 186 50 Beloppet
1913 1781 98 37 hade

416 1834 194 49 nämligen
637 1835 118 36 redan
783 1835 230 46 förbrukats,
1043 1848 87 23 men
1159 1835 192 37 återstode
1380 1840 102 31 ännu
1509 1839 77 32 rätt
1613 1834 213 49 väsentliga
1842 1834 166 37 arbeten.

416 1886 74 37 För
517 1887 211 37 utrönande
758 1887 41 36 af
823 1888 194 36 storleken
1045 1887 42 37 af
1104 1887 64 36 det
1187 1887 152 50 belopp,
1361 1900 81 23 som
1462 1887 226 49 ytterligare
1709 1892 130 44 syntes
1859 1887 152 36 komma

416 1944 56 31 att
514 1940 188 36 erfordras
745 1940 56 36 för
841 1939 333 50 färdigbyggande
1211 1941 41 35 af
1278 1940 221 36 statsbanan
1527 1939 12 36 i
1567 1939 121 49 fråga,
1717 1938 97 37 hade
1843 1939 167 37 förbere-

416 1991 122 37 dande
578 1992 251 48 utredningar
870 1992 127 37 blifvit
1037 1992 245 48 verkställda,
1326 2005 85 24 men
1440 1992 98 37 hade
1567 1992 131 36 därvid
1727 1992 98 36 visat
1854 1992 72 48 sig,
1956 1996 55 32 att

415 2057 75 35 nya
530 2057 230 36 noggranna
800 2044 330 49 undersökningar
1170 2044 116 37 borde
1327 2044 177 49 vidtagas
1545 2044 60 36 för
1646 2044 216 36 erhållande
1891 2045 43 35 af
1957 2048 54 32 ett

415 2096 196 49 möjligast
638 2096 238 49 tillförlitligt
903 2096 185 49 underlag
1116 2096 60 37 för
1203 2096 319 49 beräkningarna.
1565 2096 75 37 För
1659 2101 55 31 att
1733 2096 211 37 emellertid
1963 2097 47 36 de

415 2161 50 22 nu
507 2148 243 49 nödvändiga
790 2148 310 49 beräkningarna
1141 2148 42 37 af
1207 2149 63 36 det
1299 2149 60 37 för
1382 2149 443 48 järnvägsbygenadens
1854 2148 156 37 fullbor-

416 2200 124 37 dande
582 2201 250 49 erforderliga
873 2201 181 49 beloppet
1095 2203 115 34 måtte
1251 2201 117 37 blifva
1397 2204 40 34 så
1465 2201 243 49 tillförlitliga
1736 2214 80 23 som
1844 2200 164 49 möjligt,

414 2252 98 37 hade
556 2253 186 49 styrelsen
771 2253 208 50 uppdragit
1008 2256 38 34 åt
1074 2267 46 23 en
1149 2253 163 37 särskild
1341 2253 248 37 kommission
1617 2253 40 36 af
1682 2253 245 49 sakkunniga
1955 2258 55 30 att

413 2305 208 37 verkställa
663 2306 202 36 desamma.
923 2305 49 37 Så
1014 2311 106 31 snart
1161 2306 298 36 kommissionen
1501 2306 153 36 afslutat
1688 2306 66 36 sitt
1782 2305 129 37 arbete
1940 2306 69 36 och

414 2356 178 38 däröfver
628 2358 154 48 afgifvit
809 2357 218 49 berättelse,
1057 2357 122 37 skulle
1208 2357 189 50 styrelsen
1425 2358 57 36 till
1510 2358 141 48 Kungl.
1682 2357 107 49 Maj:t
1817 2358 192 36 inkomma
