2163 2669
460 212 39 31 82
904 209 250 33 Statsutskottets
1184 208 173 34 Utlåtande
1379 209 53 32 Ny
1458 211 49 30 74.

523 297 131 48 Enligt
682 296 73 38 den
784 296 41 37 af
849 296 121 38 Eders
998 296 142 50 Kungl.
1169 296 109 50 Maj:t
1297 296 74 37 den
1393 298 45 35 17
1460 295 199 37 december
1681 297 96 35 1909
1797 296 217 37 fastställda

420 350 273 50 arbetsplanen
721 351 59 36 för
808 352 39 35 år
878 351 97 36 1910
1003 349 13 37 1
1044 349 180 37 afseende
1254 353 20 33 å
1301 349 292 49 ifrågavarande
1621 348 98 37 bana
1747 348 119 38 skulle
1885 349 11 37 i
1918 354 97 32 stort

419 405 86 37 sedt
534 403 168 48 följande
731 403 157 37 arbeten
916 403 160 48 utföras,
1105 402 211 49 nämligen:

521 456 265 37 fallbordande
829 456 40 36 af
907 456 291 48 terrasserings-
1240 455 71 37 och
1338 454 461 50 trummurningsarbeten
1827 460 97 32 samt
1952 458 62 47 på-

422 509 183 51 börjande
633 509 37 37 af
698 509 254 37 broarbetena
980 511 20 34 å
1029 509 178 37 sträckan
1234 507 460 51 Raftsjön—Ulriksfors;

522 562 266 50 rälsläggning
817 562 70 37 och
915 561 354 50 underballastning
1296 561 42 38 af
1363 561 176 37 sträckan
1566 560 407 52 Raftsjön—NSikåsån;

523 616 248 49 fortsättning
799 615 42 37 af
866 615 181 37 arbetena
1076 614 81 37 dels
1185 615 86 36 med
1300 614 228 50 förändring
1557 614 40 37 af
1613 614 221 49 bangården
1853 614 11 36 i
1884 604 130 47 Öster-

421 669 95 37 sund
545 669 81 36 dels
657 669 70 36 ock
756 672 20 33 å
804 668 124 48 öfriga
956 667 116 38 redan
1100 668 205 49 påbörjade
1333 667 493 49 bangårdsanläggningar;
1856 672 98 32 samt

520 720 234 50 påbörjande
795 720 41 36 af
873 719 526 49 bangårdsanläggningarna
1439 719 64 36 vid
1545 718 121 48 Sikås,
1704 718 204 37 Hallviken
1942 719 70 36 och

418 772 220 39 Ulriksfors.

521 826 197 49 Därjämte
761 824 120 37 skulle
924 825 119 49 enligt
1084 824 140 50 planen
1265 824 161 49 inköpas
1468 824 169 36 rullande
1674 823 171 37 materiel
1873 824 60 36 för
1961 829 54 31 ett

418 878 139 50 belopp
586 879 41 35 af
653 879 164 46 268,500
845 878 152 35 kronor.

521 931 17 37 I
567 931 105 37 detta
714 929 276 50 sammanhang
1030 928 139 38 tillåter
1205 929 71 49 jag
1302 928 81 49 mig
1411 927 136 49 erinra,
1577 933 55 32 att
1660 928 122 50 enligt
1810 928 73 37 den
1911 928 102 50 plan,

419 997 82 23 som
542 983 64 50 låg
647 982 57 37 till
744 983 126 49 grund
910 983 60 36 för
1010 981 141 48 Kungl.
1182 982 107 49 Maj:t
1329 981 58 37 till
1430 982 94 35 1907
1570 984 60 33 års
1668 981 171 49 Riksdag
1875 981 138 37 aflåtna

418 1036 236 50 proposition
683 1035 195 50 angående
908 1035 133 48 anslag
1068 1035 60 36 för
1156 1034 240 49 anläggning
1423 1034 41 36 af
1487 1034 291 49 ifrågavarande
1806 1034 207 47 statsbana,

413 1089 307 49 järnvägslinjen
762 1089 102 35 inom
906 1087 263 37 Hammerdals
1212 1087 141 36 socken
1394 1086 121 37 skulle
1544 1086 237 49 framdragas
1810 1086 113 37 söder
1953 1100 61 23 om

421 1141 111 38 Sikås
563 1142 48 47 by
640 1141 71 36 och
739 1140 115 37 korsa
882 1139 160 38 Sikåsån
1064 1144 103 33 strax
1187 1139 177 37 ofvanför
1383 1139 143 37 dennas
1544 1139 139 37 inflöde
1711 1139 4 36 1
1734 1138 281 38 Hammerdals-

421 1194 87 48 sjön
535 1194 65 35 vid
626 1193 292 47 Prästbodarna,
947 1193 154 35 hvarest
1130 1205 47 22 en
1206 1191 139 36 station
1373 1190 121 37 skulle
1515 1191 194 49 anläggas.
1765 1191 101 36 Från
1892 1191 123 36 denna

420 1246 140 36 station
590 1245 120 37 skulle
740 1249 54 32 ett
823 1244 186 50 stickspår
1038 1244 138 48 dragas
1204 1244 74 36 ned
1306 1243 57 37 till
1392 1243 363 48 Hammerdalssjön.

525 1297 126 38 Sedan
686 1297 380 50 järnvägsstyrelsen
1108 1295 203 38 anbefallts
1353 1301 54 32 att
1447 1296 192 36 inkomma
1668 1296 87 36 med
1782 1295 147 49 förslag
1956 1296 58 36 till

420 1350 171 37 definitiv
633 1350 90 49 plan
763 1350 59 36 för
858 1348 486 51 järnvägsanläggningen,
1386 1348 69 37 har
1496 1348 212 37 emellertid
1747 1348 186 48 styrelsen
1962 1348 53 36 uti

420 1402 236 49 underdånig
697 1402 200 37 skrifvelse
940 1402 73 37 den
1051 1403 45 35 31
1127 1402 152 48 augusti
1309 1402 96 35 1909
1435 1401 201 48 meddelat,
1665 1405 56 32 att
1750 1400 189 50 styrelsen
1966 1403 49 47 på

421 1456 124 49 grund
567 1456 41 35 af
622 1455 180 36 inkomna
823 1454 336 49 framställningar,
1180 1454 115 36 bland
1315 1458 115 32 annat
1444 1454 84 36 från
1543 1453 264 37 Hammerdals
1823 1454 190 47 kommun,

420 1507 155 37 anställt
614 1507 299 48 undersökning,
956 1506 185 37 huruvida
1181 1506 84 37 icke
1308 1506 74 37 den
1422 1506 64 37 vid
1514 1506 282 37 Prästbodarna
1823 1506 192 36 tilltänkta

421 1560 191 36 stationen
654 1559 121 37 skulle
816 1560 127 36 kunna
975 1560 194 47 förläggas
1196 1564 174 31 närmare
1398 1558 265 37 Hammerdals
1691 1558 223 50 kyrkoplats
1944 1558 71 36 och

422 1625 61 24 om
512 1611 150 50 möjligt
690 1611 62 37 vid
773 1611 362 49 Hammerdalssjön,
1160 1611 248 49 hvarigenom
1429 1611 71 36 den
1524 1610 120 38 skulle
1664 1611 152 37 komma
1835 1616 55 31 att
1908 1610 107 49 ligga

422 1677 298 37 gynnsammare
750 1664 58 36 för
836 1664 144 48 byarna
1007 1663 104 37 invid
1140 1664 163 35 nämnda
1332 1663 69 49 sjö.

526 1717 133 37 Såsom
686 1716 159 37 resultat
873 1716 43 36 af
940 1717 124 36 denna
1091 1716 289 48 undersökning
1407 1715 68 37 har
1502 1715 194 49 framgått,
1716 1719 55 33 att
1790 1729 86 22 man
1893 1714 123 37 skulle

421 1769 129 36 kunna
590 1768 117 37 tänka
749 1768 60 49 sig
851 1781 80 24 som
973 1773 53 32 ett
1066 1768 204 37 alternativ
1312 1773 54 31 att
1408 1767 119 49 draga
1555 1768 123 36 banan
1707 1781 139 35 genom
1874 1767 62 36 Mo
1964 1767 52 49 by

422 1821 108 37 öfver
567 1821 332 49 Tandmyrskäret.
955 1821 143 46 Banan,
1138 1833 80 24 som
1260 1820 133 36 därvid
1434 1819 121 37 skulle
1584 1823 49 46 gå
1661 1820 111 36 söder
1800 1833 60 23 om
1889 1819 126 50 Fyrån

423 1874 72 36 och
522 1876 49 47 på
599 1878 97 32 stort
723 1874 149 36 afstånd
902 1873 84 36 från
1015 1872 111 37 Sikås
1155 1873 62 48 by,
1247 1872 119 37 skulle
1394 1872 228 49 visserligen
1649 1872 118 37 blifva
1795 1873 73 35 457
1895 1876 120 32 meter

421 1926 153 36 kortare
621 1930 46 31 än
712 1925 119 49 linjen
877 1925 108 37 öfver
1030 1925 293 47 Prästbodarna,
1370 1938 87 23 men
1498 1924 517 49 anläggningskostnaderna

423 1977 120 38 skulle
585 1978 171 37 däremot
796 1977 149 37 komma
987 1982 54 32 att
1082 1977 92 37 ökas
1206 1977 86 37 med
1320 1976 83 38 icke
1431 1976 145 38 mindre
1605 1982 48 32 än
1682 1978 163 47 333,000
1874 1976 142 37 kronor

421 2031 154 36 utöfver
603 2031 97 47 dem,
731 2043 81 23 som
840 2030 205 37 beräknats
1074 2030 60 36 för
1161 2029 332 49 Prästbodalinjen
1515 2030 120 47 jämte
1653 2029 228 37 tillhörande
1901 2029 114 36 stick-

423 2086 87 46 spår
546 2083 56 36 till
629 2082 364 48 Hammerdalssjön.
1049 2082 53 37 Af
1127 2082 124 37 denna
1280 2081 209 50 anledning
1516 2082 68 36 har
1611 2082 116 48 linjen
1756 2082 108 36 öfver
1892 2081 124 37 Tand-

423 2135 215 49 myrskäret
666 2140 143 32 ansetts
836 2135 84 36 icke
950 2135 91 36 böra
1068 2135 150 36 komma
1245 2135 57 36 till
1330 2134 215 37 utförande.

526 2187 76 37 För
643 2192 54 32 att
738 2187 211 37 emellertid
976 2189 49 47 på
1053 2191 116 33 annat
1197 2192 75 32 sätt
1300 2187 114 37 vinna
1443 2187 64 36 det
1535 2186 86 38 med
1651 2186 45 37 de
1723 2186 148 50 ingifna
1899 2186 115 37 fram-

423 2240 277 49 ställningarna
729 2240 171 49 åsyftade
929 2240 233 36 önskemålet
1189 2240 69 36 har
1281 2239 379 50 järnvägsstyrelsen
1687 2239 84 36 låtit
1798 2239 217 36 undersöka

423 2305 48 23 en
500 2292 91 48 linje
619 2298 127 31 väster
774 2306 60 23 om
864 2291 109 37 Sikås
1002 2292 84 36 med
1114 2292 128 48 bispår
1271 2292 167 36 därifrån
1465 2292 58 36 till
1541 2292 63 36 Mo
1624 2292 51 48 by
1688 2292 121 47 jämte
1829 2291 187 48 stickspår

424 2344 83 37 från
549 2344 123 37 denna
713 2344 50 48 by
803 2343 58 38 till
901 2343 363 50 Hammerdalssjön.
1320 2343 134 39 Denna
1485 2343 91 49 linje
1605 2343 120 38 skulle
1754 2343 118 37 blifva
1901 2345 110 45 3,881
