1888 2778
251 150 38 30 10
565 151 123 31 Första
708 152 246 39 lagutskottets
975 155 178 30 utlåtande
1172 166 44 20 nr
1232 157 42 30 27
1293 157 39 30 år
1353 158 85 30 1963

252 233 318 32 advokatväsendet
606 235 147 32 föreslås
789 237 155 31 ändrade
981 239 104 31 bland
1112 243 108 28 annat
1259 241 48 35 så,
1345 244 51 28 att
1433 243 68 30 den
1526 243 226 41 disciplinära

250 282 337 42 bestraffningsrätt,
621 295 76 21 som
730 296 48 20 nu
812 287 214 31 tillkommer
1060 290 375 32 advokatsamfundets
1471 294 154 38 styrelse,
1663 295 88 30 skall

250 340 123 31 genom
412 333 182 32 föreskrift
630 336 11 29 i
680 336 220 31 samfundets
938 339 140 40 stadgar
1115 340 121 30 kunna
1262 341 206 40 överflyttas
1494 343 44 39 på
1564 346 108 28 annat
1699 353 53 21 or-

250 390 66 32 gan
338 384 98 29 inom
468 385 211 31 samfundet.
713 387 181 40 Därjämte
917 389 134 40 öppnas
1073 391 108 39 enligt
1202 392 264 39 propositionen
1488 393 184 40 möjlighet
1696 395 55 30 för

250 433 183 32 underrätt
459 437 49 28 att
533 435 167 31 förordna
725 438 280 40 stämningsman
1032 439 53 30 för
1111 441 118 39 längre
1255 441 50 30 tid
1330 442 46 30 än
1402 445 49 27 ett
1477 443 49 34 år,
1552 444 79 30 med
1660 445 92 39 skyl-

250 482 117 40 dighet
384 484 90 30 dock
491 485 53 30 för
560 486 113 30 rätten
691 489 49 27 att
757 487 133 40 årligen
905 489 108 39 pröva
1031 489 268 32 förordnandets
1317 492 157 31 bestånd.
1494 493 168 40 Slutligen
1681 495 70 29 för-

250 533 102 30 ordas
375 536 51 28 att
448 538 78 36 part
547 535 57 30 vid
627 535 157 41 fullföljd
809 547 41 20 av
873 539 95 29 talan
993 540 88 29 skall
1104 541 11 29 i
1138 541 64 29 den
1228 542 106 39 högre
1358 543 183 30 instansen
1565 544 118 30 lämna
1707 554 42 21 en

248 591 96 22 mera
372 583 207 42 fullständig
605 586 236 41 bevisuppgift
869 589 45 29 än
944 598 74 21 som
1047 589 54 30 för
1129 591 218 31 närvarande
1375 593 105 31 krävs
1510 594 106 40 enligt
1646 595 103 30 rätte-

249 632 256 40 gångsbalkens
525 635 272 32 bestämmelser.

292 683 117 40 Enligt
437 684 193 41 föreslagen
659 687 149 40 ändring
835 688 11 29 i
874 688 154 31 militära
1056 690 303 41 rättegångslagen
1388 693 88 30 skall
1504 703 138 31 person,
1674 704 75 21 som

248 733 109 39 ålagts
381 734 272 40 disciplinstraff
675 737 82 29 eller
780 738 423 42 ersättningsskyldighet,
1227 742 11 29 i
1262 741 289 34 förekommande
1575 744 62 30 fall
1663 754 85 31 upp-

248 783 93 39 lysas
361 793 58 20 om
439 787 50 28 att
509 786 182 30 auditören
711 787 75 30 icke
805 788 123 30 biträtt
948 789 159 31 beslutet.

289 833 311 42 Lagändringarna
622 836 147 31 föreslås
791 838 101 29 träda
913 839 11 29 i
946 839 96 30 kraft
1064 840 66 30 den
1156 841 13 29 1
1192 841 68 40 juli
1285 842 93 30 1963.

643 990 30 34 I.
688 990 149 35 Avbrott
850 993 13 32 i
877 992 346 47 huvudförhandling
1236 1008 49 21 m.
1297 1008 49 21 m.

289 1085 99 30 Inom
411 1086 415 41 justitiedepartementet
849 1090 66 30 har
939 1092 199 38 upprättats
1162 1102 42 20 en
1228 1093 68 30 den
1320 1094 40 30 20
1386 1094 145 31 oktober
1557 1096 82 30 1962
1665 1096 81 40 dag-

244 1135 151 30 tecknad
413 1138 234 37 promemoria
670 1139 242 36 (stencilerad)
935 1142 81 29 med
1034 1142 131 40 förslag
1182 1144 53 29 till
1253 1144 56 39 lag
1326 1153 57 21 om
1401 1145 135 30 ändrad
1555 1146 130 39 lydelse
1703 1156 43 20 av

246 1186 14 28 1
282 1185 79 40 kap.
383 1186 40 31 15
445 1186 16 37 8
480 1188 338 40 rättegångsbalken.
838 1189 90 31 Över
945 1193 259 38 promemorian
1222 1194 65 29 har
1306 1194 89 30 efter
1412 1195 125 31 remiss
1556 1197 188 38 yttranden

243 1236 147 39 avgivits
413 1246 43 21 av
476 1237 383 41 riksåklagarämbetet,
882 1241 87 30 Göta
991 1242 149 35 hovrätt,
1162 1243 185 31 hovrätten
1370 1245 55 30 för
1447 1246 126 30 Västra
1597 1246 147 40 Sverige,

243 1286 187 31 hovrätten
456 1287 55 30 för
535 1287 87 32 Övre
647 1290 184 34 Norrland,
859 1291 220 31 Stockholms
1106 1293 215 35 rådhusrätt,
1347 1295 250 31 rådhusrätten
1623 1296 11 30 i
1661 1297 84 30 Mal-

242 1337 68 35 mö,
333 1337 219 40 Föreningen
574 1338 155 41 Sveriges
750 1340 335 42 häradshövdingar,
1108 1343 218 41 Föreningen
1349 1345 155 40 Sveriges
1528 1347 216 30 stadsdoma-

242 1396 47 25 re,
307 1387 220 41 Föreningen
546 1389 154 40 Sveriges
719 1390 238 41 landsfogdar,
976 1393 217 40 Föreningen
1213 1394 155 40 Sveriges
1388 1396 254 35 stadsfiskaler,
1662 1398 82 29 För-

242 1437 149 39 eningen
417 1438 154 40 Sveriges
596 1440 250 30 landsfiskaler
870 1442 65 29 och
961 1442 154 40 Sveriges
1140 1444 331 31 advokatsamfund.
1497 1447 246 39 Riksåklagar-

241 1487 152 31 ämbetet
408 1488 65 30 har
489 1490 215 30 överlämnat
719 1491 188 39 yttranden
923 1492 81 30 från
1020 1493 281 41 statsåklagarna
1314 1495 12 29 i
1344 1496 212 35 Stockholm,
1573 1496 170 41 Göteborg

241 1538 64 29 och
329 1538 141 31 Malmö.

286 1587 229 40 Redogörelse
535 1589 55 30 för
609 1590 190 31 innehållet
819 1592 12 29 i
851 1601 89 21 ovan
961 1593 154 30 nämnda
1135 1594 495 41 departementspromemoria
1653 1600 90 27 samt

240 1637 53 29 för
313 1638 151 38 avgivna
481 1640 315 38 remissyttranden
814 1641 137 32 lämnas
971 1644 11 29 i
1002 1644 261 39 propositionen
1283 1645 21 30 å
1323 1655 26 21 s.
1371 1646 137 31 13—18.

239 1754 165 32 Gällande
428 1757 256 31 bestämmelser
707 1769 44 20 m.
774 1769 44 21 m.

283 1839 13 29 I
318 1840 13 29 1
355 1840 81 40 kap.
459 1841 39 29 15
520 1841 15 37 $
557 1841 111 31 första
689 1843 134 39 stycket
843 1844 329 40 rättegångsbalken
1193 1847 140 40 stadgas
1353 1850 52 28 att
1424 1849 183 30 underrätt
1628 1850 29 39 ej
1681 1850 58 30 må

238 1891 84 28 utan
342 1891 200 40 synnerliga
561 1892 75 30 skäl
655 1893 53 29 till
726 1893 350 42 huvudförhandling
1094 1896 44 39 på
1158 1906 135 21 samma
1312 1898 67 40 dag
1398 1900 133 28 utsätta
1549 1899 88 30 flera
1656 1900 81 34 mål,

236 1940 45 29 än
299 1942 51 27 att
369 1941 43 29 de
431 1941 71 30 kan
521 1942 172 30 beräknas
712 1943 48 29 bli
780 1944 175 30 slutförda
974 1945 112 30 under
1104 1955 43 21 en
1166 1947 51 29 tid
1237 1956 43 21 av
1299 1957 59 20 sex
1376 1948 153 32 timmar.
1550 1950 134 30 Hinner
1703 1951 30 39 ej

236 1990 68 29 alla
324 1990 151 31 sålunda
493 1994 131 28 utsatta
643 1993 71 30 mål
732 1993 192 31 behandlas
944 1995 112 30 under
1075 1996 110 40 dagen
1204 1998 83 29 eller
1306 1998 126 30 kräver
1450 2001 49 28 ett
1518 2000 89 29 måls
1626 2000 111 30 hand-

236 2040 163 40 läggning
418 2050 98 22 mera
533 2043 45 29 än
597 2052 42 20 en
659 2043 76 40 dag,
756 2044 89 29 skall
865 2046 277 30 sammanträdet
1161 2047 88 40 pågå
1269 2048 112 30 under
1400 2049 221 40 erforderligt
1640 2051 96 29 antal

235 2090 150 40 helgfria
403 2091 108 40 dagar
529 2093 11 29 i
559 2092 100 41 följd.
679 2094 77 29 Kan
774 2094 305 41 handläggningen
1099 2105 43 21 av
1159 2097 86 30 visst
1264 2098 70 30 mål
1354 2098 173 31 beräknas
1546 2102 80 37 taga
1645 2101 11 29 i
1676 2110 61 20 an-

236 2140 105 38 språk
358 2150 99 21 mera
475 2143 43 29 än
534 2143 57 30 två
609 2144 114 37 dagar,
741 2144 66 35 må,
825 2154 57 20 om
899 2145 56 30 det
971 2146 70 29 kan
1059 2147 58 29 ske
1136 2149 83 28 utan
1237 2148 189 37 olägenhet,
1444 2149 138 30 avbrott
1599 2151 10 28 i
1627 2151 111 29 hand-

235 2191 221 40 läggningen,
483 2192 38 30 så
546 2194 99 39 länge
673 2195 276 30 sammanträdet
975 2196 117 40 pågår,
1118 2197 65 40 äga
1208 2207 80 21 rum
1314 2199 112 30 under
1450 2200 103 40 högst
1578 2201 58 30 två
1663 2201 73 30 söc-

233 2241 179 40 kendagar
431 2242 12 30 i
462 2243 133 30 veckan
614 2244 94 34 eller,
728 2254 57 20 om
806 2245 175 31 särskilda
1002 2247 75 29 skäl
1098 2247 199 30 föranleder
1317 2249 128 34 därtill,
1466 2250 103 40 högst
1588 2253 52 27 tre
1662 2251 73 29 söc-

233 2292 179 40 kendagar
429 2292 12 30 i
458 2293 142 30 veckan.

278 2341 170 39 Reglerna
470 2343 11 29 i
506 2344 14 29 1
545 2342 79 40 kap.
650 2344 39 30 15
714 2345 15 37 $
754 2344 111 31 första
889 2346 134 38 stycket
1045 2346 66 30 blir
1134 2354 122 32 genom
1281 2348 252 41 hänvisningar
1556 2350 10 29 i
1590 2350 40 29 50
1654 2350 79 39 kap.

235 2391 39 28 15
295 2391 28 37 $,
341 2393 38 29 51
400 2393 79 37 kap.
501 2394 36 29 15
559 2393 15 37 8
595 2394 65 30 och
678 2395 39 30 55
736 2395 78 38 kap.
835 2396 36 30 15
894 2396 15 36 $
930 2396 208 40 tillämpliga
1156 2398 88 30 även
1262 2399 45 39 på
1326 2399 219 30 förfarandet
1565 2399 10 30 i
1595 2400 140 31 hovrätt

232 2441 66 29 och
319 2441 127 40 högsta
469 2442 205 32 domstolen.
