1868 2778
261 163 61 30 106
616 165 285 30 Statsutskottets
923 166 178 30 utlåtande
1120 176 43 20 nr
1184 167 37 29 11
1242 167 39 29 år
1301 168 83 29 1956

258 243 102 39 eljest
377 244 45 39 på
440 244 277 31 föranstaltande
736 254 43 21 av
796 245 412 40 hälsovårdsmyndighet
1225 247 11 29 i
1255 247 190 30 framtiden
1461 248 98 29 torde
1579 248 47 29 bli
1645 248 100 29 aktu-

258 296 44 29 ell
328 296 12 29 i
366 297 114 39 någon
506 297 213 40 omfattning
745 307 43 20 av
812 298 175 39 betydelse
1014 299 124 30 endast
1165 300 10 29 i
1201 300 165 29 händelse
1394 310 42 20 av
1462 301 173 29 inträffad
1661 301 83 29 eller

257 349 152 30 hotande
427 350 373 40 smittkoppsepidemi,
817 360 102 21 anses
935 352 111 29 medel
1064 352 55 30 för
1135 352 118 40 dylika
1269 353 234 39 ersättningar
1519 353 75 30 icke
1611 353 132 30 behöva

256 401 173 31 beräknas
451 403 142 30 särskilt
614 403 55 30 för
690 405 101 28 nästa
811 404 179 39 budgetår.

301 454 13 29 I
340 454 94 30 detta
459 456 254 39 sammanhang
739 456 157 30 anmäler
921 457 395 39 deparlementschefen,
1341 460 50 28 att
1416 459 154 29 Svenska
1594 459 150 29 livrädd-

257 507 295 40 ningssällskapet
578 508 93 39 gjort
695 509 261 40 framställning
983 519 56 20 om
1067 510 210 39 statsbidrag
1303 511 79 29 med
1409 511 16 29 6
1443 511 62 30 000
1531 512 131 29 kronor
1689 512 54 29 för

257 561 50 28 att
323 560 155 30 anordna
496 570 43 20 en
555 561 86 30 kurs
657 561 54 30 för
728 562 198 39 utbildning
942 572 42 20 av
1001 563 229 39 bevaknings-
1247 564 65 29 och
1328 564 414 40 livräddningspersonal,

257 613 129 29 avsedd
407 613 54 30 för
480 613 110 40 livligt
612 614 264 30 frekventerade
897 615 209 39 badplatser.
1128 616 78 29 Med
1226 616 137 39 hänsyn
1382 617 52 29 till
1455 617 57 30 det
1533 619 94 28 stora
1648 617 94 30 antal

255 665 377 40 drunkningsolyckor,
655 676 73 20 som
747 667 133 39 årligen
899 667 167 30 inträffar
1092 669 4 29 i
1116 669 169 29 samband
1304 670 79 29 med
1402 670 77 33 bad,
1499 679 103 21 anser
1621 670 122 39 depar-

255 718 276 30 tementschefen
552 719 58 29 det
630 719 189 39 angeläget,
840 722 51 28 att
912 720 66 30 den
999 721 266 39 ifrågavarande
1285 722 131 30 kursen
1436 723 71 29 kan
1526 723 143 29 komma
1689 723 52 29 till

256 770 103 30 stånd
387 771 114 30 såsom
527 774 49 27 ett
604 772 55 29 led
684 773 11 29 i
723 773 232 30 strävandena
981 776 50 27 att
1057 773 141 30 minska
1224 774 331 40 olycksfrekvensen
1582 776 66 30 och
1675 776 68 30 till-

256 823 137 39 styrker
412 824 130 34 därför,
565 826 50 28 att
636 824 433 41 livräddningssällskapet
1088 827 147 39 beviljas
1255 827 58 30 det
1333 828 150 39 begärda
1502 828 168 40 bidraget,
1691 830 50 28 att

254 876 172 30 bestridas
452 877 79 29 från
557 877 228 30 förevarande
811 878 131 39 anslag.

298 929 278 30 Medelsbehovet
601 930 10 29 i
637 930 110 39 övrigt
772 931 111 29 under
909 931 155 39 anslaget
1089 932 173 30 beräknas
1287 933 52 29 till
1364 933 40 30 30
1419 933 62 30 000
1506 934 142 29 kronor.
1673 934 69 29 An-

255 981 109 39 slaget
385 982 146 30 föreslås
554 982 144 40 uppfört
719 983 79 29 med
820 984 12 28 i
853 985 83 28 runt
957 984 48 29 tal
1028 984 40 30 35
1084 985 62 29 000
1169 985 140 30 kronor.

300 1064 185 39 Utskottet,
509 1074 75 21 som
606 1066 70 29 inte
698 1066 119 30 funnit
839 1067 187 40 anledning
1048 1068 52 29 till
1122 1068 142 30 erinran
1284 1071 73 28 mot
1378 1069 125 40 Kungl.
1525 1070 125 39 Maj:ts
1673 1070 69 30 för-

255 1117 84 39 slag,
354 1118 213 35 hemställer,

609 1174 50 28 att
673 1173 187 39 riksdagen
874 1173 58 30 må
947 1174 51 29 till
1016 1174 99 30 Vissa
1128 1174 191 30 kostnader
1331 1176 57 38 för
1401 1175 130 30 allmän
1546 1176 115 30 hälso-
1676 1176 64 30 och

564 1225 171 39 sjukvård
752 1226 55 30 för
824 1227 205 39 budgetåret
1049 1228 139 36 1956/57
1207 1228 120 30 anvisa
1344 1231 48 27 ett
1409 1229 274 40 förslagsanslag
1700 1239 42 20 av

564 1279 41 29 35
620 1279 62 30 000
699 1279 141 30 kronor.

294 1392 115 35 124:0)
435 1393 168 37 Lindring
626 1395 11 29 i
660 1394 437 32 läkarvårdskostnaderna
1122 1397 56 29 för
1202 1398 134 28 mindre
1361 1397 198 30 bemedlade
1582 1399 20 28 å
1627 1398 113 29 lands-

251 1445 145 35 bygden.
424 1447 12 28 I
464 1447 152 39 enlighet
644 1448 78 29 med
749 1448 126 39 Kungl.
903 1449 124 39 Maj:ts
1055 1449 131 40 förslag
1220 1450 129 39 (punkt
1379 1451 70 34 138,
1479 1461 25 20 s.
1533 1452 206 33 360—362),

252 1499 108 29 vilket
377 1499 145 30 innebär
540 1500 213 30 oförändrad
772 1501 328 40 medelsanvisning,
1119 1503 202 29 hemställer
1339 1504 180 34 utskottet,

607 1555 51 28 att
672 1554 187 39 riksdagen
875 1555 57 29 må
947 1555 52 29 till
1014 1556 170 39 Lindring
1201 1556 11 29 i
1227 1556 441 31 läkarvårdskostnaderna
1683 1558 57 39 för

562 1607 137 30 mindre
717 1607 200 30 bemedlade
935 1608 19 29 å
971 1609 239 39 landsbygden
1227 1609 54 30 för
1298 1610 204 39 budgetåret
1522 1611 139 37 1956/57
1681 1620 59 21 an-

562 1659 75 31 visa
655 1662 47 28 ett
720 1660 272 41 förslagsanslag
1011 1671 42 20 av
1071 1662 40 30 50
1127 1662 62 30 000
1207 1663 140 29 kronor.

293 1774 115 34 125:0)
435 1775 205 30 Förbättrad
659 1775 166 35 sjukvård
845 1777 94 29 inom
957 1778 107 29 rikets
1083 1778 359 30 ödemarksområden.
1462 1780 12 28 I
1494 1780 150 37 enlighet
1662 1780 77 29 med

251 1826 127 40 Kungl.
394 1827 123 39 Maj:ts
534 1828 131 39 förslag
687 1829 130 39 (punkt
835 1829 71 34 139,
925 1839 25 20 s.
966 1830 63 29 362
1046 1831 65 29 och
1128 1831 96 34 363),
1240 1831 107 30 vilket
1362 1832 145 29 innebär
1524 1832 214 30 oförändrad

250 1880 329 40 medelsanvisning,
602 1881 202 30 hemställer
828 1883 180 34 utskottet,

606 1937 50 27 att
671 1935 187 39 riksdagen
873 1936 57 29 må
945 1936 52 29 till
1012 1937 212 29 Förbättrad
1237 1937 172 39 sjukvård
1424 1938 93 30 inom
1534 1939 109 29 rikets
1659 1939 79 30 öde-

560 1988 290 30 marksområden
879 1989 54 29 för
960 1990 206 38 budgetåret
1195 1990 138 37 1956/57
1362 1991 121 30 anvisa
1510 1994 48 27 ett
1586 2001 153 21 reserva-

561 2041 215 40 tionsanslag
795 2051 42 20 av
858 2042 38 29 10
911 2042 62 30 000
991 2043 142 29 kronor.

291 2155 114 34 126:0)
432 2155 302 36 Sjuktransporter
759 2159 76 28 med
862 2157 165 36 flygplan.
1055 2159 13 29 I
1094 2159 149 38 enlighet
1268 2160 78 29 med
1371 2161 123 37 Kungl.
1521 2161 120 36 Maj:ts
1668 2161 69 30 för-

251 2208 72 38 slag
348 2208 129 39 (punkt
498 2209 72 34 140,
591 2219 25 20 s.
637 2210 61 29 363
719 2211 64 28 och
802 2210 96 34 364),
918 2211 106 30 vilket
1044 2212 146 29 innebär
1210 2222 42 20 en
1271 2213 130 39 ökning
1421 2223 42 20 av
1481 2214 156 39 anslaget
1657 2215 79 29 med

250 2261 39 29 25
305 2261 63 30 000
390 2262 139 34 kronor,
554 2265 91 27 samt
667 2263 110 30 under
798 2264 211 39 hänvisning
1031 2265 52 29 till
1106 2266 66 28 vad
1195 2266 170 29 utskottet
1386 2266 102 30 anför
1510 2268 111 29 under
1643 2269 94 28 näst-

250 2314 157 39 följande
425 2316 123 39 punkt,
567 2316 202 30 hemställer
787 2317 181 34 utskottet,

604 2371 50 27 att
680 2370 188 39 riksdagen
894 2370 57 30 må
978 2371 52 29 till
1056 2371 310 40 Sjuktransporter
1391 2373 80 29 med
1496 2373 158 40 flygplan
1683 2374 54 29 för

559 2422 205 39 budgetåret
804 2424 139 36 1956/57
983 2424 120 30 anvisa
1142 2427 49 27 ett
1229 2425 270 40 förslagsanslag
1538 2436 42 20 av
1618 2427 40 29 90
1673 2426 62 30 000

559 2476 141 29 kronor.
