1874 2780
492 152 285 32 Statsutskottets
798 149 180 31 utlåtande
998 158 43 20 nr
1061 148 37 29 11
1119 147 40 30 år
1179 147 83 29 1956
1604 140 19 30 3

490 236 50 28 att
559 233 187 38 riksdagen
765 231 57 30 må
842 230 52 30 till
913 226 431 40 Inrikesdepartementet:
1366 220 259 34 Omkostnader

446 287 54 30 för
521 286 205 39 budgetåret
749 283 139 38 1956/57
911 282 121 30 anvisa
1054 283 49 28 ett
1124 277 273 41 förslagsanslag
1420 285 43 21 av
1487 274 59 31 143
1561 274 63 30 000

444 341 142 29 kronor.

179 449 76 34 3:0)
283 446 391 36 Beredskapsnämnden
694 445 56 29 för
769 442 240 37 psykologiskt
1027 441 148 29 försvar.
1195 439 13 29 I
1228 437 152 40 enlighet
1399 435 80 31 med
1499 433 126 40 Kungl.

135 503 124 39 Maj:ts
281 501 131 40 förslag
439 500 130 40 (punkt
590 499 29 35 3,
641 508 26 20 s.
689 497 53 35 4),
763 497 108 30 vilket
891 495 148 30 innebär
1060 492 214 31 oförändrad
1295 484 330 49 medelsanvisning,

135 555 201 31 hemställer
361 554 182 33 utskottet,

492 609 50 28 att
557 606 188 38 riksdagen
760 604 57 29 må
832 603 53 30 till
900 598 398 41 Beredskapsnämnden
1313 598 57 39 för
1384 594 242 42 psykologiskt

445 659 139 40 försvar
605 658 55 30 för
681 656 205 40 budgetåret
911 654 139 37 1956/57
1075 653 120 30 anvisa
1218 653 48 29 ett
1288 648 273 41 förslagsanslag
1584 656 42 21 av

446 713 41 30 45
502 712 63 31 000
587 712 142 29 kronor.

416 889 328 38 Medicinalstaten
763 895 99 28 samt
880 886 128 36 hälso-
1028 885 73 35 och
1120 882 232 49 sjukvården

181 987 76 33 4:0)
286 983 370 36 Medicinalstyrelsen:
683 980 222 36 Avlöningar.
929 978 127 40 Kungl.
1081 977 106 39 Maj:t
1210 977 64 29 har
1304 974 131 41 (punkt
1458 973 30 34 4,
1514 982 25 21 s.
1564 972 65 30 5—

140 1041 55 33 16)
226 1039 181 39 föreslagit
433 1037 187 39 riksdagen
647 1038 50 27 att
723 1035 74 30 dels
822 1033 210 39 bemyndiga
1059 1030 125 40 Kungl.
1211 1029 105 39 Maj:t
1343 1030 51 28 att
1420 1027 139 38 vidtaga
1586 1025 42 30 de

137 1094 188 38 ändringar
355 1093 11 29 i
396 1088 432 43 personalförteckningen
858 1087 56 30 för
944 1083 370 40 medicinalstyrelsen,
1345 1081 95 30 vilka
1468 1078 160 42 påkallas

138 1157 42 21 av
194 1147 67 30 vad
278 1143 386 43 departementschefen
682 1141 189 39 föreslagit,
889 1140 74 29 dels
980 1139 185 39 godkänna
1183 1146 42 21 av
1241 1132 387 43 departementschefen

138 1200 166 31 förordad
336 1198 255 39 avlöningsstat
623 1196 55 30 för
710 1192 371 40 medicinalstyrelsen,
1115 1193 50 28 att
1197 1189 178 40 tillämpas
1406 1187 72 30 tills
1510 1185 118 31 vidare

138 1254 43 29 fr.
206 1263 30 21 o.
262 1263 46 20 m.
332 1251 207 40 budgetåret
567 1248 151 38 1956/57,
744 1247 74 31 dels
843 1247 64 30 ock
934 1246 52 30 till
1012 1242 374 40 Medicinalstyrelsen:
1416 1239 213 39 Avlöningar

139 1308 54 29 för
214 1306 155 30 nämnda
388 1304 170 40 budgetår
579 1302 121 31 anvisa
720 1304 48 27 ett
789 1298 273 41 förslagsanslag
1084 1307 42 21 av
1146 1297 18 30 3
1181 1296 60 30 120
1256 1296 63 30 000
1339 1295 142 29 kronor.

182 1412 165 40 Anslaget
370 1413 39 28 är
431 1412 12 29 i
467 1409 159 40 gällande
650 1408 146 29 riksstat
819 1406 145 40 uppfört
987 1405 79 30 med
1092 1404 18 30 2
1125 1403 62 30 823
1202 1402 62 30 000
1288 1402 142 29 kronor.

182 1463 395 43 Departementschefen
609 1460 171 34 förordar,
814 1462 50 27 att
896 1458 236 38 beredningen
1165 1466 42 20 av
1238 1456 94 29 vissa
1364 1452 266 32 trafikärenden

139 1529 45 21 m.
207 1529 46 20 m.
276 1519 45 40 på
343 1516 300 39 medicinalbyrån
667 1513 204 40 överflyttas
896 1512 52 30 till
971 1521 43 20 en
1039 1510 151 30 särskild
1213 1507 264 39 föredragande.
1503 1505 126 30 Vidare

139 1572 192 40 tillstyrkes
360 1573 51 28 att
440 1568 280 40 föredraganden
748 1567 12 30 i
788 1564 309 32 rättsmedicinska
1126 1562 151 30 ärenden
1306 1561 45 40 på
1381 1569 135 21 samma
1544 1558 86 39 byrå

139 1626 142 30 beredes
308 1624 138 30 tillfälle
474 1625 50 28 att
551 1623 11 29 i
589 1622 91 29 ökad
708 1619 245 39 utsträckning
981 1619 89 38 ägna
1099 1617 50 39 sig
1176 1616 35 30 åt
1237 1615 45 30 bl.
1311 1624 29 20 a.
1369 1614 41 29 de
1437 1612 193 39 väsentliga

140 1679 165 39 frågorna
334 1687 58 21 om
422 1673 464 33 rättsmedicinalväsendets
917 1670 237 40 organisation
1185 1669 64 30 och
1279 1668 119 30 vidare
1430 1664 200 41 utbyggnad

141 1741 123 31 genom
285 1731 197 38 avlastning
503 1739 42 20 av
563 1729 93 29 vissa
676 1736 96 21 mera
791 1724 268 31 rutinbetonade
1080 1723 163 30 ärenden.
1264 1722 67 29 För
1351 1721 96 29 detta
1467 1718 163 31 ändamål

140 1787 62 29 bör
231 1784 167 31 anställas
427 1793 44 20 en
498 1783 119 29 läkare
646 1781 79 29 med
755 1778 198 39 utbildning
981 1778 11 29 i
1021 1776 162 41 patologi.
1212 1776 65 29 Det
1306 1773 161 31 förordas
1496 1774 50 28 att
1575 1771 56 30 för

140 1838 268 39 ifrågavarande
427 1836 91 30 båda
537 1834 163 31 ändamål
718 1851 45 3 —
781 1831 260 39 handläggning
1062 1839 41 20 av
1122 1827 266 31 trafikärenden
1406 1835 46 21 m.
1473 1835 45 20 m.
1540 1826 91 29 samt

142 1901 42 20 av
201 1892 93 29 vissa
313 1888 309 32 rättsmedicinska
641 1886 153 30 ärenden
812 1903 44 3 —
875 1885 122 28 utöver
1017 1885 48 27 ett
1085 1881 209 40 disponibelt
1312 1880 126 38 belopp
1458 1888 56 20 om
1534 1877 20 30 4
1568 1877 63 30 300

142 1945 130 28 kronor
290 1942 201 40 ytterligare
510 1941 11 29 i
539 1941 83 28 runt
641 1939 47 29 tal
710 1938 38 29 10
763 1937 62 30 000
844 1937 132 29 kronor
996 1934 118 31 ställes
1133 1934 52 29 till
1206 1932 188 40 styrelsens
1414 1930 217 39 förfogande.

141 1998 65 29 Det
230 1996 148 31 föreslås
403 1995 37 30 få
465 1995 189 29 ankomma
679 1992 45 40 på
749 1991 125 39 Kungl.
900 1989 106 39 Maj:t
1032 1991 51 28 att
1107 1987 158 30 meddela
1290 1985 228 39 erforderliga
1543 1984 90 29 före-

143 2050 143 31 skrifter
309 2048 150 31 rörande
483 2048 68 29 den
575 2047 162 28 närmare
762 2043 244 39 fördelningen
1030 2051 42 21 av
1096 2040 154 30 nämnda
1273 2039 90 30 båda
1387 2038 134 39 belopp.

186 2103 295 39 Kameralbyråns
507 2100 184 38 avdelning
719 2098 53 30 för
800 2096 337 39 sinnessjukhusens
1164 2092 229 31 ekonomiska
1419 2090 214 38 förvaltning

143 2157 147 31 föreslås
310 2156 99 29 skola
428 2154 151 30 tillföras
599 2162 43 20 en
661 2150 197 39 befattning
880 2149 116 30 såsom
1016 2146 269 41 byråintendent
1305 2146 11 28 i
1336 2144 166 39 lönegrad
1523 2143 42 30 Ce
1580 2143 52 29 29.

143 2209 247 38 Befattningen
414 2216 103 21 anses
540 2205 79 30 med
643 2205 137 37 hänsyn
804 2203 51 29 till
880 2203 100 28 arten
1004 2210 42 20 av
1069 2200 41 29 de
1134 2199 79 29 med
1237 2198 206 29 densamma
1467 2195 166 30 förenade

143 2261 342 39 arbetsuppgifterna
508 2259 84 29 böra
616 2256 212 30 förbehållas
853 2254 154 30 sökande
1031 2252 79 30 med
1135 2244 498 49 intendentskvalifikationer.

189 2314 64 29 Det
276 2312 193 40 tillstyrkes
493 2312 50 28 att
566 2309 44 40 på
634 2307 265 40 sjukhusbyrån
923 2305 166 29 anställes
1113 2312 43 21 en
1178 2301 304 31 kontorsskrivare
1507 2301 10 29 i
1541 2300 94 28 löne-

143 2368 84 39 grad
250 2367 43 30 Ce
310 2366 49 29 19.

188 2421 74 29 Den
287 2419 116 33 ritare,
431 2426 74 21 som
532 2415 171 31 alltsedan
729 2414 66 29 den
824 2413 14 29 1
867 2411 140 39 augusti
1036 2410 83 30 1949
1145 2409 77 30 med
1249 2407 178 31 anlitande
1455 2416 42 20 av
1522 2405 112 31 medel

145 2473 80 31 från
253 2474 132 28 statens
414 2470 178 30 allmänna
622 2465 273 41 fastighetsfond
923 2464 90 30 varit
1043 2462 150 30 anställd
1223 2462 115 29 såsom
1366 2460 134 30 biträde
1529 2459 35 30 åt
1592 2459 42 30 de
