2184 2620
711 189 256 31 Statsutskottets
988 189 168 31 utlåtande
1180 190 52 30 Nr
1258 193 66 28 117.
1794 191 17 30 7

321 273 111 36 Detta
473 273 165 47 innebär,
680 279 52 30 att
769 273 71 36 den
869 287 80 22 som
979 274 209 36 tillerkänts
1217 275 162 35 livränta
1407 275 88 36 eller
1522 274 214 47 understöd,
1767 275 46 35 då

217 325 198 48 olycksfall
457 325 159 36 medfört
656 325 57 36 för
754 326 201 35 framtiden
997 326 204 36 bestående
1231 327 134 35 förlust
1399 340 45 22 av
1473 327 338 47 arbetsförmågan,

217 376 120 37 skulle
366 377 80 35 utfå
475 390 45 23 en
549 377 95 48 årlig
672 377 158 37 livränta
859 378 87 35 eller
974 378 202 36 understöd
1207 391 47 22 av
1285 380 73 34 600
1388 379 145 35 kronor.
1582 379 55 35 Då
1666 379 146 48 olycks-

219 428 63 36 fall
324 428 163 36 medfört
528 428 219 49 minskning
788 429 9 35 i
840 429 336 49 arbetsförmågan,
1219 430 121 35 skulle
1381 444 49 22 nu
1460 430 188 48 utgående
1676 430 137 48 belopp

217 481 113 35 också
361 479 227 37 fördubblas.

318 531 72 35 Till
432 531 98 35 änka
570 531 167 35 kommer
778 535 54 31 att
871 534 94 45 utgå
1006 545 47 22 en
1092 532 94 47 årlig
1228 533 161 35 livränta
1417 533 88 35 eller
1533 532 203 36 understöd
1767 546 46 22 av

217 584 73 34 240
319 582 138 36 kronor
485 582 70 36 och
583 582 54 35 till
667 583 100 48 varje
796 583 245 48 minderårigt
1071 583 90 36 barn
1195 596 46 23 en
1275 584 97 48 årlig
1391 584 161 35 livränta
1571 584 89 35 eller
1676 584 136 35 under-

216 634 82 36 stöd
327 647 46 23 av
405 636 70 34 120
505 634 147 36 kronor.

318 685 265 36 Kostnaderna
613 686 56 35 för
697 699 45 22 en
772 685 116 36 sådan
917 686 221 48 förhöjning
1165 691 137 44 utgöra
1330 687 91 48 inga
1449 687 206 35 avsevärda
1675 687 137 48 belopp

215 737 69 36 och
322 738 152 35 komma
502 742 54 31 att
584 737 166 36 minskas
779 738 66 35 allt
874 739 94 35 efter
996 751 80 23 som
1106 738 176 36 livränte-
1311 739 89 35 eller
1427 738 386 49 understödstagarna

216 789 88 36 falla
345 789 128 36 undan
507 789 89 36 eller
624 789 149 36 komma
801 790 56 35 till
886 790 115 35 sådan
1032 790 114 48 ålder,
1177 796 52 30 att
1258 790 45 36 de
1332 790 81 37 icke
1442 791 130 48 längre
1601 791 36 35 få
1665 791 148 48 åtnjuta

214 841 181 36 livräntor
423 841 87 36 eller
536 840 213 37 understöd.

317 892 85 36 Med
431 892 229 48 hänvisning
687 893 56 35 till
772 892 72 37 den
874 895 19 33 å
922 892 66 36 sid.
1020 894 47 34 20
1096 893 11 35 i
1135 893 142 48 Kungl.
1307 893 127 48 Maj:ts
1462 894 230 48 proposition
1716 907 95 35 upp-

213 944 146 35 rättade
387 943 162 37 tabellen
578 948 88 31 över
694 944 192 46 livräntor,
915 944 190 48 utgående
1133 945 119 47 enligt
1284 946 96 34 1901
1411 948 58 32 års
1498 945 64 48 lag
1586 945 88 35 eller
1693 945 119 48 enligt

214 995 11 35 i
254 1008 143 23 samma
425 996 64 48 lag
517 995 164 48 angivna
709 995 167 49 grunder
904 995 56 36 till
988 996 11 35 i
1028 1000 141 32 statens
1197 996 119 48 tjänst
1344 996 163 36 skadade
1540 996 168 37 arbetare
1724 997 88 36 eller

214 1047 107 36 deras
364 1047 263 47 efterlevande,
671 1047 151 36 komma
862 1047 254 36 kostnaderna
1159 1048 57 36 för
1244 1047 62 36 det
1335 1061 46 22 av
1409 1048 78 48 mig
1515 1048 194 36 förordade
1738 1049 74 35 för-

214 1099 142 49 slagets
385 1099 297 48 genomförande
710 1104 55 31 att
794 1099 170 36 medföra
991 1099 58 36 för
1077 1100 227 36 statsverket
1332 1100 12 35 1
1373 1100 111 48 årligt
1511 1100 135 49 belopp
1670 1102 139 45 45,075

213 1151 150 48 kronor,
393 1151 85 37 med
506 1156 53 31 ett
588 1151 259 49 kapitalvärde
875 1151 72 36 den
977 1150 45 41 '/1
1055 1153 96 35 1918
1181 1165 48 22 av
1258 1153 165 46 657,000
1452 1152 174 36 kronor.»

316 1254 68 37 Att
413 1254 176 49 åtgärder
615 1254 90 36 böra
733 1254 175 49 vidtagas
935 1254 13 36 i
975 1255 99 49 syfte
1103 1260 53 31 att
1184 1255 136 36 bereda
1349 1255 45 36 de
1422 1269 189 36 personer,
1641 1256 167 49 proposi-

212 1306 128 36 tionen
383 1319 118 34 avser,
530 1306 117 49 högre
688 1306 183 36 livräntor
911 1307 70 36 och
1008 1307 216 47 understöd,
1255 1312 47 31 än
1331 1320 81 23 som
1440 1310 92 46 utgå
1560 1308 119 48 enligt
1711 1309 95 35 1901

212 1360 58 33 års
299 1358 532 48 olycksfallsförsäkringslag,
860 1358 67 36 har
954 1372 47 22 av
1030 1358 159 36 sistlidet
1218 1361 58 33 års
1305 1359 156 48 riksdag
1488 1360 232 36 framhållits.

314 1409 73 37 Vid
428 1409 189 49 prövning
649 1422 46 23 av
723 1409 45 36 de
796 1409 154 48 förslag,
981 1423 81 23 som
1091 1423 46 23 av
1166 1410 143 48 Kungl.
1339 1410 107 49 Maj:t
1475 1411 69 36 och
1573 1411 235 36 motionären

210 1474 51 22 nu
291 1461 209 48 framlagts,
529 1461 66 36 har
621 1460 186 37 utskottet
835 1461 125 36 funnit
989 1461 128 36 starka
1146 1461 82 36 skäl
1255 1462 76 36 tala
1360 1462 68 48 för,
1450 1467 52 31 att
1519 1463 290 48 ifrågavarande

211 1513 181 36 livräntor
433 1513 69 36 och
543 1512 204 37 understöd
777 1516 115 33 måtte
920 1513 128 36 kunna
1075 1513 160 49 beviljas
1264 1514 56 35 till
1349 1514 117 49 högre
1493 1513 137 51 belopp
1659 1520 48 31 än
1735 1515 73 36 vad

211 1565 140 48 Kungl.
381 1564 107 50 Maj:t
516 1564 205 49 ifrågasatt.
777 1565 86 36 Med
892 1565 149 49 hänsyn
1068 1565 55 36 till
1151 1565 73 37 den
1251 1566 225 47 varsamhet,
1497 1567 183 36 utskottet
1700 1580 109 23 anser

210 1616 91 37 böra
336 1616 190 49 iakttagas
555 1620 20 33 å
603 1622 141 31 statens
772 1616 177 49 samtliga
975 1617 331 48 utgiftsområden,
1336 1617 67 37 har
1428 1618 185 37 utskottet
1640 1619 168 36 emeller-

210 1668 53 36 tid
304 1668 81 37 icke
426 1668 124 36 funnit
591 1669 60 48 sig
682 1669 128 36 kunna
838 1669 150 36 förorda
1017 1682 47 23 en
1091 1672 40 33 så
1160 1670 182 36 avsevärd
1372 1670 143 49 ökning
1543 1684 46 22 av
1618 1670 191 37 desamma

210 1733 81 23 som
333 1720 73 37 den
435 1734 46 22 av
514 1721 235 36 motionären
778 1721 227 48 föreslagna,
1034 1726 90 31 utan
1152 1721 68 36 har
1247 1721 187 37 utskottet
1463 1727 122 32 ansett
1614 1723 193 48 försiktig-

209 1772 111 36 heten
349 1772 127 50 bjuda,
498 1777 54 31 att
580 1772 191 50 ökningen
800 1773 201 36 fastställes
1029 1773 57 35 till
1116 1775 46 34 75
1194 1772 29 37 Z
1253 1787 46 22 av
1328 1787 50 22 nu
1407 1774 118 48 enligt
1553 1774 163 36 nämnda
1744 1775 65 48 lag

208 1824 188 48 utgående
424 1824 148 49 belopp.
627 1824 72 36 Vid
740 1824 108 37 bifall
876 1824 127 37 härtill
1032 1825 119 36 skulle
1180 1825 84 47 den,
1295 1838 82 24 som
1406 1826 212 36 tillerkänts
1647 1826 161 36 livränta

209 1876 88 37 eller
324 1875 218 49 understöd,
572 1876 45 36 då
646 1876 198 49 olycksfall
872 1876 162 37 medfört
1063 1876 57 37 för
1147 1876 200 37 framtiden
1376 1877 202 37 bestående
1606 1878 135 36 förlust
1760 1892 47 22 av

208 1928 335 49 arbetsförmågan,
571 1928 79 36 utfå
691 1933 54 32 ett
787 1928 136 50 belopp
965 1942 46 23 av
1041 1930 72 35 525
1143 1928 139 37 kronor
1310 1929 59 36 för
1396 1932 40 34 år
1464 1930 69 36 och
1561 1930 120 36 skulle
1710 1930 97 36 änka

208 1980 71 36 och
307 1980 94 36 barn
429 1981 94 35 efter
551 1980 178 47 arbetare,
759 1994 80 23 som
867 1990 138 39 genom
1034 1981 198 49 olycksfall
1261 1981 11 36 1
1301 1986 142 32 statens
1471 1982 116 49 tjänst
1615 1982 99 49 ljutit
1742 1982 64 37 dö-

207 2031 84 49 den,
321 2031 250 37 tillförsäkras
600 2046 46 22 en
674 2033 95 48 årlig
797 2033 162 36 livränta
986 2035 21 33 å
1035 2033 215 48 respektive
1284 2035 74 35 210
1387 2034 71 36 och
1490 2036 69 35 105
1590 2034 149 37 kronor.

311 2083 83 37 Vad
437 2084 141 48 Kungl.
620 2083 108 50 Maj:t
770 2084 193 49 föreslagit
1005 2084 231 37 beträffande
1278 2089 116 32 sättet
1435 2086 57 36 för
1519 2086 211 37 beredande
1760 2099 46 23 av

206 2135 288 48 ifrågavarande
521 2136 368 50 tilläggsersättning
916 2142 97 31 samt
1040 2136 12 37 i
1081 2136 108 49 fråga
1209 2149 60 24 om
1288 2137 183 37 villkoren
1492 2138 57 36 för
1568 2138 238 36 densammas

208 2187 222 49 åtnjutande
457 2188 67 36 har
551 2188 183 36 utskottet
763 2188 123 36 funnit
915 2188 59 49 sig
1001 2188 90 37 böra
1119 2188 200 50 tillstyrka.

313 2239 51 37 På
393 2239 122 49 grund
544 2253 46 23 av
617 2239 72 37 vad
718 2240 158 37 sålunda
904 2240 156 48 anförts,
1090 2240 58 37 får
1174 2240 186 37 utskottet
1388 2241 208 48 hemställa,

1856 1277 146 22 Utskottets

1868 1312 127 29 yttrande.
