2139 2672
356 212 117 33 Första
496 212 201 34 kammarens
721 214 139 33 andra
885 214 166 43 tillfälliga
1073 216 130 33 utskotts
1225 217 162 33 utlåtande
1412 217 53 34 Nr
1489 221 52 30 10.
1717 220 17 31 7

137 303 79 36 sida
258 303 113 37 hinna
413 305 175 49 vidtagas,
634 306 189 49 verkligen
865 308 65 36 bör
968 308 145 48 påkalla
1140 311 110 46 något
1278 309 216 49 ingripande
1523 311 81 36 från
1633 314 102 34 stats-

137 358 209 36 makternas
375 359 88 37 sida.

245 413 186 37 Utskottet
473 414 64 37 vill
582 415 128 37 därvid
748 419 46 44 på
822 417 61 35 det
911 417 240 37 bestämdaste
1180 418 201 46 framhålla,
1412 422 52 34 att
1493 420 61 36 det
1581 420 13 36 i
1632 422 103 35 dessa

138 466 104 46 tider,
274 467 45 35 då
348 469 167 46 åtgärder
544 468 55 36 för
628 470 373 47 egnahemsrörelsens
1029 472 241 36 utvecklande
1299 473 65 35 och
1393 473 55 36 för
1484 474 185 48 skapande
1699 475 39 35 af

138 534 72 34 nya
239 534 92 35 egna
359 523 80 34 hem
472 526 53 33 stå
555 525 46 45 på
630 524 273 48 dagordningen
923 526 66 35 och
1009 526 168 36 omfattas
1197 528 81 35 med
1300 528 61 35 det
1379 528 169 47 lifligaste
1568 529 164 45 intresse,

138 577 113 34 måste
279 588 85 24 vara
393 576 40 35 af
458 577 70 35 den
557 578 88 35 allra
674 581 131 34 största
832 579 195 48 betydelse,
1051 593 55 23 om
1127 593 83 23 man
1229 593 127 35 genom
1377 582 172 48 lämpliga
1568 584 166 47 åtgärder

138 629 124 36 kunde
291 632 115 34 såsom
437 643 92 35 egna
557 632 81 35 hem
668 632 133 37 bevara
829 636 52 33 ett
910 636 113 34 större
1052 635 98 35 antal
1179 635 40 35 af
1244 635 104 36 dessa
1378 638 114 43 2,000
1523 637 208 48 soldattorp.

138 684 73 35 Det
253 689 39 30 är
334 685 108 35 också
484 686 127 36 endast
639 699 45 23 en
716 687 107 36 enkel
851 688 89 46 gärd
969 688 40 36 af
1033 689 152 36 rättvisa
1213 690 67 35 och
1308 690 168 47 billighet
1504 694 75 33 mot
1607 692 44 35 de
1679 695 53 32 ut-

137 737 116 48 tjänta
282 739 203 36 soldaterna
514 740 140 48 själfva,
686 754 55 23 om
772 742 54 44 de,
858 741 12 36 i
899 741 56 36 sin
985 743 161 36 sträfvan
1176 746 52 33 att
1257 744 182 36 förvärfva
1460 757 73 23 som
1555 749 81 44 eget
1650 746 82 35 hem

138 792 70 36 den
236 792 118 37 torfva
383 794 44 35 de
455 793 12 36 i
497 797 129 45 många
656 797 38 34 år
723 796 144 45 brukat,
898 796 136 36 erhålla
1063 798 48 35 all
1140 798 70 35 den
1238 798 100 49 hjälp
1358 799 66 36 och
1444 799 60 36 det
1523 801 207 45 understöd,

138 858 74 24 som
242 847 281 36 statsmakterna
551 848 126 36 kunna
704 850 130 35 lämna.

243 901 233 36 Beträffande
519 903 44 34 de
592 904 177 46 åtgärder,
801 916 74 23 som
904 904 13 35 i
945 906 157 34 nämnda
1131 906 95 47 syfte
1255 906 117 36 skulle
1401 907 125 36 kunna
1555 908 174 48 vidtagas,

135 954 66 36 har
229 954 224 37 motionären
474 959 128 43 ansett,
633 960 53 34 att
714 961 118 33 staten
860 958 64 36 bör
951 960 188 47 uppdraga
1167 962 37 34 åt
1232 961 231 48 sakkunniga
1491 975 170 34 personer
1681 967 52 33 att

136 1009 130 36 fortast
304 1010 142 48 möjligt
486 1012 128 35 utreda
656 1013 136 35 antalet
833 1013 40 35 af
897 1012 138 37 indelta
1063 1014 165 46 soldater,
1260 1027 75 24 som
1364 1015 62 38 vid
1454 1016 166 38 afskedet
1648 1030 84 24 vore

136 1063 126 47 villiga
304 1067 53 33 att
399 1065 183 36 förvärfva
624 1065 79 37 sina
746 1067 207 48 soldattorp,
998 1068 104 36 dessa
1137 1071 99 45 torps
1265 1069 182 37 kamerala
1475 1074 117 42 natur,
1624 1073 107 35 huru-

135 1117 95 45 vida,
273 1118 121 36 därest
435 1122 128 45 torpen
605 1120 169 37 tillhörde
804 1121 176 45 enskilda,
1012 1123 103 35 dessa
1143 1135 85 24 voro
1256 1123 125 48 villiga
1410 1127 52 33 att
1490 1128 45 44 på
1564 1127 69 34 den
1662 1127 70 35 fria

136 1171 410 38 öfverenskommelsens
583 1180 69 42 väg
681 1175 174 36 öfverlåta
888 1179 128 44 torpen
1045 1178 66 34 och
1140 1177 43 36 de
1211 1183 164 31 närmare
1403 1179 179 36 villkoren
1598 1181 130 46 därför,

136 1229 94 33 samt
271 1226 13 36 i
327 1230 39 33 så
412 1227 63 36 fall
502 1228 121 36 tillika
664 1229 212 37 föranstalta
904 1243 56 23 om
989 1231 373 49 köpeafhandlingars
1390 1235 253 45 upprättande,
1674 1248 56 23 om

137 1281 275 46 egnahemslåns
429 1282 247 45 anskaffande,
694 1284 120 35 därest
829 1285 127 35 sådant
971 1297 84 24 vore
1069 1285 137 47 nödigt,
1221 1286 217 48 vidtagande
1450 1288 39 34 af
1498 1288 115 47 öfriga
1623 1289 107 36 erfor-

137 1334 138 48 derliga
290 1335 80 47 laga
386 1337 167 46 åtgärder
569 1336 55 36 för
643 1338 263 48 soldattorpens
922 1338 209 48 lagfarande
1147 1353 45 23 m.
1211 1353 45 23 m.
1287 1341 133 36 Därest
1434 1342 174 48 godvillig
1619 1343 111 36 öfver-

136 1389 262 36 enskommelse
427 1391 132 35 mellan
587 1392 203 35 soldaterna
819 1396 91 32 samt
937 1396 91 33 rust-
1057 1395 66 34 och
1143 1395 239 36 rotehållarne
1401 1396 81 35 icke
1502 1397 72 35 kan
1594 1398 134 45 träffas,

136 1443 102 35 torde
280 1443 87 36 böra
408 1446 102 46 tagas
552 1445 13 35 i
608 1445 274 48 öfvervägande,
913 1447 181 36 huruvida
1122 1449 244 47 soldattorpen
1394 1450 81 36 icke
1503 1451 12 35 i
1545 1452 97 35 detta
1668 1452 64 35 fall

136 1497 87 35 böra
251 1503 105 41 göras
385 1497 57 36 till
470 1498 149 37 föremål
648 1499 55 37 för
732 1503 51 33 ett
812 1500 172 37 särskildt
1012 1502 508 48 expropriationsförfarande.

245 1552 58 35 Då
331 1552 61 35 det
420 1553 150 35 sålunda
600 1566 107 35 synes
737 1566 84 25 vara
849 1555 241 36 motionärens
1118 1557 158 47 mening,
1299 1561 53 33 att
1371 1561 51 33 ett
1437 1560 97 35 antal
1549 1572 180 34 personer,

136 1604 173 49 möjligen
344 1618 45 23 en
424 1607 86 35 eller
538 1607 87 35 flera
652 1607 14 36 i
694 1608 124 48 hvarje
846 1609 71 44 län,
949 1609 116 36 skulle
1093 1610 169 37 tillsättas
1291 1612 55 35 för
1376 1615 52 33 att
1456 1614 203 47 handlägga
1688 1615 43 35 de

136 1659 170 45 ärenden,
339 1671 73 24 som
442 1663 55 33 stå
525 1660 13 36 i
567 1662 174 36 samband
769 1663 82 35 med
870 1663 168 48 frågorna
1056 1666 152 35 rörande
1229 1666 262 48 soldattorpens
1502 1667 227 49 friköpande,

136 1714 67 34 har
231 1714 188 45 utskottet,
451 1727 72 24 som
555 1716 123 36 funnit
706 1716 261 48 tillskapandet
995 1718 39 35 af
1059 1722 52 32 ett
1138 1720 147 35 alldeles
1314 1721 173 36 särskildt
1515 1735 111 34 organ
1641 1723 91 36 blott

137 1767 56 36 för
235 1768 118 35 denna
396 1768 101 48 fråga
526 1782 85 23 vara
646 1783 45 23 en
720 1771 140 36 kanske
889 1771 120 36 alltför
1037 1772 217 48 vidtgående
1283 1776 136 46 åtgärd,
1451 1776 81 35 sökt
1559 1777 99 35 finna
1687 1790 45 22 en

136 1824 113 44 utväg
291 1825 52 33 att
381 1823 81 35 med
505 1823 184 37 anlitande
718 1825 39 35 af
782 1825 111 36 redan
922 1825 185 49 befintliga
1135 1827 218 49 tjänstemän
1380 1829 119 36 utföra
1527 1830 107 37 äfven
1666 1832 66 35 här

137 1875 152 36 berörda
332 1878 136 46 åtgärd.
526 1878 187 36 Utskottet
754 1880 66 34 har
862 1880 127 36 därvid
1030 1880 13 36 i
1085 1882 112 36 första
1233 1883 98 36 hand
1359 1884 107 36 tänkt
1493 1887 46 44 på
1568 1886 43 34 de
1636 1885 94 49 jord-

137 1929 379 49 förmedlingsbyråer,
560 1932 57 35 till
658 1932 144 37 hvilkas
844 1935 242 46 upprättande
1113 1948 126 34 genom
1270 1938 461 48 hushållningssällskapen

137 1983 115 47 enligt
284 1986 97 33 1911
414 1987 56 33 års
500 1985 183 49 Riksdags
712 1987 119 36 beslut
858 1987 197 49 beviljades
1075 1992 51 33 ett
1141 1991 216 47 statsanslag
1374 1992 40 35 af
1428 1994 140 43 20,000
1586 1994 143 35 kronor.

137 2037 126 48 Enligt
292 2038 125 47 kungl.
449 2039 242 48 kungörelsen
720 2041 70 35 den
821 2044 47 33 27
887 2042 150 36 oktober
1055 2045 97 34 1911
1172 2044 93 35 skall
1276 2045 455 50 jordförmedlingsbyråns

137 2091 232 36 verksamhet
414 2093 330 48 »hufvudsakligen
787 2095 75 36 afse
891 2096 75 35 dels
995 2099 52 33 att
1075 2097 153 36 insamla
1256 2100 66 34 och
1351 2100 110 35 bland
1490 2101 241 37 allmänheten

137 2144 123 47 sprida
301 2145 187 48 uppgifter
525 2149 153 34 rörande
706 2148 57 36 till
792 2150 76 34 salu
897 2150 187 47 befintliga
1113 2152 415 48 egnahemslägenheter,
1560 2156 75 35 dels
1664 2156 67 36 ock

137 2202 53 32 att
218 2199 120 36 lämna
367 2200 134 47 köpare
529 2202 41 35 af
594 2203 111 35 sådan
733 2203 169 47 lägenhet
931 2205 60 35 det
1019 2204 144 37 bistånd
1191 2206 63 36 vid
1273 2207 128 47 köpets
1422 2209 202 37 afslutande
1640 2213 92 33 samt

137 2252 62 37 vid
228 2253 117 48 öfriga
372 2254 14 35 i
414 2255 174 36 samband
617 2256 147 36 därmed
794 2258 147 35 stående
969 2258 260 47 förhållanden,
1261 2261 131 36 hvaraf
1417 2263 72 35 han
1518 2264 72 35 kan
1619 2264 112 36 vara
1704 2248 32 63 i

136 2306 121 36 behof.
316 2308 70 36 För
416 2308 224 37 sistnämnda
669 2311 165 35 ändamål
863 2311 93 36 skall
984 2312 64 36 hos
1077 2313 115 48 byrån
1221 2315 116 36 finnas
1353 2317 155 35 anställd
1522 2317 210 49 sakkunnig
