2177 2663
447 106 37 31 16
918 106 232 43 Lagutskottets
1179 107 166 32 Utlåtande
1368 107 62 32 N:o
1454 108 52 31 50.

569 191 127 41 Kungl.
720 191 123 41 Maj:ts
865 191 141 42 förslag.
1465 192 175 34 Utskottets
1664 193 136 43 förslag.

1153 302 44 34 29
1227 299 33 46 8.

535 376 59 45 Är
620 386 63 36 vid
711 386 70 48 köp
809 385 40 36 af
873 386 103 48 gods,
1007 399 79 23 som
1114 387 90 36 skall
1224 387 174 37 aflämnas
1417 387 95 38 efter
1531 388 96 36 hand
1647 389 13 36 i
1679 389 178 36 särskilda
1875 395 135 43 poster,

402 437 160 48 köparen
590 437 134 49 pliktig
750 442 55 31 att
833 439 148 47 erlägga
1008 438 189 49 betalning
1224 439 174 36 särskildt
1420 439 60 36 för
1498 440 126 48 hvarje
1644 446 94 43 post,
1759 441 66 36 och
1843 441 169 36 inträffar

400 488 13 35 i
435 487 171 37 afseende
647 492 21 32 å
695 489 238 47 betalningen
960 489 59 36 för
1045 493 122 45 någon
1194 496 82 42 post
1306 490 184 48 dröjsmål,
1520 504 78 23 som
1626 493 117 48 enligt
1772 494 45 35 28
1845 491 23 46 $
1896 492 115 37 första

401 540 143 48 stycket
572 540 70 36 kan
669 540 147 36 komma
842 541 13 35 1i
882 541 253 45 betraktande,
1164 548 66 40 äge
1258 542 157 48 säljaren
1442 542 110 37 häfva
1580 544 109 48 köpet
1716 543 226 37 beträffande
1966 544 44 36 de

400 596 135 42 poster,
573 604 78 23 som
691 604 127 23 senare
859 592 116 36 skolat
1012 593 185 44 aflämnas,
1227 592 91 37 dock
1346 594 31 47 ej
1408 594 65 36 där
1500 595 49 35 all
1576 595 200 48 anledning
1803 596 128 36 saknas
1959 601 52 31 att

400 641 127 37 befara
554 642 232 48 dröjsmålets
815 643 246 48 upprepande.

1152 730 45 34 30
1225 727 33 45 S.

534 803 74 36 Där
635 804 70 47 köp
733 803 40 36 af
798 804 157 47 säljaren
983 804 126 37 häfves
1136 804 94 37 efter
1257 811 42 44 ty
1326 807 66 35 här
1419 806 101 37 förut
1547 815 40 28 är
1614 808 117 47 sagdt,
1756 808 101 36 skola
1874 808 13 36 i
1906 807 105 48 fråga

401 867 60 23 om
488 854 90 36 hans
604 860 75 30 rätt
706 855 58 36 till
792 856 317 48 skadeersättning
1135 856 45 36 de
1207 857 12 34 i
1248 858 46 34 24
1322 856 23 45 $&
1372 857 104 49 gifna
1503 858 228 47 stadganden
1758 866 68 40 äga
1853 865 157 31 motsva-

400 905 113 36 rande
541 906 247 48 tillämpning.
844 907 137 36 Saknas
1009 907 201 49 utredning
1237 909 188 47 angående
1453 909 147 44 skadan,
1626 910 111 36 varde
1756 910 253 49 ersättningen

400 961 73 31 satt
512 957 57 35 till
609 957 145 48 belopp,
794 958 175 35 hvarmed
1009 958 63 36 vid
1112 958 71 36 den
1210 959 66 44 tid,
1306 959 46 36 då
1379 959 212 49 dröjsmålet
1617 961 181 45 inträdde,
1827 962 183 48 köpeskil-

400 1008 125 48 lingen
552 1011 59 33 må
638 1008 107 36 hafva
772 1008 211 49 öfverstigit
1010 1010 114 48 priset
1154 1013 20 33 å
1200 1010 128 36 sådant
1355 1011 90 49 gods
1473 1024 77 23 som
1579 1012 109 48 köpet
1715 1012 107 36 afser.

1152 1114 43 34 31
1225 1111 33 46 $.

533 1177 58 37 Ar
617 1179 291 48 köpeskillingen
936 1181 32 46 ej
997 1180 128 48 erlagd
1152 1182 88 34 eller
1267 1194 118 23 annan
1414 1183 179 48 köparens
1620 1183 140 47 åtgärd,
1789 1197 77 23 som
1884 1184 14 36 i
1918 1185 45 35 28
1984 1182 23 45 $

400 1228 106 45 afses,
548 1230 30 46 ej
620 1230 184 46 vidtagen,
847 1231 156 35 änskönt
1033 1231 112 43 tiden,
1175 1231 46 37 då
1248 1232 131 36 sådant
1406 1233 82 36 bort
1515 1234 73 44 ske,
1618 1241 40 29 är
1684 1235 98 44 inne,
1811 1235 67 36 och
1906 1242 39 28 är
1973 1236 30 46 ej

398 1280 130 48 godset
555 1281 165 35 kommet
746 1282 13 34 i
786 1281 178 49 köparens
992 1282 215 49 besittning,
1232 1297 85 22 vare
1336 1284 168 47 säljaren,
1525 1285 65 35 där
1609 1285 71 36 han
1700 1285 40 36 af
1754 1287 160 47 köparen
1932 1286 75 35 till-

399 1331 149 47 spörjes,
570 1332 185 35 huruvida
774 1332 72 36 han
865 1332 152 37 oansedt
1035 1333 213 48 dröjsmålet
1266 1335 66 35 vill
1350 1334 181 37 vidblifva
1549 1336 121 48 köpet,
1691 1337 133 49 pliktig
1843 1341 53 32 att
1916 1342 91 31 utan

398 1382 160 48 oskäligt
586 1383 172 47 uppehåll
785 1383 100 47 gifva
911 1384 160 47 köparen
1099 1385 239 36 meddelande
1365 1386 139 35 därom.
1559 1386 219 38 Underlåtes
1806 1389 72 43 det,
1899 1387 108 36 hafve

398 1433 155 46 säljaren
591 1433 154 36 förlorat
785 1435 56 35 sin
879 1440 74 30 rätt
993 1439 54 31 att
1074 1434 128 38 kräfva
1229 1437 128 47 köpets
1384 1436 243 49 fullgörande.
1681 1438 77 36 Har
1784 1439 163 48 köparen
1974 1439 31 46 ej

397 1482 200 37 framställt
624 1483 201 49 förfrågan,
851 1485 151 36 hvarom
1020 1499 52 22 nu
1092 1487 107 47 sagdt
1216 1494 51 36 är,
1287 1500 85 23 vare
1391 1489 155 46 säljaren
1566 1489 111 36 likväl
1696 1489 173 49 förlustig
1887 1495 121 31 rätten

398 1539 53 30 att
478 1534 179 36 vidblifva
676 1536 119 47 köpet,
818 1536 67 35 där
903 1536 72 35 han
994 1537 31 47 ej
1047 1537 99 36 inom
1165 1537 126 49 rimlig
1309 1538 55 35 tid
1384 1539 185 36 meddelat
1588 1539 170 49 köparen,
1779 1546 53 31 att
1851 1542 72 35 han
1942 1542 65 35 vill

397 1585 71 36 den
494 1591 76 30 rätt
597 1585 137 37 utöfva.

1147 1640 45 35 32
1221 1638 33 45 8.

530 1704 141 37 Varder
703 1718 125 23 senare
855 1713 47 28 än
929 1707 62 35 ske
1018 1707 84 35 bort
1130 1708 291 48 köpeskillingen
1448 1709 127 48 erlagd
1602 1711 88 35 eller
1717 1724 118 23 annan
1862 1712 140 47 åtgärd,

397 1768 79 23 som
516 1756 12 35 i
567 1757 45 35 28
654 1755 23 45 $
715 1764 93 41 sägs,
850 1757 184 47 vidtagen,
1068 1758 66 36 och
1161 1759 66 35 vill
1255 1758 159 48 säljaren
1441 1760 126 37 utöfva
1595 1761 69 36 den
1693 1767 73 31 rätt
1793 1763 57 35 till
1877 1763 127 49 köpets

396 1806 192 45 häfvande,
617 1820 77 23 som
723 1811 46 45 på
796 1808 112 36 sådan
935 1809 123 46 grund
1086 1813 59 32 må
1171 1810 134 35 honom
1333 1811 220 44 tillkomma,
1583 1812 164 36 meddele
1770 1814 70 35 han
1861 1814 61 36 det
1940 1815 64 35 kö-

396 1870 113 34 paren
548 1857 63 36 vid
651 1858 224 48 handelsköp
915 1865 130 42 genast
1084 1860 66 35 och
1190 1860 61 36 vid
1280 1867 112 30 annat
1418 1862 71 48 köp
1518 1868 87 30 utan
1636 1864 156 45 oskäligt
1819 1866 183 47 uppehåll.

396 1906 74 39 Gör
497 1909 73 35 han
597 1908 61 37 det
685 1909 44 48 ej,
758 1909 109 37 hafve
895 1909 151 37 förlorat
1074 1911 55 36 sin
1156 1917 74 30 rätt
1256 1916 55 31 att
1338 1911 110 38 häfva
1475 1913 120 49 köpet.

1145 2015 44 34 33
1219 2012 34 45 8.

533 2085 215 38 Underlåter
775 2088 160 48 köparen
963 2093 53 31 att
1042 2089 13 35 i
1082 2094 75 31 rätt
1184 2090 54 35 tid
1267 2089 166 37 afhämta
1461 2092 89 35 eller
1573 2097 162 42 mottaga
1752 2093 141 47 godset,
1915 2095 89 35 eller

395 2136 131 37 varder
552 2138 12 34 i
592 2137 92 47 följd
721 2137 40 36 af
795 2144 111 30 annat
947 2139 173 48 dröjsmål
1148 2139 82 37 från
1258 2142 89 34 hans
1376 2142 78 36 sida
1480 2142 129 49 godset
1636 2143 32 48 ej
1698 2144 57 35 till
1783 2144 134 36 honom
1945 2151 58 30 ut-

395 2187 125 49 gifvet,
550 2201 85 23 vare
663 2189 155 47 säljaren
846 2190 133 48 pliktig
1005 2196 54 30 att
1087 2203 59 23 om
1174 2192 130 48 godset
1331 2197 85 44 taga
1442 2193 91 36 vård
1560 2194 97 35 intill
1685 2194 81 37 dess
1790 2195 212 48 dröjsmålet
