1904 2846
311 159 39 31 16
675 160 293 32 Statsutskottets
988 159 187 32 utlåtande
1197 159 54 33 Nr
1282 160 70 30 123.

269 237 75 36 tiga
362 238 64 30 och
446 238 11 30 i
476 236 206 37 jämförelse
703 237 80 31 med
803 237 181 31 varandra
1003 238 231 30 oantastbara
1252 237 159 32 resultat.
1451 238 71 31 Till
1540 237 146 36 ledning
1706 238 62 31 vid

269 280 276 37 tillämpningen
561 281 66 31 har
644 281 126 31 därför
788 281 113 36 gjorts
918 283 51 29 ett
989 281 239 36 särskiljande
1246 281 11 31 i
1275 281 94 31 olika
1385 281 267 37 yrkesgrupper
1671 281 11 30 i
1699 281 68 31 den

268 326 82 29 mån
373 324 251 31 erfarenheten
648 325 94 36 givit
765 325 60 31 vid
846 324 152 36 handen,
1023 326 52 30 att
1100 334 43 21 en
1166 325 292 36 differentiering
1483 327 41 29 är
1549 325 11 30 i
1585 326 91 30 stort
1699 326 70 30 sett

268 368 179 37 påkallad.

308 411 66 32 Det
392 411 72 32 kan
487 422 108 26 synas
616 410 358 33 otillfredsställande
995 414 53 30 att
1067 412 306 31 existensminima
1396 412 62 31 vid
1481 412 148 31 införsel
1649 413 39 30 så
1708 414 60 29 vä-

269 455 145 37 sentligt
432 456 134 31 avvika
584 456 82 30 från
684 455 42 32 de
744 456 203 36 inkomster,
966 466 74 21 som
1057 456 113 36 enligt
1190 456 500 37 taxeringsförfattningarna
1709 466 60 20 an-

269 500 85 31 setts
374 499 216 37 tillräckligt
608 499 230 37 bärkraftiga
860 500 56 31 för
936 499 197 37 utgörande
1153 510 46 20 av
1221 500 105 30 skatt.
1363 499 212 32 Emellertid
1597 500 99 31 torde
1720 500 49 30 lä-

270 545 57 35 get
345 553 89 21 vara
453 543 69 36 det,
543 545 53 29 att
617 543 40 31 de
676 543 137 36 belopp,
833 543 99 31 vilka
954 543 113 36 enligt
1085 543 433 37 skatteförfattningarna
1537 545 138 29 lämnas
1697 543 73 31 fria

270 587 82 31 från
370 587 241 37 beskattning,
631 587 78 31 icke
730 586 112 32 skulle
865 597 90 21 vara
977 587 220 36 tillräckliga
1219 587 56 31 för
1293 587 42 31 de
1356 587 285 37 skattskyldigas
1661 597 107 26 uppe-

269 631 102 35 hälle,
391 630 215 31 åtminstone
627 632 39 29 så
685 630 71 32 vitt
777 631 103 36 fråga
899 633 41 28 är
961 640 57 21 om
1037 631 64 30 den
1123 630 231 31 kommunala
1373 631 286 36 beskattningen.
1679 631 90 36 Lag-

269 674 167 31 stiftaren
455 675 67 30 har
539 674 193 37 härvidlag
749 675 88 30 stått
851 675 11 30 i
880 674 97 31 valet
993 674 128 31 mellan
1139 676 21 29 å
1176 684 67 21 ena
1260 674 101 31 sidan
1381 674 258 37 tillskapandet
1655 685 46 20 av
1718 676 51 29 ett

269 728 44 21 ur
334 718 41 31 de
399 718 182 31 enskildas
605 718 185 36 synpunkt
817 718 333 31 tillfredsställande
1175 718 253 36 skattesystem
1453 719 64 30 och
1542 719 21 30 å
1587 718 114 31 andra
1725 718 44 31 si-

268 761 70 32 dan
361 762 145 37 skyldig
529 762 138 36 hänsyn
691 761 124 32 därtill
837 763 53 30 att
913 762 258 31 kommunerna
1196 762 77 31 icke
1294 761 98 32 skola
1415 772 35 21 se
1473 762 55 36 sig
1550 762 11 30 i
1583 761 186 32 avsaknad

269 815 46 20 av
336 805 232 37 erforderligt
591 805 303 37 skatteunderlag.
937 805 71 31 För
1029 806 120 36 övrigt
1170 805 154 31 behöver
1346 815 42 21 en
1411 805 166 37 tillfällig
1603 806 166 36 nedgång

270 859 45 21 av
332 849 201 31 inkomsten
551 849 75 31 icke
644 850 11 30 i
673 850 65 30 och
758 850 55 30 för
830 849 54 37 sig
901 849 133 37 betyda
1050 850 187 35 oförmåga
1256 850 54 30 att
1330 849 106 37 gälda
1454 850 106 31 skatt.
1593 850 18 31 I
1631 849 40 32 de
1695 849 74 37 fall,

270 892 64 31 där
355 893 149 31 införsel
527 893 111 31 måste
661 892 191 37 tillgripas,
874 893 67 31 har
960 892 160 32 däremot
1144 893 67 31 den
1235 893 263 36 skattskyldige
1521 893 32 36 ej
1579 893 114 31 andra
1716 894 54 30 ut-

269 936 356 37 komstmöjligheter,
644 938 23 30 t.
686 945 53 23 ex.
758 947 45 20 av
823 936 234 37 sparkapital,
1077 937 62 30 och
1158 936 126 31 därför
1302 937 111 30 måste
1431 936 60 32 det
1510 937 72 31 fria
1599 937 170 31 existens-

270 980 188 31 minimum
479 980 174 32 tillmätas
672 981 40 30 så
733 981 95 36 högt,
849 982 53 29 att
925 980 73 31 han
1017 980 187 36 verkligen
1225 980 71 31 kan
1317 980 80 31 leva
1416 981 21 30 å
1458 980 205 31 detsamma.
1702 980 68 31 Det

269 1023 63 32 bör
357 1024 199 35 bemärkas,
582 1026 53 29 att
661 1023 129 32 medan
816 1024 201 31 inkomsten
1043 1024 151 31 ovanför
1221 1024 449 36 skatteförfattningarnas
1699 1024 71 30 exi-

270 1067 287 32 stensminimum
578 1067 154 32 allenast
752 1067 55 32 till
826 1078 41 21 en
886 1067 141 31 mindre
1046 1067 54 31 del
1120 1069 101 35 tages
1241 1068 11 30 i
1271 1067 155 37 anspråk
1448 1067 12 31 i
1482 1068 93 30 form
1595 1078 45 20 av
1663 1068 107 35 skatt,

270 1111 61 32 vid
354 1111 150 32 införsel
527 1111 80 31 hela
628 1111 88 31 eller
738 1113 112 29 större
874 1111 103 31 delen
999 1121 46 21 av
1066 1111 58 31 det
1146 1111 280 36 överskjutande
1448 1111 164 37 beloppet
1635 1113 101 35 tages
1759 1112 11 30 i

270 1155 166 36 anspråk,
462 1155 117 31 vadan
604 1154 274 32 förhållandena
902 1155 11 30 i
937 1155 43 31 de
1001 1155 91 31 båda
1114 1155 113 31 fallen
1249 1154 150 32 sålunda
1421 1155 33 36 ej
1478 1155 111 31 heller
1611 1157 63 29 äro
1696 1155 74 31 helt

270 1199 221 37 jämförliga.

310 1241 77 32 Vad
408 1243 116 36 angår
544 1243 130 36 frågan
693 1252 58 21 om
768 1242 165 31 befrielse
954 1242 83 31 från
1055 1242 217 37 erläggande
1291 1253 45 20 av
1353 1242 198 37 utskylder,
1571 1242 46 31 då
1637 1242 133 31 behåll-

269 1285 133 38 ningen
429 1287 11 30 i
470 1286 80 32 boet
574 1287 92 30 efter
691 1286 143 31 avliden
859 1286 253 37 skattskyldig,
1139 1296 77 21 som
1240 1286 62 31 vid
1327 1286 192 31 dödsfallet
1544 1286 97 31 varit
1667 1287 67 30 här
1758 1287 13 30 i

271 1330 92 31 riket
384 1329 129 35 bosatt,
539 1330 32 36 ej
597 1330 192 36 överstigit
812 1330 88 31 visst
922 1329 137 37 belopp,
1082 1329 140 37 åligger
1244 1329 59 32 det
1327 1330 156 36 givetvis
1506 1330 265 31 vederbörande

270 1373 384 37 beskattningsnämnd
674 1375 55 29 att
749 1373 218 31 underkasta
987 1374 101 36 varje
1108 1373 129 31 sådant
1260 1373 62 31 fall
1343 1383 43 21 en
1407 1373 241 31 diskretionär
1667 1376 105 34 pröv-

271 1417 96 37 ning.
405 1417 69 32 Det
494 1413 98 36 torde
614 1417 88 31 dock
725 1417 98 37 ligga
843 1417 10 31 i
874 1417 129 31 sakens
1023 1419 115 34 natur,
1159 1419 54 29 att
1233 1417 59 31 det
1311 1417 75 31 ofta
1407 1417 168 36 erbjuder
1596 1417 73 32 viss
1693 1418 78 30 svå-

271 1461 118 36 righet
407 1463 54 30 att
478 1463 136 34 avgöra
632 1471 57 21 om
709 1461 352 36 förutsättningarna
1081 1461 55 31 för
1151 1460 104 37 dylik
1275 1460 165 32 befrielse
1459 1461 74 31 helt
1551 1461 85 31 eller
1658 1461 114 31 delvis

273 1504 186 38 föreligga,
479 1505 125 31 varför
623 1504 189 32 resultatet
828 1504 67 32 lätt
912 1505 72 30 kan
1001 1504 97 32 bliva
1116 1506 54 30 att
1188 1504 59 32 det
1265 1504 12 31 i
1298 1504 190 37 praktiken
1508 1505 38 30 åt
1563 1504 97 31 detta
1678 1504 94 32 stad-

273 1548 112 37 gande
404 1548 101 37 gives
525 1558 42 21 en
584 1548 164 32 extensiv
765 1548 172 37 tolkning.
971 1548 52 32 Ur
1040 1549 78 30 rent
1136 1548 167 31 fiskalisk
1321 1548 185 37 synpunkt
1523 1548 98 31 torde
1639 1549 132 36 frågan

272 1602 87 21 vara
384 1602 46 21 av
456 1592 139 31 mindre
620 1592 191 36 betydelse.

311 1634 284 33 Vidkommande
618 1635 66 32 den
706 1646 46 20 av
772 1635 224 31 revisorerna
1018 1635 125 37 gjorda
1163 1635 240 37 iakttagelsen
1424 1637 54 30 att
1497 1645 178 27 personer,
1697 1645 75 21 som

271 1679 104 31 driva
401 1680 75 31 viss
502 1679 130 31 rörelse
661 1679 88 31 eller
776 1680 143 35 åtnjuta
946 1679 156 31 inkomst
1126 1679 11 31 i
1166 1680 95 30 form
1286 1690 45 20 av
1357 1679 195 37 provision,
1576 1679 12 31 i
1615 1680 74 30 stor
1718 1680 54 30 ut-

272 1723 210 37 sträckning
503 1723 189 31 underlåta
712 1725 54 30 att
787 1723 157 37 fullgöra
965 1723 55 31 sin
1040 1723 313 37 skattskyldighet,
1374 1723 66 31 har
1462 1723 66 31 den
1548 1733 42 21 en
1610 1723 162 37 naturlig

273 1766 202 38 förklaring
502 1766 121 32 däruti
653 1768 55 30 att
739 1768 73 30 mot
839 1766 78 32 dem
943 1766 61 32 det
1030 1767 218 36 kraftigaste
1276 1766 370 37 indrivningsmedlet,
1674 1769 98 28 näm-

272 1809 95 38 ligen
388 1810 161 36 införsel,
573 1810 125 32 endast
723 1811 11 30 i
760 1810 271 37 undantagsfall
1052 1811 70 30 kan
1144 1811 144 30 komma
1310 1810 55 31 till
1388 1810 242 37 tillämpning.

312 1853 239 32 Revisorerna
572 1854 94 32 hava
690 1854 124 31 vidare
836 1854 138 32 erinrat
996 1864 56 21 om
1074 1854 57 32 det
1157 1854 241 31 förhållandet
1421 1856 53 29 att
1497 1864 177 26 personer,
1698 1863 75 21 som

273 1900 50 29 ett
345 1899 40 30 år
412 1898 71 31 fått
507 1898 237 37 utskylderna
766 1898 195 31 avkortade
983 1899 46 35 på
1053 1898 115 36 grund
1191 1908 46 21 av
1259 1897 182 32 bristande
1465 1897 198 37 tillgångar
1686 1897 86 32 eller

272 1942 45 35 på
340 1942 117 36 grund
477 1952 47 20 av
542 1942 169 35 konkurs,
730 1944 50 29 ett
798 1941 211 31 kommande
1028 1943 40 29 år
1086 1942 80 30 haft
1185 1941 222 36 anställning
1427 1941 78 31 med
1526 1941 135 36 ganska
1681 1941 91 36 goda

273 1985 204 32 inkomster.
517 1985 161 31 Givetvis
697 1985 71 31 kan
790 1985 65 35 det,
874 1986 46 36 på
940 1987 73 29 sätt
1033 1985 225 31 revisorerna
1278 1984 211 36 framhållit,
1510 1995 101 21 anses
1632 1985 140 31 mindre

273 2028 344 37 tillfredsställande,
637 2030 55 30 att
709 2030 12 30 i
737 2029 117 36 dylikt
872 2029 65 31 fall
955 2029 234 36 utskylderna
1207 2029 77 30 icke
1300 2028 124 36 längre
1442 2028 122 31 kunna
1581 2029 191 30 avfordras

272 2072 42 31 de
340 2073 275 36 skattskyldiga.
670 2073 157 31 Särskilt
855 2075 41 29 är
924 2072 99 32 detta
1050 2072 241 31 förhållandet
1318 2071 119 32 därest
1464 2072 218 36 avkortning
1710 2074 64 34 ägt

272 2126 80 21 rum
375 2119 88 29 utan
483 2117 379 31 konkursförfarande.
903 2116 18 31 I
943 2116 67 31 den
1030 2118 81 29 mån
1133 2117 132 35 frågan
1286 2116 233 36 uppkommer
1539 2126 56 21 om
1615 2116 160 31 ändrade

273 2160 266 31 bestämmelser
560 2161 11 30 i
592 2160 118 31 denna
733 2159 65 36 del,
823 2160 112 31 måste
957 2162 111 34 vägas
1090 2161 72 30 mot
1185 2159 189 36 varandra,
1398 2160 20 30 å
1443 2169 67 21 ena
1534 2160 111 35 sidan,
1670 2160 102 30 önsk-

273 2203 196 31 värdheten
500 2214 46 21 av
573 2205 53 30 att
655 2205 89 34 göra
772 2203 458 37 indrivningsförfarandet
1259 2204 38 30 så
1325 2203 172 31 effektivt
1524 2213 74 21 som
1628 2203 145 36 möjligt

274 2248 61 30 och
359 2249 20 29 å
402 2247 115 31 andra
539 2248 101 31 sidan
663 2247 313 37 nödvändigheten
1003 2257 45 21 av
1072 2248 52 30 att
1149 2247 78 31 icke
1251 2246 428 37 indrivningsapparaten
1701 2247 72 31 blir

274 2291 123 32 alltför
417 2293 91 35 tung
529 2292 63 30 och
615 2291 145 36 dyrbar.
798 2291 49 31 De
868 2291 75 35 fall,
965 2291 66 31 där
1049 2292 44 35 på
1114 2301 47 21 nu
1182 2291 147 36 angivet
1349 2291 71 30 sätt
1441 2290 97 31 skatt
1556 2300 123 21 senare
1700 2291 73 30 kan

273 2336 153 36 uttagas,
451 2335 99 31 torde
573 2344 88 22 vara
686 2335 32 36 ej
746 2335 75 30 ofta
847 2334 286 32 förekommande
1155 2334 195 35 undantag.

314 2376 165 34 Ämbetet
499 2379 65 31 vill
586 2378 93 32 fästa
699 2378 361 36 uppmärksamheten
1080 2378 123 36 därpå,
1223 2379 53 30 att
1297 2377 147 31 särskilt
1463 2377 46 31 då
1529 2377 104 37 fråga
1653 2380 42 28 är
1718 2387 56 21 om

274 2421 136 32 mindre
430 2422 247 37 arbetsgivare
698 2422 59 31 det
775 2422 75 31 ofta
872 2422 236 31 förekommer
1126 2423 54 30 att
1201 2421 41 31 de
1262 2421 111 31 brista
1392 2421 11 30 i
1427 2420 346 37 redovisningsskyl-

273 2464 122 37 dighet
416 2477 47 21 av
483 2466 209 31 innehållna
710 2465 275 33 införselmedel.
1022 2465 49 31 De
1090 2465 187 31 korrektiv
1295 2465 102 36 lagen
1417 2464 175 37 uppställt
1611 2465 163 32 häremot
