1918 2832
597 146 103 29 Andra
722 146 196 36 lagutskottets
940 145 146 29 utlåtande
1108 145 46 28 Nr
1178 145 49 28 32.
1643 140 20 32 3

157 223 52 30 att
241 221 73 32 helt
346 221 83 42 följa
462 219 499 42 isoleringsbestämmelserna.
1007 218 68 32 Det
1108 218 64 31 kan
1207 217 126 39 vidare,
1368 228 55 21 om
1458 216 204 49 sjukdomen

159 263 189 42 uppträder
380 264 12 30 i
415 262 105 32 lindrig
566 262 96 38 form,
686 261 121 32 därvid
830 263 49 30 ett
902 263 90 29 stort
1014 261 92 31 antal
1129 259 242 32 sjukdomsfall
1394 259 111 41 aldrig
1527 259 136 31 komma

156 306 114 32 under
303 269 307 83 läkarbehandling
643 304 65 31 och
741 304 215 41 följaktligen
989 303 75 31 icke
1086 302 228 32 underkastas
1337 303 113 39 någon
1475 312 74 20 som
1572 301 91 32 helst

157 348 89 31 form
281 359 40 20 av
354 347 176 42 isolering,
555 357 100 21 anses
689 346 134 31 mindre
855 344 216 42 erforderligt
1096 346 50 30 att
1169 346 134 40 strängt
1325 343 92 32 hålla
1439 345 45 40 på
1506 342 157 42 gällande

156 389 451 43 isoleringsbestämmelser
628 388 214 32 beträffande
865 388 42 31 de
931 387 249 41 sjukdomsfall,
1205 397 75 21 som
1303 386 137 32 komma
1462 385 54 32 till
1530 385 133 32 läkares

157 432 205 33 kännedom.
407 431 186 42 Möjlighet
625 433 50 29 att
705 430 237 32 åstadkomma
964 430 71 31 viss
1057 429 152 41 lindring
1231 429 11 31 i
1265 428 400 42 isoleringsbestämmel-

158 486 103 21 serna
283 475 186 32 förefinnes
492 473 202 42 visserligen
718 473 108 41 enligt
848 472 158 42 gällande
1028 472 64 41 lag,
1114 471 28 32 ity
1187 473 52 30 att
1254 471 58 32 det
1328 471 210 31 tillkommer
1552 470 113 32 veder-

158 517 155 33 börande
336 516 332 33 hälsovårdsnämnd
691 517 51 30 att
757 515 137 32 besluta
910 514 146 32 rörande
1071 516 58 29 vård
1169 516 96 29 utom
1283 512 379 43 sjukvårdsinrättning.

158 560 63 31 Att
243 559 117 32 märka
382 561 45 36 är,
453 561 50 29 att
526 570 42 20 en
590 558 72 32 viss
685 558 84 42 grad
792 569 40 20 av
855 557 166 41 isolering
1043 556 87 32 dock
1152 556 100 31 alltid
1275 556 211 31 förutsättes.

212 602 126 32 Därest
371 601 180 42 möjlighet
584 600 87 33 skall
693 600 166 41 föreligga
881 601 50 30 att
954 599 11 31 i
989 599 162 32 avsevärd
1174 598 239 42 utsträckning
1436 597 124 32 mildra
1582 597 83 32 eller

157 646 79 30 rent
269 656 41 19 av
343 644 72 31 helt
449 644 121 41 släppa
602 643 117 31 kravet
752 644 44 40 på
828 641 166 42 isolering
1016 652 112 31 synes,
1152 642 44 40 på
1219 643 69 29 sätt
1310 640 354 41 medicinalstyrelsen

159 687 123 38 anfört,
308 686 225 41 erforderligt,
558 687 49 30 att
628 684 262 33 bestämmelser
912 684 120 31 härom
1055 683 129 32 införas
1207 683 10 31 i
1242 683 261 41 epidemilagen.
1548 682 117 31 Beslu-

159 728 219 33 tanderätten
414 728 99 32 torde
547 728 119 31 därvid
699 727 85 32 böra
810 727 192 31 tillkomma
1024 726 125 41 Kungl.
1174 725 107 42 Maj:t.
1326 724 264 41 Förutsättning
1613 724 53 31 för

159 773 50 30 ett
231 771 118 32 beslut
371 782 55 21 om
450 770 176 41 undantag
647 770 74 31 från
744 769 119 41 lagens
885 768 447 42 isoleringsbestämmelser
1354 778 104 30 synes
1474 765 191 33 emellertid

159 814 86 31 böra
278 824 87 27 vara,
400 813 75 31 icke
509 812 90 32 blott
632 814 50 29 att
716 811 203 42 sjukdomen
954 813 37 29 är
1013 821 40 21 av
1075 810 128 41 lindrig
1225 812 53 29 art
1300 812 82 29 utan
1406 811 85 30 även
1515 811 49 29 att
1587 819 77 21 man

159 856 80 31 med
273 855 106 33 sådan
412 855 175 41 isolering,
622 865 73 21 som
730 865 47 20 nu
800 864 98 21 avses
921 853 79 31 med
1023 853 117 41 lagens
1162 852 271 39 bestämmelser,
1457 851 74 32 icke
1555 851 110 31 skulle

159 898 105 32 vinna
286 898 157 38 fördelar,
469 909 74 20 som
568 897 98 32 stode
689 897 11 31 i
725 896 124 41 skäligt
871 895 213 32 förhållande
1107 895 52 31 till
1183 894 141 32 därmed
1347 894 162 32 förenade
1533 894 132 41 olägen-

158 941 107 31 heter.

213 1034 79 32 Den
326 1033 234 42 föreliggande
589 1032 263 42 propositionen
887 1031 108 42 syftar
1020 1031 53 31 till
1095 1030 180 32 införande
1298 1041 40 21 av
1360 1030 177 41 undantag
1559 1029 11 31 i
1593 1029 71 31 viss

160 1085 241 41 utsträckning
423 1084 74 31 från
522 1083 42 32 de
586 1083 12 31 i
621 1083 250 41 epidemilagen
887 1084 177 40 upptagna
1079 1081 305 32 bestämmelserna
1400 1092 55 20 om
1472 1079 194 42 isolerings-

161 1137 105 40 tvång
288 1135 53 31 för
363 1134 189 32 smittsamt
575 1134 107 41 sjuka.
728 1133 181 32 Utskottet
935 1132 59 31 vill
1016 1132 53 31 för
1092 1132 53 31 sin
1168 1131 56 32 del
1247 1131 73 32 icke
1344 1133 164 30 motsätta
1531 1130 61 42 sig,
1616 1132 50 29 att

159 1186 260 41 ifrågavarande
442 1184 185 42 lagförslag
649 1187 151 38 antages,
824 1194 78 21 men
925 1183 170 31 utskottet
1116 1182 211 38 förutsätter,
1351 1183 50 30 att
1424 1181 67 32 den
1512 1181 153 41 dispens-

160 1236 191 42 möjlighet,
376 1247 74 20 som
475 1235 196 42 därigenom
696 1235 111 31 skulle
831 1236 143 40 öppnas,
998 1233 172 41 begagnas
1193 1232 79 32 med
1294 1232 229 42 försiktighet.

215 1287 122 32 Under
360 1286 208 41 hänvisning
590 1285 53 32 till
665 1285 67 32 vad
755 1285 144 32 sålunda
922 1284 131 32 anförts
1075 1284 50 31 får
1147 1283 171 32 utskottet
1339 1282 192 39 hemställa,

487 1364 50 29 att
559 1361 222 32 förevarande
804 1360 218 42 proposition
1046 1362 104 29 måtte
1172 1359 137 32 bifallas
1333 1370 40 20 av
1395 1359 194 41 riksdagen.

216 1421 202 33 Stockholm
442 1421 67 31 den
532 1421 41 31 30
596 1421 65 40 maj
687 1420 91 32 1940.

619 1504 49 31 På
691 1504 107 31 andra
820 1503 244 42 lagutskottets
1087 1505 137 38 vägnar:

721 1571 150 32 DAVID
894 1570 212 33 NORMAN.

216 1773 64 28 Vid
303 1773 149 27 ärendets
477 1772 197 36 behandling
696 1772 84 27 hava
803 1771 156 27 närvarit:

216 1823 73 28 från
313 1823 124 28 första
459 1823 198 26 kammaren:
676 1822 110 27 herrar
802 1821 140 33 Norman,
959 1816 151 40 Linder"),
1131 1819 108 35 Tamm,
1261 1819 156 35 Wistrand,
1435 1818 77 35 Sten,
1525 1818 142 35 Näslund,

164 1865 68 28 Nils
255 1865 149 28 Elowsson
427 1865 59 27 och
510 1864 187 35 Holstenson;

220 1915 70 28 från
314 1916 118 26 andra
455 1915 199 27 kammaren:
672 1914 112 27 fröken
805 1905 220 51 Hesselgren"),
1041 1913 95 39 herrar
1148 1911 95 36 Hage,
1257 1911 160 28 Pettersson
1433 1912 10 26 i
1459 1911 209 34 Hällbacken,

166 1957 166 33 Molander,
357 1956 178 34 Sandström,
562 1952 153 41 Gardell")
738 1956 58 27 och
820 1955 137 28 Hansson
980 1955 10 26 i
1014 1954 127 28 Örebro.

217 2047 26 32 +)
261 2047 32 31 Ej
315 2047 179 25 närvarande
514 2046 48 25 vid
581 2046 178 25 utlåtandets
776 2045 152 32 justering.

1724 1033 130 24 Utskottet.
