<?xml version="1.0" encoding="UTF-8"?>
<alto xmlns="http://www.loc.gov/standards/alto/ns-v3#" xmlns:xlink="http://www.w3.org/1999/xlink" xmlns:xsi="http://www.w3.org/2001/XMLSchema-instance" xsi:schemaLocation="http://www.loc.gov/standards/alto/ns-v3# http://www.loc.gov/alto/v3/alto-3-0.xsd">
	<Description>
		<MeasurementUnit>pixel</MeasurementUnit>
		<sourceImageInformation>
			<fileName>/tmp/tess_u8_4g3d1_input.PNG</fileName>
		</sourceImageInformation>
		<OCRProcessing ID="OCR_0">
			<ocrProcessingStep>
				<processingSoftware>
					<softwareName>tesseract 5.3.0</softwareName>
				</processingSoftware>
			</ocrProcessingStep>
		</OCRProcessing>
	</Description>
	<Layout>
		<Page WIDTH="1854" HEIGHT="2758" PHYSICAL_IMG_NR="0" ID="page_0">
			<PrintSpace HPOS="0" VPOS="0" WIDTH="1854" HEIGHT="2758">
				<ComposedBlock ID="cblock_0" HPOS="367" VPOS="127" WIDTH="1211" HEIGHT="48">
					<TextBlock ID="block_0" HPOS="367" VPOS="127" WIDTH="1211" HEIGHT="48">
						<TextLine ID="line_0" HPOS="367" VPOS="127" WIDTH="1211" HEIGHT="48">
							<String ID="string_0" HPOS="367" VPOS="136" WIDTH="405" HEIGHT="39" WC="0.90" CONTENT="Bevillningsutskottets"/><SP WIDTH="23" VPOS="136" HPOS="772"/>
							<String ID="string_1" HPOS="795" VPOS="131" WIDTH="218" HEIGHT="32" WC="0.96" CONTENT="betänkande"/><SP WIDTH="20" VPOS="131" HPOS="1013"/>
							<String ID="string_2" HPOS="1033" VPOS="140" WIDTH="42" HEIGHT="20" WC="0.96" CONTENT="nr"/><SP WIDTH="19" VPOS="140" HPOS="1075"/>
							<String ID="string_3" HPOS="1094" VPOS="131" WIDTH="41" HEIGHT="29" WC="0.96" CONTENT="64"/><SP WIDTH="18" VPOS="131" HPOS="1135"/>
							<String ID="string_4" HPOS="1153" VPOS="130" WIDTH="39" HEIGHT="29" WC="0.96" CONTENT="år"/><SP WIDTH="21" VPOS="130" HPOS="1192"/>
							<String ID="string_5" HPOS="1213" VPOS="129" WIDTH="83" HEIGHT="29" WC="0.96" CONTENT="1959"/><SP WIDTH="268" VPOS="129" HPOS="1296"/>
							<String ID="string_6" HPOS="1564" VPOS="127" WIDTH="14" HEIGHT="28" WC="0.89" CONTENT="1"/>
						</TextLine>
					</TextBlock>
				</ComposedBlock>
				<ComposedBlock ID="cblock_1" HPOS="760" VPOS="476" WIDTH="136" HEIGHT="40">
					<TextBlock ID="block_1" HPOS="760" VPOS="476" WIDTH="136" HEIGHT="40">
						<TextLine ID="line_1" HPOS="760" VPOS="476" WIDTH="136" HEIGHT="40">
							<String ID="string_7" HPOS="760" VPOS="476" WIDTH="60" HEIGHT="40" WC="0.96" CONTENT="Nr"/><SP WIDTH="25" VPOS="476" HPOS="820"/>
							<String ID="string_8" HPOS="845" VPOS="476" WIDTH="51" HEIGHT="40" WC="0.96" CONTENT="64"/>
						</TextLine>
					</TextBlock>
				</ComposedBlock>
				<ComposedBlock ID="cblock_2" HPOS="304" VPOS="569" WIDTH="1281" HEIGHT="241">
					<TextBlock ID="block_2" HPOS="304" VPOS="569" WIDTH="1281" HEIGHT="241">
						<TextLine ID="line_2" HPOS="304" VPOS="569" WIDTH="1279" HEIGHT="51">
							<String ID="string_9" HPOS="304" VPOS="580" WIDTH="407" HEIGHT="40" WC="0.90" CONTENT="Bevillningsutskottets"/><SP WIDTH="28" VPOS="580" HPOS="711"/>
							<String ID="string_10" HPOS="739" VPOS="576" WIDTH="220" HEIGHT="31" WC="0.96" CONTENT="betänkande"/><SP WIDTH="29" VPOS="576" HPOS="959"/>
							<String ID="string_11" HPOS="988" VPOS="575" WIDTH="12" HEIGHT="29" WC="0.96" CONTENT="i"/><SP WIDTH="24" VPOS="575" HPOS="1000"/>
							<String ID="string_12" HPOS="1024" VPOS="573" WIDTH="191" HEIGHT="38" WC="0.96" CONTENT="anledning"/><SP WIDTH="24" VPOS="573" HPOS="1215"/>
							<String ID="string_13" HPOS="1239" VPOS="582" WIDTH="44" HEIGHT="20" WC="0.96" CONTENT="av"/><SP WIDTH="23" VPOS="582" HPOS="1283"/>
							<String ID="string_14" HPOS="1306" VPOS="570" WIDTH="126" HEIGHT="39" WC="0.95" CONTENT="Kungl."/><SP WIDTH="26" VPOS="570" HPOS="1432"/>
							<String ID="string_15" HPOS="1458" VPOS="569" WIDTH="125" HEIGHT="39" WC="0.96" CONTENT="Maj:ts"/>
						</TextLine>
						<TextLine ID="line_3" HPOS="524" VPOS="618" WIDTH="1061" HEIGHT="51">
							<String ID="string_16" HPOS="524" VPOS="627" WIDTH="219" HEIGHT="42" WC="0.96" CONTENT="proposition"/><SP WIDTH="18" VPOS="627" HPOS="743"/>
							<String ID="string_17" HPOS="761" VPOS="626" WIDTH="80" HEIGHT="30" WC="0.96" CONTENT="med"/><SP WIDTH="16" VPOS="626" HPOS="841"/>
							<String ID="string_18" HPOS="857" VPOS="625" WIDTH="133" HEIGHT="41" WC="0.96" CONTENT="förslag"/><SP WIDTH="19" VPOS="625" HPOS="990"/>
							<String ID="string_19" HPOS="1009" VPOS="624" WIDTH="52" HEIGHT="29" WC="0.96" CONTENT="till"/><SP WIDTH="18" VPOS="624" HPOS="1061"/>
							<String ID="string_20" HPOS="1079" VPOS="622" WIDTH="208" HEIGHT="41" WC="0.96" CONTENT="förordning"/><SP WIDTH="17" VPOS="622" HPOS="1287"/>
							<String ID="string_21" HPOS="1304" VPOS="619" WIDTH="177" HEIGHT="40" WC="0.95" CONTENT="angående"/><SP WIDTH="19" VPOS="619" HPOS="1481"/>
							<String ID="string_22" HPOS="1500" VPOS="618" WIDTH="85" HEIGHT="30" WC="0.92" CONTENT="änd-"/>
						</TextLine>
						<TextLine ID="line_4" HPOS="526" VPOS="669" WIDTH="1059" HEIGHT="49">
							<String ID="string_23" HPOS="526" VPOS="679" WIDTH="79" HEIGHT="39" WC="0.96" CONTENT="ring"/><SP WIDTH="15" VPOS="679" HPOS="605"/>
							<String ID="string_24" HPOS="620" VPOS="678" WIDTH="11" HEIGHT="30" WC="0.96" CONTENT="i"/><SP WIDTH="16" VPOS="678" HPOS="631"/>
							<String ID="string_25" HPOS="647" VPOS="677" WIDTH="91" HEIGHT="31" WC="0.96" CONTENT="vissa"/><SP WIDTH="16" VPOS="677" HPOS="738"/>
							<String ID="string_26" HPOS="754" VPOS="676" WIDTH="97" HEIGHT="31" WC="0.96" CONTENT="delar"/><SP WIDTH="14" VPOS="676" HPOS="851"/>
							<String ID="string_27" HPOS="865" VPOS="684" WIDTH="43" HEIGHT="21" WC="0.96" CONTENT="av"/><SP WIDTH="14" VPOS="684" HPOS="908"/>
							<String ID="string_28" HPOS="922" VPOS="674" WIDTH="252" HEIGHT="41" WC="0.95" CONTENT="förordningen"/><SP WIDTH="16" VPOS="674" HPOS="1174"/>
							<String ID="string_29" HPOS="1190" VPOS="672" WIDTH="66" HEIGHT="30" WC="0.96" CONTENT="den"/><SP WIDTH="17" VPOS="672" HPOS="1256"/>
							<String ID="string_30" HPOS="1273" VPOS="671" WIDTH="38" HEIGHT="30" WC="0.96" CONTENT="31"/><SP WIDTH="17" VPOS="671" HPOS="1311"/>
							<String ID="string_31" HPOS="1328" VPOS="670" WIDTH="76" HEIGHT="40" WC="0.96" CONTENT="maj"/><SP WIDTH="16" VPOS="670" HPOS="1404"/>
							<String ID="string_32" HPOS="1420" VPOS="669" WIDTH="82" HEIGHT="30" WC="0.96" CONTENT="1957"/><SP WIDTH="22" VPOS="669" HPOS="1502"/>
							<String ID="string_33" HPOS="1524" VPOS="669" WIDTH="61" HEIGHT="33" WC="0.96" CONTENT="(nr"/>
						</TextLine>
						<TextLine ID="line_5" HPOS="527" VPOS="720" WIDTH="1057" HEIGHT="45">
							<String ID="string_34" HPOS="527" VPOS="729" WIDTH="83" HEIGHT="35" WC="0.96" CONTENT="262)"/><SP WIDTH="31" VPOS="729" HPOS="610"/>
							<String ID="string_35" HPOS="641" VPOS="737" WIDTH="56" HEIGHT="21" WC="0.96" CONTENT="om"/><SP WIDTH="28" VPOS="737" HPOS="697"/>
							<String ID="string_36" HPOS="725" VPOS="727" WIDTH="132" HEIGHT="31" WC="0.92" CONTENT="allmän"/><SP WIDTH="28" VPOS="727" HPOS="857"/>
							<String ID="string_37" HPOS="885" VPOS="724" WIDTH="224" HEIGHT="41" WC="0.91" CONTENT="energiskatt,"/><SP WIDTH="28" VPOS="724" HPOS="1109"/>
							<String ID="string_38" HPOS="1137" VPOS="732" WIDTH="46" HEIGHT="21" WC="0.92" CONTENT="m."/><SP WIDTH="26" VPOS="732" HPOS="1183"/>
							<String ID="string_39" HPOS="1209" VPOS="732" WIDTH="58" HEIGHT="30" WC="0.92" CONTENT="m.,"/><SP WIDTH="26" VPOS="732" HPOS="1267"/>
							<String ID="string_40" HPOS="1293" VPOS="722" WIDTH="108" HEIGHT="40" WC="0.96" CONTENT="jämte"/><SP WIDTH="28" VPOS="722" HPOS="1401"/>
							<String ID="string_41" HPOS="1429" VPOS="720" WIDTH="11" HEIGHT="30" WC="0.96" CONTENT="i"/><SP WIDTH="26" VPOS="720" HPOS="1440"/>
							<String ID="string_42" HPOS="1466" VPOS="720" WIDTH="118" HEIGHT="30" WC="0.96" CONTENT="ämnet"/>
						</TextLine>
						<TextLine ID="line_6" HPOS="528" VPOS="777" WIDTH="332" HEIGHT="33">
							<String ID="string_43" HPOS="528" VPOS="779" WIDTH="123" HEIGHT="31" WC="0.96" CONTENT="väckta"/><SP WIDTH="25" VPOS="779" HPOS="651"/>
							<String ID="string_44" HPOS="676" VPOS="777" WIDTH="184" HEIGHT="31" WC="0.96" CONTENT="motioner."/>
						</TextLine>
					</TextBlock>
				</ComposedBlock>
				<ComposedBlock ID="cblock_3" HPOS="83" VPOS="852" WIDTH="1503" HEIGHT="400">
					<TextBlock ID="block_3" HPOS="83" VPOS="852" WIDTH="1503" HEIGHT="204">
						<TextLine ID="line_7" HPOS="129" VPOS="852" WIDTH="1455" HEIGHT="48">
							<String ID="string_45" HPOS="129" VPOS="867" WIDTH="14" HEIGHT="29" WC="0.96" CONTENT="I"/><SP WIDTH="25" VPOS="867" HPOS="143"/>
							<String ID="string_46" HPOS="168" VPOS="875" WIDTH="45" HEIGHT="21" WC="0.96" CONTENT="en"/><SP WIDTH="27" VPOS="875" HPOS="213"/>
							<String ID="string_47" HPOS="240" VPOS="865" WIDTH="68" HEIGHT="30" WC="0.96" CONTENT="den"/><SP WIDTH="27" VPOS="865" HPOS="308"/>
							<String ID="string_48" HPOS="335" VPOS="864" WIDTH="20" HEIGHT="29" WC="0.96" CONTENT="9"/><SP WIDTH="28" VPOS="864" HPOS="355"/>
							<String ID="string_49" HPOS="383" VPOS="863" WIDTH="144" HEIGHT="31" WC="0.96" CONTENT="oktober"/><SP WIDTH="29" VPOS="863" HPOS="527"/>
							<String ID="string_50" HPOS="556" VPOS="861" WIDTH="83" HEIGHT="31" WC="0.93" CONTENT="1959"/><SP WIDTH="28" VPOS="861" HPOS="639"/>
							<String ID="string_51" HPOS="667" VPOS="859" WIDTH="231" HEIGHT="41" WC="0.91" CONTENT="dagtecknad,"/><SP WIDTH="28" VPOS="859" HPOS="898"/>
							<String ID="string_52" HPOS="926" VPOS="858" WIDTH="52" HEIGHT="30" WC="0.93" CONTENT="till"/><SP WIDTH="28" VPOS="858" HPOS="978"/>
							<String ID="string_53" HPOS="1006" VPOS="856" WIDTH="381" HEIGHT="40" WC="0.91" CONTENT="bevillningsutskottet"/><SP WIDTH="26" VPOS="856" HPOS="1387"/>
							<String ID="string_54" HPOS="1413" VPOS="852" WIDTH="171" HEIGHT="31" WC="0.96" CONTENT="hänvisad"/>
						</TextLine>
						<TextLine ID="line_8" HPOS="83" VPOS="902" WIDTH="1502" HEIGHT="54">
							<String ID="string_55" HPOS="83" VPOS="914" WIDTH="219" HEIGHT="42" WC="0.95" CONTENT="proposition"/><SP WIDTH="18" VPOS="914" HPOS="302"/>
							<String ID="string_56" HPOS="320" VPOS="923" WIDTH="42" HEIGHT="22" WC="0.96" CONTENT="nr"/><SP WIDTH="19" VPOS="923" HPOS="362"/>
							<String ID="string_57" HPOS="381" VPOS="913" WIDTH="72" HEIGHT="36" WC="0.96" CONTENT="163,"/><SP WIDTH="18" VPOS="913" HPOS="453"/>
							<String ID="string_58" HPOS="471" VPOS="913" WIDTH="65" HEIGHT="30" WC="0.96" CONTENT="har"/><SP WIDTH="17" VPOS="913" HPOS="536"/>
							<String ID="string_59" HPOS="553" VPOS="911" WIDTH="127" HEIGHT="40" WC="0.95" CONTENT="Kungl."/><SP WIDTH="18" VPOS="911" HPOS="680"/>
							<String ID="string_60" HPOS="698" VPOS="910" WIDTH="117" HEIGHT="40" WC="0.96" CONTENT="Maj:t,"/><SP WIDTH="17" VPOS="910" HPOS="815"/>
							<String ID="string_61" HPOS="832" VPOS="909" WIDTH="112" HEIGHT="30" WC="0.96" CONTENT="under"/><SP WIDTH="17" VPOS="909" HPOS="944"/>
							<String ID="string_62" HPOS="961" VPOS="907" WIDTH="220" HEIGHT="40" WC="0.96" CONTENT="åberopande"/><SP WIDTH="18" VPOS="907" HPOS="1181"/>
							<String ID="string_63" HPOS="1199" VPOS="916" WIDTH="42" HEIGHT="21" WC="0.96" CONTENT="av"/><SP WIDTH="16" VPOS="916" HPOS="1241"/>
							<String ID="string_64" HPOS="1257" VPOS="904" WIDTH="261" HEIGHT="41" WC="0.91" CONTENT="propositionen"/><SP WIDTH="18" VPOS="904" HPOS="1518"/>
							<String ID="string_65" HPOS="1536" VPOS="902" WIDTH="49" HEIGHT="30" WC="0.91" CONTENT="bi-"/>
						</TextLine>
						<TextLine ID="line_9" HPOS="84" VPOS="953" WIDTH="1502" HEIGHT="53">
							<String ID="string_66" HPOS="84" VPOS="966" WIDTH="71" HEIGHT="40" WC="0.96" CONTENT="lagt"/><SP WIDTH="16" VPOS="966" HPOS="155"/>
							<String ID="string_67" HPOS="171" VPOS="965" WIDTH="128" HEIGHT="40" WC="0.96" CONTENT="utdrag"/><SP WIDTH="18" VPOS="965" HPOS="299"/>
							<String ID="string_68" HPOS="317" VPOS="973" WIDTH="43" HEIGHT="22" WC="0.93" CONTENT="av"/><SP WIDTH="20" VPOS="973" HPOS="360"/>
							<String ID="string_69" HPOS="380" VPOS="961" WIDTH="384" HEIGHT="42" WC="0.91" CONTENT="statsrådsprotokollet"/><SP WIDTH="17" VPOS="961" HPOS="764"/>
							<String ID="string_70" HPOS="781" VPOS="961" WIDTH="81" HEIGHT="30" WC="0.93" CONTENT="över"/><SP WIDTH="19" VPOS="961" HPOS="862"/>
							<String ID="string_71" HPOS="881" VPOS="958" WIDTH="275" HEIGHT="32" WC="0.90" CONTENT="finansärenden"/><SP WIDTH="19" VPOS="958" HPOS="1156"/>
							<String ID="string_72" HPOS="1175" VPOS="956" WIDTH="54" HEIGHT="32" WC="0.96" CONTENT="för"/><SP WIDTH="20" VPOS="956" HPOS="1229"/>
							<String ID="string_73" HPOS="1249" VPOS="964" WIDTH="134" HEIGHT="23" WC="0.96" CONTENT="samma"/><SP WIDTH="17" VPOS="964" HPOS="1383"/>
							<String ID="string_74" HPOS="1400" VPOS="954" WIDTH="77" HEIGHT="40" WC="0.93" CONTENT="dag,"/><SP WIDTH="20" VPOS="954" HPOS="1477"/>
							<String ID="string_75" HPOS="1497" VPOS="953" WIDTH="89" HEIGHT="30" WC="0.91" CONTENT="före-"/>
						</TextLine>
						<TextLine ID="line_10" HPOS="86" VPOS="1006" WIDTH="1264" HEIGHT="50">
							<String ID="string_76" HPOS="86" VPOS="1016" WIDTH="102" HEIGHT="40" WC="0.96" CONTENT="slagit"/><SP WIDTH="20" VPOS="1016" HPOS="188"/>
							<String ID="string_77" HPOS="208" VPOS="1015" WIDTH="189" HEIGHT="39" WC="0.96" CONTENT="riksdagen"/><SP WIDTH="21" VPOS="1015" HPOS="397"/>
							<String ID="string_78" HPOS="418" VPOS="1015" WIDTH="51" HEIGHT="30" WC="0.96" CONTENT="att"/><SP WIDTH="20" VPOS="1015" HPOS="469"/>
							<String ID="string_79" HPOS="489" VPOS="1015" WIDTH="127" HEIGHT="38" WC="0.96" CONTENT="antaga"/><SP WIDTH="20" VPOS="1015" HPOS="616"/>
							<String ID="string_80" HPOS="636" VPOS="1012" WIDTH="59" HEIGHT="30" WC="0.96" CONTENT="vid"/><SP WIDTH="21" VPOS="1012" HPOS="695"/>
							<String ID="string_81" HPOS="716" VPOS="1010" WIDTH="264" HEIGHT="41" WC="0.96" CONTENT="propositionen"/><SP WIDTH="21" VPOS="1010" HPOS="980"/>
							<String ID="string_82" HPOS="1001" VPOS="1008" WIDTH="125" HEIGHT="40" WC="0.96" CONTENT="fogade"/><SP WIDTH="20" VPOS="1008" HPOS="1126"/>
							<String ID="string_83" HPOS="1146" VPOS="1007" WIDTH="131" HEIGHT="42" WC="0.96" CONTENT="förslag"/><SP WIDTH="22" VPOS="1007" HPOS="1277"/>
							<String ID="string_84" HPOS="1299" VPOS="1006" WIDTH="51" HEIGHT="30" WC="0.95" CONTENT="till"/>
						</TextLine>
					</TextBlock>
					<TextBlock ID="block_4" HPOS="88" VPOS="1053" WIDTH="1495" HEIGHT="97">
						<TextLine ID="line_11" HPOS="131" VPOS="1053" WIDTH="1452" HEIGHT="50">
							<String ID="string_85" HPOS="131" VPOS="1065" WIDTH="35" HEIGHT="34" WC="0.95" CONTENT="1)"/><SP WIDTH="28" VPOS="1065" HPOS="166"/>
							<String ID="string_86" HPOS="194" VPOS="1064" WIDTH="207" HEIGHT="39" WC="0.96" CONTENT="förordning"/><SP WIDTH="19" VPOS="1064" HPOS="401"/>
							<String ID="string_87" HPOS="420" VPOS="1063" WIDTH="178" HEIGHT="40" WC="0.96" CONTENT="angående"/><SP WIDTH="16" VPOS="1063" HPOS="598"/>
							<String ID="string_88" HPOS="614" VPOS="1062" WIDTH="152" HEIGHT="39" WC="0.96" CONTENT="ändring"/><SP WIDTH="17" VPOS="1062" HPOS="766"/>
							<String ID="string_89" HPOS="783" VPOS="1061" WIDTH="12" HEIGHT="29" WC="0.96" CONTENT="i"/><SP WIDTH="17" VPOS="1061" HPOS="795"/>
							<String ID="string_90" HPOS="812" VPOS="1061" WIDTH="95" HEIGHT="30" WC="0.96" CONTENT="vissa"/><SP WIDTH="17" VPOS="1061" HPOS="907"/>
							<String ID="string_91" HPOS="924" VPOS="1060" WIDTH="95" HEIGHT="29" WC="0.96" CONTENT="delar"/><SP WIDTH="18" VPOS="1060" HPOS="1019"/>
							<String ID="string_92" HPOS="1037" VPOS="1067" WIDTH="42" HEIGHT="21" WC="0.96" CONTENT="av"/><SP WIDTH="18" VPOS="1067" HPOS="1079"/>
							<String ID="string_93" HPOS="1097" VPOS="1057" WIDTH="251" HEIGHT="39" WC="0.96" CONTENT="förordningen"/><SP WIDTH="19" VPOS="1057" HPOS="1348"/>
							<String ID="string_94" HPOS="1367" VPOS="1056" WIDTH="66" HEIGHT="29" WC="0.96" CONTENT="den"/><SP WIDTH="20" VPOS="1056" HPOS="1433"/>
							<String ID="string_95" HPOS="1453" VPOS="1055" WIDTH="37" HEIGHT="29" WC="0.95" CONTENT="31"/><SP WIDTH="22" VPOS="1055" HPOS="1490"/>
							<String ID="string_96" HPOS="1512" VPOS="1053" WIDTH="71" HEIGHT="40" WC="0.96" CONTENT="maj"/>
						</TextLine>
						<TextLine ID="line_12" HPOS="88" VPOS="1111" WIDTH="864" HEIGHT="39">
							<String ID="string_97" HPOS="88" VPOS="1115" WIDTH="81" HEIGHT="30" WC="0.96" CONTENT="1957"/><SP WIDTH="27" VPOS="1115" HPOS="169"/>
							<String ID="string_98" HPOS="196" VPOS="1115" WIDTH="60" HEIGHT="34" WC="0.96" CONTENT="(nr"/><SP WIDTH="18" VPOS="1115" HPOS="256"/>
							<String ID="string_99" HPOS="274" VPOS="1114" WIDTH="81" HEIGHT="34" WC="0.96" CONTENT="262)"/><SP WIDTH="24" VPOS="1114" HPOS="355"/>
							<String ID="string_100" HPOS="379" VPOS="1123" WIDTH="57" HEIGHT="21" WC="0.96" CONTENT="om"/><SP WIDTH="22" VPOS="1123" HPOS="436"/>
							<String ID="string_101" HPOS="458" VPOS="1113" WIDTH="131" HEIGHT="30" WC="0.92" CONTENT="allmän"/><SP WIDTH="19" VPOS="1113" HPOS="589"/>
							<String ID="string_102" HPOS="608" VPOS="1111" WIDTH="230" HEIGHT="39" WC="0.90" CONTENT="energiskatt;"/><SP WIDTH="23" VPOS="1111" HPOS="838"/>
							<String ID="string_103" HPOS="861" VPOS="1112" WIDTH="91" HEIGHT="27" WC="0.96" CONTENT="samt"/>
						</TextLine>
					</TextBlock>
					<TextBlock ID="block_5" HPOS="87" VPOS="1154" WIDTH="1498" HEIGHT="98">
						<TextLine ID="line_13" HPOS="129" VPOS="1154" WIDTH="1456" HEIGHT="49">
							<String ID="string_104" HPOS="129" VPOS="1164" WIDTH="37" HEIGHT="35" WC="0.96" CONTENT="2)"/><SP WIDTH="30" VPOS="1164" HPOS="166"/>
							<String ID="string_105" HPOS="196" VPOS="1163" WIDTH="208" HEIGHT="40" WC="0.96" CONTENT="förordning"/><SP WIDTH="20" VPOS="1163" HPOS="404"/>
							<String ID="string_106" HPOS="424" VPOS="1172" WIDTH="58" HEIGHT="22" WC="0.96" CONTENT="om"/><SP WIDTH="19" VPOS="1172" HPOS="482"/>
							<String ID="string_107" HPOS="501" VPOS="1161" WIDTH="153" HEIGHT="41" WC="0.93" CONTENT="tillfällig"/><SP WIDTH="20" VPOS="1161" HPOS="654"/>
							<String ID="string_108" HPOS="674" VPOS="1160" WIDTH="215" HEIGHT="41" WC="0.91" CONTENT="energiskatt"/><SP WIDTH="21" VPOS="1160" HPOS="889"/>
							<String ID="string_109" HPOS="910" VPOS="1159" WIDTH="20" HEIGHT="30" WC="0.93" CONTENT="å"/><SP WIDTH="19" VPOS="1159" HPOS="930"/>
							<String ID="string_110" HPOS="949" VPOS="1158" WIDTH="123" HEIGHT="31" WC="0.96" CONTENT="bensin"/><SP WIDTH="22" VPOS="1158" HPOS="1072"/>
							<String ID="string_111" HPOS="1094" VPOS="1157" WIDTH="66" HEIGHT="31" WC="0.96" CONTENT="och"/><SP WIDTH="18" VPOS="1157" HPOS="1160"/>
							<String ID="string_112" HPOS="1178" VPOS="1157" WIDTH="94" HEIGHT="30" WC="0.96" CONTENT="vissa"/><SP WIDTH="22" VPOS="1157" HPOS="1272"/>
							<String ID="string_113" HPOS="1294" VPOS="1156" WIDTH="109" HEIGHT="30" WC="0.96" CONTENT="andra"/><SP WIDTH="19" VPOS="1156" HPOS="1403"/>
							<String ID="string_114" HPOS="1422" VPOS="1154" WIDTH="163" HEIGHT="30" WC="0.96" CONTENT="bränslen"/>
						</TextLine>
						<TextLine ID="line_14" HPOS="87" VPOS="1210" WIDTH="745" HEIGHT="42">
							<String ID="string_115" HPOS="87" VPOS="1224" WIDTH="76" HEIGHT="21" WC="0.96" CONTENT="som"/><SP WIDTH="17" VPOS="1224" HPOS="163"/>
							<String ID="string_116" HPOS="180" VPOS="1215" WIDTH="120" HEIGHT="30" WC="0.96" CONTENT="finnas"/><SP WIDTH="17" VPOS="1215" HPOS="300"/>
							<String ID="string_117" HPOS="317" VPOS="1215" WIDTH="11" HEIGHT="30" WC="0.96" CONTENT="i"/><SP WIDTH="17" VPOS="1215" HPOS="328"/>
							<String ID="string_118" HPOS="345" VPOS="1213" WIDTH="92" HEIGHT="31" WC="0.96" CONTENT="riket"/><SP WIDTH="16" VPOS="1213" HPOS="437"/>
							<String ID="string_119" HPOS="453" VPOS="1213" WIDTH="67" HEIGHT="30" WC="0.96" CONTENT="den"/><SP WIDTH="20" VPOS="1213" HPOS="520"/>
							<String ID="string_120" HPOS="540" VPOS="1213" WIDTH="15" HEIGHT="29" WC="0.96" CONTENT="1"/><SP WIDTH="20" VPOS="1213" HPOS="555"/>
							<String ID="string_121" HPOS="575" VPOS="1212" WIDTH="143" HEIGHT="40" WC="0.96" CONTENT="januari"/><SP WIDTH="19" VPOS="1212" HPOS="718"/>
							<String ID="string_122" HPOS="737" VPOS="1210" WIDTH="95" HEIGHT="31" WC="0.96" CONTENT="1960."/>
						</TextLine>
					</TextBlock>
				</ComposedBlock>
				<ComposedBlock ID="cblock_4" HPOS="86" VPOS="1289" WIDTH="1501" HEIGHT="447">
					<TextBlock ID="block_6" HPOS="131" VPOS="1289" WIDTH="1417" HEIGHT="48">
						<TextLine ID="line_15" HPOS="131" VPOS="1289" WIDTH="1417" HEIGHT="48">
							<String ID="string_123" HPOS="131" VPOS="1298" WIDTH="161" HEIGHT="30" WC="0.93" CONTENT="Rörande"/><SP WIDTH="20" VPOS="1298" HPOS="292"/>
							<String ID="string_124" HPOS="312" VPOS="1296" WIDTH="282" HEIGHT="41" WC="0.91" CONTENT="propositionens"/><SP WIDTH="16" VPOS="1296" HPOS="594"/>
							<String ID="string_125" HPOS="610" VPOS="1294" WIDTH="260" HEIGHT="39" WC="0.96" CONTENT="huvudsakliga"/><SP WIDTH="19" VPOS="1294" HPOS="870"/>
							<String ID="string_126" HPOS="889" VPOS="1292" WIDTH="155" HEIGHT="31" WC="0.96" CONTENT="innehåll"/><SP WIDTH="17" VPOS="1292" HPOS="1044"/>
							<String ID="string_127" HPOS="1061" VPOS="1292" WIDTH="59" HEIGHT="30" WC="0.96" CONTENT="må"/><SP WIDTH="17" VPOS="1292" HPOS="1120"/>
							<String ID="string_128" HPOS="1137" VPOS="1292" WIDTH="66" HEIGHT="30" WC="0.96" CONTENT="här"/><SP WIDTH="18" VPOS="1292" HPOS="1203"/>
							<String ID="string_129" HPOS="1221" VPOS="1290" WIDTH="141" HEIGHT="31" WC="0.96" CONTENT="anföras"/><SP WIDTH="19" VPOS="1290" HPOS="1362"/>
							<String ID="string_130" HPOS="1381" VPOS="1289" WIDTH="167" HEIGHT="39" WC="0.96" CONTENT="följande."/>
						</TextLine>
					</TextBlock>
					<TextBlock ID="block_7" HPOS="86" VPOS="1337" WIDTH="1501" HEIGHT="289">
						<TextLine ID="line_16" HPOS="131" VPOS="1337" WIDTH="1456" HEIGHT="51">
							<String ID="string_131" HPOS="131" VPOS="1349" WIDTH="13" HEIGHT="29" WC="0.96" CONTENT="I"/><SP WIDTH="19" VPOS="1349" HPOS="144"/>
							<String ID="string_132" HPOS="163" VPOS="1347" WIDTH="265" HEIGHT="41" WC="0.96" CONTENT="propositionen"/><SP WIDTH="20" VPOS="1347" HPOS="428"/>
							<String ID="string_133" HPOS="448" VPOS="1345" WIDTH="158" HEIGHT="36" WC="0.96" CONTENT="föreslås,"/><SP WIDTH="21" VPOS="1345" HPOS="606"/>
							<String ID="string_134" HPOS="627" VPOS="1347" WIDTH="51" HEIGHT="28" WC="0.93" CONTENT="att"/><SP WIDTH="19" VPOS="1347" HPOS="678"/>
							<String ID="string_135" HPOS="697" VPOS="1344" WIDTH="261" HEIGHT="40" WC="0.92" CONTENT="energiskatten"/><SP WIDTH="19" VPOS="1344" HPOS="958"/>
							<String ID="string_136" HPOS="977" VPOS="1342" WIDTH="45" HEIGHT="40" WC="0.96" CONTENT="på"/><SP WIDTH="20" VPOS="1342" HPOS="1022"/>
							<String ID="string_137" HPOS="1042" VPOS="1342" WIDTH="124" HEIGHT="30" WC="0.96" CONTENT="bensin"/><SP WIDTH="23" VPOS="1342" HPOS="1166"/>
							<String ID="string_138" HPOS="1189" VPOS="1342" WIDTH="92" HEIGHT="29" WC="0.96" CONTENT="samt"/><SP WIDTH="20" VPOS="1342" HPOS="1281"/>
							<String ID="string_139" HPOS="1301" VPOS="1339" WIDTH="108" HEIGHT="31" WC="0.96" CONTENT="andra"/><SP WIDTH="22" VPOS="1339" HPOS="1409"/>
							<String ID="string_140" HPOS="1431" VPOS="1337" WIDTH="156" HEIGHT="41" WC="0.96" CONTENT="flytande"/>
						</TextLine>
						<TextLine ID="line_17" HPOS="86" VPOS="1387" WIDTH="1498" HEIGHT="48">
							<String ID="string_141" HPOS="86" VPOS="1398" WIDTH="66" HEIGHT="29" WC="0.96" CONTENT="och"/><SP WIDTH="21" VPOS="1398" HPOS="152"/>
							<String ID="string_142" HPOS="173" VPOS="1398" WIDTH="94" HEIGHT="29" WC="0.96" CONTENT="fasta"/><SP WIDTH="20" VPOS="1398" HPOS="267"/>
							<String ID="string_143" HPOS="287" VPOS="1396" WIDTH="167" HEIGHT="29" WC="0.93" CONTENT="bränslen"/><SP WIDTH="19" VPOS="1396" HPOS="454"/>
							<String ID="string_144" HPOS="473" VPOS="1395" WIDTH="101" HEIGHT="40" WC="0.92" CONTENT="höjes"/><SP WIDTH="22" VPOS="1395" HPOS="574"/>
							<String ID="string_145" HPOS="596" VPOS="1394" WIDTH="44" HEIGHT="31" WC="0.92" CONTENT="fr."/><SP WIDTH="21" VPOS="1394" HPOS="640"/>
							<String ID="string_146" HPOS="661" VPOS="1403" WIDTH="31" HEIGHT="21" WC="0.92" CONTENT="o."/><SP WIDTH="21" VPOS="1403" HPOS="692"/>
							<String ID="string_147" HPOS="713" VPOS="1403" WIDTH="47" HEIGHT="21" WC="0.91" CONTENT="m."/><SP WIDTH="22" VPOS="1403" HPOS="760"/>
							<String ID="string_148" HPOS="782" VPOS="1393" WIDTH="69" HEIGHT="30" WC="0.97" CONTENT="den"/><SP WIDTH="23" VPOS="1393" HPOS="851"/>
							<String ID="string_149" HPOS="874" VPOS="1393" WIDTH="14" HEIGHT="30" WC="0.96" CONTENT="1"/><SP WIDTH="24" VPOS="1393" HPOS="888"/>
							<String ID="string_150" HPOS="912" VPOS="1392" WIDTH="142" HEIGHT="40" WC="0.96" CONTENT="januari"/><SP WIDTH="25" VPOS="1392" HPOS="1054"/>
							<String ID="string_151" HPOS="1079" VPOS="1391" WIDTH="95" HEIGHT="31" WC="0.95" CONTENT="1960."/><SP WIDTH="21" VPOS="1391" HPOS="1174"/>
							<String ID="string_152" HPOS="1195" VPOS="1390" WIDTH="75" HEIGHT="30" WC="0.97" CONTENT="Den"/><SP WIDTH="21" VPOS="1390" HPOS="1270"/>
							<String ID="string_153" HPOS="1291" VPOS="1389" WIDTH="197" HEIGHT="39" WC="0.93" CONTENT="föreslagna"/><SP WIDTH="20" VPOS="1389" HPOS="1488"/>
							<String ID="string_154" HPOS="1508" VPOS="1387" WIDTH="76" HEIGHT="40" WC="0.92" CONTENT="höj-"/>
						</TextLine>
						<TextLine ID="line_18" HPOS="87" VPOS="1439" WIDTH="1499" HEIGHT="47">
							<String ID="string_155" HPOS="87" VPOS="1448" WIDTH="130" HEIGHT="38" WC="0.96" CONTENT="ningen"/><SP WIDTH="23" VPOS="1448" HPOS="217"/>
							<String ID="string_156" HPOS="240" VPOS="1447" WIDTH="104" HEIGHT="39" WC="0.96" CONTENT="utgör"/><SP WIDTH="22" VPOS="1447" HPOS="344"/>
							<String ID="string_157" HPOS="366" VPOS="1447" WIDTH="12" HEIGHT="29" WC="0.96" CONTENT="i"/><SP WIDTH="23" VPOS="1447" HPOS="378"/>
							<String ID="string_158" HPOS="401" VPOS="1446" WIDTH="101" HEIGHT="39" WC="0.96" CONTENT="fråga"/><SP WIDTH="23" VPOS="1446" HPOS="502"/>
							<String ID="string_159" HPOS="525" VPOS="1454" WIDTH="57" HEIGHT="21" WC="0.96" CONTENT="om"/><SP WIDTH="24" VPOS="1454" HPOS="582"/>
							<String ID="string_160" HPOS="606" VPOS="1444" WIDTH="126" HEIGHT="30" WC="0.96" CONTENT="bensin"/><SP WIDTH="24" VPOS="1444" HPOS="732"/>
							<String ID="string_161" HPOS="756" VPOS="1444" WIDTH="72" HEIGHT="29" WC="0.96" CONTENT="fem"/><SP WIDTH="24" VPOS="1444" HPOS="828"/>
							<String ID="string_162" HPOS="852" VPOS="1444" WIDTH="59" HEIGHT="29" WC="0.95" CONTENT="öre"/><SP WIDTH="24" VPOS="1444" HPOS="911"/>
							<String ID="string_163" HPOS="935" VPOS="1451" WIDTH="61" HEIGHT="31" WC="0.95" CONTENT="per"/><SP WIDTH="23" VPOS="1451" HPOS="996"/>
							<String ID="string_164" HPOS="1019" VPOS="1442" WIDTH="79" HEIGHT="29" WC="0.96" CONTENT="liter"/><SP WIDTH="24" VPOS="1442" HPOS="1098"/>
							<String ID="string_165" HPOS="1122" VPOS="1441" WIDTH="66" HEIGHT="30" WC="0.96" CONTENT="och"/><SP WIDTH="24" VPOS="1441" HPOS="1188"/>
							<String ID="string_166" HPOS="1212" VPOS="1439" WIDTH="221" HEIGHT="31" WC="0.93" CONTENT="beträffande"/><SP WIDTH="24" VPOS="1439" HPOS="1433"/>
							<String ID="string_167" HPOS="1457" VPOS="1440" WIDTH="129" HEIGHT="28" WC="0.89" CONTENT="motor-"/>
						</TextLine>
						<TextLine ID="line_19" HPOS="88" VPOS="1489" WIDTH="1498" HEIGHT="48">
							<String ID="string_168" HPOS="88" VPOS="1498" WIDTH="188" HEIGHT="39" WC="0.91" CONTENT="brännolja"/><SP WIDTH="18" VPOS="1498" HPOS="276"/>
							<String ID="string_169" HPOS="294" VPOS="1497" WIDTH="65" HEIGHT="30" WC="0.96" CONTENT="och"/><SP WIDTH="19" VPOS="1497" HPOS="359"/>
							<String ID="string_170" HPOS="378" VPOS="1495" WIDTH="235" HEIGHT="39" WC="0.96" CONTENT="eldningsolja"/><SP WIDTH="20" VPOS="1495" HPOS="613"/>
							<String ID="string_171" HPOS="633" VPOS="1495" WIDTH="39" HEIGHT="29" WC="0.96" CONTENT="10"/><SP WIDTH="18" VPOS="1495" HPOS="672"/>
							<String ID="string_172" HPOS="690" VPOS="1494" WIDTH="132" HEIGHT="30" WC="0.96" CONTENT="kronor"/><SP WIDTH="19" VPOS="1494" HPOS="822"/>
							<String ID="string_173" HPOS="841" VPOS="1502" WIDTH="62" HEIGHT="31" WC="0.93" CONTENT="per"/><SP WIDTH="18" VPOS="1502" HPOS="903"/>
							<String ID="string_174" HPOS="921" VPOS="1494" WIDTH="60" HEIGHT="29" WC="0.67" CONTENT="m?,"/><SP WIDTH="19" VPOS="1494" HPOS="981"/>
							<String ID="string_175" HPOS="1000" VPOS="1494" WIDTH="13" HEIGHT="30" WC="0.96" CONTENT="I"/><SP WIDTH="19" VPOS="1494" HPOS="1013"/>
							<String ID="string_176" HPOS="1032" VPOS="1492" WIDTH="101" HEIGHT="39" WC="0.96" CONTENT="fråga"/><SP WIDTH="18" VPOS="1492" HPOS="1133"/>
							<String ID="string_177" HPOS="1151" VPOS="1500" WIDTH="58" HEIGHT="21" WC="0.96" CONTENT="om"/><SP WIDTH="19" VPOS="1500" HPOS="1209"/>
							<String ID="string_178" HPOS="1228" VPOS="1490" WIDTH="42" HEIGHT="30" WC="0.96" CONTENT="de"/><SP WIDTH="19" VPOS="1490" HPOS="1270"/>
							<String ID="string_179" HPOS="1289" VPOS="1490" WIDTH="93" HEIGHT="30" WC="0.96" CONTENT="fasta"/><SP WIDTH="18" VPOS="1490" HPOS="1382"/>
							<String ID="string_180" HPOS="1400" VPOS="1489" WIDTH="186" HEIGHT="30" WC="0.96" CONTENT="bränslena"/>
						</TextLine>
						<TextLine ID="line_20" HPOS="88" VPOS="1538" WIDTH="1499" HEIGHT="46">
							<String ID="string_181" HPOS="88" VPOS="1548" WIDTH="148" HEIGHT="28" WC="0.33" CONTENT="föreslås"/><SP WIDTH="24" VPOS="1548" HPOS="236"/>
							<String ID="string_182" HPOS="260" VPOS="1548" WIDTH="51" HEIGHT="28" WC="0.96" CONTENT="att"/><SP WIDTH="25" VPOS="1548" HPOS="311"/>
							<String ID="string_183" HPOS="336" VPOS="1547" WIDTH="276" HEIGHT="28" WC="0.95" CONTENT="skattesatserna"/><SP WIDTH="24" VPOS="1547" HPOS="612"/>
							<String ID="string_184" HPOS="636" VPOS="1553" WIDTH="62" HEIGHT="31" WC="0.96" CONTENT="per"/><SP WIDTH="24" VPOS="1553" HPOS="698"/>
							<String ID="string_185" HPOS="722" VPOS="1545" WIDTH="62" HEIGHT="28" WC="0.93" CONTENT="ton"/><SP WIDTH="24" VPOS="1545" HPOS="784"/>
							<String ID="string_186" HPOS="808" VPOS="1543" WIDTH="101" HEIGHT="39" WC="0.92" CONTENT="höjes"/><SP WIDTH="24" VPOS="1543" HPOS="909"/>
							<String ID="string_187" HPOS="933" VPOS="1542" WIDTH="81" HEIGHT="29" WC="0.96" CONTENT="med"/><SP WIDTH="24" VPOS="1542" HPOS="1014"/>
							<String ID="string_188" HPOS="1038" VPOS="1542" WIDTH="19" HEIGHT="29" WC="0.96" CONTENT="8"/><SP WIDTH="24" VPOS="1542" HPOS="1057"/>
							<String ID="string_189" HPOS="1081" VPOS="1541" WIDTH="132" HEIGHT="29" WC="0.96" CONTENT="kronor"/><SP WIDTH="25" VPOS="1541" HPOS="1213"/>
							<String ID="string_190" HPOS="1238" VPOS="1540" WIDTH="55" HEIGHT="29" WC="0.96" CONTENT="för"/><SP WIDTH="24" VPOS="1540" HPOS="1293"/>
							<String ID="string_191" HPOS="1317" VPOS="1539" WIDTH="135" HEIGHT="30" WC="0.96" CONTENT="stenkol"/><SP WIDTH="25" VPOS="1539" HPOS="1452"/>
							<String ID="string_192" HPOS="1477" VPOS="1538" WIDTH="66" HEIGHT="30" WC="0.96" CONTENT="och"/><SP WIDTH="24" VPOS="1538" HPOS="1543"/>
							<String ID="string_193" HPOS="1567" VPOS="1538" WIDTH="20" HEIGHT="29" WC="0.96" CONTENT="9"/>
						</TextLine>
						<TextLine ID="line_21" HPOS="89" VPOS="1596" WIDTH="322" HEIGHT="30">
							<String ID="string_194" HPOS="89" VPOS="1598" WIDTH="130" HEIGHT="28" WC="0.96" CONTENT="kronor"/><SP WIDTH="18" VPOS="1598" HPOS="219"/>
							<String ID="string_195" HPOS="237" VPOS="1597" WIDTH="56" HEIGHT="29" WC="0.96" CONTENT="för"/><SP WIDTH="16" VPOS="1597" HPOS="293"/>
							<String ID="string_196" HPOS="309" VPOS="1596" WIDTH="102" HEIGHT="29" WC="0.96" CONTENT="koks."/>
						</TextLine>
					</TextBlock>
					<TextBlock ID="block_8" HPOS="91" VPOS="1638" WIDTH="1496" HEIGHT="98">
						<TextLine ID="line_22" HPOS="134" VPOS="1638" WIDTH="1453" HEIGHT="46">
							<String ID="string_197" HPOS="134" VPOS="1645" WIDTH="316" HEIGHT="39" WC="0.92" CONTENT="Skattehöjningen"/><SP WIDTH="26" VPOS="1645" HPOS="450"/>
							<String ID="string_198" HPOS="476" VPOS="1644" WIDTH="172" HEIGHT="30" WC="0.95" CONTENT="beräknas"/><SP WIDTH="27" VPOS="1644" HPOS="648"/>
							<String ID="string_199" HPOS="675" VPOS="1643" WIDTH="133" HEIGHT="30" WC="0.93" CONTENT="tillföra"/><SP WIDTH="25" VPOS="1643" HPOS="808"/>
							<String ID="string_200" HPOS="833" VPOS="1641" WIDTH="209" HEIGHT="31" WC="0.92" CONTENT="statsverket"/><SP WIDTH="25" VPOS="1641" HPOS="1042"/>
							<String ID="string_201" HPOS="1067" VPOS="1640" WIDTH="163" HEIGHT="39" WC="0.96" CONTENT="omkring"/><SP WIDTH="25" VPOS="1640" HPOS="1230"/>
							<String ID="string_202" HPOS="1255" VPOS="1639" WIDTH="63" HEIGHT="30" WC="0.95" CONTENT="225"/><SP WIDTH="26" VPOS="1639" HPOS="1318"/>
							<String ID="string_203" HPOS="1344" VPOS="1638" WIDTH="88" HEIGHT="40" WC="0.95" CONTENT="milj."/><SP WIDTH="24" VPOS="1638" HPOS="1432"/>
							<String ID="string_204" HPOS="1456" VPOS="1638" WIDTH="131" HEIGHT="30" WC="0.95" CONTENT="kronor"/>
						</TextLine>
						<TextLine ID="line_23" HPOS="91" VPOS="1696" WIDTH="351" HEIGHT="40">
							<String ID="string_205" HPOS="91" VPOS="1698" WIDTH="56" HEIGHT="31" WC="0.96" CONTENT="för"/><SP WIDTH="21" VPOS="1698" HPOS="147"/>
							<String ID="string_206" HPOS="168" VPOS="1697" WIDTH="73" HEIGHT="30" WC="0.96" CONTENT="helt"/><SP WIDTH="20" VPOS="1697" HPOS="241"/>
							<String ID="string_207" HPOS="261" VPOS="1696" WIDTH="181" HEIGHT="40" WC="0.96" CONTENT="budgetår."/>
						</TextLine>
					</TextBlock>
				</ComposedBlock>
				<ComposedBlock ID="cblock_5" HPOS="137" VPOS="1765" WIDTH="1219" HEIGHT="43">
					<TextBlock ID="block_9" HPOS="137" VPOS="1765" WIDTH="1219" HEIGHT="43">
						<TextLine ID="line_24" HPOS="137" VPOS="1765" WIDTH="1219" HEIGHT="43">
							<String ID="string_208" HPOS="137" VPOS="1773" WIDTH="49" HEIGHT="28" WC="0.96" CONTENT="De"/><SP WIDTH="23" VPOS="1773" HPOS="186"/>
							<String ID="string_209" HPOS="209" VPOS="1770" WIDTH="247" HEIGHT="32" WC="0.92" CONTENT="ovannämnda"/><SP WIDTH="23" VPOS="1770" HPOS="456"/>
							<String ID="string_210" HPOS="479" VPOS="1768" WIDTH="410" HEIGHT="40" WC="0.91" CONTENT="författningsförslagen"/><SP WIDTH="22" VPOS="1768" HPOS="889"/>
							<String ID="string_211" HPOS="911" VPOS="1768" WIDTH="38" HEIGHT="28" WC="0.96" CONTENT="är"/><SP WIDTH="23" VPOS="1768" HPOS="949"/>
							<String ID="string_212" HPOS="972" VPOS="1776" WIDTH="41" HEIGHT="21" WC="0.96" CONTENT="av"/><SP WIDTH="23" VPOS="1776" HPOS="1013"/>
							<String ID="string_213" HPOS="1036" VPOS="1766" WIDTH="158" HEIGHT="40" WC="0.96" CONTENT="följande"/><SP WIDTH="22" VPOS="1766" HPOS="1194"/>
							<String ID="string_214" HPOS="1216" VPOS="1765" WIDTH="140" HEIGHT="40" WC="0.96" CONTENT="lydelse."/>
						</TextLine>
					</TextBlock>
				</ComposedBlock>
				<ComposedBlock ID="cblock_6" HPOS="119" VPOS="1939" WIDTH="1444" HEIGHT="228">
					<TextBlock ID="block_10" HPOS="119" VPOS="1939" WIDTH="1444" HEIGHT="228">
						<TextLine ID="line_25" HPOS="770" VPOS="1939" WIDTH="148" HEIGHT="42">
							<String ID="string_215" HPOS="770" VPOS="1939" WIDTH="148" HEIGHT="42" WC="0.96" CONTENT="Förslag"/>
						</TextLine>
						<TextLine ID="line_26" HPOS="814" VPOS="2002" WIDTH="54" HEIGHT="31">
							<String ID="string_216" HPOS="814" VPOS="2002" WIDTH="54" HEIGHT="31" WC="0.96" CONTENT="till"/>
						</TextLine>
						<TextLine ID="line_27" HPOS="119" VPOS="2061" WIDTH="1444" HEIGHT="49">
							<String ID="string_217" HPOS="119" VPOS="2068" WIDTH="211" HEIGHT="42" WC="0.96" CONTENT="förordning"/><SP WIDTH="20" VPOS="2068" HPOS="330"/>
							<String ID="string_218" HPOS="350" VPOS="2066" WIDTH="185" HEIGHT="43" WC="0.96" CONTENT="angående"/><SP WIDTH="21" VPOS="2066" HPOS="535"/>
							<String ID="string_219" HPOS="556" VPOS="2065" WIDTH="151" HEIGHT="42" WC="0.96" CONTENT="ändring"/><SP WIDTH="21" VPOS="2065" HPOS="707"/>
							<String ID="string_220" HPOS="728" VPOS="2065" WIDTH="13" HEIGHT="32" WC="0.96" CONTENT="i"/><SP WIDTH="21" VPOS="2065" HPOS="741"/>
							<String ID="string_221" HPOS="762" VPOS="2065" WIDTH="94" HEIGHT="32" WC="0.96" CONTENT="vissa"/><SP WIDTH="22" VPOS="2065" HPOS="856"/>
							<String ID="string_222" HPOS="878" VPOS="2063" WIDTH="97" HEIGHT="33" WC="0.96" CONTENT="delar"/><SP WIDTH="21" VPOS="2063" HPOS="975"/>
							<String ID="string_223" HPOS="996" VPOS="2075" WIDTH="46" HEIGHT="21" WC="0.96" CONTENT="av"/><SP WIDTH="18" VPOS="2075" HPOS="1042"/>
							<String ID="string_224" HPOS="1060" VPOS="2062" WIDTH="254" HEIGHT="42" WC="0.96" CONTENT="förordningen"/><SP WIDTH="21" VPOS="2062" HPOS="1314"/>
							<String ID="string_225" HPOS="1335" VPOS="2061" WIDTH="67" HEIGHT="32" WC="0.96" CONTENT="den"/><SP WIDTH="22" VPOS="2061" HPOS="1402"/>
							<String ID="string_226" HPOS="1424" VPOS="2061" WIDTH="43" HEIGHT="33" WC="0.96" CONTENT="31"/><SP WIDTH="22" VPOS="2061" HPOS="1467"/>
							<String ID="string_227" HPOS="1489" VPOS="2062" WIDTH="74" HEIGHT="42" WC="0.96" CONTENT="maj"/>
						</TextLine>
						<TextLine ID="line_28" HPOS="464" VPOS="2120" WIDTH="764" HEIGHT="47">
							<String ID="string_228" HPOS="464" VPOS="2124" WIDTH="91" HEIGHT="35" WC="0.95" CONTENT="1957"/><SP WIDTH="22" VPOS="2124" HPOS="555"/>
							<String ID="string_229" HPOS="577" VPOS="2122" WIDTH="63" HEIGHT="45" WC="0.96" CONTENT="(nr"/><SP WIDTH="21" VPOS="2122" HPOS="640"/>
							<String ID="string_230" HPOS="661" VPOS="2123" WIDTH="87" HEIGHT="44" WC="0.96" CONTENT="262)"/><SP WIDTH="24" VPOS="2123" HPOS="748"/>
							<String ID="string_231" HPOS="772" VPOS="2134" WIDTH="61" HEIGHT="22" WC="0.96" CONTENT="om"/><SP WIDTH="21" VPOS="2134" HPOS="833"/>
							<String ID="string_232" HPOS="854" VPOS="2122" WIDTH="136" HEIGHT="33" WC="0.93" CONTENT="allmän"/><SP WIDTH="21" VPOS="2122" HPOS="990"/>
							<String ID="string_233" HPOS="1011" VPOS="2120" WIDTH="217" HEIGHT="43" WC="0.91" CONTENT="energiskatt"/>
						</TextLine>
					</TextBlock>
				</ComposedBlock>
				<ComposedBlock ID="cblock_7" HPOS="93" VPOS="2200" WIDTH="1503" HEIGHT="306">
					<TextBlock ID="block_11" HPOS="93" VPOS="2200" WIDTH="1503" HEIGHT="214">
						<TextLine ID="line_29" HPOS="135" VPOS="2200" WIDTH="1461" HEIGHT="47">
							<String ID="string_234" HPOS="135" VPOS="2208" WIDTH="213" HEIGHT="39" WC="0.96" CONTENT="Härigenom"/><SP WIDTH="24" VPOS="2208" HPOS="348"/>
							<String ID="string_235" HPOS="372" VPOS="2205" WIDTH="196" HEIGHT="35" WC="0.96" CONTENT="förordnas,"/><SP WIDTH="25" VPOS="2205" HPOS="568"/>
							<String ID="string_236" HPOS="593" VPOS="2206" WIDTH="51" HEIGHT="29" WC="0.96" CONTENT="att"/><SP WIDTH="22" VPOS="2206" HPOS="644"/>
							<String ID="string_237" HPOS="666" VPOS="2204" WIDTH="18" HEIGHT="31" WC="0.93" CONTENT="5"/><SP WIDTH="27" VPOS="2204" HPOS="684"/>
							<String ID="string_238" HPOS="711" VPOS="2203" WIDTH="15" HEIGHT="37" WC="0.92" CONTENT="$"/><SP WIDTH="26" VPOS="2203" HPOS="726"/>
							<String ID="string_239" HPOS="752" VPOS="2202" WIDTH="250" HEIGHT="40" WC="0.96" CONTENT="förordningen"/><SP WIDTH="24" VPOS="2202" HPOS="1002"/>
							<String ID="string_240" HPOS="1026" VPOS="2202" WIDTH="68" HEIGHT="30" WC="0.96" CONTENT="den"/><SP WIDTH="22" VPOS="2202" HPOS="1094"/>
							<String ID="string_241" HPOS="1116" VPOS="2202" WIDTH="39" HEIGHT="31" WC="0.96" CONTENT="31"/><SP WIDTH="26" VPOS="2202" HPOS="1155"/>
							<String ID="string_242" HPOS="1181" VPOS="2201" WIDTH="71" HEIGHT="40" WC="0.95" CONTENT="maj"/><SP WIDTH="28" VPOS="2201" HPOS="1252"/>
							<String ID="string_243" HPOS="1280" VPOS="2201" WIDTH="81" HEIGHT="30" WC="0.96" CONTENT="1957"/><SP WIDTH="25" VPOS="2201" HPOS="1361"/>
							<String ID="string_244" HPOS="1386" VPOS="2210" WIDTH="56" HEIGHT="21" WC="0.96" CONTENT="om"/><SP WIDTH="23" VPOS="2210" HPOS="1442"/>
							<String ID="string_245" HPOS="1465" VPOS="2200" WIDTH="131" HEIGHT="31" WC="0.96" CONTENT="allmän"/>
						</TextLine>
						<TextLine ID="line_30" HPOS="95" VPOS="2242" WIDTH="1501" HEIGHT="47">
							<String ID="string_246" HPOS="95" VPOS="2249" WIDTH="214" HEIGHT="40" WC="0.92" CONTENT="energiskatt"/><SP WIDTH="19" VPOS="2249" HPOS="309"/>
							<String ID="string_247" HPOS="328" VPOS="2249" WIDTH="90" HEIGHT="29" WC="0.96" CONTENT="skall"/><SP WIDTH="19" VPOS="2249" HPOS="418"/>
							<String ID="string_248" HPOS="437" VPOS="2247" WIDTH="134" HEIGHT="30" WC="0.96" CONTENT="erhålla"/><SP WIDTH="19" VPOS="2247" HPOS="571"/>
							<String ID="string_249" HPOS="590" VPOS="2246" WIDTH="135" HEIGHT="30" WC="0.96" CONTENT="ändrad"/><SP WIDTH="19" VPOS="2246" HPOS="725"/>
							<String ID="string_250" HPOS="744" VPOS="2245" WIDTH="131" HEIGHT="40" WC="0.96" CONTENT="lydelse"/><SP WIDTH="19" VPOS="2245" HPOS="875"/>
							<String ID="string_251" HPOS="894" VPOS="2245" WIDTH="44" HEIGHT="39" WC="0.96" CONTENT="på"/><SP WIDTH="20" VPOS="2245" HPOS="938"/>
							<String ID="string_252" HPOS="958" VPOS="2245" WIDTH="67" HEIGHT="29" WC="0.96" CONTENT="sätt"/><SP WIDTH="20" VPOS="2245" HPOS="1025"/>
							<String ID="string_253" HPOS="1045" VPOS="2244" WIDTH="114" HEIGHT="30" WC="0.93" CONTENT="nedan"/><SP WIDTH="21" VPOS="2244" HPOS="1159"/>
							<String ID="string_254" HPOS="1180" VPOS="2243" WIDTH="151" HEIGHT="39" WC="0.92" CONTENT="angives,"/><SP WIDTH="20" VPOS="2243" HPOS="1331"/>
							<String ID="string_255" HPOS="1351" VPOS="2245" WIDTH="89" HEIGHT="28" WC="0.96" CONTENT="samt"/><SP WIDTH="20" VPOS="2245" HPOS="1440"/>
							<String ID="string_256" HPOS="1460" VPOS="2244" WIDTH="49" HEIGHT="28" WC="0.96" CONTENT="att"/><SP WIDTH="21" VPOS="2244" HPOS="1509"/>
							<String ID="string_257" HPOS="1530" VPOS="2242" WIDTH="66" HEIGHT="30" WC="0.95" CONTENT="den"/>
						</TextLine>
						<TextLine ID="line_31" HPOS="93" VPOS="2284" WIDTH="1503" HEIGHT="43">
							<String ID="string_258" HPOS="93" VPOS="2292" WIDTH="58" HEIGHT="29" WC="0.96" CONTENT="vid"/><SP WIDTH="23" VPOS="2292" HPOS="151"/>
							<String ID="string_259" HPOS="174" VPOS="2290" WIDTH="155" HEIGHT="31" WC="0.95" CONTENT="nämnda"/><SP WIDTH="23" VPOS="2290" HPOS="329"/>
							<String ID="string_260" HPOS="352" VPOS="2289" WIDTH="206" HEIGHT="38" WC="0.95" CONTENT="förordning"/><SP WIDTH="22" VPOS="2289" HPOS="558"/>
							<String ID="string_261" HPOS="580" VPOS="2288" WIDTH="126" HEIGHT="39" WC="0.96" CONTENT="fogade"/><SP WIDTH="21" VPOS="2288" HPOS="706"/>
							<String ID="string_262" HPOS="727" VPOS="2286" WIDTH="266" HEIGHT="39" WC="0.96" CONTENT="förteckningen"/><SP WIDTH="23" VPOS="2286" HPOS="993"/>
							<String ID="string_263" HPOS="1016" VPOS="2287" WIDTH="80" HEIGHT="29" WC="0.96" CONTENT="över"/><SP WIDTH="20" VPOS="2287" HPOS="1096"/>
							<String ID="string_264" HPOS="1116" VPOS="2285" WIDTH="95" HEIGHT="30" WC="0.96" CONTENT="vissa"/><SP WIDTH="20" VPOS="2285" HPOS="1211"/>
							<String ID="string_265" HPOS="1231" VPOS="2285" WIDTH="174" HEIGHT="34" WC="0.95" CONTENT="bränslen,"/><SP WIDTH="23" VPOS="2285" HPOS="1405"/>
							<String ID="string_266" HPOS="1428" VPOS="2284" WIDTH="55" HEIGHT="30" WC="0.96" CONTENT="för"/><SP WIDTH="19" VPOS="2284" HPOS="1483"/>
							<String ID="string_267" HPOS="1502" VPOS="2284" WIDTH="94" HEIGHT="29" WC="0.96" CONTENT="vilka"/>
						</TextLine>
						<TextLine ID="line_32" HPOS="94" VPOS="2326" WIDTH="1502" HEIGHT="45">
							<String ID="string_268" HPOS="94" VPOS="2334" WIDTH="131" HEIGHT="29" WC="0.93" CONTENT="allmän"/><SP WIDTH="26" VPOS="2334" HPOS="225"/>
							<String ID="string_269" HPOS="251" VPOS="2331" WIDTH="215" HEIGHT="40" WC="0.89" CONTENT="energiskatt"/><SP WIDTH="25" VPOS="2331" HPOS="466"/>
							<String ID="string_270" HPOS="491" VPOS="2330" WIDTH="90" HEIGHT="31" WC="0.93" CONTENT="skall"/><SP WIDTH="24" VPOS="2330" HPOS="581"/>
							<String ID="string_271" HPOS="605" VPOS="2330" WIDTH="182" HEIGHT="38" WC="0.64" CONTENT="erläggas!,"/><SP WIDTH="27" VPOS="2330" HPOS="787"/>
							<String ID="string_272" HPOS="814" VPOS="2328" WIDTH="90" HEIGHT="30" WC="0.96" CONTENT="skall"/><SP WIDTH="25" VPOS="2328" HPOS="904"/>
							<String ID="string_273" HPOS="929" VPOS="2327" WIDTH="133" HEIGHT="30" WC="0.96" CONTENT="erhålla"/><SP WIDTH="24" VPOS="2327" HPOS="1062"/>
							<String ID="string_274" HPOS="1086" VPOS="2327" WIDTH="67" HEIGHT="30" WC="0.96" CONTENT="den"/><SP WIDTH="26" VPOS="2327" HPOS="1153"/>
							<String ID="string_275" HPOS="1179" VPOS="2326" WIDTH="152" HEIGHT="31" WC="0.95" CONTENT="ändrade"/><SP WIDTH="25" VPOS="2326" HPOS="1331"/>
							<String ID="string_276" HPOS="1356" VPOS="2326" WIDTH="140" HEIGHT="40" WC="0.94" CONTENT="lydelse,"/><SP WIDTH="26" VPOS="2326" HPOS="1496"/>
							<String ID="string_277" HPOS="1522" VPOS="2335" WIDTH="74" HEIGHT="20" WC="0.96" CONTENT="som"/>
						</TextLine>
						<TextLine ID="line_33" HPOS="96" VPOS="2371" WIDTH="618" HEIGHT="43">
							<String ID="string_278" HPOS="96" VPOS="2374" WIDTH="156" HEIGHT="40" WC="0.96" CONTENT="framgår"/><SP WIDTH="17" VPOS="2374" HPOS="252"/>
							<String ID="string_279" HPOS="269" VPOS="2383" WIDTH="42" HEIGHT="21" WC="0.96" CONTENT="av"/><SP WIDTH="15" VPOS="2383" HPOS="311"/>
							<String ID="string_280" HPOS="326" VPOS="2372" WIDTH="124" HEIGHT="31" WC="0.93" CONTENT="härvid"/><SP WIDTH="18" VPOS="2372" HPOS="450"/>
							<String ID="string_281" HPOS="468" VPOS="2372" WIDTH="105" HEIGHT="40" WC="0.92" CONTENT="fogad"/><SP WIDTH="16" VPOS="2372" HPOS="573"/>
							<String ID="string_282" HPOS="589" VPOS="2371" WIDTH="125" HEIGHT="40" WC="0.96" CONTENT="bilaga."/>
						</TextLine>
					</TextBlock>
					<TextBlock ID="block_12" HPOS="127" VPOS="2421" WIDTH="919" HEIGHT="36">
						<TextLine ID="line_34" HPOS="127" VPOS="2421" WIDTH="919" HEIGHT="36">
							<String ID="string_283" HPOS="127" VPOS="2429" WIDTH="10" HEIGHT="14" WC="0.64" CONTENT="1"/><SP WIDTH="20" VPOS="2429" HPOS="137"/>
							<String ID="string_284" HPOS="157" VPOS="2427" WIDTH="113" HEIGHT="25" WC="0.96" CONTENT="Senaste"/><SP WIDTH="16" VPOS="2427" HPOS="270"/>
							<String ID="string_285" HPOS="286" VPOS="2426" WIDTH="104" HEIGHT="31" WC="0.96" CONTENT="lydelse"/><SP WIDTH="18" VPOS="2426" HPOS="390"/>
							<String ID="string_286" HPOS="408" VPOS="2432" WIDTH="36" HEIGHT="17" WC="0.96" CONTENT="av"/><SP WIDTH="18" VPOS="2432" HPOS="444"/>
							<String ID="string_287" HPOS="462" VPOS="2425" WIDTH="15" HEIGHT="24" WC="0.93" CONTENT="5"/><SP WIDTH="19" VPOS="2425" HPOS="477"/>
							<String ID="string_288" HPOS="496" VPOS="2425" WIDTH="12" HEIGHT="29" WC="0.91" CONTENT="$"/><SP WIDTH="18" VPOS="2425" HPOS="508"/>
							<String ID="string_289" HPOS="526" VPOS="2424" WIDTH="51" HEIGHT="25" WC="0.96" CONTENT="och"/><SP WIDTH="18" VPOS="2424" HPOS="577"/>
							<String ID="string_290" HPOS="595" VPOS="2430" WIDTH="37" HEIGHT="18" WC="0.96" CONTENT="av"/><SP WIDTH="16" VPOS="2430" HPOS="632"/>
							<String ID="string_291" HPOS="648" VPOS="2422" WIDTH="206" HEIGHT="30" WC="0.96" CONTENT="förteckningen"/><SP WIDTH="18" VPOS="2422" HPOS="854"/>
							<String ID="string_292" HPOS="872" VPOS="2428" WIDTH="28" HEIGHT="18" WC="0.96" CONTENT="se"/><SP WIDTH="18" VPOS="2428" HPOS="900"/>
							<String ID="string_293" HPOS="918" VPOS="2421" WIDTH="76" HEIGHT="25" WC="0.51" CONTENT="1958:"/><SP WIDTH="11" VPOS="2421" HPOS="994"/>
							<String ID="string_294" HPOS="1005" VPOS="2421" WIDTH="41" HEIGHT="24" WC="0.51" CONTENT="32."/>
						</TextLine>
					</TextBlock>
					<TextBlock ID="block_13" HPOS="125" VPOS="2470" WIDTH="890" HEIGHT="36">
						<TextLine ID="line_35" HPOS="125" VPOS="2470" WIDTH="890" HEIGHT="36">
							<String ID="string_295" HPOS="125" VPOS="2476" WIDTH="16" HEIGHT="25" WC="0.91" CONTENT="1"/><SP WIDTH="37" VPOS="2476" HPOS="141"/>
							<String ID="string_296" HPOS="178" VPOS="2475" WIDTH="113" HEIGHT="31" WC="0.57" CONTENT="Bihang"/><SP WIDTH="11" VPOS="2475" HPOS="291"/>
							<String ID="string_297" HPOS="302" VPOS="2474" WIDTH="48" HEIGHT="24" WC="0.93" CONTENT="till"/><SP WIDTH="10" VPOS="2474" HPOS="350"/>
							<String ID="string_298" HPOS="360" VPOS="2473" WIDTH="171" HEIGHT="31" WC="0.96" CONTENT="riksdagens"/><SP WIDTH="11" VPOS="2473" HPOS="531"/>
							<String ID="string_299" HPOS="542" VPOS="2471" WIDTH="148" HEIGHT="32" WC="0.95" CONTENT="protokoll"/><SP WIDTH="10" VPOS="2471" HPOS="690"/>
							<String ID="string_300" HPOS="700" VPOS="2471" WIDTH="78" HEIGHT="24" WC="0.96" CONTENT="1959."/><SP WIDTH="20" VPOS="2471" HPOS="778"/>
							<String ID="string_301" HPOS="798" VPOS="2471" WIDTH="15" HEIGHT="23" WC="0.96" CONTENT="7"/><SP WIDTH="11" VPOS="2471" HPOS="813"/>
							<String ID="string_302" HPOS="824" VPOS="2471" WIDTH="85" HEIGHT="22" WC="0.96" CONTENT="saml."/><SP WIDTH="15" VPOS="2471" HPOS="909"/>
							<String ID="string_303" HPOS="924" VPOS="2472" WIDTH="41" HEIGHT="24" WC="0.96" CONTENT="Nr"/><SP WIDTH="18" VPOS="2472" HPOS="965"/>
							<String ID="string_304" HPOS="983" VPOS="2470" WIDTH="32" HEIGHT="24" WC="0.96" CONTENT="64"/>
						</TextLine>
					</TextBlock>
				</ComposedBlock>
			</PrintSpace>
		</Page>
	</Layout>
</alto>
