2202 2614
341 164 20 30 2
840 157 250 34 Statsutskottets
1113 153 167 33 utlåtande
1303 153 54 31 Nr
1383 153 78 32 208.

447 253 19 35 I
504 251 154 36 berörda
700 249 136 47 förslag
878 249 22 46 8
931 250 20 33 2
997 259 105 23 mom.
1136 248 20 33 2
1188 244 166 36 förekom
1383 243 203 47 stadgande
1615 242 136 44 därom,
1783 243 53 34 att
1864 240 94 36 inse-

342 307 92 36 ende
464 310 85 31 över
578 303 169 48 samtliga
775 301 398 47 besiktningsmännen
1201 298 14 36 i
1243 297 98 36 riket
1369 302 129 31 utövas
1527 309 44 23 av
1600 308 46 23 en
1676 308 44 24 av
1749 295 210 47 Konungen

339 360 134 36 tillsatt
513 358 202 48 inspektör,
761 356 128 37 vilken
930 356 68 34 har
1042 357 54 33 att
1137 353 157 47 fullgöra
1337 351 44 35 de
1418 350 231 47 åligganden,
1687 361 76 24 som
1792 353 168 31 närmare

341 415 221 35 bestämmas
591 412 14 35 i
633 424 46 23 en
709 411 57 36 för
793 411 131 34 honom
956 421 45 24 av
1029 409 210 45 Konungen
1270 405 172 36 utfärdad
1470 403 240 37 instruktion.

448 467 170 36 Rörande
660 466 122 35 denna
812 464 101 46 fråga
941 463 95 46 hava
1065 460 202 37 emellertid
1296 459 196 35 kamrarna
1520 458 63 36 vid
1612 455 274 48 behandlingen
1915 467 45 24 av

341 521 253 38 ovannämnda
637 517 377 48 författningsförslag
1057 518 146 33 stannat
1236 513 14 36 i
1283 512 216 48 skiljaktiga
1540 512 130 43 beslut,
1701 511 13 35 i
1744 511 61 34 det
1847 509 114 36 första

342 576 212 35 kammaren
582 574 165 47 godkänt
776 572 114 35 andra
918 569 260 48 lagutskottets
1207 567 14 36 i
1249 567 191 35 utlåtande
1460 578 44 23 nr
1526 568 48 33 35
1595 564 128 49 gjorda
1743 563 218 36 hemställan

342 642 57 23 om
429 628 228 48 godtagande
687 639 45 24 av
761 626 98 36 vissa
886 623 286 44 bestämmelser,
1195 621 181 37 avseende
1395 620 210 36 inrättande
1624 631 45 24 av
1690 617 102 49 dylik
1812 616 149 48 inspek-

340 681 301 48 törsbefattning,
686 681 133 35 medan
862 681 77 33 åter
981 678 114 35 andra
1136 677 214 35 kammaren
1394 676 120 34 ansett
1555 674 104 35 dessa
1688 671 274 37 bestämmelser

341 739 88 35 böra
457 738 90 45 utgå
574 748 44 23 ur
646 732 429 49 författningsförslaget.

450 790 129 47 Enligt
607 788 188 37 memorial
823 800 45 23 nr
897 789 48 33 45
976 787 68 34 har
1074 785 112 35 andra
1214 782 245 48 lagutskottet
1479 780 126 37 funnit
1625 780 100 36 detta
1745 779 215 36 kamrarnas

343 845 215 50 skiljaktiga
585 844 123 35 beslut
736 842 83 36 icke
847 841 126 36 kunna
1002 837 317 49 sammanjämkas.

450 899 145 46 Frågan
623 909 56 24 om
709 895 226 36 inrättandet
964 906 44 24 av
1037 894 72 34 den
1137 904 44 24 av
1210 891 139 47 Kungl.
1380 889 107 49 Maj:t
1515 888 206 47 föreslagna
1750 885 211 37 automobil-

343 949 471 51 inspektörsbefattningen
855 949 102 36 torde
1000 947 105 36 alltså
1147 946 57 35 för
1246 946 122 34 denna
1396 943 152 47 riksdag
1576 942 37 36 få
1641 953 107 25 anses
1778 940 180 37 förfallen.

451 1006 189 37 Utskottet
668 1005 57 35 får
755 1003 123 36 därför
905 1014 51 23 nu
985 1000 202 43 hemställa,

883 1110 31 47 a)
945 1111 54 34 att
1041 1107 137 47 Kungl.
1214 1105 128 48 Maj:ts
1370 1104 13 35 i
1410 1116 52 23 nu
1491 1103 238 37 förevarande
1758 1101 13 36 i
1800 1100 161 49 proposi-

776 1164 79 36 tion
896 1176 44 23 nr
985 1164 75 34 180
1104 1159 228 37 framställda
1374 1158 135 46 förslag
1551 1157 82 36 icke
1668 1158 58 34 må
1755 1155 57 36 till
1841 1158 122 44 någon

776 1218 216 46 riksdagens
1021 1216 128 46 åtgärd
1179 1212 198 44 föranleda,

884 1271 35 48 b)
950 1273 53 34 att
1046 1270 125 35 herrar
1213 1266 189 38 Olofssons
1446 1265 68 35 och
1556 1264 203 48 Bergmans
1794 1262 14 36 i
1841 1266 123 32 ämnet

777 1326 131 37 väckta
950 1323 178 37 motioner
1170 1324 58 33 må
1270 1332 106 24 anses
1417 1319 201 36 besvarade
1651 1329 129 36 genom
1810 1317 70 36 vad
1909 1319 54 32 ut-

778 1380 138 36 skottet
943 1379 67 35 här
1038 1389 93 25 ovan
1161 1375 123 36 anfört
1314 1374 66 36 och
1409 1373 197 36 hemställt.

456 1489 208 38 Stockholm
693 1489 71 35 den
795 1490 21 33 8
843 1486 83 50 juni
958 1488 115 33 1920.

879 1595 51 35 På
959 1592 292 37 statsutskottets
1280 1595 152 41 vägnar:

900 1703 33 36 8,
965 1701 49 36 H.
1046 1696 367 40 KVARNZELIUS.

458 1919 57 26 Vid
536 1917 184 27 förestående
739 1917 124 26 ärendes
882 1914 237 32 slutbehandling
1138 1913 77 25 inom
1237 1911 144 26 utskottet
1401 1909 75 25 hava
1496 1907 139 26 närvarit:

458 1955 65 26 från
543 1955 92 25 första
654 1955 184 24 kammaren:
859 1952 101 25 herrar
980 1950 27 26 S.
1028 1950 38 26 H.
1086 1947 194 31 Kvarnzelius,
1300 1945 29 27 J.
1351 1944 111 27 Nilsson
1474 1944 9 25 i
1497 1943 234 31 Skottlandshus,
1746 1941 34 27 N.
1796 1941 33 25 4.
1844 1940 122 31 Nilsson,

351 1991 38 26 H.
410 1990 32 27 F.
463 1990 112 32 Lamm,
598 1989 76 27 Ollas
693 1989 34 26 A.
748 1988 141 31 Ericsson,
911 1987 37 25 H.
969 1986 40 26 M.
1031 1985 172 30 Bäckström,
1223 1983 29 26 J.
1274 1981 32 27 L.
1334 1980 105 32 Widell,
1464 1979 27 27 C.
1513 1978 33 27 G.
1568 1978 119 32 Ekman,
1711 1977 30 26 O.
1762 1977 30 26 U.
1808 1977 33 25 B.
1860 1976 106 31 Olsson,

355 2026 29 27 O.
405 2026 154 33 Bergqvist,
579 2026 35 26 E.
634 2025 34 26 A.
688 2024 103 27 Hallin
810 2024 54 26 och
887 2023 26 26 C.
934 2022 23 26 I.
979 2021 125 34 Asplund
1123 2022 76 24 samt

458 2064 65 24 från
553 2062 90 26 andra
672 2062 183 25 kammaren:
886 2060 100 25 herrar
1019 2057 29 26 O.
1078 2057 90 25 H:son
1199 2053 126 32 Waldén,
1346 2052 26 26 S.
1394 2052 151 32 Bengtsson
1564 2051 9 25 i
1592 2051 107 32 Norup,
1720 2048 32 27 P.
1774 2048 34 26 B.
1830 2047 111 28 Nilsson
1959 2047 7 25 i

353 2099 160 32 Landeryd,
539 2098 41 27 W.
601 2097 174 32 Bäckström,
798 2096 28 26 C.
847 2095 34 27 R.
901 2094 122 27 Jansson
1041 2094 8 25 i
1070 2093 99 30 Falun,
1189 2091 29 26 J.
1240 2090 163 30 Erlansson,
1424 2088 32 26 A.
1477 2087 29 26 J.
1527 2086 155 27 Andersson
1701 2086 8 25 i
1730 2085 99 31 Gävle,
1851 2083 30 26 O.
1896 2082 71 27 Nile-

351 2142 48 19 son
417 2135 11 27 i
447 2129 118 37 Örebro,
587 2134 31 27 A.
640 2132 151 33 Mossberg,
812 2131 27 27 S.
860 2131 34 26 EH.
915 2130 28 27 J.
964 2128 108 28 Liibeck
1091 2129 53 26 och
1163 2127 30 27 J.
1213 2127 38 25 D.
1272 2125 133 27 Norman.
