1836 2788
259 170 38 30 14
650 171 387 31 Jordbruksutskottets
1057 172 179 31 utlåtande
1255 182 43 21 nr
1315 173 53 30 25.

260 252 129 40 ningen
417 262 42 21 av
482 253 340 40 fiskeritjänstemän
846 255 108 39 enligt
978 256 72 30 min
1075 256 227 40 uppfattning
1325 257 12 29 i
1362 259 50 28 ett
1436 257 107 31 delvis
1568 260 79 37 nytt
1671 259 84 39 läge.

260 302 221 40 Prövningen
500 313 42 21 av
561 304 96 31 detta
677 305 171 39 spörsmål
868 307 99 29 torde
986 306 76 30 icke
1081 307 123 30 kunna
1223 307 213 40 uppskjutas
1457 308 52 30 till
1530 309 79 29 dess
1632 309 124 39 frågan

259 363 56 21 om
343 355 200 30 inrättande
572 365 42 21 av
643 366 43 20 en
715 356 215 32 fiskarskola
959 357 88 40 ånyo
1075 358 68 30 blir
1172 358 140 30 aktuell.
1341 359 113 30 Bland
1483 361 108 28 annat
1620 361 140 29 utveck-

258 402 118 40 lingen
394 404 46 39 på
459 404 240 30 fiskevårdens
720 406 142 29 område
881 407 146 34 medför,
1047 409 51 28 att
1121 407 62 30 allt
1204 409 109 30 större
1333 408 89 30 krav
1440 408 110 31 måste
1570 410 121 29 ställas
1711 410 44 39 på

259 453 102 31 dessa
385 454 216 39 tjänstemän
626 455 95 30 såväl
746 456 12 29 i
782 456 275 31 administrativt
1082 457 199 31 hänseende
1308 467 77 21 som
1410 458 12 29 i
1448 459 99 39 fråga
1572 468 60 21 om
1659 460 96 29 fack-

258 503 214 40 kunskaper.
492 505 102 30 Detta
614 505 220 31 förhållande
854 507 138 30 medför
1011 509 50 28 att
1081 508 103 30 deras
1204 508 200 40 utbildning
1421 509 111 30 måste
1553 509 201 31 förbättras.

258 553 126 31 Härtill
404 554 159 31 kommer
583 558 52 28 att
656 556 93 31 vissa
768 556 215 40 svårigheter
1001 559 95 29 möta
1117 560 51 28 att
1188 558 11 29 i
1219 559 283 39 fortsättningen,
1526 559 118 30 såsom
1664 560 92 30 skett

258 603 38 30 år
318 604 95 35 1950,
435 606 155 30 anordna
609 606 240 39 provisoriska
869 608 344 39 utbildningskurser
1232 609 57 30 vid
1311 609 110 31 Södra
1442 610 153 39 Sveriges
1617 610 138 30 fiskeri-

259 654 162 41 förening
444 656 12 28 i
480 656 175 29 Aneboda.
681 657 77 30 Med
783 657 140 40 hänsyn
948 658 117 30 härtill
1091 668 104 20 anser
1219 659 60 39 jag
1304 661 51 28 att
1381 659 126 40 frågan
1533 669 58 21 om
1617 661 138 30 fiskeri-

257 704 304 38 tjänstemännens
582 706 199 41 utbildning
801 717 48 20 nu
871 708 63 30 bör
955 710 170 38 upptagas
1150 709 52 29 till
1224 710 182 39 prövning.

302 755 122 30 Såsom
445 756 93 30 förut
559 758 143 29 nämnts
723 758 195 30 innehåller
940 759 570 40 fiskeriutbildningskommitténs
1533 761 221 30 betänkande

255 804 132 38 Jämväl
412 806 130 39 förslag
564 807 150 30 rörande
737 807 292 41 löneställningen
1055 809 56 30 för
1133 810 421 39 länsfiskeritjänstemän
1579 812 65 29 och
1669 811 86 31 fisk-

257 856 163 30 mästare.
444 857 13 29 I
480 857 55 29 det
558 857 52 29 till
633 858 265 39 propositionen
919 869 42 20 nr
985 859 60 30 114
1068 860 53 29 till
1148 860 83 30 1950
1256 860 55 30 års
1337 861 145 39 riksdag
1504 861 123 39 fogade
1653 863 101 28 stats-

255 907 292 40 rådsprotokollet
569 909 147 30 anförde
737 909 69 40 jag,
829 912 51 28 att
903 910 105 40 enligt
1029 911 74 29 min
1125 912 142 39 mening
1288 912 117 30 denna
1426 912 98 40 fråga
1545 913 106 30 borde
1675 913 83 30 slut-

256 955 61 39 ligt
342 957 127 39 prövas
494 957 87 30 först
605 958 12 29 i
642 959 170 30 samband
836 960 81 30 med
942 960 65 29 den
1032 960 181 40 pågående
1236 961 517 40 tjänsteförteckningsrevisio-

255 1013 78 22 nen.
355 1006 69 30 Till
446 1007 88 39 följd
555 1007 110 31 härav
683 1009 207 39 redogjorde
910 1010 61 39 jag
991 1010 11 29 i
1022 1010 150 31 berörda
1193 1011 256 39 sammanhang
1470 1012 75 29 icke
1567 1012 109 30 heller
1699 1014 55 28 för

255 1058 196 39 detaljerna
471 1058 12 30 i
505 1059 227 31 kommitténs
754 1060 132 40 förslag
907 1061 12 29 i
941 1061 114 31 denna
1077 1062 65 29 del.
1164 1062 66 39 Jag
1250 1063 98 29 torde
1371 1063 191 31 emellertid
1584 1063 37 30 få
1643 1063 116 31 erinra

255 1115 56 20 om
333 1108 52 29 att
406 1107 12 29 i
441 1107 90 30 årets
554 1109 413 40 statsverksproposition
995 1110 61 33 (IX
1077 1111 40 29 ht
1139 1120 33 31 p.
1198 1111 58 36 84)
1284 1111 209 40 föreslagits,
1517 1114 50 28 att
1589 1113 169 29 hemkon-

256 1157 219 31 sulenternas
499 1158 96 31 löner
620 1159 99 31 skola
741 1160 151 39 regleras
920 1161 80 30 från
1025 1162 64 29 och
1113 1163 80 29 med
1216 1162 67 30 den
1309 1162 15 29 1
1350 1162 68 40 juli
1445 1163 93 30 1951.
1563 1163 68 30 Vid
1653 1164 99 29 bifall

254 1206 119 31 härtill
398 1208 112 31 skulle
534 1209 414 40 fiskeritjänstemännen
970 1211 47 30 bli
1041 1212 66 30 den
1131 1213 90 29 enda
1244 1213 157 39 kategori
1425 1222 44 21 av
1491 1213 261 40 hushållnings-

256 1258 220 40 sällskapens
499 1260 78 29 med
601 1261 200 29 statsmedel
823 1261 170 31 avlönade
1014 1262 355 39 befattningshavare,
1395 1272 74 21 som
1490 1264 163 30 kvarstår
1676 1265 78 29 med

254 1308 178 38 oreglerad
455 1309 67 31 lön.
544 1310 14 29 I
579 1310 229 30 betraktande
831 1311 111 31 härav
962 1320 103 21 anser
1084 1312 62 40 jag
1168 1313 238 39 övervägande
1433 1314 75 30 skäl
1529 1314 71 30 tala
1624 1314 56 30 för
1701 1316 51 28 att

253 1360 132 39 jämväl
413 1361 492 39 länsfiskeritjänstemännen
932 1372 48 21 nu
1008 1364 99 29 skola
1133 1365 156 38 placeras
1317 1364 21 30 å
1365 1366 172 39 löneplan.
1566 1365 191 31 Fiskeriut-

254 1409 407 40 bildningskommitténs
681 1411 131 40 förslag
829 1413 13 30 i
861 1412 146 30 berörda
1026 1413 198 30 hänseende
1243 1414 97 30 torde
1360 1414 121 30 därför
1499 1415 83 30 böra
1602 1415 152 30 behand-

255 1459 50 30 las
325 1461 12 29 i
358 1461 96 30 detta
475 1462 284 39 sammanhang.»

295 1535 13 29 I
335 1537 113 39 övrigt
475 1537 63 30 har
565 1538 385 40 departementschefen
978 1539 116 31 anfört
1122 1540 167 39 följande.

300 1585 143 31 >Såsom
462 1586 59 40 jag
542 1587 117 30 anfört
680 1588 12 29 i
714 1588 56 30 det
791 1587 208 40 föregående
1020 1598 103 21 anser
1142 1589 61 40 jag
1223 1591 94 28 tiden
1341 1591 95 29 ännu
1457 1591 76 29 icke
1554 1599 125 31 mogen
1701 1591 54 30 för

250 1637 201 30 inrättande
472 1647 41 20 av
533 1648 41 20 en
595 1638 72 30 fast
688 1639 401 40 undervisningsanstalt
1110 1641 56 29 för
1187 1641 141 30 fiskare.
1349 1641 66 40 Jag
1435 1642 64 30 har
1520 1643 86 29 även
1628 1643 126 29 uttalat

251 1689 49 28 att
321 1688 108 39 enligt
450 1689 72 28 min
543 1689 142 39 mening
706 1689 237 31 kostnaderna
964 1690 54 30 för
1039 1691 68 29 den
1126 1691 238 39 provisoriska
1385 1692 368 40 yrkesundervisning,

254 1745 73 21 som
347 1736 57 30 för
423 1738 217 30 närvarande
657 1738 156 30 bedrives
831 1739 12 29 i
864 1739 149 39 Lysekil,
1033 1741 60 28 äro
1112 1740 38 29 så
1170 1740 87 39 höga
1277 1741 11 29 i
1306 1741 220 30 förhållande
1544 1741 53 30 till
1618 1742 134 29 elevan-

253 1787 92 34 talet,
366 1789 50 29 att
437 1788 56 29 det
511 1788 29 39 ej
560 1788 163 39 rimligen
740 1789 69 29 kan
827 1790 144 29 komma
988 1790 12 29 i
1017 1790 98 39 fråga
1135 1791 52 29 att
1206 1791 116 39 längre
1341 1792 188 39 uppehålla
1547 1792 205 30 densamma

250 1839 77 29 med
352 1839 220 40 statsbidrag.
597 1840 118 41 Enligt
737 1841 66 29 vad
825 1840 61 40 jag
910 1841 111 30 under
1042 1841 95 30 hand
1162 1842 174 30 inhämtat
1359 1843 173 30 beräknas
1556 1844 197 29 kostnaden

250 1889 54 29 för
322 1889 116 30 denna
457 1890 251 39 undervisning
727 1891 110 29 under
856 1891 128 30 läsåret
1005 1891 146 35 1950/531
1173 1892 115 40 uppgå
1307 1893 53 29 till
1379 1893 161 40 omkring
1560 1893 18 30 9
1594 1893 62 30 700
1675 1894 78 29 kro-

249 1948 63 20 nor
335 1948 62 30 per
421 1940 82 29 elev.
526 1940 125 30 Därest
675 1941 311 30 kursverksamhet
1009 1942 55 29 för
1088 1942 132 30 fiskare
1244 1943 159 30 kommer
1427 1945 50 29 att
1499 1945 172 39 upptagas
1695 1944 57 30 vid

249 1988 188 41 Göteborgs
463 1991 95 29 stads
580 1991 225 38 yrkesskolor
828 1992 100 29 torde
952 1992 94 30 detta
1068 1992 37 29 få
1128 1992 177 31 betraktas
1332 1993 117 30 såsom
1472 2004 42 19 en
1536 1994 215 40 provisorisk

251 2038 140 40 lösning
412 2048 44 21 av
474 2039 197 31 fiskarenas
693 2040 327 40 utbildningsfråga.

292 2090 74 29 Vad
389 2090 108 40 angår
520 2091 243 40 utbildningen
786 2101 42 21 av
850 2092 342 40 fiskeritjänstemän
1215 2094 64 30 har
1298 2094 61 40 jag
1382 2095 108 30 redan
1512 2095 175 30 redovisat
1711 2096 40 29 de

249 2140 74 29 skäl
344 2149 75 21 som
441 2150 102 30 synas
562 2142 84 29 böra
667 2142 190 36 föranleda,
879 2145 50 27 att
949 2143 93 30 detta
1061 2144 172 39 spörsmål
1253 2154 46 20 nu
1320 2147 170 38 upptages
1509 2146 52 29 till
1580 2146 172 39 prövning

248 2190 192 31 oberoende
464 2201 41 20 av
528 2193 48 28 att
600 2192 57 29 det
681 2192 182 30 definitiva
887 2193 403 40 ståndpunktstagandet
1312 2195 54 29 till
1390 2195 124 40 frågan
1535 2205 57 20 om
1615 2206 43 20 en
1682 2196 69 29 fast

248 2241 234 30 fiskareskola
500 2243 115 28 ställes
632 2242 46 39 på
695 2242 200 31 framtiden.
912 2243 64 40 Jag
993 2253 101 20 anser
1110 2244 72 39 mig
1200 2246 85 28 även
1302 2245 10 29 i
1329 2245 187 31 huvudsak
1532 2246 122 30 kunna
1672 2246 79 39 god-

247 2293 78 37 taga
349 2292 57 29 det
430 2292 130 40 förslag
583 2293 134 33 härom,
743 2302 73 20 som
840 2293 297 40 fiskeristyrelsen
1160 2304 47 20 nu
1231 2295 165 40 framlagt
1420 2296 63 30 och
1508 2305 73 21 som
1605 2296 146 30 innebär

247 2343 50 28 att
315 2342 244 39 utbildningen
578 2343 89 29 skall
688 2343 60 29 ske
767 2343 280 40 huvudsakligen
1066 2344 11 29 i
1097 2344 170 40 Göteborg
1286 2355 80 20 men
1386 2346 11 29 i
1416 2346 70 30 viss
1506 2346 245 39 utsträckning

248 2392 85 29 även
354 2392 11 29 i
387 2392 175 30 Aneboda.
584 2393 133 30 Härvid
738 2393 64 30 har
821 2393 60 40 jag
903 2394 105 30 bland
1030 2397 108 27 annat
1159 2395 151 34 beaktat,
1333 2398 52 28 att
1407 2399 48 28 ett
1478 2397 271 38 genomförande

247 2451 41 20 av
310 2442 95 30 detta
428 2443 131 39 förslag
580 2444 124 29 endast
727 2443 206 31 förutsätter
956 2445 194 39 obetydliga
1173 2445 253 41 investeringar
1447 2447 11 29 i
1480 2446 270 40 byggnadsföre-

247 2494 56 37 tag
335 2493 65 28 och
433 2495 50 27 att
515 2494 98 29 dessa
647 2493 253 40 investeringar
932 2494 54 30 för
1017 2495 111 39 övrigt
1161 2496 97 29 torde
1289 2505 84 21 vara
1406 2497 227 40 erforderliga
1659 2495 90 32 $ven
