2252 2628
453 144 19 29 4
891 141 278 32 Bankoutskottets
1192 141 163 32 memorial
1378 140 53 32 Nr
1454 141 53 31 47.

408 220 211 36 kostnaden
647 219 57 37 för
733 219 93 50 hyra
846 220 71 36 och
937 220 59 36 för
1014 220 168 36 lokalens
1202 218 283 50 uppvärmning
1505 223 178 31 ävensom
1703 219 308 48 uppkommande

408 272 163 36 kostnad
600 271 58 36 för
686 271 191 49 flyttning.

539 374 131 49 Enligt
711 374 185 36 utskottet
928 374 327 36 tillhandakomna
1283 373 349 49 protokollsutdrag
1660 373 98 36 hava
1785 373 225 49 riksdagens

409 427 152 36 kamrar
588 426 58 36 till
672 426 183 36 utskottet
884 426 240 36 återförvisat
1151 425 291 49 ifrågavarande
1471 425 203 36 utlåtande.

538 470 273 44 Återremissen
848 478 69 35 har
958 478 199 36 föranletts
1199 477 126 47 därav,
1364 482 54 31 att
1459 476 100 37 olika
1592 477 198 47 meningar
1817 477 104 48 gjort
1948 477 64 48 sig

406 530 176 48 gällande
618 529 232 37 beträffande
887 529 103 36 tiden
1019 529 57 36 för
1103 529 292 49 tillämpningen
1424 542 47 22 av
1499 528 46 37 de
1573 529 217 47 föreslagna
1817 541 75 36 nya
1921 528 91 36 eller

408 581 227 36 förändrade
662 580 348 37 bestämmelserna.

539 633 57 36 Då
637 633 108 35 dessa
786 632 185 36 innefatta
1012 632 143 49 förslag
1197 632 58 36 till
1291 632 226 36 förändrade
1544 631 466 49 avlöningsförhållanden

408 685 60 36 för
505 684 458 36 militieombudsmannen
999 684 70 36 och
1097 684 45 36 de
1169 684 65 36 vid
1263 683 264 49 expeditionen
1546 683 185 36 anställda
1758 683 252 48 befattnings-

407 736 168 36 havarna
616 741 178 31 ävensom
835 735 342 49 vaktbetjäningen
1215 735 206 48 därstädes,
1451 735 106 36 torde
1585 735 191 36 desamma
1803 735 208 48 lämpligen

407 787 92 37 böra
527 787 107 36 träda
661 788 12 35 i
701 787 101 36 kraft
830 787 82 36 från
943 788 71 36 och
1043 788 84 36 med
1155 790 40 33 år
1225 789 110 35 1917.

540 890 197 37 Utskottet
766 891 55 36 får
849 891 110 36 alltså
988 891 209 47 hemställa,

940 999 56 31 att
1023 995 205 48 riksdagen
1257 997 61 33 må
1344 994 160 46 besluta,

945 1045 71 48 1:0)
1070 1045 34 48 a)
1133 1051 55 30 att
1216 1059 48 22 av
1293 1046 72 35 den
1392 1046 59 35 för
1471 1044 455 37 militieombudsmannen
1947 1045 66 36 be-

813 1098 148 35 stämda
989 1097 243 48 avlöningen,
1265 1097 136 47 11,000
1425 1097 141 35 kronor
1585 1096 57 35 för
1662 1099 51 43 år,
1734 1101 54 31 ett
1807 1096 138 49 belopp
1967 1109 46 23 av

814 1150 112 45 3,000
946 1148 140 36 kronor
1105 1148 96 36 skall
1221 1161 109 23 anses
1350 1153 138 44 utgöra
1501 1147 510 50 tjänstgöringspenningar;

941 1199 39 49 b)
1011 1205 54 30 att
1093 1199 542 49 tjänstgöringspenningarna
1662 1202 61 33 må
1747 1199 189 49 uppbäras
1956 1199 60 36 för

813 1252 71 36 den
914 1251 66 48 tid,
1011 1251 457 36 militteombudsmannen
1498 1256 135 31 utövar
1660 1250 66 36 sitt
1754 1251 148 36 ämbete
1923 1250 92 36 eller

813 1303 162 48 åtnjuter
1016 1309 192 40 semester,
1252 1316 84 23 men
1378 1303 57 36 för
1477 1316 125 22 annan
1645 1302 52 35 tid
1727 1305 89 46 utgå
1843 1302 57 35 till
1929 1302 84 42 den,

813 1368 78 23 som
922 1354 189 36 därunder
1137 1355 187 36 bestrider
1352 1354 179 45 ämbetet;

942 1406 32 47 c)
1005 1411 55 31 att
1087 1405 461 37 militieombudsmannen
1576 1408 60 33 må
1665 1410 73 44 äga
1768 1411 52 31 att
1847 1406 169 48 uppbära

813 1457 71 37 den
926 1458 60 36 del
1027 1471 46 22 av
1114 1457 243 48 avlöningen,
1400 1470 81 23 som
1514 1457 32 48 ej
1577 1462 113 42 utgör
1717 1457 297 48 tjänstgörings-

813 1509 225 49 penningar,
1072 1509 208 36 oavkortad
1304 1508 143 49 jämväl
1478 1509 57 35 för
1563 1507 65 46 tid,
1657 1508 186 36 varunder
1871 1508 75 35 han
1975 1512 42 31 är

813 1574 45 23 av
895 1561 178 48 sjukdom
1107 1560 158 37 hindrad
1296 1565 53 31 att
1376 1565 117 31 utöva
1521 1558 179 48 ämbetet,
1730 1572 87 24 men
1846 1560 170 36 däremot

813 1613 57 36 för
912 1613 119 36 sådan
1071 1612 63 48 tid,
1176 1611 187 37 varunder
1399 1612 76 36 han
1504 1624 46 23 av
1578 1624 125 22 annan
1732 1611 207 48 anledning
1966 1616 49 31 än

813 1670 180 31 semester
1013 1664 90 36 eller
1122 1664 176 48 sjukdom
1319 1663 82 37 icke
1420 1662 186 38 bestrider
1620 1662 176 48 ämbetet,
1812 1666 60 33 må
1886 1663 130 36 kunna

813 1716 119 47 enligt
948 1715 286 37 bestämmande
1251 1729 47 22 av
1314 1715 242 48 fullmäktige
1572 1715 11 35 i
1597 1714 231 37 riksbanken
1844 1715 69 36 och
1931 1715 85 35 full-

812 1767 171 49 mäktige
1004 1768 12 35 i
1035 1767 368 48 riksgäldskontoret
1431 1765 200 50 förpliktas
1652 1771 56 30 att
1724 1779 46 23 av
1789 1779 142 23 samma
1952 1779 63 23 av-

813 1819 217 49 löningsdel
1060 1822 103 33 avstå
1191 1819 74 36 vad
1294 1819 11 35 i
1324 1818 104 49 varje
1448 1817 152 37 särskilt
1617 1817 64 36 fall
1701 1823 136 43 prövas
1857 1817 158 49 skäligt;

943 1871 37 47 d)
1024 1876 53 31 att
1118 1870 476 45 militieombudsmannen,
1637 1868 126 37 därest
1802 1870 75 35 han
1914 1869 102 36 förut

812 1923 159 35 innehar
1013 1922 117 48 tjänst
1171 1924 20 33 å
1232 1922 115 36 rikets
1389 1926 87 42 stat,
1518 1921 94 36 skall
1653 1934 91 22 vara
1777 1921 153 49 skyldig
1962 1926 55 30 att

813 1974 193 36 frånträda
1043 1973 71 37 den
1151 1973 153 37 därmed
1338 1973 177 36 förenade
1543 1972 263 48 löneinkomst,
1835 1975 40 34 så
1904 1973 113 47 länge

812 2025 75 37 han
916 2026 148 49 uppbär
1092 2025 407 37 militieombudsmans
1529 2023 198 49 avlöning;
1758 2024 70 36 och

943 2077 33 49 e)
1014 2082 56 31 att
1100 2077 397 46 militieombudsman,
1528 2088 81 24 som
1638 2075 63 36 vid
1730 2076 184 37 ämbetets
1943 2075 73 36 till-

809 2129 105 36 träde
943 2129 82 36 icke
1054 2134 40 31 är
1121 2128 126 37 bosatt
1274 2129 12 36 i
1313 2127 278 48 huvudstaden,
1621 2130 60 33 må
1710 2132 74 43 äga
1810 2132 54 31 att
1883 2132 134 31 utöver

810 2181 73 36 den
912 2180 214 37 fastställda
1154 2181 232 47 avlöningen
1405 2179 173 49 uppbära
1598 2178 308 49 flyttningshjälp
1929 2178 86 36 med

813 2233 109 46 1,500
952 2232 154 45 kronor;
