1912 2840
297 180 18 29 4
501 177 103 27 Andra
627 177 198 27 kammarens
847 172 102 40 femte
972 176 156 34 tillfälliga
1150 176 132 26 utskotts
1306 174 159 28 utlåtande
1488 174 43 27 Nr
1555 174 25 27 7.

295 258 21 30 å
336 258 331 39 byggnadsarbeten,
689 257 9 29 i
719 258 125 29 största
865 256 140 39 möjliga
1026 255 239 38 utsträckning
1286 263 116 30 gynna
1422 254 147 30 svenska
1591 253 194 30 tillverkare

296 303 64 29 och
388 302 138 30 svenskt
550 301 161 30 materiel.
748 301 136 34 Anbud,
911 310 73 20 som
1009 309 98 21 avser
1131 299 246 30 användandet
1399 308 42 20 av
1463 298 185 30 utländska
1674 305 110 25 varor,

296 347 89 29 lärer
409 346 121 30 endast
555 345 247 38 undantagsvis
829 347 143 36 antagas
996 344 65 30 och
1088 344 9 29 i
1125 343 37 30 så
1187 344 61 29 fall
1272 343 87 30 blott
1384 342 84 30 efter
1493 341 226 30 inhämtande
1744 349 42 20 av

297 389 123 38 Kungl.
452 389 117 38 Maj:ts
600 387 153 31 tillstånd
783 388 125 30 därtill.
941 387 114 39 Enligt
1089 388 82 29 1933
1201 386 55 30 års
1288 384 497 41 upphandlingssakkunnigas

296 434 245 29 ovannämnda
567 433 218 30 betänkande
817 432 74 39 (sid.
918 432 52 39 24)
1002 432 130 30 brukar
1157 431 10 30 i
1193 430 370 40 Byggnadsstyrelsens
1590 429 195 30 kontrakts-

297 477 168 31 formulär
485 477 134 39 intagas
641 477 187 35 föreskrift,
850 480 48 27 att
921 477 67 30 alla
1009 476 54 30 för
1083 476 369 39 entreprenadarbeten
1473 473 222 38 erforderliga
1715 482 71 21 ma-

297 522 148 30 terialier
470 522 96 29 skola
594 531 81 20 vara
702 531 41 20 av
771 522 141 29 svenskt
937 521 162 34 fabrikat,
1127 521 113 29 därest
1266 520 76 29 icke
1368 522 107 27 annat
1501 518 189 39 medgivits.
1720 517 66 30 För

297 567 67 29 den
392 566 163 30 händelse
583 565 113 39 någon
724 567 221 37 entreprenör
973 565 79 30 eller
1080 565 191 29 leverantör
1298 564 129 29 önskar
1455 564 82 38 göra
1564 565 117 35 avsteg
1708 561 78 31 från

296 610 114 30 denna
431 610 185 33 föreskrift,
639 609 108 31 måste
770 610 70 30 han
861 610 10 29 i
892 609 95 39 varje
1006 609 63 30 fall
1090 608 172 31 förskaffa
1283 608 51 38 sig
1355 608 183 38 styrelsens
1559 606 228 39 medgivande

297 655 125 30 härtill.

342 699 74 30 Vad
443 698 108 39 angår
578 698 265 30 förhållandena
871 699 10 29 i
908 698 155 30 utlandet
1089 697 44 39 på
1160 697 229 30 förevarande
1417 695 150 36 område,
1596 694 192 31 innehåller

298 743 497 39 upphandlingssakkunnigas
816 742 220 30 betänkande
1061 741 73 39 (sid.
1157 740 140 39 13—17)
1322 750 52 25 en,
1395 740 106 31 delvis
1520 739 44 40 på
1584 739 143 39 tidigare
1746 749 42 19 av

299 787 369 39 Kommerskollegium
691 787 210 30 verkställda
923 786 223 39 utredningar
1168 786 125 38 byggd,
1317 785 214 39 redogörelse
1555 784 9 29 i
1588 785 125 33 ämnet,
1739 783 50 30 till

298 831 116 31 vilken
438 831 193 39 Kollegium
653 830 124 32 tillåter
800 831 50 39 sig
874 830 154 31 hänvisa.
1053 830 191 30 Flerstädes
1267 830 171 29 innefatta
1460 829 42 30 de
1524 828 186 31 utländska
1732 828 55 29 be-

298 876 259 30 stämmelserna
581 879 46 27 ett
648 877 137 37 mycket
808 876 110 29 starkt
940 875 112 38 skydd
1075 875 54 29 för
1151 874 183 30 inhemska
1356 873 262 39 anbudsgivare.
1643 872 145 39 Nyligen

297 921 91 29 hava
409 921 10 29 i
439 920 178 30 Amerikas
638 920 133 30 förenta
793 923 104 27 stater
916 919 171 30 utfärdats
1106 918 268 35 bestämmelser,
1395 918 93 29 vilka
1507 917 143 39 kraftigt
1670 917 118 38 skärpt

297 965 306 29 bestämmelserna
625 974 56 20 om
702 964 172 30 företräde
896 964 53 29 för
969 963 183 30 inhemska
1174 972 109 21 varor.

344 1098 120 31 Såsom
490 1098 154 38 framgår
670 1108 41 20 av
738 1099 67 29 den
832 1098 161 30 lämnade
1018 1098 249 38 redogörelsen,
1295 1098 39 29 är
1359 1098 57 29 det
1442 1097 10 30 i
1478 1097 67 30 den
1571 1096 218 31 remitterade

300 1143 175 30 motionen
502 1143 231 30 omförmälda
762 1143 185 30 cirkuläret
974 1142 75 30 icke
1077 1143 118 38 längre
1223 1142 160 38 gällande
1409 1145 84 27 utan
1521 1144 104 27 ersatt
1651 1150 43 20 av
1721 1140 68 30 viss

299 1187 147 39 ändring
477 1188 9 29 i
519 1186 519 40 upphandlingsförordningen.
1073 1187 48 29 De
1152 1186 269 35 bestämmelser,
1454 1195 74 20 som
1561 1185 186 30 innefattas
1780 1184 9 29 i

300 1232 114 30 denna
442 1231 204 39 förordning
674 1231 179 39 angående
882 1231 123 30 svensk
1035 1240 100 21 varas
1162 1230 174 31 företräde
1364 1230 149 30 framför
1541 1230 163 30 utländsk
1733 1229 57 29 vid

298 1275 250 40 upphandling,
572 1277 88 37 gälla
681 1276 9 29 i
712 1275 204 39 tillämpliga
938 1276 94 29 delar
1052 1276 87 29 även
1161 1275 57 30 vid
1239 1274 171 40 prövning
1431 1284 42 20 av
1494 1274 118 30 anbud
1633 1273 20 31 å
1674 1274 115 29 arbete

299 1320 54 31 för
374 1323 126 28 statens
520 1320 157 39 räkning.

344 1365 78 30 Med
444 1366 136 37 hänsyn
604 1365 51 29 till
678 1368 48 26 att
750 1363 124 40 frågan
898 1374 56 20 om
980 1365 65 30 den
1069 1363 250 39 utsträckning,
1344 1364 11 29 i
1378 1363 115 30 vilken
1516 1364 67 29 den
1607 1363 182 29 inhemska

299 1408 255 39 produktionen
578 1409 62 29 bör
665 1408 56 30 vid
746 1408 241 39 upphandling
1012 1409 65 29 och
1102 1409 139 29 arbeten
1267 1407 55 31 för
1347 1410 128 27 statens
1500 1408 112 29 behov
1637 1407 152 38 skyddas

300 1454 9 28 i
334 1453 263 30 konkurrensen
620 1453 79 30 med
722 1453 166 35 utlandet,
913 1452 138 39 nyligen
1074 1452 87 30 varit
1185 1451 147 31 föremål
1356 1452 54 29 för
1434 1461 41 20 en
1500 1451 215 30 omfattande
1738 1454 51 27 ut-

299 1497 145 39 redning
471 1505 123 31 genom
621 1497 168 30 särskilda
816 1496 219 39 sakkunniga
1061 1499 89 27 samt
1173 1499 49 27 att
1246 1495 45 40 på
1317 1496 169 38 grundval
1511 1496 106 29 därav
1642 1495 53 30 för
1720 1495 70 30 helt

299 1543 79 29 kort
402 1542 48 30 tid
475 1542 106 30 sedan
606 1542 152 29 ändrade
783 1540 217 31 föreskrifter
1023 1540 10 30 i
1058 1541 116 29 ämnet
1198 1540 173 30 utfärdats
1396 1549 100 21 anser
1521 1539 51 39 sig
1597 1539 193 39 Kollegium

300 1586 195 30 förhindrat
519 1589 50 27 att
592 1585 180 39 tillstyrka,
799 1588 49 27 att
872 1584 158 40 åtgärder
1056 1584 155 38 vidtagas
1237 1584 9 30 i
1272 1584 194 31 motionens
1491 1584 98 38 syfte.

346 1639 200 30 Stockholm
566 1640 65 29 den
649 1640 20 29 9
687 1648 92 21 mars
802 1639 93 29 1936.

824 1718 189 31 HERMAN
1037 1717 228 31 ERIKSSON.

346 1765 130 30 Harald
495 1764 172 38 Carlborg.

1448 1806 145 38 Magnus
1615 1805 129 31 Möller.

1615 1935 70 27 Bil.
1705 1936 43 26 B.

300 1978 105 31 Kungl.
427 1976 305 32 Byggnadsstyrelsen.

435 2067 63 31 Till
521 2066 213 39 Riksdagens
757 2066 110 30 andra
891 2065 196 31 kammares
1109 2065 104 38 femte
1237 2064 173 39 tillfälliga
1433 2064 138 30 utskott.

346 2147 130 31 Genom
491 2147 105 39 nådig
609 2146 120 31 remiss
743 2147 68 29 den
829 2147 38 29 14
883 2145 152 31 februari
1053 2146 83 30 1936
1150 2145 64 31 har
1228 2145 124 39 Kungl.
1369 2144 99 39 Maj:t
1485 2143 167 31 anbefallt
1668 2143 122 38 Kungl.

301 2191 348 39 byggnadsstyrelsen
676 2194 48 27 att
750 2190 123 38 avgiva
899 2191 65 29 och
991 2190 112 30 direkt
1129 2190 50 29 till
1206 2190 90 29 Eder
1322 2189 180 30 inkomma
1528 2189 79 29 med
1633 2187 159 40 yttrande

301 2238 81 28 över
407 2247 42 19 en
474 2236 95 30 inom
594 2236 108 30 andra
727 2235 205 30 kammaren
956 2235 103 30 väckt
1083 2234 142 35 motion,
1253 2243 41 21 nr
1322 2234 71 34 195,
1419 2232 177 39 angående
1621 2232 171 31 företräde

300 2280 54 30 för
374 2282 138 29 svenskt
529 2280 157 30 material
704 2280 57 30 vid
778 2279 186 31 utförande
981 2288 42 21 av
1041 2278 250 39 anläggningar
1309 2278 54 30 för
1382 2280 128 27 statens
1528 2277 156 38 räkning.

346 2325 65 30 Till
437 2324 186 39 åtlydande
648 2324 106 30 härav
780 2322 55 31 får
859 2323 348 38 byggnadsstyrelsen
1232 2322 124 30 anföra
1382 2321 163 39 följande.

345 2370 13 28 I
383 2371 40 29 29
446 2369 18 40 8
486 2370 9 29 i
518 2369 123 38 Kungl.
664 2367 248 39 förordningen
934 2368 66 30 den
1025 2368 39 29 16
1085 2367 137 38 januari
1247 2367 83 29 1920
1352 2365 178 39 angående
1551 2365 240 40 upphandling

300 2414 67 29 och
388 2414 140 29 arbeten
550 2412 54 31 för
626 2415 128 27 statens
776 2412 112 30 behov
910 2415 89 26 samt
1021 2411 206 39 försäljning
1249 2420 42 20 av
1315 2413 110 27 staten
1447 2410 151 39 tillhörig
1620 2411 50 29 lös
1692 2418 98 30 egen-

302 2458 82 30 dom
417 2455 532 42 (upphandlingsförordningen)
983 2455 215 35 föreskrives,
1227 2455 107 30 bland
1360 2458 116 30 annat,
1505 2457 58 31 att,
1592 2454 43 30 då
1663 2453 128 34 anbud,

302 2512 75 20 som
405 2501 253 39 ifrågakomma
686 2501 56 30 vid
770 2501 115 38 slutlig
912 2500 316 39 anbudsprövning,
1256 2508 81 21 avse
1364 2498 95 31 såväl
1488 2500 123 29 svensk
1638 2508 74 21 som
1740 2500 44 27 ut:
