1904 2830
103 1305 131 27 Utskottet.

101 2103 130 27 Utskottet.

280 147 18 29 2
718 151 274 31 Statsutskottets
1018 152 175 30 utlåtande
1218 153 49 30 Nr
1291 155 49 29 31.

286 244 44 20 m.
356 244 44 20 m.
426 234 169 37 beviljade
620 235 158 37 beloppet
802 245 41 20 av
868 236 173 34 2,312,000
1065 237 129 29 kronor
1219 237 53 29 för
1296 236 200 37 budgetåret
1522 233 184 37 1936/1937
1733 237 51 31 så-

285 294 75 20 som
378 285 348 36 reservationsanslag
745 285 118 31 anvisa
884 287 140 34 215,000
1043 287 138 29 kronor.

330 377 237 30 Kostnaderna
591 377 55 30 för
668 377 264 36 ifrågavarande
954 378 148 36 företags
1125 379 271 35 genomförande
1419 380 88 30 hava
1531 380 185 30 beräknats
1740 380 45 37 på

285 426 155 36 följande
458 429 77 28 sätt:

284 477 136 30 Inlösen
444 477 77 30 från
543 477 217 31 Stockholms
782 479 76 29 stad
880 488 42 20 av
943 478 244 36 fastigheterna
1209 489 41 20 nr
1273 481 18 29 3
1314 481 65 29 och
1401 481 16 28 7

327 527 10 30 i
364 528 170 30 kvarteret
561 528 853 35 ÅrgUS..........sssssssrsrsese
1186 523 37 45 ss
1231 523 35 45 sr
1276 523 32 45 ss
1318 523 35 45 sr
1363 523 55 45 era
1445 531 128 30 kronor
1601 532 172 34 1,147,000

284 577 152 31 Förvärv
456 588 41 20 av
516 578 245 36 fastigheterna
780 589 40 20 nr
843 580 13 28 1
880 580 65 29 och
964 580 18 29 2
1003 579 9 30 i
1032 581 171 30 kvarteret
1222 581 123 35 Argus.
1362 604 50 7 ...
1502 592 12 15 »
1635 582 139 34 155,000

284 628 382 36 Byggnadskostnader,
732 630 399 36 <grundförstärkningar,
1198 630 222 37 inredningar

326 688 44 20 INLs
389 689 43 19 ING,
448 677 13 43 fe
477 677 28 43 amn
521 703 6 6 8
543 703 5 6 1
565 703 6 6 0
609 677 17 43 ör
633 703 5 6 8
655 677 28 43 (IR
706 703 43 7 GM
776 703 38 6 rk
830 704 7 6 0
848 677 11 43 IN
872 677 18 43 dör
898 677 16 43 än
921 677 3 43 3
934 704 14 6 sc
961 677 17 43 för
986 677 22 43 Sp
1023 677 17 43 se;
1051 677 16 43 fr
1074 677 31 43 Äter
1112 677 12 43 (i
1136 677 11 43 tr
1163 705 6 6 0
1185 705 6 6 a
1198 677 15 43 sm
1229 677 13 43 tr
1249 677 8 43 sö
1274 677 27 43 Bcbe
1310 677 13 43 10
1362 677 27 43 ole
1399 677 13 43 ta
1502 693 11 14 »
1633 683 140 32 781,000

283 728 314 37 Ledningsarbetelh
633 753 779 9 —.....osssosesresesressrrrs
1139 724 60 45 ser
1207 724 34 45 rr
1252 724 32 45 rr
1294 724 46 45 ss
1361 724 55 45 era
1502 743 12 15 »
1635 734 138 34 118,000

285 778 232 31 Oförutsedda
554 779 149 37 utgifter,
731 780 176 37 ritningar,
934 781 150 30 kontroll
1110 782 65 30 och
1201 782 218 30 administra-

327 829 72 30 ÅÄÖ
417 825 9 47 —
446 825 15 47 ta
477 825 50 47 Gare
534 825 15 47 ss
565 854 29 6 mö
610 825 29 47 ven
649 825 12 47 is
677 854 28 7 Ra
721 854 49 7 Ga
784 825 9 47 KN
809 855 28 6 ad
875 855 29 7 Nn
928 855 20 7 ÄN
960 825 16 47 TER
986 825 25 47 Mac
1025 855 9 7 1
1048 825 10 47 AE
1075 825 24 47 Ben
1113 856 9 6 1
1136 825 19 47 [GR
1163 825 15 47 ör
1186 856 4 6 8
1198 825 10 47 0
1221 825 15 47 tor
1248 825 18 47 för
1274 856 4 6 ä
1286 825 15 47 AR
1310 825 21 47 ter
1336 825 19 47 för
1362 856 28 6 oa
1398 825 13 47 oa
1502 844 11 15 »
1635 834 138 34 111,000

1280 900 141 30 Summa
1445 901 128 30 kronor
1599 902 184 34 2,312,000.

328 970 66 31 Till
413 972 164 36 företaget
595 973 90 30 hava
704 973 119 30 hittills
842 973 150 31 anvisats
1011 974 144 37 tillhopa
1174 975 140 35 950,000
1335 976 137 30 kronor.
1515 976 14 30 I
1548 977 92 30 detta
1660 977 125 37 belopp

283 1021 98 36 ingår
418 1022 273 37 köpeskillingen
728 1024 53 29 för
818 1024 244 36 fastigheterna
1088 1034 41 20 nr
1159 1026 13 28 1
1202 1026 63 29 och
1293 1027 17 28 2
1338 1026 10 29 i
1374 1027 170 30 kvarteret
1570 1027 109 36 Argus
1707 1027 78 30 med

288 1072 139 35 155,000
453 1073 139 36 kronor,
619 1074 126 30 medan
769 1072 205 40 återstoden,
1003 1076 140 34 795,000
1166 1076 139 36 kronor,
1331 1076 129 30 hänför
1485 1076 49 37 sig
1560 1077 51 30 till
1635 1077 150 30 förbere-

284 1123 112 30 dande
420 1124 149 35 arbeten,
592 1124 167 36 ritningar
782 1134 43 20 m.
852 1135 44 20 m.
921 1129 87 27 samt
1031 1126 49 30 till
1104 1127 191 36 byggnads-
1319 1128 65 29 och
1409 1128 307 36 ledningsarbeten.

329 1173 52 30 Nu
405 1174 100 30 äskas
528 1175 42 29 de
593 1175 55 29 för
671 1175 41 30 de
735 1176 195 30 resterande
953 1176 412 37 byggnadskostnaderna
1389 1178 223 37 erforderliga
1636 1179 147 35 medlen,

284 1224 141 35 215,000
448 1225 138 30 kronor.

328 1307 180 37 Utskottet,
537 1317 75 21 som
640 1308 186 38 tillstyrker
855 1310 122 36 Kungl.
1008 1310 116 37 Maj:ts
1153 1311 228 31 förevarande
1408 1311 137 37 förslag,
1575 1313 208 35 hemställer,

638 1379 48 27 att
714 1376 182 36 riksdagen
921 1376 57 31 må
1003 1386 41 21 av
1070 1378 56 30 det
1152 1381 81 27 utav
1262 1379 81 29 1934
1370 1378 55 31 års
1451 1379 139 36 riksdag
1615 1379 51 30 till
1693 1380 91 30 bere-

592 1425 114 31 dande
728 1436 40 20 av
791 1427 183 36 utvidgade
996 1428 129 30 lokaler
1148 1428 33 30 åt
1202 1429 368 36 generaltullstyrelsen
1593 1440 44 20 m.
1663 1440 42 20 m.
1729 1431 54 30 be-

593 1476 127 37 viljade
737 1477 158 37 beloppet
913 1487 41 20 av
971 1478 174 35 2,312,000
1164 1480 127 29 kronor
1310 1479 54 30 för
1382 1479 199 36 budgetåret
1601 1476 181 42 1936/1937

593 1526 115 30 såsom
726 1528 347 36 reservationsanslag
1092 1528 120 31 anvisa
1231 1530 140 34 215,000
1390 1531 137 29 kronor.

326 1624 68 39 3:o0)
445 1626 54 35 Ny
523 1626 265 37 värmeledning
811 1627 11 30 i
847 1627 211 37 fastigheten
1080 1638 43 20 nr
1145 1630 21 29 6
1188 1629 11 29 i
1220 1630 178 29 kvarteret
1419 1630 185 30 Rosenbad
1629 1630 10 30 i
1661 1630 120 31 Stock-

282 1675 109 30 holm.
438 1676 123 37 Kungl.
587 1677 101 36 Maj:t
711 1679 64 29 har
801 1678 126 38 (punkt
948 1679 52 35 45,
1024 1679 62 30 sid.
1115 1680 62 29 116
1200 1681 66 29 och
1291 1680 72 38 117)
1390 1680 180 37 föreslagit
1593 1681 188 37 riksdagen

282 1729 47 27 att
350 1726 50 30 till
421 1736 46 28 ny
487 1728 259 36 värmeledning
767 1728 9 30 i
798 1729 203 36 fastigheten
1023 1739 40 20 nr
1083 1731 20 29 6
1124 1730 10 30 i
1156 1731 170 31 kvarteret
1348 1732 180 30 Rosenbad
1550 1732 10 30 i
1582 1732 201 31 Stockholm

282 1776 54 30 för
355 1777 200 36 budgetåret
576 1774 182 37 1936/1937
780 1779 119 31 anvisa
917 1783 46 27 ett
981 1781 348 37 reservationsanslag
1348 1791 43 21 av
1410 1783 119 34 24,000
1549 1784 138 29 kronor.

326 1869 239 31 Kostnaderna
589 1870 55 30 för
668 1870 263 37 ifrågavarande
956 1873 502 37 värmeledningsanläggnings
1483 1874 186 31 utförande
1694 1875 89 30 hava

281 1918 186 32 beräknats
498 1919 51 31 till
583 1921 139 35 101,000
754 1922 138 30 kronor.
948 1922 115 31 Härav
1095 1923 89 30 hava
1217 1923 118 31 hittills
1368 1924 149 31 anvisats
1552 1921 232 45 sammanlagt

283 1970 118 34 77,000
417 1971 137 30 kronor.
593 1971 54 30 Nu
662 1971 138 37 begäres
816 1972 189 31 anvisande
1020 1982 41 21 av
1077 1974 195 30 resterande
1288 1974 262 38 anslagsbelopp
1566 1975 81 31 eller
1664 1976 118 32 24,000

280 2019 139 31 kronor.

327 2103 179 36 Utskottet,
532 2113 75 21 som
635 2104 31 38 ej
692 2105 114 31 funnit
831 2106 186 37 anledning
1042 2106 51 31 till
1118 2107 139 31 erinran
1283 2111 91 28 emot
1401 2109 121 36 Kungl.
1550 2109 118 37 Maj:ts
1695 2110 87 30 före-

282 2154 152 30 varande
464 2154 138 37 förslag,
634 2156 206 36 hemställer,

636 2225 48 27 att
706 2222 182 37 riksdagen
911 2223 57 31 må
989 2224 50 30 till
1061 2233 47 28 ny
1129 2225 259 37 värmeledning
1410 2226 10 29 i
1441 2226 205 37 fastigheten
1670 2237 40 19 nr
1731 2228 20 29 6
1772 2228 10 29 i

591 2272 171 31 kvarteret
793 2274 182 30 Rosenbad
1006 2275 10 29 i
1046 2274 200 31 Stockholm
1279 2276 54 30 för
1364 2276 199 36 budgetåret
1598 2273 181 41 1936/1937

591 2323 120 30 anvisa
728 2326 45 27 ett
791 2324 347 37 reservationsanslag
1157 2334 41 21 av
1216 2326 119 35 24,000
1354 2327 137 30 kronor.

324 2420 69 39 4:o0)
443 2422 192 37 Inredning
655 2432 43 21 av
716 2424 309 35 portvaktsbostad
1045 2434 46 21 m.
1111 2434 47 21 m.
1177 2425 11 30 i
1209 2426 101 30 huset
1330 2435 43 21 nr
1392 2427 19 29 7
1431 2426 316 37 Birgerjarlsgatan
1768 2426 12 30 i

280 2470 217 33 Stockholm.
543 2473 125 37 Kungl.
692 2474 87 36 Majt
800 2475 65 30 har
894 2474 122 40 (punkt
1037 2476 51 35 46,
1111 2476 53 31 sid
1188 2475 183 41 117—121)
1399 2477 175 37 föreslagit
1594 2478 186 37 riksdagen
