2216 2626
713 238 258 33 Statsutskottets
1003 235 174 33 Utlåtande
1200 234 64 31 N:o
1288 234 52 31 82.
1809 231 18 29 3

225 324 111 48 jande
365 325 36 33 åt
429 321 279 48 kungsgårdens
737 319 214 37 arrendator
979 318 177 47 upplåtna
1180 315 145 37 område
1349 315 79 34 helt
1456 314 67 35 och
1547 313 113 36 hållet
1678 311 150 48 inginge

229 378 14 34 i
272 378 59 34 det
356 376 40 35 af
415 376 162 48 majoren
607 375 145 47 Gagner
779 374 82 35 med
890 373 34 35 A
952 371 226 37 betecknade
1207 369 174 43 området,
1408 371 95 33 samt
1526 370 54 33 att
1608 366 62 36 det
1694 366 134 35 mellan

230 431 225 47 ägolotterna
482 429 73 36 litt.
586 429 53 40 A:
668 428 66 36 och
761 427 70 36 litt.
863 427 54 38 A»
945 428 21 33 å
993 425 208 46 Mossbergs
1230 423 106 35 karta
1358 421 193 47 befintliga
1566 420 155 44 område,
1738 419 91 37 hvil-

228 485 65 35 ket
334 484 40 35 af
407 483 162 48 majoren
612 482 145 47 Gagner
786 480 159 47 antagits
974 479 150 36 tillhöra
1142 478 156 46 bolaget,
1328 475 110 48 lydde
1470 475 117 35 under
1610 467 220 53 Älfkarleby

229 536 394 50 kyrkoherdeboställe.

336 591 75 36 Vid
447 589 269 47 förrättningen
757 588 94 35 hade
880 587 217 46 föreslagits,
1129 588 54 33 att
1211 584 58 36 till
1296 582 143 48 fyllnad
1467 581 14 36 i
1510 582 70 34 den
1608 581 115 43 mark,
1755 592 73 24 som

230 646 119 36 skulle
390 644 150 36 tillfalla
568 643 151 43 kronan,
750 644 53 33 ett
830 641 145 47 bolaget
1005 639 182 46 tillhörigt
1216 637 144 36 område
1384 639 97 33 öster
1509 648 57 23 om
1594 635 234 46 landsvägen,

229 702 21 33 å
287 699 132 35 kartan
460 697 220 36 betecknadt
721 696 83 35 med
827 695 70 35 litt.
934 695 68 43 As,
1030 693 56 36 för
1115 691 173 49 möjligen
1315 689 190 37 blifvande
1534 688 233 47 omläggning
1794 687 41 35 af

229 754 224 45 landsvägen
496 751 119 36 skulle
656 750 87 47 ingå
765 749 15 35 i
807 749 115 47 bytet,
952 749 188 35 hvaremot
1167 745 167 37 hvarken
1360 744 166 46 bolagets
1555 742 89 35 eller
1671 742 160 35 kronans

231 806 133 36 ombud
393 805 62 35 vid
478 803 271 48 förrättningen
772 803 82 35 haft
882 804 112 44 något
1022 804 54 32 att
1100 800 132 35 erinra.

336 859 137 35 Vidare
502 859 94 34 hade
625 856 181 44 beslutits,
833 859 54 32 att
910 867 108 23 norra
1046 860 157 41 gränsen
1223 852 103 36 öfver
1340 849 355 47 Pråmkarlsplatsen
1712 848 120 36 skulle

230 917 87 44 utgå
345 913 83 35 från
456 924 46 23 en
530 911 120 48 punkt
678 923 23 23 a
730 910 63 36 vid
816 909 250 48 bygdevägen,
1098 919 75 24 som
1202 906 106 36 ledde
1333 905 83 34 från
1440 905 215 45 Kronsågen
1681 902 60 36 till
1769 896 63 42 Ös-

230 969 86 34 tanå
354 967 59 46 by,
455 966 68 35 och
565 965 128 46 dragas
732 963 14 36 i
773 966 57 33 rät
853 963 90 47 linje
971 962 14 35 i
1013 960 223 47 nordvästlig
1264 958 168 47 riktning
1460 957 101 36 öfver
1590 968 45 24 en
1663 956 120 47 punkt
1808 956 27 49 &

230 1021 59 35 till
311 1020 197 36 Dalälfven
536 1018 101 36 cirka
668 1020 74 33 330
772 1020 113 32 meter
913 1015 178 36 nedanför
1120 1014 84 35 Carl
1231 1012 129 36 XIII:s
1389 1012 80 44 bro;
1495 1011 66 35 och
1589 1010 93 35 hade
1703 1010 43 35 de
1763 1022 70 23 om-

230 1075 125 43 råden,
387 1086 75 23 som
492 1072 118 36 skulle
639 1072 58 35 till
723 1071 140 35 kronan
893 1069 253 43 öfverlämnas,
1178 1066 175 49 angifvits
1381 1064 169 37 sålunda:

445 1180 162 35 området
630 1178 72 37 litt.
733 1178 53 41 Åj
816 1205 390 8 ommmmommmoneesnesnron
1144 1173 66 50 nn
1240 1177 17 32 1
1290 1174 133 35 hektär
1453 1174 48 33 28
1533 1183 39 23 ar

506 1247 13 18 »
653 1247 13 17 ?
734 1233 54 39 ÅD
818 1257 606 9 ooometsseraesassoesosson
1105 1229 93 48 nonsens
1216 1229 63 48 nanna
1288 1229 18 48 nn
1309 1229 42 48 anna
1357 1229 33 48 nan
1393 1229 33 48 nn
1448 1228 105 41 24:30
1581 1238 40 23 ar

505 1303 13 15 »
653 1301 12 15 >
735 1286 54 40 A3
818 1292 104 34 SATSAR
958 1311 466 8 NEKAS
1474 1281 78 42 6,20
1589 1295 13 16 >

506 1356 13 16 >
653 1340 113 35 gooD
820 1364 606 9 ooooomseme--ssoös5sassersssnsnsnospesssessrsereres
1448 1335 103 41 11,0
1588 1348 14 18 >

506 1409 13 16 >
660 1408 7 15 »
738 1393 28 35 C
792 1393 65 36 och
888 1392 321 35 Doouoossmnssmennn--
1236 1391 20 32 9
1287 1388 133 35 hektar
1446 1389 106 42 69,23
1589 1403 13 15 >

1036 1453 146 35 Summa
1214 1455 44 32 11
1286 1451 132 35 hektar
1449 1454 105 48 39,13
1577 1463 50 22 ar.

340 1564 175 37 Området
557 1563 72 36 litt.
667 1562 54 40 Ås
748 1562 148 48 inginge
920 1561 82 36 icke
1031 1560 14 35 i
1073 1560 61 35 det
1157 1559 156 44 område,
1339 1570 77 24 som
1440 1557 14 36 i
1482 1558 160 47 majoren
1671 1556 164 47 Gagners

233 1618 238 47 promemoria
512 1617 214 36 betecknats
763 1617 83 34 med
888 1615 71 36 litt.
991 1613 115 44 A,B,
1140 1612 28 36 C
1193 1613 67 35 och
1289 1613 46 42 D,
1366 1612 151 36 hvarför
1540 1611 182 47 styrelsen
1751 1621 84 24 vore

232 1673 177 42 tveksam,
441 1670 183 36 huruvida
652 1673 73 32 mot
753 1669 252 47 ordalydelsen
1032 1667 14 35 i
1074 1666 135 46 nådiga
1236 1665 144 36 brefvet
1408 1665 14 35 i
1452 1665 149 35 ärendet
1630 1664 70 34 den
1717 1665 21 32 8
1753 1662 84 48 juni

237 1728 99 33 1906
366 1725 161 35 området
555 1723 62 36 litt
645 1723 54 39 A3
725 1723 123 34 kunde
877 1722 143 45 intagas
1048 1719 14 35 i
1089 1720 121 47 bytet;
1241 1719 66 34 och
1336 1719 94 34 hade
1453 1718 41 34 af
1506 1718 119 34 denna
1640 1716 197 46 anledning

232 1779 99 35 intill
360 1790 107 23 norra
499 1782 157 42 gränsen
685 1776 100 36 öfver
814 1773 355 47 Pråmkarlsplatsen
1199 1775 20 32 å
1242 1772 131 35 kartan
1397 1771 182 35 utmärkts
1609 1773 54 32 ett
1691 1770 146 34 område

234 1833 82 34 med
344 1844 136 24 samma
508 1829 129 49 ytvidd
666 1842 74 24 som
765 1829 162 36 området
950 1827 72 36 litt.
1050 1826 66 45 As,
1144 1825 222 36 betecknadt
1395 1825 82 35 med
1504 1824 71 36 litt.
1598 1825 69 42 Da,
1693 1822 144 36 hvilket

234 1886 143 35 område
418 1885 145 46 bolaget
600 1895 84 25 vore
720 1883 119 47 villigt
869 1881 222 37 öfverlämna
1119 1879 58 36 till
1206 1879 140 35 kronan
1375 1878 56 36 för
1460 1878 72 35 den
1560 1877 176 36 händelse
1765 1888 70 25 om-

233 1940 102 35 rådet
363 1939 71 35 litt.
467 1939 54 38 A3
549 1937 114 36 skulle
693 1949 103 23 anses
825 1936 31 48 ej
883 1936 88 35 böra
999 1935 85 46 ingå
1108 1933 13 35 i
1149 1933 111 47 bytet.

341 1992 215 35 Emellertid
598 1991 104 43 hade,
736 1990 61 36 vid
821 1990 44 34 de
894 1986 347 47 underhandlingar,
1273 1998 73 23 som
1378 1985 91 35 förts
1498 1985 82 35 med
1608 1984 143 46 bolaget
1780 1983 57 35 för

233 2046 235 47 uppgörande
497 2045 41 34 af
563 2044 136 46 förslag
726 2043 58 35 till
814 2043 89 35 aftal
926 2042 14 34 i
969 2044 131 39 ämnet,
1132 2040 80 34 från
1243 2039 164 46 bolagets
1432 2038 79 35 sida
1535 2037 152 43 anförts,
1706 2039 54 33 att
1778 2036 57 34 bo-

233 2100 108 45 laget,
373 2099 44 34 då
451 2099 63 34 det
543 2096 124 47 erbjöd
686 2097 141 34 kronan
855 2098 55 32 att
932 2094 110 36 träffa
1070 2092 172 46 förening
1270 2104 56 23 om
1356 2091 277 47 ifrågavarande
1658 2090 96 46 byte,
1786 2089 50 34 af-

235 2155 72 33 sett
348 2154 54 33 att
429 2151 146 35 komma
599 2150 13 33 i
635 2149 201 46 besittning
865 2148 40 35 af
926 2148 71 34 den
1027 2145 392 36 Länsmansholmarna
1447 2143 221 36 tillhörande
1697 2144 139 33 vatten-

234 2209 74 32 rätt
350 2205 66 35 och
459 2207 54 32 att
541 2203 145 45 bolaget
709 2202 82 35 icke
821 2201 86 36 ville
937 2201 85 46 ingå
1047 2202 46 44 på
1116 2201 110 44 något
1254 2198 210 47 bytesaftal,
1498 2200 87 32 utan
1616 2199 53 32 att
1692 2195 145 47 bolaget

234 2259 79 37 däri
343 2257 249 48 uttryckligen
620 2255 291 36 tillförsäkrades
940 2253 158 36 nämnda
1128 2254 209 34 vattenrätt.

343 2314 56 33 Då
436 2311 179 47 styrelsen
644 2308 201 36 emellertid
876 2308 30 47 ej
939 2309 119 34 ansett
1087 2304 55 48 sig
1172 2311 67 41 äga
1268 2305 218 47 befogenhet
1511 2306 53 33 att
1596 2303 10 35 i
1634 2302 129 36 aftalet
1783 2301 52 35 in-
