1902 2814
466 157 392 37 Bevillningsutskottets
884 155 218 32 betänkande
1127 155 50 31 Nr
1198 156 48 29 11.
1614 149 18 30 T

124 242 147 33 föremål
296 243 53 30 för
371 241 226 37 omreglering
622 240 37 31 så
683 240 137 37 nyligen
842 249 75 21 som
942 239 38 31 år
1005 240 92 30 1938.
1147 237 135 38 Frågan
1304 247 58 21 om
1385 238 247 35 ortsavdragen

124 286 58 31 vid
204 286 67 30 den
291 285 226 30 kommunala
537 283 263 36 beskattningen
822 283 39 29 är
882 283 55 30 för
961 282 216 30 närvarande
1201 281 108 30 under
1331 280 184 36 utredning
1537 281 95 28 inom

124 326 564 36 kommunalskatteberedningen.
730 326 76 30 Med
826 326 137 36 hänsyn
982 324 115 31 härtill
1118 333 101 21 anser
1240 323 48 36 sig
1307 323 166 30 utskottet
1493 323 73 29 icke
1584 331 48 21 nu

124 370 84 31 böra
233 372 160 28 närmare
415 368 78 37 ingå
515 368 44 37 på
579 369 42 30 de
641 377 43 21 av
707 367 257 31 motionärerna
984 366 147 31 berörda
1154 364 215 39 spörsmålen
1391 363 176 38 angående
1590 365 42 30 de

125 412 181 32 skattefria
325 412 275 36 ortsavdragen.»

171 479 131 30 Genom
320 478 215 37 proposition
552 487 40 21 nr
598 470 20 49 4
644 477 51 30 till
712 477 234 30 innevarande
962 475 54 32 års
1033 476 141 36 riksdag
1190 476 63 30 har
1272 475 122 36 Kungl.
1412 474 99 37 Maj:t
1528 475 106 29 fram-

126 530 70 36 lagt
217 530 128 36 förslag
363 528 178 38 angående
563 529 162 36 förlängd
746 528 153 37 giltighet
921 527 49 31 till
990 528 64 30 och
1073 527 80 30 med
1175 525 172 38 utgången
1367 535 41 21 av
1429 525 38 31 år
1490 527 82 29 1943
1592 534 43 22 av

126 581 161 36 gällande
308 580 177 36 indelning
505 580 10 29 i
533 583 224 33 ortsgrupper
774 579 137 38 jämlikt
933 579 97 36 lagen
1048 578 66 30 den
1136 579 42 29 28
1197 577 74 37 juni
1295 578 84 29 1935
1403 577 53 38 (nr
1476 576 74 39 434)
1576 585 59 21 om

127 631 330 36 folkpensionering.
484 629 47 31 På
553 630 207 30 hemställan
784 639 41 21 av
848 630 110 29 andra
982 629 222 36 lagutskottet
1234 627 190 40 (utlåtande
1446 637 40 21 nr
1509 627 31 39 5)
1571 628 65 29 har

126 681 187 37 riksdagen
331 691 147 21 numera
496 681 126 30 bifallit
638 681 154 30 nämnda
811 680 226 37 proposition.

171 783 15 30 I
212 782 108 31 likhet
342 782 79 31 med
446 782 257 31 motionärerna
727 781 113 31 finner
865 782 165 30 utskottet
1055 781 67 31 den
1146 781 202 30 nuvarande
1374 780 256 37 skattegruppe-

124 833 123 37 ringen
271 834 74 31 icke
370 843 83 21 vara
479 832 326 31 tillfredsställande.
832 832 137 37 Frågan
992 833 131 35 därom,
1150 840 74 21 som
1249 831 106 30 redan
1381 829 142 37 tidigare
1548 829 88 30 varit

131 882 145 31 föremål
301 883 53 30 för
378 884 286 29 statsmakternas
691 883 318 37 uppmärksamhet,
1035 883 100 35 utgör
1157 881 187 30 emellertid
1369 890 41 21 en
1435 881 51 29 del
1512 890 41 20 av
1577 880 58 30 det

125 935 110 30 större
260 933 214 38 spörsmålet,
500 934 173 30 huruvida
699 943 42 21 en
767 932 347 38 dyrortsgruppering
1139 932 11 30 i
1177 932 92 30 olika
1294 932 222 29 hänseenden
1540 932 95 29 över-

126 985 120 30 huvud
273 988 87 33 taget
386 985 64 29 bör
472 984 191 30 bibehållas
690 985 80 29 eller
798 984 83 29 icke.
911 983 219 30 Härutinnan
1156 983 65 29 har
1245 982 109 30 andra
1381 982 221 35 lagutskottet
1627 981 11 29 i

126 1035 58 31 sitt
211 1035 231 31 förenämnda
470 1033 178 32 utlåtande
675 1033 201 37 framhållit,
905 1037 50 27 att
982 1034 91 30 detta
1102 1031 170 38 spörsmål
1300 1033 10 29 i
1339 1032 53 30 sin
1420 1032 114 29 helhet
1561 1031 76 30 icke

125 1085 109 31 borde
261 1088 169 34 upptagas
458 1085 50 30 till
536 1086 161 29 närmare
725 1085 237 35 övervägande
989 1084 119 30 förrän
1136 1084 42 29 de
1205 1083 202 30 nuvarande
1435 1081 201 37 prisförhål-

125 1136 151 30 landena
302 1134 148 38 uppnått
476 1145 42 21 en
544 1136 108 29 större
676 1134 171 37 stabilitet,
874 1134 38 31 så
937 1138 48 27 att
1010 1132 224 38 erforderliga
1259 1133 226 30 ekonomiska
1512 1132 124 30 under-

126 1185 189 37 sökningar
333 1185 46 37 på
399 1186 118 36 längre
536 1185 66 31 sikt
624 1181 118 34 kunde
761 1185 212 30 verkställas.
1007 1184 76 32 Med
1104 1184 138 36 hänsyn
1263 1183 115 30 härtill
1400 1183 65 30 och
1486 1181 44 31 då
1550 1182 86 36 pris-

126 1235 269 32 förhållandena
417 1234 45 38 på
483 1236 112 36 grund
618 1245 43 21 av
686 1234 161 37 krisläget
871 1235 60 30 allt
955 1234 217 31 fortfarande
1195 1235 119 29 kunna
1339 1234 142 29 komma
1503 1236 48 27 att
1575 1242 62 20 un-

127 1285 106 38 dergå
257 1287 195 36 betydande
477 1285 286 37 förskjutningar,
788 1285 116 31 finner
930 1286 163 30 utskottet
1119 1285 9 30 i
1156 1285 107 29 likhet
1289 1284 79 30 med
1395 1284 108 30 andra
1530 1284 107 35 lagut-

130 1337 127 30 skottet
293 1335 121 37 frågan
450 1345 57 21 om
543 1336 410 37 dyrortsgrupperingens
977 1335 237 36 berättigande
1238 1335 74 30 icke
1337 1334 56 30 för
1419 1334 216 30 närvarande

126 1387 87 31 böra
238 1388 100 35 göras
364 1387 50 30 till
442 1385 145 32 föremål
614 1386 57 30 för
696 1386 193 35 utredning.
930 1385 170 31 Utskottet
1127 1386 66 29 har
1220 1385 120 30 därvid
1369 1384 75 30 icke
1470 1384 167 35 förbisett,

128 1440 49 28 att
200 1436 267 32 förhållandena
492 1436 118 30 kunna
634 1436 141 30 komma
799 1438 48 27 att
872 1436 158 29 utveckla
1054 1435 51 36 sig
1129 1433 48 36 så,
1201 1437 48 28 att
1273 1444 42 20 en
1338 1433 210 37 provisorisk
1573 1434 64 30 lös-

128 1487 84 37 ning
239 1486 221 31 beträffande
487 1486 364 35 skattegrupperingen
878 1485 68 30 blir
973 1484 197 37 nödvändig
1197 1484 9 30 i
1235 1485 173 30 avvaktan
1435 1483 44 37 på
1506 1494 42 20 en
1575 1483 63 31 bli-

130 1538 114 30 vande
270 1536 114 37 slutlig
410 1535 139 32 reform.
578 1535 181 36 Utskottet,
787 1544 74 21 som
888 1535 209 35 förutsätter,
1124 1537 51 28 att
1202 1534 122 36 Kungl.
1354 1534 101 36 Maj:t
1482 1535 158 30 kommer

131 1591 50 28 att
202 1589 79 29 med
303 1587 311 37 uppmärksamhet
639 1585 87 36 följa
748 1586 240 35 utvecklingen
1012 1584 44 37 på
1077 1585 94 30 detta
1196 1584 151 36 område,
1370 1584 56 31 får
1448 1585 191 34 hemställa,

489 1655 49 28 att
564 1652 41 30 de
632 1651 222 38 likalydande
881 1651 216 31 motionerna
1128 1651 28 30 I:
1174 1652 59 30 151
1262 1660 43 21 av
1334 1652 80 30 herr
1444 1651 197 31 Löfvander

444 1713 45 20 m.
512 1703 35 30 fl.
569 1703 66 30 och
660 1703 45 30 II:
723 1703 60 30 138
807 1712 41 21 av
870 1703 80 29 herr
974 1702 193 30 Pettersson
1189 1701 10 31 i
1223 1701 194 38 Norregård
1440 1712 44 20 m.
1509 1702 47 37 fl.,
1581 1711 59 21 om

441 1754 234 37 upphävande
700 1764 42 21 av
768 1754 158 36 gällande
951 1754 346 37 dyrortsgruppering
1323 1763 42 21 av
1392 1754 42 30 de
1461 1752 179 31 skattefria

446 1802 308 38 familjeavdragen
774 1803 55 30 vid
851 1803 115 36 statlig
987 1802 229 37 beskattning,
1237 1803 75 30 icke
1334 1801 107 32 måtte
1461 1802 179 31 föranleda

445 1853 114 38 någon
581 1854 201 37 riksdagens
806 1852 132 38 åtgärd.

179 1940 202 32 Stockholm
405 1940 67 30 den
498 1941 39 28 27
563 1949 92 21 mars
683 1940 92 30 1941.

583 2004 48 31 På
648 2004 387 36 bevillningsutskottets
1052 2004 144 37 vägnar:

768 2074 36 30 A.
830 2073 28 31 J.
884 2069 123 35 BÄRG.

173 2264 197 27 Närvarande:
391 2271 29 17 se
441 2264 90 24 under
552 2263 181 26 betänkande
755 2270 32 18 nr
810 2263 38 24 10.

1678 783 124 25 Utskottet.
