2215 2664
366 196 119 33 Andra
508 197 217 31 Kammarens
753 195 186 42 Tillfälliga
970 195 142 34 Utskotts
1137 194 68 42 (Nr
1228 195 37 41 1)
1297 195 173 33 Utlåtande
1493 195 53 32 Nr
1569 197 52 31 18.
1777 197 14 31 1

922 566 61 40 Nr
1011 566 63 41 18.

797 730 114 26 Ankom
931 730 43 25 till
993 730 178 32 Riksdagens
1190 729 93 27 kansli
1303 729 55 26 den
1379 729 33 26 15
1434 738 75 17 mars
1530 729 70 26 1910
1618 729 37 27 kl.
1676 729 16 26 3
1712 737 23 19 e.
1756 738 37 18 m.

406 859 130 35 Andra
584 858 224 36 kammarens
849 857 121 49 första
1018 856 190 50 tillfälliga
1255 856 144 36 utskotts
1445 855 188 37 utlåtande
1679 869 44 23 nr
1769 857 25 35 4

621 929 187 50 angående
845 929 77 36 herr
963 927 272 38 Öhristiernsons
1272 928 129 36 motion
1438 940 54 24 om
1524 928 184 50 skrifvelse
1738 928 56 36 till

621 1002 131 49 Kungl.
791 1001 112 49 Maj:t
940 1001 14 36 i
989 1001 59 36 och
1071 1001 67 49 för
1166 1001 163 35 ändrade
1358 1000 256 37 bestämmelser
1640 1001 154 35 rörande

620 1072 366 37 tillhandahällandet
1021 1073 49 49 af
1094 1072 49 36 lik
1165 1073 66 49 för
1260 1073 67 35 den
1356 1072 225 36 anatomiska
1609 1073 183 36 undervis-

621 1146 138 49 ningen.

328 1310 16 35 I
388 1323 45 22 en
474 1311 103 34 inom
620 1308 129 36 Andra
785 1309 212 35 kammaren
1033 1308 106 36 väckt
1168 1308 68 35 och
1265 1309 57 34 till
1352 1308 81 35 dess
1463 1306 115 36 första
1606 1306 188 49 tillfälliga

191 1365 144 35 utskott
377 1363 178 37 hänvisad
597 1364 141 34 motion
768 1361 60 48 (nr
859 1359 90 49 188)
978 1363 66 34 har
1071 1362 85 35 herr
1185 1360 269 37 Christiernson
1483 1361 198 44 hemställt,
1716 1366 77 30 »att

192 1418 212 48 Riksdagen
447 1420 114 33 måtte
605 1417 157 43 anhålla,
794 1416 61 36 det
883 1417 138 34 täcktes
1051 1415 138 48 Kungl.
1220 1414 106 48 Maj:t
1355 1415 93 36 efter
1477 1414 161 36 slutförd
1666 1414 127 36 utred-

190 1474 93 46 ning
324 1473 75 34 låta
441 1471 171 36 utarbeta
645 1484 85 35 nya,
761 1470 85 35 med
874 1469 121 36 tidens
1024 1468 85 36 kraf
1134 1470 68 34 och
1232 1470 159 35 rådande
1421 1468 244 49 uppfattning
1692 1482 101 22 mera

191 1525 309 37 harmonierande
529 1525 276 36 bestämmelser
833 1524 155 36 rörande
1017 1525 205 47 tillgången
1251 1524 57 34 till
1336 1525 52 34 lik
1404 1521 58 37 för
1477 1523 70 35 den
1564 1524 229 34 anatomiska

190 1580 318 47 undervisningen
550 1581 13 33 i
605 1578 225 44 Stockholm,
874 1577 164 49 Uppsala
1080 1579 68 34 och
1191 1577 121 43 Lund,
1357 1582 94 30 samt
1490 1575 57 37 för
1581 1576 211 48 Riksdagen

192 1633 206 48 framlägga
440 1633 44 35 de
528 1632 139 48 förslag
702 1633 57 34 till
787 1632 288 44 bestämmelser,
1105 1631 148 37 hvartill
1283 1631 120 35 denna
1432 1630 227 49 Riksdagens
1688 1631 104 35 hem-

192 1688 130 35 ställan
352 1685 119 50 gifver
501 1686 235 49 anledning.»

334 1795 73 35 Till
437 1794 83 37 stöd
549 1793 58 37 för
636 1794 121 36 denna
785 1794 221 35 hemställan
1036 1792 106 37 anför
1170 1795 231 33 motionären
1431 1792 179 48 följande:

328 1849 94 35 »Det
451 1855 106 29 ämne
583 1849 67 47 jag
677 1850 13 33 i
720 1848 120 35 denna
868 1849 77 34 min
975 1849 141 33 motion
1146 1847 130 48 drager
1305 1847 118 35 under
1442 1846 229 49 Riksdagens
1691 1846 102 49 pröf-

189 1904 92 47 ning
311 1910 40 29 är
380 1902 39 36 af
445 1904 239 48 synnerligen
714 1903 155 47 ömtålig
887 1900 265 45 beskaffenhet,
1174 1901 68 35 och
1263 1902 165 34 kommer
1447 1900 246 49 förmodligen
1714 1903 78 33 min

189 1956 278 49 framställning
492 1962 53 30 att
565 1956 82 36 från
669 1956 70 36 den
759 1956 227 35 medicinska
1004 1956 266 47 vetenskapens
1291 1954 186 37 utöfvares
1498 1954 79 36 sida
1595 1955 197 35 betecknas

190 2024 79 22 som
300 2016 53 30 ett
382 2012 125 47 utslag
536 2009 40 37 af
602 2009 213 36 oförståelse
844 2008 58 37 för
931 2009 119 35 denna
1078 2010 217 46 vetenskaps
1324 2008 116 36 behof
1466 2008 36 36 af
1530 2008 262 36 »dissektions-

189 2065 227 47 subjekter».
475 2064 79 35 Mot
583 2077 45 23 en
658 2064 103 49 dylik
788 2064 245 47 vantolkning
1061 2061 40 37 af
1126 2064 101 34 mina
1247 2065 135 45 uppsåt
1401 2064 64 34 vill
1481 2063 66 47 jag
1567 2062 92 35 dock
1679 2062 112 36 redan

187 2122 48 44 på
279 2118 158 36 förhand
481 2131 188 35 opponera
710 2119 88 47 mig.
856 2116 89 36 Just
982 2117 192 48 hänsynen
1212 2117 58 34 till
1308 2116 385 48 läkareutbildningen
1723 2117 69 34 och

187 2172 213 36 vördnaden
445 2171 57 36 för
543 2172 248 47 vetenskapen
834 2171 48 35 ha
915 2172 157 34 kommit
1100 2172 78 46 mig
1207 2175 52 30 att
1287 2172 13 33 i
1330 2170 60 35 det
1418 2171 145 47 längsta
1591 2171 106 35 tveka
1727 2183 65 22 an-

189 2226 138 47 gående
371 2226 61 35 det
474 2227 148 47 nyttiga
655 2226 13 34 i
697 2239 44 22 en
771 2224 244 37 hänvändelse
1043 2225 59 34 till
1130 2224 210 48 Riksdagen
1368 2225 13 34 i
1411 2224 119 35 denna
1559 2223 114 49 fråga,
1704 2237 85 23 men

189 2279 44 36 de
262 2285 108 39 stora,
401 2281 189 47 påtagliga
619 2278 358 44 missförhållanden,
1008 2291 78 22 som
1115 2278 147 35 vidlåda
1289 2291 51 22 nu
1362 2278 180 48 gällande,
1564 2278 109 48 högst
1693 2278 93 35 olik-

189 2334 124 35 artade
340 2334 278 35 bestämmelser
645 2333 154 35 rörande
828 2333 205 47 tillgången
1062 2333 58 34 till
1147 2332 52 35 lik
1228 2330 58 37 för
1309 2331 71 36 den
1400 2332 229 35 anatomiska
1649 2332 135 35 under-

296 2393 77 33 Bih.
401 2393 52 32 till
478 2393 117 33 RBiksd.
621 2393 90 32 Prot.
737 2395 93 29 1910.
867 2395 10 28 9
901 2392 100 32 Saml.
1026 2392 22 31 2
1072 2391 80 40 Afd.
1189 2392 10 32 2
1215 2392 110 32 Band.
1352 2394 42 29 17
1418 2392 98 41 Häft.
1541 2393 68 39 (Nr
1632 2391 66 36 18.)
1729 2393 16 30 1

1838 1809 150 28 Motionen.
