2221 2663
361 206 119 32 Andra
503 207 217 32 Kammarens
748 207 186 42 Tillfälliga
966 208 141 33 Utskotts
1129 207 68 44 (Nr
1220 212 35 35 1)
1289 210 176 33 Utlåtande
1488 212 53 31 Nr
1563 214 53 30 18.
1749 213 40 32 13

191 289 70 37 Om
305 290 44 36 de
391 303 173 32 resurser,
605 304 79 22 som
728 292 126 35 kunna
890 293 119 36 finnas
1039 298 53 31 att
1122 293 92 50 fylla
1242 295 233 36 totalbristen
1505 296 67 35 och
1602 297 112 48 skapa
1743 310 45 23 en

189 343 342 37 tillfredsställande
560 346 159 48 tillgång
748 345 57 36 för
834 348 70 34 alla
932 352 55 31 tre
1017 350 319 44 anatomisalarna,
1366 350 64 36 vill
1459 351 181 35 utskottet
1660 351 128 36 endast

189 400 185 44 anmärka,
406 405 53 29 att
488 399 137 36 sådana
654 399 92 36 efter
775 402 64 34 allt
869 406 53 30 att
951 402 109 36 döma
1096 409 61 29 äro
1188 408 53 30 att
1270 404 87 35 söka
1375 405 13 34 i
1408 417 45 22 en
1475 405 256 48 utsträckning
1751 405 41 36 af

187 454 97 33 vissa
325 453 289 44 bestämmelser,
660 466 78 22 som
781 467 51 22 nu
875 456 97 47 gälla
1014 455 57 36 för
1100 456 130 35 endast
1258 457 225 48 begränsade
1512 459 186 44 områden,
1729 460 58 34 till

186 506 83 36 hela
297 506 126 36 landet
452 508 88 34 eller
569 507 43 35 de
633 507 100 36 delar
757 507 113 45 däraf,
893 521 78 23 som
991 516 67 42 äga
1077 511 215 48 tillräckligt
1311 511 95 48 goda
1425 512 362 37 kommunikationer

187 560 84 35 med
301 560 43 36 de
373 566 56 30 tre
458 561 226 36 medicinska
711 563 314 36 läroanstalterna.

292 614 233 36 Motionären
555 615 76 44 har,
663 614 57 37 för
749 620 52 31 att
830 616 100 48 gifva
959 622 52 30 ett
1041 619 168 47 exempel
1238 621 46 45 på
1312 618 177 36 moderna
1511 619 276 37 bestämmelser

186 671 47 45 på
275 668 101 35 detta
418 669 159 44 område,
622 668 161 50 aftryckt
812 670 69 36 den
911 684 88 36 nyss
1030 671 193 36 utfärdade
1252 673 246 48 kungörelsen
1529 672 58 37 för
1614 674 169 36 Finland.

185 721 192 37 Utskottet
405 723 65 36 vill
498 724 163 47 tillägga,
693 728 53 30 att
775 725 108 34 också
911 726 12 34 i
951 724 122 49 Norge
1102 725 58 36 för
1187 729 114 45 några
1330 729 39 33 år
1398 727 111 36 sedan
1529 727 199 37 tillförseln
1748 728 41 36 af

184 776 52 35 lik
256 777 58 34 till
335 778 264 34 anatomisalen
619 776 28 47 (i
668 776 215 48 Kristiania)
904 780 186 47 reglerats,
1112 781 187 47 nämligen
1318 782 13 33 i
1346 782 143 47 princip
1514 794 133 35 genom
1664 795 45 23 en
1724 783 62 48 lag

185 829 41 36 af
254 831 47 34 20
332 831 71 46 maj
439 832 112 43 1899,
582 832 57 34 till
668 831 148 36 hvilken
844 833 62 48 lag
926 833 110 36 sedan
1057 832 120 49 fogats
1198 847 100 22 mera
1314 834 221 47 detaljerade
1557 835 229 37 föreskrifter

184 897 134 33 genom
361 897 44 23 en
450 885 157 48 kunglig
648 886 204 35 resolution
891 885 40 37 af
971 888 45 34 29
1049 888 71 47 maj
1156 890 112 33 1901.
1326 888 124 48 Lagen
1479 896 39 28 är
1546 891 238 47 synnerligen

183 937 214 36 kortfattad.
455 937 81 37 Den
565 939 232 45 bestämmer,
829 944 52 31 att
909 941 57 34 till
987 940 69 37 den
1077 942 227 35 anatomiska
1324 942 313 49 undervisningen
1658 944 126 35 kunna

181 990 185 37 infordras
396 993 72 34 alla
497 992 43 36 de
573 994 35 33 »i
638 993 60 35 det
727 992 190 50 offentlige
946 994 186 50 Varetegt
1160 996 165 36 verende
1353 997 91 47 lig»,
1475 995 57 37 för
1559 997 141 36 hvilkas
1721 998 63 35 be-

183 1045 175 49 grafning
386 1047 79 35 icke
495 1046 129 49 drages
654 1047 144 48 försorg
826 1061 133 35 genom
989 1049 70 36 den
1089 1050 112 35 dödes
1231 1051 192 47 anhöriga;
1454 1051 92 35 dock
1575 1056 53 30 att
1648 1050 135 37 förbud

183 1100 71 35 kan
296 1101 167 47 inläggas
506 1099 40 36 af
576 1099 263 38 efterlefvande
868 1103 115 43 make,
1015 1102 193 46 trolofvad,
1240 1105 161 47 släkting
1428 1105 12 34 i
1468 1109 73 31 rätt
1569 1118 96 35 upp-
1695 1106 89 35 eller

182 1153 243 49 nedstigande
466 1154 60 35 led
569 1160 94 30 samt
705 1156 148 48 syskon.
910 1156 85 36 Med
1028 1158 34 34 »i
1092 1157 60 36 det
1182 1156 190 50 offentlige
1401 1157 187 49 Varetegt
1616 1159 166 36 verende

181 1209 73 47 lig»
289 1221 126 22 menas
445 1209 82 44 alla,
559 1221 78 23 som
667 1209 109 35 aflida
803 1211 102 34 inom
934 1213 122 45 någon
1086 1216 137 31 statens
1253 1213 87 34 eller
1368 1212 245 36 kommunens
1634 1214 146 44 anstalt,

180 1274 84 23 vare
293 1263 57 47 sig
378 1261 165 49 fängelse
572 1263 89 35 eller
689 1262 193 49 fattighus,
915 1265 156 46 sjukhus
1096 1278 32 22 o.
1151 1265 34 35 d.
1242 1265 72 35 Till
1335 1265 120 36 denna
1474 1265 308 37 hufvudbestäm-

180 1316 113 35 melse
331 1322 40 29 är
399 1314 129 50 fogadt
557 1321 53 30 ett
638 1317 146 48 tillägg:
821 1322 53 30 att
902 1330 174 35 personer
1104 1320 108 34 också
1240 1320 140 48 kunna
1395 1318 131 48 själfva
1555 1320 118 36 under
1701 1319 81 37 lifs-

180 1369 102 35 tiden
312 1368 175 37 förordna
524 1383 60 22 om
605 1369 298 37 öfverlämnande
924 1370 40 37 af
980 1373 56 34 sin
1057 1372 94 35 döda
1170 1373 128 48 kropp.
1355 1371 197 50 ÅAtskilligt
1572 1380 39 29 är
1630 1387 151 35 gemen-

180 1428 95 30 samt
318 1422 57 36 för
417 1423 104 36 dessa
562 1425 135 34 norska
738 1426 118 46 regler
884 1426 67 34 och
981 1426 43 35 de
1054 1425 40 36 af
1119 1428 230 34 motionären
1379 1427 158 35 citerade
1564 1428 120 35 finska
1712 1428 68 35 och

179 1477 104 35 torde
313 1477 138 49 antyda
480 1477 69 35 den
579 1478 176 49 riktning,
785 1480 13 33 i
826 1479 148 35 hvilken
1003 1481 108 34 också
1138 1482 205 34 revisionen
1367 1483 12 33 i
1399 1479 146 50 Sverige
1564 1482 58 34 väl
1643 1480 56 36 får
1717 1485 61 45 gå;

180 1534 39 32 så
248 1531 71 35 den
346 1532 228 47 geografiska
594 1533 304 47 utsträckningen
918 1532 41 36 af
975 1535 325 35 anatomisalarnas
1320 1534 84 36 kraf
1420 1533 102 38 öfver
1541 1535 82 35 hela
1641 1536 137 44 landet,

180 1587 39 32 så
248 1585 109 35 också
385 1584 274 49 omfattningen
690 1584 40 37 af
747 1586 104 35 dessa
871 1586 92 45 kraf,
986 1600 77 22 som
1084 1589 189 34 innesluta
1291 1588 93 35 både
1405 1587 195 49 fängelser,
1622 1590 157 46 sjukhus

180 1638 68 35 och
288 1637 253 49 fattiggårdar.
599 1639 16 35 I
653 1639 95 35 båda
785 1638 219 37 framträder
1041 1641 108 35 också
1186 1641 69 35 den
1285 1643 203 46 principen,
1520 1647 53 30 att
1603 1643 177 48 anhöriga

179 1698 69 42 äga
290 1697 54 30 att
387 1691 190 37 förhindra
606 1693 70 35 den
706 1693 113 35 dödas
848 1694 240 36 utlämnande
1116 1695 58 35 till
1204 1695 200 36 dissektion
1434 1696 67 35 och
1531 1701 128 44 uttaga
1688 1696 91 36 hans

179 1747 117 47 kropp
340 1748 58 33 till
439 1746 232 49 begrafning.
729 1747 198 48 Principen
968 1749 118 35 finnes
1129 1749 113 35 redan
1284 1749 58 36 för
1370 1750 43 35 de
1441 1750 106 35 flesta
1575 1751 205 47 kategorier

179 1800 194 48 tillämpad
400 1801 13 34 i
441 1798 147 50 Sverige
617 1801 68 35 och
719 1804 116 32 måste
865 1806 90 31 utan
984 1801 127 37 tvifvel
1140 1801 114 38 blifva
1283 1804 156 43 allmän;
1471 1803 60 35 det
1560 1810 40 29 är
1623 1804 82 47 just
1735 1804 44 36 de

179 1854 197 48 anhörigas
405 1855 157 44 känslor,
593 1856 57 33 till
678 1855 125 36 hvilka
830 1855 144 49 hänsyn
1002 1857 13 34 i
1045 1856 125 49 dylika
1199 1855 65 37 fall
1293 1858 67 35 bör
1387 1862 114 43 tagas.
1559 1857 85 37 Men
1672 1860 13 33 i
1715 1872 64 22 en-

179 1908 200 35 skildheter
422 1909 71 35 kan
536 1908 121 36 denna
697 1911 143 46 princip
880 1910 110 35 sedan
1019 1911 129 34 tänkas
1175 1911 142 35 fixerad
1345 1914 47 45 på
1420 1912 96 35 olika
1545 1917 82 39 sätt,
1659 1915 119 33 såsom

178 1962 109 34 också
329 1961 163 49 framgår
534 1961 40 36 af
612 1963 180 35 olikheter
833 1964 135 35 mellan
1005 1963 141 48 Norges
1189 1965 67 34 och
1285 1964 176 36 Finlands
1489 1965 286 37 bestämmelser.

178 2014 303 50 Uppenbarligen
510 2016 71 35 blir
610 2016 126 36 därvid
765 2018 192 47 angeläget
986 2018 30 46 ej
1049 2017 144 36 mindre
1213 2023 53 30 att
1286 2021 46 45 på
1351 2021 113 46 något
1484 2024 71 30 sätt
1574 2019 205 36 bestämma

177 2068 201 49 begreppet
421 2070 166 47 anhörig,
631 2076 46 29 än
720 2071 108 34 också
871 2076 52 30 att
961 2071 83 36 med
1074 2072 170 35 omtanke
1272 2072 179 48 begränsa
1480 2072 70 36 den
1579 2073 65 44 tid,
1674 2075 103 34 inom

177 2123 149 35 hvilken
356 2123 196 48 anhörigas
583 2125 156 46 anspråk
768 2125 101 35 skola
892 2131 106 42 göras
1019 2125 180 47 gällande.
1257 2125 17 36 TI
1295 2127 200 35 allmänhet
1515 2128 114 47 gäller
1648 2132 129 30 natur-

177 2177 125 47 ligtvis
330 2177 13 34 i
373 2176 103 49 fråga
509 2190 60 22 om
599 2177 44 35 de
671 2177 193 45 lärdomar,
896 2191 78 22 som
1003 2179 127 35 kunna
1144 2179 142 35 hämtas
1302 2178 82 37 från
1400 2180 305 48 grannländerna,
1724 2186 53 30 att

178 2230 229 48 vederbörlig
444 2231 145 48 hänsyn
632 2234 115 33 måste
775 2236 103 44 tagas
907 2231 106 37 äfven
1042 2234 58 33 till
1129 2232 43 36 de
1202 2232 256 45 erfarenheter,
1489 2247 78 22 som
1597 2247 86 23 man
1713 2234 65 36 där

177 2285 134 34 vunnit
338 2284 62 36 vid
429 2284 70 36 den
529 2283 159 37 faktiska
720 2286 284 48 tillämpningen
1034 2285 40 36 af
1091 2286 43 36 de
1153 2300 75 35 nya
1247 2285 287 38 föreskrifterna.
1592 2287 72 36 Det
1683 2289 95 35 lärer

177 2338 80 35 icke
284 2351 86 23 vara
399 2339 190 44 uteslutet,
621 2343 53 31 att
703 2338 188 50 därvidlag
923 2340 30 47 ej
978 2340 127 36 enbart
1126 2339 158 37 fördelar
1303 2346 91 31 utan
1414 2340 107 37 äfven
1542 2342 235 48 olägenheter

267 2398 77 32 Bih.
368 2399 52 31 till
444 2398 93 32 Biks.
563 2399 88 31 Prot.
678 2401 95 31 1910.
820 2403 19 28 9
864 2400 101 32 Saml.
1003 2404 20 28 2
1047 2401 79 41 Afd.
1163 2405 21 27 2
1208 2401 110 32 Band.
1345 2405 36 27 17
1405 2402 98 40 Häft.
1712 2403 18 31 5)
