1900 2788
265 144 36 28 14
686 144 285 30 Statsutskottets
997 145 179 29 utlåtande
1201 155 42 19 nr
1273 145 71 31 132.

266 226 256 39 behandlingen
543 227 46 29 ha
612 227 180 30 önskemål
815 228 145 29 uttalats
982 237 57 21 om
1062 230 51 28 att
1134 229 309 39 undersökningen
1464 230 114 29 skulle
1601 230 164 31 forceras.

266 277 93 29 även
389 286 57 20 om
473 277 60 39 jag
558 277 98 31 delar
683 278 114 30 denna
823 278 238 40 uppfattning,
1090 288 104 21 anser
1218 279 59 40 jag
1305 279 87 35 icke,
1420 282 51 28 att
1499 281 58 29 det
1584 281 185 39 föreligger

265 328 115 39 någon
398 328 182 39 möjlighet
598 331 51 27 att
667 329 158 30 förkorta
843 330 200 39 tidsplanen
1062 330 56 30 för
1135 340 43 20 en
1196 331 264 40 undersökning
1477 341 43 21 av
1538 332 68 30 den
1625 333 141 29 omfatt-

266 378 93 39 ning,
383 387 74 21 som
478 379 59 39 jag
556 379 12 29 i
590 380 58 29 det
670 380 207 38 föregående
900 380 167 30 förordat.
1092 381 284 39 Socialstyrelsen
1398 383 253 39 understryker
1671 383 11 29 i
1706 383 59 30 sitt

266 429 181 29 utlåtande
469 431 50 28 att
541 430 68 29 den
630 430 56 29 för
708 431 308 39 undersökningen
1038 432 153 29 utmätta
1213 432 95 29 tiden
1330 432 11 29 i
1364 432 93 30 vissa
1479 433 226 30 hänseenden
1727 434 39 29 är

265 480 69 29 rätt
356 479 136 40 knappt
512 480 169 39 tilltagen.

309 529 52 30 Då
380 530 57 29 det
455 530 148 30 sålunda
622 530 157 30 kommer
797 532 51 28 att
867 531 102 39 dröja
987 533 48 28 ett
1053 532 65 29 och
1138 534 47 28 ett
1204 532 95 30 halvt
1318 533 40 30 år
1376 533 88 30 efter
1483 533 282 30 kommunindel-

265 580 298 39 ningsreformens
585 581 274 39 genomförande
880 581 110 30 innan
1011 591 42 20 en
1076 591 48 30 ny
1145 583 352 41 dyrortsgruppering
1518 584 71 29 kan
1612 584 71 34 ske,
1706 584 59 30 ak-

265 631 186 29 tualiseras
471 631 66 30 den
557 631 58 30 vid
638 631 83 30 1950
743 631 56 30 års
820 632 144 40 riksdag
983 632 149 30 berörda
1152 633 124 39 frågan
1297 642 56 21 om
1376 634 41 29 de
1438 634 222 30 omedelbara
1681 634 85 30 kon-

266 681 187 30 sekvenser
475 681 11 30 i
510 682 442 39 grupperingshänseende,
978 692 75 20 som
1076 684 155 29 nämnda
1255 684 132 29 reform
1411 684 70 29 kan
1504 684 171 30 medföra.
1700 684 64 30 Vid

264 731 233 30 utverkandet
519 741 42 20 av
582 731 279 40 bemyndigande
883 734 52 28 att
957 732 149 31 tillkalla
1129 734 172 30 särskilda
1325 734 222 39 sakkunniga
1570 734 57 30 för
1649 735 116 29 utred-

265 782 84 39 ning
365 782 149 30 rörande
531 782 223 40 principerna
771 783 55 30 för
844 783 398 40 dyrortsgrupperingen
1261 784 67 30 den
1348 785 38 29 21
1407 785 88 39 april
1515 785 85 30 1950
1618 785 147 30 anförde

265 832 68 39 jag,
359 833 51 29 att
435 833 56 29 det
515 833 57 29 vid
597 842 44 20 en
666 833 130 30 allmän
821 833 207 40 förändring
1053 843 43 21 av
1121 834 398 40 kommunindelningen
1543 835 79 30 icke
1647 835 118 30 kunde

265 883 143 29 komma
432 883 111 39 ifråga
569 884 52 29 att
646 883 157 40 tillämpa
828 884 119 39 regeln
972 886 50 28 att
1047 894 85 20 man
1156 885 57 30 vid
1239 885 207 39 förändring
1470 895 42 20 av
1539 895 44 20 en
1609 887 72 28 orts
1707 886 59 29 ad-

264 933 236 30 ministrativa
523 934 168 39 ställning
714 941 122 31 genom
859 934 270 40 inkorporering
1151 935 79 30 med
1253 936 112 29 större
1389 937 53 28 ort
1465 936 114 29 skulle
1604 936 71 31 låta
1698 936 66 30 den

265 984 55 29 för
342 984 68 29 den
433 984 109 29 större
564 985 101 28 orten
685 984 183 30 bestämda
891 985 300 40 dyrortsgruppen
1215 985 90 39 gälla
1328 986 56 30 för
1407 986 78 29 hela
1508 986 169 30 området.
1700 986 65 39 Jag

264 1034 167 29 framhöll
448 1034 127 34 vidare,
595 1035 51 28 att
663 1043 82 21 man
761 1034 11 29 i
788 1034 138 41 princip
943 1035 89 30 hade
1050 1037 51 28 att
1119 1035 93 40 välja
1230 1036 129 29 mellan
1377 1038 52 28 tre
1446 1036 93 30 olika
1558 1036 207 40 förfarings-

264 1085 69 29 sätt
351 1084 59 30 vid
429 1085 288 38 genomförandet
735 1094 42 21 av
795 1085 191 39 ändringar
1003 1085 12 30 i
1035 1085 398 41 dyrortsgrupperingen
1454 1086 79 30 med
1553 1086 140 40 hänsyn
1711 1086 54 30 till

263 1134 561 40 kommunindelningsreformen.
847 1135 66 30 Det
935 1136 111 30 första
1068 1136 221 30 alternativet
1310 1154 46 3 —
1377 1136 187 30 utförande
1587 1146 44 21 av
1654 1146 42 20 en
1718 1145 47 31 ny

263 1185 407 40 dyrortsundersökning
691 1194 74 21 som
784 1185 172 40 underlag
974 1185 55 31 för
1050 1195 44 21 en
1115 1186 130 30 allmän
1267 1187 271 39 omgruppering
1560 1196 44 21 av
1624 1188 140 29 orterna

263 1236 80 29 med
363 1236 132 29 verkan
515 1236 81 30 från
617 1236 68 30 den
704 1245 68 30 nya
791 1236 418 40 kommunindelningens
1229 1237 282 30 ikraftträdande
1531 1255 46 4 —-
1598 1237 87 30 fann
1704 1237 61 40 jag

263 1295 83 21 vara
364 1287 167 29 uteslutet
548 1287 110 29 redan
676 1296 42 21 av
735 1286 159 30 tidsskäl.
915 1287 120 30 Såsom
1055 1289 49 28 ett
1124 1288 109 29 andra
1252 1288 187 30 alternativ
1457 1288 166 30 anvisade
1642 1287 60 40 jag
1721 1297 44 20 en

263 1336 313 40 sammanvägning
598 1345 44 22 av
661 1337 42 29 de
723 1337 55 30 för
798 1337 197 40 respektive
1016 1337 211 30 kommuner
1248 1346 48 21 nu
1320 1338 158 39 gällande
1501 1338 262 40 kronbeloppen

263 1387 79 30 med
370 1387 196 30 beaktande
595 1396 44 22 av
666 1387 261 40 folkmängden.
958 1387 122 31 Denna
1109 1389 106 38 utväg
1241 1388 110 39 ansåg
1377 1388 60 40 jag
1466 1388 194 30 emellertid
1687 1388 76 30 icke

263 1437 84 30 böra
363 1437 259 40 ifrågakomma
640 1438 79 29 med
737 1438 138 39 hänsyn
892 1438 54 30 till
963 1439 51 29 att
1032 1438 205 30 densamma
1256 1439 114 29 skulle
1388 1439 121 30 kunna
1527 1439 46 39 på
1593 1439 170 39 grundval

263 1497 42 21 av
327 1489 50 28 ett
401 1488 170 30 föråldrat
593 1488 236 40 prismaterial
851 1488 182 30 föranleda
1056 1488 238 40 nedflyttning
1316 1488 53 30 till
1393 1489 93 39 lägre
1510 1490 188 39 ortsgrupp
1722 1498 42 21 av

262 1538 148 39 tidigare
432 1538 253 40 självständiga
706 1538 220 30 kommuner.

306 1588 49 31 Ur
374 1588 96 31 såväl
489 1589 190 30 teoretiska
699 1598 74 21 som
792 1588 186 40 praktiska
998 1589 219 40 synpunkter
1236 1589 88 30 fann
1342 1589 61 40 jag
1424 1590 56 29 det
1501 1590 91 30 enda
1612 1590 152 30 försvar-

262 1639 85 30 bara
369 1648 85 21 vara
475 1641 50 28 att
547 1639 72 30 låta
643 1639 158 39 gällande
824 1639 355 40 dyrortsgruppering
1201 1640 231 40 provisoriskt
1455 1640 193 30 bibehållas
1672 1640 11 29 i
1708 1649 56 21 av-

265 1690 129 30 vaktan
415 1690 45 39 på
481 1690 66 30 den
569 1690 180 29 allmänna
770 1690 274 40 omgruppering
1066 1699 77 21 som
1164 1690 117 30 kunde
1303 1690 90 39 följa
1414 1699 42 22 av
1477 1700 43 20 en
1541 1699 48 31 ny
1610 1691 154 39 dyrorts-

263 1740 273 39 undersökning.

307 1790 76 30 Den
405 1790 190 39 utredning
621 1791 148 29 rörande
793 1790 225 40 principerna
1042 1790 55 30 för
1124 1800 43 20 en
1192 1790 96 40 dylik
1312 1791 274 39 undersökning,
1613 1799 76 22 som
1715 1799 47 21 nu

264 1841 172 34 slutförts,
463 1841 64 29 har
551 1841 78 29 icke
656 1841 165 29 föranlett
848 1841 72 39 mig
946 1842 50 29 att
1021 1841 121 39 intaga
1168 1851 42 20 en
1236 1841 135 30 ändrad
1398 1841 219 40 ståndpunkt
1644 1841 120 30 härut-

262 1891 121 30 innan.
411 1891 164 30 Tvärtom
602 1891 47 29 ha
676 1891 41 30 de
743 1891 254 40 upplysningar
1023 1891 151 30 rörande
1202 1891 242 40 spännvidden
1469 1892 11 29 i
1508 1892 68 30 den
1603 1891 160 31 enskilda

263 1941 355 30 arbetsmarknadens
646 1941 245 39 lönesättning,
919 1951 75 20 som
1020 1942 153 29 lämnats
1198 1942 11 29 i
1236 1942 152 34 ärendet,
1416 1942 114 39 styrkt
1555 1942 72 39 mig
1651 1942 12 29 i
1689 1942 74 30 min

264 1992 236 40 uppfattning,
524 1993 51 28 att
599 1992 109 38 några
732 1992 172 39 generella
927 1992 161 39 åtgärder
1110 1992 78 30 icke
1210 1992 84 30 böra
1318 1992 117 30 såsom
1457 1994 48 28 ett
1528 1992 234 40 provisorium

262 2042 223 40 genomföras
503 2042 11 29 i
533 2042 176 30 avvaktan
727 2042 44 40 på
788 2042 184 30 resultatet
988 2051 45 22 av
1051 2042 68 30 den
1139 2052 42 20 av
1200 2042 70 39 mig
1288 2043 186 30 förordade
1494 2043 269 39 dyrortsunder-

262 2093 206 39 sökningen.

306 2143 79 30 Med
407 2143 189 39 anledning
617 2152 43 20 av
680 2143 66 30 vad
769 2151 76 21 som
866 2143 160 29 förekom
1047 2143 59 30 vid
1128 2143 257 39 behandlingen
1406 2143 56 30 vid
1487 2143 84 30 1950
1594 2143 57 30 års
1674 2143 88 30 riks-

263 2194 66 39 dag
352 2202 43 22 av
418 2194 108 39 några
548 2193 11 29 i
585 2194 119 29 ämnet
727 2193 125 30 väckta
876 2193 172 29 motioner
1072 2193 65 30 har
1161 2193 95 29 inom
1281 2193 359 40 civildepartementet
1664 2194 98 30 verk-

262 2244 113 30 ställts
397 2253 43 20 en
460 2243 264 39 undersökning
744 2253 42 20 av
806 2243 570 39 kommunindelningsreformens
1398 2244 212 39 verkningar
1632 2245 12 29 i
1666 2253 95 22 avse-

262 2295 86 29 ende
371 2294 21 30 å
414 2294 407 40 dyrortsgrupperingen.
846 2294 68 29 För
937 2294 220 29 närvarande
1180 2294 117 29 finnas
1320 2294 132 29 inemot
1476 2294 41 30 30
1540 2295 220 34 kommuner,

262 2355 75 20 som
358 2345 100 30 bestå
479 2354 41 20 av
541 2344 107 35 delar,
670 2344 93 30 vilka
783 2344 58 30 vid
862 2353 49 20 nu
933 2344 159 39 gällande
1114 2344 292 40 lönegruppering
1428 2345 162 30 hänförts
1612 2345 54 30 till
1688 2355 74 20 mer

261 2397 44 29 än
323 2405 43 20 en
385 2397 197 38 ortsgrupp.
601 2395 99 29 Efter
719 2395 65 29 den
802 2403 70 30 nya
889 2394 416 39 kommunindelningens
1326 2395 273 39 genomförande
1618 2396 143 30 komma

262 2446 163 39 omkring
444 2445 62 31 200
525 2446 84 29 eller
631 2445 63 34 19,3
712 2447 143 34 procent
874 2454 43 20 av
935 2445 108 29 rikets
1063 2444 210 30 kommuner
1291 2447 52 29 att
1360 2445 99 30 bestå
1478 2455 42 21 av
1540 2446 107 35 delar,
1668 2446 93 30 vilka
