1940 2808
100 242 141 25 Utskottets

104 278 130 28 yttrande.

72 2081 192 31 Förstärkning

92 2126 30 16 av
140 2117 117 31 anslaget

98 2152 44 25 till
161 2152 92 31 Grips-

89 2188 83 24 holms
189 2187 70 25 slott.

133 2226 76 41 [10.]

334 156 19 28 6
722 153 293 32 Statsutskottets
1047 152 188 32 utlåtande
1267 152 52 32 Nr
1346 153 25 29 1.

335 234 171 32 Utskottet
541 234 53 30 får
629 233 115 30 erinra
777 242 56 21 om
867 233 62 34 att,
964 231 43 31 då
1041 231 99 36 fråga
1167 231 149 36 tidigare
1339 232 92 30 varit
1454 241 54 20 om
1532 233 107 29 större
1662 240 132 30 repara-

289 287 110 30 tioner
432 286 84 31 eller
550 284 257 37 tillbyggnader
831 294 44 20 m.
899 294 45 20 m.
969 284 60 30 vid
1053 284 40 30 de
1116 284 120 35 kungl.
1263 283 193 31 lustslotten
1480 283 61 31 och
1565 283 140 32 därmed
1729 282 65 36 för-

289 338 106 31 enade
429 337 249 37 kungsgårdar,
702 336 54 30 för
790 336 196 30 ändamålet
1017 335 226 36 erforderliga
1265 335 109 31 medel
1398 335 182 35 upplånats
1603 335 62 30 och
1686 334 108 31 seder-

288 400 96 21 mera
407 390 201 30 amorterats
631 389 63 30 och
717 388 187 31 förräntats
927 387 77 31 med
1032 387 179 32 anlitande
1237 397 43 20 av
1303 386 300 32 överskottsmedel
1627 386 79 31 från
1728 386 66 33 den

288 453 26 20 s.
339 443 31 30 k.
395 441 328 38 Djurgårdskassan.
759 440 46 32 Så
829 450 62 21 var
914 440 208 36 exempelvis
1146 439 240 36 förhållandet,
1410 439 44 31 då
1477 439 84 31 1916
1582 440 57 30 års
1655 439 139 35 riksdag

288 495 158 36 medgav,
458 496 52 29 att
521 495 49 29 ett
582 493 121 36 belopp
716 503 44 20 av
774 493 139 35 296,000
928 492 126 30 kronor
1067 492 90 36 finge
1168 492 169 35 upplånas
1353 492 53 30 för
1418 491 183 31 utförande
1612 502 44 20 av
1670 493 125 30 restau-

289 546 273 36 reringsarbeten
586 545 59 31 vid
680 544 196 32 Ulriksdals
899 544 81 31 slott
995 546 161 28 ävensom
1173 543 43 31 då
1231 543 229 36 medgivande
1482 553 44 20 av
1551 543 182 36 riksdagen
1755 544 40 29 år

291 599 83 30 1918
400 598 176 31 lämnades
599 597 56 31 till
683 598 50 30 att
755 598 48 29 ett
826 596 121 36 belopp
973 606 45 20 av
1047 596 138 35 100,000
1210 595 125 31 kronor
1359 596 90 35 finge
1472 595 168 36 upplånas
1663 595 53 30 för
1737 604 59 21 an-

288 650 178 32 skaffande
499 661 44 20 av
578 649 163 32 elektrisk
775 649 94 31 kraft
897 648 54 31 till
977 648 301 36 Drottningholms
1301 648 306 31 elektricitetsverk
1630 649 90 30 samt
1743 647 53 31 för

288 703 221 32 anordnande
532 713 44 20 av
600 702 163 32 elektrisk
787 702 183 36 belysning
994 702 11 30 i
1031 702 91 30 vissa
1144 701 56 31 till
1225 701 205 34 Ulriksdals,
1454 701 100 36 Haga
1575 701 60 30 och
1653 701 143 31 Ströms-

290 757 111 30 holms
424 756 81 30 slott
528 755 152 31 hörande
704 755 196 35 lägenheter
923 754 63 30 och
1011 753 206 37 byggnader.

332 808 64 31 Att
430 809 110 29 såsom
564 817 48 20 nu
636 807 230 35 ifrågasättes,
891 815 121 27 genom
1035 805 120 36 anslag
1178 807 18 28 å
1225 805 181 30 riksstaten
1431 805 99 30 täcka
1552 805 202 30 annuiteten
1775 806 22 28 å

289 860 227 31 omförmälda
561 870 44 20 av
653 858 414 31 riksmarskalksämbetet
1111 859 173 34 upptagna
1332 857 93 31 lånet
1467 858 21 29 å
1520 857 116 35 60,000
1672 857 125 31 kronor

290 914 52 30 för
377 912 219 37 tillbyggnad
631 912 54 31 till
724 911 211 36 ladugården
970 921 44 20 m.
1040 921 44 20 m.
1109 908 121 43 isynes,
1264 910 220 31 alldenstund
1508 910 150 30 nämnda
1695 909 103 36 bygg-

290 966 96 30 nads-
428 965 62 30 och
533 964 141 31 därmed
720 964 341 35 sammanhängande
1096 962 202 31 låneärende
1337 963 31 36 ej
1405 962 222 31 underställts
1670 962 128 31 riksda-

290 1026 82 27 gens
406 1018 182 35 prövning,
613 1017 74 30 icke
720 1016 82 30 böra
830 1016 262 35 ifrågakomma.
1148 1015 162 30 Däremot
1337 1015 90 30 lärer
1455 1015 105 34 något
1591 1014 123 30 hinder
1745 1014 53 30 för

290 1071 50 29 att
374 1071 88 28 även
497 1070 11 28 i
541 1068 92 31 detta
665 1068 63 30 fall
753 1068 179 35 disponera
955 1066 301 32 överskottsmedel
1281 1066 78 30 från
1383 1065 318 36 Djurgårdskassan
1724 1065 74 30 icke

290 1121 179 36 föreligga,
493 1120 44 31 då
561 1120 124 31 kassan
710 1120 68 30 kan
802 1120 168 30 beräknas
994 1119 138 30 komma
1155 1120 52 29 att
1234 1118 108 31 under
1366 1118 40 31 de
1430 1119 173 29 närmaste
1625 1119 82 29 åren
1731 1117 68 31 till-

291 1174 90 30 föras
415 1173 188 31 inkomster
639 1173 10 30 i
686 1172 105 31 sådan
815 1172 210 36 omfattning
1059 1173 52 29 att
1144 1171 41 31 de
1220 1171 100 31 täcka
1343 1171 41 30 de
1407 1171 154 35 utgifter,
1586 1180 71 21 som
1681 1170 118 30 kunna

290 1227 138 30 komma
451 1228 52 28 att
525 1226 95 30 åvila
643 1226 123 30 kassan
793 1234 120 27 genom
938 1223 266 37 ifrågavarande
1226 1223 204 36 anordning.

335 1279 68 30 Vid
428 1278 122 30 sådant
573 1277 216 31 förhållande
813 1278 60 29 bör
897 1276 410 35 förstärkningsanslaget
1332 1276 53 29 till
1404 1274 300 36 Drottningholms
1719 1274 80 30 slott

292 1331 119 30 kunna
434 1329 191 32 bibehållas
649 1330 57 30 vid
736 1330 116 34 50,000
877 1329 134 30 kronor.

337 1382 172 31 Utskottet
534 1382 208 35 hemställer,

737 1462 48 28 att
812 1459 183 36 riksdagen
1019 1469 55 20 ma

735 1514 33 35 a)
805 1512 9 29 i
850 1511 109 30 likhet
992 1511 76 30 med
1107 1511 64 30 vad
1200 1520 70 20 som
1300 1510 52 29 för
1379 1509 231 31 innevarande
1636 1509 164 36 budgetår

694 1566 58 34 ägt
788 1573 86 25 rum,
911 1564 56 30 till
998 1563 243 36 förstärkning
1263 1572 44 21 av
1331 1562 161 36 anslaget
1517 1561 56 31 till
1596 1560 204 38 Drottning-

694 1616 116 32 holms
836 1616 87 31 slott
946 1616 53 30 för
1024 1615 201 36 budgetåret
1252 1614 81 31 1926
1353 1614 111 30 —1927
1489 1614 121 30 anvisa
1633 1615 48 29 ett
1704 1615 94 30 extra

694 1669 122 35 anslag
839 1678 44 21 av
908 1668 116 36 50,000
1050 1668 135 35 kronor,

738 1721 34 37 b)
803 1721 172 35 medgiva,
998 1722 51 29 att
1072 1731 44 20 av
1140 1719 337 37 Djurgårdskassans
1500 1716 299 33 överskottsmedel

694 1773 134 35 årligen
852 1774 57 28 må
932 1774 97 34 tagas
1053 1772 12 30 i
1088 1772 149 36 anspråk
1262 1771 100 36 högst
1385 1771 95 34 7,500
1504 1771 127 30 kronor
1654 1770 53 31 för
1730 1770 70 36 gäl-

695 1824 111 31 dande
829 1824 109 31 under
960 1824 201 35 erforderlig
1185 1823 50 31 tid
1259 1833 43 20 av
1325 1823 202 30 annuiteten
1549 1824 22 29 å
1593 1824 48 29 ett
1656 1832 44 21 av
1717 1822 83 31 riks-

696 1877 341 30 marskalksämbetet
1061 1877 42 35 på
1127 1875 112 37 grund
1252 1885 43 21 av
1312 1875 119 36 kungl.
1449 1875 83 30 brev
1547 1874 66 31 den
1629 1875 19 30 6
1661 1874 140 31 oktober

696 1929 84 30 1925
796 1931 163 34 upptaget
976 1929 58 30 lån
1047 1930 20 29 å
1080 1929 117 35 60,000
1211 1928 126 30 kronor
1350 1928 53 29 för
1416 1927 219 36 tillbyggnad
1648 1937 44 20 av
1707 1927 93 31 ladun-

695 1981 126 35 gården
847 1981 56 30 vid
930 1981 300 36 Drottningholms
1252 1979 199 36 kungsgård
1477 1989 44 20 m.
1546 1989 43 20 m.

339 2078 84 37 10:o)
459 2077 132 36 Kungl.
626 2077 101 36 Maj:t
762 2077 63 30 har
854 2076 177 36 föreslagit
1054 2076 183 35 riksdagen
1261 2074 123 37 (punkt
1409 2075 53 37 10)
1485 2076 51 28 att
1559 2074 55 30 till
1639 2075 161 30 förstärk-

296 2130 84 35 ning
414 2140 44 20 av
493 2129 153 36 anslaget
679 2128 56 32 till
770 2128 214 36 Gripsholms
1019 2128 79 30 slott
1135 2127 52 31 för
1215 2127 201 35 budgetåret
1444 2126 211 30 1926—1927
1679 2127 120 30 anvisa

295 2183 49 30 ett
366 2183 96 30 extra
484 2180 121 38 anslag
628 2192 45 20 av
697 2181 95 36 3,000
816 2181 134 30 kronor.

342 2269 235 36 Utredningen
603 2270 11 29 i
638 2268 140 31 ärendet
801 2268 227 30 förekommer
1051 2269 8 28 i
1086 2266 367 36 statsrådsprotokollet
1477 2266 62 30 sid.
1570 2267 133 29 16-—19.

341 2356 377 36 Departementschefen
743 2356 64 29 har
832 2356 9 29 i
865 2355 140 31 ärendet
1028 2355 115 30 anfört
1167 2353 166 37 följande:

343 2407 84 31 »Det
458 2407 177 32 ordinarie
658 2407 159 36 anslaget
841 2406 59 31 till
923 2406 218 36 Gripsholms
1165 2405 84 31 slott
1265 2407 40 28 är
1321 2405 13 30 i
1351 2405 110 30 behov
1486 2414 44 20 av
1555 2404 245 36 förstärkning

296 2459 135 36 jämväl
457 2459 53 30 för
532 2458 208 36 budgetåret
768 2458 224 31 1926—1927.
1038 2457 305 35 Förstärkningen
1366 2455 108 36 torde,
1498 2456 114 30 såsom
1637 2455 164 31 riksmar-
