2196 2628
679 230 111 35 Första
816 233 220 42 lagutskottets
1062 231 163 35 utlåtande
1251 234 47 31 Nr
1322 232 28 32 4.
1783 235 15 29 7

210 322 56 24 om
311 306 130 51 lagens
482 310 217 36 nuvarande
742 309 231 50 ordalydelse
1003 311 119 36 finnes
1155 311 110 47 lägga
1308 310 132 37 hinder
1469 310 12 35 i
1520 316 119 42 vägen
1668 310 56 37 för
1752 323 46 24 en

207 364 121 36 tidens
358 364 339 36 rättsmedvetande
727 365 261 35 motsvarande
1018 365 205 47 skärpning
1250 365 14 35 i
1292 364 261 47 fordringarna
1581 367 46 45 på
1649 364 149 49 djurens

207 418 240 47 behandling.
504 417 132 36 Redan
665 430 45 23 av
740 419 100 35 detta
869 418 82 37 skäl
980 419 68 36 och
1078 420 83 34 med
1186 420 145 47 hänsyn
1359 418 58 37 till
1444 419 62 35 det
1529 419 94 47 läge,
1649 418 14 36 i
1683 419 118 35 vilket

207 472 130 47 frågan
379 484 133 35 genom
546 471 220 48 riksdagens
795 473 115 35 redan
939 476 114 44 tagna
1082 472 160 37 initiativ
1272 472 166 40 kommit,
1470 472 119 37 finner
1618 472 182 37 utskottet

208 525 57 47 sig
292 526 207 35 förhindrat
527 524 188 48 tillstyrka
744 525 104 36 bifall
877 525 57 36 till
964 526 199 37 motionen.

313 579 193 37 Utskottet
529 579 122 36 finner
679 579 56 47 sig
764 585 93 31 även
887 580 88 36 böra
1004 580 145 45 betona,
1180 583 53 33 att
1264 581 44 35 de
1338 580 191 36 önskemål
1550 592 56 24 om
1630 583 52 33 ett
1699 592 98 24 mera

209 634 227 35 omfattande
465 633 150 48 uttryck
630 634 56 35 för
705 633 203 48 begreppet
929 633 237 49 djurplågeri,
1189 646 89 33 som,
1301 633 118 48 enligt
1439 635 71 36 vad
1530 646 89 36 nyss
1637 637 159 41 nämnts,

208 687 107 37 blivit
357 700 45 23 av
444 687 201 47 riksdagen
688 687 211 45 framförda,
943 688 205 47 ingalunda
1187 689 77 35 lära
1298 688 179 36 innebära
1507 691 53 33 ett
1588 688 210 36 underkän-

208 741 121 36 nande
374 754 44 23 av
460 741 230 48 lagligheten
727 742 12 35 i
783 742 71 35 den
897 742 143 47 ganska
1082 743 227 36 vidsträckta
1346 741 173 48 tolkning
1553 754 45 24 av
1626 743 173 47 gällande

209 795 163 47 ordalag,
417 807 75 24 som
536 796 286 46 mångenstädes
866 795 245 44 förekommit,
1155 800 90 32 utan
1286 808 150 24 snarare
1472 808 87 24 avse
1585 799 55 33 att
1667 799 131 44 utgöra

208 852 53 33 ett
303 850 82 35 stöd
415 850 54 35 för
498 850 199 35 tendenser
725 848 12 37 i
768 849 121 36 denna
918 849 178 47 riktning.
1155 850 163 36 Sålunda
1349 862 107 23 anses
1482 849 43 50 ju
1555 849 66 37 allt
1649 850 148 36 allmän-

207 915 101 32 nare,
345 907 53 32 att
425 902 83 37 icke
538 902 93 37 blott
661 903 82 44 den,
773 915 75 24 som
880 903 194 48 avsiktligt
1103 905 138 46 plågar,
1271 907 92 32 utan
1388 903 141 48 jämväl
1550 904 82 43 den,
1656 916 75 24 som
1754 916 46 24 av

206 956 211 49 liknöjdhet
446 956 89 36 eller
565 968 134 35 genom
730 957 164 36 vanvård
911 957 163 47 tillfogar
1097 957 132 49 djuren
1244 957 161 44 lidande,
1430 963 39 30 är
1489 957 172 36 straffbar
1681 957 119 47 enligt

208 1011 173 46 gällande
410 1014 83 33 rätt.
550 1010 134 36 Denna
704 1011 242 47 uppfattning
966 1011 67 36 har
1048 1010 140 49 jämväl
1207 1011 203 47 riksdagen
1431 1012 12 34 i
1463 1023 46 24 en
1539 1014 40 32 år
1611 1014 99 33 1915
1741 1012 57 35 till

208 1065 138 46 Kungl.
377 1064 108 48 Maj:t
514 1063 148 37 avlåten
691 1064 180 37 skrivelse
902 1065 56 46 (nr
989 1065 88 48 208)
1107 1065 94 36 visat
1230 1065 56 47 sig
1317 1065 93 36 dela.
1467 1066 85 35 Vad
1576 1078 51 23 nu
1649 1065 151 36 särskilt

208 1121 115 44 angår
357 1119 64 35 det
453 1131 46 22 av
529 1118 227 37 motionären
785 1119 173 46 påtalade
987 1122 112 33 sättet
1127 1120 55 35 för
1209 1119 263 36 bisamhillens
1502 1119 205 47 skattning,
1733 1120 68 34 har

207 1172 97 36 inom
335 1171 183 37 utskottet
547 1172 72 36 den
648 1172 241 47 uppfattning
918 1172 97 49 gjort
1044 1172 57 47 sig
1130 1173 183 47 gällande,
1346 1176 54 33 att
1420 1173 72 36 den
1514 1185 88 31 som,
1626 1173 93 36 efter
1738 1174 62 34 det

207 1225 87 36 bina
337 1238 132 35 genom
513 1226 220 47 svavlingen
774 1226 191 43 bedövats,
1001 1231 132 42 gräver
1160 1227 72 35 ned
1263 1227 81 35 dem
1374 1226 13 36 i
1412 1226 133 49 jorden
1574 1227 90 35 eller
1693 1226 108 49 eljest

209 1279 231 37 överlämnar
460 1279 80 36 dem
564 1282 37 33 åt
616 1292 46 23 en
677 1280 167 47 långsam
862 1280 84 43 död,
964 1285 66 41 gör
1046 1280 56 45 sig
1119 1279 148 49 skyldig
1284 1281 56 35 till
1357 1280 188 36 straffbart
1561 1280 236 49 djurplågeri.

314 1334 75 35 Det
430 1333 162 46 framgår
634 1345 43 23 av
721 1334 71 35 vad
826 1333 182 37 utskottet
1037 1334 155 35 sålunda
1220 1337 127 44 yttrat,
1380 1337 54 33 att
1462 1336 113 44 något
1603 1334 121 37 behov
1754 1347 45 22 av

212 1400 47 23 en
304 1387 334 46 srafflagsändring
675 1386 13 36 i
719 1388 73 35 den
822 1399 45 23 av
897 1387 230 36 motionären
1157 1388 212 46 föreslagna
1396 1387 219 48 riktningen
1645 1387 32 49 ej
1708 1388 92 35 före-

208 1441 130 36 finnes.
397 1440 189 36 Utskottet
628 1446 40 30 är
703 1441 55 36 för
791 1441 121 47 övrigt
946 1453 86 24 ense
1068 1442 82 34 med
1184 1441 230 37 motionären
1448 1442 137 44 därom,
1617 1444 55 34 att
1700 1446 99 32 över-

208 1495 127 35 huvud
364 1494 85 36 hela
479 1495 71 35 den
579 1494 124 36 metod
732 1494 55 37 för
816 1494 194 48 skattning
1040 1507 44 23 av
1113 1494 256 45 bisamhällen,
1400 1507 76 24 som
1507 1495 142 36 medför
1669 1495 131 36 bisam-

208 1548 133 36 hällets
384 1548 206 44 utrotande,
636 1553 40 30 är
715 1548 13 36 i
770 1548 405 37 nationalekonomiskt
1222 1550 212 35 hänseende
1464 1549 207 47 förkastlig.
1728 1550 73 35 Till

210 1603 82 35 dess
333 1602 256 47 bekämpande
623 1602 96 35 lärer
755 1614 83 24 man
876 1603 95 36 dock
1000 1603 232 46 väsentligen
1274 1603 89 36 böra
1392 1603 66 36 lita
1487 1603 58 35 till
1573 1606 53 33 ett
1653 1603 148 36 fortsatt

208 1655 375 48 upplysningsarbete
627 1668 46 23 av
716 1657 70 34 den
830 1660 66 41 art,
941 1669 76 23 som
1058 1678 46 4 —
1135 1659 46 44 på
1224 1660 73 32 sätt
1340 1669 44 23 av
1428 1657 45 35 de
1516 1657 62 36 vid
1613 1657 186 36 motionen

208 1710 134 46 fogade
383 1709 143 46 bilagor
565 1710 162 46 framgår
756 1730 46 6 —
840 1710 112 35 sedan
984 1711 108 45 länge
1126 1710 66 35 och
1223 1711 82 35 med
1335 1710 190 48 betydliga
1552 1711 157 36 resultat
1743 1710 57 36 be-

211 1762 129 37 drivits
364 1775 46 23 av
438 1762 226 36 biskötselns
694 1764 188 35 målsmän.

314 1817 52 35 På
391 1817 121 46 grund
542 1828 44 24 av
617 1816 70 36 vad
717 1817 154 36 sålunda
902 1817 150 44 anförts,
1085 1817 53 35 får
1167 1817 181 36 utskottet
1378 1818 205 44 hemstiälla,

742 1927 53 33 att
823 1924 284 47 ifrågavarande
1138 1925 136 36 motion
1303 1925 83 36 icke
1416 1929 57 32 må
1494 1926 56 36 till
1569 1928 123 45 någon
1707 1925 92 37 riks-

637 1978 139 47 dagens
807 1979 132 46 åtgärd
967 1978 201 36 föranleda.

316 2084 212 38 Stockholm
560 2086 71 36 den
665 2088 44 32 10
742 2086 157 35 februari
936 2088 111 33 1920.

662 2193 47 36 På
742 2193 111 36 första
884 2192 261 47 lagutskottets
1177 2196 152 43 vägnar:

740 2300 166 37 JAKOB
936 2299 328 37 PETTERSSON.

816 2405 180 7 An
1128 2404 44 7 se
