1922 2832
261 146 41 31 10
737 148 229 29 Statsutskottets
988 149 147 27 utlåtande
1157 149 49 28 Nr
1230 151 47 27 98.

316 221 67 31 För
405 221 309 31 länsarkitekterna
736 221 89 31 hava
848 222 92 30 såväl
962 221 11 31 i
997 222 367 41 utredningsförslaget
1387 233 73 20 som
1484 222 11 31 i
1511 222 253 41 promemorian

259 271 196 42 föreslagits
479 271 148 32 arvoden
651 273 18 29 å
694 272 114 37 14,000
830 272 133 31 kronor.
992 272 388 41 Departementschefen
1403 272 61 31 har
1479 291 41 3 —
1536 272 77 31 med
1629 273 135 41 hänsyn

259 322 126 42 jämväl
411 322 53 31 till
487 324 51 29 att
561 322 57 31 det
640 334 47 19 nu
710 324 152 30 närmast
883 323 107 40 gäller
1013 334 42 20 en
1078 323 281 41 anställningstid
1382 334 40 20 av
1446 322 122 32 endast
1590 325 51 29 tre
1665 325 37 29 år
1723 342 41 3 —

260 374 115 30 ansett
401 373 53 40 sig
476 372 84 32 böra
583 373 134 31 ansluta
741 372 52 41 sig
815 372 52 31 till
890 372 66 31 den
980 373 147 40 mening,
1152 384 73 20 som
1249 373 188 31 företrädes
1461 384 49 26 av,
1527 373 103 31 bland
1647 374 115 36 andra,

261 423 170 31 allmänna
465 423 351 41 civilförvaltningens
849 423 216 37 lönenämnd,
1101 423 63 31 och
1191 423 153 32 förordat
1367 425 48 30 ett
1437 423 126 32 arvode
1586 435 39 20 av
1650 424 114 38 12,000

257 473 136 32 kronor.

314 523 125 32 Vidare
464 524 110 31 skulle
597 524 11 30 i
631 524 93 41 fråga
747 535 55 20 om
826 524 254 31 resekostnads-
1103 524 63 31 och
1190 524 418 42 traktamentsersättning
1624 524 140 32 särskilt

260 573 413 43 besparingsreglemente
697 574 153 31 utfärdas
873 575 52 30 för
946 574 335 42 befattningshavare
1304 575 58 31 vid
1383 575 380 32 länsarkitektsinstitu-

257 624 128 32 tionen.

312 674 389 42 Departementschefen
735 674 197 42 tillstyrker,
967 676 50 30 att
1051 686 41 20 en
1125 675 203 32 biträdande
1361 675 225 32 länsarkitekt
1608 675 154 42 placeras

264 725 12 31 1
310 725 280 32 residensstaden
624 725 11 31 i
667 726 93 40 varje
789 725 121 32 sådant
942 725 65 38 län,
1043 725 61 32 där
1128 726 225 31 länsarkitekt
1378 726 72 31 icke
1481 728 37 29 är
1540 726 221 32 stationerad.

261 775 70 32 För
353 775 101 32 dessa
476 775 347 42 befattningshavare,
846 776 107 31 vilkas
973 776 101 38 antal,
1099 776 108 32 under
1229 776 247 41 förutsättning
1498 788 40 19 av
1561 778 50 29 att
1633 777 129 31 antalet

256 825 264 32 länsarkitekter
542 826 207 31 bestämmes
773 826 53 31 till
848 826 137 41 fjorton,
1006 827 195 41 föreslagits
1225 827 96 31 skola
1343 827 91 31 bliva
1456 827 59 37 tio,
1539 827 156 31 förordas
1719 838 42 20 en

255 876 174 41 placering
462 878 19 29 å
515 879 93 29 extra
642 879 67 29 stat
743 877 11 31 i
787 877 207 41 lönegraden
1019 877 26 31 B
1065 878 48 31 24.
1159 877 68 31 För
1250 877 42 32 de
1314 877 205 32 biträdande
1541 877 221 32 länsarkitek-

259 929 99 29 terna
387 927 110 31 skulle
520 927 12 31 i
555 927 203 41 tillämpliga
781 927 94 31 delar
896 928 136 31 komma
1054 928 50 31 till
1130 928 219 41 användning
1371 939 129 20 samma
1523 928 239 42 tillsättnings-

260 977 202 39 förfarande,
487 988 74 21 som
585 977 195 42 föreslagits
804 977 209 32 beträffande
1036 978 314 32 länsarkitekterna.

315 1045 18 31 I
355 1045 92 41 fråga
471 1056 55 20 om
550 1045 225 41 personalens
798 1047 68 30 rätt
888 1046 52 31 till
962 1046 112 41 privat
1100 1046 364 32 arkitektverksamhet
1486 1048 108 39 yttrar
1609 1046 153 42 departe-

253 1095 236 32 mentschefen
512 1095 160 42 följande:

310 1146 51 31 Av
383 1146 179 41 betydelse
585 1146 52 31 för
659 1146 62 32 här
743 1147 220 31 förevarande
987 1147 404 41 omorganisationsfråga
1414 1149 37 29 är
1475 1147 205 41 spörsmålet
1703 1159 56 20 om

255 1188 225 41 personalens
503 1190 69 29 rätt
595 1189 52 31 till
669 1188 113 41 privat
805 1189 370 32 arkitektverksamhet.
1206 1190 121 31 Såsom
1351 1189 145 41 tidigare
1519 1190 154 37 erinrats,
1698 1190 62 31 har

256 1230 68 31 den
358 1230 196 31 nuvarande
589 1231 280 41 organisationen
892 1231 198 41 uppbyggts
1112 1231 110 31 under
1244 1232 256 40 förutsättning,
1525 1233 50 30 att
1597 1232 162 31 länsarki-

254 1272 371 41 tektsbefattningarna
647 1273 110 31 skulle
781 1284 79 20 vara
881 1273 12 31 i
915 1274 71 30 viss
1009 1275 78 29 mån
1110 1273 178 41 bisysslor,
1306 1274 63 30 och
1386 1276 49 28 att
1450 1274 309 31 länsarkitekterna

255 1315 111 31 skulle
389 1315 86 30 hava
497 1316 69 29 rätt
588 1315 53 31 till
663 1315 112 40 privat
798 1315 371 31 arkitektverksamhet.
1215 1315 77 31 Den
1315 1317 44 39 på
1382 1315 94 32 detta
1499 1317 69 30 sätt
1590 1316 63 31 lätt
1675 1328 83 30 upp-

252 1356 205 32 kommande
481 1357 340 41 dubbelställningen
844 1357 51 32 för
917 1357 305 32 länsarkitekterna
1245 1358 61 30 har
1321 1358 274 32 understundom
1609 1359 149 41 påtalats

255 1399 65 31 och
353 1410 57 20 var
433 1399 103 31 också
559 1401 50 29 att
631 1399 92 31 finna
750 1399 106 32 bland
879 1400 41 31 de
943 1400 246 36 förhållanden,
1214 1402 44 39 på
1279 1400 89 31 vilka
1390 1400 56 41 jag
1468 1400 87 32 fäste
1579 1401 179 40 uppmärk-

253 1441 178 31 samheten
454 1441 12 31 i
490 1441 78 31 mitt
590 1441 187 32 anförande
801 1442 52 31 till
876 1442 379 42 statsrådsprotokollet
1282 1442 66 31 den
1373 1443 38 30 12
1434 1442 145 32 oktober
1603 1443 89 31 1933.

307 1483 18 32 I
348 1483 369 42 utredningsförslaget
740 1484 86 31 hava
841 1484 169 31 förordats
1028 1484 260 31 bestämmelser
1303 1484 213 32 beträffande
1532 1485 225 41 personalens

253 1527 70 29 rätt
345 1525 52 31 till
419 1525 113 41 privat
555 1525 372 38 arkitektverksamhet,
952 1526 107 41 enligt
1080 1526 90 31 vilka
1194 1526 74 31 dels
1295 1526 224 32 länsarkitekt
1542 1527 29 41 ej
1596 1529 54 29 må
1673 1529 83 29 utan

253 1567 126 42 Kungl.
417 1567 117 41 Maj:ts
569 1568 167 31 särskilda
770 1569 156 31 tillstånd
950 1571 94 29 utom
1069 1568 148 41 tjänsten
1242 1570 97 39 åtaga
1366 1569 52 41 sig
1441 1569 314 42 arkitektuppdrag,

253 1620 76 21 som
363 1612 56 29 äro
454 1621 41 20 av
528 1610 239 31 beskaffenhet
801 1612 50 29 att
883 1611 115 30 kunna
1030 1610 91 32 bliva
1147 1611 143 31 föremål
1313 1610 52 32 för
1386 1611 243 31 länsarkitekts
1652 1611 105 32 hand-

251 1652 162 42 läggning
448 1652 12 30 i
497 1652 151 40 tjänsten
686 1653 84 30 eller
805 1652 155 32 befinnas
997 1653 139 31 inverka
1165 1652 188 42 hinderligt
1385 1653 53 31 för
1470 1653 274 42 tjänstgöringen

251 1694 77 31 dels
351 1694 62 31 ock
435 1694 205 31 biträdande
662 1694 224 32 länsarkitekt
910 1695 64 31 och
1004 1695 166 31 assistent
1192 1695 75 31 icke
1291 1697 54 29 må
1368 1697 97 40 åtaga
1489 1695 53 42 sig
1563 1695 115 42 dylika
1701 1707 42 20 en

250 1736 115 32 skilda
396 1735 160 42 uppdrag
577 1736 12 31 i
612 1747 111 20 annan
747 1738 78 30 mån
849 1739 41 29 än
912 1737 257 32 vederbörande
1195 1737 222 41 länsstyrelse
1452 1737 53 32 för
1531 1738 138 31 särskilt
1695 1739 60 30 fall

250 1779 66 31 och
339 1779 84 31 efter
445 1778 196 41 tillstyrkan
665 1790 40 20 av
726 1778 269 33 länsarkitekten
1018 1779 79 32 med
1119 1779 134 42 hänsyn
1277 1779 52 32 till
1352 1780 261 40 tjänstearbetet
1632 1782 124 40 prövar

251 1820 125 42 skäligt
408 1820 166 42 medgiva.
619 1821 18 31 I
669 1821 202 42 anslutning
893 1822 115 31 härtill
1032 1822 60 31 har
1114 1822 11 31 i
1149 1822 368 41 utredningsförslaget
1539 1822 213 39 framhållits,

250 1865 52 29 att
335 1863 164 41 uppdrag,
534 1862 90 31 vilka
655 1862 255 42 ifrågavarande
926 1863 335 41 befattningshavare
1284 1864 159 41 mottagit
1466 1864 72 31 före
1561 1865 107 31 första
1691 1865 62 31 för-

251 1905 193 31 ordnandet
466 1905 54 31 till
543 1905 246 42 befattningen,
815 1906 105 32 borde
942 1907 33 30 få
999 1906 170 31 slutföras.
1208 1906 144 31 Arbetet
1375 1906 141 31 härmed
1531 1906 107 32 borde
1656 1907 97 31 emel-

249 1947 104 32 lertid
375 1947 73 32 icke
471 1947 34 31 få
527 1947 158 31 bedrivas
716 1950 38 29 så
777 1950 50 29 att
850 1948 57 31 det
929 1948 200 31 inkräktade
1152 1950 44 39 på
1218 1948 269 42 tjänstearbetet.

304 1989 53 32 De
390 1989 11 31 i
434 1989 371 42 utredningsförslaget
837 1990 139 41 intagna
1008 1990 305 32 bestämmelserna
1345 1991 110 31 finner
1486 1990 57 42 jag
1565 1990 69 41 mig
1656 1991 12 31 i
1691 1991 62 31 allt

250 2031 185 41 väsentligt
457 2032 117 31 kunna
595 2031 144 32 biträda.
785 2032 69 31 För
876 2032 172 32 vinnande
1072 2044 39 20 av
1135 2034 109 30 större
1261 2032 212 41 enhetlighet
1488 2033 99 31 torde
1603 2033 150 31 emeller-

249 2073 53 31 tid
334 2073 83 32 böra
449 2073 207 32 föreskrivas
690 2076 58 36 att,
783 2075 65 31 vad
881 2077 103 39 angår
1017 2075 202 31 biträdande
1242 2075 224 31 länsarkitekt
1489 2075 64 31 och
1576 2075 175 39 assistent,

248 2115 225 42 medgivande
496 2116 64 31 bör
581 2115 131 32 lämnas
736 2127 41 20 av
799 2117 349 41 byggnadsstyrelsen
1172 2117 85 31 efter
1272 2117 151 31 hörande
1439 2128 40 20 av
1495 2117 256 32 vederbörande

247 2158 224 41 länsstyrelse
495 2158 65 31 och
582 2157 225 33 länsarkitekt
829 2159 11 31 i
864 2159 115 31 stället
1001 2159 61 38 för,
1087 2161 113 30 såsom
1223 2159 12 31 i
1250 2159 368 41 utredningsförslaget
1633 2160 118 41 ifråga-

248 2202 98 36 satts,
380 2212 40 19 av
452 2200 257 32 vederbörande
742 2201 224 41 länsstyrelse
1000 2202 85 31 efter
1122 2201 239 41 tillstyrkande
1398 2212 41 20 av
1471 2202 279 32 länsarkitekten.

302 2242 190 32 Föreskrift
525 2243 11 30 i
568 2253 46 20 nu
647 2243 150 31 nämnda
818 2243 112 41 frågor
952 2243 98 32 torde
1073 2244 33 31 få
1128 2244 153 31 utfärdas
1304 2254 40 20 av
1366 2243 126 41 Kungl.
1517 2244 106 41 Maj:t,
1648 2244 103 31 såvitt

247 2286 106 40 angår
374 2284 264 32 länsarkitekter
664 2285 64 31 och
753 2285 201 32 biträdande
987 2286 263 31 länsarkitekter
1272 2285 86 32 efter
1379 2285 202 42 riksdagens
1604 2286 147 41 godkän-

246 2327 123 31 nande.

301 2369 218 31 Beträffande
554 2369 164 42 uppdrag,
756 2380 73 21 som
863 2369 178 42 mottagits
1075 2370 71 31 före
1169 2370 108 31 första
1303 2369 230 32 förordnande
1556 2370 53 31 till
1631 2370 120 31 befatt-

247 2410 137 41 ningen,
407 2410 99 32 torde
540 2412 78 31 med
651 2411 134 42 hänsyn
820 2411 73 32 dels
926 2412 53 31 till
1002 2412 135 41 frågans
1161 2412 162 40 ömtåliga
1344 2414 109 35 natur,
1478 2412 75 31 dels
1576 2412 53 31 till
1652 2412 98 31 önsk-

245 2452 189 32 värdheten
458 2464 41 20 av
521 2456 50 29 att
593 2453 381 42 befattningshavarnas
998 2454 204 31 arbetskraft
1217 2454 105 31 redan
1339 2454 72 31 från
1426 2454 122 41 början
1565 2456 53 29 må
1635 2454 115 31 kunna
