2208 2662
432 140 112 31 Andra
567 140 193 30 kammarens
782 138 94 31 femte
899 136 164 44 tillfälliga
1085 136 131 31 utskotts
1238 135 161 32 utlåtande
1421 134 54 32 Nr
1498 136 27 31 8.
1731 135 17 30 1

925 587 60 41 Nr
1011 587 38 41 8.

730 745 111 29 Ankom
864 745 47 28 till
933 744 180 36 Riksdagens
1136 744 93 28 kansli
1253 743 55 29 den
1335 744 34 27 16
1394 743 76 36 april
1496 744 77 27 1912
1598 742 39 29 kl.
1664 745 16 26 3
1704 750 25 20 e.
1753 751 37 19 m.

384 894 135 35 Andra
547 893 225 35 kammarens
795 891 113 48 femte
936 889 192 49 tillfälliga
1156 889 149 35 utskotts
1331 888 190 36 utlåtande
1548 900 44 22 nr
1611 886 55 37 81
1677 887 115 49 fråga

586 972 55 24 om
682 972 40 23 en
764 959 48 48 af
848 959 81 34 herr
967 957 218 47 Lindhagen
1213 970 46 21 m.
1281 956 45 49 fl.
1354 956 103 35 väckt
1483 955 134 36 motion
1644 968 45 23 nr
1714 955 78 36 255

586 1027 187 48 angående
812 1025 188 50 skrifvelse
1040 1024 56 36 till
1127 1024 203 47 Konungen
1364 1023 12 36 1
1396 1023 117 50 fråga
1543 1036 55 23 om
1625 1023 168 49 åtgärder

578 1096 64 49 för
667 1095 189 47 skapande
882 1093 48 50 af
952 1099 45 30 ett
1023 1091 284 37 internationellt
1332 1091 225 49 hjälpspråk.

316 1250 74 36 Till
430 1248 226 47 behandling
696 1246 40 37 af
774 1246 129 36 Andra
942 1247 232 34 kammarens
1201 1244 114 36 femte
1343 1243 186 49 tillfälliga
1557 1244 142 35 utskott
1726 1243 67 36 har

181 1302 261 36 öfverlämnats
483 1312 45 23 en
568 1300 101 34 inom
709 1298 161 35 nämnda
907 1297 186 35 kammare
1121 1295 40 36 af
1185 1296 85 35 herr
1297 1295 218 48 Lindhagen
1542 1309 46 22 m.
1611 1295 45 48 fl.
1685 1294 108 36 väckt

183 1354 155 43 motion,
368 1365 44 22 nr
453 1352 83 43 255,
566 1350 80 36 däri
674 1350 272 35 motionärerna
973 1348 197 43 hemställt,
1205 1351 54 31 att
1286 1345 210 50 Riksdagen
1522 1347 86 35 ville
1635 1345 155 45 anhålla,

182 1409 54 31 att
277 1403 135 48 Kungl.
455 1402 107 47 Maj:t
604 1404 113 32 måtte
746 1405 84 42 taga
861 1401 13 33 i
905 1398 280 48 öfvervägande,
1219 1397 183 36 huruvida
1429 1397 67 36 och
1524 1400 45 44 på
1596 1396 97 36 hvad
1721 1401 72 31 sätt

182 1455 164 36 initiativ
385 1453 202 47 lämpligen
626 1451 90 36 böra
746 1451 68 36 och
841 1451 123 35 kunna
990 1448 84 36 från
1102 1449 132 36 svensk
1263 1448 80 36 sida
1370 1453 102 43 tagas
1500 1446 58 37 för
1585 1447 207 36 åstadkom-

183 1505 134 36 mande
357 1503 40 37 af
434 1503 151 36 officiell
624 1502 280 36 internationell
936 1499 280 48 öfverläggning
1243 1500 67 35 och
1338 1498 370 37 öfverenskommelse
1734 1497 59 37 för

182 1556 203 48 skapandet
413 1554 39 36 af
478 1558 53 31 ett
557 1553 234 47 världsspråk
819 1553 89 34 eller
934 1551 295 36 internationellt
1255 1550 224 47 hjälpspråk.

318 1606 16 35 I
375 1604 172 37 afseende
579 1607 20 32 å
628 1603 269 46 motiveringen
925 1606 95 31 samt
1047 1601 44 36 de
1120 1603 189 34 motionen
1336 1599 145 49 bilagda
1507 1599 221 49 yttrandena
1755 1598 40 36 af

182 1657 277 48 professorerna
499 1654 33 37 S.
575 1655 203 35 Arrhenius
818 1654 67 34 och
925 1651 42 37 G.
1005 1652 44 36 de
1076 1651 94 37 Geer
1201 1657 94 30 samt
1326 1651 44 35 dr
1395 1650 44 37 N.
1468 1650 154 36 Ekholm
1651 1650 57 36 får
1735 1655 58 31 ut-

184 1709 138 35 skottet
347 1707 154 36 hänvisa
527 1706 59 35 till
613 1705 161 36 nämnda
801 1704 152 36 motion.

318 1757 404 48 Världsspråkstanken
750 1756 68 35 har
858 1768 45 22 en
931 1755 170 47 300-årig
1132 1754 163 42 historia,
1327 1753 67 35 och
1422 1751 93 37 efter
1543 1755 133 45 många
1702 1751 90 36 tref-

183 1809 118 37 vande
324 1808 123 36 försök
475 1808 124 46 börjar
626 1806 257 47 reformlinjen
911 1805 130 46 dragas
1068 1810 76 30 mot
1172 1809 52 30 ett
1247 1803 185 36 bestämdt
1451 1804 83 34 mål.
1589 1803 70 35 Det
1677 1803 116 46 gäller

184 1866 55 31 att
266 1864 46 44 på
338 1860 257 47 vetenskaplig
620 1864 71 41 väg
717 1858 220 35 konstruera
955 1861 54 31 ett
1028 1860 83 45 nytt
1131 1856 108 48 språk
1259 1858 38 33 så
1315 1853 214 44 beskaffadt,
1550 1859 53 30 att
1623 1853 62 36 det
1704 1858 89 31 utan

184 1917 55 30 att
279 1911 77 35 afse
395 1915 54 31 ett
476 1909 249 48 utträngande
753 1908 39 36 af
816 1908 44 35 de
887 1906 169 37 lefvande
1089 1908 157 46 språken
1272 1908 14 33 i
1313 1907 57 46 sig
1397 1910 184 43 upptager
1608 1906 76 41 allt,
1714 1918 78 22 som

184 1971 39 27 är
263 1966 229 44 gemensamt
532 1961 66 35 hos
631 1960 105 36 dessa
763 1959 120 48 språk,
912 1958 72 35 och
1014 1957 154 49 utfyller
1195 1962 122 31 resten
1344 1955 40 37 af
1409 1958 66 33 sitt
1502 1954 182 37 ordbehof
1709 1955 84 36 med

184 2027 74 35 nya
284 2013 78 43 ord,
390 2011 177 37 härledda
595 2025 44 21 ur
667 2011 43 35 de
738 2011 98 35 olika
868 2010 336 48 språkstammarna
1231 2008 82 36 med
1343 2011 38 32 så
1407 2007 130 36 rättvis
1565 2007 141 48 hänsyn
1733 2007 60 35 till

184 2065 85 35 dem
311 2065 71 34 alla
422 2076 77 22 som
529 2062 60 35 det
616 2070 40 27 är
683 2062 158 47 möjligt.
895 2060 150 35 Tanken
1073 2063 46 44 på
1147 2065 54 30 att
1229 2064 163 44 upptaga
1418 2062 113 44 något
1558 2057 39 37 af
1624 2058 43 35 de
1695 2062 99 31 stora

183 2115 172 36 lefvande
383 2115 156 48 språken
568 2126 78 23 som
673 2112 234 48 världsspråk
933 2111 67 35 har
1027 2110 233 48 öfvergifvits
1289 2109 40 37 af
1345 2111 144 47 hänsyn
1508 2110 57 34 till
1584 2110 209 34 rivaliteten

185 2167 136 35 mellan
350 2165 44 36 de
422 2164 87 44 folk,
540 2177 78 23 som
646 2165 74 34 tala
748 2163 95 42 dem,
872 2163 67 35 och
967 2162 32 48 ej
1029 2162 114 36 heller
1160 2165 113 45 vågar
1292 2174 82 22 man
1394 2160 269 49 återuppväcka
1680 2163 112 45 något

184 2217 41 36 af
251 2217 44 35 de
323 2216 95 36 döda
445 2216 168 47 språken,
644 2215 152 35 emedan
824 2214 44 35 de
897 2226 108 36 synas
1033 2212 110 36 hafva
1170 2217 70 31 sett
1268 2213 79 34 sina
1374 2212 104 35 bästa
1506 2212 122 47 dagar.

226 2280 131 42 Bihang
380 2279 48 32 till
451 2279 195 41 Riksdagens
663 2278 161 42 protokoll
846 2277 94 32 1912.
985 2277 42 31 13
1048 2276 90 32 saml.
1183 2278 21 29 5
1227 2276 71 42 afd.
1343 2276 20 31 8
1385 2275 80 42 häft.
1510 2275 68 39 (Nr
1603 2275 43 38 8)
1734 2276 16 30 1

1830 1764 148 28 Utskottet.
