2202 2616
210 480 154 27 Utskottets

219 513 144 35 yttrande.

440 135 38 32 32
894 133 244 31 Statsutskottets
1159 132 162 31 utlåtande
1342 132 54 31 Nr
1416 133 22 29 3
1460 133 43 30 B.

399 226 159 42 200,000
598 225 148 41 kronor,
788 226 57 31 att
884 225 78 31 mot
988 222 243 43 redovisning
1258 223 128 33 ställas
1413 222 57 34 till
1498 222 291 42 överstyrelsens
1816 221 58 35 för
1899 221 110 35 Röda

398 277 124 33 korset
548 274 235 44 förfogande.

531 323 444 46 Departementschefens
1015 323 177 43 yttrande
1232 322 159 34 rörande
1419 322 104 34 detta
1551 322 134 43 anslag
1711 321 249 35 förekommer
1987 321 21 35 å

397 376 68 34 sid.
498 376 144 34 11—13
671 386 49 24 av
747 374 210 43 åberopade
985 372 420 44 statsrådsprotokollet.

531 476 53 35 På
625 479 105 31 extra
758 478 75 31 stat
859 474 59 34 för
945 474 41 34 år
1016 474 92 34 1918
1137 473 122 34 finnes
1286 473 155 43 uppfört
1468 476 53 31 ett
1547 473 307 44 förslagsanslag,
1884 473 122 43 högst,

400 528 157 43 100,000
585 527 137 34 kronor
748 525 59 35 för
833 524 239 35 bestridande
1100 535 48 23 av
1175 523 317 35 omkostnaderna
1518 522 59 35 för
1603 524 161 33 svenska
1790 523 107 34 Röda
1925 523 83 34 kor-

398 582 74 30 sets
512 577 328 44 hjälpkommittés
879 575 94 43 byrå
1012 575 12 33 i
1064 574 229 42 Stockholm,
1334 576 57 31 att
1418 576 77 31 mot
1521 573 245 44 redovisning
1792 574 129 34 ställas
1949 574 58 33 till

397 629 294 42 överstyrelsens
722 626 59 35 för
807 626 108 34 Röda
941 626 125 33 korset
1092 624 224 44 förfogande
1344 624 85 34 med
1456 626 77 32 rätt
1560 623 58 34 för
1644 623 141 44 Kungl.
1813 623 111 43 Maj:t
1950 626 57 32 att

397 690 47 23 av
474 677 292 45 ifrågavarande
806 677 133 42 anslag
965 676 120 33 under
1111 675 42 34 år
1183 676 94 33 1917
1307 686 47 23 av
1381 674 236 43 tillgängliga
1644 673 122 35 medel
1793 674 214 34 utanordna

397 728 235 44 erforderligt
658 728 148 43 belopp.

529 778 175 35 Rörande
743 779 161 33 behovet
944 788 48 23 av
1026 776 218 43 ytterligare
1272 776 230 42 statsanslag
1528 775 69 33 har
1623 774 228 44 hjälpbyrån
1879 774 128 35 anfört

397 830 114 34 bland
539 832 117 31 annat
682 828 186 44 följande:

531 880 97 33 »Den
667 878 251 42 verksamhet,
960 889 80 22 som
1080 877 171 34 bedrives
1292 888 48 22 av
1380 875 160 35 svenska
1575 875 108 34 Röda
1710 874 143 35 korsets
1881 875 125 43 hjälp-

396 930 193 35 kommitté
630 930 59 34 för
724 928 239 45 krigsfångar
990 928 68 33 och
1086 930 41 31 är
1154 926 198 35 föranledd
1380 938 48 22 av
1455 927 45 33 de
1528 925 85 35 med
1640 925 194 44 pågående
1861 925 145 34 världs-

396 981 83 43 krig
517 980 215 35 förbundna
768 978 283 36 extraordinära
1078 977 261 35 förhållanden
1368 977 68 33 och
1464 977 46 33 de
1537 975 241 44 krigförande
1804 976 203 34 ländernas

396 1031 208 44 trängande
624 1031 121 33 behov
764 1042 48 22 av
831 1030 44 33 de
894 1029 173 34 neutrala
1088 1028 108 34 Röda
1215 1028 153 33 korsens
1388 1027 239 42 medverkan,
1648 1027 69 33 har
1736 1037 47 23 av
1801 1025 205 35 förhållan-

396 1082 97 34 dena
532 1081 217 43 ytterligare
789 1079 205 44 utvidgats,
1035 1080 12 32 i
1076 1079 63 34 det
1165 1081 56 31 att
1249 1077 348 44 hjälpkommitténs
1633 1076 161 43 tjänster
1819 1077 13 33 i
1859 1078 149 33 alltmer

395 1132 206 34 vidsträckt
636 1130 89 34 mån
752 1130 113 43 tagits
892 1130 13 33 i
933 1129 163 43 anspråk
1124 1128 104 34 såväl
1256 1139 48 22 av
1331 1128 45 34 de
1404 1127 240 44 krigförande
1671 1127 199 34 ländernas
1897 1127 109 34 Röda

396 1182 305 42 korsföreningar
740 1192 79 23 som
861 1192 47 22 av
949 1179 169 34 enskilda
1157 1189 187 33 personer.
1400 1178 131 34 Såsom
1564 1190 45 22 en
1638 1177 97 43 följd
1763 1177 117 34 härav
1908 1178 99 33 hava

396 1233 238 34 kommitténs
675 1231 203 34 kostnader
917 1233 95 31 även
1054 1233 171 40 stegrats,
1268 1229 69 33 och
1377 1229 74 33 kan
1492 1228 220 34 kommittén
1740 1228 84 33 med
1851 1228 156 43 ledning

396 1294 47 23 av
470 1283 261 34 erfarenheten
760 1281 119 34 under
906 1281 72 34 den
1007 1280 178 34 förflutna
1212 1279 104 34 tiden
1343 1290 51 23 nu
1422 1279 152 42 förutse,
1603 1281 56 31 att
1687 1278 62 34 det
1776 1279 231 43 statsanslag

394 1333 23 34 å
457 1333 315 34 etthundratusen
813 1332 146 41 kronor,
1002 1342 78 23 som
1120 1330 222 34 kommittén
1383 1329 148 35 erhållit
1558 1340 134 32 genom
1721 1330 283 41 överstyrelsen,

395 1384 79 33 icke
515 1384 167 33 kommer
722 1385 56 31 att
810 1382 114 34 förslå
951 1381 58 35 för
1035 1382 128 43 längre
1191 1381 57 34 tid
1276 1382 47 31 än
1352 1381 110 42 högst
1488 1380 56 34 till
1572 1378 161 44 ungefär
1759 1378 74 43 maj
1865 1379 139 34 månad

397 1434 42 34 år
469 1434 123 34 1918.»

528 1484 144 43 Kungl.
702 1483 109 43 Maj:t
839 1483 68 33 har
933 1494 52 22 nu
1013 1482 100 43 gjort
1139 1481 281 43 framställning
1443 1492 59 22 om
1530 1479 237 44 uppförande
1784 1475 21 56 å
1834 1480 169 43 tilläggs-

395 1537 76 31 stat
510 1534 57 34 för
610 1534 94 34 1918
746 1545 48 22 av
834 1536 53 31 ett
926 1533 56 33 till
1024 1533 157 41 200,000
1222 1532 136 33 kronor
1401 1530 143 43 förhöjt
1584 1531 134 42 anslag
1760 1529 58 35 för
1857 1541 146 23 samma

395 1584 187 34 ändamål.

528 1634 74 34 Vid
626 1634 280 44 granskningen
926 1644 48 23 av
994 1632 45 34 de
1057 1632 57 34 till
1134 1631 123 44 grund
1277 1631 57 34 för
1353 1630 339 44 anslagsäskandet
1709 1630 175 44 liggande
1904 1631 101 33 kost-

395 1685 399 43 nadsberäkningarna
822 1684 68 33 har
916 1683 182 34 utskottet
1123 1682 219 43 visserligen
1362 1681 127 34 funnit
1508 1692 45 23 en
1573 1681 59 34 del
1652 1681 208 43 erinringar
1874 1681 130 33 kunna

395 1738 120 41 göras,
544 1746 85 23 men
658 1735 69 34 har
754 1735 182 33 utskottet
965 1733 93 34 dock
1085 1732 85 34 med
1199 1733 147 42 hänsyn
1374 1732 56 34 till
1450 1731 63 34 det
1530 1730 340 57 behjärtansvärda
1889 1731 117 59 syftet

395 1785 86 34 med
520 1785 166 34 nämnda
727 1784 221 44 hjälpbyrås
988 1783 237 34 verksamhet
1252 1783 80 33 icke
1364 1784 124 32 ansett
1516 1782 56 42 sig
1598 1782 91 33 böra
1716 1781 135 34 föreslå
1878 1781 125 71 någon

386 1835 253 44 nedsättning
665 1836 13 33 i
706 1835 63 34 det
797 1846 48 23 av
871 1834 141 44 Kungl.
1041 1833 109 43 Maj:t
1176 1832 165 44 begärda
1367 1833 186 42 beloppet.

527 1886 194 35 Utskottet
748 1886 214 34 hemställer
993 1883 155 44 således,

932 1988 56 31 att
1027 1985 199 43 riksdagen
1267 1984 61 34 må
1363 1983 57 43 för
1459 1983 223 34 bestridande
1721 1995 44 22 av
1804 1983 200 33 omkostna-

799 2037 109 33 derna
947 2036 58 42 för
1042 2036 151 33 svenska
1232 2034 101 34 Röda
1372 2035 133 32 korsets
1544 2033 191 44 hjälpbyrå
1761 2034 13 33 1
1803 2033 201 34 Stockholm

797 2087 22 34 å
846 2087 228 43 tilläggsstat
1113 2085 59 34 för
1211 2084 42 35 år
1295 2084 93 34 1918
1429 2084 140 43 bevilja
1608 2087 54 31 ett
1697 2084 305 43 förslagsanslag,

799 2138 120 42 högst,
949 2136 158 43 200,000
1147 2136 147 42 kronor,
1331 2138 55 31 att
1413 2137 78 31 mot
1521 2134 243 44 redovisning
1790 2134 129 34 ställas
1946 2134 57 34 till

799 2187 290 43 överstyrelsens
1116 2186 60 34 för
1201 2185 108 35 Röda
1336 2186 125 34 korset
1486 2184 234 45 förfogande.
