2242 2610
476 186 19 28 4
944 184 256 34 Statsutskottets
1221 187 164 31 memorial
1406 188 54 31 N>
1482 191 51 29 53.

535 269 75 36 För
637 267 126 38 denna
790 269 131 49 frågas
950 271 220 48 avgörande
1198 271 163 37 medelst
1387 286 225 35 gemensam
1641 275 241 51 omröstning
1905 278 59 37 får
1983 282 57 32 ut-

434 319 145 36 skottet
606 319 142 37 föreslå
770 319 169 50 följande
967 321 455 50 voteringsproposition:

533 419 116 46 »Den,
690 432 82 24 som
800 419 12 37 i
839 420 122 38 likhet
1002 421 86 37 med
1116 421 123 38 första
1272 423 224 38 kammaren
1524 424 66 37 vill
1618 430 55 33 att
1700 425 210 51 riksdagen
1934 429 11 36 i
1973 443 65 23 an-

431 468 160 50 ledning
618 483 49 23 av
688 470 144 49 Kungl.
860 471 128 49 Maj:ts
1009 472 146 49 förslag
1174 473 73 36 och
1265 473 267 39 ovanberörda
1552 488 46 24 av
1617 476 88 37 herr
1724 476 187 38 Starbäck
1931 492 48 23 m.
2000 480 37 36 fl.

432 520 139 36 väckta
595 520 143 37 motion
752 519 32 48 ”)
813 521 11 36 i
851 522 211 37 riksstaten
1089 529 194 43 upptager
1309 524 193 38 ordinarie
1521 528 440 50 reservationsanslaget
1980 530 58 36 till

430 570 354 49 truppförbandens
812 573 189 49 övningar
1028 574 87 36 med
1143 575 200 47 2,080,358
1370 575 155 45 kronor,
1554 582 123 32 röstar

1206 675 64 46 Ja;

532 721 95 48 Den,
656 722 65 36 det
749 722 34 49 ej
811 722 77 46 vill,
917 729 125 32 röstar

1193 776 89 49 Nej;

530 872 145 37 Vinner
702 873 86 48 Nej,
816 874 69 37 har
913 874 207 51 riksdagen
1148 876 12 37 i
1188 877 121 37 likhet
1336 878 87 37 med
1452 879 121 37 andra
1600 879 234 49 kammaren,
1863 883 87 36 med
1972 897 63 23 av-

429 921 87 49 slag
544 925 20 34 å
587 923 264 38 ovanberörda
887 926 157 47 motion,
1086 927 170 37 beslutat
1293 933 55 32 att
1374 929 12 36 i
1413 929 174 49 enlighet
1623 932 86 36 med
1738 932 140 49 Kungl.
1907 934 128 48 Maj:ts

428 972 148 49 förslag
602 974 12 36 i
642 974 207 38 riksstaten
890 982 174 43 upptaga
1103 978 191 37 ordinarie
1335 981 440 50 reservationsanslaget
1816 983 56 36 till
1900 992 135 42 trupp-

428 1023 236 38 förbandens
692 1026 188 49 övningar
908 1027 88 37 med
1020 1030 198 46 2,030,358
1247 1030 172 37 kronor.»

529 1123 222 39 Stockholm
780 1125 74 37 den
883 1129 44 34 17
958 1128 97 48 april
1084 1130 107 35 1923.

940 1228 53 36 På
1020 1229 309 38 statsutskottets
1357 1236 164 44 vägnar:

973 1328 36 38 S.
1038 1329 45 37 H.
1112 1330 375 40 KVARNZELIUS.

522 1726 28 29 +)
573 1726 41 30 IT:
631 1727 67 30 110.

785 2241 181 38 Stockholm,
990 2243 263 39 Bokförlags-A.-B.
1276 2246 108 30 Tidens
1406 2247 137 39 tryckeri,
1568 2249 88 28 1923.
