1848 2782
396 169 123 40 Tredje
538 169 247 40 lagutskottets
805 169 179 31 utlåtande
1002 179 44 20 nr
1063 170 41 30 24
1123 169 41 31 år
1183 170 81 30 1961
1533 169 41 30 23

132 247 124 30 Denna
275 247 56 41 lag
352 247 118 31 träder
490 248 11 30 i
522 248 97 31 kraft
641 248 66 30 den
732 249 14 29 1
769 248 67 40 juli
860 248 94 31 1961.

131 354 112 30 under
266 354 112 36 punkt
399 354 45 32 D:

131 425 46 4 —
196 408 79 30 med
295 407 101 31 bifall
417 408 52 30 till
491 408 222 31 motionerna
734 408 29 30 1:
779 408 63 31 658
864 409 66 30 och
951 408 45 31 II:
1014 408 62 31 784
1096 426 46 5 —

133 463 51 28 att
206 461 11 30 i
241 460 167 41 förslaget
431 461 52 31 till
505 461 56 41 lag
584 471 59 20 om
666 462 69 31 rätt
758 462 11 30 i
790 461 95 31 vissa
908 461 62 31 fall
994 461 55 31 för
1072 462 184 40 hyresgäst
1279 461 53 31 till
1356 464 77 38 nytt
1456 462 120 40 hyres-

88 514 93 30 avtal
206 514 124 31 årtalet
357 514 84 31 1963
466 514 108 32 måtte
598 514 142 41 utbytas
764 518 74 28 mot
864 516 100 37 1962;

131 568 113 30 under
267 568 111 35 punkt
400 568 43 31 E:

131 639 46 4 —
198 621 79 30 med
299 621 100 30 bifall
423 622 52 30 till
499 621 222 31 motionerna
743 622 29 30 1:
788 621 63 31 658
876 622 65 30 och
965 622 45 30 II:
1027 621 63 31 784
1112 640 46 4 —

133 676 51 29 att
208 675 12 29 i
245 674 167 40 förslaget
437 675 52 31 till
514 675 55 40 lag
594 675 81 30 med
700 675 174 30 särskilda
897 675 265 30 bestämmelser
1187 684 57 21 om
1269 675 143 30 makars
1439 683 137 32 gemen-

89 736 137 23 samma
248 727 125 31 bostad
397 727 125 32 årtalet
547 728 83 31 1963
656 728 107 30 måtte
788 728 141 40 utbytas
953 730 74 29 mot
1053 729 102 37 1962;

132 781 113 31 under
268 781 111 36 punkt
402 782 42 30 F:

133 837 51 29 att
206 834 188 40 riksdagen
417 835 11 30 i
451 834 189 41 anledning
663 844 43 21 av
726 835 220 30 motionerna
968 835 29 30 I:
1014 835 63 31 658
1101 835 66 30 och
1189 835 46 30 II:
1252 834 63 31 784
1337 835 109 31 måtte

133 888 13 30 1
167 888 167 31 skrivelse
356 888 53 30 till
431 888 126 40 Kungl.
579 888 107 40 Maj:t
707 888 195 35 hemställa,
926 890 50 29 att
998 888 127 40 Kungl.
1148 888 107 40 Maj:t
1276 888 109 31 måtte
1407 888 80 31 med
1509 888 68 32 till-

89 941 183 41 lämpning
295 941 81 30 från
400 942 66 30 och
488 942 80 30 med
592 941 68 30 den
686 942 15 30 1
725 941 143 40 januari
894 941 83 31 1962
1002 941 170 31 förordna
1195 951 59 21 om
1276 942 234 40 upphävande
1534 950 44 22 av

89 994 401 41 hyresregleringslagen
511 994 55 31 för
587 994 162 40 lägenhet
772 1004 75 21 som
869 996 38 29 är
929 995 82 30 eller
1031 995 68 30 blir
1121 994 168 41 upplåten
1311 994 56 31 för
1388 997 108 29 annat
1518 996 60 30 än-

90 1048 117 30 damål
227 1049 44 30 än
290 1048 136 32 bostad.

134 1155 30 31 2.
186 1165 43 21 av
248 1155 82 31 herr
349 1155 154 40 Nyberg;

133 1262 42 30 II.
201 1262 220 40 beträffande
443 1262 110 36 punkt
574 1262 27 31 G
623 1262 12 30 i
657 1262 187 30 utskottets
866 1262 212 30 hemställan

135 1325 44 21 av
196 1316 81 30 herr
294 1315 188 40 Svenning.
