1924 2844
322 162 105 27 Första
448 162 184 28 kammarens
660 162 132 28 andra
822 161 146 36 tillfälliga
990 162 127 28 utskotts
1139 161 149 29 utlåtande
1310 161 42 29 Nr
1374 161 24 28 6.
1592 162 16 26 3

1416 412 107 34 Bilaga
1549 413 23 27 1.

247 547 65 31 Till
333 547 203 39 Riksdagens
557 548 108 38 första
688 548 180 31 kammares
891 549 107 30 andra
1021 548 171 38 tillfälliga
1216 548 134 31 wtskott.

165 645 124 31 Genom
309 646 577 38 kommunikationsdepartementets
907 646 281 32 ämbetsskrivelse
1211 647 63 31 den
1298 647 38 29 14
1358 647 149 31 februari
1531 647 80 30 1936

121 690 169 31 anbefalld
312 694 50 28 att
383 691 52 31 till
458 690 89 31 Eder
569 691 118 37 avgiva
709 691 157 38 yttrande
887 693 78 29 över
986 702 40 20 en
1050 702 40 20 av
1111 692 76 31 herr
1210 692 111 38 Bagge
1344 702 40 21 m.
1408 692 37 30 fl.
1469 693 11 29 i
1503 692 105 30 första

120 735 188 31 kammaren
331 736 138 37 avgiven
492 736 133 38 motion,
648 747 42 20 nr
714 737 47 38 13,
786 737 168 38 angående
977 737 108 31 bättre
1110 736 168 31 ordnande
1302 747 40 20 av
1366 736 243 39 landsbygdens

124 781 305 37 postförhållanden
455 781 55 31 får
535 781 368 38 generalpoststyrelsen
929 782 10 29 i
965 783 110 30 ämnet
1101 782 176 31 framhålla
1304 781 158 38 följande.

165 824 110 32 Sedan
300 825 174 32 årtionden
498 825 138 32 tillbaka
662 826 61 31 har
748 826 370 39 generalpoststyrelsen
1142 827 76 30 haft
1243 827 51 30 sin
1320 826 292 38 uppmärksamhet

124 869 112 31 fästad
262 870 44 37 på
333 870 277 38 angelägenheten
639 881 41 20 av
707 871 211 38 fortlöpande
946 871 245 39 förbättringar
1217 871 11 30 i
1255 871 244 40 landsbygdens
1527 875 84 35 post-

124 913 242 32 förhållanden.
400 913 168 39 Styrelsen
591 915 60 31 har
673 915 94 31 också
789 915 38 30 år
849 915 77 31 från
948 916 39 30 år
1006 915 145 39 vidtagit
1172 916 156 38 åtgärder
1350 916 11 30 i
1383 916 117 32 sådant
1523 916 89 39 syfte

124 957 11 30 i
157 958 46 31 all
223 957 62 31 den
308 959 85 37 mån,
417 958 92 32 detta
529 959 89 30 varit
639 959 131 39 möjligt
792 960 89 31 inom
903 970 116 33 ramen
1039 971 40 21 av
1103 941 55 51 det
1181 961 10 29 i
1214 961 204 38 postverkets
1442 961 170 31 driftkost-

124 1001 148 32 nadsstat
294 1006 174 34 upptagna
488 1003 147 38 anslaget
656 1003 53 31 till
729 1004 263 37 postbefordran.

165 1050 50 31 De
236 1053 91 28 stora
350 1050 182 31 avstånden
555 1051 59 30 och
636 1050 66 31 den
725 1051 87 38 glesa
834 1051 235 38 befolkningen
1092 1051 89 30 inom
1204 1050 41 32 de
1268 1052 120 31 största
1412 1051 136 31 delarna
1572 1062 39 20 av

124 1094 75 31 vårt
221 1094 81 31 land
323 1094 84 31 hava
429 1095 184 31 emellertid
635 1095 69 37 lagt
727 1095 119 31 hinder
868 1095 11 30 i
901 1096 106 37 vägen
1031 1095 55 31 för
1109 1105 39 21 en
1171 1096 36 30 så
1230 1095 101 31 snabb
1355 1095 192 39 utveckling
1570 1096 42 38 på

124 1137 91 32 detta
231 1138 132 31 område
379 1148 68 21 som
463 1139 95 37 eljest
574 1139 82 31 hade
672 1139 88 32 varit
777 1139 173 31 önskvärd.
979 1139 317 39 Postbefordringen
1313 1140 12 30 i
1342 1139 134 40 Sverige
1494 1140 119 39 drager

124 1182 240 37 jämförelsevis
389 1183 84 38 höga
497 1183 177 31 kostnader
698 1184 11 29 i
735 1184 208 31 förhållande
967 1184 53 31 till
1046 1184 62 31 den
1134 1184 199 32 befordrade
1358 1185 255 38 postmängdens

124 1225 212 40 omfattning.
370 1227 419 39 Järnvägstransporterna
812 1228 44 38 på
878 1228 40 31 de
940 1229 100 38 långa
1062 1229 146 38 linjerna
1231 1229 119 31 mellan
1373 1229 130 32 landets
1527 1230 86 31 olika

124 1269 91 32 delar
232 1270 88 31 bliva
337 1271 210 39 synnerligen
564 1271 153 39 dyrbara.
746 1272 52 31 Då
814 1273 75 31 vårt
906 1273 95 31 lands
1018 1273 219 39 järnvägsnät
1254 1274 11 30 i
1283 1278 83 28 stort
1383 1278 64 28 sett
1465 1275 37 31 är
1520 1275 92 38 glest,

123 1314 102 31 måste
242 1314 178 32 detsamma
437 1315 234 39 kompletteras
688 1317 72 31 med
777 1317 71 31 ofta
864 1327 66 28 nog
944 1318 198 31 kostsamma
1159 1318 386 39 landsvägstransporter
1560 1320 52 31 till

125 1358 40 31 de
189 1358 164 39 viktigare
377 1363 97 35 orter,
499 1370 70 20 som
591 1361 103 31 sakna
719 1361 389 39 järnvägsförbindelser.
1168 1363 165 38 Slutligen
1358 1364 61 31 har
1445 1364 63 31 den
1534 1365 79 31 sista

124 1406 94 31 leden
236 1407 10 29 i
266 1407 332 41 distributionsnätet,
619 1408 321 38 lantbrevbäringen,
959 1408 111 31 vilken
1089 1409 103 30 måste
1209 1409 130 31 utföras
1358 1409 73 31 med
1451 1409 162 38 mänsklig

124 1451 212 38 arbetskraft,
354 1451 110 39 dragit
481 1452 60 32 allt
557 1453 106 30 större
679 1452 176 31 kostnader
872 1453 42 37 på
932 1453 111 36 grund
1060 1463 40 20 av
1117 1453 39 30 de
1174 1453 150 38 stigande
1342 1453 270 38 arbetspriserna.

124 1495 90 30 Från
232 1495 312 31 lantbrevbärarnas
561 1495 71 31 sida
649 1496 85 31 hava
751 1496 104 31 under
873 1496 39 31 de
926 1506 116 21 senare
1060 1497 78 30 åren
1156 1497 10 30 i
1184 1497 60 31 allt
1260 1499 107 29 större
1382 1498 231 38 utsträckning

124 1539 197 31 framställts
338 1539 82 31 krav
439 1540 44 37 på
501 1539 207 32 förbättrade
727 1541 301 38 avlöningsvillkor,
1047 1541 88 31 vilka
1156 1542 370 38 gencralpoststyrelsen
1544 1543 69 30 icke

124 1583 127 30 kunnat
271 1584 155 30 motsätta
445 1584 58 37 sig.
536 1583 168 39 Styrelsen
723 1585 102 31 måste
844 1585 95 30 också
959 1585 57 31 vid
1035 1585 215 33 bedömandet
1271 1597 40 20 av
1330 1586 196 32 hithörande
1546 1588 66 30 frå-

126 1636 58 28 gor
207 1630 78 34 taga
310 1627 128 38 hänsyn
463 1628 124 37 därtill,
612 1631 49 28 att
686 1629 185 38 utgifterna
896 1629 54 31 för
975 1630 346 39 postanordningarna
1345 1631 88 31 inom
1459 1642 39 20 en
1523 1633 90 31 trakt

125 1670 79 31 böra
225 1671 51 31 stå
297 1671 11 29 i
332 1671 124 39 rimligt
479 1672 208 31 förhållande
709 1673 52 31 till
784 1673 39 31 de
845 1674 199 31 befordrade
1067 1676 277 38 postmängderna
1368 1677 59 30 och
1450 1677 62 30 den
1536 1677 76 31 från

126 1715 130 30 trakten
280 1715 214 38 härflytande
519 1717 279 37 postuppbörden.
834 1718 165 39 Slutligen
1022 1719 55 30 får
1099 1720 81 30 även
1205 1720 142 39 beaktas,
1372 1725 48 29 att
1444 1722 107 30 under
1575 1722 38 31 de

125 1761 127 28 senaste
278 1759 149 31 krisåren
455 1760 124 38 Kungl.
608 1761 69 53 Maj
691 1765 21 27 t
740 1761 57 31 vid
823 1763 195 37 upprepade
1044 1764 157 31 tillfällen
1231 1764 152 39 inskärpt
1410 1766 200 38 nödvändig-

124 1802 97 31 heten
238 1813 41 20 av
296 1807 49 28 att
362 1806 10 29 i
390 1804 44 30 all
452 1784 116 58 möjlig
584 1805 76 30 mån
678 1806 178 32 inskränka
873 1807 196 39 utgifterna,
1088 1808 10 30 i
1117 1809 87 37 syfte
1222 1813 50 29 att
1290 1813 46 28 ett
1354 1810 76 31 ökat
1449 1811 164 31 överskott

126 1856 41 20 av
193 1847 180 37 postmedel
399 1848 104 31 skulle
530 1849 91 31 föras
648 1850 199 31 statskassan
875 1851 146 38 tillgodo.
1060 1834 71 50 Allt
1160 1853 90 32 detta
1278 1855 61 30 har
1366 1855 169 38 föranlett,
1564 1860 49 27 att

127 1890 367 38 generalpoststyrelsen
515 1892 69 31 icke
605 1893 43 37 på
668 1893 91 39 långt
780 1896 63 29 när
863 1896 9 29 i
895 1876 61 50 den
979 1897 240 39 utsträckning,
1242 1908 67 21 som
1330 1899 87 32 varit
1439 1880 173 58 önskvärd,

126 1934 127 31 kunnat
280 1934 171 38 tillgodose
477 1936 63 30 den
567 1937 137 31 svenska
731 1938 225 39 landsbygden
984 1940 73 31 med
1084 1941 310 40 lantbrevbäringar
1422 1944 58 30 och
1509 1926 104 49 andra

126 1978 309 38 postanordningar.

171 2025 61 32 Att
261 2025 125 32 arbetet
413 2026 74 31 med
515 2027 203 39 förbättring
747 2039 39 19 av
814 2029 354 38 lantbrevbäringarna
1196 2031 60 32 allt
1284 2031 91 32 detta
1404 2032 112 32 oaktat
1545 2034 68 30 icke

127 2069 85 38 legat
229 2079 86 28 nere,
339 2071 143 37 framgår
500 2082 38 20 av
557 2072 150 37 följande
724 2073 117 30 siffror
857 2073 52 31 till
927 2073 175 38 belysande
1121 2086 40 20 av
1178 2076 230 38 utvecklingen
1428 2077 106 32 under
1552 2079 60 30 den

126 2118 126 27 senaste
271 2114 268 38 tioårsperioden.

168 2162 193 37 Utgifterna
402 2164 53 28 för
495 2163 350 39 lantbrevbäringarna
887 2165 156 37 utgjorde
1084 2165 106 32 under
1220 2167 38 29 år
1287 2167 80 29 1926
1397 2168 216 37 sammanlagt

126 2205 165 30 2.970.240
319 2207 128 37 kronor,
477 2208 230 31 motsvarande
735 2208 119 31 siffror
882 2210 53 29 för
964 2210 80 29 1935
1074 2211 56 30 äro
1159 2211 163 30 3.821.299
1352 2212 130 38 kronor,
1512 2213 101 31 vilket

127 2249 96 30 alltså
247 2250 138 30 innebär
409 2261 38 20 en
473 2251 123 37 ökning
621 2263 40 20 av
685 2252 132 30 851.000
842 2254 120 30 kronor
988 2255 110 30 eller
1092 2255 90 36 28,65
1211 2258 46 36 26.
1295 2256 85 31 Hela
1403 2257 209 32 kostnadsök-

125 2294 122 37 ningen
266 2294 99 30 faller
383 2295 180 30 emellertid
583 2296 68 30 icke
673 2297 40 36 på
731 2297 243 37 förbättringar
993 2309 40 20 av
1052 2299 361 52 lantbrevbäringarna,
1435 2304 78 29 enär
1533 2304 79 29 även

127 2337 84 31 vissa
235 2338 178 37 höjningar
438 2349 39 19 av
502 2339 565 41 lantbrevbäringsersättningarna,
1094 2343 40 37 på
1160 2344 62 31 sätt
1250 2345 92 30 förut
1368 2349 136 37 antytts,
1531 2347 83 30 hava

126 2381 55 37 ägt
200 2389 83 22 rum.

169 2428 136 32 Antalet
327 2429 55 30 vid
404 2429 271 38 lantbrevbäring
697 2431 169 36 postförda
889 2432 170 30 kilometer
1083 2432 153 37 utgjorde
1258 2434 107 30 under
1387 2435 37 30 år
1448 2435 79 30 1926
1550 2435 64 31 till-

126 2472 85 37 hopa
230 2472 193 30 12.655.800.
453 2473 113 31 Under
585 2475 37 29 år
641 2475 78 28 1935
739 2475 82 31 hade
839 2476 229 31 motsvarande
1087 2478 44 28 tal
1151 2477 89 37 stigit
1262 2478 51 30 till
1334 2478 182 31 15.871.919
1537 2480 78 30 eller

128 2516 69 30 med
224 2516 86 37 25,41
343 2519 45 36 246.
430 2518 47 30 Då
503 2518 449 39 lantbrevbäringslinjernas
978 2521 88 30 antal
1095 2521 113 32 endast
1236 2522 91 31 ökats
1355 2523 73 30 från
1457 2524 91 29 2.902
1574 2528 38 26 st.
