1856 2772
420 151 122 31 Första
566 153 243 39 lagutskottets
833 156 179 31 utlåtande
1035 168 42 20 nr
1101 160 39 29 16
1161 160 39 29 år
1225 161 82 29 1965
1590 166 16 29 7

124 227 77 31 från
223 230 38 29 16
280 231 48 29 till
350 232 48 28 17.
417 232 180 40 Därjämte
615 234 157 37 föreslås,
790 239 48 27 att
856 238 160 38 gällande
1033 239 56 39 lag
1107 248 55 20 om
1182 240 151 40 tillfällig
1350 242 132 39 ökning
1498 253 42 19 av
1556 252 50 21 re-

121 282 265 40 geringsrådens
407 287 95 28 antal
524 288 176 38 upphäves
720 290 64 29 och
804 292 51 27 att
874 290 310 33 bestämmelserna
1204 294 75 29 däri
1299 295 78 29 med
1398 296 91 29 vissa
1511 296 95 29 kom-

121 335 224 41 pletteringar
363 339 64 29 och
442 339 227 41 jämkningar
684 342 175 31 överföres
876 344 52 30 till
944 346 379 40 regeringsrättslagen.

166 388 10 28 I
205 390 261 37 propositionen
493 392 146 31 föreslås
664 394 118 31 vidare
806 405 44 20 en
879 397 241 41 följdändring
1146 408 42 20 av
1214 400 228 30 redaktionell
1472 404 51 27 art
1552 403 49 29 till

119 441 57 29 det
196 451 43 21 av
259 443 82 30 1964
360 444 58 30 års
436 445 143 40 riksdag
597 447 117 30 såsom
733 448 138 31 vilande
890 452 152 37 antagna
1062 451 166 39 förslaget
1248 453 51 30 till
1319 454 134 30 ändrad
1475 455 127 39 lydelse

118 503 43 19 av
183 495 37 36 $$
244 496 41 30 24
306 498 62 29 och
392 499 42 29 26
455 500 315 39 regeringsformen
790 503 149 30 rörande
962 504 285 32 nådeärendenas
1268 507 270 41 handläggning.

162 548 170 39 Lagrådet
350 551 64 29 har
434 552 132 30 lämnat
585 554 41 30 de
646 564 46 20 nu
713 555 195 39 framlagda
927 558 234 39 lagförslagen
1183 560 82 29 utan
1285 561 151 29 erinran.

162 602 226 32 Beträffande
404 605 57 31 det
477 607 161 30 närmare
653 608 190 31 innehållet
866 610 2 28 i
886 612 269 37 promemorian,
1172 614 335 39 remissyttrandena
1524 616 77 29 här-

116 655 80 28 över
217 659 90 27 samt
326 657 405 38 departementschefens
750 662 204 30 uttalanden
977 664 53 30 får
1053 665 168 31 utskottet
1240 667 147 30 hänvisa
1406 669 52 29 till
1478 678 123 30 propo-

116 708 161 31 sitionen.

766 827 180 33 Utskottet

159 922 131 30 Genom
309 923 114 32 beslut
443 935 42 20 av
507 927 81 30 1964
608 928 56 29 års
684 928 143 40 riksdag
845 930 64 29 har
929 931 117 30 såsom
1066 932 138 30 vilande
1224 935 151 37 antagits
1396 935 130 40 förslag
1548 937 49 28 till

114 975 116 30 ändad
250 976 129 39 lydelse
400 987 42 21 av
461 979 44 30 bl.
528 989 28 21 a.
579 981 15 36 $
616 981 37 30 21
677 982 327 39 regeringsformen,
1026 994 75 20 som
1122 986 194 30 innehåller
1337 987 260 32 bestämmelser

114 1036 56 21 om
194 1029 164 38 lagrådet.
382 1031 112 39 Syftet
516 1035 77 28 med
616 1034 166 39 förslaget
804 1037 39 28 är
866 1039 50 27 att
938 1037 126 31 bereda
1087 1039 154 38 lagrådet
1263 1040 183 39 möjlighet
1469 1044 50 28 att
1540 1043 57 29 vid

112 1081 111 30 behov
249 1083 116 31 arbela
391 1085 46 39 på
461 1086 235 39 avdelningar.
723 1088 116 39 Enligt
864 1091 358 38 grundlagsförslaget
1249 1093 87 30 skall
1364 1095 116 29 såsom
1507 1096 90 30 leda-

112 1134 112 31 möter
244 1146 42 20 av
304 1136 156 40 lagrådet
479 1139 194 40 tjänstgöra
694 1143 53 29 tre
765 1142 201 38 justitieråd
986 1145 66 29 och
1072 1155 43 20 en
1134 1155 43 20 av
1195 1147 311 39 regeringsrättens
1529 1150 67 38 lag-

113 1188 100 30 farna
238 1189 190 31 ledamöter
452 1193 80 30 med
555 1194 182 39 möjlighet
761 1196 53 29 för
839 1196 126 40 Kungl.
991 1198 104 39 Maj:t
1119 1201 50 28 att
1195 1200 166 30 förordna
1386 1211 115 20 annan
1528 1204 68 37 lag-

112 1242 110 34 faren,
249 1243 147 41 skicklig
421 1246 65 29 och
513 1247 135 40 oväldig
673 1257 125 30 person
826 1252 51 28 att
902 1251 197 39 tjänstgöra
1124 1253 116 30 såsom
1267 1254 150 30 ledamot
1444 1257 10 29 i
1481 1256 114 30 stället

112 1296 54 29 för
186 1299 48 28 ett
253 1307 43 20 av
312 1299 256 38 justitieråden.
589 1302 74 30 Vad
686 1303 147 30 sålunda
855 1305 197 39 föreslagits
1075 1316 98 20 avses
1194 1308 10 29 i
1226 1308 287 32 förekommande
1535 1311 61 30 fall

111 1350 99 30 skola
228 1351 88 39 gälla
338 1353 96 39 varje
454 1354 194 40 avdelning.
669 1356 13 28 I
704 1356 227 32 förevarande
952 1360 218 38 proposition
1189 1361 145 30 föreslås
1356 1363 110 29 under
1487 1363 109 30 förut-

111 1403 155 40 sättning
286 1414 41 19 av
348 1408 50 27 att
420 1407 357 41 grundlagsförslaget
800 1410 133 40 slutligt
957 1412 220 38 genomföres
1199 1414 92 30 vissa
1314 1414 282 41 följdändringar

110 1456 149 30 rörande
276 1457 41 30 de
335 1458 11 28 i
363 1459 130 29 allmän
514 1461 54 38 lag
586 1463 177 37 upptagna
784 1462 310 32 bestämmelserna
1113 1474 56 20 om
1190 1466 153 39 lagrådet
1363 1470 90 27 samt
1473 1469 121 39 högsta

109 1508 214 30 domstolens
355 1510 64 29 och
451 1512 310 39 regeringsrättens
791 1516 320 39 sammansättning
1142 1518 63 29 och
1239 1519 231 40 tjänstgöring
1508 1521 85 38 (lag-

110 1560 174 40 förslagen
311 1564 82 29 1---3
416 1564 9 28 i
450 1566 292 37 propositionen).
767 1568 181 39 Därjämte
973 1570 209 39 framlägges
1207 1572 8 28 i
1239 1573 262 38 propositionen
1525 1575 67 27 för-

109 1614 73 38 slag
209 1615 206 41 (lagförslag
434 1618 36 30 4)
499 1619 49 30 till
570 1629 42 19 en
634 1620 241 40 följdändring
898 1632 41 20 av
960 1623 230 31 redaktionell
1213 1627 53 28 art
1288 1626 51 29 till
1362 1627 57 29 det
1441 1636 42 20 av
1505 1628 87 29 före-

108 1667 132 37 gående
265 1669 56 29 års
345 1670 143 41 riksdag
515 1672 114 30 såsom
656 1673 136 31 vilande
818 1677 150 37 antagna
996 1677 356 40 grundlagsförslaget
1380 1680 51 29 till
1458 1681 133 30 ändrad

110 1721 126 36 iydelse
258 1732 40 19 av
322 1723 37 36 $$
382 1724 42 28 24
444 1726 65 28 och
530 1726 40 29 26
591 1727 315 37 regeringsformen
928 1730 148 30 rörande
1098 1731 283 31 nådeärendenas
1404 1729 187 48 handlägg-

108 1774 92 38 ning.

153 1827 224 32 Beträffande
404 1830 154 38 lagrådet
583 1833 145 29 föreslås
754 1837 49 27 att
830 1835 84 29 1909
938 1836 57 29 års
1022 1838 53 37 lag
1100 1847 57 19 om
1184 1839 276 38 tjänstgöringen
1488 1841 8 28 i
1522 1842 68 38 lag-

107 1880 95 29 rådet
228 1881 85 29 skall
339 1883 150 30 ersättas
511 1894 40 20 av
575 1895 45 29 ny
643 1886 229 39 lagstiftning.
896 1889 169 36 Lagrådet
1091 1890 88 32 skall
1204 1891 107 38 enligt
1332 1892 56 30 det
1413 1902 46 19 nu
1485 1894 105 29 fram-

108 1933 101 37 lagda
226 1934 163 39 förslaget
409 1936 97 30 bestå
525 1947 41 19 av
585 1939 55 29 två
658 1939 234 40 avdelningar,
912 1951 41 20 en
975 1942 173 30 ordinarie
1168 1945 63 28 och
1250 1954 41 19 en
1312 1947 105 33 extra,
1439 1956 39 19 av
1498 1947 90 29 vilka

105 1986 68 28 den
194 1994 122 23 senare
337 1989 90 29 dock
448 1990 122 30 endast
593 2000 98 21 avses
713 1993 100 30 skola
834 1994 195 39 tjänstgöra
1054 1996 108 29 under
1186 1997 48 30 tid
1258 1998 125 39 Kungl.
1407 1999 104 40 Maj:t
1535 2000 53 29 be-

106 2039 175 32 stämmer,
305 2041 12 29 I
337 2041 166 39 förslaget
523 2044 135 30 lämnas
679 2045 160 31 närmare
860 2047 263 31 bestämmelser
1143 2059 55 20 om
1221 2051 172 38 lagrådets
1415 2061 173 22 samman-

106 2092 153 40 sättning
282 2094 64 29 och
366 2095 256 32 ledamöternas
647 2098 241 40 tjänstgöring.
912 2101 49 29 Bl.
984 2111 29 20 a.
1036 2102 147 30 föreslås
1205 2104 231 39 upphävande
1460 2115 41 21 av
1522 2107 65 29 den

105 2144 172 31 alltsedan
298 2147 82 30 1909
400 2148 57 29 års
478 2149 72 39 lags
569 2150 170 31 tillkomst
760 2153 159 37 gällande
940 2154 225 31 föreskriften
1188 2158 48 28 att
1256 2157 201 38 justitieråd
1478 2159 30 39 ej
1532 2161 56 28 må

105 2198 195 38 tjänstgöra
324 2201 8 28 i
358 2201 165 38 lagrådet,
549 2203 118 29 förrän
693 2205 69 28 han
787 2206 107 30 minst
920 2207 55 29 två
1001 2207 39 29 år
1065 2208 131 30 beklätt
1219 2205 368 48 justitierådsämbete.

105 2251 99 29 Detta
227 2251 124 31 villkor
373 2263 101 20 anses
497 2255 170 38 nämligen
692 2257 83 30 böra
798 2259 90 37 utgå,
911 2268 56 20 om
991 2260 182 38 möjlighet
1195 2262 131 30 införes
1349 2265 50 27 att
1422 2264 163 30 förordna

104 2312 123 29 person
250 2306 140 29 utanför
407 2307 265 37 justitierådens
691 2311 64 28 och
775 2311 305 39 regeringsrådens
1098 2313 95 29 krets
1213 2317 47 27 att
1280 2316 190 37 tjänstgöra
1490 2318 9 28 i
1520 2318 67 37 lag-

104 2357 106 30 rådet.
232 2358 210 38 Härigenom
461 2360 198 38 tillgodoses
678 2363 106 38 enligt
804 2363 385 39 departementschefen
1211 2368 8 28 i
1239 2368 70 29 viss
1328 2369 82 29 mån
1430 2370 86 29 även
1538 2371 48 28 in-

104 2410 123 31 tresset
250 2413 49 28 att
322 2411 201 40 tillräckligt
545 2415 93 29 antal
662 2415 200 37 justitieråd
886 2418 78 29 med
988 2418 69 30 rält
1080 2419 65 29 och
1168 2420 198 40 skyldighet
1389 2424 49 28 atl
1463 2423 122 39 ljänst-

103 2463 79 35 Söra
203 2465 7 28 i
232 2464 150 38 lagrådet
402 2465 115 30 finnes
535 2468 47 28 att
603 2467 103 38 tillgå.
727 2469 118 29 Såsom
866 2471 206 38 motivering
1091 2472 54 29 för
1164 2472 145 31 berörda
1327 2475 125 29 villkor
1470 2477 115 28 anför-
