2210 2646
422 197 104 29 Första
548 197 193 28 Kammarens
769 198 168 36 Tillfälliga
965 198 125 27 Utskotts
1113 196 73 38 (N:o
1210 196 33 36 1)
1271 197 155 29 Utlåtande
1447 197 58 29 N:o
1527 194 48 31 27.
1744 195 19 30 5

204 270 122 50 ning),
366 272 116 47 ingen
521 286 126 24 annan
675 278 128 43 gräns,
832 278 48 32 än
909 278 55 32 att
992 273 209 37 automobil
1224 273 84 36 icke
1333 275 61 34 må
1421 272 201 37 framföras
1646 272 84 37 med
1757 285 49 23 en

206 322 205 48 hastighet,
439 337 79 23 som
546 325 85 45 efter
658 326 42 34 de
717 325 374 49 förhandenvarande
1114 325 343 47 omständigheterna
1476 325 69 34 kan
1566 336 100 24 anses
1676 324 130 48 farlig.

205 375 17 36 I
263 374 46 35 de
348 373 93 37 allra
478 374 109 37 flesta
625 374 134 37 länder
800 374 255 37 förekommer
1084 374 110 47 dock,
1217 374 12 35 i
1253 379 159 31 motsats
1439 374 139 45 härtill,
1607 373 114 37 äfven
1749 373 58 37 för

206 423 126 37 körsel
355 423 12 36 i
395 429 125 44 öppen
549 430 156 42 terräng
732 438 47 23 en
807 425 172 36 bestämd
999 426 261 47 maximigräns
1284 425 97 48 (high
1397 426 100 47 speed
1517 423 121 47 limit),
1658 424 149 48 ganska

207 475 101 36 olika
345 474 12 36 i
385 475 101 36 olika
512 475 146 46 länder,
687 475 72 36 och
787 475 213 48 utgörande
1029 475 12 36 i
1070 475 201 36 kilometer
1294 488 45 35 pr
1366 475 146 36 timma:
1545 468 174 45 Österrike
1741 476 64 44 45;

206 526 134 35 Italien
369 527 63 43 40;
461 526 172 45 England
661 528 62 43 32;
744 526 202 45 Danmark,
965 527 159 47 Belgien,
1143 526 213 46 Frankrike,
1373 525 154 38 Schweiz
1543 525 72 36 och
1634 525 174 47 Portugal

208 577 63 44 30;
300 576 158 48 Spanien
487 578 63 42 28;
578 576 122 47 Norge
727 575 101 36 olika
854 576 13 35 i
894 576 103 36 olika
1025 581 78 31 amt
1131 572 177 50 (30—15;
1339 574 236 37 sistnämnda
1603 574 204 36 maximum

208 626 257 36 förekommer
503 631 25 31 t.
558 639 57 24 ex.
643 626 14 36 i
686 625 272 37 Smaalenenes
983 623 102 49 amt).
1140 625 53 36 Af
1215 626 286 36 Nordamerikas
1523 626 158 36 Förenta
1703 632 107 29 stater

208 676 112 37 hafva
359 676 165 37 flertalet
565 681 55 32 ett
660 676 206 36 maximum
900 676 41 36 af
965 679 46 34 32
1041 676 202 36 kilometer
1271 676 93 36 eller
1390 689 121 32 mera;
1539 675 53 37 tio
1621 675 114 36 hafva
1762 676 47 36 25

208 727 217 45 kilometer;
467 732 57 31 tre
565 727 115 37 hafva
712 740 47 23 en
788 727 106 48 lägre
924 727 104 36 siffra
1056 724 197 50 (Alabama
1280 727 68 36 har
1375 726 104 37 cirka
1509 728 44 34 13
1583 723 226 49 kilometer).

207 777 135 50 Enligt
368 779 122 36 svensk
517 778 64 47 lag
608 783 41 31 är
677 778 203 36 maximum
909 778 13 37 i
949 783 126 44 öppen
1096 783 156 41 terräng
1272 790 82 24 som
1371 777 143 37 bekant
1531 778 46 35 25
1598 776 212 37 kilometer.

341 828 18 36 I
386 828 73 37 alla
486 828 143 47 länder,
656 828 113 37 äfven
796 829 12 36 i
836 829 85 36 dem
951 842 80 22 som
1059 828 86 37 icke
1173 828 117 37 hafva
1316 831 127 45 någon
1471 829 80 46 high
1578 829 104 47 speed
1706 829 106 45 limit,

208 879 123 36 finnes
369 879 230 37 åtminstone
640 893 43 23 en
724 879 107 47 lägre
871 879 349 48 hastighetsgräns,
1256 878 178 37 stundom
1475 878 90 37 fere
1602 878 82 41 (low
1710 880 102 46 speed

210 928 139 48 limits),
390 929 179 48 gällande
610 930 60 35 för
708 929 75 36 fart
819 942 141 36 genom
988 928 263 52 tätbefolkade
1275 935 114 42 orter,
1417 929 12 36 i
1457 927 173 50 kuperad
1653 928 119 47 mark,
1800 927 12 37 i

209 980 152 47 kurvor,
401 980 12 36 i
454 980 150 36 mörker
643 979 92 37 eller
758 980 142 37 dimma
927 993 32 24 o.
986 993 26 23 8.
1042 993 32 23 v.
1128 980 128 36 Äfven
1283 979 124 36 denna
1434 984 129 43 gräns,
1591 979 221 48 respektive

211 1031 113 36 dessa
351 1035 173 43 gränser,
551 1030 149 37 variera
728 1031 149 47 ganska
905 1030 132 47 starkt,
1058 1030 162 37 likasom
1245 1030 365 47 förutsättningarna
1625 1029 60 36 för
1701 1029 112 36 deras

209 1080 282 50 tillämplighet.
545 1080 168 38 Sålunda
749 1082 68 36 har
844 1081 172 48 stadgats
1039 1082 13 36 i
1078 1082 199 36 Frankrike
1303 1083 47 34 20
1379 1078 222 49 (eventuellt
1632 1076 58 51 12)
1719 1079 96 37 kilo-

210 1137 121 32 meter
370 1144 141 36 genom
548 1132 263 37 tätbefolkade
851 1138 113 41 orter,
1005 1134 20 35 6
1068 1132 201 37 kilometer
1296 1145 140 35 genom
1464 1134 136 46 trånga
1626 1143 190 37 passager

212 1182 94 37 eller
332 1182 116 37 bland
472 1182 248 47 folkmassor;
748 1185 174 47 England
953 1185 43 35 16
1026 1183 203 37 kilometer
1251 1186 47 46 på
1314 1183 104 36 vissa
1438 1182 262 49 vägsträckor,
1718 1181 98 38 efter

212 1232 165 38 särskild
414 1233 288 47 bestämmelse;
735 1235 178 48 Tyskland
937 1236 46 35 15
1011 1234 206 36 kilometer
1243 1247 140 34 genom
1406 1233 262 37 tätbefolkade
1697 1237 117 41 orter;

214 1276 177 45 Österrike
417 1283 189 37 likaledes
638 1286 44 35 15
711 1285 203 37 kilometer
936 1285 122 36 under
1085 1298 148 23 samma
1259 1284 289 47 förutsättning,
1578 1286 20 34 6
1615 1283 201 37 kilometer

211 1335 14 36 i
264 1334 153 47 dimma,
448 1334 64 37 vid
545 1335 211 48 korsvägar
783 1342 90 39 etc.;
901 1337 195 35 Danmark
1125 1337 45 35 15
1199 1335 200 37 kilometer
1426 1335 12 35 i
1466 1334 129 37 städer
1622 1339 85 42 etc.,
1736 1332 76 48 1!/

210 1385 203 37 kilometer
453 1385 179 47 nattetid,
677 1386 64 37 vid
780 1387 106 36 stark
924 1386 124 47 trafik,
1095 1389 49 45 på
1183 1385 160 49 slipprig
1375 1385 186 45 körbana;
1589 1386 132 36 Italien
1744 1384 73 37 och

212 1436 162 48 Spanien
413 1435 257 38 öfverhufvud
710 1437 136 37 endast
885 1445 46 29 ett
967 1436 107 49 lägre
1115 1436 218 47 maximum,
1376 1438 44 34 12
1451 1435 217 45 kilometer;
1695 1435 122 37 likaså

212 1487 148 48 Belgien
388 1486 71 37 och
497 1488 171 47 Portugal
698 1489 45 35 10
770 1488 212 37 kilometer.
1037 1488 17 36 I
1077 1488 167 36 Holland
1267 1487 74 36 kan
1365 1486 122 50 dylikt
1514 1486 219 47 maximum,
1761 1485 57 37 för

214 1537 98 37 visst
339 1537 167 47 område,
534 1538 209 37 fastställas
772 1539 42 37 af
838 1539 230 48 regeringen
1096 1538 96 37 efter
1219 1537 127 38 beslut
1374 1537 41 37 af
1437 1536 321 50 ortsmyndighet.
1800 1536 18 37 I

213 1589 200 47 Ryssland,
450 1601 81 24 som
572 1589 33 48 ej
641 1594 94 42 äger
762 1593 129 44 någon
919 1589 58 37 för
1004 1589 88 37 hela
1120 1589 100 36 riket
1245 1588 180 48 gällande
1459 1587 359 38 automobilförord-

213 1639 105 48 ning,
355 1638 234 38 förekomma
628 1640 12 36 i
669 1641 186 37 särskilda
883 1640 129 37 städer
1039 1639 189 38 särskilda
1255 1639 290 38 bestämmelser
1569 1636 250 51 (Petersburg

213 1695 25 31 t.
268 1702 57 24 ex.
354 1689 68 37 har
450 1691 44 35 12
520 1690 200 38 kilometer
747 1696 125 33 såsom
896 1691 359 48 hastighetsgräns).
1308 1690 17 37 I
1352 1690 286 37 Nordamerikas
1663 1691 157 36 Förenta

213 1748 108 29 stater
343 1740 146 37 variera
517 1742 63 36 low
606 1744 105 46 speed
738 1745 110 35 limits
870 1743 84 36 från
983 1746 18 32 7
1031 1742 58 37 till
1113 1743 47 35 20
1188 1741 201 37 kilometer
1412 1738 275 49 (tätbefolkade
1705 1746 114 41 orter,

214 1792 223 48 korsvägar,
473 1791 140 50 skarpa
652 1793 141 37 kurvor
834 1791 99 49 etc.).
973 1812 50 6 —
1058 1793 84 37 Den
1171 1791 268 38 motsvarande
1480 1792 146 36 svenska
1654 1791 166 37 bestäm-

214 1842 148 38 melsen
395 1841 154 49 stadgar
577 1846 124 34 såsom
731 1844 223 37 maximum:
998 1846 45 35 15
1086 1843 205 37 kilometer
1324 1842 64 37 vid
1425 1842 127 37 körsel
1578 1855 142 35 genom
1748 1846 74 32 tätt

215 1893 204 49 bebyggdt
455 1894 184 37 samhälle
683 1895 122 37 under
845 1895 190 48 dagsljus;
1077 1896 46 35 10
1154 1894 202 37 kilometer
1382 1893 65 36 vid
1475 1893 142 46 körsel,
1647 1892 173 49 likagodt

215 1944 105 48 hvar,
347 1943 121 37 under
490 1945 154 36 mörker
671 1946 92 37 eller
790 1946 141 37 dimma
959 1943 260 50 (Stockholms
1244 1944 83 37 stad
1355 1949 114 43 utgör
1486 1943 196 48 undantag
1699 1943 123 48 enligt

216 1995 130 48 kungl.
385 1994 149 38 brefvet
574 1993 65 50 ?3/;
676 1994 121 50 1908).
852 1997 55 37 De
936 1997 168 36 svenska
1131 1996 172 37 siffrorna
1331 1992 135 40 stanna
1494 1994 151 37 således
1673 1995 12 36 i
1713 1993 109 50 fråga

216 2060 61 23 om
301 2046 206 37 maximum
534 2047 12 36 i
570 2052 129 45 öppen
722 2052 156 43 terräng
904 2050 125 45 under,
1055 2061 88 23 men
1172 2046 77 49 gå
1266 2046 110 49 ifråga
1393 2059 60 24 om
1471 2045 46 37 de
1533 2045 107 49 lägre
1658 2045 164 37 maxima

217 2110 153 25 snarare
398 2098 98 41 öfver
523 2097 66 38 det
610 2098 328 48 genomsnittliga.

348 2148 75 37 För
462 2155 55 31 att
556 2149 251 48 fullständiga
843 2149 124 37 denna
997 2149 88 47 bild,
1112 2149 71 36 bör
1210 2147 212 38 emellertid
1445 2147 195 48 tilläggas,
1665 2152 54 32 att
1747 2147 76 37 den

217 2199 183 49 riktning,
428 2199 107 37 hvari
563 2200 293 49 lagstiftningen
884 2206 61 31 rör
973 2200 70 47 sig,
1073 2198 228 49 obetingadt
1329 2203 41 32 är
1396 2198 147 48 ökning
1571 2195 107 49 (eller
1697 2198 130 37 rentaf

217 2248 268 50 borttagande)
522 2251 42 37 af
601 2251 325 48 maximigränsen
966 2251 12 37 i
1006 2257 128 43 öppen
1159 2255 157 43 terräng
1344 2246 108 51 (high
1479 2249 121 49 speed
1628 2246 123 50 limit).
1804 2248 19 37 I
