1920 2794
362 186 185 29 Allmänna
572 183 396 40 beredningsutskottets
992 181 178 31 utlåtande
1192 190 41 19 nr
1255 181 41 28 30
1318 180 38 29 år
1381 179 82 29 1966
1634 176 17 28 3

175 266 56 29 det
246 267 36 27 är
297 265 178 39 angeläget
490 267 49 27 att
555 273 80 20 man
651 264 176 37 samtidigt
842 262 144 29 härmed
1002 262 126 38 skapar
1145 260 166 37 underlag
1327 259 53 29 för
1395 267 41 19 en
1452 266 92 20 mera
1560 257 93 37 lång-

175 310 104 38 siktig
298 309 181 39 planering
498 318 41 20 av
560 307 328 30 mälarfarledernas
910 305 207 39 utbyggnad.
1139 305 72 28 Den
1231 304 10 28 i
1262 303 176 29 motionen
1459 301 195 37 föreslagna

176 354 230 38 utredningen
431 353 112 29 skulle
569 361 78 20 avse
674 351 338 38 förutsättningarna
1039 352 49 26 att
1115 349 105 29 utöka
1247 348 122 38 djupet
1396 356 40 19 av
1464 340 190 46 Södertälje

176 399 102 29 kanal
299 407 57 20 om
377 398 135 38 möjligt
533 397 50 29 till
608 397 37 28 16
666 398 107 27 meter
794 397 89 28 samt
905 397 48 27 att
974 395 108 38 bygga
1105 394 52 28 för
1179 393 170 38 sjöfarten
1371 390 141 39 lämplig
1532 389 91 29 sluss
1645 389 8 27 i

176 443 112 29 denna
307 442 209 39 fördjupade
535 441 114 29 kanal.
668 440 215 29 Motionären
905 438 202 30 framhåller
1127 440 48 27 att
1193 446 40 20 en
1255 435 198 40 utbyggnad
1472 444 41 19 av
1531 433 123 29 mälar-

175 487 197 29 farlederna
401 486 104 38 enligt
535 484 335 40 sjöfartsstyrelsens
901 483 128 38 förslag
1059 481 212 30 omedelbart
1301 481 68 28 kan
1399 478 163 40 påbörjas
1591 477 63 29 och

175 533 49 27 att
249 532 67 28 den
340 530 280 30 mellansvenska
645 529 201 38 bergslagen
872 529 54 28 väl
951 527 267 30 dokumenterat
1243 525 145 29 behovet
1414 533 40 20 av
1479 532 42 20 en
1547 522 108 29 sådan

176 576 210 38 utbyggnad.

218 619 136 39 Frågan
380 628 56 20 om
461 619 93 29 olika
579 616 435 41 fördjupningsalternativ
1039 616 62 29 har
1127 615 109 29 under
1262 615 40 28 de
1329 612 225 38 utredningar
1581 619 74 20 som

176 664 147 38 föregått
344 662 334 40 sjöfartsstyrelsens
699 662 130 38 förslag
848 661 88 29 varit
957 660 145 29 föremål
1123 659 53 29 för
1196 658 168 38 ingående
1384 655 271 37 undersökning.

175 708 65 29 Tre
263 708 94 29 olika
381 706 436 40 fördjupningsalternativ
839 705 63 29 har
927 704 120 30 därvid
1073 704 123 28 utretts
1222 703 52 28 för
1300 704 47 27 ett
1372 700 219 39 djupgående
1615 707 41 20 av

177 752 193 39 respektive
391 751 48 34 7,5
459 753 116 32 meter,
594 750 51 34 9,2
664 752 107 27 meter
788 750 65 29 och
872 750 49 31 9,7
942 751 117 27 meter.

221 795 323 40 Sjöfartsstyrelsen
574 795 63 29 har
670 794 161 39 slutligen
864 796 141 27 stannat
1036 793 54 29 för
1122 794 50 27 att
1204 791 141 29 förorda
1376 799 42 20 en
1449 789 134 29 variant
1616 797 41 19 av

177 840 48 34 7,5
250 839 304 39 metersförslaget,
579 839 165 29 benämnt
768 838 52 34 8,0
845 836 303 38 metersförslaget,
1173 834 236 29 innebärande
1433 843 41 20 en
1499 832 157 39 fördjup-

177 885 83 38 ning
275 894 42 20 av
332 884 198 29 farlederna
545 884 53 28 för
613 883 52 34 8,0
682 885 125 27 meters
823 882 220 39 djupgående
1061 881 113 38 fartyg
1190 880 64 29 och
1271 889 41 19 en
1329 878 162 38 samtidig
1507 877 149 39 nybygg-

176 929 67 29 nad
262 938 42 20 av
323 928 91 29 sluss
432 928 12 29 i
462 928 191 38 Södertälje
672 927 105 38 enligt
796 926 51 34 9,2
867 925 304 38 metersförslaget.
1191 924 210 38 Härigenom
1422 922 111 29 skulle
1552 921 104 28 bland

177 975 106 27 annat
302 973 124 28 vinnas
447 973 108 28 större
576 971 194 29 flexibilitet
791 971 78 29 med
889 971 137 38 hänsyn
1046 970 51 28 till
1120 968 234 39 fartygsvalet,
1377 975 122 30 genom
1519 968 49 27 att
1589 965 67 29 far-

177 1019 58 37 tyg
256 1017 78 29 med
358 1018 71 27 stor
451 1016 108 29 bredd
581 1015 64 30 och
669 1016 102 38 längd
795 1016 10 28 i
828 1014 218 29 förhållande
1069 1014 51 29 till
1144 1012 236 39 djupgåendet
1404 1011 110 29 skulle
1538 1010 119 28 kunna

178 1062 107 28 sättas
307 1061 35 29 in
364 1061 12 28 i
395 1060 109 29 trafik
525 1060 43 39 på
589 1060 163 29 Mälaren.
775 1060 186 28 Dessutom
983 1058 121 28 vinnes
1127 1057 65 29 den
1215 1056 155 29 fördelen
1393 1057 49 27 att
1464 1064 41 19 en
1527 1054 130 39 ytterli-

178 1113 78 31 gare
273 1104 230 39 fördjupning
519 1113 42 20 av
576 1104 197 29 farlederna
789 1103 50 29 till
858 1103 50 33 9,2
926 1104 107 27 meter
1052 1102 68 29 kan
1138 1101 59 29 ske
1215 1103 84 26 utan
1317 1102 49 27 att
1383 1099 217 39 ombyggnad
1616 1107 41 20 av

177 1150 67 29 den
259 1149 198 38 föreslagna
473 1149 135 28 slussen
624 1148 147 29 behöver
788 1148 71 28 ske.
877 1146 340 39 Sjöfartsstyrelsens
1235 1145 130 37 förslag
1381 1144 63 28 har
1460 1143 123 28 vunnit
1600 1151 57 20 an-

177 1193 154 40 slutning
352 1193 79 29 från
451 1192 159 39 samtliga
631 1193 224 28 intressenter
876 1200 73 20 som
969 1193 59 27 äro
1049 1191 135 28 knutna
1202 1190 51 28 till
1275 1189 316 29 mälarhamnarna.

220 1238 65 29 Till
318 1237 124 39 frågan
472 1246 59 20 om
559 1236 199 40 ytterligare
790 1235 227 38 utredningar
1049 1243 57 20 om
1139 1234 109 29 större
1281 1232 290 30 kanalalternativ
1603 1231 55 29 må

177 1282 205 29 framhållas
406 1283 49 28 att
479 1282 42 29 de
542 1281 124 29 hittills
690 1280 147 29 utredda
860 1279 229 30 alternativen
1113 1279 53 29 får
1190 1287 101 20 anses
1316 1276 253 30 tillfredsställa
1593 1276 64 28 den

177 1327 78 29 övre
282 1327 103 38 gräns
411 1326 11 29 i
448 1325 98 39 fråga
569 1334 57 20 om
652 1324 311 39 fartygsstorleken
991 1333 74 19 som
1091 1333 41 19 av
1158 1322 258 30 säkerhetsskäl
1443 1321 60 29 bör
1529 1320 129 29 tillåtas

177 1371 11 29 i
208 1371 165 29 Mälaren.
395 1370 64 29 Det
481 1370 128 29 största
629 1379 42 19 av
691 1370 41 28 de
754 1369 148 29 utredda
924 1368 228 29 alternativen
1173 1385 43 2 —
1238 1366 49 34 9,7
1312 1365 345 30 metersalternativet

177 1432 42 4 —
235 1415 112 28 skulle
363 1414 120 38 medge
499 1414 109 29 trafik
623 1414 78 28 med
718 1414 114 38 fartyg
849 1413 79 29 över
945 1412 38 29 25
998 1412 61 29 000
1076 1412 63 29 dw.
1157 1412 102 28 Detta
1275 1410 184 30 alternativ
1474 1410 62 28 har
1552 1409 104 28 redan

178 1459 110 28 under
316 1458 41 29 de
387 1458 250 29 förberedande
666 1457 274 38 utredningarna
969 1458 132 27 ansetts
1131 1455 53 29 för
1214 1455 78 38 dyrt
1322 1455 10 28 i
1362 1453 217 30 förhållande
1607 1452 52 29 till

178 1503 200 29 fördelarna
395 1502 64 29 och
478 1501 326 30 mälarhamnarnas
824 1501 224 28 intressenter
1068 1500 63 29 har
1150 1499 118 29 därför
1288 1498 156 29 förordat
1464 1507 40 19 en
1525 1497 134 37 lösning

178 1547 105 38 enligt
299 1547 56 29 det
373 1546 70 29 s.k.
461 1546 50 34 9,2
529 1545 358 30 metersalternativet.
905 1545 76 29 Med
999 1545 114 29 denna
1128 1543 183 38 bakgrund
1330 1551 101 30 synes
1448 1542 55 29 det
1520 1541 139 29 orealis-

178 1591 84 29 tiskt
287 1592 50 28 att
361 1590 108 29 tänka
494 1591 50 38 sig
568 1599 42 20 en
636 1590 135 38 lösning
796 1599 74 20 som
896 1589 111 29 skulle
1032 1587 178 40 jämställa
1237 1586 210 29 fraktfarten
1472 1587 9 28 i
1506 1585 153 29 Mälaren

179 1636 77 29 med
275 1635 212 29 fraktfarten
505 1635 57 29 vid
580 1634 296 39 Östersjökusten.

222 1679 97 29 Efter
335 1679 284 39 överläggningar
636 1679 127 29 mellan
781 1678 318 39 sjöfartsstyrelsen
1115 1677 64 28 och
1196 1677 278 38 representanter
1493 1675 52 29 för
1564 1675 96 28 Väst-

180 1724 184 29 manlands
386 1724 57 28 län
464 1724 11 28 i
496 1724 104 28 slutet
621 1733 42 19 av
686 1723 79 29 1965
788 1722 65 30 och
875 1723 10 28 i
906 1722 124 38 början
1053 1731 41 20 av
1119 1721 81 28 1966
1222 1721 62 28 har
1306 1720 157 29 bedömts
1485 1721 49 27 att
1556 1728 41 19 en
1622 1719 38 28 fi-

179 1768 200 38 nansiering
399 1777 42 19 av
459 1768 172 28 Mälarens
652 1767 144 39 djupled
818 1774 123 30 genom
961 1766 121 29 enbart
1103 1767 96 36 uttag
1220 1774 41 20 av
1281 1764 108 39 höjda
1408 1763 252 38 kanalavgifter

183 1813 73 29 med
279 1812 202 29 nuvarande
504 1811 297 30 stadsfinansiella
824 1811 73 38 läge
920 1811 29 38 ej
975 1819 80 20 vore
1080 1809 135 38 möjligt
1238 1811 49 27 att
1310 1808 172 32 realisera,
1506 1817 56 19 om
1586 1816 75 29 pro-

180 1856 108 39 jektet
308 1856 88 29 skall
417 1856 120 29 kunna
556 1856 125 29 tänkas
700 1856 92 28 bliva
811 1855 111 29 utfört
942 1855 93 28 inom
1055 1854 116 37 rimlig
1191 1853 59 29 tid.
1272 1852 152 30 Sålunda
1445 1852 61 29 har
1527 1861 45 19 nu
1595 1852 65 28 stä-

180 1900 104 30 derna
308 1900 164 29 Västerås
496 1900 64 29 och
584 1900 134 38 Köping
744 1902 90 27 samt
858 1898 272 30 Västmanlands
1155 1899 75 28 läns
1255 1897 176 38 landsting
1456 1905 122 29 genom
1604 1896 57 28 sitt

182 1944 365 38 förvaltningsutskott
566 1944 109 28 under
695 1943 252 37 förutsättning
966 1952 40 18 av
1025 1944 48 27 ett
1093 1941 123 28 snabbt
1236 1940 271 38 genomförande
1526 1949 41 19 av
1586 1948 75 29 pro-

180 1988 107 37 jektet
313 1988 78 29 med
416 1987 124 38 början
566 1995 122 30 genom
715 1987 205 37 riksdagens
946 1986 111 29 beslut
1083 1986 9 28 i
1120 1985 121 38 frågan
1269 1985 110 28 under
1407 1985 79 28 1967
1513 1984 149 28 beslutat

182 2034 47 27 att
253 2033 143 36 bidraga
420 2032 77 28 med
522 2031 231 29 tillsammans
782 2031 36 28 17
845 2030 86 38 milj.
957 2030 128 28 kronor
1111 2029 53 29 för
1189 2028 230 39 fördjupning
1444 2038 40 19 av
1509 2027 151 29 Mälaren

183 2076 75 29 från
283 2075 286 39 Ragnhildsborg.
593 2074 124 39 Övriga
741 2075 188 28 kostnader
953 2074 53 29 för
1030 2074 103 29 kanal
1157 2073 64 29 och
1245 2073 90 28 sluss
1359 2072 40 29 50
1424 2072 85 38 milj.
1534 2072 128 28 kronor

183 2120 169 30 beräknas
372 2119 106 38 enligt
499 2119 335 38 sjöfartsstyrelsens
857 2118 127 37 förslag
1007 2118 119 28 kunna
1148 2126 71 19 mer
1241 2118 42 27 än
1306 2117 51 28 väl
1382 2116 206 29 finansieras
1610 2123 52 30 ge-

184 2172 77 22 nom
285 2164 90 29 ökad
399 2163 107 29 trafik
529 2162 64 29 och
616 2163 106 37 höjda
747 2162 254 38 kanalavgifter
1025 2162 62 28 och
1114 2162 84 27 även
1223 2161 88 37 ligga
1335 2160 50 29 till
1410 2161 110 37 grund
1546 2161 52 27 för
1624 2160 38 28 fi-

184 2208 198 37 nansiering
407 2216 42 20 av
473 2216 40 19 en
540 2206 108 29 andra
675 2208 112 36 etapp.
816 2206 129 28 Härvid
971 2205 172 28 beräknas
1170 2204 53 29 för
1250 2205 40 28 de
1317 2204 107 38 höjda
1451 2203 212 37 kanalavgif-

186 2253 92 29 terna
302 2252 122 29 endast
446 2251 130 28 behöva
600 2252 94 35 tagas
718 2250 9 28 i
750 2250 151 37 anspråk
930 2250 35 27 15
985 2252 28 26 2
1043 2258 41 19 av
1107 2249 40 28 de
1170 2248 197 28 beräknade
1393 2248 270 37 transportkost-

186 2295 273 30 nadsvinsterna.

233 2338 8 28 I
263 2341 173 28 motionen
458 2338 138 29 anföres
616 2339 49 27 att
685 2338 55 28 det
761 2337 74 29 icke
856 2337 37 28 är
915 2336 202 37 förståeligt,
1138 2337 49 27 att
1210 2337 70 27 mot
1300 2336 64 28 den
1387 2335 181 37 bakgrund
1590 2344 71 19 som

185 2382 173 31 redovisas
382 2384 9 28 i
414 2382 184 32 motionen,
624 2381 60 28 750
698 2381 62 28 000
783 2381 128 27 kronor
935 2380 47 28 till
1008 2379 251 28 förberedande
1282 2379 139 28 arbeten
1447 2379 50 28 för
1523 2378 140 28 farleds-

185 2425 135 32 arbeten
349 2429 7 28 i
385 2427 162 31 Mälaren,
575 2425 113 28 ströks
716 2425 8 28 i
752 2424 92 29 årets
872 2423 408 38 statsverksproposition
1311 2423 76 29 från
1416 2424 63 28 vad
1507 2422 159 38 sjöfarts-

186 2470 164 37 styrelsen
377 2471 128 36 begärt.
533 2469 124 28 Staden
687 2469 95 28 delar
808 2468 112 30 denna
951 2467 148 37 mening.
1127 2466 409 30 Förberedelsearbetena
1564 2469 37 27 är
1629 2467 36 27 så

189 2514 200 32 tidsödande
409 2515 47 28 att
477 2514 54 28 det
552 2512 164 29 framstår
737 2521 72 20 som
831 2511 218 39 synnerligen
1071 2510 176 38 angeläget
1269 2512 47 27 alt
1338 2510 40 29 de
1401 2511 207 37 igangsättes
1629 2511 34 28 så
