1884 2788
358 179 389 30 Jordbruksutskottets
773 178 179 30 utlåtande
978 187 42 20 nr
1043 178 26 28 B
1095 178 19 28 8
1139 177 39 30 år
1205 177 83 28 1958
1536 176 37 29 21

379 264 161 29 tionerna
562 264 27 29 I:
606 264 25 28 B
656 263 60 29 189
738 263 63 28 och
825 263 44 28 II:
886 263 25 28 B
934 262 74 33 247,
1031 261 116 29 därest
1169 261 9 28 i
1202 260 151 39 enlighel
1376 259 77 30 med
1476 259 66 29 vad
1565 259 9 29 i

380 314 219 30 motionerna
620 313 135 30 anförts
776 313 284 37 marknadsläget
1082 312 10 28 i
1115 311 97 39 fråga
1233 320 56 19 om
1312 310 263 29 smörkonsum-

380 365 118 29 tionen
525 365 37 29 så
587 365 69 28 kan
682 364 165 29 bedömas
873 362 169 39 medgiva,
1069 362 74 29 icke
1172 361 55 29 må
1253 360 181 30 föranleda
1461 360 113 38 någon

381 415 205 39 riksdagens
609 414 136 39 åtgärd;

426 467 37 29 E.
488 468 49 28 att
562 465 184 39 riksdagen
773 464 56 30 må
853 464 95 29 avslå
973 463 218 29 motionerna
1216 463 28 28 I:
1261 463 26 28 B
1313 461 61 30 173
1398 462 64 28 och
1488 462 45 29 II:
1550 462 24 28 B

381 517 62 29 230
467 517 164 28 ävensom
654 516 27 29 I:
699 516 25 28 B
749 515 60 29 189
832 515 63 28 och
919 515 44 29 II:
981 515 25 28 B
1029 513 73 34 247,
1126 513 103 29 såvitt
1252 513 41 29 de
1316 521 97 20 avser
1438 511 138 30 avskaf-

381 567 104 29 fande
506 576 41 20 av
566 566 227 29 varuskatten
813 565 44 39 på
877 565 136 34 socker;

427 618 35 29 F.
488 619 49 28 att
561 617 218 29 motionerna
803 617 28 28 I:
848 616 25 29 B
900 615 61 29 196
985 615 64 29 och
1074 615 44 29 II:
1136 615 24 28 B
1185 613 74 34 260,
1285 613 102 30 såvitt
1412 613 41 29 de
1478 622 98 20 avser

383 668 210 29 hemställan
614 669 49 27 att
683 666 186 38 riksdagen
890 665 108 30 måtte
1020 674 71 20 som
1115 664 157 39 riktlinje
1294 663 54 30 för
1368 663 207 39 åtgärderna

381 718 51 29 till
455 719 83 30 ökat
560 717 395 38 avsättningsutrymme
978 715 54 29 för
1055 716 128 28 smöret
1205 714 44 39 på
1271 714 306 29 hemmamarkna-

382 769 66 29 den
468 769 121 33 uttala,
609 770 48 27 att
676 766 453 40 margarinkonsumtionen
1149 765 10 29 i
1178 765 76 29 vårt
1273 764 81 30 land
1374 764 10 29 i
1404 773 174 20 nuvaran-

383 820 41 29 de
445 820 75 38 läge
541 819 75 29 icke
637 818 58 29 må
715 817 171 39 överstiga
907 816 41 30 80
971 816 163 39 miljoner
1156 815 172 39 kilogram
1349 824 60 30 per
1431 814 48 34 år,
1501 814 75 29 icke

383 870 57 29 må
462 879 41 20 av
525 869 185 39 riksdagen
732 868 154 34 bifallas;

428 921 36 29 G.
489 922 49 27 att
563 919 185 39 riksdagen
774 918 57 29 må
855 917 95 30 avslå
975 917 218 29 motionerna
1218 917 28 28 I:
1263 916 25 29 B
1315 915 60 29 196
1400 915 65 29 och
1490 916 44 28 II:
1551 915 25 28 B

382 971 74 35 260,
477 970 103 30 såvitt
600 970 40 29 de
660 978 98 21 avser
778 968 190 31 anvisande
988 977 42 20 av
1049 969 47 28 ett
1116 967 121 38 anslag
1257 976 41 19 av
1312 966 17 29 2
1345 965 62 29 000
1422 965 62 29 000
1500 966 78 28 kro-

384 1031 63 19 nor
474 1021 51 29 till
553 1019 296 39 undersöknings-
875 1019 65 29 och
967 1017 364 30 försöksverksamhet
1358 1016 10 28 i
1396 1016 98 38 fråga
1521 1024 54 20 om

385 1071 260 39 framställning
667 1080 41 19 av
731 1079 24 20 s.
778 1070 32 29 k.
834 1068 182 39 smörolja;

429 1122 40 29 H.
493 1123 49 28 att
565 1121 185 38 riksdagen
773 1120 57 29 må
852 1119 79 29 med
954 1118 97 29 bifall
1076 1118 50 29 till
1151 1118 125 38 Kungl.
1300 1117 124 38 Maj:ts
1448 1116 129 39 förslag

386 1174 89 28 samt
498 1172 78 29 med
598 1171 117 38 avslag
737 1170 19 30 å
777 1170 221 29 motionerna
1019 1169 28 29 I:
1064 1169 25 29 B
1112 1168 62 29 200
1196 1168 65 29 och
1283 1168 44 29 II:
1344 1168 25 28 B
1392 1167 63 29 258
1478 1167 100 28 även-

384 1232 73 20 som
480 1223 27 29 I:
524 1223 26 29 B
571 1222 58 29 201
654 1221 63 29 och
740 1221 43 29 II:
800 1221 25 29 B
846 1220 61 29 257
931 1222 125 35 antaga
1078 1219 93 29 förut
1193 1217 235 30 omförmälda
1448 1217 130 38 förslag

383 1273 51 29 till

432 1325 33 34 1)
492 1323 205 38 förordning
717 1331 55 20 om
794 1321 133 30 ändrad
948 1320 130 40 lydelse
1100 1329 40 20 av
1161 1320 17 29 2
1202 1319 15 36 $
1241 1318 249 39 förordningen
1512 1318 66 29 den

384 1375 16 29 7
422 1374 79 39 juni
525 1374 81 29 1956
633 1374 58 32 (nr
712 1372 79 35 406)
819 1371 178 39 angående
1019 1369 223 40 mjölkavgift
1264 1379 44 19 m.
1331 1378 55 24 m.,

428 1425 35 32 2)
490 1423 205 38 förordning
716 1422 176 38 angående
914 1421 133 29 ändrad
1069 1420 128 39 lydelse
1219 1429 41 20 av
1282 1420 12 28 1
1321 1419 14 35 $
1359 1418 220 38 förordning-

384 1485 41 19 en
444 1475 66 29 den
530 1474 38 29 10
585 1473 65 39 juli
671 1472 80 30 1947
776 1474 57 32 (nr
851 1472 79 34 378)
954 1480 56 20 om
1027 1471 94 29 vissa
1138 1469 147 40 avgifter
1303 1469 19 29 å
1339 1469 123 38 mjölk,
1481 1468 99 38 gräd-

383 1525 40 29 de
446 1525 65 29 och
534 1526 67 33 ost;

431 1576 22 28 I.
480 1577 48 27 att
554 1574 184 38 riksdagen
764 1573 56 29 må
845 1572 78 29 med
948 1571 98 30 bifall
1072 1571 50 29 till
1149 1570 124 39 Kungl.
1300 1569 123 39 Maj:ts
1449 1568 130 39 förslag

387 1628 89 27 samt
497 1625 79 29 med
596 1625 117 38 avslag
733 1624 20 29 å
773 1623 219 29 motionerna
1013 1622 27 29 I:
1057 1622 25 28 B
1104 1621 62 29 202
1187 1620 64 29 och
1272 1620 45 30 II:
1334 1620 25 29 B
1380 1619 74 33 255,
1476 1619 102 29 såvitt

386 1685 46 20 nu
458 1677 37 28 är
519 1676 10 28 i
554 1675 107 38 fråga,
687 1676 125 36 antaga
836 1673 95 29 förut
955 1671 234 30 omförmälda
1214 1671 130 37 förslag
1368 1670 51 29 till
1446 1669 134 29 förord-

386 1727 83 38 ning
499 1735 56 20 om
585 1724 133 31 ändrad
748 1724 128 39 lydelse
907 1733 42 19 av
978 1723 18 29 2
1029 1722 14 36 $
1076 1721 250 38 förordningen
1357 1720 66 29 den
1454 1720 18 28 3
1501 1719 78 39 juni

389 1777 82 29 1955
501 1777 58 32 (nr
583 1775 79 33 284)
692 1774 177 39 angående
895 1771 307 41 slaktdjursavgift
1227 1780 45 20 m.
1296 1780 61 25 m.;

429 1828 31 28 J.
488 1829 49 27 att
564 1826 185 37 riksdagen
776 1825 57 29 må
859 1825 79 28 med
964 1823 99 29 bifall
1090 1823 51 29 till
1170 1822 125 38 Kungl.
1323 1821 124 38 Maj:ts
1474 1820 106 29 fram-

387 1877 165 38 ställning
577 1878 88 27 samt
691 1875 77 29 med
794 1875 116 37 avslag
935 1874 19 29 å
978 1873 220 28 motionerna
1222 1873 28 28 I:
1267 1872 25 28 B
1317 1871 62 29 202
1404 1871 64 28 och
1493 1870 44 29 II:
1555 1870 25 28 B

385 1928 62 28 255
468 1928 163 28 ävensom
651 1927 27 28 I:
696 1926 25 28 B
743 1925 57 28 197
822 1924 63 29 och
906 1924 44 29 II:
968 1924 25 28 B
1013 1922 73 35 254,
1107 1921 162 38 samtliga
1286 1921 172 28 motioner
1478 1920 102 29 såvitt

388 1987 45 19 nu
462 1978 37 28 är
528 1977 7 29 i
564 1976 107 38 fråga,
699 1974 208 40 bemyndiga
934 1973 126 38 Kungl.
1089 1972 104 38 Maj:t
1220 1972 92 32 eller,
1340 1970 87 29 efter
1455 1970 125 38 Kungl.

387 2028 123 38 Maj:ts
547 2025 237 39 medgivande,
821 2026 131 27 statens
987 2021 326 41 jordbruksnämnd
1339 2023 49 27 att
1415 2020 88 29 intill
1529 2022 52 27 ut-

386 2078 133 38 gången
547 2087 40 19 av
612 2075 263 39 regleringsåret
905 2074 148 34 1958/59
1081 2075 117 35 uttaga
1225 2071 127 38 rörliga
1377 2071 204 28 införselav-

387 2128 103 38 gifter
510 2128 53 28 för
582 2127 40 29 de
643 2126 209 29 fodermedel
874 2125 63 28 och
959 2124 109 29 andra
1087 2123 202 39 produkter,
1310 2131 72 19 som
1403 2120 149 38 angivits
1571 2120 9 28 i

387 2179 55 28 det
463 2176 221 39 föregående;
1380 2172 3 2 |

434 2229 37 27 K.
498 2230 49 26 att
574 2227 184 36 riksdagen
787 2226 53 28 må
867 2224 77 29 med
972 2223 96 29 bifall
1098 2223 49 28 till
1175 2222 124 37 Kungl.
1326 2221 124 38 Maj:ts
1477 2220 105 28 fram-

389 2277 165 37 ställning
580 2279 87 26 samt
693 2275 76 29 med
795 2275 117 36 avslag
937 2274 18 28 å
980 2273 218 28 motionerna
1225 2273 26 27 I:
1269 2272 24 27 B
1319 2271 61 28 202
1405 2270 62 28 och
1497 2270 84 28 II:
1564 2266 21 52 B

388 2327 62 29 255
470 2328 162 27 ävensom
655 2327 26 28 I:
699 2326 24 28 B
747 2325 57 28 199
824 2324 62 28 och
909 2324 43 28 II:
970 2324 25 27 B
1015 2323 73 32 259,
1109 2321 160 37 samtliga
1289 2320 170 29 motioner
1480 2319 101 29 såvitt

390 2386 43 19 nu
455 2378 37 27 är
512 2377 7 28 i
541 2376 107 37 fråga,
668 2374 206 39 bemyndiga
895 2373 125 37 Kungl.
1042 2372 101 38 Maj:t
1166 2372 47 28 att
1250 2390 1 1 —
1295 2372 82 27 utan
1399 2369 124 28 hinder
1543 2378 38 19 av

389 2427 307 29 bestämmelserna
730 2434 53 19 om
818 2423 229 37 maximering
1080 2432 40 19 av
1154 2419 387 38 förmalningsavgiften
1575 2418 7 28 i

387 2479 18 27 2
426 2479 13 33 8
461 2476 245 37 förordningen
728 2475 63 28 den
812 2475 17 27 5
846 2474 77 38 juni
946 2473 81 28 1953
1051 2474 57 26 (nr
1127 2471 79 29 375)
1231 2470 75 29 med
1326 2470 90 28 vissa
1436 2469 148 29 bestäm-
