1912 2830
290 130 38 29 10
729 134 308 31 Bankoutskottets
1062 135 176 31 utlåtande
1261 135 51 31 Nr
1341 138 49 30 55.

288 217 51 30 till
362 217 199 31 erhållande
585 227 44 21 av
650 216 67 37 lån,
740 219 98 35 skall,
863 217 119 32 såvida
1006 220 110 29 andra
1136 219 56 30 för
1215 219 198 31 ändamålet
1436 221 226 30 användbara
1683 221 112 30 medel

289 268 77 31 icke
390 270 60 29 äro
473 272 48 27 att
542 268 95 38 tillgå
659 269 55 31 för
736 270 148 35 banken,
908 270 138 36 vidtaga
1070 270 222 37 erforderliga
1317 270 157 37 åtgärder
1498 270 53 31 för
1574 271 222 37 upptagande

289 329 43 21 av
359 320 59 30 lån
443 323 71 27 mot
539 320 263 36 räntebärande,
828 320 51 31 till
904 321 235 30 innehavaren
1162 322 124 30 ställda
1309 321 238 37 obligationer.

335 370 14 29 I
369 368 20 41 8
410 371 17 29 7
446 379 134 21 samma
599 370 204 37 förordning
821 370 219 37 föreskrives,
1060 374 49 27 att
1126 381 42 21 av
1186 372 139 30 banken
1343 375 165 33 upptaget
1528 372 58 30 lån
1604 373 89 30 skall
1712 382 83 21 vara

289 421 93 29 ställt
406 423 48 27 att
478 420 204 31 återbetalas
705 421 94 30 inom
825 421 68 30 viss
919 422 58 30 vid
1000 421 108 31 lånets
1133 423 221 36 upptagande
1378 423 159 30 bestämd
1559 423 51 30 tid
1633 423 162 36 antingen

290 480 125 27 genom
443 471 83 37 årlig
555 472 209 37 amortering
790 473 83 30 eller
898 473 88 30 efter
1014 473 218 37 uppsägning
1260 476 86 28 utan
1374 473 170 30 fastställd
1574 472 220 37 amortering.

291 520 84 38 Lån,
399 531 75 20 som
494 531 43 21 av
559 522 139 30 banken
719 525 178 34 upptages,
921 523 89 30 skall
1029 523 118 30 vidare
1167 533 83 21 vara
1271 523 80 31 från
1374 524 157 30 bankens
1551 524 75 30 sida
1648 525 148 36 uppsäg-

290 572 78 30 bart
385 572 86 30 efter
485 572 67 31 viss
567 573 60 35 tid,
644 573 100 36 högst
760 573 47 30 tio
822 572 48 37 år,
888 572 80 31 från
986 572 108 32 lånets
1108 574 231 37 upptagande.

335 623 15 29 I
368 623 57 30 det
442 623 235 36 föreliggande
697 623 164 37 förslaget
881 624 65 31 har
965 624 71 30 dels
1055 625 10 29 i
1084 623 20 40 &
1124 625 19 29 6
1161 625 138 36 intagits
1318 634 43 21 en
1379 624 189 37 föreskrift,
1590 627 49 28 att
1658 625 138 30 banken

288 672 56 31 för
373 673 163 37 tillfälligt
549 674 235 31 anskaffande
797 684 43 21 av
853 675 240 30 rörelsemedel
1107 676 81 29 eller
1201 675 55 30 för
1269 676 111 30 andra
1410 675 172 37 tillfälliga
1594 676 113 30 behov
1738 674 58 31 må

289 724 205 30 annorledes
514 725 45 29 än
578 727 73 28 mot
671 725 226 36 obligationer
918 726 186 30 verkställa
1122 724 190 39 upplåning
1330 725 46 37 på
1395 726 68 30 viss
1483 726 77 30 kort
1580 726 51 30 tid
1652 726 80 30 eller
1751 725 46 38 på

289 774 79 30 kort
391 774 67 31 tids
483 775 227 37 uppsägning,
735 776 71 30 dels
832 776 65 30 ock
922 776 51 30 till
998 775 20 40 8
1044 778 16 28 7
1085 776 113 37 fogats
1222 776 124 31 sådant
1369 777 127 36 tillägg,
1521 779 49 27 att
1595 776 200 36 förslagsvis

288 824 101 37 högst
404 834 43 21 en
462 825 162 31 femtedel
639 836 43 20 av
696 826 157 31 bankens
870 826 399 37 obligationsupplåning
1286 826 60 31 må
1359 828 140 35 utgöras
1515 836 44 21 av
1574 826 220 36 obligations-

288 874 68 37 lån,
378 885 75 21 som
472 877 59 29 äro
551 877 124 30 ställda
693 880 49 27 att
759 876 206 32 återbetalas
982 880 85 28 utan
1086 877 193 36 angivande
1297 887 43 20 av
1358 877 115 36 slutlig
1489 876 221 37 förfallodag.

331 926 15 29 I
371 925 100 37 fråga
494 936 58 20 om
596 927 662 37 hypoteksinstitutionens
1305 927 489 37 förvaltningskost-

287 977 146 31 nader
463 978 63 30 har
556 978 380 36 departementschefen
966 978 132 38 uttalat,
1129 981 49 28 att
1207 979 71 29 han
1307 979 193 36 förutsatte,
1531 981 49 28 att
1609 978 185 37 hypoteks-

288 1028 141 30 banken
447 1029 64 29 och
529 1029 41 30 de
588 1029 170 30 särskilda
774 1029 417 37 hypoteksföreningarna
1206 1029 174 31 inriktade
1399 1029 49 37 sig
1466 1028 46 37 på
1530 1032 48 28 att
1596 1029 12 30 i
1627 1028 93 31 olika
1739 1038 55 21 av-

288 1079 150 30 seenden
457 1080 83 30 söka
558 1079 13 31 i
589 1079 182 37 görligaste
789 1079 84 31 mån
892 1080 83 30 ernå
991 1089 44 21 en
1055 1079 230 38 begränsning
1305 1089 43 21 av
1368 1079 76 31 sina
1463 1079 331 37 förvaltningsutgif-

288 1132 60 29 ter.
394 1130 74 30 Vad
489 1129 168 31 beträffar
679 1131 66 30 den
767 1140 42 21 av
830 1131 41 30 de
894 1130 218 37 sakkunniga
1134 1131 146 31 berörda
1301 1130 123 37 frågan
1446 1140 58 21 om
1524 1131 68 30 rätt
1613 1130 54 32 för
1687 1130 106 37 hypo-

287 1180 340 37 teksföreningarnas
652 1181 212 37 tjänstemän
890 1184 50 27 att
966 1181 172 30 innehava
1165 1181 90 31 vissa
1282 1180 232 37 befattningar
1541 1182 67 29 och
1636 1181 159 36 uppdrag

288 1231 64 31 hos
369 1241 117 20 annan
502 1231 303 37 kreditinrättning
820 1231 46 37 på
882 1231 220 38 jordbrukets
1118 1231 141 31 område
1275 1234 115 34 syntes
1404 1231 107 37 enligt
1526 1232 268 36 departements-

288 1281 142 31 chefens
450 1282 223 37 uppfattning
694 1283 210 36 avgörandet
924 1282 212 30 härutinnan
1156 1282 198 37 lämpligast
1374 1282 85 31 böra
1479 1282 79 31 från
1579 1282 62 31 fall
1661 1282 53 30 till
1733 1282 62 31 fall

288 1332 126 31 träffas
435 1342 42 21 av
495 1332 257 31 vederbörande
771 1332 157 37 förening
948 1332 97 38 själv.

331 1382 226 31 Beträffande
592 1383 294 30 revisionen
921 1392 55 22 av
1007 1382 660 38 hypoteksföreningarnas
1702 1383 91 31 för-

288 1433 232 37 valtning
555 1433 146 31 innebär
727 1433 268 37 propositionen,
1021 1436 50 28 att
1098 1433 66 31 den
1191 1434 10 30 i
1228 1432 20 41 8
1276 1434 39 30 19
1341 1433 251 37 förordningen
1618 1433 178 37 angående

287 1484 312 36 hypoteksbanken
624 1484 202 30 meddelade
850 1483 234 37 föreskriften,
1109 1487 50 28 att
1184 1485 330 36 hypoteksbankens
1542 1485 141 37 styrelse
1707 1485 89 30 skall

287 1537 76 28 utse
389 1537 47 28 ett
462 1535 130 30 ombud
617 1537 49 28 att
689 1535 135 36 deltaga
850 1534 11 31 i
885 1535 107 36 sagda
1015 1534 158 37 revision,
1198 1535 111 30 skulle
1335 1535 95 38 givas
1458 1545 42 21 en
1525 1535 139 37 lydelse,
1689 1545 107 21 varav

288 1585 123 37 tydligt
429 1584 164 38 framgår,
611 1588 50 28 att
679 1588 47 28 ett
744 1586 131 30 ombud
893 1586 89 30 skall
998 1588 92 28 utses
1108 1585 55 30 för
1182 1585 95 37 varje
1296 1585 161 37 förening
1474 1587 165 29 ävensom
1657 1588 49 28 att
1723 1596 71 20 om-

286 1635 108 31 budet
412 1636 88 30 skall
520 1639 92 27 utses
633 1636 56 30 för
707 1639 46 28 ett
770 1636 39 31 år
827 1636 11 30 i
855 1636 135 31 sänder.
1032 1636 67 30 Till
1116 1634 21 42 $&
1158 1637 41 29 20
1218 1645 134 22 samma
1370 1636 205 37 förordning
1592 1637 66 30 har
1678 1637 118 30 vidare

287 1686 114 36 fogats
421 1689 46 28 ett
485 1687 118 36 stycke
622 1695 43 21 av
684 1685 163 37 innehåll,
866 1689 50 28 att
935 1687 114 30 därest
1066 1687 238 36 nyssnämnda
1324 1687 132 31 ombud
1475 1687 115 30 finner
1608 1687 188 36 anledning

285 1736 52 30 till
360 1736 233 37 anmärkning
614 1739 74 28 mot
712 1737 83 30 visst
818 1736 231 37 förhållande,
1060 1737 168 39 ombudet
1241 1738 80 35 äger
1334 1738 140 30 anmäla
1487 1736 236 32 förhållandet
1743 1738 53 30 till

286 1787 330 37 hypoteksbankens
637 1787 142 37 styrelse
799 1787 11 30 i
830 1787 66 30 och
916 1787 56 30 för
990 1787 212 37 behandling
1220 1786 22 32 å
1260 1788 132 30 allmän
1412 1788 278 30 sammankomst
1711 1789 82 30 mel-

286 1839 58 30 lan
370 1839 155 31 bankens
552 1839 168 36 delägare,
747 1838 92 31 vilka
863 1838 52 31 till
939 1838 225 32 efterrättelse
1190 1838 54 32 för
1268 1838 257 31 vederbörande
1551 1838 241 38 hypoteksför-

285 1890 104 36 ening
415 1890 57 30 må
496 1890 158 30 meddela
678 1890 112 30 beslut
813 1889 46 37 på
883 1890 111 37 grund
1018 1899 44 21 av
1086 1889 276 37 anmärkningen
1387 1893 100 33 samt,
1512 1890 62 30 där
1599 1890 114 30 denna
1736 1898 56 22 av-

287 1949 54 21 ser
362 1940 69 30 viss
455 1938 120 38 åtgärd
597 1949 44 22 av
661 1939 176 37 förenings
859 1940 151 37 styrelse,
1032 1941 105 36 vägra
1158 1940 114 31 denna
1293 1940 251 31 ansvarsfrihet
1567 1940 56 31 för
1645 1941 67 30 den
1734 1950 59 21 an-

286 1991 140 30 märkta
443 1990 175 37 åtgärden.

331 2041 14 30 I
366 2041 199 37 anslutning
583 2041 118 30 härtill
721 2041 111 30 skulle
852 2041 10 30 i
880 2041 436 37 hypoteksföreningarnas
1334 2041 231 37 reglementen
1585 2041 133 31 införas
1737 2042 56 30 be-

286 2092 198 30 stämmelse
504 2101 57 21 om
581 2094 50 28 att
652 2091 350 38 hypoteksförenings
1022 2092 141 37 styrelse
1182 2091 32 37 ej
1233 2091 59 31 må
1311 2092 58 30 vid
1388 2091 329 37 föreningsstämma
1736 2092 57 30 be-

286 2141 102 37 viljas
411 2142 250 31 ansvarsfrihet
680 2142 56 31 för
756 2141 131 39 åtgärd,
909 2145 73 28 mot
1003 2143 116 30 vilken
1139 2142 232 37 anmärkning
1391 2143 98 30 blivit
1510 2142 198 31 framställd
1729 2143 65 30 hos

284 2193 313 36 hypoteksbanken
617 2203 44 21 av
682 2193 131 31 dennas
832 2193 142 36 ombud,
996 2196 84 28 utan
1101 2196 49 28 att
1171 2192 123 38 frågan
1314 2203 58 20 om
1391 2193 252 31 ansvarsfrihet
1664 2193 56 31 för
1741 2193 52 31 så-

285 2243 70 31 dan
376 2242 121 38 åtgärd
519 2244 89 30 skall
629 2245 145 35 avgöras
794 2243 21 32 å
835 2244 132 30 allmän
987 2244 276 31 sammankomst
1284 2244 80 30 med
1384 2244 157 30 bankens
1564 2244 169 36 delägare.
1778 2243 15 30 I

285 2294 100 31 dessa
409 2295 230 36 reglementen
664 2295 111 30 skulle
799 2296 87 29 även
910 2294 132 31 införas
1064 2304 42 21 en
1132 2295 129 30 allmän
1285 2294 180 31 föreskrift
1488 2304 43 21 av
1554 2293 164 37 innehåll,
1743 2296 49 28 att

283 2354 45 20 en
346 2354 43 22 av
408 2346 41 30 de
469 2349 80 27 utav
570 2346 257 31 vederbörande
847 2345 331 37 hypoteksförening
1198 2345 86 38 själv
1302 2346 146 30 utsedda
1468 2345 215 31 revisorerna
1704 2343 88 31 skall

284 2404 83 21 vara
387 2396 238 31 auktoriserad
646 2396 129 31 revisor
794 2397 81 30 eller
894 2406 126 26 person
1041 2397 79 30 med
1142 2396 243 31 motsvarande
1405 2396 213 36 kompetens.

329 2445 388 37 Departementschefen
737 2447 64 30 har
820 2447 11 30 i
850 2446 259 38 propositionen
1131 2447 109 31 under
1261 2446 166 32 rubriken
1448 2445 343 37 föreningssty-
