1898 2766
348 182 186 32 Allmänna
559 177 399 40 beredningsutskottets
983 172 178 32 utlåtande
1186 181 42 20 nr
1251 171 20 30 8
1294 170 40 30 år
1359 169 83 30 1962
1622 166 19 29 9

197 264 29 30 3.
252 264 53 30 Då
323 264 44 28 bl.
382 272 30 20 a.
432 271 42 20 en
493 260 171 38 väsentlig
683 258 53 30 del
758 267 42 20 av
821 253 397 41 samhällsplaneringen
1237 250 162 30 handhas
1420 257 41 21 av
1481 248 161 29 kommu-

154 318 126 20 nernas
300 308 66 30 och
385 306 241 38 landstingens
647 301 286 32 förtroendemän
952 300 65 30 och
1036 295 291 33 teknikerstaber,
1349 294 62 29 bör
1431 290 211 38 statsbidrag

156 353 82 39 utgå
262 353 51 29 till
339 361 43 20 en
407 349 258 38 intensifiering
690 357 41 20 av
756 340 519 36 informationsverksamheten
1302 338 80 30 med
1408 336 89 41 syfte
1523 337 51 28 att
1599 334 44 40 på

155 401 47 26 ett
228 396 259 40 lättillgängligt
512 394 66 30 och
603 391 222 41 slagkraftigt
852 390 69 30 sätt
946 387 172 31 framföra
1142 385 42 30 de
1211 380 321 34 rörelsehindrades
1558 380 85 28 krav

155 443 94 29 inom
270 438 372 43 planertingsområdet.
1558 432 4 3 |

199 511 227 31 Beträffande
446 510 252 38 motiveringen
718 508 9 29 i
746 507 111 39 övrigt
877 505 55 30 får
953 504 167 30 utskottet
1139 501 148 30 hänvisa
1306 499 53 30 till
1378 497 133 31 motion
1531 496 46 29 II:
1593 494 51 30 64.

201 566 177 30 Utskottet
404 565 64 29 har
494 563 174 30 inhämtat
694 560 163 41 yttrande
884 560 81 28 över
991 556 220 31 motionerna
1238 553 80 30 från
1346 553 132 29 statens
1505 549 140 30 institut

157 620 54 29 för
232 617 377 42 byggnadsforskning,
632 617 48 28 De
702 614 166 30 vanföras
891 609 228 32 riksförbund
1146 608 126 35 (DVR)
1300 606 65 30 och
1388 603 158 32 Svenska
1563 611 83 21 van-

158 673 225 30 förevårdens
400 669 318 33 centralkommitté
739 667 162 35 (SVCK).
1160 656 3 3 |

201 727 139 30 Statens
362 725 138 30 institut
519 724 56 39 för
596 719 365 43 byggnadsforskning
980 717 166 30 hänvisar
1165 715 53 30 till
1239 716 51 27 att
1310 712 175 31 institutet
1507 708 140 41 upprät-

159 783 49 27 tat
232 783 48 27 ett
303 787 163 32 program
491 777 54 30 för
568 776 187 39 utredning
777 772 222 32 beträffande
1023 769 162 31 bostäder
1210 768 54 29 för
1287 765 141 31 hushåll!
1452 764 79 30 med
1556 762 92 30 med-

162 835 156 33 lemmar,
352 842 79 20 vars
464 829 292 39 rörelseförmåga
788 828 40 29 är
861 826 138 33 nedsatt
1032 833 42 21 av
1108 819 375 39 åldersförändringar.
1518 816 130 30 Genom

162 887 146 31 SVCK
272 871 36 57 :s
325 885 260 39 kontinuerliga
602 883 115 30 arbete
735 883 92 28 samt
844 881 67 29 den
929 877 195 32 skisserade
1141 875 235 38 utredningen
1392 872 65 30 och
1475 869 174 32 samarbe-

161 944 47 27 tet
231 941 128 29 mellan
382 939 175 30 institutet
579 937 65 30 och
666 935 110 31 SVCK
798 934 98 30 torde
918 932 146 30 behovet
1086 939 41 21 av
1149 928 188 38 utredning
1358 927 11 28 i
1392 923 100 42 fråga
1513 932 57 21 om
1592 922 58 30 bo-

162 995 115 30 städer
296 1003 85 20 vara
400 992 223 39 tillgodosett.

208 1046 269 39 Utformningen
504 1054 42 20 av
572 1035 431 38 bostadsområden
910 1031 96 58 samt
1031 1037 179 30 allmänna
1236 1033 200 41 byggnader
1462 1031 65 30 och
1554 1030 97 29 kom-

163 1098 496 39 munikationsanläggningar
685 1096 79 30 sker
791 1096 10 28 i
828 1093 118 31 alltför
971 1092 99 38 ringa
1096 1089 85 40 grad
1207 1088 111 30 under
1343 1082 308 43 hänsynstagande

164 1155 52 29 till
244 1154 41 30 de
312 1151 322 32 rörelsehindrades
662 1150 96 29 krav.
787 1147 178 30 Institutet
992 1146 65 29 har
1083 1142 121 31 därför
1231 1141 112 30 under
1369 1138 96 31 hand
1492 1138 160 29 överens-

164 1208 148 30 kommit
332 1206 80 31 med
432 1206 280 39 representanter
733 1202 55 30 för
809 1200 110 31 SVCK
940 1201 50 28 att
1010 1198 95 30 hålla
1125 1196 78 30 dess
1224 1196 159 39 experter
1404 1190 248 32 underrättade

164 1271 55 20 om
238 1260 178 42 pågående
435 1257 350 40 utredningsarbeten
804 1256 92 29 samt
914 1255 50 28 att
981 1252 160 30 inhämta
1158 1249 103 30 dessa
1278 1248 177 39 experters
1474 1243 179 42 synpunk-

164 1318 62 27 ter.
247 1314 180 31 Institutet
445 1313 125 29 ämnar
590 1310 106 31 också
716 1310 9 29 i
747 1308 141 31 samråd
908 1301 79 35 med
1008 1304 110 31 SVCK
1137 1304 11 29 i
1170 1303 77 30 sina
1266 1297 332 34 informationsblad
1618 1299 36 27 ta

165 1378 71 31 upp
259 1367 227 39 anvisningar
509 1365 55 29 för
588 1364 109 30 sådan
720 1361 194 41 byggnads-
937 1360 65 29 och
1025 1353 453 43 anläggningsutformning
1502 1359 75 22 som
1600 1352 54 28 tar

166 1424 137 37 hänsyn
321 1421 53 30 till
393 1420 41 30 de
453 1416 313 33 rörelsehindrade.

211 1475 178 29 Institutet
414 1473 207 29 instämmer
645 1471 10 28 i
680 1469 238 30 motionernas
944 1465 99 40 syfte.
1080 1464 2 29 I
1107 1463 67 30 den
1199 1461 83 30 mån
1307 1460 112 30 ökade
1444 1456 211 39 statsbidrag

170 1529 118 30 ställes
316 1528 52 29 till
398 1524 207 40 förfogande
634 1523 54 29 för
716 1521 186 39 forskning
930 1520 10 29 i
970 1518 89 40 syfte
1089 1519 50 27 att
1167 1516 68 29 öka
1264 1515 41 29 de
1334 1510 321 33 rörelsehindrades

169 1581 222 40 möjligheter
417 1580 63 29 bör
506 1577 137 31 medlen
671 1575 180 31 användas
879 1574 52 29 till
959 1571 132 31 studier
1118 1579 41 20 av
1187 1567 229 31 individuella
1442 1563 214 41 hjälpmedel

168 1636 54 29 för
243 1632 302 33 rörelsehindrade
568 1630 178 39 samtidigt
768 1628 79 30 med
870 1626 132 31 studier
1024 1634 41 20 av
1087 1619 489 44 bebyggelseutformningens
1598 1626 59 20 an-

169 1689 167 40 passning
358 1687 51 29 till
430 1686 41 30 de
491 1682 303 33 rörelsehindrade
816 1681 65 30 och
902 1680 100 29 deras
1023 1676 225 41 hjälpmedel.
1270 1675 12 29 I
1305 1674 95 30 detta
1421 1672 117 30 arbete
1559 1670 98 40 ingår

169 1742 106 30 också
298 1744 51 27 att
372 1741 131 28 kraven
525 1738 45 40 på
593 1736 247 40 bebyggelsens
865 1732 218 38 utformning
1106 1738 124 32 genom
1254 1728 119 30 aktiva
1395 1725 263 31 informations-

169 1795 162 40 åtgärder
352 1793 134 40 sprides
507 1792 53 30 till
582 1790 166 30 fackmän
770 1790 95 28 inom
888 1784 280 41 stadsplanering
1189 1782 65 30 och
1275 1779 261 41 husbyggande.
1559 1777 100 30 Insti-

170 1851 88 28 tutet
278 1849 39 28 är
334 1848 111 29 berett
464 1848 50 27 att
533 1844 124 30 härvid
676 1843 102 30 ställa
798 1842 53 29 sin
872 1838 229 38 sakkunskap
1121 1837 65 29 och
1205 1836 77 29 sina
1301 1831 359 33 informationskana-

173 1903 46 29 ler
239 1902 51 29 till
310 1898 217 40 förfogande,
547 1907 81 20 men
647 1905 121 20 menar
787 1897 50 27 att
856 1894 161 29 ansvaret
1036 1891 55 29 för
1109 1890 65 29 och
1194 1887 273 38 samordningen
1486 1894 42 20 av
1549 1883 111 30 forsk-

171 1956 128 38 ningen
318 1954 63 29 bör
401 1953 116 38 läggas
536 1951 44 40 på
601 1958 105 31 organ
727 1948 78 30 med
826 1946 150 40 expertis
996 1945 95 29 inom
1112 1940 274 32 invalidvården.

215 2008 91 30 DVR
331 2006 210 41 uppskattar
563 2004 41 30 de
628 1998 420 41 rörelsehandikappades
1072 1997 94 29 antal
1191 1995 52 30 till
1267 1995 81 29 över
1374 1992 59 30 100
1448 1991 74 34 000,
1546 1990 114 30 vartill

174 2062 158 29 kommer
350 2062 48 28 ett
418 2059 137 39 mycket
576 2059 86 28 stort
682 2056 94 29 antal
796 2054 177 38 åldringar
994 2051 77 30 med
1091 2049 179 38 allvarliga
1290 2045 271 31 rörelseskador.
1581 2043 81 29 Frå-

173 2124 65 30 gan
265 2124 56 20 om
349 2110 352 40 samhällsplanering
726 2108 80 29 med
831 2107 105 29 tanke
962 2105 43 39 på
1031 2104 66 29 den
1124 2098 401 40 rörelsehandikappade
1552 2096 110 30 måste

175 2168 120 29 därför
323 2176 102 20 anses
452 2174 83 19 vara
562 2165 48 28 ett
638 2162 97 29 vitalt
764 2159 328 30 samhällsintresse.
1120 2157 65 28 Det
1214 2154 122 29 räcker
1363 2152 90 29 dock
1481 2151 75 29 icke
1584 2149 78 29 med

177 2220 195 37 forskning.
398 2220 64 27 Det
488 2218 38 28 är
551 2216 167 29 önskvärt
744 2216 50 27 att
822 2222 81 20 man
929 2212 9 28 i
966 2209 203 38 anslutning
1196 2208 50 28 till
1273 2206 171 40 prövning
1471 2213 41 20 av
1539 2202 125 30 ansök-

177 2275 123 37 ningar
319 2281 57 21 om
397 2270 211 38 statsbidrag
628 2269 51 28 till
702 2265 219 41 uppförande
942 2273 40 20 av
1002 2261 198 41 byggnader
1221 2260 65 29 och
1306 2257 179 40 byggande
1506 2265 42 20 av
1568 2256 97 28 kom-

177 2323 338 32 munikationsleder
534 2323 87 28 även
642 2330 54 20 ser
716 2320 51 29 till
788 2321 50 27 att
858 2318 101 29 dessa
978 2316 39 29 är
1036 2313 187 41 planerade
1244 2312 44 39 på
1308 2311 125 29 sådant
1454 2310 79 32 sätt,
1554 2310 50 27 att
1624 2308 40 28 de

178 2381 7 28 i
208 2380 128 29 största
358 2376 143 40 möjliga
524 2373 243 38 utsträckning
789 2372 65 28 blir
876 2369 175 41 praktiskt
1074 2366 213 40 tillgängliga
1310 2365 55 28 för
1385 2364 44 28 bl.
1444 2373 29 19 a.
1496 2361 170 29 rullstols-

178 2432 143 30 bundna
343 2438 174 32 personer.
541 2428 113 29 Sådan
677 2425 217 40 granskning
916 2423 79 29 sker
1017 2421 106 29 redan
1146 2428 45 20 nu
1215 2418 56 29 vid
1296 2417 117 39 kungl.
1436 2415 231 37 skolöversty-

180 2487 130 28 relsens
331 2483 211 37 behandling
564 2490 41 20 av
626 2479 238 37 ansökningar
885 2486 55 20 om
963 2473 210 38 statsbidrag
1195 2472 50 29 till
1271 2468 219 42 uppförande
1511 2468 63 29 och
1597 2476 70 20 om-
