1888 2828
507 167 109 29 Andra
640 168 227 36 lagutskottets
890 168 166 29 utlåtande
1078 168 45 29 Nr
1152 169 43 28 10.
1598 166 16 31 1

784 408 61 40 Nr
876 409 63 41 10.

492 520 126 27 Ankom
642 520 48 27 till
714 520 187 37 riksdagens
925 520 105 28 kansli
1053 520 61 27 den
1141 520 37 27 12
1203 528 84 19 mars
1315 519 77 28 1942
1417 519 40 28 kl.
1484 519 17 27 3
1525 528 25 19 e.
1575 528 40 19 m.

427 610 195 37 Utlåtande
648 611 15 35 1
690 612 196 48 anledning
915 625 44 22 av
988 612 75 35 dels
1092 611 133 49 Kungl.
1247 611 128 49 Maj:ts
1389 610 228 49 proposition

510 673 80 34 med
618 672 141 48 förslag
787 673 55 35 till
872 672 58 49 lag
959 672 184 49 angående
1171 672 146 35 ändrad
1337 671 130 48 lydelse
1486 684 45 23 av
1549 671 25 36 4
1592 671 25 46 $

511 732 102 47 lagen
641 732 67 36 den
736 732 47 36 17
804 733 87 48 juni
917 732 99 37 1938
1043 732 60 47 (nr
1131 732 93 47 287)
1261 744 54 24 om
1343 738 171 41 semester,
1544 731 74 36 dels

513 792 61 36 ock
601 805 41 23 en
671 794 14 34 i
712 797 119 32 ämnet
857 793 103 36 väckt
986 794 143 35 motion.

163 893 133 31 Genom
317 905 41 20 en
378 894 65 31 den
465 894 38 31 13
524 894 149 31 februari
695 895 80 30 1942
797 894 208 42 dagtecknad
1025 894 225 41 proposition,
1271 905 41 19 nr
1330 894 49 36 44,
1402 892 114 32 vilken
1535 893 77 31 hän-

111 943 104 32 visats
236 944 55 31 till
312 944 188 41 lagutskott
522 945 62 31 och
605 945 204 31 behandlats
831 956 39 20 av
891 945 104 31 andra
1016 944 234 41 lagutskottet,
1272 944 62 30 har
1352 943 127 41 Kungl.
1502 942 109 42 Maj:t,

110 994 107 32 under
243 994 215 42 åberopande
483 1006 41 19 av
548 995 261 41 propositionen
833 995 145 41 bilagda,
1004 995 11 30 i
1041 994 184 31 statsrådet
1251 994 62 31 och
1338 994 154 41 lagrådet
1515 993 96 32 förda

108 1044 180 42 protokoll,
312 1045 176 41 föreslagit
511 1045 180 41 riksdagen
714 1047 50 30 att
785 1047 120 39 antaga
928 1044 151 42 följande
1102 1044 130 41 förslag
1252 1044 51 31 till

792 1138 140 51 Lag

199 1214 180 43 angående
401 1217 134 32 ändrad
558 1217 136 40 lydelse
718 1227 41 22 av
781 1217 22 32 4
825 1216 22 42 $
870 1217 104 40 lagen
997 1217 67 32 den
1092 1216 37 33 17
1150 1216 84 42 juni
1260 1216 87 33 1938
1372 1216 56 41 (nr
1451 1216 79 40 287)

728 1277 58 24 om
810 1269 182 32 semester.

161 1352 213 42 Härigenom
396 1352 189 38 förordnas,
610 1354 50 29 att
682 1353 19 30 4
724 1351 21 42 8
768 1352 99 42 lagen
890 1352 66 31 den
980 1352 37 31 17
1042 1351 73 42 juni
1141 1351 81 31 1938
1246 1362 54 20 om
1323 1352 178 30 semester!
1525 1349 85 32 skall

110 1403 128 32 erhålla
260 1403 130 32 ändrad
412 1403 131 42 lydelse
566 1405 44 41 på
632 1405 69 30 sätt
722 1403 112 33 nedan
857 1403 150 42 angives:

825 1489 20 30 4
866 1487 30 42 8.

163 1547 173 32 Semester
359 1548 98 40 utgår
478 1566 42 3 —
543 1566 40 3 —
605 1566 41 3 -—
668 1546 125 32 mellan
816 1548 166 40 parterna.

161 1597 83 32 Rätt
260 1597 54 31 till
331 1599 165 29 semester
511 1597 183 41 föreligger
711 1596 122 32 endast
850 1597 53 31 för
918 1596 295 38 kalendermånad,
1232 1596 109 32 under
1357 1595 113 32 vilken
1487 1595 124 32 arbets-

109 1651 137 39 tagaren
268 1647 54 32 för
343 1647 272 42 arbetsgivarens
638 1646 143 42 räkning
804 1646 107 31 utfört
932 1645 115 32 arbete
1069 1648 18 29 å
1109 1645 106 31 minst
1236 1647 120 30 sexton
1379 1645 112 41 dagar.
1526 1644 83 32 Här-

109 1698 58 32 vid
198 1698 87 32 skall
317 1698 77 32 med
426 1698 74 42 dag,
522 1700 20 29 å
561 1698 114 32 vilken
696 1698 116 31 arbete
833 1697 135 39 utförts,
990 1697 189 42 jämställas
1201 1697 74 42 dag,
1298 1697 168 32 varunder
1487 1696 124 33 arbets-

109 1751 139 39 tagaren
267 1749 141 41 åtnjutit
426 1751 165 29 semester
608 1748 83 32 eller
708 1748 88 32 varit
814 1748 197 41 oförmögen
1030 1748 53 31 till
1101 1747 116 32 arbete
1237 1749 44 40 på
1299 1747 109 42 grund
1425 1758 42 21 av
1485 1747 126 42 olycks-

110 1800 60 31 fall
190 1800 12 31 i
222 1799 133 32 arbetet
375 1799 83 32 eller
477 1799 107 32 sådan
604 1798 168 41 sjukdom,
795 1809 73 21 som
889 1809 97 21 avses
1007 1798 11 31 i
1038 1798 98 41 lagen
1158 1809 55 20 om
1233 1798 193 42 försäkring
1446 1798 55 31 för
1520 1798 91 32 vissa

108 1850 308 42 yrkessjukdomar,
442 1849 84 31 eller
551 1849 156 40 fullgjort
733 1849 11 30 i
770 1849 38 30 27
835 1848 19 41 8
879 1848 290 41 värnpliktslagen
1195 1847 83 31 eller
1303 1847 76 31 med
1405 1847 78 32 stöd
1509 1847 101 31 därav

107 1901 212 31 föreskriven
344 1899 254 41 militärövning
623 1909 54 20 om
702 1899 102 40 högst
829 1898 108 31 sextio
964 1898 111 41 dagar,
1104 1898 85 30 dock
1215 1897 31 41 ej
1273 1897 337 42 beredskapsövning

108 1953 86 29 samt
218 1951 29 41 ej
273 1951 108 30 heller
404 1949 255 40 militärövning
681 1960 73 19 som
779 1948 110 31 direkt
913 1948 152 31 ansluter
1087 1948 53 41 sig
1163 1948 53 30 till
1240 1948 108 31 första
1371 1948 237 41 tjänstgöring.

107 2002 18 31 I
147 2002 94 41 fråga
263 2012 54 20 om
339 2000 255 41 militärövning
615 2001 52 29 må
689 1999 103 30 likväl
814 1999 101 40 högst
937 1998 109 31 sextio
1070 1998 102 41 dagar
1194 1998 108 30 under
1323 1997 92 42 varje
1437 1997 172 32 kvalifika-

107 2052 145 31 tionstid
273 2051 121 31 räknas
413 2050 255 41 arbetstagaren
687 2049 53 31 till
760 2049 97 41 godo.
888 2049 84 40 Dag,
992 2048 107 31 under
1117 2048 114 31 vilken
1250 2048 255 41 arbetstagaren
1523 2048 86 31 varit

108 2103 198 40 oförmögen
322 2102 53 31 till
392 2101 114 31 arbete
524 2101 82 31 eller
622 2100 156 41 fullgjort
794 2100 126 30 militär
935 2099 237 41 tjänstgöring,
1189 2101 54 29 må
1259 2099 72 31 icke
1347 2098 121 32 räknas
1484 2098 125 32 honom

107 2153 53 31 till
187 2153 98 42 godo,
314 2153 114 30 därest
454 2151 114 31 arbete
596 2151 99 40 eljest
722 2150 269 41 uppenbarligen
1018 2149 72 31 icke
1115 2149 130 31 kunnat
1271 2149 143 31 beredas
1440 2149 125 31 honom
1591 2151 18 30 å

107 2204 105 31 sådan
233 2203 74 41 dag.

158 2254 18 30 I
197 2255 188 29 semestern
406 2272 13 2 -——
469 2273 1 1 —
528 2272 10 1 —
589 2252 153 31 däremot
762 2251 167 30 inräknas.

161 2363 122 31 Denna
304 2363 55 39 lag
378 2362 119 30 länder
515 2361 54 30 till
590 2359 228 33 efterrättelse
839 2360 74 31 från
934 2360 63 31 och
1018 2359 76 31 med
1115 2359 65 31 den
1203 2360 15 30 1
1240 2360 133 40 januari
1395 2359 89 31 1942.

160 2484 9 14 1
184 2468 124 38 Senaste
328 2480 104 32 lydelse
453 2487 28 16 se
503 2479 63 25 SFS
588 2479 78 23 1941:
682 2479 59 23 559.

161 2544 113 36 Bihang
292 2544 45 28 till
352 2544 168 35 riksdagens
535 2542 142 36 protokoll
699 2543 86 27 1942.
821 2539 19 29 I
855 2541 80 27 saml.
971 2539 21 28 2
1008 2540 65 27 avd.
1109 2541 44 27 Nr
1182 2541 42 27 10.
1488 2548 40 19 619
1543 2548 26 19 42
