2221 2667
702 163 263 33 Statsutskottels
995 164 175 33 Utlåtande
1194 166 64 31 N:o
1281 168 73 30 106.
1740 168 38 32 21

230 250 148 38 Genom
407 251 255 49 profkörning
691 254 20 34 å
739 253 177 37 sträckan
946 253 349 38 Orsa—kilometer
1324 256 59 47 39,
1427 257 20 34 å
1474 254 155 38 hvilken
1671 256 150 37 sträcka

229 304 46 36 de
317 308 142 32 största
500 304 264 50 stigningarna
805 306 247 48 förekomme,
1090 307 87 36 med
1203 310 161 46 gruståg
1392 308 41 36 af
1458 321 141 24 samma
1627 308 83 36 vikt
1738 322 83 24 som

230 356 45 37 de
314 361 156 44 tyngsta
508 357 311 38 förekommande
861 359 218 48 militärtåg,
1121 359 97 37 hade
1260 360 134 37 chefen
1437 360 60 37 för
1529 360 292 50 generalstaben

230 408 243 50 personligen
510 410 133 36 vunnit
672 410 72 37 den
772 411 311 49 uppfattningen,
1113 416 54 32 att
1198 412 116 37 sådan
1344 413 173 48 eftergift
1545 416 20 33 å
1593 413 152 37 fordran
1774 417 48 46 på

230 461 306 49 maximilutning
565 462 41 35 af
633 464 199 46 10:1000,
864 476 82 23 som
974 464 68 36 här
1061 464 230 49 ifrågasatts,
1313 465 182 49 möjligen
1517 465 123 37 kunde
1661 466 158 49 beviljas

230 513 58 37 för
317 513 101 37 vissa
447 514 170 37 sträckor
644 517 21 34 å
692 514 118 49 linjen
840 515 264 50 Orsa—Sveg.

333 566 56 36 Då
417 566 64 37 det
510 566 210 38 emellertid
747 581 43 23 ur
819 568 103 37 såväl
951 568 198 38 militärisk
1179 582 81 24 som
1279 569 177 38 kulturell
1477 571 192 49 synpunkt
1689 576 130 44 syntes

230 632 90 23 vara
360 619 42 36 af
439 619 93 47 vikt,
570 623 55 33 att
667 620 145 36 arbetet
853 623 47 47 på
941 621 282 37 fullbordandet
1264 622 41 36 af
1342 622 119 50 linjen
1504 622 253 51 Orsa—Sveg
1785 624 33 49 ej

230 671 237 47 afstannade,
511 672 70 36 och
623 672 47 37 då
712 672 104 37 detta
856 678 90 32 utan
984 678 145 32 statens
1158 674 265 37 mellankomst
1451 675 219 50 säkerligen
1697 676 124 37 blefve

230 723 118 49 fallet,
379 729 130 43 syntes
538 724 82 37 skäl
648 725 77 36 tala
752 725 59 37 för
840 730 54 32 ett
922 726 330 49 tillmötesgående
1285 728 41 36 af
1351 728 72 36 den
1451 728 42 36 af
1518 728 304 49 Orsa—Herjeå-

231 775 132 38 dalens
399 776 407 51 jJärnvägsaktiebolag
833 779 138 49 gjorda
1010 779 332 50 framställningen
1371 793 60 23 om
1461 780 213 49 beviljande
1703 782 41 36 af
1768 786 54 32 ett

230 828 158 37 statslån
417 832 19 33 å
463 829 222 49 ytterligare
715 832 202 46 2,000,000
947 831 148 37 kronor.
1150 832 256 36 Alldenstund
1428 832 392 50 Orsa-—Svegbanan,

230 881 121 49 enligt
391 881 100 37 hvad
531 881 102 37 förut
674 882 234 48 framhållits,
952 889 130 43 syntes
1124 884 91 37 böra
1255 884 90 49 ingå
1382 887 123 34 såsom
1543 899 47 23 en
1619 885 60 37 del
1706 886 13 36 i
1747 886 74 36 den

229 934 193 37 blifvande
463 934 274 37 inlandsbanan
781 935 68 37 och
892 936 146 37 således
1080 936 124 37 såvidt
1241 937 150 49 möjligt
1419 938 127 48 gifvas
1575 938 246 49 förstklassig

230 986 296 49 trafikförmåga,
556 986 118 37 borde
703 990 123 33 såsom
854 988 139 36 villkor
1020 988 64 37 vid
1110 989 232 49 beviljandet
1375 990 42 35 af
1441 990 105 36 detta
1570 990 61 36 lån
1651 990 168 48 stadgas,

229 1043 56 32 att
326 1039 71 36 den
440 1039 240 37 återstående
719 1039 110 37 delen
867 1040 41 36 af
933 1040 124 37 banan
1086 1041 121 37 skulle
1235 1042 150 49 byggas
1414 1042 256 49 förstklassig,
1699 1045 40 34 så
1766 1048 55 31 att

230 1094 20 33 å
279 1090 218 38 densamma
525 1092 33 49 ej
589 1092 235 37 förekomme
854 1098 122 32 större
1005 1093 217 49 stigningar
1250 1098 47 32 än
1324 1095 70 35 10:
1415 1096 96 35 1000
1529 1094 71 37 och
1620 1095 33 49 ej
1674 1095 146 37 mindre

230 1143 222 37 kurvradier
488 1148 48 32 än
573 1145 74 36 400
677 1149 128 32 meter.
861 1144 112 38 Hvad
1001 1146 167 49 anginge
1197 1146 71 36 den
1298 1146 113 37 södra
1439 1147 117 36 redan
1584 1147 235 36 fullbordade

230 1196 110 36 delen
382 1196 41 36 af
461 1196 134 49 banan,
639 1201 130 45 syntes
812 1197 46 36 de
888 1198 188 48 åtgärder,
1105 1198 127 37 hvilka
1261 1199 207 36 eventuellt
1495 1199 127 37 kunde
1650 1199 170 37 befinnas

229 1247 244 50 nödvändiga
513 1249 59 36 för
613 1249 149 37 ökande
800 1249 40 37 af
866 1250 86 37 dess
980 1250 297 50 trafikförmåga,
1306 1250 92 38 böra
1425 1251 92 37 bero
1545 1254 48 47 på
1620 1252 201 37 resultatet

230 1301 41 36 af
296 1300 73 37 den
389 1301 83 36 utaf
483 1301 379 50 järnvägsstyrelsen
880 1303 222 48 ifrågasatta
1120 1303 291 50 undersökning
1430 1304 68 36 och
1519 1304 116 50 därpå
1654 1304 167 49 följande

230 1353 183 50 pröfning
439 1366 44 23 ur
511 1353 199 37 militärisk
738 1354 206 50 synpunkt.
1529 1369 3 3 i

334 1405 52 37 På
421 1406 124 48 grund
582 1406 40 36 af
651 1407 100 36 hvad
780 1407 157 37 sålunda
965 1407 146 37 anförts
1146 1408 220 37 hemställde
1403 1408 132 37 chefen
1563 1408 60 38 för
1651 1410 170 48 general-

231 1458 144 47 staben,
418 1458 113 37 bland
573 1464 125 43 annat,
741 1464 54 31 att
832 1460 247 36 förevarande
1116 1461 168 36 ansökan
1321 1474 59 23 om
1412 1461 223 49 ytterligare
1664 1462 157 36 statslån

231 1519 21 27 å
295 1511 201 47 2,000,000
526 1511 140 37 kronor
702 1514 118 34 måtte
848 1512 159 50 beviljas
1036 1512 137 37 endast
1204 1513 119 37 under
1350 1513 136 37 villkor
1513 1518 56 32 att
1596 1517 20 33 å
1644 1514 178 37 sträckan

230 1562 198 37 kilometer
463 1563 206 50 79--Sveg
702 1569 121 32 större
851 1564 194 49 lutningar
1081 1570 47 31 än
1174 1567 187 35 10:1000
1400 1571 98 31 samt
1534 1566 145 37 mindre
1707 1566 113 37 kurv-

230 1615 126 37 radier
397 1620 47 32 än
485 1617 75 35 400
608 1621 120 32 meter
777 1617 32 49 ej
853 1616 101 50 finge
995 1617 245 49 förekomma,
1288 1623 96 31 samt
1432 1623 55 31 att
1532 1618 290 50 undersökning

231 1672 148 32 snarast
419 1668 150 49 möjligt
609 1672 117 33 måtte
769 1669 78 47 ske,
889 1669 183 37 huruvida
1115 1670 69 36 och
1221 1671 12 36 i
1270 1670 99 38 hvad
1398 1673 85 34 mån
1511 1671 311 49 trafikförmågan

232 1720 123 37 kunde
384 1720 92 37 ökas
506 1723 20 34 å
554 1721 176 37 sträckan
760 1721 346 39 Orsa—kilometer
1136 1724 80 35 79.»

334 1875 131 38 Såsom
502 1878 380 49 järnvägsstyrelsen
918 1878 12 36 i
968 1878 66 37 sitt
1071 1878 219 38 förberörda
1317 1878 195 38 utlåtande
1541 1879 153 49 erinrat,
1724 1879 97 37 hade

232 1928 139 49 Kungl.
423 1929 108 49 Maj:t
580 1929 57 37 till
690 1932 97 35 1904
839 1934 60 33 års
949 1931 171 49 Riksdag
1170 1932 117 36 aflåtit
1336 1932 238 49 proposition
1623 1932 198 48 angående

232 1981 205 37 anvisande
480 1982 41 36 af
559 1981 136 50 anslag
735 1983 59 36 för
830 1984 284 36 verkställande
1153 1984 40 36 af
1217 1984 248 49 fullständiga
1492 1985 330 47 undersökningar

231 2033 162 37 rörande
435 2047 47 23 en
523 2034 60 37 del
625 2035 40 36 af
703 2035 74 36 den
806 2038 40 33 så
874 2035 148 37 kallade
1050 2035 288 48 inlandsbanan,
1368 2037 192 47 nämligen
1593 2039 22 34 å
1644 2037 176 36 sträckan

232 2086 86 36 från
359 2085 253 38 bohuslänska
654 2087 138 37 kusten
832 2087 57 37 till
931 2087 113 50 Sveg.
1114 2088 88 37 Med
1231 2088 208 49 anledning
1467 2090 41 35 af
1533 2089 123 37 denna
1684 2103 137 35 propo-

232 2138 114 37 sition
388 2143 98 32 samt
526 2139 101 37 inom
667 2140 220 48 Riksdagen
916 2141 136 37 väckta
1085 2141 185 37 motioner
1298 2141 123 37 beslöt
1453 2141 216 50 Riksdagen
1700 2142 121 48 enligt

232 2190 200 37 skrifvelse
466 2192 72 36 den
570 2194 45 34 18
653 2193 71 48 maj
768 2194 97 35 1904
908 2193 138 49 bevilja
1084 2194 122 36 medel
1234 2194 59 36 för
1320 2193 279 38 verkställande
1628 2194 41 36 af
1693 2194 128 49 dylika

231 2243 331 49 undersökningar
589 2244 60 36 för
682 2244 85 37 hela
802 2244 74 38 den
917 2245 225 50 ifrågasatta
1182 2246 276 37 inlandsbanan
1490 2247 79 36 från
1605 2246 215 50 hamnplats

232 2298 21 33 å
295 2295 257 38 bohuslänska
593 2296 139 37 kusten
773 2298 105 36 öfver
920 2297 102 50 Sveg
1063 2299 70 36 och
1176 2299 145 37 Ströms
1366 2299 166 37 vattudal
1572 2299 56 37 till
1664 2298 158 51 lämplig

231 2348 122 50 punkt
381 2352 20 33 å
430 2348 327 39 Gellivarebanan.

1852 1899 34 22 Af
1904 1897 130 30 järnvägs-

1841 1934 127 29 styrelsen
1994 1934 49 22 för-

1869 1968 145 23 anstaltade

1874 2003 136 22 undersök-

1840 2038 89 29 ningar
1943 2039 25 21 af
1977 2038 66 29 järn-

1841 2074 79 27 vägen
1947 2073 95 22 ÖOrsa—

1858 2107 66 29 Sveg
1943 2107 83 23 såsom

1840 2143 78 22 länk
1905 2139 15 36 i
1932 2143 111 22 inlands-

1895 2178 91 24 banan.
