2205 2677
714 127 265 33 Statsutskottets
1009 125 177 33 Utlåtande
1210 125 63 32 N:o
1296 126 73 30 106.
1768 124 15 30 1

934 568 86 41 N:o
1050 568 103 41 106.

894 691 78 28 Ank.
996 690 50 28 till
1069 689 103 29 Riksd.
1196 688 99 29 kansli
1318 688 57 28 den
1398 688 17 28 2
1439 688 57 36 maj
1523 687 90 35 1905,
1636 686 40 29 kl.
1701 687 17 28 3
1742 696 24 19 e.
1790 696 39 19 m.

641 805 194 37 Utlåtande
874 804 15 36 i
928 803 193 48 anledning
1158 802 46 48 af
1229 801 122 36 väckta
1371 800 147 49 förslag
1548 812 55 24 om
1632 799 199 48 beviljande

736 865 47 49 af
804 864 204 49 ytterligare
1036 862 273 37 låneunderstöd
1329 862 66 48 för
1423 861 220 48 anläggning
1668 860 45 48 af
1721 860 108 48 järn-

737 930 68 44 väg
827 925 94 49 från
953 923 92 38 Örsa
1074 923 54 36 till
1155 922 101 49 Sveg.
1593 919 40 36 R.
1665 919 43 35 A.

338 1047 65 39 Uti
423 1061 47 24 en
489 1046 59 37 till
566 1045 222 49 Riksdagen
807 1044 73 36 den
904 1045 46 35 10
969 1056 102 23 mars
1094 1043 97 37 1905
1212 1041 139 37 aflåten
1369 1039 240 51 proposition
1630 1038 86 49 (N:o
1739 1037 89 48 103)

233 1103 70 35 har
332 1099 143 50 Kongl.
504 1099 134 49 Maj:t.,
665 1098 122 36 under
816 1095 241 50 åberopande
1087 1095 40 36 af
1151 1093 287 50 propositionen
1468 1091 146 48 bilagdt
1631 1091 142 48 utdrag
1792 1090 42 36 af

236 1151 421 51 statsrådsprotokollet
697 1150 110 37 öfver
834 1147 255 43 civilärenden
1117 1147 59 36 för
1205 1158 142 25 samma
1375 1145 87 48 dag,
1491 1142 201 50 föreslagit
1719 1143 110 36 Riks-

236 1207 125 47 dagen
390 1204 206 49 medgifva,
627 1208 53 31 att
709 1205 37 33 åt
775 1199 417 50 Orsa—Härjeådalens
1215 1196 404 52 järnvägsaktiebolag
1637 1198 117 33 måtte
1773 1195 58 36 till

235 1257 261 37 fullbordande
512 1256 41 36 af
568 1255 72 37 den
658 1254 115 37 redan
791 1252 205 51 påbörjade
1010 1250 472 51 järnvägsanläggningen
1496 1249 137 36 mellan
1649 1247 95 37 Orsa
1759 1247 71 36 och

237 1311 102 48 Sveg
356 1310 128 35 kunna
505 1311 20 33 å
553 1308 61 36 det
643 1307 40 36 af
706 1305 218 49 Riksdagen
952 1305 119 48 enligt
1090 1303 196 37 skrifvelse
1305 1302 72 36 den
1399 1305 17 33 7
1437 1301 72 49 maj
1535 1302 95 35 1901
1652 1300 58 36 till
1728 1300 102 36 låne-

236 1361 206 38 understöd
461 1361 58 36 för
542 1359 169 37 enskilda
721 1359 208 49 järnvägar
944 1356 184 50 beviljade
1143 1355 69 37 och
1226 1355 57 36 till
1297 1354 142 49 Kungl.
1455 1353 126 49 Maj:ts
1601 1351 230 50 förfogande

237 1414 135 37 ställda
391 1418 105 32 extra
524 1413 132 47 anslag
676 1411 40 36 af
735 1411 200 47 7,500,000
955 1409 138 36 kronor
1113 1408 149 36 anvisas
1279 1407 220 49 ytterligare
1518 1410 53 32 ett
1589 1404 242 37 understöds-

236 1467 137 48 belopp
403 1465 40 36 af
468 1465 202 47 2,200,000
690 1463 139 36 kronor
851 1466 92 32 utan
966 1460 244 49 iakttagande
1239 1460 40 35 af
1293 1460 12 35 i
1325 1457 409 50 statsrådsprotokollet
1754 1470 77 23 om-

238 1517 183 39 förmälda
435 1518 13 36 i
467 1516 237 50 Riksdagens
718 1514 158 38 berörda
891 1513 196 38 skrifvelse
1102 1512 182 49 stadgade
1298 1511 135 37 villkor
1455 1510 69 37 och
1539 1509 85 38 med
1643 1509 186 37 förbehåll

239 1576 66 43 att,
335 1571 113 35 äfven
475 1569 125 36 därest
628 1569 84 35 från
740 1567 245 37 statsverkets
1013 1565 80 37 sida
1110 1564 211 50 påyrkades
1340 1563 193 48 inlösning
1553 1562 40 36 af
1604 1562 227 49 järnvägen,

239 1624 116 35 innan
377 1624 46 34 10
454 1624 40 33 år
522 1620 158 37 förflutit
708 1620 85 35 från
821 1619 62 36 det
910 1621 128 45 någon
1066 1617 60 36 del
1153 1616 109 36 däraf
1286 1620 160 45 öppnats
1467 1615 58 35 för
1551 1615 136 35 allmän
1706 1613 123 46 trafik,

238 1680 124 31 staten
390 1674 120 36 skulle
539 1678 72 43 äga
637 1671 192 50 påfordra,
860 1675 53 32 att
941 1668 344 50 inlösningsvärdet
1305 1667 212 37 bestämdes
1546 1666 40 36 af
1606 1665 98 49 gode
1731 1669 100 43 män,

237 1730 49 47 på
328 1731 75 32 sätt
430 1726 13 37 i
471 1725 73 37 den
572 1728 20 33 å
620 1723 286 50 ifrågavarande
929 1720 427 51 järnvägsanläggning
1382 1718 216 38 meddelade
1616 1712 227 42 koncessio-'

237 1793 76 23 nen
340 1791 93 24 vore
474 1777 241 37 föreskrifvet
742 1776 58 36 för
828 1775 73 36 den
927 1774 180 36 händelse
1134 1773 194 48 inlösning
1355 1772 118 36 skulle
1501 1771 163 48 tidigare
1691 1769 141 49 ifråga-

237 1832 162 36 komma.

344 1882 63 38 Uti
448 1885 65 33 två
545 1881 79 37 lika
650 1880 164 49 lydande
843 1879 201 46 motioner,
1074 1890 82 24 som
1183 1875 64 37 vid
1273 1875 240 48 Riksdagens
1542 1873 134 49 början
1704 1872 128 36 blifvit

238 1935 150 47 väckta,
409 1934 74 36 den
505 1947 73 24 ena
606 1933 85 44 (N:o
721 1931 64 49 25)
812 1931 105 37 inom
944 1930 136 37 Första
1107 1929 230 36 Kammaren
1366 1928 40 36 af
1431 1927 89 35 herr
1546 1927 31 36 I.
1608 1939 68 23 von
1695 1926 138 47 Stapel-

239 1988 100 36 mohr
379 2001 48 22 m.
470 1986 36 37 fl.
550 1985 72 37 och
654 1985 73 37 den
755 1984 117 37 andra
901 1982 86 50 (N:o
1019 1981 87 49 121)
1134 1981 102 36 inom
1264 1980 129 36 Andra
1420 1979 232 37 Kammaren
1679 1977 41 37 af
1744 1977 89 36 herr

239 2041 47 36 K.
316 2039 174 38 Starbäck
517 2052 48 22 tm.
595 2038 50 48 fl.,
674 2038 69 36 har
762 2035 231 48 föreslagits,
1014 2039 55 32 att
1088 2033 220 49 Riksdagen
1327 2035 115 34 måtte
1463 2031 59 37 till
1540 2030 143 48 Kongl.
1703 2029 130 49 Maj:ts

241 2091 231 49 förfogande
500 2090 110 37 ställa
638 2103 48 23 en
714 2102 144 24 summa
886 2088 41 36 af
951 2090 65 34 två
1044 2086 188 37 millioner
1260 2086 154 46 kronor,
1443 2084 109 36 deraf
1578 2083 165 45 300,000
1775 2081 57 36 kr.

240 2144 121 36 under
403 2146 40 34 år
486 2144 111 46 1905,
640 2147 55 31 att
734 2142 147 36 lämnas
915 2153 81 23 som
1025 2139 161 36 statslån
1213 2137 59 36 till
1316 2137 120 37 Orsa—
1452 2134 251 49 Härjedalens
1728 2134 105 49 järn-

240 2195 319 50 vägsaktiebolag
585 2194 60 37 för
672 2192 239 50 fullföljande
940 2192 42 36 af
1001 2191 216 50 järnbanan
1247 2190 82 36 från
1359 2188 97 37 Orsa
1484 2187 58 37 till
1571 2187 115 49 Sveg.

324 2257 64 29 Bih.
414 2258 45 27 till
483 2256 101 28 Riksd.
609 2256 81 28 Prot.
713 2252 90 31 1905.
848 2251 19 30 4
890 2254 90 28 Saml.
1025 2252 17 28 1
1065 2252 69 38 Afd.
1183 2249 43 31 60
1247 2251 85 37 Höft.
1379 2248 84 39 (N:is
1486 2246 72 36 106,
1583 2247 83 37 107.)
1774 2246 17 29 1
