2206 2678
717 164 264 33 Statsutskottets
1010 165 177 32 Utlåtande
1210 165 64 31 N:o
1297 168 74 29 106.
1774 166 19 31 3

243 254 121 37 skilda
392 254 434 48 terrasseringsarbeten
856 253 122 37 förses
1007 253 85 36 med
1120 253 187 50 rundspår
1339 254 41 36 af
1400 254 115 37 minst
1535 256 73 35 350
1629 262 137 29 meters
1786 255 49 36 fri

242 307 129 49 längd.
401 298 241 57 Åtgärderna
662 307 58 36 för
734 306 277 37 lokomotivens
1026 306 199 37 förseende
1241 306 87 37 med
1342 312 131 31 vatten
1490 307 120 37 skulle
1626 310 42 34 så
1683 307 152 48 ordnas,

242 365 55 31 att
325 359 349 50 vattentillgången
710 359 65 36 vid
811 358 204 50 påfordran
1045 372 139 36 genom
1214 359 261 49 provisoriska
1503 360 182 37 anstalter
1713 360 121 37 skulle

244 412 127 36 kunna
398 412 145 49 hastigt
571 412 104 47 ökas,
704 415 42 33 så
775 416 54 32 att
857 411 72 37 den
953 410 126 38 blefve
1099 411 207 50 tillräcklig
1325 411 58 37 för
1404 425 45 23 en
1468 412 111 37 trafik
1599 412 41 36 af
1652 413 115 36 minst
1788 415 45 35 16

242 467 68 45 tåg
338 478 59 22 om
418 464 145 49 dygnet
582 465 12 35 i
613 464 187 36 hvardera
818 464 220 47 riktningen
1058 464 63 35 vid
1141 464 247 36 användande
1405 465 41 35 af
1458 464 138 36 dubbla
1611 465 221 36 lokomotiv.

347 516 138 37 Vidare
527 516 216 49 stadgades,
785 521 55 31 att
866 515 435 37 koncessionshafvarna
1338 516 120 36 skulle
1486 517 81 36 före
1605 517 72 36 den
1709 520 18 33 1
1759 518 73 49 maj

244 570 98 35 1902
384 568 58 37 till
478 568 143 49 Kungl.
663 569 108 49 Maj:t
810 568 166 36 inlämna
1017 568 120 46 bevis,
1180 573 54 31 att
1275 569 57 47 de,
1370 568 58 37 till
1457 569 178 36 säkerhet
1662 570 60 36 för
1749 570 85 36 full-

241 621 191 48 görandet
474 621 40 36 af
552 620 450 48 koncessionsvillkoren,
1043 620 12 36 i
1098 621 273 36 statskontoret
1410 621 153 36 nedsatt
1603 627 55 30 ett
1694 622 141 49 belopp

241 673 42 36 af
322 674 139 46 70,000
503 673 151 46 kronor,
698 673 70 36 och
810 673 120 36 skulle
967 673 336 48 järnvägsarbetet
1339 673 178 49 påbörjas
1554 681 128 29 senast
1710 674 72 36 den
1814 677 18 33 1

237 725 83 49 juni
353 727 97 35 1902
485 731 97 30 samt
614 725 167 37 därefter
808 728 41 34 så
877 724 204 47 bedrifvas,
1111 730 55 30 att
1188 725 216 49 järnvägen
1437 725 11 36 i
1477 725 59 37 sin
1564 726 129 36 helhet
1721 727 114 36 äfven

242 777 101 36 hvad
384 777 73 37 den
497 777 13 36 i
551 778 182 48 förslaget
769 783 196 44 upptagna
992 777 282 37 trafikmateriel
1302 778 169 48 anginge
1500 777 81 49 och,
1610 777 11 36 i
1651 778 184 37 händelse

241 829 284 37 trafikmateriel
565 830 151 36 utöfver
757 829 99 37 hvad
893 829 183 49 förslaget
1104 835 170 43 upptoge
1302 833 117 33 måste
1448 830 58 36 för
1532 829 212 49 järnvägen
1772 844 64 23 an-

243 882 153 47 skaffas,
420 881 144 49 jämväl
597 882 99 37 hvad
725 881 116 37 sådan
869 882 171 36 materiel
1068 881 219 48 beträffade,
1316 882 139 47 kunde,
1484 882 126 36 därest
1638 883 196 37 öfverens-

243 934 208 37 kommelse
488 948 59 23 om
589 935 146 36 banans
777 934 252 36 trafikerande
1072 934 85 35 med
1189 947 125 23 annan
1338 935 184 49 järnvägs
1551 935 170 36 materiel
1749 935 84 36 icke

241 987 160 41 träffats,
442 1000 90 23 vara
574 986 126 49 färdig
738 992 54 31 att
828 987 59 36 för
922 987 112 36 trafik
1075 986 171 49 upplåtas
1288 992 127 31 senast
1452 986 73 36 den
1557 989 17 33 1
1601 987 83 49 juni
1723 989 112 34 1905.

241 1039 195 48 Därjämte
486 1039 190 37 förbehöll
718 1039 143 48 Kungl.
903 1038 108 50 Maj:t
1056 1038 165 36 svenska
1266 1039 233 37 statsverket
1552 1039 182 48 rättighet
1778 1045 56 31 att

240 1091 122 36 inlösa
397 1090 218 50 järnvägen
657 1092 84 35 med
782 1091 179 36 tillbehör
1001 1090 71 37 och
1113 1090 282 37 trafikmateriel
1422 1096 80 31 mot
1539 1096 54 31 ett
1624 1092 211 49 penninge-

240 1143 154 49 belopp,

345 1196 35 48 a)
423 1209 93 33 som,
560 1209 60 22 om
660 1195 171 50 yrkande
872 1209 60 23 om
965 1194 235 51 järnvägens
1230 1195 222 38 afträdande
1480 1195 58 36 till
1567 1200 124 32 staten
1719 1195 116 36 fram-

241 1247 155 37 ställdes
425 1250 95 34 inom
550 1249 45 36 tio
624 1249 43 35 är
695 1248 97 36 efter
820 1247 63 37 det
905 1248 213 49 järnvägen
1146 1249 12 35 i
1187 1248 59 37 sin
1273 1248 129 36 helhet
1430 1247 91 37 eller
1548 1247 58 36 till
1626 1251 127 46 någon
1773 1248 61 36 del

240 1299 126 37 blifvit
403 1300 152 49 öppnad
596 1300 60 36 för
692 1300 140 36 allmän
859 1300 122 48 trafik,
1011 1300 120 37 skulle
1160 1305 193 32 motsvara
1381 1300 100 36 hvad
1503 1300 216 48 järnvägen
1747 1300 86 36 med

241 1351 281 49 tillhörigheter
543 1353 71 35 och
633 1352 282 37 trafikmateriel
935 1352 120 50 enligt
1072 1353 270 49 räkenskaper,
1364 1365 82 23 som
1462 1352 139 48 Kungl.
1619 1352 107 49 Maj:t
1740 1353 95 48 god-

242 1403 137 48 kände,
421 1404 127 36 kostat
588 1404 436 37 koncessionshafvarna
1063 1406 87 35 med
1178 1405 138 49 tillägg
1344 1405 40 36 af
1410 1409 108 32 ränta
1546 1405 96 36 efter
1671 1406 75 35 fem
1776 1405 61 36 för

241 1456 147 36 hundra
430 1469 58 23 om
532 1459 91 44 året,
665 1470 86 23 men
792 1457 86 36 med
919 1457 134 49 afdrag
1081 1457 41 36 af
1148 1458 73 36 den
1248 1457 285 48 nettoinkomst,
1562 1457 125 36 banan
1714 1457 120 36 under

242 1508 105 36 tiden
374 1508 152 47 lämnat,
556 1509 72 36 och

345 1560 38 48 b)
426 1574 94 34 som,
564 1574 60 23 om
667 1561 123 48 dylikt
831 1561 170 48 yrkande
1042 1561 156 50 gjordes
1241 1564 86 47 efter
1361 1563 45 36 tio
1436 1563 42 35 är
1507 1561 81 36 från
1619 1561 63 36 det
1709 1561 125 36 banan

241 1612 125 36 blifvit
393 1613 12 35 i
434 1613 58 36 sin
521 1613 129 36 helhet
678 1613 91 36 eller
797 1613 56 35 till
880 1616 127 45 någon
1036 1613 61 37 del
1124 1614 181 49 upplåten
1335 1614 60 36 för
1414 1613 139 36 allmän
1573 1613 122 46 trafik,
1712 1613 123 36 skulle

242 1665 167 49 antingen
450 1665 187 36 beräknas
680 1668 52 44 så,
775 1670 55 31 att
871 1665 209 37 detsamma
1116 1665 239 37 motsvarade
1383 1668 64 33 två
1474 1668 148 45 gånger
1649 1678 184 33 summan,

242 1717 122 48 enligt
392 1717 41 36 af
457 1717 143 49 Kungl.
630 1717 106 49 Maj:t
756 1717 205 49 godkända
979 1718 270 49 räkenskaper,
1270 1718 42 36 af
1327 1718 84 36 hela
1428 1718 72 36 den
1516 1717 121 37 under
1652 1717 45 37 de
1712 1717 52 36 tio
1781 1720 54 44 år,

242 1782 81 23 som
363 1769 160 36 förflutit
561 1774 170 31 närmast
772 1770 81 36 före
883 1770 63 36 det
974 1773 52 43 år,
1056 1770 215 37 hvarunder
1298 1770 383 48 lösningsanspråket
1708 1769 125 36 blifvit

241 1820 124 41 väckt,
406 1821 218 49 uppkomna
664 1821 329 50 nettobehållning
1033 1822 42 36 af
1111 1822 171 48 trafiken,
1320 1822 264 37 innefattande
1613 1821 72 37 alla
1714 1821 120 37 under

242 1886 143 23 samma
409 1873 53 37 tio
492 1877 41 33 år
560 1874 136 49 gjorda
723 1874 242 49 utdelningar
992 1874 59 37 till
1070 1874 206 49 delägarna
1295 1875 12 36 1
1322 1875 215 49 järnvägen
1562 1874 119 49 jämte
1708 1879 125 32 ränte-

242 1925 71 37 och
354 1926 431 49 kapitalafbetalningar
826 1929 21 34 å
886 1931 196 45 upptagna
1122 1927 61 36 lån
1221 1932 97 32 samt
1346 1927 210 48 afsättning
1584 1927 40 35 af
1648 1927 187 36 kontanta

242 1977 123 37 medel
406 1977 93 37 eller
532 1978 268 37 öfverförande
829 1978 41 37 af
896 1979 113 36 säkra
1037 1979 215 48 fordringar
1280 1979 58 36 till
1366 1979 174 48 befintlig
1567 1992 146 23 reserv-
1743 1978 91 37 eller

244 2029 298 49 förnyelsefond,
585 2032 83 35 eller
699 2032 72 46 ock,
800 2031 126 36 därest
952 2045 90 23 vare
1071 2031 60 48 sig
1159 2031 84 37 från
1272 2036 144 32 statens
1445 2031 90 37 eller
1565 2031 80 36 från
1675 2031 158 36 konces-

243 2081 311 37 sionshafvarnas
583 2083 82 36 sida
694 2083 133 36 sådant
854 2083 212 44 fordrades,
1095 2084 217 36 bestämdes
1341 2084 41 36 af
1406 2084 75 36 fem
1510 2083 98 48 gode
1638 2088 98 42 män,
1752 2083 87 36 utaf

242 2133 129 37 hvilka
400 2134 140 49 Kungl.
561 2134 107 49 Maj:t
687 2135 122 36 skulle
828 2140 85 31 utse
932 2138 63 33 två
1015 2136 71 36 och
1100 2136 433 37 koncessionshafvarna
1547 2138 76 45 två,
1640 2135 194 36 hvarefter

244 2185 46 38 de
332 2186 84 49 fyra
459 2186 155 37 sålaonda
654 2187 111 37 valde
806 2187 207 37 tillkallade
1056 2188 73 36 den
1156 2188 134 45 femte;
1321 2188 69 36 och
1418 2188 119 36 skulle
1565 2188 270 47 lösesumman,

243 2251 80 23 som
365 2238 123 36 skulle
529 2252 109 23 anses
680 2244 135 44 utgöra
855 2239 351 49 inlösningsvärdet
1239 2241 40 36 af
1303 2240 87 36 hela
1413 2240 421 49 järnvägsbyggnaden

244 2290 85 37 med
357 2290 73 37 alla
459 2291 87 36 dess
575 2291 99 36 fasta
702 2291 70 36 och
800 2291 82 37 lösa
911 2292 281 49 tillhörigheter
1221 2292 41 36 af
1286 2292 100 37 hvad
1415 2293 84 48 slag
1518 2292 45 37 de
1579 2306 91 23 vara
1686 2292 149 47 månde,
