1900 2820
301 136 40 30 34
689 145 124 30 Första
838 145 238 37 lagutskottets
1102 148 176 31 utlåtande
1304 149 48 30 Nr
1374 151 48 29 45.

355 225 71 31 >»En
452 227 135 35 partiell
614 228 310 36 strafflagsreform
948 230 221 31 beträffande
1193 232 376 32 brottskonkurrensen
1595 235 109 31 måste
1730 237 79 30 med

308 276 256 36 nödvändighet
587 277 140 37 åtföljas
749 288 42 20 av
813 279 90 31 vissa
925 281 187 36 ändringar
1135 282 10 29 i
1169 283 110 30 andra
1302 284 96 35 lagar
1419 285 45 29 än
1489 285 178 31 allmänna
1690 288 118 29 straff-

307 326 108 36 lagen.
457 327 49 29 Av
527 328 41 29 de
588 327 129 37 förslag
737 329 51 29 till
809 329 253 37 lagändringar,
1085 332 91 30 vilka
1196 333 105 36 enligt
1324 334 121 36 Kungl.
1468 335 120 36 Maj:ts
1608 337 112 30 beslut
1742 339 66 29 den

307 377 38 28 17
375 377 180 30 december
586 379 81 29 1937
697 380 252 31 underställdes
977 381 170 36 lagrådets
1179 384 222 36 granskning,
1431 385 53 31 stå
1513 387 189 30 emellertid
1732 388 75 30 icke

305 427 68 29 alla
398 426 11 30 i
436 426 123 32 sådant
586 428 111 31 direkt
723 430 170 30 samband
920 432 79 29 med
1026 433 363 36 strafflagsreformen.
1443 435 49 31 De
1520 437 187 36 ändringar
1734 447 75 21 som

304 476 193 38 föreslagits
519 479 221 31 beträffande
764 481 42 29 de
828 490 69 27 nya
918 482 143 36 lagarna
1083 493 57 20 om
1162 485 337 37 ungdomsfängelse,
1524 486 281 37 tvångsuppfost-

304 537 63 20 ran
392 532 89 27 samt
505 529 176 37 förvaring
706 531 66 29 och
796 531 210 37 internering
1030 533 10 30 i
1067 534 307 31 säkerhetsanstalt
1398 536 170 32 innefatta
1594 538 145 31 sålunda
1764 549 42 20 en

304 579 146 35 översyn
468 589 43 20 av
531 580 42 29 de
590 580 55 30 för
662 581 100 30 dessa
780 582 96 35 lagar
894 583 169 35 specifika
1081 585 376 37 konkurrensreglerna
1475 588 11 29 i
1506 588 89 35 syfte
1614 592 49 27 att
1683 589 122 36 åväga-

303 628 122 37 bringa
450 630 162 30 inbördes
638 632 342 32 överensstämmelse
1008 635 78 29 dem
1112 636 157 30 emellan.
1322 637 63 30 Det
1411 638 106 35 gäller
1544 639 64 30 här
1635 640 171 35 spörsmål

304 687 84 27 som,
415 680 143 30 bortsett
583 680 79 32 från
688 691 42 20 en
757 683 357 37 detaljbestämmelse,
1142 686 59 30 äro
1227 686 154 32 formellt
1406 688 65 30 och
1498 690 95 29 reellt
1619 689 188 32 fristående

303 729 79 31 från
402 730 78 30 dem
501 740 75 21 som
595 732 206 31 behandlats
821 733 11 30 i
855 734 212 36 strafflagen.
1108 736 52 30 Då
1181 740 49 27 tre
1251 747 42 20 av
1314 738 171 36 lagrådets
1505 740 199 36 ledamöter,
1726 742 79 28 med

302 780 137 36 hänsyn
463 781 50 30 till
536 782 164 31 befarade
723 784 220 35 olägenheter
965 786 11 29 i
999 787 362 37 rättstillämpningen,
1386 790 124 29 uttalat
1532 790 274 36 betänkligheter

302 833 72 27 mot
399 834 48 27 att
472 832 187 36 ändringar
684 833 155 37 vidtagas
864 835 11 29 i
900 835 99 31 dessa
1023 846 81 27 nyss
1130 837 135 37 färdiga
1291 839 96 30 delar
1411 848 43 21 av
1480 840 65 31 den
1572 841 234 31 reformerade

303 881 374 38 strafflagstiftningen,
704 884 58 30 må
790 885 88 30 först
902 886 131 30 erinras
1059 890 49 27 att
1132 888 99 30 dessa
1256 889 275 36 betänkligheter
1555 891 45 36 på
1625 893 112 34 grund
1762 902 42 21 av

303 932 66 29 vad
390 942 81 26 nyss
493 936 91 33 sagts
605 934 75 30 icke
702 935 80 30 med
803 935 59 36 fog
884 936 119 31 kunna
1025 937 167 36 åberopas
1214 939 51 29 till
1287 940 77 29 stöd
1386 940 54 30 för
1461 942 67 29 den
1550 943 183 35 meningen
1755 946 50 27 att

301 982 174 30 reformen
497 993 42 21 av
561 984 177 31 allmänna
759 986 222 36 strafflagens
1003 988 330 37 konkurrensregler
1353 991 63 29 bör
1438 991 108 31 anstå.
1591 993 121 30 Denna
1734 994 69 29 kan

301 1033 220 34 genomföras
544 1035 193 31 oberoende
757 1046 43 20 av
820 1037 187 36 ändringar
1027 1039 11 29 i
1058 1039 41 30 de
1119 1049 80 26 nyss
1219 1041 155 30 nämnda
1394 1042 152 35 lagarna,
1569 1052 57 20 om
1648 1044 75 29 skäl
1744 1054 58 20 an-

300 1092 52 21 ses
374 1083 166 37 föreligga
559 1089 72 26 mot
651 1087 272 34 genomförande
943 1098 42 20 av
1006 1090 99 30 dessa
1126 1099 119 21 senare
1266 1092 197 36 ändringar.
1504 1093 57 30 Ett
1582 1093 124 31 sådant
1727 1095 75 30 skäl

301 1134 110 30 skulle
430 1143 82 22 vara
531 1138 49 27 att
598 1136 42 29 de
658 1137 139 35 nyligen
815 1138 97 30 blivit
931 1142 150 33 antagna
1100 1141 64 29 och
1183 1144 49 27 att
1250 1141 59 31 två
1328 1151 42 21 av
1389 1143 87 35 dem,
1497 1144 172 36 nämligen
1693 1145 108 35 lagar-

299 1193 45 21 na
364 1193 57 21 om
441 1186 326 36 ungdomsfängelse
787 1189 67 29 och
873 1188 342 38 tvångsuppfostran,
1237 1193 82 29 trätt
1345 1193 5 29 i
1371 1193 94 30 kraft
1485 1193 38 31 så
1544 1198 73 27 sent
1638 1204 74 21 som
1735 1196 66 29 den

301 1235 14 28 1
342 1233 139 37 januari
504 1237 94 29 1938.
640 1237 63 30 Det
724 1247 102 27 synes
847 1239 89 31 dock
957 1249 84 22 vara
1062 1251 43 20 av
1125 1242 75 30 icke
1223 1242 98 36 ringa
1343 1243 72 30 vikt
1437 1247 49 27 att
1508 1241 292 45 konkurrensreg-

299 1285 96 30 lerna
416 1285 10 30 i
446 1286 100 31 dessa
567 1288 172 30 varandra
759 1289 205 31 närstående
984 1291 96 36 lagar
1100 1292 93 35 givas
1214 1302 42 20 en
1277 1295 161 29 ensartad
1460 1295 225 37 utformning.
1728 1297 73 29 Den

297 1344 48 21 nu
366 1336 210 32 verkställda
596 1339 285 36 omarbetningen
901 1341 145 30 innebär
1067 1342 10 29 i
1098 1343 184 30 huvudsak
1304 1347 50 27 att
1374 1345 142 35 lagarna
1537 1355 57 20 om
1615 1347 184 35 ungdoms-

297 1385 153 37 fängelse
500 1388 66 29 och
615 1388 332 37 tvångsuppfostran
997 1392 221 31 beträffande
1273 1394 527 33 konkurrensbestämmelserna

296 1435 117 37 bragts
435 1437 10 29 i
467 1438 342 32 överensstämmelse
831 1442 78 29 med
931 1442 66 29 den
1019 1452 120 21 senare
1160 1447 151 32 antagna
1335 1445 97 36 lagen
1456 1455 56 21 om
1536 1447 176 36 förvaring
1734 1448 66 30 och

297 1486 219 37 internering.
556 1488 65 31 Det
641 1489 68 30 kan
731 1490 75 30 icke
827 1492 106 35 gärna
953 1501 83 22 vara
1056 1497 107 26 annat
1183 1495 45 29 än
1249 1495 51 29 till
1322 1503 88 28 gagn
1431 1496 55 30 för
1507 1497 293 37 rättsskipningen

297 1540 49 27 att
371 1538 113 30 denna
509 1540 147 35 översyn
680 1540 154 37 vidtages
859 1541 37 31 så
920 1546 96 27 snart
1042 1553 74 20 som
1141 1544 144 37 möjligt.
1334 1546 78 30 Med
1437 1547 67 29 den
1529 1547 11 29 i
1565 1547 234 37 föreliggande

296 1588 296 37 ändringsförslag
620 1590 187 32 förordade
835 1593 109 35 dagen
972 1593 56 30 för
1056 1594 301 38 ikraftträdandet,
1390 1597 65 30 den
1488 1599 14 28 1
1533 1598 138 35 januari
1705 1600 93 33 1939,

295 1638 90 29 lärer
403 1638 56 30 för
478 1639 110 37 övrigt
608 1640 121 31 vinnas
750 1642 66 30 den
836 1643 277 32 beaktansvärda
1133 1645 156 31 fördelen
1310 1649 49 28 att
1379 1647 41 30 de
1440 1648 189 36 ändringar
1649 1658 74 21 som
1743 1650 56 29 be-

296 1689 80 30 röra
396 1689 99 36 lagen
515 1699 58 21 om
594 1691 177 37 förvaring
793 1694 66 29 och
880 1694 210 36 internering
1111 1696 119 30 kunna
1252 1696 133 30 införas
1407 1697 10 29 i
1442 1698 99 35 lagen
1563 1699 106 30 redan
1692 1700 106 29 innan

294 1739 65 29 den
385 1740 116 29 träder
525 1741 11 28 i
562 1741 229 37 tillämpning.

338 1788 74 31 Vad
434 1789 107 37 angår
564 1791 41 30 de
626 1791 196 37 föreslagna
845 1794 234 36 ändringarna
1100 1795 10 30 i
1136 1796 80 30 1937
1241 1796 56 31 års
1320 1798 54 35 lag
1396 1807 56 21 om
1475 1799 257 37 verkställighet
1756 1810 42 21 av

292 1839 212 37 bötesstraff,
526 1841 114 30 vilken
661 1842 115 30 träder
795 1843 11 29 i
826 1843 94 31 kraft
940 1845 66 30 den
1029 1846 15 29 1
1066 1845 138 37 januari
1227 1848 94 35 1939,
1343 1847 57 31 må
1420 1850 188 30 anmärkas
1628 1853 50 27 att
1699 1851 98 31 dessa

293 1890 121 31 endast
435 1891 106 31 delvis
563 1893 60 29 äro
643 1902 43 20 en
708 1893 112 31 direkt
841 1894 89 36 följd
952 1904 42 21 av
1016 1897 381 37 stråfflagsändringen.
1442 1899 131 31 Genom
1595 1897 201 44 ändringar-

293 1949 63 21 nas
380 1941 207 37 vidtagande
611 1944 9 29 i
645 1943 229 31 förevarande
898 1947 254 36 sammanhang
1175 1948 121 30 vinnes
1320 1958 135 21 samma
1479 1950 111 30 fördel
1617 1960 73 21 som
1714 1961 83 27 nyss

292 1992 228 30 omnämndes
546 1993 222 31 beträffande
794 1995 98 36 lagen
919 2005 57 21 om
1002 1996 176 37 förvaring
1205 1999 65 29 och
1297 1999 220 37 internering,
1546 2001 174 36 nämligen
1748 2004 48 28 att

292 2042 235 36 ändringarna
552 2044 119 30 kunna
696 2045 133 30 införas
852 2046 74 30 före
949 2047 116 36 lagens
1089 2048 287 32 ikraftträdande.

337 2092 140 31 Samma
498 2093 330 36 lagrådsledamöter
847 2097 46 29 ha
914 2097 221 31 beträffande
1156 2099 259 37 lagstiftningen
1436 2111 57 20 om
1519 2101 170 37 villkorlig
1710 2103 84 30 dom

290 2145 115 33 yttrat,
432 2146 49 27 att
508 2144 114 31 denna
647 2144 99 37 fråga
772 2146 91 30 hade
889 2146 122 33 sådant
1039 2150 169 29 samband
1235 2151 81 29 med
1343 2151 375 38 konkurrensreglerna
1746 2158 48 27 att

290 2192 99 31 dessa
413 2194 175 31 sannolikt
612 2195 109 31 måste
745 2197 129 30 ändras
899 2198 105 30 sedan
1029 2208 42 21 en
1096 2199 180 31 reviderad
1301 2201 214 37 lagstiftning
1540 2212 58 21 om
1622 2204 172 37 villkorlig

289 2243 82 30 dom
394 2244 97 30 blivit
514 2248 157 33 antagen.
719 2247 52 29 En
795 2247 96 30 inom
914 2248 269 36 departementet
1207 2251 178 36 företagen
1409 2252 259 38 undersökning
1693 2263 100 28 synes

288 2293 78 36 giva
384 2294 56 30 vid
458 2295 138 30 handen
615 2300 48 26 att
681 2297 99 31 dessa
796 2297 167 37 farhågor
980 2300 61 29 äro
1059 2301 208 35 ogrundade.
1311 2302 63 30 Det
1391 2302 167 31 förhåller
1577 2304 49 36 sig
1643 2305 149 30 tvärtom

289 2343 47 36 så,
359 2347 48 27 att
427 2345 260 38 utformningen
709 2357 42 20 av
774 2348 293 36 lagstadgandena
1088 2351 147 30 rörande
1256 2352 172 36 villkorlig
1450 2353 81 30 dom
1553 2354 10 30 i
1586 2355 90 30 vissa
1698 2354 96 30 delar

285 2395 101 30 röner
405 2395 167 31 inverkan
591 2406 42 21 av
653 2397 41 30 de
713 2398 178 30 allmänna
911 2399 384 39 konkurrensreglerna.
1318 2402 66 30 För
1404 2403 55 30 det
1479 2403 160 32 fortsatta
1660 2404 130 30 arbetet

288 2445 79 30 med
384 2446 191 31 revisionen
595 2457 42 20 av
653 2448 259 37 lagstiftningen
930 2459 56 21 om
1005 2450 171 38 villkorlig
1194 2452 81 30 dom
1294 2453 38 30 är
1350 2453 55 30 det
1424 2453 119 31 därför
1561 2455 164 30 önskvärt
1743 2458 48 27 att
