<?xml version="1.0" encoding="UTF-8"?>
<alto xmlns="http://www.loc.gov/standards/alto/ns-v3#" xmlns:xlink="http://www.w3.org/1999/xlink" xmlns:xsi="http://www.w3.org/2001/XMLSchema-instance" xsi:schemaLocation="http://www.loc.gov/standards/alto/ns-v3# http://www.loc.gov/alto/v3/alto-3-0.xsd">
	<Description>
		<MeasurementUnit>pixel</MeasurementUnit>
		<sourceImageInformation>
			<fileName>/tmp/tess_4s41q0nx_input.PNG</fileName>
		</sourceImageInformation>
		<OCRProcessing ID="OCR_0">
			<ocrProcessingStep>
				<processingSoftware>
					<softwareName>tesseract 5.3.0</softwareName>
				</processingSoftware>
			</ocrProcessingStep>
		</OCRProcessing>
	</Description>
	<Layout>
		<Page WIDTH="1902" HEIGHT="2828" PHYSICAL_IMG_NR="0" ID="page_0">
			<PrintSpace HPOS="0" VPOS="0" WIDTH="1902" HEIGHT="2828">
				<ComposedBlock ID="cblock_0" HPOS="477" VPOS="124" WIDTH="1138" HEIGHT="58">
					<TextBlock ID="block_0" HPOS="477" VPOS="124" WIDTH="1138" HEIGHT="58">
						<TextLine ID="line_0" HPOS="477" VPOS="124" WIDTH="1138" HEIGHT="58">
							<String ID="string_0" HPOS="477" VPOS="147" WIDTH="121" HEIGHT="35" WC="0.93" CONTENT="Första"/><SP WIDTH="25" VPOS="147" HPOS="598"/>
							<String ID="string_1" HPOS="623" VPOS="142" WIDTH="239" HEIGHT="38" WC="0.90" CONTENT="lagutskottets"/><SP WIDTH="24" VPOS="142" HPOS="862"/>
							<String ID="string_2" HPOS="886" VPOS="136" WIDTH="176" HEIGHT="34" WC="0.96" CONTENT="utlåtande"/><SP WIDTH="24" VPOS="136" HPOS="1062"/>
							<String ID="string_3" HPOS="1086" VPOS="135" WIDTH="48" HEIGHT="31" WC="0.93" CONTENT="Nr"/><SP WIDTH="25" VPOS="135" HPOS="1134"/>
							<String ID="string_4" HPOS="1159" VPOS="136" WIDTH="54" HEIGHT="31" WC="0.66" CONTENT="45:"/><SP WIDTH="363" VPOS="136" HPOS="1213"/>
							<String ID="string_5" HPOS="1576" VPOS="124" WIDTH="39" HEIGHT="32" WC="0.93" CONTENT="67"/>
						</TextLine>
					</TextBlock>
				</ComposedBlock>
				<ComposedBlock ID="cblock_1" HPOS="115" VPOS="214" WIDTH="1531" HEIGHT="1911">
					<TextBlock ID="block_1" HPOS="115" VPOS="214" WIDTH="1515" HEIGHT="959">
						<TextLine ID="line_1" HPOS="115" VPOS="214" WIDTH="1500" HEIGHT="52">
							<String ID="string_6" HPOS="115" VPOS="236" WIDTH="70" HEIGHT="30" WC="0.96" CONTENT="dan"/><SP WIDTH="23" VPOS="236" HPOS="185"/>
							<String ID="string_7" HPOS="208" VPOS="234" WIDTH="11" HEIGHT="31" WC="0.96" CONTENT="i"/><SP WIDTH="24" VPOS="234" HPOS="219"/>
							<String ID="string_8" HPOS="243" VPOS="234" WIDTH="66" HEIGHT="31" WC="0.96" CONTENT="och"/><SP WIDTH="23" VPOS="234" HPOS="309"/>
							<String ID="string_9" HPOS="332" VPOS="232" WIDTH="80" HEIGHT="31" WC="0.96" CONTENT="med"/><SP WIDTH="25" VPOS="232" HPOS="412"/>
							<String ID="string_10" HPOS="437" VPOS="234" WIDTH="49" HEIGHT="27" WC="0.96" CONTENT="att"/><SP WIDTH="24" VPOS="234" HPOS="486"/>
							<String ID="string_11" HPOS="510" VPOS="230" WIDTH="41" HEIGHT="30" WC="0.96" CONTENT="de"/><SP WIDTH="24" VPOS="230" HPOS="551"/>
							<String ID="string_12" HPOS="575" VPOS="227" WIDTH="149" HEIGHT="36" WC="0.96" CONTENT="oriktiga"/><SP WIDTH="26" VPOS="227" HPOS="724"/>
							<String ID="string_13" HPOS="750" VPOS="223" WIDTH="223" HEIGHT="38" WC="0.96" CONTENT="uppgifterna"/><SP WIDTH="24" VPOS="223" HPOS="973"/>
							<String ID="string_14" HPOS="997" VPOS="222" WIDTH="144" HEIGHT="30" WC="0.96" CONTENT="lämnas."/><SP WIDTH="49" VPOS="222" HPOS="1141"/>
							<String ID="string_15" HPOS="1190" VPOS="219" WIDTH="91" HEIGHT="31" WC="0.96" CONTENT="Krav"/><SP WIDTH="24" VPOS="219" HPOS="1281"/>
							<String ID="string_16" HPOS="1305" VPOS="216" WIDTH="47" HEIGHT="38" WC="0.96" CONTENT="på"/><SP WIDTH="26" VPOS="216" HPOS="1352"/>
							<String ID="string_17" HPOS="1378" VPOS="225" WIDTH="42" HEIGHT="22" WC="0.93" CONTENT="en"/><SP WIDTH="25" VPOS="225" HPOS="1420"/>
							<String ID="string_18" HPOS="1445" VPOS="214" WIDTH="170" HEIGHT="32" WC="0.90" CONTENT="omarbet-"/>
						</TextLine>
						<TextLine ID="line_2" HPOS="117" VPOS="269" WIDTH="1499" HEIGHT="53">
							<String ID="string_19" HPOS="117" VPOS="286" WIDTH="81" HEIGHT="36" WC="0.95" CONTENT="ning"/><SP WIDTH="20" VPOS="286" HPOS="198"/>
							<String ID="string_20" HPOS="218" VPOS="294" WIDTH="42" HEIGHT="21" WC="0.93" CONTENT="av"/><SP WIDTH="20" VPOS="294" HPOS="260"/>
							<String ID="string_21" HPOS="280" VPOS="279" WIDTH="412" HEIGHT="35" WC="0.88" CONTENT="straffbestämmelserna"/><SP WIDTH="19" VPOS="279" HPOS="692"/>
							<String ID="string_22" HPOS="711" VPOS="276" WIDTH="56" HEIGHT="30" WC="0.96" CONTENT="för"/><SP WIDTH="17" VPOS="276" HPOS="767"/>
							<String ID="string_23" HPOS="784" VPOS="275" WIDTH="104" HEIGHT="31" WC="0.96" CONTENT="ocker"/><SP WIDTH="17" VPOS="275" HPOS="888"/>
							<String ID="string_24" HPOS="905" VPOS="274" WIDTH="59" HEIGHT="42" WC="0.96" CONTENT="har"/><SP WIDTH="19" VPOS="274" HPOS="964"/>
							<String ID="string_25" HPOS="983" VPOS="272" WIDTH="81" HEIGHT="30" WC="0.93" CONTENT="ofta"/><SP WIDTH="19" VPOS="272" HPOS="1064"/>
							<String ID="string_26" HPOS="1083" VPOS="269" WIDTH="191" HEIGHT="35" WC="0.96" CONTENT="framförts,"/><SP WIDTH="22" VPOS="269" HPOS="1274"/>
							<String ID="string_27" HPOS="1296" VPOS="270" WIDTH="116" HEIGHT="28" WC="0.96" CONTENT="senast"/><SP WIDTH="19" VPOS="270" HPOS="1412"/>
							<String ID="string_28" HPOS="1431" VPOS="274" WIDTH="124" HEIGHT="28" WC="0.96" CONTENT="genom"/><SP WIDTH="18" VPOS="274" HPOS="1555"/>
							<String ID="string_29" HPOS="1573" VPOS="272" WIDTH="43" HEIGHT="22" WC="0.95" CONTENT="en"/>
						</TextLine>
						<TextLine ID="line_3" HPOS="118" VPOS="315" WIDTH="1499" HEIGHT="56">
							<String ID="string_30" HPOS="118" VPOS="332" WIDTH="323" HEIGHT="39" WC="0.89" CONTENT="riksdagsskrivelse"/><SP WIDTH="37" VPOS="332" HPOS="441"/>
							<String ID="string_31" HPOS="478" VPOS="327" WIDTH="234" HEIGHT="34" WC="0.96" CONTENT="innevarande"/><SP WIDTH="38" VPOS="327" HPOS="712"/>
							<String ID="string_32" HPOS="750" VPOS="323" WIDTH="62" HEIGHT="33" WC="0.63" CONTENT="år.&quot;"/><SP WIDTH="51" VPOS="323" HPOS="812"/>
							<String ID="string_33" HPOS="863" VPOS="323" WIDTH="120" HEIGHT="36" WC="0.82" CONTENT="Någon"/><SP WIDTH="39" VPOS="323" HPOS="983"/>
							<String ID="string_34" HPOS="1022" VPOS="318" WIDTH="346" HEIGHT="34" WC="0.82" CONTENT="straffbestämmelse"/><SP WIDTH="37" VPOS="318" HPOS="1368"/>
							<String ID="string_35" HPOS="1405" VPOS="316" WIDTH="55" HEIGHT="31" WC="0.96" CONTENT="för"/><SP WIDTH="26" VPOS="316" HPOS="1460"/>
							<String ID="string_36" HPOS="1486" VPOS="315" WIDTH="131" HEIGHT="31" WC="0.96" CONTENT="sådana"/>
						</TextLine>
						<TextLine ID="line_4" HPOS="117" VPOS="366" WIDTH="1500" HEIGHT="56">
							<String ID="string_37" HPOS="117" VPOS="385" WIDTH="255" HEIGHT="37" WC="0.91" CONTENT="vinningsbrott"/><SP WIDTH="43" VPOS="385" HPOS="372"/>
							<String ID="string_38" HPOS="415" VPOS="389" WIDTH="74" HEIGHT="23" WC="0.93" CONTENT="som"/><SP WIDTH="42" VPOS="389" HPOS="489"/>
							<String ID="string_39" HPOS="531" VPOS="380" WIDTH="140" HEIGHT="30" WC="0.87" CONTENT="förövas"/><SP WIDTH="41" VPOS="380" HPOS="671"/>
							<String ID="string_40" HPOS="712" VPOS="376" WIDTH="144" HEIGHT="31" WC="0.96" CONTENT="medelst"/><SP WIDTH="30" VPOS="376" HPOS="856"/>
							<String ID="string_41" HPOS="886" VPOS="373" WIDTH="187" HEIGHT="34" WC="0.96" CONTENT="missbruk,"/><SP WIDTH="29" VPOS="373" HPOS="1073"/>
							<String ID="string_42" HPOS="1102" VPOS="370" WIDTH="144" HEIGHT="31" WC="0.93" CONTENT="utanför"/><SP WIDTH="29" VPOS="370" HPOS="1246"/>
							<String ID="string_43" HPOS="1275" VPOS="366" WIDTH="342" HEIGHT="39" WC="0.90" CONTENT="sysslomannaskap,"/>
						</TextLine>
						<TextLine ID="line_5" HPOS="119" VPOS="416" WIDTH="1500" HEIGHT="54">
							<String ID="string_44" HPOS="119" VPOS="447" WIDTH="42" HEIGHT="21" WC="0.95" CONTENT="av"/><SP WIDTH="43" VPOS="447" HPOS="161"/>
							<String ID="string_45" HPOS="204" VPOS="434" WIDTH="202" HEIGHT="36" WC="0.96" CONTENT="behörighet"/><SP WIDTH="46" VPOS="434" HPOS="406"/>
							<String ID="string_46" HPOS="452" VPOS="435" WIDTH="49" HEIGHT="28" WC="0.96" CONTENT="att"/><SP WIDTH="41" VPOS="435" HPOS="501"/>
							<String ID="string_47" HPOS="542" VPOS="429" WIDTH="147" HEIGHT="36" WC="0.96" CONTENT="rättsligt"/><SP WIDTH="48" VPOS="429" HPOS="689"/>
							<String ID="string_48" HPOS="737" VPOS="426" WIDTH="137" HEIGHT="36" WC="0.96" CONTENT="förfoga"/><SP WIDTH="43" VPOS="426" HPOS="874"/>
							<String ID="string_49" HPOS="917" VPOS="425" WIDTH="81" HEIGHT="29" WC="0.75" CONTENT="över"/><SP WIDTH="43" VPOS="425" HPOS="998"/>
							<String ID="string_50" HPOS="1041" VPOS="431" WIDTH="133" HEIGHT="22" WC="0.95" CONTENT="annans"/><SP WIDTH="45" VPOS="431" HPOS="1174"/>
							<String ID="string_51" HPOS="1219" VPOS="418" WIDTH="243" HEIGHT="37" WC="0.96" CONTENT="förmögenhet"/><SP WIDTH="42" VPOS="418" HPOS="1462"/>
							<String ID="string_52" HPOS="1504" VPOS="416" WIDTH="115" HEIGHT="30" WC="0.95" CONTENT="finnes"/>
						</TextLine>
						<TextLine ID="line_6" HPOS="119" VPOS="466" WIDTH="1501" HEIGHT="59">
							<String ID="string_53" HPOS="119" VPOS="487" WIDTH="43" HEIGHT="38" WC="0.95" CONTENT="ej."/><SP WIDTH="48" VPOS="487" HPOS="162"/>
							<String ID="string_54" HPOS="210" VPOS="487" WIDTH="57" HEIGHT="30" WC="0.96" CONTENT="Ett"/><SP WIDTH="25" VPOS="487" HPOS="267"/>
							<String ID="string_55" HPOS="292" VPOS="484" WIDTH="143" HEIGHT="31" WC="0.96" CONTENT="område"/><SP WIDTH="25" VPOS="484" HPOS="435"/>
							<String ID="string_56" HPOS="460" VPOS="483" WIDTH="95" HEIGHT="30" WC="0.96" CONTENT="inom"/><SP WIDTH="24" VPOS="483" HPOS="555"/>
							<String ID="string_57" HPOS="579" VPOS="477" WIDTH="397" HEIGHT="38" WC="0.92" CONTENT="förmögenhetsbrotten"/><SP WIDTH="25" VPOS="477" HPOS="976"/>
							<String ID="string_58" HPOS="1001" VPOS="483" WIDTH="75" HEIGHT="22" WC="0.96" CONTENT="som"/><SP WIDTH="24" VPOS="483" HPOS="1076"/>
							<String ID="string_59" HPOS="1100" VPOS="473" WIDTH="38" HEIGHT="29" WC="0.96" CONTENT="är"/><SP WIDTH="24" VPOS="473" HPOS="1138"/>
							<String ID="string_60" HPOS="1162" VPOS="471" WIDTH="10" HEIGHT="31" WC="0.96" CONTENT="i"/><SP WIDTH="26" VPOS="471" HPOS="1172"/>
							<String ID="string_61" HPOS="1198" VPOS="473" WIDTH="85" HEIGHT="28" WC="0.96" CONTENT="stort"/><SP WIDTH="23" VPOS="473" HPOS="1283"/>
							<String ID="string_62" HPOS="1306" VPOS="469" WIDTH="113" HEIGHT="31" WC="0.96" CONTENT="behov"/><SP WIDTH="25" VPOS="469" HPOS="1419"/>
							<String ID="string_63" HPOS="1444" VPOS="476" WIDTH="42" HEIGHT="22" WC="0.96" CONTENT="av"/><SP WIDTH="26" VPOS="476" HPOS="1486"/>
							<String ID="string_64" HPOS="1512" VPOS="466" WIDTH="108" HEIGHT="31" WC="0.92" CONTENT="refor-"/>
						</TextLine>
						<TextLine ID="line_7" HPOS="120" VPOS="517" WIDTH="1500" HEIGHT="56">
							<String ID="string_65" HPOS="120" VPOS="538" WIDTH="132" HEIGHT="35" WC="0.90" CONTENT="mering"/><SP WIDTH="27" VPOS="538" HPOS="252"/>
							<String ID="string_66" HPOS="279" VPOS="536" WIDTH="39" HEIGHT="30" WC="0.95" CONTENT="är"/><SP WIDTH="26" VPOS="536" HPOS="318"/>
							<String ID="string_67" HPOS="344" VPOS="534" WIDTH="117" HEIGHT="31" WC="0.93" CONTENT="vidare"/><SP WIDTH="26" VPOS="534" HPOS="461"/>
							<String ID="string_68" HPOS="487" VPOS="530" WIDTH="304" HEIGHT="33" WC="0.85" CONTENT="konkursbrotten."/><SP WIDTH="55" VPOS="530" HPOS="791"/>
							<String ID="string_69" HPOS="846" VPOS="527" WIDTH="72" HEIGHT="31" WC="0.96" CONTENT="Mot"/><SP WIDTH="27" VPOS="527" HPOS="918"/>
							<String ID="string_70" HPOS="945" VPOS="526" WIDTH="41" HEIGHT="30" WC="0.96" CONTENT="de"/><SP WIDTH="27" VPOS="526" HPOS="986"/>
							<String ID="string_71" HPOS="1013" VPOS="523" WIDTH="201" HEIGHT="32" WC="0.93" CONTENT="nuvarande"/><SP WIDTH="26" VPOS="523" HPOS="1214"/>
							<String ID="string_72" HPOS="1240" VPOS="517" WIDTH="380" HEIGHT="35" WC="0.91" CONTENT="straffbestämmelser-"/>
						</TextLine>
						<TextLine ID="line_8" HPOS="121" VPOS="568" WIDTH="1501" HEIGHT="51">
							<String ID="string_73" HPOS="121" VPOS="599" WIDTH="45" HEIGHT="20" WC="0.96" CONTENT="na"/><SP WIDTH="39" VPOS="599" HPOS="166"/>
							<String ID="string_74" HPOS="205" VPOS="589" WIDTH="65" HEIGHT="30" WC="0.93" CONTENT="har"/><SP WIDTH="40" VPOS="589" HPOS="270"/>
							<String ID="string_75" HPOS="310" VPOS="585" WIDTH="179" HEIGHT="32" WC="0.92" CONTENT="anmärkts"/><SP WIDTH="26" VPOS="585" HPOS="489"/>
							<String ID="string_76" HPOS="515" VPOS="582" WIDTH="108" HEIGHT="31" WC="0.96" CONTENT="bland"/><SP WIDTH="26" VPOS="582" HPOS="623"/>
							<String ID="string_77" HPOS="649" VPOS="583" WIDTH="107" HEIGHT="29" WC="0.96" CONTENT="annat"/><SP WIDTH="27" VPOS="583" HPOS="756"/>
							<String ID="string_78" HPOS="783" VPOS="582" WIDTH="50" HEIGHT="27" WC="0.93" CONTENT="att"/><SP WIDTH="28" VPOS="582" HPOS="833"/>
							<String ID="string_79" HPOS="861" VPOS="574" WIDTH="421" HEIGHT="35" WC="0.91" CONTENT="brottsbeskrivningarna"/><SP WIDTH="28" VPOS="574" HPOS="1282"/>
							<String ID="string_80" HPOS="1310" VPOS="570" WIDTH="45" HEIGHT="37" WC="0.96" CONTENT="på"/><SP WIDTH="28" VPOS="570" HPOS="1355"/>
							<String ID="string_81" HPOS="1383" VPOS="570" WIDTH="87" HEIGHT="30" WC="0.96" CONTENT="flera"/><SP WIDTH="29" VPOS="570" HPOS="1470"/>
							<String ID="string_82" HPOS="1499" VPOS="568" WIDTH="123" HEIGHT="30" WC="0.96" CONTENT="ställen"/>
						</TextLine>
						<TextLine ID="line_9" HPOS="122" VPOS="619" WIDTH="1500" HEIGHT="55">
							<String ID="string_83" HPOS="122" VPOS="639" WIDTH="109" HEIGHT="30" WC="0.93" CONTENT="förete"/><SP WIDTH="25" VPOS="639" HPOS="231"/>
							<String ID="string_84" HPOS="256" VPOS="636" WIDTH="173" HEIGHT="38" WC="0.95" CONTENT="påtagliga"/><SP WIDTH="25" VPOS="636" HPOS="429"/>
							<String ID="string_85" HPOS="454" VPOS="635" WIDTH="121" HEIGHT="30" WC="0.96" CONTENT="luckor"/><SP WIDTH="26" VPOS="635" HPOS="575"/>
							<String ID="string_86" HPOS="601" VPOS="634" WIDTH="89" HEIGHT="28" WC="0.96" CONTENT="samt"/><SP WIDTH="27" VPOS="634" HPOS="690"/>
							<String ID="string_87" HPOS="717" VPOS="633" WIDTH="50" HEIGHT="28" WC="0.96" CONTENT="att"/><SP WIDTH="25" VPOS="633" HPOS="767"/>
							<String ID="string_88" HPOS="792" VPOS="630" WIDTH="188" HEIGHT="35" WC="0.96" CONTENT="gränserna"/><SP WIDTH="24" VPOS="630" HPOS="980"/>
							<String ID="string_89" HPOS="1004" VPOS="626" WIDTH="127" HEIGHT="30" WC="0.95" CONTENT="mellan"/><SP WIDTH="26" VPOS="626" HPOS="1131"/>
							<String ID="string_90" HPOS="1157" VPOS="624" WIDTH="42" HEIGHT="30" WC="0.96" CONTENT="de"/><SP WIDTH="27" VPOS="624" HPOS="1199"/>
							<String ID="string_91" HPOS="1226" VPOS="621" WIDTH="172" HEIGHT="33" WC="0.93" CONTENT="särskilda"/><SP WIDTH="24" VPOS="621" HPOS="1398"/>
							<String ID="string_92" HPOS="1422" VPOS="619" WIDTH="200" HEIGHT="35" WC="0.89" CONTENT="handlings-"/>
						</TextLine>
						<TextLine ID="line_10" HPOS="123" VPOS="669" WIDTH="1500" HEIGHT="56">
							<String ID="string_93" HPOS="123" VPOS="692" WIDTH="108" HEIGHT="33" WC="0.96" CONTENT="typer,"/><SP WIDTH="25" VPOS="692" HPOS="231"/>
							<String ID="string_94" HPOS="256" VPOS="687" WIDTH="94" HEIGHT="30" WC="0.96" CONTENT="vilka"/><SP WIDTH="23" VPOS="687" HPOS="350"/>
							<String ID="string_95" HPOS="373" VPOS="685" WIDTH="80" HEIGHT="37" WC="0.96" CONTENT="ingå"/><SP WIDTH="21" VPOS="685" HPOS="453"/>
							<String ID="string_96" HPOS="474" VPOS="684" WIDTH="112" HEIGHT="30" WC="0.96" CONTENT="under"/><SP WIDTH="23" VPOS="684" HPOS="586"/>
							<String ID="string_97" HPOS="609" VPOS="680" WIDTH="190" HEIGHT="37" WC="0.96" CONTENT="bedrägeri,"/><SP WIDTH="23" VPOS="680" HPOS="799"/>
							<String ID="string_98" HPOS="822" VPOS="678" WIDTH="189" HEIGHT="36" WC="0.91" CONTENT="oredlighet"/><SP WIDTH="24" VPOS="678" HPOS="1011"/>
							<String ID="string_99" HPOS="1035" VPOS="676" WIDTH="65" HEIGHT="30" WC="0.96" CONTENT="och"/><SP WIDTH="24" VPOS="676" HPOS="1100"/>
							<String ID="string_100" HPOS="1124" VPOS="673" WIDTH="216" HEIGHT="32" WC="0.96" CONTENT="vårdslöshet"/><SP WIDTH="22" VPOS="673" HPOS="1340"/>
							<String ID="string_101" HPOS="1362" VPOS="674" WIDTH="73" HEIGHT="27" WC="0.93" CONTENT="mot"/><SP WIDTH="22" VPOS="674" HPOS="1435"/>
							<String ID="string_102" HPOS="1457" VPOS="669" WIDTH="166" HEIGHT="37" WC="0.71" CONTENT="borgenä-"/>
						</TextLine>
						<TextLine ID="line_11" HPOS="124" VPOS="719" WIDTH="1501" HEIGHT="56">
							<String ID="string_103" HPOS="124" VPOS="749" WIDTH="63" HEIGHT="26" WC="0.96" CONTENT="rer,"/><SP WIDTH="24" VPOS="749" HPOS="187"/>
							<String ID="string_104" HPOS="211" VPOS="739" WIDTH="10" HEIGHT="30" WC="0.96" CONTENT="i"/><SP WIDTH="25" VPOS="739" HPOS="221"/>
							<String ID="string_105" HPOS="246" VPOS="738" WIDTH="88" HEIGHT="30" WC="0.96" CONTENT="flera"/><SP WIDTH="25" VPOS="738" HPOS="334"/>
							<String ID="string_106" HPOS="359" VPOS="735" WIDTH="192" HEIGHT="32" WC="0.96" CONTENT="avseenden"/><SP WIDTH="24" VPOS="735" HPOS="551"/>
							<String ID="string_107" HPOS="575" VPOS="733" WIDTH="61" HEIGHT="30" WC="0.92" CONTENT="äro"/><SP WIDTH="25" VPOS="733" HPOS="636"/>
							<String ID="string_108" HPOS="661" VPOS="731" WIDTH="114" HEIGHT="30" WC="0.90" CONTENT="ovissa"/><SP WIDTH="22" VPOS="731" HPOS="775"/>
							<String ID="string_109" HPOS="797" VPOS="729" WIDTH="82" HEIGHT="30" WC="0.95" CONTENT="eller"/><SP WIDTH="23" VPOS="729" HPOS="879"/>
							<String ID="string_110" HPOS="902" VPOS="727" WIDTH="165" HEIGHT="37" WC="0.96" CONTENT="flytande."/><SP WIDTH="48" VPOS="727" HPOS="1067"/>
							<String ID="string_111" HPOS="1115" VPOS="725" WIDTH="125" HEIGHT="30" WC="0.96" CONTENT="Vidare"/><SP WIDTH="23" VPOS="725" HPOS="1240"/>
							<String ID="string_112" HPOS="1263" VPOS="722" WIDTH="59" HEIGHT="31" WC="0.96" CONTENT="må"/><SP WIDTH="21" VPOS="722" HPOS="1322"/>
							<String ID="string_113" HPOS="1343" VPOS="719" WIDTH="206" HEIGHT="33" WC="0.95" CONTENT="framhållas"/><SP WIDTH="26" VPOS="719" HPOS="1549"/>
							<String ID="string_114" HPOS="1575" VPOS="721" WIDTH="50" HEIGHT="28" WC="0.96" CONTENT="att"/>
						</TextLine>
						<TextLine ID="line_12" HPOS="124" VPOS="770" WIDTH="1502" HEIGHT="53">
							<String ID="string_115" HPOS="124" VPOS="790" WIDTH="94" HEIGHT="30" WC="0.96" CONTENT="olika"/><SP WIDTH="24" VPOS="790" HPOS="218"/>
							<String ID="string_116" HPOS="242" VPOS="787" WIDTH="180" HEIGHT="36" WC="0.96" CONTENT="meningar"/><SP WIDTH="24" VPOS="787" HPOS="422"/>
							<String ID="string_117" HPOS="446" VPOS="784" WIDTH="90" HEIGHT="38" WC="0.96" CONTENT="gjort"/><SP WIDTH="24" VPOS="784" HPOS="536"/>
							<String ID="string_118" HPOS="560" VPOS="784" WIDTH="50" HEIGHT="35" WC="0.96" CONTENT="sig"/><SP WIDTH="27" VPOS="784" HPOS="610"/>
							<String ID="string_119" HPOS="637" VPOS="781" WIDTH="158" HEIGHT="38" WC="0.96" CONTENT="gällande"/><SP WIDTH="25" VPOS="781" HPOS="795"/>
							<String ID="string_120" HPOS="820" VPOS="780" WIDTH="10" HEIGHT="30" WC="0.96" CONTENT="i"/><SP WIDTH="26" VPOS="780" HPOS="830"/>
							<String ID="string_121" HPOS="856" VPOS="778" WIDTH="168" HEIGHT="32" WC="0.96" CONTENT="avseende"/><SP WIDTH="25" VPOS="778" HPOS="1024"/>
							<String ID="string_122" HPOS="1049" VPOS="775" WIDTH="45" HEIGHT="38" WC="0.96" CONTENT="på"/><SP WIDTH="25" VPOS="775" HPOS="1094"/>
							<String ID="string_123" HPOS="1119" VPOS="774" WIDTH="123" HEIGHT="36" WC="0.96" CONTENT="frågan"/><SP WIDTH="24" VPOS="774" HPOS="1242"/>
							<String ID="string_124" HPOS="1266" VPOS="773" WIDTH="106" HEIGHT="30" WC="0.96" CONTENT="vilket"/><SP WIDTH="25" VPOS="773" HPOS="1372"/>
							<String ID="string_125" HPOS="1397" VPOS="770" WIDTH="128" HEIGHT="37" WC="0.96" CONTENT="uppsåt"/><SP WIDTH="25" VPOS="770" HPOS="1525"/>
							<String ID="string_126" HPOS="1550" VPOS="778" WIDTH="76" HEIGHT="22" WC="0.96" CONTENT="som"/>
						</TextLine>
						<TextLine ID="line_13" HPOS="126" VPOS="821" WIDTH="1500" HEIGHT="52">
							<String ID="string_127" HPOS="126" VPOS="840" WIDTH="87" HEIGHT="31" WC="0.96" CONTENT="skall"/><SP WIDTH="22" VPOS="840" HPOS="213"/>
							<String ID="string_128" HPOS="235" VPOS="840" WIDTH="46" HEIGHT="29" WC="0.96" CONTENT="ha"/><SP WIDTH="24" VPOS="840" HPOS="281"/>
							<String ID="string_129" HPOS="305" VPOS="837" WIDTH="165" HEIGHT="36" WC="0.96" CONTENT="förelegat"/><SP WIDTH="22" VPOS="837" HPOS="470"/>
							<String ID="string_130" HPOS="492" VPOS="836" WIDTH="63" HEIGHT="29" WC="0.96" CONTENT="hos"/><SP WIDTH="23" VPOS="836" HPOS="555"/>
							<String ID="string_131" HPOS="578" VPOS="832" WIDTH="316" HEIGHT="38" WC="0.96" CONTENT="gärningsmannen"/><SP WIDTH="24" VPOS="832" HPOS="894"/>
							<String ID="string_132" HPOS="918" VPOS="829" WIDTH="55" HEIGHT="30" WC="0.96" CONTENT="för"/><SP WIDTH="24" VPOS="829" HPOS="973"/>
							<String ID="string_133" HPOS="997" VPOS="830" WIDTH="50" HEIGHT="28" WC="0.96" CONTENT="att"/><SP WIDTH="21" VPOS="830" HPOS="1047"/>
							<String ID="string_134" HPOS="1068" VPOS="825" WIDTH="103" HEIGHT="32" WC="0.96" CONTENT="straff"/><SP WIDTH="22" VPOS="825" HPOS="1171"/>
							<String ID="string_135" HPOS="1193" VPOS="824" WIDTH="88" HEIGHT="31" WC="0.96" CONTENT="skall"/><SP WIDTH="24" VPOS="824" HPOS="1281"/>
							<String ID="string_136" HPOS="1305" VPOS="822" WIDTH="138" HEIGHT="31" WC="0.96" CONTENT="inträda"/><SP WIDTH="21" VPOS="822" HPOS="1443"/>
							<String ID="string_137" HPOS="1464" VPOS="821" WIDTH="55" HEIGHT="30" WC="0.93" CONTENT="för"/><SP WIDTH="22" VPOS="821" HPOS="1519"/>
							<String ID="string_138" HPOS="1541" VPOS="821" WIDTH="85" HEIGHT="29" WC="0.92" CONTENT="kon-"/>
						</TextLine>
						<TextLine ID="line_14" HPOS="126" VPOS="871" WIDTH="1500" HEIGHT="53">
							<String ID="string_139" HPOS="126" VPOS="887" WIDTH="274" HEIGHT="37" WC="0.92" CONTENT="kursbedrägeri."/><SP WIDTH="52" VPOS="887" HPOS="400"/>
							<String ID="string_140" HPOS="452" VPOS="885" WIDTH="165" HEIGHT="36" WC="0.96" CONTENT="Slutligen"/><SP WIDTH="27" VPOS="885" HPOS="617"/>
							<String ID="string_141" HPOS="644" VPOS="884" WIDTH="39" HEIGHT="29" WC="0.96" CONTENT="är"/><SP WIDTH="27" VPOS="884" HPOS="683"/>
							<String ID="string_142" HPOS="710" VPOS="885" WIDTH="49" HEIGHT="27" WC="0.96" CONTENT="att"/><SP WIDTH="27" VPOS="885" HPOS="759"/>
							<String ID="string_143" HPOS="786" VPOS="881" WIDTH="123" HEIGHT="30" WC="0.96" CONTENT="märka"/><SP WIDTH="26" VPOS="881" HPOS="909"/>
							<String ID="string_144" HPOS="935" VPOS="881" WIDTH="49" HEIGHT="28" WC="0.96" CONTENT="att"/><SP WIDTH="26" VPOS="881" HPOS="984"/>
							<String ID="string_145" HPOS="1010" VPOS="886" WIDTH="82" HEIGHT="22" WC="0.96" CONTENT="man"/><SP WIDTH="27" VPOS="886" HPOS="1092"/>
							<String ID="string_146" HPOS="1119" VPOS="875" WIDTH="79" HEIGHT="31" WC="0.96" CONTENT="från"/><SP WIDTH="26" VPOS="875" HPOS="1198"/>
							<String ID="string_147" HPOS="1224" VPOS="874" WIDTH="87" HEIGHT="31" WC="0.96" CONTENT="flera"/><SP WIDTH="26" VPOS="874" HPOS="1311"/>
							<String ID="string_148" HPOS="1337" VPOS="872" WIDTH="72" HEIGHT="31" WC="0.96" CONTENT="håll"/><SP WIDTH="26" VPOS="872" HPOS="1409"/>
							<String ID="string_149" HPOS="1435" VPOS="871" WIDTH="191" HEIGHT="36" WC="0.96" CONTENT="ifrågasatt,"/>
						</TextLine>
						<TextLine ID="line_15" HPOS="126" VPOS="917" WIDTH="1501" HEIGHT="54">
							<String ID="string_150" HPOS="126" VPOS="950" WIDTH="58" HEIGHT="21" WC="0.96" CONTENT="om"/><SP WIDTH="20" VPOS="950" HPOS="184"/>
							<String ID="string_151" HPOS="204" VPOS="940" WIDTH="65" HEIGHT="30" WC="0.96" CONTENT="den"/><SP WIDTH="19" VPOS="940" HPOS="269"/>
							<String ID="string_152" HPOS="288" VPOS="937" WIDTH="202" HEIGHT="31" WC="0.92" CONTENT="nuvarande"/><SP WIDTH="21" VPOS="937" HPOS="490"/>
							<String ID="string_153" HPOS="511" VPOS="932" WIDTH="336" HEIGHT="39" WC="0.90" CONTENT="systematiseringen"/><SP WIDTH="20" VPOS="932" HPOS="847"/>
							<String ID="string_154" HPOS="867" VPOS="939" WIDTH="42" HEIGHT="22" WC="0.93" CONTENT="av"/><SP WIDTH="19" VPOS="939" HPOS="909"/>
							<String ID="string_155" HPOS="928" VPOS="927" WIDTH="293" HEIGHT="32" WC="0.91" CONTENT="konkursbrotten"/><SP WIDTH="19" VPOS="927" HPOS="1221"/>
							<String ID="string_156" HPOS="1240" VPOS="926" WIDTH="39" HEIGHT="29" WC="0.96" CONTENT="är"/><SP WIDTH="18" VPOS="926" HPOS="1279"/>
							<String ID="string_157" HPOS="1297" VPOS="917" WIDTH="330" HEIGHT="45" WC="0.91" CONTENT="tillfredsställande,"/>
						</TextLine>
						<TextLine ID="line_16" HPOS="128" VPOS="972" WIDTH="1501" HEIGHT="49">
							<String ID="string_158" HPOS="128" VPOS="991" WIDTH="65" HEIGHT="30" WC="0.96" CONTENT="och"/><SP WIDTH="22" VPOS="991" HPOS="193"/>
							<String ID="string_159" HPOS="215" VPOS="999" WIDTH="57" HEIGHT="21" WC="0.96" CONTENT="om"/><SP WIDTH="24" VPOS="999" HPOS="272"/>
							<String ID="string_160" HPOS="296" VPOS="989" WIDTH="56" HEIGHT="30" WC="0.86" CONTENT="det"/><SP WIDTH="21" VPOS="989" HPOS="352"/>
							<String ID="string_161" HPOS="373" VPOS="988" WIDTH="76" HEIGHT="30" WC="0.96" CONTENT="icke"/><SP WIDTH="21" VPOS="988" HPOS="449"/>
							<String ID="string_162" HPOS="470" VPOS="995" WIDTH="81" HEIGHT="21" WC="0.96" CONTENT="vore"/><SP WIDTH="23" VPOS="995" HPOS="551"/>
							<String ID="string_163" HPOS="574" VPOS="983" WIDTH="203" HEIGHT="37" WC="0.95" CONTENT="lämpligare"/><SP WIDTH="24" VPOS="983" HPOS="777"/>
							<String ID="string_164" HPOS="801" VPOS="984" WIDTH="49" HEIGHT="28" WC="0.96" CONTENT="att"/><SP WIDTH="23" VPOS="984" HPOS="850"/>
							<String ID="string_165" HPOS="873" VPOS="978" WIDTH="162" HEIGHT="39" WC="0.96" CONTENT="särskilja"/><SP WIDTH="21" VPOS="978" HPOS="1035"/>
							<String ID="string_166" HPOS="1056" VPOS="978" WIDTH="42" HEIGHT="30" WC="0.96" CONTENT="de"/><SP WIDTH="24" VPOS="978" HPOS="1098"/>
							<String ID="string_167" HPOS="1122" VPOS="974" WIDTH="191" HEIGHT="33" WC="0.92" CONTENT="materiella"/><SP WIDTH="21" VPOS="974" HPOS="1313"/>
							<String ID="string_168" HPOS="1334" VPOS="972" WIDTH="295" HEIGHT="32" WC="0.91" CONTENT="konkursbrotten"/>
						</TextLine>
						<TextLine ID="line_17" HPOS="129" VPOS="1022" WIDTH="1501" HEIGHT="49">
							<String ID="string_169" HPOS="129" VPOS="1040" WIDTH="79" HEIGHT="31" WC="0.96" CONTENT="från"/><SP WIDTH="26" VPOS="1040" HPOS="208"/>
							<String ID="string_170" HPOS="234" VPOS="1040" WIDTH="41" HEIGHT="29" WC="0.96" CONTENT="de"/><SP WIDTH="25" VPOS="1040" HPOS="275"/>
							<String ID="string_171" HPOS="300" VPOS="1041" WIDTH="76" HEIGHT="28" WC="0.96" CONTENT="rent"/><SP WIDTH="25" VPOS="1041" HPOS="376"/>
							<String ID="string_172" HPOS="401" VPOS="1036" WIDTH="160" HEIGHT="31" WC="0.93" CONTENT="formella"/><SP WIDTH="25" VPOS="1036" HPOS="561"/>
							<String ID="string_173" HPOS="586" VPOS="1032" WIDTH="353" HEIGHT="36" WC="0.90" CONTENT="bokföringsbrotten."/><SP WIDTH="51" VPOS="1032" HPOS="939"/>
							<String ID="string_174" HPOS="990" VPOS="1029" WIDTH="12" HEIGHT="30" WC="0.74" CONTENT="I"/><SP WIDTH="27" VPOS="1029" HPOS="1002"/>
							<String ID="string_175" HPOS="1029" VPOS="1027" WIDTH="252" HEIGHT="34" WC="0.96" CONTENT="sammanhang"/><SP WIDTH="27" VPOS="1027" HPOS="1281"/>
							<String ID="string_176" HPOS="1308" VPOS="1023" WIDTH="146" HEIGHT="32" WC="0.96" CONTENT="härmed"/><SP WIDTH="28" VPOS="1023" HPOS="1454"/>
							<String ID="string_177" HPOS="1482" VPOS="1023" WIDTH="64" HEIGHT="30" WC="0.96" CONTENT="har"/><SP WIDTH="27" VPOS="1023" HPOS="1546"/>
							<String ID="string_178" HPOS="1573" VPOS="1022" WIDTH="57" HEIGHT="29" WC="0.96" CONTENT="det"/>
						</TextLine>
						<TextLine ID="line_18" HPOS="129" VPOS="1072" WIDTH="1500" HEIGHT="55">
							<String ID="string_179" HPOS="129" VPOS="1091" WIDTH="115" HEIGHT="36" WC="0.95" CONTENT="gamla"/><SP WIDTH="21" VPOS="1091" HPOS="244"/>
							<String ID="string_180" HPOS="265" VPOS="1087" WIDTH="214" HEIGHT="32" WC="0.96" CONTENT="önskemålet"/><SP WIDTH="19" VPOS="1087" HPOS="479"/>
							<String ID="string_181" HPOS="498" VPOS="1085" WIDTH="182" HEIGHT="31" WC="0.96" CONTENT="framförts"/><SP WIDTH="21" VPOS="1085" HPOS="680"/>
							<String ID="string_182" HPOS="701" VPOS="1086" WIDTH="49" HEIGHT="28" WC="0.96" CONTENT="att"/><SP WIDTH="19" VPOS="1086" HPOS="750"/>
							<String ID="string_183" HPOS="769" VPOS="1092" WIDTH="42" HEIGHT="20" WC="0.96" CONTENT="en"/><SP WIDTH="20" VPOS="1092" HPOS="811"/>
							<String ID="string_184" HPOS="831" VPOS="1081" WIDTH="131" HEIGHT="30" WC="0.93" CONTENT="allmän"/><SP WIDTH="21" VPOS="1081" HPOS="962"/>
							<String ID="string_185" HPOS="983" VPOS="1076" WIDTH="346" HEIGHT="33" WC="0.91" CONTENT="straffbestämmelse"/><SP WIDTH="20" VPOS="1076" HPOS="1329"/>
							<String ID="string_186" HPOS="1349" VPOS="1074" WIDTH="11" HEIGHT="30" WC="0.95" CONTENT="i"/><SP WIDTH="21" VPOS="1074" HPOS="1360"/>
							<String ID="string_187" HPOS="1381" VPOS="1073" WIDTH="99" HEIGHT="36" WC="0.96" CONTENT="fråga"/><SP WIDTH="19" VPOS="1073" HPOS="1480"/>
							<String ID="string_188" HPOS="1499" VPOS="1082" WIDTH="57" HEIGHT="20" WC="0.93" CONTENT="om"/><SP WIDTH="24" VPOS="1082" HPOS="1556"/>
							<String ID="string_189" HPOS="1580" VPOS="1072" WIDTH="49" HEIGHT="29" WC="0.91" CONTENT="in-"/>
						</TextLine>
						<TextLine ID="line_19" HPOS="125" VPOS="1131" WIDTH="795" HEIGHT="42">
							<String ID="string_190" HPOS="125" VPOS="1141" WIDTH="187" HEIGHT="31" WC="0.92" CONTENT="tellektuell"/><SP WIDTH="24" VPOS="1141" HPOS="312"/>
							<String ID="string_191" HPOS="336" VPOS="1133" WIDTH="421" HEIGHT="40" WC="0.91" CONTENT="handlingsförfalskning"/><SP WIDTH="22" VPOS="1133" HPOS="757"/>
							<String ID="string_192" HPOS="779" VPOS="1131" WIDTH="141" HEIGHT="31" WC="0.91" CONTENT="införes."/>
						</TextLine>
					</TextBlock>
					<TextBlock ID="block_2" HPOS="131" VPOS="1171" WIDTH="1505" HEIGHT="354">
						<TextLine ID="line_20" HPOS="175" VPOS="1171" WIDTH="1457" HEIGHT="55">
							<String ID="string_193" HPOS="175" VPOS="1191" WIDTH="114" HEIGHT="35" WC="0.95" CONTENT="Enligt"/><SP WIDTH="24" VPOS="1191" HPOS="289"/>
							<String ID="string_194" HPOS="313" VPOS="1189" WIDTH="71" HEIGHT="30" WC="0.95" CONTENT="min"/><SP WIDTH="25" VPOS="1189" HPOS="384"/>
							<String ID="string_195" HPOS="409" VPOS="1187" WIDTH="139" HEIGHT="36" WC="0.96" CONTENT="mening"/><SP WIDTH="26" VPOS="1187" HPOS="548"/>
							<String ID="string_196" HPOS="574" VPOS="1186" WIDTH="73" HEIGHT="35" WC="0.96" CONTENT="bör,"/><SP WIDTH="27" VPOS="1186" HPOS="647"/>
							<String ID="string_197" HPOS="674" VPOS="1183" WIDTH="114" HEIGHT="31" WC="0.96" CONTENT="såsom"/><SP WIDTH="24" VPOS="1183" HPOS="788"/>
							<String ID="string_198" HPOS="812" VPOS="1181" WIDTH="108" HEIGHT="31" WC="0.93" CONTENT="redan"/><SP WIDTH="27" VPOS="1181" HPOS="920"/>
							<String ID="string_199" HPOS="947" VPOS="1179" WIDTH="166" HEIGHT="38" WC="0.91" CONTENT="antyddes"/><SP WIDTH="26" VPOS="1179" HPOS="1113"/>
							<String ID="string_200" HPOS="1139" VPOS="1178" WIDTH="10" HEIGHT="31" WC="0.96" CONTENT="i"/><SP WIDTH="24" VPOS="1178" HPOS="1149"/>
							<String ID="string_201" HPOS="1173" VPOS="1176" WIDTH="92" HEIGHT="31" WC="0.92" CONTENT="årets"/><SP WIDTH="24" VPOS="1176" HPOS="1265"/>
							<String ID="string_202" HPOS="1289" VPOS="1171" WIDTH="343" HEIGHT="39" WC="0.90" CONTENT="statsverksproposi-"/>
						</TextLine>
						<TextLine ID="line_21" HPOS="131" VPOS="1224" WIDTH="1502" HEIGHT="53">
							<String ID="string_203" HPOS="131" VPOS="1242" WIDTH="81" HEIGHT="35" WC="0.95" CONTENT="tion,"/><SP WIDTH="24" VPOS="1242" HPOS="212"/>
							<String ID="string_204" HPOS="236" VPOS="1251" WIDTH="41" HEIGHT="20" WC="0.96" CONTENT="en"/><SP WIDTH="22" VPOS="1251" HPOS="277"/>
							<String ID="string_205" HPOS="299" VPOS="1239" WIDTH="185" HEIGHT="36" WC="0.95" CONTENT="utredning"/><SP WIDTH="20" VPOS="1239" HPOS="484"/>
							<String ID="string_206" HPOS="504" VPOS="1247" WIDTH="48" HEIGHT="21" WC="0.96" CONTENT="nu"/><SP WIDTH="23" VPOS="1247" HPOS="552"/>
							<String ID="string_207" HPOS="575" VPOS="1236" WIDTH="142" HEIGHT="30" WC="0.96" CONTENT="komma"/><SP WIDTH="23" VPOS="1236" HPOS="717"/>
							<String ID="string_208" HPOS="740" VPOS="1233" WIDTH="51" HEIGHT="31" WC="0.96" CONTENT="till"/><SP WIDTH="24" VPOS="1233" HPOS="791"/>
							<String ID="string_209" HPOS="815" VPOS="1232" WIDTH="100" HEIGHT="31" WC="0.96" CONTENT="stånd"/><SP WIDTH="22" VPOS="1232" HPOS="915"/>
							<String ID="string_210" HPOS="937" VPOS="1229" WIDTH="220" HEIGHT="31" WC="0.96" CONTENT="beträffande"/><SP WIDTH="23" VPOS="1229" HPOS="1157"/>
							<String ID="string_211" HPOS="1180" VPOS="1227" WIDTH="135" HEIGHT="31" WC="0.95" CONTENT="ändrad"/><SP WIDTH="23" VPOS="1227" HPOS="1315"/>
							<String ID="string_212" HPOS="1338" VPOS="1224" WIDTH="215" HEIGHT="38" WC="0.95" CONTENT="lagstiftning"/><SP WIDTH="23" VPOS="1224" HPOS="1553"/>
							<String ID="string_213" HPOS="1576" VPOS="1231" WIDTH="57" HEIGHT="22" WC="0.94" CONTENT="om"/>
						</TextLine>
						<TextLine ID="line_22" HPOS="131" VPOS="1274" WIDTH="1501" HEIGHT="54">
							<String ID="string_214" HPOS="131" VPOS="1290" WIDTH="404" HEIGHT="38" WC="0.90" CONTENT="förmögenhetsbrotten."/><SP WIDTH="37" VPOS="1290" HPOS="535"/>
							<String ID="string_215" HPOS="572" VPOS="1284" WIDTH="131" HEIGHT="33" WC="0.92" CONTENT="Härför"/><SP WIDTH="24" VPOS="1284" HPOS="703"/>
							<String ID="string_216" HPOS="727" VPOS="1284" WIDTH="88" HEIGHT="30" WC="0.95" CONTENT="talar"/><SP WIDTH="27" VPOS="1284" HPOS="815"/>
							<String ID="string_217" HPOS="842" VPOS="1283" WIDTH="85" HEIGHT="30" WC="0.96" CONTENT="även"/><SP WIDTH="28" VPOS="1283" HPOS="927"/>
							<String ID="string_218" HPOS="955" VPOS="1282" WIDTH="65" HEIGHT="30" WC="0.96" CONTENT="den"/><SP WIDTH="27" VPOS="1282" HPOS="1020"/>
							<String ID="string_219" HPOS="1047" VPOS="1278" WIDTH="309" HEIGHT="36" WC="0.96" CONTENT="omständigheten,"/><SP WIDTH="27" VPOS="1278" HPOS="1356"/>
							<String ID="string_220" HPOS="1383" VPOS="1279" WIDTH="49" HEIGHT="27" WC="0.93" CONTENT="att"/><SP WIDTH="26" VPOS="1279" HPOS="1432"/>
							<String ID="string_221" HPOS="1458" VPOS="1274" WIDTH="174" HEIGHT="37" WC="0.89" CONTENT="lagbered-"/>
						</TextLine>
						<TextLine ID="line_23" HPOS="133" VPOS="1325" WIDTH="1501" HEIGHT="53">
							<String ID="string_222" HPOS="133" VPOS="1342" WIDTH="137" HEIGHT="36" WC="0.96" CONTENT="ningen,"/><SP WIDTH="24" VPOS="1342" HPOS="270"/>
							<String ID="string_223" HPOS="294" VPOS="1350" WIDTH="75" HEIGHT="21" WC="0.96" CONTENT="som"/><SP WIDTH="23" VPOS="1350" HPOS="369"/>
							<String ID="string_224" HPOS="392" VPOS="1340" WIDTH="55" HEIGHT="30" WC="0.96" CONTENT="för"/><SP WIDTH="23" VPOS="1340" HPOS="447"/>
							<String ID="string_225" HPOS="470" VPOS="1336" WIDTH="218" HEIGHT="32" WC="0.96" CONTENT="närvarande"/><SP WIDTH="22" VPOS="1336" HPOS="688"/>
							<String ID="string_226" HPOS="710" VPOS="1334" WIDTH="202" HEIGHT="31" WC="0.96" CONTENT="verkställer"/><SP WIDTH="22" VPOS="1334" HPOS="912"/>
							<String ID="string_227" HPOS="934" VPOS="1330" WIDTH="183" HEIGHT="36" WC="0.96" CONTENT="utredning"/><SP WIDTH="25" VPOS="1330" HPOS="1117"/>
							<String ID="string_228" HPOS="1142" VPOS="1339" WIDTH="42" HEIGHT="21" WC="0.96" CONTENT="av"/><SP WIDTH="23" VPOS="1339" HPOS="1184"/>
							<String ID="string_229" HPOS="1207" VPOS="1328" WIDTH="124" HEIGHT="36" WC="0.96" CONTENT="frågan"/><SP WIDTH="25" VPOS="1328" HPOS="1331"/>
							<String ID="string_230" HPOS="1356" VPOS="1336" WIDTH="58" HEIGHT="21" WC="0.96" CONTENT="om"/><SP WIDTH="23" VPOS="1336" HPOS="1414"/>
							<String ID="string_231" HPOS="1437" VPOS="1335" WIDTH="43" HEIGHT="21" WC="0.96" CONTENT="en"/><SP WIDTH="24" VPOS="1335" HPOS="1480"/>
							<String ID="string_232" HPOS="1504" VPOS="1325" WIDTH="130" HEIGHT="30" WC="0.96" CONTENT="reform"/>
						</TextLine>
						<TextLine ID="line_24" HPOS="133" VPOS="1373" WIDTH="1501" HEIGHT="54">
							<String ID="string_233" HPOS="133" VPOS="1404" WIDTH="42" HEIGHT="20" WC="0.93" CONTENT="av"/><SP WIDTH="20" VPOS="1404" HPOS="175"/>
							<String ID="string_234" HPOS="195" VPOS="1387" WIDTH="483" HEIGHT="40" WC="0.89" CONTENT="aktiebolagslagstiftningen,"/><SP WIDTH="21" VPOS="1387" HPOS="678"/>
							<String ID="string_235" HPOS="699" VPOS="1385" WIDTH="121" HEIGHT="32" WC="0.96" CONTENT="därvid"/><SP WIDTH="21" VPOS="1385" HPOS="820"/>
							<String ID="string_236" HPOS="841" VPOS="1386" WIDTH="65" HEIGHT="29" WC="0.96" CONTENT="har"/><SP WIDTH="19" VPOS="1386" HPOS="906"/>
							<String ID="string_237" HPOS="925" VPOS="1385" WIDTH="49" HEIGHT="28" WC="0.96" CONTENT="att"/><SP WIDTH="20" VPOS="1385" HPOS="974"/>
							<String ID="string_238" HPOS="994" VPOS="1385" WIDTH="79" HEIGHT="33" WC="0.94" CONTENT="taga"/><SP WIDTH="20" VPOS="1385" HPOS="1073"/>
							<String ID="string_239" HPOS="1093" VPOS="1379" WIDTH="161" HEIGHT="36" WC="0.95" CONTENT="ställning"/><SP WIDTH="18" VPOS="1379" HPOS="1254"/>
							<String ID="string_240" HPOS="1272" VPOS="1378" WIDTH="51" HEIGHT="30" WC="0.96" CONTENT="till"/><SP WIDTH="21" VPOS="1378" HPOS="1323"/>
							<String ID="string_241" HPOS="1344" VPOS="1386" WIDTH="91" HEIGHT="22" WC="0.96" CONTENT="vissa"/><SP WIDTH="19" VPOS="1386" HPOS="1435"/>
							<String ID="string_242" HPOS="1454" VPOS="1373" WIDTH="180" HEIGHT="39" WC="0.95" CONTENT="spörsmål,"/>
						</TextLine>
						<TextLine ID="line_25" HPOS="134" VPOS="1427" WIDTH="1502" HEIGHT="47">
							<String ID="string_243" HPOS="134" VPOS="1444" WIDTH="92" HEIGHT="30" WC="0.96" CONTENT="vilka"/><SP WIDTH="26" VPOS="1444" HPOS="226"/>
							<String ID="string_244" HPOS="252" VPOS="1443" WIDTH="85" HEIGHT="29" WC="0.92" CONTENT="nära"/><SP WIDTH="27" VPOS="1443" HPOS="337"/>
							<String ID="string_245" HPOS="364" VPOS="1439" WIDTH="275" HEIGHT="35" WC="0.91" CONTENT="sammanhänga"/><SP WIDTH="23" VPOS="1439" HPOS="639"/>
							<String ID="string_246" HPOS="662" VPOS="1437" WIDTH="78" HEIGHT="29" WC="0.96" CONTENT="med"/><SP WIDTH="25" VPOS="1437" HPOS="740"/>
							<String ID="string_247" HPOS="765" VPOS="1433" WIDTH="260" HEIGHT="35" WC="0.96" CONTENT="utformningen"/><SP WIDTH="27" VPOS="1433" HPOS="1025"/>
							<String ID="string_248" HPOS="1052" VPOS="1441" WIDTH="41" HEIGHT="20" WC="0.96" CONTENT="av"/><SP WIDTH="26" VPOS="1441" HPOS="1093"/>
							<String ID="string_249" HPOS="1119" VPOS="1427" WIDTH="437" HEIGHT="38" WC="0.81" CONTENT="strafflagsbestämmelser"/><SP WIDTH="24" VPOS="1427" HPOS="1556"/>
							<String ID="string_250" HPOS="1580" VPOS="1434" WIDTH="56" HEIGHT="21" WC="0.90" CONTENT="av-"/>
						</TextLine>
						<TextLine ID="line_26" HPOS="131" VPOS="1487" WIDTH="651" HEIGHT="38">
							<String ID="string_251" HPOS="131" VPOS="1494" WIDTH="122" HEIGHT="30" WC="0.96" CONTENT="seende"/><SP WIDTH="29" VPOS="1494" HPOS="253"/>
							<String ID="string_252" HPOS="282" VPOS="1492" WIDTH="92" HEIGHT="30" WC="0.93" CONTENT="vissa"/><SP WIDTH="28" VPOS="1492" HPOS="374"/>
							<String ID="string_253" HPOS="402" VPOS="1487" WIDTH="380" HEIGHT="38" WC="0.70" CONTENT="förmögenhetsbrott.»"/>
						</TextLine>
					</TextBlock>
					<TextBlock ID="block_3" HPOS="135" VPOS="1526" WIDTH="1510" HEIGHT="499">
						<TextLine ID="line_27" HPOS="182" VPOS="1526" WIDTH="1456" HEIGHT="51">
							<String ID="string_254" HPOS="182" VPOS="1543" WIDTH="97" HEIGHT="30" WC="0.96" CONTENT="Efter"/><SP WIDTH="30" VPOS="1543" HPOS="279"/>
							<String ID="string_255" HPOS="309" VPOS="1541" WIDTH="143" HEIGHT="30" WC="0.96" CONTENT="erhållet"/><SP WIDTH="28" VPOS="1541" HPOS="452"/>
							<String ID="string_256" HPOS="480" VPOS="1537" WIDTH="279" HEIGHT="40" WC="0.95" CONTENT="bemyndigande"/><SP WIDTH="28" VPOS="1537" HPOS="759"/>
							<String ID="string_257" HPOS="787" VPOS="1538" WIDTH="48" HEIGHT="27" WC="0.96" CONTENT="att"/><SP WIDTH="31" VPOS="1538" HPOS="835"/>
							<String ID="string_258" HPOS="866" VPOS="1533" WIDTH="114" HEIGHT="32" WC="0.95" CONTENT="såsom"/><SP WIDTH="30" VPOS="1533" HPOS="980"/>
							<String ID="string_259" HPOS="1010" VPOS="1530" WIDTH="218" HEIGHT="36" WC="0.96" CONTENT="sakkunniga"/><SP WIDTH="28" VPOS="1530" HPOS="1228"/>
							<String ID="string_260" HPOS="1256" VPOS="1528" WIDTH="147" HEIGHT="31" WC="0.93" CONTENT="tillkalla"/><SP WIDTH="28" VPOS="1528" HPOS="1403"/>
							<String ID="string_261" HPOS="1431" VPOS="1527" WIDTH="99" HEIGHT="35" WC="0.96" CONTENT="högst"/><SP WIDTH="30" VPOS="1527" HPOS="1530"/>
							<String ID="string_262" HPOS="1560" VPOS="1526" WIDTH="78" HEIGHT="35" WC="0.96" CONTENT="fyra"/>
						</TextLine>
						<TextLine ID="line_28" HPOS="135" VPOS="1577" WIDTH="1499" HEIGHT="55">
							<String ID="string_263" HPOS="135" VPOS="1602" WIDTH="161" HEIGHT="30" WC="0.95" CONTENT="personer"/><SP WIDTH="41" VPOS="1602" HPOS="296"/>
							<String ID="string_264" HPOS="337" VPOS="1590" WIDTH="99" HEIGHT="37" WC="0.96" CONTENT="utsåg"/><SP WIDTH="42" VPOS="1590" HPOS="436"/>
							<String ID="string_265" HPOS="478" VPOS="1584" WIDTH="379" HEIGHT="42" WC="0.92" CONTENT="departementschefen"/><SP WIDTH="43" VPOS="1584" HPOS="857"/>
							<String ID="string_266" HPOS="900" VPOS="1582" WIDTH="217" HEIGHT="38" WC="0.91" CONTENT="presidenten"/><SP WIDTH="40" VPOS="1582" HPOS="1117"/>
							<String ID="string_267" HPOS="1157" VPOS="1580" WIDTH="37" HEIGHT="30" WC="0.89" CONTENT="B."/><SP WIDTH="34" VPOS="1580" HPOS="1194"/>
							<String ID="string_268" HPOS="1228" VPOS="1579" WIDTH="166" HEIGHT="35" WC="0.96" CONTENT="Ekeberg,"/><SP WIDTH="33" VPOS="1579" HPOS="1394"/>
							<String ID="string_269" HPOS="1427" VPOS="1577" WIDTH="99" HEIGHT="33" WC="0.42" CONTENT="ordåf.,"/><SP WIDTH="32" VPOS="1577" HPOS="1526"/>
							<String ID="string_270" HPOS="1558" VPOS="1585" WIDTH="76" HEIGHT="28" WC="0.88" CONTENT="pro-"/>
						</TextLine>
						<TextLine ID="line_29" HPOS="137" VPOS="1628" WIDTH="1501" HEIGHT="46">
							<String ID="string_271" HPOS="137" VPOS="1644" WIDTH="110" HEIGHT="30" WC="0.92" CONTENT="fessor"/><SP WIDTH="39" VPOS="1644" HPOS="247"/>
							<String ID="string_272" HPOS="286" VPOS="1641" WIDTH="37" HEIGHT="31" WC="0.92" CONTENT="F."/><SP WIDTH="41" VPOS="1641" HPOS="323"/>
							<String ID="string_273" HPOS="364" VPOS="1641" WIDTH="130" HEIGHT="30" WC="0.96" CONTENT="Wetter"/><SP WIDTH="39" VPOS="1641" HPOS="494"/>
							<String ID="string_274" HPOS="533" VPOS="1638" WIDTH="66" HEIGHT="31" WC="0.96" CONTENT="och"/><SP WIDTH="41" VPOS="1638" HPOS="599"/>
							<String ID="string_275" HPOS="640" VPOS="1645" WIDTH="144" HEIGHT="22" WC="0.93" CONTENT="numera"/><SP WIDTH="29" VPOS="1645" HPOS="784"/>
							<String ID="string_276" HPOS="813" VPOS="1631" WIDTH="254" HEIGHT="33" WC="0.91" CONTENT="hovrättsrådet"/><SP WIDTH="28" VPOS="1631" HPOS="1067"/>
							<String ID="string_277" HPOS="1095" VPOS="1631" WIDTH="25" HEIGHT="31" WC="0.93" CONTENT="I."/><SP WIDTH="31" VPOS="1631" HPOS="1120"/>
							<String ID="string_278" HPOS="1151" VPOS="1630" WIDTH="114" HEIGHT="31" WC="0.90" CONTENT="Strahl"/><SP WIDTH="29" VPOS="1630" HPOS="1265"/>
							<String ID="string_279" HPOS="1294" VPOS="1632" WIDTH="50" HEIGHT="28" WC="0.96" CONTENT="att"/><SP WIDTH="29" VPOS="1632" HPOS="1344"/>
							<String ID="string_280" HPOS="1373" VPOS="1628" WIDTH="185" HEIGHT="31" WC="0.93" CONTENT="verkställa"/><SP WIDTH="29" VPOS="1628" HPOS="1558"/>
							<String ID="string_281" HPOS="1587" VPOS="1629" WIDTH="51" HEIGHT="28" WC="0.91" CONTENT="ut-"/>
						</TextLine>
						<TextLine ID="line_30" HPOS="138" VPOS="1675" WIDTH="1503" HEIGHT="54">
							<String ID="string_282" HPOS="138" VPOS="1694" WIDTH="144" HEIGHT="35" WC="0.96" CONTENT="redning"/><SP WIDTH="30" VPOS="1694" HPOS="282"/>
							<String ID="string_283" HPOS="312" VPOS="1689" WIDTH="218" HEIGHT="33" WC="0.96" CONTENT="beträffande"/><SP WIDTH="31" VPOS="1689" HPOS="530"/>
							<String ID="string_284" HPOS="561" VPOS="1688" WIDTH="133" HEIGHT="30" WC="0.95" CONTENT="ändrad"/><SP WIDTH="30" VPOS="1688" HPOS="694"/>
							<String ID="string_285" HPOS="724" VPOS="1685" WIDTH="215" HEIGHT="37" WC="0.96" CONTENT="lagstiftning"/><SP WIDTH="27" VPOS="1685" HPOS="939"/>
							<String ID="string_286" HPOS="966" VPOS="1693" WIDTH="58" HEIGHT="21" WC="0.96" CONTENT="om"/><SP WIDTH="29" VPOS="1693" HPOS="1024"/>
							<String ID="string_287" HPOS="1053" VPOS="1680" WIDTH="404" HEIGHT="37" WC="0.91" CONTENT="förmögenhetsbrotten."/><SP WIDTH="55" VPOS="1680" HPOS="1457"/>
							<String ID="string_288" HPOS="1512" VPOS="1678" WIDTH="56" HEIGHT="30" WC="0.63" CONTENT="Att"/><SP WIDTH="27" VPOS="1678" HPOS="1568"/>
							<String ID="string_289" HPOS="1595" VPOS="1675" WIDTH="46" HEIGHT="39" WC="0.96" CONTENT="på"/>
						</TextLine>
						<TextLine ID="line_31" HPOS="140" VPOS="1729" WIDTH="1500" HEIGHT="49">
							<String ID="string_290" HPOS="140" VPOS="1745" WIDTH="141" HEIGHT="30" WC="0.96" CONTENT="kallelse"/><SP WIDTH="26" VPOS="1745" HPOS="281"/>
							<String ID="string_291" HPOS="307" VPOS="1743" WIDTH="136" HEIGHT="35" WC="0.96" CONTENT="deltaga"/><SP WIDTH="28" VPOS="1743" HPOS="443"/>
							<String ID="string_292" HPOS="471" VPOS="1741" WIDTH="10" HEIGHT="30" WC="0.96" CONTENT="i"/><SP WIDTH="29" VPOS="1741" HPOS="481"/>
							<String ID="string_293" HPOS="510" VPOS="1738" WIDTH="285" HEIGHT="37" WC="0.96" CONTENT="överläggningar"/><SP WIDTH="26" VPOS="1738" HPOS="795"/>
							<String ID="string_294" HPOS="821" VPOS="1736" WIDTH="79" HEIGHT="30" WC="0.96" CONTENT="med"/><SP WIDTH="28" VPOS="1736" HPOS="900"/>
							<String ID="string_295" HPOS="928" VPOS="1736" WIDTH="41" HEIGHT="29" WC="0.96" CONTENT="de"/><SP WIDTH="29" VPOS="1736" HPOS="969"/>
							<String ID="string_296" HPOS="998" VPOS="1731" WIDTH="219" HEIGHT="36" WC="0.96" CONTENT="sakkunniga"/><SP WIDTH="26" VPOS="1731" HPOS="1217"/>
							<String ID="string_297" HPOS="1243" VPOS="1729" WIDTH="100" HEIGHT="37" WC="0.93" CONTENT="utsåg"/><SP WIDTH="29" VPOS="1729" HPOS="1343"/>
							<String ID="string_298" HPOS="1372" VPOS="1730" WIDTH="268" HEIGHT="35" WC="0.92" CONTENT="departements-"/>
						</TextLine>
						<TextLine ID="line_32" HPOS="140" VPOS="1778" WIDTH="1501" HEIGHT="47">
							<String ID="string_299" HPOS="140" VPOS="1795" WIDTH="124" HEIGHT="30" WC="0.96" CONTENT="chefen"/><SP WIDTH="24" VPOS="1795" HPOS="264"/>
							<String ID="string_300" HPOS="288" VPOS="1793" WIDTH="195" HEIGHT="31" WC="0.96" CONTENT="advokaten"/><SP WIDTH="28" VPOS="1793" HPOS="483"/>
							<String ID="string_301" HPOS="511" VPOS="1790" WIDTH="132" HEIGHT="31" WC="0.96" CONTENT="Harald"/><SP WIDTH="26" VPOS="1790" HPOS="643"/>
							<String ID="string_302" HPOS="669" VPOS="1789" WIDTH="122" HEIGHT="34" WC="0.96" CONTENT="Bauer,"/><SP WIDTH="26" VPOS="1789" HPOS="791"/>
							<String ID="string_303" HPOS="817" VPOS="1786" WIDTH="177" HEIGHT="37" WC="0.96" CONTENT="professor"/><SP WIDTH="24" VPOS="1786" HPOS="994"/>
							<String ID="string_304" HPOS="1018" VPOS="1782" WIDTH="199" HEIGHT="37" WC="0.95" CONTENT="Bergendal,"/><SP WIDTH="26" VPOS="1782" HPOS="1217"/>
							<String ID="string_305" HPOS="1243" VPOS="1780" WIDTH="129" HEIGHT="31" WC="0.96" CONTENT="revisor"/><SP WIDTH="26" VPOS="1780" HPOS="1372"/>
							<String ID="string_306" HPOS="1398" VPOS="1779" WIDTH="153" HEIGHT="30" WC="0.92" CONTENT="Herman"/><SP WIDTH="26" VPOS="1779" HPOS="1551"/>
							<String ID="string_307" HPOS="1577" VPOS="1778" WIDTH="64" HEIGHT="35" WC="0.89" CONTENT="Eg-"/>
						</TextLine>
						<TextLine ID="line_33" HPOS="142" VPOS="1828" WIDTH="1500" HEIGHT="53">
							<String ID="string_308" HPOS="142" VPOS="1845" WIDTH="77" HEIGHT="36" WC="0.96" CONTENT="nell,"/><SP WIDTH="24" VPOS="1845" HPOS="219"/>
							<String ID="string_309" HPOS="243" VPOS="1843" WIDTH="218" HEIGHT="31" WC="0.96" CONTENT="rådmannen"/><SP WIDTH="22" VPOS="1843" HPOS="461"/>
							<String ID="string_310" HPOS="483" VPOS="1841" WIDTH="131" HEIGHT="30" WC="0.96" CONTENT="Halvar"/><SP WIDTH="22" VPOS="1841" HPOS="614"/>
							<String ID="string_311" HPOS="636" VPOS="1839" WIDTH="101" HEIGHT="35" WC="0.96" CONTENT="Lech,"/><SP WIDTH="22" VPOS="1839" HPOS="737"/>
							<String ID="string_312" HPOS="759" VPOS="1837" WIDTH="64" HEIGHT="30" WC="0.95" CONTENT="led."/><SP WIDTH="25" VPOS="1837" HPOS="823"/>
							<String ID="string_313" HPOS="848" VPOS="1846" WIDTH="42" HEIGHT="21" WC="0.92" CONTENT="av"/><SP WIDTH="22" VPOS="1846" HPOS="890"/>
							<String ID="string_314" HPOS="912" VPOS="1834" WIDTH="201" HEIGHT="36" WC="0.96" CONTENT="riksdagens"/><SP WIDTH="23" VPOS="1834" HPOS="1113"/>
							<String ID="string_315" HPOS="1136" VPOS="1833" WIDTH="30" HEIGHT="29" WC="0.95" CONTENT="II"/><SP WIDTH="22" VPOS="1833" HPOS="1166"/>
							<String ID="string_316" HPOS="1188" VPOS="1832" WIDTH="181" HEIGHT="30" WC="0.93" CONTENT="kammare"/><SP WIDTH="21" VPOS="1832" HPOS="1369"/>
							<String ID="string_317" HPOS="1390" VPOS="1828" WIDTH="252" HEIGHT="37" WC="0.91" CONTENT="riksgäldsfull-"/>
						</TextLine>
						<TextLine ID="line_34" HPOS="142" VPOS="1877" WIDTH="1500" HEIGHT="53">
							<String ID="string_318" HPOS="142" VPOS="1894" WIDTH="176" HEIGHT="36" WC="0.88" CONTENT="mäktigen"/><SP WIDTH="23" VPOS="1894" HPOS="318"/>
							<String ID="string_319" HPOS="341" VPOS="1893" WIDTH="82" HEIGHT="30" WC="0.96" CONTENT="Axel"/><SP WIDTH="25" VPOS="1893" HPOS="423"/>
							<String ID="string_320" HPOS="448" VPOS="1890" WIDTH="180" HEIGHT="36" WC="0.96" CONTENT="Lindqvist"/><SP WIDTH="24" VPOS="1890" HPOS="628"/>
							<String ID="string_321" HPOS="652" VPOS="1889" WIDTH="9" HEIGHT="29" WC="0.96" CONTENT="i"/><SP WIDTH="24" VPOS="1889" HPOS="661"/>
							<String ID="string_322" HPOS="685" VPOS="1887" WIDTH="194" HEIGHT="35" WC="0.95" CONTENT="Halmstad,"/><SP WIDTH="26" VPOS="1887" HPOS="879"/>
							<String ID="string_323" HPOS="905" VPOS="1883" WIDTH="307" HEIGHT="38" WC="0.91" CONTENT="lagberedningens"/><SP WIDTH="23" VPOS="1883" HPOS="1212"/>
							<String ID="string_324" HPOS="1235" VPOS="1881" WIDTH="90" HEIGHT="31" WC="0.92" CONTENT="ordf."/><SP WIDTH="24" VPOS="1881" HPOS="1325"/>
							<String ID="string_325" HPOS="1349" VPOS="1880" WIDTH="24" HEIGHT="31" WC="0.91" CONTENT="f."/><SP WIDTH="28" VPOS="1880" HPOS="1373"/>
							<String ID="string_326" HPOS="1401" VPOS="1880" WIDTH="31" HEIGHT="30" WC="0.90" CONTENT="d."/><SP WIDTH="26" VPOS="1880" HPOS="1432"/>
							<String ID="string_327" HPOS="1458" VPOS="1877" WIDTH="184" HEIGHT="37" WC="0.90" CONTENT="justitierå-"/>
						</TextLine>
						<TextLine ID="line_35" HPOS="142" VPOS="1929" WIDTH="1503" HEIGHT="46">
							<String ID="string_328" HPOS="142" VPOS="1946" WIDTH="57" HEIGHT="29" WC="0.96" CONTENT="det"/><SP WIDTH="23" VPOS="1946" HPOS="199"/>
							<String ID="string_329" HPOS="222" VPOS="1944" WIDTH="106" HEIGHT="30" WC="0.96" CONTENT="Einar"/><SP WIDTH="24" VPOS="1944" HPOS="328"/>
							<String ID="string_330" HPOS="352" VPOS="1942" WIDTH="168" HEIGHT="31" WC="0.96" CONTENT="Stenbeck"/><SP WIDTH="24" VPOS="1942" HPOS="520"/>
							<String ID="string_331" HPOS="544" VPOS="1940" WIDTH="66" HEIGHT="30" WC="0.96" CONTENT="och"/><SP WIDTH="24" VPOS="1940" HPOS="610"/>
							<String ID="string_332" HPOS="634" VPOS="1939" WIDTH="193" HEIGHT="30" WC="0.95" CONTENT="advokaten"/><SP WIDTH="25" VPOS="1939" HPOS="827"/>
							<String ID="string_333" HPOS="852" VPOS="1936" WIDTH="80" HEIGHT="30" WC="0.96" CONTENT="frih."/><SP WIDTH="28" VPOS="1936" HPOS="932"/>
							<String ID="string_334" HPOS="960" VPOS="1935" WIDTH="108" HEIGHT="34" WC="0.92" CONTENT="Georg"/><SP WIDTH="26" VPOS="1935" HPOS="1068"/>
							<String ID="string_335" HPOS="1094" VPOS="1932" WIDTH="212" HEIGHT="39" WC="0.91" CONTENT="Stjernstedt."/><SP WIDTH="51" VPOS="1932" HPOS="1306"/>
							<String ID="string_336" HPOS="1357" VPOS="1930" WIDTH="201" HEIGHT="30" WC="0.77" CONTENT="Sedermera"/><SP WIDTH="22" VPOS="1930" HPOS="1558"/>
							<String ID="string_337" HPOS="1580" VPOS="1929" WIDTH="65" HEIGHT="29" WC="0.96" CONTENT="har"/>
						</TextLine>
						<TextLine ID="line_36" HPOS="143" VPOS="1980" WIDTH="1331" HEIGHT="45">
							<String ID="string_338" HPOS="143" VPOS="1996" WIDTH="87" HEIGHT="29" WC="0.93" CONTENT="även"/><SP WIDTH="19" VPOS="1996" HPOS="230"/>
							<String ID="string_339" HPOS="249" VPOS="1991" WIDTH="255" HEIGHT="33" WC="0.92" CONTENT="hovrättsrådet"/><SP WIDTH="20" VPOS="1991" HPOS="504"/>
							<String ID="string_340" HPOS="524" VPOS="1990" WIDTH="83" HEIGHT="29" WC="0.96" CONTENT="Erik"/><SP WIDTH="20" VPOS="1990" HPOS="607"/>
							<String ID="string_341" HPOS="627" VPOS="1987" WIDTH="189" HEIGHT="37" WC="0.96" CONTENT="Bergendal"/><SP WIDTH="21" VPOS="1987" HPOS="816"/>
							<String ID="string_342" HPOS="837" VPOS="1986" WIDTH="125" HEIGHT="30" WC="0.96" CONTENT="kallats"/><SP WIDTH="20" VPOS="1986" HPOS="962"/>
							<String ID="string_343" HPOS="982" VPOS="1987" WIDTH="49" HEIGHT="27" WC="0.96" CONTENT="att"/><SP WIDTH="19" VPOS="1987" HPOS="1031"/>
							<String ID="string_344" HPOS="1050" VPOS="1983" WIDTH="135" HEIGHT="36" WC="0.95" CONTENT="deltaga"/><SP WIDTH="19" VPOS="1983" HPOS="1185"/>
							<String ID="string_345" HPOS="1204" VPOS="1982" WIDTH="9" HEIGHT="29" WC="0.96" CONTENT="i"/><SP WIDTH="21" VPOS="1982" HPOS="1213"/>
							<String ID="string_346" HPOS="1234" VPOS="1980" WIDTH="240" HEIGHT="35" WC="0.95" CONTENT="utredningen."/>
						</TextLine>
					</TextBlock>
					<TextBlock ID="block_4" HPOS="145" VPOS="2028" WIDTH="1501" HEIGHT="97">
						<TextLine ID="line_37" HPOS="189" VPOS="2028" WIDTH="1457" HEIGHT="49">
							<String ID="string_347" HPOS="189" VPOS="2046" WIDTH="49" HEIGHT="29" WC="0.96" CONTENT="De"/><SP WIDTH="50" VPOS="2046" HPOS="238"/>
							<String ID="string_348" HPOS="288" VPOS="2041" WIDTH="219" HEIGHT="36" WC="0.95" CONTENT="sakkunniga"/><SP WIDTH="36" VPOS="2041" HPOS="507"/>
							<String ID="string_349" HPOS="543" VPOS="2041" WIDTH="91" HEIGHT="29" WC="0.96" CONTENT="hava"/><SP WIDTH="37" VPOS="2041" HPOS="634"/>
							<String ID="string_350" HPOS="671" VPOS="2037" WIDTH="131" HEIGHT="36" WC="0.96" CONTENT="antagit"/><SP WIDTH="35" VPOS="2037" HPOS="802"/>
							<String ID="string_351" HPOS="837" VPOS="2034" WIDTH="255" HEIGHT="35" WC="0.96" CONTENT="benämningen"/><SP WIDTH="29" VPOS="2034" HPOS="1092"/>
							<String ID="string_352" HPOS="1121" VPOS="2029" WIDTH="408" HEIGHT="34" WC="0.88" CONTENT="straffrättskommittén."/><SP WIDTH="32" VPOS="2029" HPOS="1529"/>
							<String ID="string_353" HPOS="1561" VPOS="2024" WIDTH="9" HEIGHT="45" WC="0.0" CONTENT="—"/><SP WIDTH="10" VPOS="2024" HPOS="1570"/>
							<String ID="string_354" HPOS="1580" VPOS="2028" WIDTH="66" HEIGHT="30" WC="0.96" CONTENT="Till"/>
						</TextLine>
						<TextLine ID="line_38" HPOS="145" VPOS="2075" WIDTH="1434" HEIGHT="50">
							<String ID="string_355" HPOS="145" VPOS="2094" WIDTH="224" HEIGHT="31" WC="0.96" CONTENT="kommitténs"/><SP WIDTH="23" VPOS="2094" HPOS="369"/>
							<String ID="string_356" HPOS="392" VPOS="2093" WIDTH="210" HEIGHT="29" WC="0.96" CONTENT="sekreterare"/><SP WIDTH="24" VPOS="2093" HPOS="602"/>
							<String ID="string_357" HPOS="626" VPOS="2090" WIDTH="64" HEIGHT="29" WC="0.93" CONTENT="har"/><SP WIDTH="23" VPOS="2090" HPOS="690"/>
							<String ID="string_358" HPOS="713" VPOS="2087" WIDTH="200" HEIGHT="31" WC="0.91" CONTENT="förordnats"/><SP WIDTH="24" VPOS="2087" HPOS="913"/>
							<String ID="string_359" HPOS="937" VPOS="2085" WIDTH="332" HEIGHT="30" WC="0.88" CONTENT="hovrättsassessorn"/><SP WIDTH="28" VPOS="2085" HPOS="1269"/>
							<String ID="string_360" HPOS="1297" VPOS="2081" WIDTH="71" HEIGHT="30" WC="0.95" CONTENT="Nils"/><SP WIDTH="26" VPOS="2081" HPOS="1368"/>
							<String ID="string_361" HPOS="1394" VPOS="2075" WIDTH="185" HEIGHT="45" WC="0.96" CONTENT="Beckman."/>
						</TextLine>
					</TextBlock>
				</ComposedBlock>
				<ComposedBlock ID="cblock_2" HPOS="1291" VPOS="2179" WIDTH="310" HEIGHT="35">
					<TextBlock ID="block_5" HPOS="1291" VPOS="2179" WIDTH="310" HEIGHT="35">
						<TextLine ID="line_39" HPOS="1291" VPOS="2179" WIDTH="310" HEIGHT="35">
							<String ID="string_362" HPOS="1291" VPOS="2181" WIDTH="86" HEIGHT="29" WC="0.95" CONTENT="Kurt"/><SP WIDTH="26" VPOS="2181" HPOS="1377"/>
							<String ID="string_363" HPOS="1403" VPOS="2179" WIDTH="198" HEIGHT="35" WC="0.95" CONTENT="Holmgren."/>
						</TextLine>
					</TextBlock>
				</ComposedBlock>
				<GraphicalElement ID="cblock_3" HPOS="140" VPOS="2242" WIDTH="88" HEIGHT="3"></GraphicalElement >
				<ComposedBlock ID="cblock_4" HPOS="185" VPOS="2270" WIDTH="292" HEIGHT="28">
					<TextBlock ID="block_6" HPOS="185" VPOS="2270" WIDTH="292" HEIGHT="28">
						<TextLine ID="line_40" HPOS="185" VPOS="2270" WIDTH="292" HEIGHT="28">
							<String ID="string_364" HPOS="185" VPOS="2277" WIDTH="8" HEIGHT="13" WC="0.93" CONTENT="1"/><SP WIDTH="18" VPOS="2277" HPOS="193"/>
							<String ID="string_365" HPOS="211" VPOS="2275" WIDTH="31" HEIGHT="23" WC="0.94" CONTENT="Se"/><SP WIDTH="18" VPOS="2275" HPOS="242"/>
							<String ID="string_366" HPOS="260" VPOS="2281" WIDTH="72" HEIGHT="16" WC="0.96" CONTENT="ovan"/><SP WIDTH="20" VPOS="2281" HPOS="332"/>
							<String ID="string_367" HPOS="352" VPOS="2273" WIDTH="86" HEIGHT="23" WC="0.95" CONTENT="under"/><SP WIDTH="17" VPOS="2273" HPOS="438"/>
							<String ID="string_368" HPOS="455" VPOS="2270" WIDTH="22" HEIGHT="25" WC="0.94" CONTENT="7."/>
						</TextLine>
					</TextBlock>
				</ComposedBlock>
			</PrintSpace>
		</Page>
	</Layout>
</alto>
