1864 2823
414 124 121 37 Tredje
557 121 237 39 lagutskottets
817 116 175 32 utlåtande
1014 125 39 21 nr
1074 116 41 28 26
1137 114 38 29 år
1198 112 83 30 1968
1570 106 19 30 5

107 219 138 29 tement.
264 214 91 32 NVK
371 214 64 31 har
451 210 105 33 också
572 208 192 34 framhållit
780 210 49 29 att
844 208 131 30 oavsett
989 205 12 32 i
1016 203 116 32 vilken
1147 202 91 31 form
1254 200 93 32 detta
1362 198 117 32 arbete
1492 196 97 31 kom-

109 281 73 20 mer
199 273 49 27 att
265 267 159 33 bedrivas
442 268 38 29 är
497 266 56 30 det
570 264 178 39 angeläget
764 265 49 29 att
829 261 91 30 vissa
935 254 484 42 utrustningsbestämmelser,
1438 261 74 22 som
1527 251 65 30 har

110 325 85 31 nära
216 321 218 41 anknytning
454 320 50 30 till
525 319 41 32 de
586 316 169 41 egentliga
774 313 274 40 trafikreglerna,
1070 312 135 30 snarast
1224 307 136 41 möjligt
1378 305 214 32 samordnas.

112 377 144 32 Särskilt
274 376 105 40 gäller
396 375 93 30 detta
505 372 105 40 enligt
626 369 205 33 kommittén
847 366 306 33 bestämmelserna
1170 373 57 21 om
1244 362 143 30 fordons
1403 358 190 41 belysning.

765 494 178 31 Utskottet

159 575 12 30 I
194 574 217 30 motionerna
432 569 143 32 föreslås
597 568 90 31 vissa
708 565 295 41 detaljändringar
1022 563 12 30 i
1053 560 305 33 bestämmelserna
1378 566 57 22 om
1455 555 144 31 fordons

113 627 207 38 utrustning.
351 625 256 30 Motionärerna
634 621 198 31 hemställer
861 618 146 31 sålunda
1035 619 49 27 att
1111 615 67 31 den
1205 613 107 31 redan
1339 611 145 31 allmänt
1511 609 87 30 före-

115 680 212 33 kommande
346 677 301 40 varningsskylten
665 674 45 40 på
729 673 124 35 lastbil,
873 681 74 22 som
965 670 131 31 utvisar
1114 671 49 28 att
1180 667 160 31 fordonet
1358 663 118 40 åtföljs
1494 672 43 21 av
1554 663 47 29 ett

116 735 213 40 släpfordon,
356 736 89 27 samt
469 731 91 40 skylt
582 728 181 32 utvisande
786 724 317 39 maximihastighet
1126 722 54 30 för
1202 721 132 34 bussar,
1358 717 155 32 lastbilar
1536 715 65 31 och

118 789 213 41 släpfordon,
353 787 88 31 skall
460 786 48 31 bli
529 782 256 41 obligatoriska.
805 780 126 30 Vidare
950 778 158 31 förordas
1128 779 48 27 att
1195 775 86 30 krav
1300 772 44 41 på
1364 772 236 37 vindrutespo-

118 845 71 29 lare
211 843 65 30 och
298 841 168 31 defroster
486 839 86 31 efter
593 837 95 31 hand
708 836 109 31 införs
838 835 87 30 även
944 830 221 33 beträffande
1183 828 89 31 bilar
1291 836 74 22 som
1385 826 39 30 är
1443 824 94 31 äldre
1557 824 45 29 än

120 898 78 31 dem
214 906 74 22 som
303 895 198 32 betecknats
516 902 74 22 som
607 892 82 30 1969
705 889 54 32 års
774 888 136 32 modell.

166 951 80 30 Som
268 948 155 40 framgår
444 957 42 21 av
508 947 66 30 den
595 954 90 22 ovan
705 942 162 32 lämnade
887 939 240 40 redogörelsen
1146 936 169 41 prövades
1336 932 169 32 motioner
1525 930 78 31 med

122 1013 134 22 samma
275 1001 154 32 innehåll
447 1011 42 20 av
510 1001 81 29 1967
611 998 55 31 års
684 996 220 38 höstriksdag
920 994 11 31 i
949 992 170 32 samband
1136 990 79 30 med
1230 987 257 38 behandlingen
1504 995 42 21 av
1563 993 43 21 en

122 1057 214 42 proposition
356 1055 80 31 med
456 1054 130 38 förslag
605 1052 51 31 till
676 1050 153 32 ändrade
847 1046 259 33 bestämmelser
1125 1054 57 21 om
1201 1042 143 31 fordons
1363 1038 244 33 beskaffenhet

123 1112 66 31 och
208 1110 197 38 utrustning
424 1118 45 20 m.
484 1117 55 26 m.,
560 1106 115 31 vilken
694 1104 165 40 grundats
877 1101 45 40 på
941 1110 42 21 en
1001 1099 130 31 allmän
1149 1099 146 36 översyn
1314 1105 42 21 av
1374 1092 159 41 gällande
1550 1091 56 30 be-

125 1165 215 32 stämmelser
365 1162 45 40 på
435 1160 165 32 området.
627 1160 14 29 I
666 1158 57 31 sitt
748 1167 41 20 av
814 1155 185 39 riksdagen
1023 1151 185 41 godkända
1232 1148 178 32 utlåtande
1433 1147 11 30 i
1469 1145 140 31 ärendet

126 1219 146 31 anförde
290 1217 165 31 utskottet
473 1218 49 27 att
539 1212 326 38 motionsförslagen
882 1208 117 31 kunde
1017 1216 82 21 vara
1117 1205 107 30 värda
1241 1206 49 28 att
1306 1203 161 30 närmare
1484 1200 125 39 prövas

126 1274 10 29 i
159 1273 57 31 det
237 1272 160 30 fortsatta
419 1265 418 34 trafiksäkerhetsarbetet
858 1263 65 30 och
945 1261 181 31 förutsatte
1147 1261 49 28 att
1216 1257 37 31 så
1274 1255 128 32 skedde
1422 1254 10 30 i
1453 1252 157 40 lämpligt

128 1325 264 38 sammanhang.
414 1322 121 40 Någon
554 1320 122 40 åtgärd
694 1318 79 32 från
791 1317 202 39 riksdagens
1013 1314 74 31 sida
1106 1311 124 40 ansågs
1248 1311 70 30 inte
1336 1318 84 21 vara
1437 1305 174 42 påkallad.

173 1380 116 31 Andra
314 1378 76 31 skäl
414 1378 45 30 än
483 1377 41 30 de
549 1384 73 22 som
647 1372 210 40 åberopades
880 1371 12 30 i
915 1368 155 41 fjolårets
1094 1366 169 31 motioner
1285 1364 11 30 i
1319 1364 116 30 ämnet
1457 1362 64 29 har
1543 1360 70 30 inte

131 1434 133 31 anförts
284 1433 10 30 i
315 1442 47 21 nu
383 1429 228 33 förevarande
630 1427 180 31 motioner.
830 1424 42 41 Ej
892 1423 107 32 heller
1017 1422 65 30 har
1100 1419 108 40 några
1227 1415 293 40 omständigheter
1540 1422 74 22 som

130 1488 63 31 bör
222 1485 181 33 föranleda
432 1487 47 28 ett
507 1483 124 31 ändrat
660 1477 329 41 ställningstagande
1017 1474 79 31 från
1124 1473 203 38 riksdagens
1354 1470 74 31 sida
1455 1466 161 34 inträffat

132 1542 110 30 under
267 1541 66 30 den
357 1540 101 29 korta
482 1537 49 31 tid
555 1545 75 22 som
654 1533 150 32 förflutit
828 1532 106 30 sedan
958 1529 123 39 frågan
1105 1529 114 29 senast
1241 1524 179 41 prövades.
1445 1517 171 48 Utskottet

132 1595 71 30 kan
226 1593 119 32 därför
366 1592 76 31 icke
463 1589 172 40 tillstyrka
654 1587 100 32 bifall
775 1586 50 31 till
846 1584 226 32 motionerna.
1095 1582 125 30 Utöver
1240 1579 68 30 vad
1328 1587 74 21 som
1423 1575 162 32 anfördes
1606 1573 11 30 i

135 1647 238 41 nyssnämnda
389 1644 178 32 utlåtande
583 1642 57 31 må
657 1640 189 33 emellertid
862 1639 130 30 erinras
1009 1646 57 21 om
1082 1638 49 28 att
1147 1635 41 30 de
1203 1632 148 32 berörda
1366 1629 164 40 frågorna
1546 1637 71 21 om-

135 1703 105 30 fattas
267 1711 42 20 av
337 1699 143 32 nordisk
507 1693 373 43 vägtrafikkommittés
906 1691 158 40 uppdrag
1090 1692 49 27 att
1164 1687 158 30 utarbeta
1347 1684 129 38 förslag
1501 1682 51 31 till
1577 1690 43 22 en

135 1764 198 31 gemensam
360 1749 391 42 vägtrafiklagstiftning
777 1747 54 31 för
857 1744 189 35 Danmark,
1073 1741 158 35 Finland,
1258 1740 111 38 Norge
1394 1737 65 32 och
1485 1734 136 40 Sverige

138 1812 89 28 samt
245 1811 48 28 att
311 1806 117 40 frågor
445 1815 58 21 om
520 1804 143 31 fordons
680 1799 243 33 beskaffenhet
940 1798 65 30 och
1021 1795 196 38 utrustning
1235 1793 88 31 skall
1338 1792 125 39 prövas
1480 1789 58 30 vid
1554 1789 66 30 den

139 1860 303 33 världskonferens
460 1859 10 30 i
488 1859 91 30 FN:s
596 1856 71 40 regi
685 1864 73 22 som
776 1854 88 30 skall
881 1853 64 38 äga
961 1860 77 21 rum
1041 1842 19 58 i
1083 1850 101 29 slutet
1200 1857 42 20 av
1259 1846 38 30 år
1316 1846 83 30 1968
1415 1844 55 30 för
1486 1842 134 31 utarbe-

140 1916 102 31 tande
259 1925 42 20 av
317 1924 41 21 en
375 1924 45 28 ny
437 1913 130 30 allmän
583 1906 396 43 vägtrafikkonvention.

186 1969 116 31 Under
316 1966 210 38 hänvisning
540 1964 51 31 till
607 1964 56 30 det
678 1961 148 32 anförda
841 1959 54 31 får
910 1958 164 31 utskottet
1088 1954 183 33 hemställa

503 2020 49 28 att
576 2016 217 31 motionerna
819 2014 26 30 I:
862 2014 62 29 419
951 2011 65 31 och
1042 2010 44 31 II:
1103 2010 62 30 529
1190 2008 76 30 icke
1291 2005 196 32 föranleder
1511 2002 115 39 någon

461 2072 201 39 riksdagens
683 2068 130 40 åtgärd.

189 2183 174 31 Stockolm
383 2181 66 30 den
470 2180 38 30 19
525 2188 93 21 mars
638 2177 83 30 1968

586 2284 49 30 På
654 2282 109 40 tredje
783 2281 238 40 lagutskottets
1042 2278 142 39 vägnar:

643 2389 106 31 ERIK
773 2384 361 34 ALEXANDERSON
