<?xml version="1.0" encoding="UTF-8"?>
<alto xmlns="http://www.loc.gov/standards/alto/ns-v3#" xmlns:xlink="http://www.w3.org/1999/xlink" xmlns:xsi="http://www.w3.org/2001/XMLSchema-instance" xsi:schemaLocation="http://www.loc.gov/standards/alto/ns-v3# http://www.loc.gov/alto/v3/alto-3-0.xsd">
	<Description>
		<MeasurementUnit>pixel</MeasurementUnit>
		<sourceImageInformation>
			<fileName>/tmp/tess_9lnk814d_input.PNG</fileName>
		</sourceImageInformation>
		<OCRProcessing ID="OCR_0">
			<ocrProcessingStep>
				<processingSoftware>
					<softwareName>tesseract 5.3.0</softwareName>
				</processingSoftware>
			</ocrProcessingStep>
		</OCRProcessing>
	</Description>
	<Layout>
		<Page WIDTH="1884" HEIGHT="2808" PHYSICAL_IMG_NR="0" ID="page_0">
			<PrintSpace HPOS="0" VPOS="0" WIDTH="1884" HEIGHT="2808">
				<ComposedBlock ID="cblock_0" HPOS="290" VPOS="131" WIDTH="1119" HEIGHT="42">
					<TextBlock ID="block_0" HPOS="290" VPOS="131" WIDTH="1119" HEIGHT="42">
						<TextLine ID="line_0" HPOS="290" VPOS="131" WIDTH="1119" HEIGHT="42">
							<String ID="string_0" HPOS="290" VPOS="131" WIDTH="36" HEIGHT="30" WC="0.96" CONTENT="16"/><SP WIDTH="316" VPOS="131" HPOS="326"/>
							<String ID="string_1" HPOS="642" VPOS="137" WIDTH="391" HEIGHT="36" WC="0.90" CONTENT="Bevillningsutskottets"/><SP WIDTH="22" VPOS="137" HPOS="1033"/>
							<String ID="string_2" HPOS="1055" VPOS="138" WIDTH="219" HEIGHT="31" WC="0.96" CONTENT="betänkande"/><SP WIDTH="19" VPOS="138" HPOS="1274"/>
							<String ID="string_3" HPOS="1293" VPOS="149" WIDTH="42" HEIGHT="21" WC="0.95" CONTENT="nr"/><SP WIDTH="25" VPOS="149" HPOS="1335"/>
							<String ID="string_4" HPOS="1360" VPOS="139" WIDTH="49" HEIGHT="30" WC="0.95" CONTENT="37."/>
						</TextLine>
					</TextBlock>
				</ComposedBlock>
				<ComposedBlock ID="cblock_1" HPOS="290" VPOS="220" WIDTH="1510" HEIGHT="2156">
					<TextBlock ID="block_1" HPOS="291" VPOS="220" WIDTH="1509" HEIGHT="343">
						<TextLine ID="line_1" HPOS="338" VPOS="220" WIDTH="1460" HEIGHT="41">
							<String ID="string_5" HPOS="338" VPOS="220" WIDTH="256" HEIGHT="30" WC="0.96" CONTENT="Motionärerna"/><SP WIDTH="18" VPOS="220" HPOS="594"/>
							<String ID="string_6" HPOS="612" VPOS="220" WIDTH="45" HEIGHT="30" WC="0.96" CONTENT="ha"/><SP WIDTH="18" VPOS="220" HPOS="657"/>
							<String ID="string_7" HPOS="675" VPOS="220" WIDTH="245" HEIGHT="37" WC="0.96" CONTENT="inledningsvis"/><SP WIDTH="19" VPOS="220" HPOS="920"/>
							<String ID="string_8" HPOS="939" VPOS="221" WIDTH="202" HEIGHT="37" WC="0.96" CONTENT="framhållit,"/><SP WIDTH="20" VPOS="221" HPOS="1141"/>
							<String ID="string_9" HPOS="1161" VPOS="226" WIDTH="50" HEIGHT="27" WC="0.96" CONTENT="att"/><SP WIDTH="20" VPOS="226" HPOS="1211"/>
							<String ID="string_10" HPOS="1231" VPOS="223" WIDTH="65" HEIGHT="29" WC="0.96" CONTENT="den"/><SP WIDTH="21" VPOS="223" HPOS="1296"/>
							<String ID="string_11" HPOS="1317" VPOS="223" WIDTH="280" HEIGHT="36" WC="0.96" CONTENT="grundläggande"/><SP WIDTH="20" VPOS="223" HPOS="1597"/>
							<String ID="string_12" HPOS="1617" VPOS="224" WIDTH="181" HEIGHT="37" WC="0.96" CONTENT="principen"/>
						</TextLine>
						<TextLine ID="line_2" HPOS="291" VPOS="270" WIDTH="1505" HEIGHT="41">
							<String ID="string_13" HPOS="291" VPOS="270" WIDTH="56" HEIGHT="31" WC="0.93" CONTENT="för"/><SP WIDTH="18" VPOS="270" HPOS="347"/>
							<String ID="string_14" HPOS="365" VPOS="270" WIDTH="448" HEIGHT="39" WC="0.91" CONTENT="krigskonjunkturskatten"/><SP WIDTH="23" VPOS="270" HPOS="813"/>
							<String ID="string_15" HPOS="836" VPOS="272" WIDTH="97" HEIGHT="35" WC="0.96" CONTENT="varit,"/><SP WIDTH="20" VPOS="272" HPOS="933"/>
							<String ID="string_16" HPOS="953" VPOS="275" WIDTH="48" HEIGHT="28" WC="0.96" CONTENT="att"/><SP WIDTH="18" VPOS="275" HPOS="1001"/>
							<String ID="string_17" HPOS="1019" VPOS="273" WIDTH="137" HEIGHT="30" WC="0.96" CONTENT="skatten"/><SP WIDTH="23" VPOS="273" HPOS="1156"/>
							<String ID="string_18" HPOS="1179" VPOS="273" WIDTH="112" HEIGHT="30" WC="0.96" CONTENT="skulle"/><SP WIDTH="19" VPOS="273" HPOS="1291"/>
							<String ID="string_19" HPOS="1310" VPOS="274" WIDTH="133" HEIGHT="30" WC="0.96" CONTENT="drabba"/><SP WIDTH="21" VPOS="274" HPOS="1443"/>
							<String ID="string_20" HPOS="1464" VPOS="274" WIDTH="121" HEIGHT="30" WC="0.96" CONTENT="endast"/><SP WIDTH="19" VPOS="274" HPOS="1585"/>
							<String ID="string_21" HPOS="1604" VPOS="275" WIDTH="130" HEIGHT="36" WC="0.96" CONTENT="ökning"/><SP WIDTH="19" VPOS="275" HPOS="1734"/>
							<String ID="string_22" HPOS="1753" VPOS="285" WIDTH="43" HEIGHT="21" WC="0.94" CONTENT="av"/>
						</TextLine>
						<TextLine ID="line_3" HPOS="292" VPOS="321" WIDTH="1506" HEIGHT="35">
							<String ID="string_23" HPOS="292" VPOS="321" WIDTH="235" HEIGHT="31" WC="0.62" CONTENT="realinkomst."/><SP WIDTH="25" VPOS="321" HPOS="527"/>
							<String ID="string_24" HPOS="552" VPOS="322" WIDTH="57" HEIGHT="29" WC="0.96" CONTENT="Ett"/><SP WIDTH="20" VPOS="322" HPOS="609"/>
							<String ID="string_25" HPOS="629" VPOS="322" WIDTH="56" HEIGHT="30" WC="0.96" CONTENT="led"/><SP WIDTH="22" VPOS="322" HPOS="685"/>
							<String ID="string_26" HPOS="707" VPOS="324" WIDTH="10" HEIGHT="29" WC="0.96" CONTENT="i"/><SP WIDTH="26" VPOS="324" HPOS="717"/>
							<String ID="string_27" HPOS="743" VPOS="324" WIDTH="90" HEIGHT="29" WC="0.93" CONTENT="detta"/><SP WIDTH="24" VPOS="324" HPOS="833"/>
							<String ID="string_28" HPOS="857" VPOS="324" WIDTH="182" HEIGHT="29" WC="0.92" CONTENT="strävande"/><SP WIDTH="23" VPOS="324" HPOS="1039"/>
							<String ID="string_29" HPOS="1062" VPOS="333" WIDTH="82" HEIGHT="20" WC="0.96" CONTENT="vore"/><SP WIDTH="24" VPOS="333" HPOS="1144"/>
							<String ID="string_30" HPOS="1168" VPOS="323" WIDTH="199" HEIGHT="31" WC="0.96" CONTENT="införandet"/><SP WIDTH="24" VPOS="323" HPOS="1367"/>
							<String ID="string_31" HPOS="1391" VPOS="334" WIDTH="42" HEIGHT="21" WC="0.96" CONTENT="av"/><SP WIDTH="24" VPOS="334" HPOS="1433"/>
							<String ID="string_32" HPOS="1457" VPOS="325" WIDTH="260" HEIGHT="30" WC="0.96" CONTENT="bestämmelser"/><SP WIDTH="23" VPOS="325" HPOS="1717"/>
							<String ID="string_33" HPOS="1740" VPOS="336" WIDTH="58" HEIGHT="20" WC="0.96" CONTENT="om"/>
						</TextLine>
						<TextLine ID="line_4" HPOS="293" VPOS="372" WIDTH="1505" HEIGHT="40">
							<String ID="string_34" HPOS="293" VPOS="372" WIDTH="212" HEIGHT="35" WC="0.93" CONTENT="provisorisk"/><SP WIDTH="27" VPOS="372" HPOS="505"/>
							<String ID="string_35" HPOS="532" VPOS="372" WIDTH="283" HEIGHT="37" WC="0.90" CONTENT="skattepåföring."/><SP WIDTH="26" VPOS="372" HPOS="815"/>
							<String ID="string_36" HPOS="841" VPOS="372" WIDTH="140" HEIGHT="32" WC="0.95" CONTENT="Samma"/><SP WIDTH="24" VPOS="372" HPOS="981"/>
							<String ID="string_37" HPOS="1005" VPOS="374" WIDTH="91" HEIGHT="37" WC="0.96" CONTENT="syfte"/><SP WIDTH="23" VPOS="374" HPOS="1096"/>
							<String ID="string_38" HPOS="1119" VPOS="374" WIDTH="199" HEIGHT="31" WC="0.96" CONTENT="förutsattes"/><SP WIDTH="26" VPOS="374" HPOS="1318"/>
							<String ID="string_39" HPOS="1344" VPOS="375" WIDTH="97" HEIGHT="30" WC="0.93" CONTENT="skola"/><SP WIDTH="25" VPOS="375" HPOS="1441"/>
							<String ID="string_40" HPOS="1466" VPOS="375" WIDTH="99" HEIGHT="30" WC="0.92" CONTENT="ernås"/><SP WIDTH="24" VPOS="375" HPOS="1565"/>
							<String ID="string_41" HPOS="1589" VPOS="385" WIDTH="125" HEIGHT="27" WC="0.93" CONTENT="genom"/><SP WIDTH="26" VPOS="385" HPOS="1714"/>
							<String ID="string_42" HPOS="1740" VPOS="386" WIDTH="58" HEIGHT="21" WC="0.89" CONTENT="av-"/>
						</TextLine>
						<TextLine ID="line_5" HPOS="292" VPOS="422" WIDTH="1505" HEIGHT="41">
							<String ID="string_43" HPOS="292" VPOS="422" WIDTH="395" HEIGHT="36" WC="0.88" CONTENT="räkningsförfarandet."/><SP WIDTH="28" VPOS="422" HPOS="687"/>
							<String ID="string_44" HPOS="715" VPOS="423" WIDTH="79" HEIGHT="31" WC="0.96" CONTENT="Med"/><SP WIDTH="27" VPOS="423" HPOS="794"/>
							<String ID="string_45" HPOS="821" VPOS="423" WIDTH="262" HEIGHT="37" WC="0.95" CONTENT="utgångspunkt"/><SP WIDTH="24" VPOS="423" HPOS="1083"/>
							<String ID="string_46" HPOS="1107" VPOS="424" WIDTH="161" HEIGHT="31" WC="0.93" CONTENT="härifrån"/><SP WIDTH="25" VPOS="424" HPOS="1268"/>
							<String ID="string_47" HPOS="1293" VPOS="426" WIDTH="192" HEIGHT="31" WC="0.92" CONTENT="framstode"/><SP WIDTH="27" VPOS="426" HPOS="1485"/>
							<String ID="string_48" HPOS="1512" VPOS="427" WIDTH="56" HEIGHT="30" WC="0.96" CONTENT="det"/><SP WIDTH="25" VPOS="427" HPOS="1568"/>
							<String ID="string_49" HPOS="1593" VPOS="436" WIDTH="75" HEIGHT="21" WC="0.93" CONTENT="som"/><SP WIDTH="29" VPOS="436" HPOS="1668"/>
							<String ID="string_50" HPOS="1697" VPOS="435" WIDTH="100" HEIGHT="28" WC="0.92" CONTENT="ange-"/>
						</TextLine>
						<TextLine ID="line_6" HPOS="293" VPOS="473" WIDTH="1507" HEIGHT="40">
							<String ID="string_51" HPOS="293" VPOS="473" WIDTH="98" HEIGHT="35" WC="0.96" CONTENT="läget,"/><SP WIDTH="27" VPOS="473" HPOS="391"/>
							<String ID="string_52" HPOS="418" VPOS="477" WIDTH="51" HEIGHT="28" WC="0.96" CONTENT="att"/><SP WIDTH="24" VPOS="477" HPOS="469"/>
							<String ID="string_53" HPOS="493" VPOS="474" WIDTH="306" HEIGHT="31" WC="0.96" CONTENT="bestämmelserna"/><SP WIDTH="27" VPOS="474" HPOS="799"/>
							<String ID="string_54" HPOS="826" VPOS="484" WIDTH="57" HEIGHT="21" WC="0.93" CONTENT="om"/><SP WIDTH="29" VPOS="484" HPOS="883"/>
							<String ID="string_55" HPOS="912" VPOS="475" WIDTH="429" HEIGHT="37" WC="0.91" CONTENT="avräkningsförfarandet"/><SP WIDTH="25" VPOS="475" HPOS="1341"/>
							<String ID="string_56" HPOS="1366" VPOS="476" WIDTH="214" HEIGHT="31" WC="0.96" CONTENT="utformades"/><SP WIDTH="27" VPOS="476" HPOS="1580"/>
							<String ID="string_57" HPOS="1607" VPOS="476" WIDTH="49" HEIGHT="37" WC="0.96" CONTENT="så,"/><SP WIDTH="27" VPOS="476" HPOS="1656"/>
							<String ID="string_58" HPOS="1683" VPOS="481" WIDTH="50" HEIGHT="27" WC="0.96" CONTENT="att"/><SP WIDTH="25" VPOS="481" HPOS="1733"/>
							<String ID="string_59" HPOS="1758" VPOS="478" WIDTH="42" HEIGHT="30" WC="0.97" CONTENT="de"/>
						</TextLine>
						<TextLine ID="line_7" HPOS="292" VPOS="523" WIDTH="965" HEIGHT="40">
							<String ID="string_60" HPOS="292" VPOS="524" WIDTH="76" HEIGHT="29" WC="0.92" CONTENT="icke"/><SP WIDTH="22" VPOS="524" HPOS="368"/>
							<String ID="string_61" HPOS="390" VPOS="523" WIDTH="98" HEIGHT="31" WC="0.95" CONTENT="bleve"/><SP WIDTH="19" VPOS="523" HPOS="488"/>
							<String ID="string_62" HPOS="507" VPOS="525" WIDTH="178" HEIGHT="35" WC="0.96" CONTENT="strängare"/><SP WIDTH="19" VPOS="525" HPOS="685"/>
							<String ID="string_63" HPOS="704" VPOS="526" WIDTH="44" HEIGHT="29" WC="0.95" CONTENT="än"/><SP WIDTH="23" VPOS="526" HPOS="748"/>
							<String ID="string_64" HPOS="771" VPOS="535" WIDTH="74" HEIGHT="21" WC="0.96" CONTENT="som"/><SP WIDTH="20" VPOS="535" HPOS="845"/>
							<String ID="string_65" HPOS="865" VPOS="526" WIDTH="117" HEIGHT="30" WC="0.96" CONTENT="kunde"/><SP WIDTH="19" VPOS="526" HPOS="982"/>
							<String ID="string_66" HPOS="1001" VPOS="536" WIDTH="99" HEIGHT="20" WC="0.95" CONTENT="anses"/><SP WIDTH="23" VPOS="536" HPOS="1100"/>
							<String ID="string_67" HPOS="1123" VPOS="526" WIDTH="134" HEIGHT="37" WC="0.95" CONTENT="skäligt."/>
						</TextLine>
					</TextBlock>
					<TextBlock ID="block_2" HPOS="291" VPOS="572" WIDTH="1509" HEIGHT="296">
						<TextLine ID="line_8" HPOS="339" VPOS="572" WIDTH="1461" HEIGHT="44">
							<String ID="string_68" HPOS="339" VPOS="572" WIDTH="78" HEIGHT="31" WC="0.96" CONTENT="Med"/><SP WIDTH="29" VPOS="572" HPOS="417"/>
							<String ID="string_69" HPOS="446" VPOS="573" WIDTH="194" HEIGHT="30" WC="0.95" CONTENT="beaktande"/><SP WIDTH="30" VPOS="573" HPOS="640"/>
							<String ID="string_70" HPOS="670" VPOS="584" WIDTH="43" HEIGHT="21" WC="0.92" CONTENT="av"/><SP WIDTH="31" VPOS="584" HPOS="713"/>
							<String ID="string_71" HPOS="744" VPOS="575" WIDTH="203" HEIGHT="36" WC="0.92" CONTENT="stadgandet"/><SP WIDTH="31" VPOS="575" HPOS="947"/>
							<String ID="string_72" HPOS="978" VPOS="576" WIDTH="10" HEIGHT="30" WC="0.96" CONTENT="i"/><SP WIDTH="30" VPOS="576" HPOS="988"/>
							<String ID="string_73" HPOS="1018" VPOS="577" WIDTH="19" HEIGHT="29" WC="0.96" CONTENT="3"/><SP WIDTH="32" VPOS="577" HPOS="1037"/>
							<String ID="string_74" HPOS="1069" VPOS="576" WIDTH="19" HEIGHT="37" WC="0.75" CONTENT="8"/><SP WIDTH="33" VPOS="576" HPOS="1088"/>
							<String ID="string_75" HPOS="1121" VPOS="576" WIDTH="83" HEIGHT="31" WC="0.96" CONTENT="sista"/><SP WIDTH="29" VPOS="576" HPOS="1204"/>
							<String ID="string_76" HPOS="1233" VPOS="577" WIDTH="132" HEIGHT="36" WC="0.96" CONTENT="stycket"/><SP WIDTH="29" VPOS="577" HPOS="1365"/>
							<String ID="string_77" HPOS="1394" VPOS="577" WIDTH="107" HEIGHT="30" WC="0.93" CONTENT="borde"/><SP WIDTH="28" VPOS="577" HPOS="1501"/>
							<String ID="string_78" HPOS="1529" VPOS="579" WIDTH="271" HEIGHT="37" WC="0.92" CONTENT="utjämningsav-"/>
						</TextLine>
						<TextLine ID="line_9" HPOS="292" VPOS="623" WIDTH="1504" HEIGHT="43">
							<String ID="string_79" HPOS="292" VPOS="623" WIDTH="118" HEIGHT="37" WC="0.96" CONTENT="draget"/><SP WIDTH="21" VPOS="623" HPOS="410"/>
							<String ID="string_80" HPOS="431" VPOS="624" WIDTH="101" HEIGHT="39" WC="0.96" CONTENT="höjas"/><SP WIDTH="22" VPOS="624" HPOS="532"/>
							<String ID="string_81" HPOS="554" VPOS="624" WIDTH="80" HEIGHT="31" WC="0.96" CONTENT="från"/><SP WIDTH="26" VPOS="624" HPOS="634"/>
							<String ID="string_82" HPOS="660" VPOS="626" WIDTH="39" HEIGHT="29" WC="0.95" CONTENT="15"/><SP WIDTH="21" VPOS="626" HPOS="699"/>
							<String ID="string_83" HPOS="720" VPOS="625" WIDTH="52" HEIGHT="30" WC="0.95" CONTENT="till"/><SP WIDTH="23" VPOS="625" HPOS="772"/>
							<String ID="string_84" HPOS="795" VPOS="626" WIDTH="41" HEIGHT="30" WC="0.93" CONTENT="40"/><SP WIDTH="24" VPOS="626" HPOS="836"/>
							<String ID="string_85" HPOS="860" VPOS="624" WIDTH="52" HEIGHT="32" WC="0.71" CONTENT="?/o."/><SP WIDTH="23" VPOS="624" HPOS="912"/>
							<String ID="string_86" HPOS="935" VPOS="626" WIDTH="119" HEIGHT="30" WC="0.96" CONTENT="Redan"/><SP WIDTH="21" VPOS="626" HPOS="1054"/>
							<String ID="string_87" HPOS="1075" VPOS="626" WIDTH="45" HEIGHT="37" WC="0.92" CONTENT="på"/><SP WIDTH="22" VPOS="626" HPOS="1120"/>
							<String ID="string_88" HPOS="1142" VPOS="627" WIDTH="327" HEIGHT="37" WC="0.92" CONTENT="utredningsstadiet"/><SP WIDTH="21" VPOS="627" HPOS="1469"/>
							<String ID="string_89" HPOS="1490" VPOS="628" WIDTH="177" HEIGHT="36" WC="0.92" CONTENT="angående"/><SP WIDTH="21" VPOS="628" HPOS="1667"/>
							<String ID="string_90" HPOS="1688" VPOS="630" WIDTH="108" HEIGHT="36" WC="0.92" CONTENT="krigs-"/>
						</TextLine>
						<TextLine ID="line_10" HPOS="292" VPOS="674" WIDTH="1505" HEIGHT="41">
							<String ID="string_91" HPOS="292" VPOS="674" WIDTH="355" HEIGHT="36" WC="0.92" CONTENT="konjunkturskatten"/><SP WIDTH="20" VPOS="674" HPOS="647"/>
							<String ID="string_92" HPOS="667" VPOS="675" WIDTH="182" HEIGHT="32" WC="0.96" CONTENT="framhölls"/><SP WIDTH="22" VPOS="675" HPOS="849"/>
							<String ID="string_93" HPOS="871" VPOS="687" WIDTH="42" HEIGHT="20" WC="0.93" CONTENT="av"/><SP WIDTH="21" VPOS="687" HPOS="913"/>
							<String ID="string_94" HPOS="934" VPOS="677" WIDTH="355" HEIGHT="37" WC="0.91" CONTENT="skatteberedningen,"/><SP WIDTH="22" VPOS="677" HPOS="1289"/>
							<String ID="string_95" HPOS="1311" VPOS="681" WIDTH="49" HEIGHT="27" WC="0.96" CONTENT="att"/><SP WIDTH="21" VPOS="681" HPOS="1360"/>
							<String ID="string_96" HPOS="1381" VPOS="679" WIDTH="162" HEIGHT="36" WC="0.96" CONTENT="tillbörlig"/><SP WIDTH="21" VPOS="679" HPOS="1543"/>
							<String ID="string_97" HPOS="1564" VPOS="679" WIDTH="137" HEIGHT="36" WC="0.93" CONTENT="hänsyn"/><SP WIDTH="19" VPOS="679" HPOS="1701"/>
							<String ID="string_98" HPOS="1720" VPOS="681" WIDTH="77" HEIGHT="29" WC="0.92" CONTENT="bor-"/>
						</TextLine>
						<TextLine ID="line_11" HPOS="292" VPOS="725" WIDTH="1504" HEIGHT="41">
							<String ID="string_99" HPOS="292" VPOS="725" WIDTH="42" HEIGHT="30" WC="0.96" CONTENT="de"/><SP WIDTH="20" VPOS="725" HPOS="334"/>
							<String ID="string_100" HPOS="354" VPOS="729" WIDTH="98" HEIGHT="31" WC="0.96" CONTENT="tagas"/><SP WIDTH="21" VPOS="729" HPOS="452"/>
							<String ID="string_101" HPOS="473" VPOS="726" WIDTH="51" HEIGHT="30" WC="0.96" CONTENT="till"/><SP WIDTH="18" VPOS="726" HPOS="524"/>
							<String ID="string_102" HPOS="542" VPOS="726" WIDTH="168" HEIGHT="30" WC="0.96" CONTENT="eventuell"/><SP WIDTH="18" VPOS="726" HPOS="710"/>
							<String ID="string_103" HPOS="728" VPOS="726" WIDTH="209" HEIGHT="38" WC="0.96" CONTENT="försämring"/><SP WIDTH="22" VPOS="726" HPOS="937"/>
							<String ID="string_104" HPOS="959" VPOS="737" WIDTH="43" HEIGHT="21" WC="0.93" CONTENT="av"/><SP WIDTH="18" VPOS="737" HPOS="1002"/>
							<String ID="string_105" HPOS="1020" VPOS="728" WIDTH="283" HEIGHT="36" WC="0.91" CONTENT="penningvärdet."/><SP WIDTH="21" VPOS="728" HPOS="1303"/>
							<String ID="string_106" HPOS="1324" VPOS="729" WIDTH="115" HEIGHT="36" WC="0.96" CONTENT="Enligt"/><SP WIDTH="19" VPOS="729" HPOS="1439"/>
							<String ID="string_107" HPOS="1458" VPOS="729" WIDTH="66" HEIGHT="31" WC="0.96" CONTENT="den"/><SP WIDTH="18" VPOS="729" HPOS="1524"/>
							<String ID="string_108" HPOS="1542" VPOS="729" WIDTH="56" HEIGHT="31" WC="0.93" CONTENT="för"/><SP WIDTH="18" VPOS="729" HPOS="1598"/>
							<String ID="string_109" HPOS="1616" VPOS="730" WIDTH="180" HEIGHT="36" WC="0.91" CONTENT="krigskon-"/>
						</TextLine>
						<TextLine ID="line_12" HPOS="291" VPOS="775" WIDTH="1506" HEIGHT="44">
							<String ID="string_110" HPOS="291" VPOS="775" WIDTH="285" HEIGHT="36" WC="0.87" CONTENT="Junkturskatten"/><SP WIDTH="17" VPOS="775" HPOS="576"/>
							<String ID="string_111" HPOS="593" VPOS="778" WIDTH="282" HEIGHT="36" WC="0.96" CONTENT="grundläggande"/><SP WIDTH="22" VPOS="778" HPOS="875"/>
							<String ID="string_112" HPOS="897" VPOS="778" WIDTH="180" HEIGHT="37" WC="0.96" CONTENT="principen"/><SP WIDTH="24" VPOS="778" HPOS="1077"/>
							<String ID="string_113" HPOS="1101" VPOS="789" WIDTH="81" HEIGHT="21" WC="0.96" CONTENT="vore"/><SP WIDTH="21" VPOS="789" HPOS="1182"/>
							<String ID="string_114" HPOS="1203" VPOS="780" WIDTH="56" HEIGHT="30" WC="0.96" CONTENT="det"/><SP WIDTH="22" VPOS="780" HPOS="1259"/>
							<String ID="string_115" HPOS="1281" VPOS="780" WIDTH="212" HEIGHT="36" WC="0.96" CONTENT="nödvändigt"/><SP WIDTH="20" VPOS="780" HPOS="1493"/>
							<String ID="string_116" HPOS="1513" VPOS="782" WIDTH="50" HEIGHT="28" WC="0.72" CONTENT="alt"/><SP WIDTH="21" VPOS="782" HPOS="1563"/>
							<String ID="string_117" HPOS="1584" VPOS="780" WIDTH="213" HEIGHT="39" WC="0.91" CONTENT="jämförelse-"/>
						</TextLine>
						<TextLine ID="line_13" HPOS="293" VPOS="824" WIDTH="1503" HEIGHT="44">
							<String ID="string_118" HPOS="293" VPOS="824" WIDTH="87" HEIGHT="33" WC="0.95" CONTENT="årets"/><SP WIDTH="19" VPOS="824" HPOS="380"/>
							<String ID="string_119" HPOS="399" VPOS="826" WIDTH="154" HEIGHT="32" WC="0.96" CONTENT="inkomst"/><SP WIDTH="17" VPOS="826" HPOS="553"/>
							<String ID="string_120" HPOS="570" VPOS="828" WIDTH="66" HEIGHT="29" WC="0.93" CONTENT="och"/><SP WIDTH="19" VPOS="828" HPOS="636"/>
							<String ID="string_121" HPOS="655" VPOS="828" WIDTH="328" HEIGHT="37" WC="0.90" CONTENT="beskattningsårets"/><SP WIDTH="20" VPOS="828" HPOS="983"/>
							<String ID="string_122" HPOS="1003" VPOS="830" WIDTH="153" HEIGHT="30" WC="0.93" CONTENT="inkomst"/><SP WIDTH="19" VPOS="830" HPOS="1156"/>
							<String ID="string_123" HPOS="1175" VPOS="830" WIDTH="151" HEIGHT="36" WC="0.91" CONTENT="angåvos"/><SP WIDTH="19" VPOS="830" HPOS="1326"/>
							<String ID="string_124" HPOS="1345" VPOS="831" WIDTH="11" HEIGHT="32" WC="0.96" CONTENT="i"/><SP WIDTH="19" VPOS="831" HPOS="1356"/>
							<String ID="string_125" HPOS="1375" VPOS="840" WIDTH="135" HEIGHT="22" WC="0.96" CONTENT="samma"/><SP WIDTH="17" VPOS="840" HPOS="1510"/>
							<String ID="string_126" HPOS="1527" VPOS="833" WIDTH="269" HEIGHT="35" WC="0.93" CONTENT="penningvärde."/>
						</TextLine>
					</TextBlock>
					<TextBlock ID="block_3" HPOS="291" VPOS="876" WIDTH="1507" HEIGHT="346">
						<TextLine ID="line_14" HPOS="336" VPOS="876" WIDTH="1462" HEIGHT="41">
							<String ID="string_127" HPOS="336" VPOS="876" WIDTH="64" HEIGHT="31" WC="0.96" CONTENT="Vid"/><SP WIDTH="21" VPOS="876" HPOS="400"/>
							<String ID="string_128" HPOS="421" VPOS="878" WIDTH="227" HEIGHT="36" WC="0.96" CONTENT="värderingen"/><SP WIDTH="16" VPOS="878" HPOS="648"/>
							<String ID="string_129" HPOS="664" VPOS="889" WIDTH="44" HEIGHT="20" WC="0.93" CONTENT="av"/><SP WIDTH="20" VPOS="889" HPOS="708"/>
							<String ID="string_130" HPOS="728" VPOS="889" WIDTH="25" HEIGHT="20" WC="0.90" CONTENT="s."/><SP WIDTH="21" VPOS="889" HPOS="753"/>
							<String ID="string_131" HPOS="774" VPOS="880" WIDTH="31" HEIGHT="29" WC="0.90" CONTENT="k."/><SP WIDTH="26" VPOS="880" HPOS="805"/>
							<String ID="string_132" HPOS="831" VPOS="881" WIDTH="310" HEIGHT="36" WC="0.91" CONTENT="ersättningsvaror"/><SP WIDTH="19" VPOS="881" HPOS="1141"/>
							<String ID="string_133" HPOS="1160" VPOS="881" WIDTH="106" HEIGHT="31" WC="0.96" CONTENT="borde"/><SP WIDTH="18" VPOS="881" HPOS="1266"/>
							<String ID="string_134" HPOS="1284" VPOS="882" WIDTH="155" HEIGHT="35" WC="0.95" CONTENT="beaktas,"/><SP WIDTH="22" VPOS="882" HPOS="1439"/>
							<String ID="string_135" HPOS="1461" VPOS="884" WIDTH="59" HEIGHT="32" WC="0.96" CONTENT="att,"/><SP WIDTH="24" VPOS="884" HPOS="1520"/>
							<String ID="string_136" HPOS="1544" VPOS="883" WIDTH="87" HEIGHT="30" WC="0.96" CONTENT="även"/><SP WIDTH="21" VPOS="883" HPOS="1631"/>
							<String ID="string_137" HPOS="1652" VPOS="892" WIDTH="58" HEIGHT="21" WC="0.96" CONTENT="om"/><SP WIDTH="21" VPOS="892" HPOS="1710"/>
							<String ID="string_138" HPOS="1731" VPOS="883" WIDTH="67" HEIGHT="30" WC="0.96" CONTENT="den"/>
						</TextLine>
						<TextLine ID="line_15" HPOS="291" VPOS="927" WIDTH="1505" HEIGHT="42">
							<String ID="string_139" HPOS="291" VPOS="927" WIDTH="58" HEIGHT="30" WC="0.93" CONTENT="vid"/><SP WIDTH="20" VPOS="927" HPOS="349"/>
							<String ID="string_140" HPOS="369" VPOS="928" WIDTH="390" HEIGHT="37" WC="0.91" CONTENT="beskattningstillfället"/><SP WIDTH="18" VPOS="928" HPOS="759"/>
							<String ID="string_141" HPOS="777" VPOS="930" WIDTH="179" HEIGHT="36" WC="0.91" CONTENT="befintliga"/><SP WIDTH="22" VPOS="930" HPOS="956"/>
							<String ID="string_142" HPOS="978" VPOS="932" WIDTH="315" HEIGHT="35" WC="0.90" CONTENT="ersättningsvaran"/><SP WIDTH="23" VPOS="932" HPOS="1293"/>
							<String ID="string_143" HPOS="1316" VPOS="932" WIDTH="117" HEIGHT="30" WC="0.93" CONTENT="kunde"/><SP WIDTH="19" VPOS="932" HPOS="1433"/>
							<String ID="string_144" HPOS="1452" VPOS="936" WIDTH="142" HEIGHT="33" WC="0.91" CONTENT="antagas"/><SP WIDTH="20" VPOS="936" HPOS="1594"/>
							<String ID="string_145" HPOS="1614" VPOS="933" WIDTH="94" HEIGHT="30" WC="0.92" CONTENT="bliva"/><SP WIDTH="20" VPOS="933" HPOS="1708"/>
							<String ID="string_146" HPOS="1728" VPOS="933" WIDTH="68" HEIGHT="30" WC="0.92" CONTENT="för-"/>
						</TextLine>
						<TextLine ID="line_16" HPOS="291" VPOS="977" WIDTH="1506" HEIGHT="43">
							<String ID="string_147" HPOS="291" VPOS="977" WIDTH="77" HEIGHT="30" WC="0.96" CONTENT="såld"/><SP WIDTH="17" VPOS="977" HPOS="368"/>
							<String ID="string_148" HPOS="385" VPOS="982" WIDTH="87" HEIGHT="27" WC="0.96" CONTENT="utan"/><SP WIDTH="19" VPOS="982" HPOS="472"/>
							<String ID="string_149" HPOS="491" VPOS="979" WIDTH="133" HEIGHT="35" WC="0.96" CONTENT="förlust,"/><SP WIDTH="21" VPOS="979" HPOS="624"/>
							<String ID="string_150" HPOS="645" VPOS="979" WIDTH="107" HEIGHT="31" WC="0.96" CONTENT="likväl"/><SP WIDTH="20" VPOS="979" HPOS="752"/>
							<String ID="string_151" HPOS="772" VPOS="990" WIDTH="41" HEIGHT="21" WC="0.92" CONTENT="en"/><SP WIDTH="20" VPOS="990" HPOS="813"/>
							<String ID="string_152" HPOS="833" VPOS="981" WIDTH="197" HEIGHT="30" WC="0.92" CONTENT="förlustrisk"/><SP WIDTH="20" VPOS="981" HPOS="1030"/>
							<String ID="string_153" HPOS="1050" VPOS="983" WIDTH="117" HEIGHT="29" WC="0.96" CONTENT="kunde"/><SP WIDTH="16" VPOS="983" HPOS="1167"/>
							<String ID="string_154" HPOS="1183" VPOS="982" WIDTH="178" HEIGHT="37" WC="0.96" CONTENT="föreligga,"/><SP WIDTH="19" VPOS="982" HPOS="1361"/>
							<String ID="string_155" HPOS="1380" VPOS="984" WIDTH="147" HEIGHT="29" WC="0.96" CONTENT="emedan"/><SP WIDTH="22" VPOS="984" HPOS="1527"/>
							<String ID="string_156" HPOS="1549" VPOS="984" WIDTH="168" HEIGHT="36" WC="0.93" CONTENT="företaget"/><SP WIDTH="19" VPOS="984" HPOS="1717"/>
							<String ID="string_157" HPOS="1736" VPOS="994" WIDTH="61" HEIGHT="20" WC="0.92" CONTENT="un-"/>
						</TextLine>
						<TextLine ID="line_17" HPOS="294" VPOS="1028" WIDTH="1503" HEIGHT="43">
							<String ID="string_158" HPOS="294" VPOS="1028" WIDTH="60" HEIGHT="30" WC="0.96" CONTENT="der"/><SP WIDTH="18" VPOS="1028" HPOS="354"/>
							<String ID="string_159" HPOS="372" VPOS="1028" WIDTH="213" HEIGHT="33" WC="0.96" CONTENT="månaderna"/><SP WIDTH="20" VPOS="1028" HPOS="585"/>
							<String ID="string_160" HPOS="605" VPOS="1030" WIDTH="87" HEIGHT="30" WC="0.96" CONTENT="efter"/><SP WIDTH="18" VPOS="1030" HPOS="692"/>
							<String ID="string_161" HPOS="710" VPOS="1030" WIDTH="173" HEIGHT="32" WC="0.96" CONTENT="bokslutet"/><SP WIDTH="17" VPOS="1030" HPOS="883"/>
							<String ID="string_162" HPOS="900" VPOS="1042" WIDTH="81" HEIGHT="20" WC="0.93" CONTENT="vore"/><SP WIDTH="16" VPOS="1042" HPOS="981"/>
							<String ID="string_163" HPOS="997" VPOS="1033" WIDTH="173" HEIGHT="31" WC="0.92" CONTENT="nödsakat"/><SP WIDTH="22" VPOS="1033" HPOS="1170"/>
							<String ID="string_164" HPOS="1192" VPOS="1037" WIDTH="48" HEIGHT="27" WC="0.93" CONTENT="att"/><SP WIDTH="18" VPOS="1037" HPOS="1240"/>
							<String ID="string_165" HPOS="1258" VPOS="1032" WIDTH="241" HEIGHT="33" WC="0.92" CONTENT="återanskaffa"/><SP WIDTH="14" VPOS="1032" HPOS="1499"/>
							<String ID="string_166" HPOS="1513" VPOS="1044" WIDTH="43" HEIGHT="20" WC="0.92" CONTENT="en"/><SP WIDTH="19" VPOS="1044" HPOS="1556"/>
							<String ID="string_167" HPOS="1575" VPOS="1036" WIDTH="222" HEIGHT="35" WC="0.90" CONTENT="ersättnings-"/>
						</TextLine>
						<TextLine ID="line_18" HPOS="293" VPOS="1081" WIDTH="1503" HEIGHT="42">
							<String ID="string_168" HPOS="293" VPOS="1088" WIDTH="83" HEIGHT="21" WC="0.96" CONTENT="vara"/><SP WIDTH="14" VPOS="1088" HPOS="376"/>
							<String ID="string_169" HPOS="390" VPOS="1089" WIDTH="43" HEIGHT="20" WC="0.96" CONTENT="av"/><SP WIDTH="18" VPOS="1089" HPOS="433"/>
							<String ID="string_170" HPOS="451" VPOS="1081" WIDTH="124" HEIGHT="36" WC="0.95" CONTENT="analog"/><SP WIDTH="18" VPOS="1081" HPOS="575"/>
							<String ID="string_171" HPOS="593" VPOS="1081" WIDTH="151" HEIGHT="37" WC="0.96" CONTENT="kvalitet,"/><SP WIDTH="18" VPOS="1081" HPOS="744"/>
							<String ID="string_172" HPOS="762" VPOS="1082" WIDTH="113" HEIGHT="31" WC="0.96" CONTENT="vilken"/><SP WIDTH="18" VPOS="1082" HPOS="875"/>
							<String ID="string_173" HPOS="893" VPOS="1082" WIDTH="176" HEIGHT="32" WC="0.96" CONTENT="måhända"/><SP WIDTH="17" VPOS="1082" HPOS="1069"/>
							<String ID="string_174" HPOS="1086" VPOS="1084" WIDTH="77" HEIGHT="31" WC="0.96" CONTENT="icke"/><SP WIDTH="17" VPOS="1084" HPOS="1163"/>
							<String ID="string_175" HPOS="1180" VPOS="1084" WIDTH="116" HEIGHT="30" WC="0.96" CONTENT="kunde"/><SP WIDTH="17" VPOS="1084" HPOS="1296"/>
							<String ID="string_176" HPOS="1313" VPOS="1094" WIDTH="120" HEIGHT="22" WC="0.92" CONTENT="senare"/><SP WIDTH="16" VPOS="1094" HPOS="1433"/>
							<String ID="string_177" HPOS="1449" VPOS="1085" WIDTH="161" HEIGHT="38" WC="0.91" CONTENT="försäljas"/><SP WIDTH="17" VPOS="1085" HPOS="1610"/>
							<String ID="string_178" HPOS="1627" VPOS="1088" WIDTH="86" HEIGHT="28" WC="0.93" CONTENT="utan"/><SP WIDTH="15" VPOS="1088" HPOS="1713"/>
							<String ID="string_179" HPOS="1728" VPOS="1086" WIDTH="68" HEIGHT="30" WC="0.90" CONTENT="för-"/>
						</TextLine>
						<TextLine ID="line_19" HPOS="291" VPOS="1129" WIDTH="1504" HEIGHT="44">
							<String ID="string_180" HPOS="291" VPOS="1129" WIDTH="77" HEIGHT="31" WC="0.95" CONTENT="lust."/><SP WIDTH="27" VPOS="1129" HPOS="368"/>
							<String ID="string_181" HPOS="395" VPOS="1130" WIDTH="65" HEIGHT="30" WC="0.96" CONTENT="Det"/><SP WIDTH="24" VPOS="1130" HPOS="460"/>
							<String ID="string_182" HPOS="484" VPOS="1141" WIDTH="80" HEIGHT="20" WC="0.96" CONTENT="vore"/><SP WIDTH="23" VPOS="1141" HPOS="564"/>
							<String ID="string_183" HPOS="587" VPOS="1132" WIDTH="186" HEIGHT="37" WC="0.95" CONTENT="angeläget,"/><SP WIDTH="24" VPOS="1132" HPOS="773"/>
							<String ID="string_184" HPOS="797" VPOS="1136" WIDTH="51" HEIGHT="28" WC="0.96" CONTENT="att"/><SP WIDTH="21" VPOS="1136" HPOS="848"/>
							<String ID="string_185" HPOS="869" VPOS="1134" WIDTH="136" HEIGHT="36" WC="0.96" CONTENT="hänsyn"/><SP WIDTH="23" VPOS="1134" HPOS="1005"/>
							<String ID="string_186" HPOS="1028" VPOS="1135" WIDTH="117" HEIGHT="29" WC="0.93" CONTENT="härtill"/><SP WIDTH="21" VPOS="1135" HPOS="1145"/>
							<String ID="string_187" HPOS="1166" VPOS="1139" WIDTH="94" HEIGHT="32" WC="0.92" CONTENT="toges"/><SP WIDTH="24" VPOS="1139" HPOS="1260"/>
							<String ID="string_188" HPOS="1284" VPOS="1145" WIDTH="41" HEIGHT="21" WC="0.96" CONTENT="av"/><SP WIDTH="23" VPOS="1145" HPOS="1325"/>
							<String ID="string_189" HPOS="1348" VPOS="1136" WIDTH="66" HEIGHT="30" WC="0.96" CONTENT="den"/><SP WIDTH="24" VPOS="1136" HPOS="1414"/>
							<String ID="string_190" HPOS="1438" VPOS="1137" WIDTH="151" HEIGHT="29" WC="0.93" CONTENT="centrala"/><SP WIDTH="26" VPOS="1137" HPOS="1589"/>
							<String ID="string_191" HPOS="1615" VPOS="1137" WIDTH="180" HEIGHT="36" WC="0.92" CONTENT="krigskon-"/>
						</TextLine>
						<TextLine ID="line_20" HPOS="291" VPOS="1178" WIDTH="1016" HEIGHT="44">
							<String ID="string_192" HPOS="291" VPOS="1178" WIDTH="438" HEIGHT="37" WC="0.68" CONTENT="junkturskattenämnden"/><SP WIDTH="18" VPOS="1178" HPOS="729"/>
							<String ID="string_193" HPOS="747" VPOS="1184" WIDTH="65" HEIGHT="30" WC="0.96" CONTENT="och"/><SP WIDTH="20" VPOS="1184" HPOS="812"/>
							<String ID="string_194" HPOS="832" VPOS="1194" WIDTH="43" HEIGHT="20" WC="0.93" CONTENT="av"/><SP WIDTH="16" VPOS="1194" HPOS="875"/>
							<String ID="string_195" HPOS="891" VPOS="1185" WIDTH="416" HEIGHT="37" WC="0.91" CONTENT="prövningsnämnderna."/>
						</TextLine>
					</TextBlock>
					<TextBlock ID="block_4" HPOS="290" VPOS="1230" WIDTH="1510" HEIGHT="486">
						<TextLine ID="line_21" HPOS="335" VPOS="1230" WIDTH="1463" HEIGHT="42">
							<String ID="string_196" HPOS="335" VPOS="1230" WIDTH="80" HEIGHT="31" WC="0.96" CONTENT="Med"/><SP WIDTH="23" VPOS="1230" HPOS="415"/>
							<String ID="string_197" HPOS="438" VPOS="1233" WIDTH="166" HEIGHT="35" WC="0.96" CONTENT="slopande"/><SP WIDTH="23" VPOS="1233" HPOS="604"/>
							<String ID="string_198" HPOS="627" VPOS="1243" WIDTH="44" HEIGHT="20" WC="0.96" CONTENT="av"/><SP WIDTH="21" VPOS="1243" HPOS="671"/>
							<String ID="string_199" HPOS="692" VPOS="1234" WIDTH="67" HEIGHT="30" WC="0.96" CONTENT="den"/><SP WIDTH="24" VPOS="1234" HPOS="759"/>
							<String ID="string_200" HPOS="783" VPOS="1235" WIDTH="273" HEIGHT="31" WC="0.96" CONTENT="hittillsvarande"/><SP WIDTH="22" VPOS="1235" HPOS="1056"/>
							<String ID="string_201" HPOS="1078" VPOS="1237" WIDTH="217" HEIGHT="35" WC="0.93" CONTENT="progressiva"/><SP WIDTH="23" VPOS="1237" HPOS="1295"/>
							<String ID="string_202" HPOS="1318" VPOS="1237" WIDTH="236" HEIGHT="30" WC="0.92" CONTENT="skatteskalan"/><SP WIDTH="23" VPOS="1237" HPOS="1554"/>
							<String ID="string_203" HPOS="1577" VPOS="1238" WIDTH="108" HEIGHT="30" WC="0.93" CONTENT="borde"/><SP WIDTH="22" VPOS="1238" HPOS="1685"/>
							<String ID="string_204" HPOS="1707" VPOS="1238" WIDTH="91" HEIGHT="30" WC="0.91" CONTENT="skat-"/>
						</TextLine>
						<TextLine ID="line_22" HPOS="292" VPOS="1281" WIDTH="1508" HEIGHT="43">
							<String ID="string_205" HPOS="292" VPOS="1284" WIDTH="57" HEIGHT="27" WC="0.96" CONTENT="ten"/><SP WIDTH="17" VPOS="1284" HPOS="349"/>
							<String ID="string_206" HPOS="366" VPOS="1281" WIDTH="11" HEIGHT="30" WC="0.96" CONTENT="i"/><SP WIDTH="21" VPOS="1281" HPOS="377"/>
							<String ID="string_207" HPOS="398" VPOS="1282" WIDTH="112" HEIGHT="30" WC="0.96" CONTENT="stället"/><SP WIDTH="18" VPOS="1282" HPOS="510"/>
							<String ID="string_208" HPOS="528" VPOS="1283" WIDTH="173" HEIGHT="31" WC="0.96" CONTENT="beräknas"/><SP WIDTH="19" VPOS="1283" HPOS="701"/>
							<String ID="string_209" HPOS="720" VPOS="1284" WIDTH="86" HEIGHT="30" WC="0.96" CONTENT="efter"/><SP WIDTH="18" VPOS="1284" HPOS="806"/>
							<String ID="string_210" HPOS="824" VPOS="1295" WIDTH="42" HEIGHT="20" WC="0.96" CONTENT="en"/><SP WIDTH="17" VPOS="1295" HPOS="866"/>
							<String ID="string_211" HPOS="883" VPOS="1286" WIDTH="51" HEIGHT="29" WC="0.95" CONTENT="fix"/><SP WIDTH="20" VPOS="1286" HPOS="934"/>
							<String ID="string_212" HPOS="954" VPOS="1290" WIDTH="214" HEIGHT="31" WC="0.96" CONTENT="procentsats"/><SP WIDTH="21" VPOS="1290" HPOS="1168"/>
							<String ID="string_213" HPOS="1189" VPOS="1296" WIDTH="41" HEIGHT="20" WC="0.96" CONTENT="av"/><SP WIDTH="20" VPOS="1296" HPOS="1230"/>
							<String ID="string_214" HPOS="1250" VPOS="1287" WIDTH="50" HEIGHT="29" WC="0.93" CONTENT="50."/><SP WIDTH="22" VPOS="1287" HPOS="1300"/>
							<String ID="string_215" HPOS="1322" VPOS="1286" WIDTH="122" HEIGHT="31" WC="0.93" CONTENT="Därest"/><SP WIDTH="21" VPOS="1286" HPOS="1444"/>
							<String ID="string_216" HPOS="1465" VPOS="1288" WIDTH="92" HEIGHT="30" WC="0.96" CONTENT="detta"/><SP WIDTH="18" VPOS="1288" HPOS="1557"/>
							<String ID="string_217" HPOS="1575" VPOS="1288" WIDTH="131" HEIGHT="36" WC="0.96" CONTENT="förslag"/><SP WIDTH="18" VPOS="1288" HPOS="1706"/>
							<String ID="string_218" HPOS="1724" VPOS="1288" WIDTH="76" HEIGHT="30" WC="0.96" CONTENT="icke"/>
						</TextLine>
						<TextLine ID="line_23" HPOS="292" VPOS="1332" WIDTH="1505" HEIGHT="42">
							<String ID="string_219" HPOS="292" VPOS="1332" WIDTH="110" HEIGHT="31" WC="0.96" CONTENT="skulle"/><SP WIDTH="22" VPOS="1332" HPOS="402"/>
							<String ID="string_220" HPOS="424" VPOS="1333" WIDTH="213" HEIGHT="37" WC="0.96" CONTENT="godkännas,"/><SP WIDTH="23" VPOS="1333" HPOS="637"/>
							<String ID="string_221" HPOS="660" VPOS="1334" WIDTH="107" HEIGHT="30" WC="0.96" CONTENT="borde"/><SP WIDTH="22" VPOS="1334" HPOS="767"/>
							<String ID="string_222" HPOS="789" VPOS="1335" WIDTH="228" HEIGHT="31" WC="0.96" CONTENT="skattesatsen"/><SP WIDTH="23" VPOS="1335" HPOS="1017"/>
							<String ID="string_223" HPOS="1040" VPOS="1336" WIDTH="10" HEIGHT="30" WC="0.96" CONTENT="i"/><SP WIDTH="23" VPOS="1336" HPOS="1050"/>
							<String ID="string_224" HPOS="1073" VPOS="1340" WIDTH="76" HEIGHT="27" WC="0.96" CONTENT="vart"/><SP WIDTH="23" VPOS="1340" HPOS="1149"/>
							<String ID="string_225" HPOS="1172" VPOS="1336" WIDTH="63" HEIGHT="30" WC="0.95" CONTENT="fall"/><SP WIDTH="23" VPOS="1336" HPOS="1235"/>
							<String ID="string_226" HPOS="1258" VPOS="1337" WIDTH="76" HEIGHT="30" WC="0.96" CONTENT="icke"/><SP WIDTH="22" VPOS="1337" HPOS="1334"/>
							<String ID="string_227" HPOS="1356" VPOS="1338" WIDTH="105" HEIGHT="30" WC="0.96" CONTENT="sättas"/><SP WIDTH="24" VPOS="1338" HPOS="1461"/>
							<String ID="string_228" HPOS="1485" VPOS="1338" WIDTH="107" HEIGHT="36" WC="0.96" CONTENT="högre"/><SP WIDTH="23" VPOS="1338" HPOS="1592"/>
							<String ID="string_229" HPOS="1615" VPOS="1340" WIDTH="45" HEIGHT="29" WC="0.96" CONTENT="än"/><SP WIDTH="22" VPOS="1340" HPOS="1660"/>
							<String ID="string_230" HPOS="1682" VPOS="1339" WIDTH="40" HEIGHT="29" WC="0.88" CONTENT="60"/><SP WIDTH="23" VPOS="1339" HPOS="1722"/>
							<String ID="string_231" HPOS="1745" VPOS="1335" WIDTH="52" HEIGHT="33" WC="0.58" CONTENT="?/o."/>
						</TextLine>
						<TextLine ID="line_24" HPOS="292" VPOS="1381" WIDTH="1507" HEIGHT="44">
							<String ID="string_232" HPOS="292" VPOS="1381" WIDTH="64" HEIGHT="31" WC="0.96" CONTENT="Det"/><SP WIDTH="24" VPOS="1381" HPOS="356"/>
							<String ID="string_233" HPOS="380" VPOS="1392" WIDTH="81" HEIGHT="21" WC="0.96" CONTENT="vore"/><SP WIDTH="22" VPOS="1392" HPOS="461"/>
							<String ID="string_234" HPOS="483" VPOS="1384" WIDTH="175" HEIGHT="36" WC="0.96" CONTENT="nämligen"/><SP WIDTH="22" VPOS="1384" HPOS="658"/>
							<String ID="string_235" HPOS="680" VPOS="1384" WIDTH="78" HEIGHT="30" WC="0.96" CONTENT="icke"/><SP WIDTH="23" VPOS="1384" HPOS="758"/>
							<String ID="string_236" HPOS="781" VPOS="1385" WIDTH="137" HEIGHT="37" WC="0.96" CONTENT="rimligt,"/><SP WIDTH="26" VPOS="1385" HPOS="918"/>
							<String ID="string_237" HPOS="944" VPOS="1390" WIDTH="50" HEIGHT="27" WC="0.96" CONTENT="att"/><SP WIDTH="23" VPOS="1390" HPOS="994"/>
							<String ID="string_238" HPOS="1017" VPOS="1387" WIDTH="261" HEIGHT="37" WC="0.96" CONTENT="skattskyldiga,"/><SP WIDTH="25" VPOS="1387" HPOS="1278"/>
							<String ID="string_239" HPOS="1303" VPOS="1397" WIDTH="74" HEIGHT="20" WC="0.96" CONTENT="som"/><SP WIDTH="25" VPOS="1397" HPOS="1377"/>
							<String ID="string_240" HPOS="1402" VPOS="1388" WIDTH="98" HEIGHT="36" WC="0.96" CONTENT="lojalt"/><SP WIDTH="23" VPOS="1388" HPOS="1500"/>
							<String ID="string_241" HPOS="1523" VPOS="1389" WIDTH="199" HEIGHT="36" WC="0.96" CONTENT="begagnade"/><SP WIDTH="26" VPOS="1389" HPOS="1722"/>
							<String ID="string_242" HPOS="1748" VPOS="1389" WIDTH="51" HEIGHT="36" WC="0.96" CONTENT="sig"/>
						</TextLine>
						<TextLine ID="line_25" HPOS="292" VPOS="1433" WIDTH="1507" HEIGHT="41">
							<String ID="string_243" HPOS="292" VPOS="1442" WIDTH="43" HEIGHT="20" WC="0.96" CONTENT="av"/><SP WIDTH="21" VPOS="1442" HPOS="335"/>
							<String ID="string_244" HPOS="356" VPOS="1433" WIDTH="266" HEIGHT="36" WC="0.96" CONTENT="möjligheterna"/><SP WIDTH="22" VPOS="1433" HPOS="622"/>
							<String ID="string_245" HPOS="644" VPOS="1434" WIDTH="51" HEIGHT="31" WC="0.96" CONTENT="till"/><SP WIDTH="21" VPOS="1434" HPOS="695"/>
							<String ID="string_246" HPOS="716" VPOS="1436" WIDTH="168" HEIGHT="36" WC="0.96" CONTENT="uppskov,"/><SP WIDTH="25" VPOS="1436" HPOS="884"/>
							<String ID="string_247" HPOS="909" VPOS="1437" WIDTH="110" HEIGHT="31" WC="0.96" CONTENT="skulle"/><SP WIDTH="25" VPOS="1437" HPOS="1019"/>
							<String ID="string_248" HPOS="1044" VPOS="1437" WIDTH="57" HEIGHT="30" WC="0.93" CONTENT="vid"/><SP WIDTH="22" VPOS="1437" HPOS="1101"/>
							<String ID="string_249" HPOS="1123" VPOS="1437" WIDTH="306" HEIGHT="37" WC="0.92" CONTENT="slutavräkningen"/><SP WIDTH="25" VPOS="1437" HPOS="1429"/>
							<String ID="string_250" HPOS="1454" VPOS="1439" WIDTH="150" HEIGHT="30" WC="0.96" CONTENT="drabbas"/><SP WIDTH="24" VPOS="1439" HPOS="1604"/>
							<String ID="string_251" HPOS="1628" VPOS="1449" WIDTH="43" HEIGHT="20" WC="0.96" CONTENT="av"/><SP WIDTH="24" VPOS="1449" HPOS="1671"/>
							<String ID="string_252" HPOS="1695" VPOS="1449" WIDTH="42" HEIGHT="20" WC="0.95" CONTENT="en"/><SP WIDTH="25" VPOS="1449" HPOS="1737"/>
							<String ID="string_253" HPOS="1762" VPOS="1439" WIDTH="37" HEIGHT="30" WC="0.95" CONTENT="så"/>
						</TextLine>
						<TextLine ID="line_26" HPOS="293" VPOS="1483" WIDTH="1505" HEIGHT="39">
							<String ID="string_254" HPOS="293" VPOS="1483" WIDTH="119" HEIGHT="36" WC="0.96" CONTENT="skärpt"/><SP WIDTH="20" VPOS="1483" HPOS="412"/>
							<String ID="string_255" HPOS="432" VPOS="1484" WIDTH="230" HEIGHT="36" WC="0.95" CONTENT="beskattning,"/><SP WIDTH="24" VPOS="1484" HPOS="662"/>
							<String ID="string_256" HPOS="686" VPOS="1494" WIDTH="76" HEIGHT="22" WC="0.96" CONTENT="som"/><SP WIDTH="21" VPOS="1494" HPOS="762"/>
							<String ID="string_257" HPOS="783" VPOS="1486" WIDTH="104" HEIGHT="36" WC="0.96" CONTENT="enligt"/><SP WIDTH="23" VPOS="1486" HPOS="887"/>
							<String ID="string_258" HPOS="910" VPOS="1486" WIDTH="258" HEIGHT="36" WC="0.96" CONTENT="propositionen"/><SP WIDTH="22" VPOS="1486" HPOS="1168"/>
							<String ID="string_259" HPOS="1190" VPOS="1488" WIDTH="97" HEIGHT="30" WC="0.96" CONTENT="bleve"/><SP WIDTH="22" VPOS="1488" HPOS="1287"/>
							<String ID="string_260" HPOS="1309" VPOS="1487" WIDTH="244" HEIGHT="32" WC="0.96" CONTENT="förhållandet."/><SP WIDTH="22" VPOS="1487" HPOS="1553"/>
							<String ID="string_261" HPOS="1575" VPOS="1486" WIDTH="96" HEIGHT="34" WC="0.96" CONTENT="Även"/><SP WIDTH="22" VPOS="1486" HPOS="1671"/>
							<String ID="string_262" HPOS="1693" VPOS="1499" WIDTH="41" HEIGHT="20" WC="0.96" CONTENT="ur"/><SP WIDTH="23" VPOS="1499" HPOS="1734"/>
							<String ID="string_263" HPOS="1757" VPOS="1499" WIDTH="41" HEIGHT="21" WC="0.96" CONTENT="en"/>
						</TextLine>
						<TextLine ID="line_27" HPOS="291" VPOS="1535" WIDTH="1506" HEIGHT="40">
							<String ID="string_264" HPOS="291" VPOS="1543" WIDTH="119" HEIGHT="22" WC="0.95" CONTENT="annan"/><SP WIDTH="26" VPOS="1543" HPOS="410"/>
							<String ID="string_265" HPOS="436" VPOS="1536" WIDTH="177" HEIGHT="34" WC="0.96" CONTENT="synpunkt"/><SP WIDTH="24" VPOS="1536" HPOS="613"/>
							<String ID="string_266" HPOS="637" VPOS="1545" WIDTH="81" HEIGHT="22" WC="0.93" CONTENT="vore"/><SP WIDTH="25" VPOS="1545" HPOS="718"/>
							<String ID="string_267" HPOS="743" VPOS="1535" WIDTH="396" HEIGHT="36" WC="0.90" CONTENT="departementschefens"/><SP WIDTH="27" VPOS="1535" HPOS="1139"/>
							<String ID="string_268" HPOS="1166" VPOS="1537" WIDTH="215" HEIGHT="37" WC="0.96" CONTENT="ståndpunkt"/><SP WIDTH="26" VPOS="1537" HPOS="1381"/>
							<String ID="string_269" HPOS="1407" VPOS="1538" WIDTH="31" HEIGHT="37" WC="0.96" CONTENT="ej"/><SP WIDTH="28" VPOS="1538" HPOS="1438"/>
							<String ID="string_270" HPOS="1466" VPOS="1538" WIDTH="145" HEIGHT="32" WC="0.96" CONTENT="hållbar."/><SP WIDTH="30" VPOS="1538" HPOS="1611"/>
							<String ID="string_271" HPOS="1641" VPOS="1540" WIDTH="75" HEIGHT="30" WC="0.93" CONTENT="Den"/><SP WIDTH="25" VPOS="1540" HPOS="1716"/>
							<String ID="string_272" HPOS="1741" VPOS="1540" WIDTH="56" HEIGHT="30" WC="0.90" CONTENT="be-"/>
						</TextLine>
						<TextLine ID="line_28" HPOS="290" VPOS="1584" WIDTH="1506" HEIGHT="44">
							<String ID="string_273" HPOS="290" VPOS="1584" WIDTH="171" HEIGHT="35" WC="0.93" CONTENT="gränsade"/><SP WIDTH="19" VPOS="1584" HPOS="461"/>
							<String ID="string_274" HPOS="480" VPOS="1585" WIDTH="259" HEIGHT="36" WC="0.91" CONTENT="kvittningsrätt"/><SP WIDTH="19" VPOS="1585" HPOS="739"/>
							<String ID="string_275" HPOS="758" VPOS="1587" WIDTH="127" HEIGHT="29" WC="0.96" CONTENT="mellan"/><SP WIDTH="19" VPOS="1587" HPOS="885"/>
							<String ID="string_276" HPOS="904" VPOS="1587" WIDTH="94" HEIGHT="30" WC="0.96" CONTENT="olika"/><SP WIDTH="21" VPOS="1587" HPOS="998"/>
							<String ID="string_277" HPOS="1019" VPOS="1586" WIDTH="48" HEIGHT="37" WC="0.96" CONTENT="år,"/><SP WIDTH="22" VPOS="1586" HPOS="1067"/>
							<String ID="string_278" HPOS="1089" VPOS="1597" WIDTH="75" HEIGHT="21" WC="0.97" CONTENT="som"/><SP WIDTH="22" VPOS="1597" HPOS="1164"/>
							<String ID="string_279" HPOS="1186" VPOS="1588" WIDTH="165" HEIGHT="37" WC="0.96" CONTENT="föreslogs"/><SP WIDTH="21" VPOS="1588" HPOS="1351"/>
							<String ID="string_280" HPOS="1372" VPOS="1589" WIDTH="11" HEIGHT="29" WC="0.96" CONTENT="i"/><SP WIDTH="23" VPOS="1589" HPOS="1383"/>
							<String ID="string_281" HPOS="1406" VPOS="1590" WIDTH="268" HEIGHT="38" WC="0.93" CONTENT="propositionen,"/><SP WIDTH="26" VPOS="1590" HPOS="1674"/>
							<String ID="string_282" HPOS="1700" VPOS="1591" WIDTH="96" HEIGHT="29" WC="0.92" CONTENT="kom-"/>
						</TextLine>
						<TextLine ID="line_29" HPOS="292" VPOS="1634" WIDTH="1508" HEIGHT="42">
							<String ID="string_283" HPOS="292" VPOS="1644" WIDTH="56" HEIGHT="20" WC="0.95" CONTENT="me"/><SP WIDTH="21" VPOS="1644" HPOS="348"/>
							<String ID="string_284" HPOS="369" VPOS="1634" WIDTH="77" HEIGHT="30" WC="0.95" CONTENT="icke"/><SP WIDTH="22" VPOS="1634" HPOS="446"/>
							<String ID="string_285" HPOS="468" VPOS="1636" WIDTH="66" HEIGHT="29" WC="0.96" CONTENT="den"/><SP WIDTH="23" VPOS="1636" HPOS="534"/>
							<String ID="string_286" HPOS="557" VPOS="1636" WIDTH="250" HEIGHT="36" WC="0.96" CONTENT="skattskyldige"/><SP WIDTH="20" VPOS="1636" HPOS="807"/>
							<String ID="string_287" HPOS="827" VPOS="1637" WIDTH="12" HEIGHT="29" WC="0.96" CONTENT="i"/><SP WIDTH="20" VPOS="1637" HPOS="839"/>
							<String ID="string_288" HPOS="859" VPOS="1636" WIDTH="204" HEIGHT="37" WC="0.96" CONTENT="åtnjutande"/><SP WIDTH="21" VPOS="1636" HPOS="1063"/>
							<String ID="string_289" HPOS="1084" VPOS="1648" WIDTH="53" HEIGHT="25" WC="0.96" CONTENT="av,"/><SP WIDTH="25" VPOS="1648" HPOS="1137"/>
							<String ID="string_290" HPOS="1162" VPOS="1648" WIDTH="75" HEIGHT="21" WC="0.96" CONTENT="som"/><SP WIDTH="23" VPOS="1648" HPOS="1237"/>
							<String ID="string_291" HPOS="1260" VPOS="1640" WIDTH="43" HEIGHT="34" WC="0.96" CONTENT="på"/><SP WIDTH="23" VPOS="1640" HPOS="1303"/>
							<String ID="string_292" HPOS="1326" VPOS="1649" WIDTH="43" HEIGHT="20" WC="0.96" CONTENT="en"/><SP WIDTH="21" VPOS="1649" HPOS="1369"/>
							<String ID="string_293" HPOS="1390" VPOS="1639" WIDTH="90" HEIGHT="37" WC="0.93" CONTENT="gång"/><SP WIDTH="22" VPOS="1639" HPOS="1480"/>
							<String ID="string_294" HPOS="1502" VPOS="1641" WIDTH="220" HEIGHT="30" WC="0.92" CONTENT="beskattades"/><SP WIDTH="22" VPOS="1641" HPOS="1722"/>
							<String ID="string_295" HPOS="1744" VPOS="1641" WIDTH="56" HEIGHT="30" WC="0.96" CONTENT="för"/>
						</TextLine>
						<TextLine ID="line_30" HPOS="292" VPOS="1685" WIDTH="414" HEIGHT="31">
							<String ID="string_296" HPOS="292" VPOS="1685" WIDTH="78" HEIGHT="30" WC="0.95" CONTENT="hela"/><SP WIDTH="22" VPOS="1685" HPOS="370"/>
							<String ID="string_297" HPOS="392" VPOS="1685" WIDTH="54" HEIGHT="30" WC="0.93" CONTENT="sin"/><SP WIDTH="23" VPOS="1685" HPOS="446"/>
							<String ID="string_298" HPOS="469" VPOS="1686" WIDTH="237" HEIGHT="30" WC="0.91" CONTENT="merinkomst."/>
						</TextLine>
					</TextBlock>
					<TextBlock ID="block_5" HPOS="293" VPOS="1735" WIDTH="1507" HEIGHT="283">
						<TextLine ID="line_31" HPOS="337" VPOS="1735" WIDTH="1463" HEIGHT="43">
							<String ID="string_299" HPOS="337" VPOS="1735" WIDTH="177" HEIGHT="37" WC="0.96" CONTENT="Förslaget"/><SP WIDTH="22" VPOS="1735" HPOS="514"/>
							<String ID="string_300" HPOS="536" VPOS="1740" WIDTH="48" HEIGHT="26" WC="0.93" CONTENT="att"/><SP WIDTH="23" VPOS="1740" HPOS="584"/>
							<String ID="string_301" HPOS="607" VPOS="1737" WIDTH="194" HEIGHT="30" WC="0.91" CONTENT="restitution"/><SP WIDTH="29" VPOS="1737" HPOS="801"/>
							<String ID="string_302" HPOS="830" VPOS="1739" WIDTH="4" HEIGHT="29" WC="0.96" CONTENT="i"/><SP WIDTH="25" VPOS="1739" HPOS="834"/>
							<String ID="string_303" HPOS="859" VPOS="1738" WIDTH="169" HEIGHT="30" WC="0.96" CONTENT="samband"/><SP WIDTH="23" VPOS="1738" HPOS="1028"/>
							<String ID="string_304" HPOS="1051" VPOS="1739" WIDTH="80" HEIGHT="29" WC="0.93" CONTENT="med"/><SP WIDTH="25" VPOS="1739" HPOS="1131"/>
							<String ID="string_305" HPOS="1156" VPOS="1739" WIDTH="429" HEIGHT="36" WC="0.91" CONTENT="avräkningsförfarandet"/><SP WIDTH="22" VPOS="1739" HPOS="1585"/>
							<String ID="string_306" HPOS="1607" VPOS="1741" WIDTH="76" HEIGHT="30" WC="0.96" CONTENT="icke"/><SP WIDTH="23" VPOS="1741" HPOS="1683"/>
							<String ID="string_307" HPOS="1706" VPOS="1741" WIDTH="94" HEIGHT="37" WC="0.96" CONTENT="finge"/>
						</TextLine>
						<TextLine ID="line_32" HPOS="293" VPOS="1786" WIDTH="1504" HEIGHT="41">
							<String ID="string_308" HPOS="293" VPOS="1786" WIDTH="60" HEIGHT="30" WC="0.96" CONTENT="ske"/><SP WIDTH="19" VPOS="1786" HPOS="353"/>
							<String ID="string_309" HPOS="372" VPOS="1786" WIDTH="56" HEIGHT="30" WC="0.96" CONTENT="för"/><SP WIDTH="21" VPOS="1786" HPOS="428"/>
							<String ID="string_310" HPOS="449" VPOS="1787" WIDTH="42" HEIGHT="29" WC="0.95" CONTENT="de"/><SP WIDTH="18" VPOS="1787" HPOS="491"/>
							<String ID="string_311" HPOS="509" VPOS="1786" WIDTH="72" HEIGHT="36" WC="0.96" CONTENT="fall,"/><SP WIDTH="22" VPOS="1786" HPOS="581"/>
							<String ID="string_312" HPOS="603" VPOS="1786" WIDTH="44" HEIGHT="31" WC="0.96" CONTENT="då"/><SP WIDTH="19" VPOS="1786" HPOS="647"/>
							<String ID="string_313" HPOS="666" VPOS="1787" WIDTH="211" HEIGHT="36" WC="0.93" CONTENT="provisorisk"/><SP WIDTH="20" VPOS="1787" HPOS="877"/>
							<String ID="string_314" HPOS="897" VPOS="1787" WIDTH="275" HEIGHT="38" WC="0.92" CONTENT="skattepåföring"/><SP WIDTH="20" VPOS="1787" HPOS="1172"/>
							<String ID="string_315" HPOS="1192" VPOS="1789" WIDTH="30" HEIGHT="36" WC="0.96" CONTENT="ej"/><SP WIDTH="21" VPOS="1789" HPOS="1222"/>
							<String ID="string_316" HPOS="1243" VPOS="1790" WIDTH="98" HEIGHT="35" WC="0.96" CONTENT="skett,"/><SP WIDTH="20" VPOS="1790" HPOS="1341"/>
							<String ID="string_317" HPOS="1361" VPOS="1790" WIDTH="107" HEIGHT="30" WC="0.96" CONTENT="borde"/><SP WIDTH="19" VPOS="1790" HPOS="1468"/>
							<String ID="string_318" HPOS="1487" VPOS="1790" WIDTH="76" HEIGHT="30" WC="0.96" CONTENT="icke"/><SP WIDTH="21" VPOS="1790" HPOS="1563"/>
							<String ID="string_319" HPOS="1584" VPOS="1792" WIDTH="213" HEIGHT="35" WC="0.96" CONTENT="godkännas."/>
						</TextLine>
						<TextLine ID="line_33" HPOS="295" VPOS="1835" WIDTH="1505" HEIGHT="44">
							<String ID="string_320" HPOS="295" VPOS="1835" WIDTH="99" HEIGHT="32" WC="0.96" CONTENT="Detta"/><SP WIDTH="25" VPOS="1835" HPOS="394"/>
							<String ID="string_321" HPOS="419" VPOS="1837" WIDTH="130" HEIGHT="36" WC="0.96" CONTENT="förslag"/><SP WIDTH="22" VPOS="1837" HPOS="549"/>
							<String ID="string_322" HPOS="571" VPOS="1837" WIDTH="11" HEIGHT="29" WC="0.96" CONTENT="i"/><SP WIDTH="25" VPOS="1837" HPOS="582"/>
							<String ID="string_323" HPOS="607" VPOS="1837" WIDTH="259" HEIGHT="36" WC="0.96" CONTENT="propositionen"/><SP WIDTH="23" VPOS="1837" HPOS="866"/>
							<String ID="string_324" HPOS="889" VPOS="1847" WIDTH="81" HEIGHT="21" WC="0.96" CONTENT="vore"/><SP WIDTH="23" VPOS="1847" HPOS="970"/>
							<String ID="string_325" HPOS="993" VPOS="1839" WIDTH="177" HEIGHT="30" WC="0.96" CONTENT="stridande"/><SP WIDTH="23" VPOS="1839" HPOS="1170"/>
							<String ID="string_326" HPOS="1193" VPOS="1844" WIDTH="72" HEIGHT="26" WC="0.96" CONTENT="mot"/><SP WIDTH="26" VPOS="1844" HPOS="1265"/>
							<String ID="string_327" HPOS="1291" VPOS="1840" WIDTH="236" HEIGHT="37" WC="0.96" CONTENT="huvudregeln"/><SP WIDTH="26" VPOS="1840" HPOS="1527"/>
							<String ID="string_328" HPOS="1553" VPOS="1842" WIDTH="10" HEIGHT="29" WC="0.96" CONTENT="i"/><SP WIDTH="29" VPOS="1842" HPOS="1563"/>
							<String ID="string_329" HPOS="1592" VPOS="1844" WIDTH="14" HEIGHT="28" WC="0.96" CONTENT="1"/><SP WIDTH="30" VPOS="1844" HPOS="1606"/>
							<String ID="string_330" HPOS="1636" VPOS="1843" WIDTH="28" HEIGHT="36" WC="0.93" CONTENT="8."/><SP WIDTH="28" VPOS="1843" HPOS="1664"/>
							<String ID="string_331" HPOS="1692" VPOS="1842" WIDTH="108" HEIGHT="37" WC="0.91" CONTENT="Eljest"/>
						</TextLine>
						<TextLine ID="line_34" HPOS="294" VPOS="1887" WIDTH="1506" HEIGHT="39">
							<String ID="string_332" HPOS="294" VPOS="1887" WIDTH="194" HEIGHT="30" WC="0.95" CONTENT="drabbades"/><SP WIDTH="23" VPOS="1887" HPOS="488"/>
							<String ID="string_333" HPOS="511" VPOS="1887" WIDTH="90" HEIGHT="30" WC="0.96" CONTENT="vissa"/><SP WIDTH="24" VPOS="1887" HPOS="601"/>
							<String ID="string_334" HPOS="625" VPOS="1888" WIDTH="252" HEIGHT="35" WC="0.96" CONTENT="skattskyldiga"/><SP WIDTH="22" VPOS="1888" HPOS="877"/>
							<String ID="string_335" HPOS="899" VPOS="1898" WIDTH="41" HEIGHT="20" WC="0.96" CONTENT="av"/><SP WIDTH="24" VPOS="1898" HPOS="940"/>
							<String ID="string_336" HPOS="964" VPOS="1898" WIDTH="42" HEIGHT="20" WC="0.96" CONTENT="en"/><SP WIDTH="23" VPOS="1898" HPOS="1006"/>
							<String ID="string_337" HPOS="1029" VPOS="1888" WIDTH="149" HEIGHT="31" WC="0.96" CONTENT="hårdare"/><SP WIDTH="20" VPOS="1888" HPOS="1178"/>
							<String ID="string_338" HPOS="1198" VPOS="1890" WIDTH="220" HEIGHT="36" WC="0.95" CONTENT="beskattning"/><SP WIDTH="24" VPOS="1890" HPOS="1418"/>
							<String ID="string_339" HPOS="1442" VPOS="1891" WIDTH="45" HEIGHT="30" WC="0.96" CONTENT="än"/><SP WIDTH="22" VPOS="1891" HPOS="1487"/>
							<String ID="string_340" HPOS="1509" VPOS="1892" WIDTH="119" HEIGHT="30" WC="0.96" CONTENT="andra."/><SP WIDTH="27" VPOS="1892" HPOS="1628"/>
							<String ID="string_341" HPOS="1655" VPOS="1893" WIDTH="145" HEIGHT="30" WC="0.96" CONTENT="Särskilt"/>
						</TextLine>
						<TextLine ID="line_35" HPOS="293" VPOS="1936" WIDTH="1504" HEIGHT="38">
							<String ID="string_342" HPOS="293" VPOS="1936" WIDTH="110" HEIGHT="31" WC="0.95" CONTENT="måste"/><SP WIDTH="27" VPOS="1936" HPOS="403"/>
							<String ID="string_343" HPOS="430" VPOS="1937" WIDTH="148" HEIGHT="37" WC="0.95" CONTENT="befaras,"/><SP WIDTH="33" VPOS="1937" HPOS="578"/>
							<String ID="string_344" HPOS="611" VPOS="1941" WIDTH="49" HEIGHT="26" WC="0.96" CONTENT="att"/><SP WIDTH="29" VPOS="1941" HPOS="660"/>
							<String ID="string_345" HPOS="689" VPOS="1937" WIDTH="38" HEIGHT="30" WC="0.96" CONTENT="så"/><SP WIDTH="29" VPOS="1937" HPOS="727"/>
							<String ID="string_346" HPOS="756" VPOS="1938" WIDTH="96" HEIGHT="30" WC="0.96" CONTENT="bleve"/><SP WIDTH="30" VPOS="1938" HPOS="852"/>
							<String ID="string_347" HPOS="882" VPOS="1938" WIDTH="96" HEIGHT="30" WC="0.96" CONTENT="fallet"/><SP WIDTH="28" VPOS="1938" HPOS="978"/>
							<String ID="string_348" HPOS="1006" VPOS="1938" WIDTH="56" HEIGHT="31" WC="0.96" CONTENT="för"/><SP WIDTH="31" VPOS="1938" HPOS="1062"/>
							<String ID="string_349" HPOS="1093" VPOS="1940" WIDTH="42" HEIGHT="31" WC="0.96" CONTENT="de"/><SP WIDTH="30" VPOS="1940" HPOS="1135"/>
							<String ID="string_350" HPOS="1165" VPOS="1940" WIDTH="136" HEIGHT="30" WC="0.96" CONTENT="mindre"/><SP WIDTH="27" VPOS="1940" HPOS="1301"/>
							<String ID="string_351" HPOS="1328" VPOS="1941" WIDTH="66" HEIGHT="29" WC="0.96" CONTENT="och"/><SP WIDTH="29" VPOS="1941" HPOS="1394"/>
							<String ID="string_352" HPOS="1423" VPOS="1942" WIDTH="207" HEIGHT="31" WC="0.93" CONTENT="medelstora"/><SP WIDTH="28" VPOS="1942" HPOS="1630"/>
							<String ID="string_353" HPOS="1658" VPOS="1944" WIDTH="139" HEIGHT="29" WC="0.91" CONTENT="rörelse-"/>
						</TextLine>
						<TextLine ID="line_36" HPOS="293" VPOS="1987" WIDTH="159" HEIGHT="31">
							<String ID="string_354" HPOS="293" VPOS="1987" WIDTH="159" HEIGHT="31" WC="0.91" CONTENT="idkarna."/>
						</TextLine>
					</TextBlock>
					<TextBlock ID="block_6" HPOS="293" VPOS="2038" WIDTH="1507" HEIGHT="338">
						<TextLine ID="line_37" HPOS="339" VPOS="2038" WIDTH="1460" HEIGHT="42">
							<String ID="string_355" HPOS="339" VPOS="2038" WIDTH="165" HEIGHT="36" WC="0.96" CONTENT="Slutligen"/><SP WIDTH="22" VPOS="2038" HPOS="504"/>
							<String ID="string_356" HPOS="526" VPOS="2048" WIDTH="80" HEIGHT="20" WC="0.96" CONTENT="vore"/><SP WIDTH="23" VPOS="2048" HPOS="606"/>
							<String ID="string_357" HPOS="629" VPOS="2039" WIDTH="186" HEIGHT="36" WC="0.96" CONTENT="angeläget,"/><SP WIDTH="24" VPOS="2039" HPOS="815"/>
							<String ID="string_358" HPOS="839" VPOS="2041" WIDTH="48" HEIGHT="27" WC="0.96" CONTENT="att"/><SP WIDTH="22" VPOS="2041" HPOS="887"/>
							<String ID="string_359" HPOS="909" VPOS="2038" WIDTH="194" HEIGHT="32" WC="0.93" CONTENT="rederierna"/><SP WIDTH="22" VPOS="2038" HPOS="1103"/>
							<String ID="string_360" HPOS="1125" VPOS="2039" WIDTH="182" HEIGHT="37" WC="0.92" CONTENT="medgåves"/><SP WIDTH="21" VPOS="2039" HPOS="1307"/>
							<String ID="string_361" HPOS="1328" VPOS="2041" WIDTH="68" HEIGHT="30" WC="0.96" CONTENT="rätt"/><SP WIDTH="24" VPOS="2041" HPOS="1396"/>
							<String ID="string_362" HPOS="1420" VPOS="2046" WIDTH="49" HEIGHT="27" WC="0.96" CONTENT="att"/><SP WIDTH="22" VPOS="2046" HPOS="1469"/>
							<String ID="string_363" HPOS="1491" VPOS="2043" WIDTH="125" HEIGHT="35" WC="0.96" CONTENT="begära"/><SP WIDTH="26" VPOS="2043" HPOS="1616"/>
							<String ID="string_364" HPOS="1642" VPOS="2044" WIDTH="157" HEIGHT="36" WC="0.95" CONTENT="uppskov"/>
						</TextLine>
						<TextLine ID="line_38" HPOS="294" VPOS="2088" WIDTH="1503" HEIGHT="40">
							<String ID="string_365" HPOS="294" VPOS="2089" WIDTH="79" HEIGHT="29" WC="0.90" CONTENT="med"/><SP WIDTH="26" VPOS="2089" HPOS="373"/>
							<String ID="string_366" HPOS="399" VPOS="2088" WIDTH="306" HEIGHT="36" WC="0.90" CONTENT="slutavräkningen"/><SP WIDTH="25" VPOS="2088" HPOS="705"/>
							<String ID="string_367" HPOS="730" VPOS="2088" WIDTH="109" HEIGHT="30" WC="0.96" CONTENT="under"/><SP WIDTH="24" VPOS="2088" HPOS="839"/>
							<String ID="string_368" HPOS="863" VPOS="2099" WIDTH="42" HEIGHT="20" WC="0.96" CONTENT="en"/><SP WIDTH="26" VPOS="2099" HPOS="905"/>
							<String ID="string_369" HPOS="931" VPOS="2089" WIDTH="49" HEIGHT="32" WC="0.96" CONTENT="tid"/><SP WIDTH="24" VPOS="2089" HPOS="980"/>
							<String ID="string_370" HPOS="1004" VPOS="2099" WIDTH="41" HEIGHT="20" WC="0.96" CONTENT="av"/><SP WIDTH="24" VPOS="2099" HPOS="1045"/>
							<String ID="string_371" HPOS="1069" VPOS="2090" WIDTH="196" HEIGHT="36" WC="0.95" CONTENT="ytterligare"/><SP WIDTH="22" VPOS="2090" HPOS="1265"/>
							<String ID="string_372" HPOS="1287" VPOS="2094" WIDTH="49" HEIGHT="27" WC="0.96" CONTENT="tre"/><SP WIDTH="26" VPOS="2094" HPOS="1336"/>
							<String ID="string_373" HPOS="1362" VPOS="2090" WIDTH="48" HEIGHT="38" WC="0.96" CONTENT="år,"/><SP WIDTH="27" VPOS="2090" HPOS="1410"/>
							<String ID="string_374" HPOS="1437" VPOS="2093" WIDTH="124" HEIGHT="30" WC="0.96" CONTENT="räknat"/><SP WIDTH="22" VPOS="2093" HPOS="1561"/>
							<String ID="string_375" HPOS="1583" VPOS="2093" WIDTH="81" HEIGHT="31" WC="0.96" CONTENT="från"/><SP WIDTH="26" VPOS="2093" HPOS="1664"/>
							<String ID="string_376" HPOS="1690" VPOS="2095" WIDTH="65" HEIGHT="30" WC="0.96" CONTENT="den"/><SP WIDTH="28" VPOS="2095" HPOS="1755"/>
							<String ID="string_377" HPOS="1783" VPOS="2096" WIDTH="14" HEIGHT="28" WC="0.96" CONTENT="1"/>
						</TextLine>
						<TextLine ID="line_39" HPOS="294" VPOS="2139" WIDTH="1504" HEIGHT="41">
							<String ID="string_378" HPOS="294" VPOS="2139" WIDTH="88" HEIGHT="35" WC="0.96" CONTENT="april"/><SP WIDTH="28" VPOS="2139" HPOS="382"/>
							<String ID="string_379" HPOS="410" VPOS="2139" WIDTH="83" HEIGHT="29" WC="0.96" CONTENT="1947"/><SP WIDTH="30" VPOS="2139" HPOS="493"/>
							<String ID="string_380" HPOS="523" VPOS="2143" WIDTH="88" HEIGHT="26" WC="0.96" CONTENT="samt"/><SP WIDTH="28" VPOS="2143" HPOS="611"/>
							<String ID="string_381" HPOS="639" VPOS="2143" WIDTH="50" HEIGHT="27" WC="0.96" CONTENT="att"/><SP WIDTH="28" VPOS="2143" HPOS="689"/>
							<String ID="string_382" HPOS="717" VPOS="2139" WIDTH="151" HEIGHT="29" WC="0.93" CONTENT="centrala"/><SP WIDTH="29" VPOS="2139" HPOS="868"/>
							<String ID="string_383" HPOS="897" VPOS="2139" WIDTH="604" HEIGHT="36" WC="0.91" CONTENT="krigskonjunkturskattenämnden"/><SP WIDTH="26" VPOS="2139" HPOS="1501"/>
							<String ID="string_384" HPOS="1527" VPOS="2144" WIDTH="271" HEIGHT="36" WC="0.91" CONTENT="bemyndigades"/>
						</TextLine>
						<TextLine ID="line_40" HPOS="293" VPOS="2188" WIDTH="1504" HEIGHT="38">
							<String ID="string_385" HPOS="293" VPOS="2189" WIDTH="128" HEIGHT="36" WC="0.96" CONTENT="bevilja"/><SP WIDTH="22" VPOS="2189" HPOS="421"/>
							<String ID="string_386" HPOS="443" VPOS="2188" WIDTH="123" HEIGHT="31" WC="0.96" CONTENT="sådant"/><SP WIDTH="21" VPOS="2188" HPOS="566"/>
							<String ID="string_387" HPOS="587" VPOS="2190" WIDTH="168" HEIGHT="35" WC="0.93" CONTENT="uppskov."/><SP WIDTH="25" VPOS="2190" HPOS="755"/>
							<String ID="string_388" HPOS="780" VPOS="2189" WIDTH="187" HEIGHT="30" WC="0.91" CONTENT="Sannolika"/><SP WIDTH="24" VPOS="2189" HPOS="967"/>
							<String ID="string_389" HPOS="991" VPOS="2190" WIDTH="73" HEIGHT="29" WC="0.96" CONTENT="skäl"/><SP WIDTH="24" VPOS="2190" HPOS="1064"/>
							<String ID="string_390" HPOS="1088" VPOS="2190" WIDTH="114" HEIGHT="30" WC="0.96" CONTENT="talade"/><SP WIDTH="22" VPOS="2190" HPOS="1202"/>
							<String ID="string_391" HPOS="1224" VPOS="2189" WIDTH="63" HEIGHT="37" WC="0.96" CONTENT="för,"/><SP WIDTH="25" VPOS="2189" HPOS="1287"/>
							<String ID="string_392" HPOS="1312" VPOS="2195" WIDTH="49" HEIGHT="26" WC="0.96" CONTENT="att"/><SP WIDTH="20" VPOS="2195" HPOS="1361"/>
							<String ID="string_393" HPOS="1381" VPOS="2192" WIDTH="58" HEIGHT="31" WC="0.96" CONTENT="det"/><SP WIDTH="24" VPOS="2192" HPOS="1439"/>
							<String ID="string_394" HPOS="1463" VPOS="2197" WIDTH="92" HEIGHT="26" WC="0.96" CONTENT="stora"/><SP WIDTH="23" VPOS="2197" HPOS="1555"/>
							<String ID="string_395" HPOS="1578" VPOS="2194" WIDTH="149" HEIGHT="30" WC="0.92" CONTENT="flertalet"/><SP WIDTH="21" VPOS="2194" HPOS="1727"/>
							<String ID="string_396" HPOS="1748" VPOS="2205" WIDTH="49" HEIGHT="20" WC="0.91" CONTENT="re-"/>
						</TextLine>
						<TextLine ID="line_41" HPOS="294" VPOS="2239" WIDTH="1506" HEIGHT="41">
							<String ID="string_397" HPOS="294" VPOS="2240" WIDTH="111" HEIGHT="30" WC="0.91" CONTENT="derier"/><SP WIDTH="20" VPOS="2240" HPOS="405"/>
							<String ID="string_398" HPOS="425" VPOS="2240" WIDTH="31" HEIGHT="36" WC="0.96" CONTENT="ej"/><SP WIDTH="23" VPOS="2240" HPOS="456"/>
							<String ID="string_399" HPOS="479" VPOS="2240" WIDTH="116" HEIGHT="30" WC="0.96" CONTENT="kunde"/><SP WIDTH="23" VPOS="2240" HPOS="595"/>
							<String ID="string_400" HPOS="618" VPOS="2239" WIDTH="165" HEIGHT="30" WC="0.93" CONTENT="anskaffa"/><SP WIDTH="20" VPOS="2239" HPOS="783"/>
							<String ID="string_401" HPOS="803" VPOS="2239" WIDTH="119" HEIGHT="36" WC="0.90" CONTENT="rödigt"/><SP WIDTH="22" VPOS="2239" HPOS="922"/>
							<String ID="string_402" HPOS="944" VPOS="2239" WIDTH="355" HEIGHT="37" WC="0.91" CONTENT="ersättningstonnage"/><SP WIDTH="23" VPOS="2239" HPOS="1299"/>
							<String ID="string_403" HPOS="1322" VPOS="2241" WIDTH="75" HEIGHT="31" WC="0.96" CONTENT="före"/><SP WIDTH="21" VPOS="2241" HPOS="1397"/>
							<String ID="string_404" HPOS="1418" VPOS="2244" WIDTH="65" HEIGHT="29" WC="0.96" CONTENT="den"/><SP WIDTH="24" VPOS="2244" HPOS="1483"/>
							<String ID="string_405" HPOS="1507" VPOS="2243" WIDTH="11" HEIGHT="29" WC="0.96" CONTENT="i"/><SP WIDTH="21" VPOS="2243" HPOS="1518"/>
							<String ID="string_406" HPOS="1539" VPOS="2245" WIDTH="261" HEIGHT="35" WC="0.96" CONTENT="propositionen"/>
						</TextLine>
						<TextLine ID="line_42" HPOS="294" VPOS="2288" WIDTH="1504" HEIGHT="44">
							<String ID="string_407" HPOS="294" VPOS="2290" WIDTH="197" HEIGHT="36" WC="0.93" CONTENT="föreslagna"/><SP WIDTH="18" VPOS="2290" HPOS="491"/>
							<String ID="string_408" HPOS="509" VPOS="2289" WIDTH="199" HEIGHT="31" WC="0.90" CONTENT="tidsfristen."/><SP WIDTH="22" VPOS="2289" HPOS="708"/>
							<String ID="string_409" HPOS="730" VPOS="2288" WIDTH="143" HEIGHT="31" WC="0.96" CONTENT="Särskilt"/><SP WIDTH="17" VPOS="2288" HPOS="873"/>
							<String ID="string_410" HPOS="890" VPOS="2289" WIDTH="41" HEIGHT="29" WC="0.96" CONTENT="de"/><SP WIDTH="17" VPOS="2289" HPOS="931"/>
							<String ID="string_411" HPOS="948" VPOS="2289" WIDTH="135" HEIGHT="30" WC="0.92" CONTENT="mindre"/><SP WIDTH="17" VPOS="2289" HPOS="1083"/>
							<String ID="string_412" HPOS="1100" VPOS="2290" WIDTH="313" HEIGHT="35" WC="0.90" CONTENT="tramprederierna"/><SP WIDTH="19" VPOS="2290" HPOS="1413"/>
							<String ID="string_413" HPOS="1432" VPOS="2303" WIDTH="80" HEIGHT="20" WC="0.96" CONTENT="vore"/><SP WIDTH="16" VPOS="2303" HPOS="1512"/>
							<String ID="string_414" HPOS="1528" VPOS="2294" WIDTH="12" HEIGHT="29" WC="0.96" CONTENT="i"/><SP WIDTH="18" VPOS="2294" HPOS="1540"/>
							<String ID="string_415" HPOS="1558" VPOS="2295" WIDTH="112" HEIGHT="29" WC="0.96" CONTENT="behov"/><SP WIDTH="19" VPOS="2295" HPOS="1670"/>
							<String ID="string_416" HPOS="1689" VPOS="2305" WIDTH="43" HEIGHT="20" WC="0.93" CONTENT="av"/><SP WIDTH="16" VPOS="2305" HPOS="1732"/>
							<String ID="string_417" HPOS="1748" VPOS="2300" WIDTH="50" HEIGHT="32" WC="0.55" CONTENT="yt-"/>
						</TextLine>
						<TextLine ID="line_43" HPOS="295" VPOS="2339" WIDTH="776" HEIGHT="37">
							<String ID="string_418" HPOS="295" VPOS="2340" WIDTH="157" HEIGHT="36" WC="0.92" CONTENT="terligare"/><SP WIDTH="23" VPOS="2340" HPOS="452"/>
							<String ID="string_419" HPOS="475" VPOS="2341" WIDTH="158" HEIGHT="35" WC="0.96" CONTENT="uppskov"/><SP WIDTH="23" VPOS="2341" HPOS="633"/>
							<String ID="string_420" HPOS="656" VPOS="2341" WIDTH="80" HEIGHT="30" WC="0.93" CONTENT="med"/><SP WIDTH="22" VPOS="2341" HPOS="736"/>
							<String ID="string_421" HPOS="758" VPOS="2339" WIDTH="313" HEIGHT="36" WC="0.91" CONTENT="slutavräkningen."/>
						</TextLine>
					</TextBlock>
				</ComposedBlock>
			</PrintSpace>
		</Page>
	</Layout>
</alto>
