1884 2810
460 173 394 38 Bevillningsutskottets
874 173 218 32 betänkande
1111 183 42 20 nr
1181 174 50 30 37.

234 259 141 37 (Kungl.
396 259 120 37 Maj:ts
537 259 158 36 förslag.)

99 327 65 30 här
180 336 90 21 ovan
291 336 106 26 avses,
416 326 80 31 från
516 326 239 37 fördelningen
773 335 62 21 un-

99 378 167 36 dantagas
323 377 55 30 det
415 377 136 36 belopp,
591 377 141 30 varmed
769 376 66 30 den

100 428 152 37 verkliga
272 428 194 30 kostnaden
489 427 54 31 för
567 427 11 30 i
600 428 153 29 nämnda
777 436 58 21 an-

99 477 266 37 visningspunkt
393 479 151 35 angivna
571 477 180 37 ti'"lgångar
778 477 57 30 vid

99 527 327 37 beskattningsårets
443 528 127 37 utgång
588 530 153 34 översteg
754 527 81 30 bok-

99 579 102 37 förda
215 578 120 32 värdet
349 588 42 21 av
408 587 136 22 samma
557 578 190 38 tillgångar.
761 579 75 30 Vad

99 638 74 21 som
190 628 89 31 efter
294 629 114 31 denna
423 629 196 38 fördelning
635 630 140 36 belöper
791 628 45 37 på

98 680 94 30 tiden
223 679 75 31 före
324 679 176 31 årsskiftet
529 680 98 35 skall,
655 680 88 30 efter
771 679 64 31 till-

99 730 75 36 lägg
204 739 42 21 av
273 730 124 37 belopp
427 740 75 21 som
529 730 103 37 enligt
660 731 68 30 vad
754 739 81 28 nyss

100 782 89 34 sagts
229 781 88 30 skall
356 781 217 36 undantagas
601 780 80 31 från
710 780 124 31 fördel-

98 831 136 36 ningen,
258 840 99 22 anses
377 832 121 35 utgöra
521 831 245 37 skaltskyldigs
785 831 49 30 in-

99 881 114 31 komst
236 882 111 29 under
369 882 65 29 den
456 882 54 30 del
531 891 42 21 av
594 881 40 31 år
656 883 83 30 1945
761 891 74 21 som

98 930 290 38 räkenskapsåret
413 931 175 32 omfattar.

1571 167 39 31 79

1043 258 207 36 (Utskottets
1273 257 156 37 förslag.)

872 325 115 30 naden
1022 325 58 30 vid
1117 324 328 36 beskattningsårets
1482 323 127 37 utgång

872 375 192 37 respektive
1082 375 58 30 vid
1159 375 216 36 taxeringens
1395 375 213 33 avslutande,

872 427 153 35 översteg
1048 425 285 37 lagerökningens
1358 425 103 30 värde
1485 425 125 30 räknat

871 476 10 30 i
902 476 233 36 förkrigspris.
1158 476 126 31 Vidare
1303 476 97 35 skall,
1422 477 11 30 i
1452 475 62 30 fall
1535 484 74 22 som

872 527 10 30 i
901 527 112 36 punkt
1032 527 19 29 4
1071 526 28 40 e)
1125 527 65 30 här
1207 536 90 21 ovan
1317 536 107 26 avses,
1443 525 79 31 från
1541 526 68 30 för-

872 577 183 36 delningen
1072 577 217 36 undantagas
1309 577 56 32 det
1379 577 137 36 belopp,
1534 586 75 21 var-

872 628 79 30 med
979 628 193 30 kosinaden
1200 627 57 31 för
1280 628 158 30 material
1465 627 65 30 och
1557 636 52 20 ar-

874 678 181 38 betslöner,
1082 688 76 20 som
1187 676 155 38 nedlagts
1370 677 21 31 å
1419 677 190 37 tillgångar,

872 737 76 21 som
966 728 225 38 omförmälas
1210 729 11 29 i
1230 728 153 30 nämnda
1395 728 213 36 anvisnings-

872 779 121 36 punkt,
1030 778 57 31 vid
1120 778 328 37 beskattningsårets
1483 778 127 37 utgång

873 830 154 36 översteg
1055 829 57 32 det
1142 829 105 31 värde
1273 838 42 21 av
1346 828 264 38 ifrågavarande

873 880 191 38 tillgångar,
1086 889 75 21 som
1181 880 152 31 erhållits
1354 880 115 30 därest
1490 879 42 30 de
1553 879 57 31 vid

873 930 286 38 rästföregående
1194 929 291 39 bokslutstillfälle
1516 932 11 29 i
1558 930 53 29 rä-

871 981 245 37 kenskaperna
1157 980 201 38 tillämpade
1397 981 212 36 värderings-

871 1032 221 37 principerna
1120 1031 149 31 kommit
1297 1031 51 30 till
1376 1030 232 36 användning.

872 1082 166 37 Slutligen
1057 1082 90 31 skall
1164 1082 132 38 jämväl
1316 1081 79 38 från
1413 1080 197 39 fördelning

873 1132 215 37 undantagas
1112 1132 67 30 den
1199 1132 56 30 del
1275 1142 41 20 av
1340 1132 269 31 merinkomsten

871 1182 57 37 för
960 1182 320 37 beskattningsåret,
1310 1191 75 22 som
1419 1182 190 37 framkom-

872 1235 63 29 mit
952 1233 46 37 på
1016 1233 66 30 den
1102 1233 113 37 grund
1232 1236 51 29 att
1301 1232 67 31 den
1387 1232 222 37 skattskyldi-

870 1293 40 27 ge
934 1284 106 36 enligt
1060 1283 115 31 denna
1199 1283 203 38 förordning
1428 1283 76 30 icke
1516 1282 93 31 med-

871 1335 101 35 givits
994 1334 129 37 avdrag
1142 1333 56 38 för
1215 1333 249 38 nedskrivning
1484 1333 21 31 å
1524 1333 85 30 kon-

872 1384 182 30 traherade
1089 1394 80 20 men
1203 1384 75 30 icke
1316 1384 196 30 levererade
1545 1383 64 31 till-

871 1434 129 37 gångar
1027 1435 55 36 för
1109 1434 211 37 omsättning
1344 1435 82 29 eller
1448 1434 161 37 förbruk-

871 1485 83 36 ning
979 1485 12 30 i
1014 1485 135 30 rörelse.
1176 1485 76 30 Vad
1276 1494 75 21 som
1372 1485 89 30 efter
1483 1484 126 38 fördel-

870 1535 128 36 ningen
1022 1535 140 36 belöper
1183 1535 46 36 på
1253 1536 93 29 tiden
1368 1535 76 31 före
1466 1535 142 31 årsskif-

870 1588 47 28 tet
941 1585 99 36 skall,
1064 1585 87 31 efter
1175 1586 117 36 tillägg
1316 1595 42 21 av
1384 1587 125 36 belopp
1534 1596 75 21 som

870 1636 104 36 enligt
990 1636 68 30 vad
1074 1645 81 27 nyss
1174 1640 90 33 sagts
1284 1636 87 31 skall
1391 1638 216 35 undantagas

871 1685 80 31 från
971 1686 250 37 fördelningen,
1242 1696 99 22 anses
1361 1689 123 35 utgöra
1504 1688 104 30 skatt-

871 1737 152 36 skyldigs
1044 1737 153 31 inkomst
1216 1738 112 30 under
1348 1738 66 30 den
1434 1739 54 29 del
1509 1748 42 21 av
1570 1737 40 31 år

873 1788 83 29 1945
980 1797 75 21 som
1076 1787 289 37 räkenskapsåret
1388 1788 174 31 omfattar.

146 1839 74 29 Den
241 1838 10 30 i
272 1837 207 37 föregående
499 1838 118 36 stycke
638 1838 233 30 omförmälda
894 1837 241 37 fördelningen
1156 1848 42 21 av
1219 1839 154 30 inkomst
1394 1838 45 37 på
1459 1839 51 31 tid
1531 1839 76 31 före

101 1890 65 29 och
189 1889 88 31 efter
296 1887 176 32 årsskiftet
494 1886 143 32 1945/46
658 1888 88 31 skall
766 1888 11 29 i
798 1889 91 36 regel
909 1889 61 30 ske
991 1888 11 29 i
1022 1887 220 32 förhållande
1261 1889 52 30 till
1334 1889 272 36 omsättningens

101 1939 128 30 storlek
259 1939 111 30 under
400 1940 42 29 de
473 1937 91 32 båda
594 1937 265 37 ifrågavarande
891 1938 282 36 tidsperioderna.
1208 1939 141 30 Samma
1378 1939 227 36 fördelnings-

102 1990 120 35 grund,
252 1999 75 20 som
353 1989 176 30 användes
555 1988 58 31 vid
637 1988 196 37 fördelning
859 1998 42 20 av
927 1988 198 30 inkomsten
1150 1989 110 30 under
1283 1988 322 37 beskattningsåret,

101 2039 88 31 skall
210 2040 173 35 tillämpas
402 2039 58 31 vid
480 2039 196 37 fördelning
693 2048 43 21 av
756 2039 56 31 det
830 2039 134 36 belopp,
985 2040 141 30 varmed
1150 2039 81 30 dold
1250 2038 265 37 förkrigsreserv
1537 2039 70 30 kan

101 2090 90 31 hava
213 2090 154 30 minskat
386 2090 110 30 under
518 2099 134 21 samma
673 2088 48 33 År.

146 2141 73 29 Har
243 2140 230 37 skattskyldig
498 2140 178 30 verkställt
702 2138 110 32 sådan
837 2138 293 38 vinstberäkning,
1156 2149 75 21 som
1259 2139 223 31 omförmäles
1508 2140 10 30 i
1546 2141 13 28 1
1588 2140 18 36 8

103 2189 82 30 sista
206 2189 132 36 stycket
359 2188 248 37 förordningen
629 2189 65 29 den
718 2189 38 29 14
779 2189 180 29 december
981 2189 82 29 1945
1089 2188 53 39 (nr
1162 2188 74 40 777)
1262 2189 78 30 med
1360 2190 171 31 särskilda
1551 2190 56 30 be-

102 2240 216 30 stämmelser
346 2239 177 36 angående
554 2239 214 36 inventering
795 2249 43 20 av
868 2240 182 35 varulager
1078 2239 10 29 i
1116 2240 172 29 samband
1315 2240 80 30 med
1426 2239 179 36 krigskon-

101 2289 429 36 junkturbeskattningens
559 2289 210 35 avveckling,
800 2289 87 30 skall
919 2289 66 30 den
1013 2287 45 37 på
1087 2288 93 30 tiden
1209 2289 74 30 före
1311 2288 177 31 årsskiftet
1515 2290 90 29 belö-

102 2340 113 35 pande
238 2338 196 31 inkomsten
455 2339 78 30 icke
554 2338 171 31 beräknas
749 2337 44 37 på
814 2339 171 36 grundval
1008 2348 43 20 av
1074 2338 272 37 omsättningens
1373 2338 128 31 storlek
1523 2343 83 26 utan

102 2390 79 30 med
202 2388 260 37 utgångspunkt
485 2388 80 31 från
588 2388 238 37 nyssnämnda
848 2387 293 37 vinstberäkning.
