1844 2778
241 190 18 28 4
670 189 286 30 Statsutskottets
980 188 177 30 utlåtande
1178 197 43 20 nr
1242 188 52 28 89.

243 269 99 31 lande
369 269 363 39 bidragskungörelse,
759 269 63 28 har
850 267 54 30 för
932 267 235 30 innevarande
1195 266 168 39 budgetår
1391 265 187 29 beräknats
1609 264 39 29 72
1663 264 63 29 000

243 323 138 28 kronor.
400 322 79 29 Med
497 322 135 39 hänsyn
650 322 54 29 till
722 323 50 28 att
790 321 150 30 Skärsbo
958 321 168 29 barnhem
1144 320 43 29 fr.
1206 329 30 20 o.
1255 329 44 19 m.
1318 319 66 29 den
1406 319 13 28 1
1441 318 66 39 juli
1527 316 83 31 1954
1628 317 98 29 torde

242 376 140 29 komma
411 377 51 27 att
490 376 179 37 övertagas
698 384 42 20 av
768 374 188 38 Göteborgs
986 373 75 30 stad
1090 372 147 30 föreslås
1266 373 94 28 detta
1388 371 124 39 belopp
1541 370 54 30 för
1625 371 101 29 nästa

243 428 166 39 budgetår
439 428 198 39 uppräknat
667 428 79 29 med
778 427 114 29 16000
922 427 130 29 kronor
1080 426 51 29 till
1162 425 117 30 886000
1308 425 142 29 kronor.
1480 424 164 38 Anslaget
1674 421 52 31 till

241 481 119 39 bidrag
386 481 52 30 till
466 481 130 29 driften
622 490 43 20 av
691 480 167 30 anstalter
885 480 55 29 för
968 479 250 39 psykopatiska
1245 478 63 30 och
1336 479 147 28 nervösa
1510 477 86 29 barn
1624 485 102 21 anses

243 534 146 30 sålunda
418 534 56 30 för
502 535 98 29 nästa
629 533 170 40 budgetår
828 534 83 28 böra
941 532 167 40 uppföras
1137 532 79 29 med
1246 531 61 30 263
1323 531 62 30 200
1416 531 82 29 eller
1527 531 10 28 i
1566 531 83 28 runt
1677 529 48 30 tal

242 587 61 30 263
318 587 61 30 000
405 587 142 30 kronor.

287 694 184 30 Utskottet.
498 694 101 29 Trots
626 695 51 28 att
704 693 120 30 delade
850 692 183 39 meningar
1059 692 74 29 icke
1161 691 101 30 råder
1289 701 57 20 om
1374 690 282 31 önskvärdheten
1684 698 42 21 av

241 756 43 20 en
312 746 303 34 riksomfattande,
647 746 153 39 enhetlig
830 746 237 39 organisation
1099 745 54 30 för
1184 744 95 40 tidig,
1311 743 311 31 differentierande
1653 743 73 30 dia-

241 800 136 39 gnostik
395 800 66 29 och
476 800 210 39 bedömning
702 809 42 20 av
759 800 41 29 de
816 799 245 39 behandlings-
1077 799 64 29 och
1156 798 254 33 vårdmetoder,
1429 806 75 21 som
1519 797 62 29 bör
1598 796 127 30 anlitas

241 853 54 30 för
320 854 49 28 att
393 853 124 39 hjälpa
541 853 40 29 de
605 853 164 39 psykiskt
795 852 222 40 särpräglade
1043 852 64 30 och
1132 852 147 29 nervösa
1304 851 133 29 barnen
1464 850 51 30 till
1541 851 101 32 rätta,
1669 849 57 29 be-

240 906 115 29 finner
386 906 62 39 sig,
481 906 114 30 såsom
626 906 150 29 svenska
805 905 387 39 landstingsförbundet
1222 904 205 33 framhållit,
1459 904 67 29 den
1555 902 170 40 psykiska

239 959 232 30 hälsovården
495 968 41 21 av
557 959 88 29 barn
667 959 66 29 och
755 959 154 38 ungdom
934 959 94 29 ännu
1035 952 22 50 i
1086 958 59 30 sitt
1169 957 111 30 första
1304 956 338 40 utbyggnadsskede.
1666 956 59 29 Ut-

241 1012 127 30 skottet
395 1012 118 30 finner
538 1013 11 28 i
574 1012 111 30 likhet
712 1012 78 29 med
816 1011 386 40 departementschefen
1230 1011 75 29 skäl
1332 1010 71 30 tala
1431 1010 55 29 för
1513 1011 50 28 att
1589 1009 136 29 huvud-

240 1065 255 39 mannaskapet
520 1065 53 30 för
597 1065 132 30 vården
755 1074 42 21 av
821 1065 163 40 psykiskt
1010 1064 222 39 särpräglade
1258 1064 64 29 och
1348 1064 147 29 nervösa
1520 1063 88 29 barn
1635 1061 89 30 skall

239 1118 175 30 anförtros
437 1118 176 39 landsting
634 1119 66 29 och
722 1118 125 34 städer,
870 1127 76 21 som
968 1118 75 29 icke
1064 1117 153 39 deltager
1237 1117 12 29 i
1270 1117 187 38 landsting,
1479 1116 120 30 varvid
1622 1117 103 28 stats-

239 1171 119 39 bidrag
374 1172 64 29 bör
455 1172 83 39 utgå
553 1172 78 29 med
649 1172 159 40 lämpligt
825 1171 155 39 avvägda
997 1171 133 40 belopp.
1148 1171 79 29 Med
1245 1170 137 39 hänsyn
1400 1170 53 29 till
1471 1169 57 30 det
1544 1168 180 31 bristande

239 1224 202 40 underlaget
470 1225 55 30 för
552 1234 42 20 en
621 1225 256 39 uppskattning
906 1234 42 20 av
976 1224 144 30 behovet
1148 1225 84 28 utav
1258 1221 466 40 behandlingshemsplatser

239 1278 11 29 i
274 1278 203 39 anslutning
501 1278 51 30 till
577 1278 67 30 den
668 1278 168 40 psykiska
860 1278 231 30 hälsovården
1115 1277 107 30 bland
1246 1278 87 29 barn
1357 1277 67 29 och
1449 1275 154 40 ungdom
1628 1275 96 30 delar

238 1332 169 29 utskottet
430 1331 404 40 departementschefens
858 1331 236 40 uppfattning,
1119 1332 50 29 att
1193 1330 274 31 statsmakterna
1491 1330 93 29 ännu
1609 1328 114 39 någon

238 1385 50 29 tid
310 1385 61 29 bör
394 1384 152 30 förhålla
570 1385 49 39 sig
643 1385 228 33 avvaktande,
895 1384 111 30 innan
1028 1384 161 30 definitiv
1212 1383 166 39 ställning
1400 1385 98 37 tages
1522 1383 52 29 till
1599 1382 124 39 frågan

238 1447 56 20 om
318 1438 378 39 huvudmannaskapet
722 1438 54 30 för
802 1438 216 29 anstalterna
1041 1437 54 30 för
1119 1436 164 40 psykiskt
1308 1436 223 40 särpräglade
1557 1436 64 30 och
1648 1444 76 20 ner-

238 1491 81 29 vösa
348 1491 99 29 barn.
480 1491 175 30 Utskottet
686 1491 206 30 förutsätter
923 1490 133 35 härvid,
1088 1492 50 28 att
1170 1490 94 30 såväl
1295 1488 428 31 barnavårdskommittén

239 1553 73 21 som
332 1544 359 40 medicinalstyrelsen
710 1545 185 38 överväger
914 1544 133 39 frågan,
1067 1544 67 29 hur
1153 1544 115 29 denna
1287 1543 235 30 anstaltsvård
1541 1542 56 30 för
1617 1542 107 29 fram-

238 1597 94 30 tiden
349 1597 62 30 bör
430 1598 229 38 organiseras.
680 1598 79 29 Icke
778 1597 108 30 heller
904 1597 67 30 vad
990 1596 384 40 departementschefen
1394 1596 180 38 föreslagit
1594 1595 10 29 i
1624 1594 100 39 fråga

234 1659 57 20 om
313 1650 40 30 de
376 1650 161 30 enskilda
558 1650 417 40 behandlingshemmens
998 1651 163 30 fortsatta
1184 1649 85 31 drift
1292 1650 64 30 och
1379 1649 145 30 därmed
1548 1656 176 22 samman-

237 1703 182 40 hängande
444 1704 170 39 spörsmål
637 1704 65 29 har
725 1704 83 39 givit
830 1704 172 30 utskottet
1024 1703 188 39 anledning
1235 1703 52 29 till
1310 1702 152 30 erinran.

279 1757 114 30 Under
416 1757 218 40 åberopande
658 1767 43 21 av
722 1758 57 29 det
800 1757 150 30 anförda
971 1757 201 30 hemställer
1195 1756 180 34 utskottet,

590 1812 50 28 att
663 1810 188 40 riksdagen
874 1810 58 30 må

590 1863 35 35 a)
657 1864 54 29 till
737 1864 127 39 Bidrag
891 1864 53 29 till
969 1864 129 39 driften
1125 1873 42 21 av
1193 1863 169 30 anstalter
1387 1862 58 40 för
1470 1861 252 41 psykopatiska

546 1917 62 29 och
627 1918 148 29 nervösa
794 1917 85 30 barn
898 1917 56 30 för
972 1917 204 39 budgetåret
1196 1915 139 38 1954/55
1355 1916 113 29 under
1486 1915 82 30 elfte
1587 1914 136 30 huvud-

545 1970 99 30 titeln
670 1970 121 30 anvisa
815 1972 48 28 ett
888 1970 273 39 förslagsanslag
1187 1979 42 21 av
1253 1969 61 31 263
1329 1969 64 30 000
1418 1969 146 34 kronor;

588 2023 38 34 b)
649 2023 54 30 till
721 2024 73 29 Lån
812 2023 54 30 till
881 2023 207 40 föreningen
1105 2023 186 40 Mellansjö
1309 2022 159 30 skolhem
1487 2022 56 39 för
1562 2022 91 30 vissa
1672 2030 51 21 re-

544 2077 324 39 parationsarbeten
892 2087 47 20 m.
964 2087 45 20 m.
1033 2076 56 30 för
1111 2076 205 40 budgetåret
1343 2075 141 37 1954/55
1511 2075 110 30 under
1646 2075 77 29 fon-

545 2130 66 30 den
647 2130 57 31 för
739 2130 273 30 låneunderstöd
1048 2130 120 30 anvisa
1205 2131 48 29 ett
1288 2128 355 40 investeringsanslag
1680 2137 43 20 av

545 2183 40 30 30
599 2183 63 30 000
684 2183 141 30 kronor.

280 2263 202 30 Stockholm
507 2263 66 30 den
598 2263 39 30 23
664 2264 90 40 april
782 2262 93 31 1954.

715 2352 48 30 På
787 2352 279 31 statsutskottets
1088 2353 146 39 vägnar:

830 2423 122 30 KARL
971 2423 147 31 WARD.
