2210 2620
476 194 46 30 30
913 191 259 32 Statsutskottets
1204 190 178 33 Utlåtande
1408 190 65 31 N:o
1505 190 28 30 7.

423 272 168 38 anvisats
634 273 164 47 365,000
842 268 160 70 kronor,
1037 271 60 36 för
1138 273 39 33 år
1220 271 97 36 1902
1362 269 164 48 600,000
1569 268 151 43 kronor,
1757 267 59 36 för
1845 272 41 33 år
1916 270 96 35 1903

424 326 164 46 675,000
626 301 142 60 kronor
801 323 72 37 och
901 322 59 37 för
988 325 41 34 år
1059 323 98 36 1904
1186 322 166 46 800,000
1380 294 153 94 kronor,
1562 321 68 36 har
1657 319 142 59 Kungl.
1831 320 105 49 Maj:t
1963 334 50 22 nu

422 350 201 80 föreslagit
658 375 218 49 Riksdagen
916 379 54 32 att
1007 377 48 46 på
1088 378 106 32 extra
1236 350 77 59 stat
1353 372 57 37 för
1438 375 41 34 år
1510 374 95 35 1905
1636 371 129 38 anvisa
1793 372 218 37 återstoden

423 429 41 37 af
490 427 248 38 omförmälda
766 426 137 49 anslag
930 426 92 37 eller
1054 427 161 47 145,000
1243 425 153 37 kronor.

524 480 202 38 Utskottet
753 478 233 49 hemställer,

925 586 56 32 att
1008 580 219 50 Riksdagen
1255 583 61 34 må
1343 579 57 38 till
1418 579 242 50 uppförande
1680 581 20 34 å
1718 579 143 36 Restad
1880 583 12 32 i
1910 572 101 43 Älfs-

820 634 116 49 borgs
975 634 62 36 län
1074 633 42 37 af
1149 646 45 24 en
1224 632 82 49 asyl
1335 633 59 36 för
1421 631 241 49 sinnessjuka
1689 644 48 23 m.
1767 645 49 22 m.
1847 631 42 36 af
1911 631 103 36 förut

819 685 127 38 därtill
987 684 181 50 beviljadt
1208 684 135 49 anslag
1380 687 20 33 å
1430 685 202 47 2,585,000
1661 683 141 36 kronor
1830 686 47 45 på
1907 687 105 32 extra

820 742 77 32 stat
938 737 59 37 för
1033 739 40 34 år
1113 738 96 35 1905
1246 736 132 37 anvisa
1407 736 230 46 återstoden,
1669 736 163 47 145,000
1860 735 150 36 kronor.

210 851 63 39 Ang.
291 850 94 58 utvidg-
525 841 102 49 23:o0)
671 840 124 38 Sedan
833 840 220 49 Riksdagen
1092 843 40 34 år
1171 842 96 35 1903
1305 840 60 37 för
1400 841 212 48 utvidgning
1648 840 46 49 af
1726 840 286 35 Kristinehamns

198 885 196 58 Kuta.
421 895 156 47 hospital
618 888 157 73 beviljat
816 897 55 33 ett
908 897 105 32 extra
1054 892 135 49 anslag
1229 892 42 37 af
1312 893 199 46 1,304,925
1551 892 139 36 kronor
1724 891 71 36 och
1830 890 111 37 däraf
1964 893 47 46 på

242 954 115 30 hospital.
392 940 16 59 —
421 951 107 32 extra
557 950 76 32 stat
660 946 61 36 för
749 947 41 35 år
821 946 98 36 1904
947 944 151 37 anvisat
1125 949 55 32 ett
1208 920 140 73 belopp
1370 944 39 36 af
1426 916 86 81 250,
1516 945 75 35 000
1610 944 150 47 kronor,
1780 943 69 36 har
1868 942 141 49 Kungl.

253 998 95 46 [22.]
419 998 107 49 Maj:t
567 1011 51 23 nu
660 996 201 49 föreslagit
892 996 218 48 Riksdagen
1138 1000 55 33 att
1220 996 43 36 af
1288 974 249 59 SnGVARE
1566 995 134 49 anslag
1726 998 48 47 på
1803 999 106 33 extra
1937 971 74 60 Se

419 1050 59 37 för
507 1053 42 33 år
579 1051 97 35 1905
705 1049 132 37 anvisa
865 1053 55 33 ett
947 1048 141 50 belopp
1116 1048 41 37 af
1181 1049 167 47 475,000
1377 1047 149 38 kronor.

525 1101 193 38 Utskottet
745 1100 232 49 hemställer,

920 1209 53 32 att
1012 1204 216 49 Riksdagen
1267 1206 60 34 må
1355 1204 41 36 af
1421 1203 63 37 det
1512 1203 61 37 för
1601 1202 230 49 utvidgning
1859 1203 41 36 af
1926 1202 84 37 Kri-

816 1257 235 37 stinehamns
1078 1255 165 51 hospital
1271 1255 190 50 beviljade
1489 1255 135 49 anslag
1652 1258 20 34 å
1702 1256 201 46 1,304,925
1924 1254 84 37 kro-

816 1322 71 23 nor
927 1312 49 46 på
1017 1313 107 32 extra
1164 1312 75 33 stat
1280 1308 60 36 för
1368 1310 40 34 år
1439 1309 95 35 1905
1565 1307 130 37 anvisa
1722 1311 55 32 ett
1804 1306 139 50 belopp
1972 1307 42 36 af

817 1361 165 46 475,000
1010 1360 149 36 kronor.

202 1467 148 58 nte
386 1502 10 23 at
524 1464 99 49 24:0)
653 1462 139 50 Kungl.
822 1463 107 49 Maj:t
955 1464 68 36 har
1049 1463 199 49 föreslagit
1276 1463 220 49 Riksdagen
1525 1467 56 32 att
1609 1463 57 36 för
1693 1463 107 48 inköp
1822 1461 65 49 för
1912 1463 97 36 Vad-

218 1510 31 49 oa
267 1510 116 49 bostads
419 1524 97 30 Stend
545 1517 173 59 hospitals
746 1517 61 36 och
835 1517 98 47 asyls
959 1517 151 43 räkning
1138 1517 46 48 af
1207 1515 40 37 P.
1279 1514 47 38 G.
1353 1515 204 60 Palmgren
1574 1515 13 36 i
1605 1514 192 37 Vadstena
1816 1513 193 50 tillhöriga

202 1571 165 58 byggnad
369 1578 31 51 m.m.
421 1576 170 30 tomterna
631 1569 69 36 n:is
739 1568 91 47 249,
872 1569 79 36 250
990 1569 61 36 och
1093 1569 73 35 251
1200 1569 15 35 i
1244 1568 272 48 Hofskvarteret
1542 1568 15 35 i
1590 1567 178 38 Vadstena
1797 1574 93 28 samt
1916 1580 92 35 upp-

240 1640 115 29 hospital.
412 1622 163 49 förande
598 1623 49 47 på
667 1597 164 60 nämnda
859 1625 146 41 tomter,
1035 1619 13 37 i
1075 1619 274 49 hufvudsaklig
1377 1617 396 39 öfverensstämmelse
1803 1618 86 37 med
1916 1632 93 35 upp-

252 1684 95 46 r23.]
419 1672 138 50 gjorda
593 1671 188 50 ritningar
817 1672 71 37 och
925 1672 340 48 kostnadsförslag,
1295 1673 47 48 af
1365 1685 41 23 en
1435 1671 308 49 bostadsbyggnad
1763 1671 115 48 jämte
1905 1671 105 35 uthus

412 1726 66 48 för
518 1725 178 49 betjäning
737 1725 61 36 vid
847 1725 179 37 Vadstena
1067 1725 173 47 hkospitals
1278 1725 61 36 och
1367 1724 97 47 asyls
1491 1723 307 50 mansafdelning,
1827 1724 48 47 på
1902 1727 106 32 extra

419 1781 75 32 stat
522 1776 60 37 för
609 1779 41 33 år
681 1777 96 35 1905
808 1776 134 37 anvisa
969 1780 56 32 ett
1051 1776 134 49 anslag
1212 1775 43 37 af
1279 1776 139 47 48,200
1447 1774 151 37 kronor.

522 1828 57 37 De
621 1828 95 47 skäl,
758 1841 81 23 som
882 1828 42 36 af
961 1827 425 50 departementschefen
1413 1827 147 36 anförts
1590 1826 59 37 för
1676 1826 65 37 det
1768 1825 137 38 väckta
1935 1826 72 36 för-

419 1880 134 49 slaget,
583 1880 203 37 återfinnas
814 1879 12 37 i
855 1879 427 50 statsrådsprotokollet,
1312 1879 67 37 sid.
1414 1880 212 36 192—196.

520 1983 207 48 Utskottet,
756 1996 81 24 som
865 1983 82 37 icke
977 1983 68 36 har
1072 1985 119 47 något
1218 1988 56 31 att
1302 1987 101 33 emot
1431 1981 141 51 Kungl.
1602 1982 124 49 Maj:ts
1755 1982 252 37 förevarande

418 2035 284 50 framställning
730 2035 139 48 erinra,
897 2034 219 38 hemställer
1144 2034 121 48 alltså,

920 2143 55 32 att
1002 2138 216 49 Riksdagen
1237 2141 60 34 må
1316 2138 60 37 för
1394 2137 115 50 inköp
1531 2136 60 38 för
1609 2136 193 38 Vadstena
1822 2136 184 50 hospitals

817 2190 72 38 och
917 2189 102 51 asyls
1046 2190 164 49 räkning
1237 2190 42 37 af
1304 2190 40 37 P.
1374 2189 46 38 G.
1451 2189 203 49 Palmgren
1681 2188 12 37 i
1721 2189 195 36 Vadstena
1934 2189 73 36 till-

817 2243 136 48 höriga
981 2247 188 32 tomterna
1196 2242 73 37 n:is
1297 2244 87 45 249,
1406 2243 73 35 250
1500 2241 71 37 och
1591 2242 70 36 251
1683 2241 12 36 i
1714 2240 294 37 Hofskvarteret

815 2295 13 36 i
873 2294 194 37 Vadstena
1107 2299 97 32 samt
1244 2293 238 51 uppförande
1523 2296 49 47 på
1612 2292 164 37 nämnda
1814 2297 148 43 tomter,
1995 2292 11 36 i
