2216 2618
216 731 129 31 Angående

199 768 107 28 anslaget
333 766 39 24 till

200 801 162 23 skrifmateri-

221 836 61 23 alier
300 836 46 23 och

192 877 122 23 expenser,
334 869 46 24 ved

253 948 68 47 [9.]

458 179 46 31 20
895 181 261 33 Statsutskottets
1189 183 176 32 Utlåtande
1392 183 65 32 N:o
1488 186 29 29 >.

904 266 56 32 att
987 261 234 50 Riksdagen,
1251 263 85 37 med
1365 263 105 37 bifall
1498 264 57 37 till
1584 265 139 49 Kungl.
1752 266 127 50 Maj:ts
1898 268 100 37 före-

801 313 166 37 varande
996 313 292 50 framställning,
1318 318 58 34 må
1404 315 83 37 från
1517 316 71 37 och
1616 317 86 37 med
1731 320 41 34 år
1794 320 95 36 1905
1910 319 89 49 höja

802 364 64 38 det
892 365 123 37 under
1041 366 113 49 sjätte
1175 366 254 38 hufvudtiteln
1448 368 189 49 uppförda
1655 369 344 50 förslagsanslaget

801 416 57 37 till
877 431 101 23 rese-
994 417 68 37 och
1092 418 473 51 traktamentspenningar
1591 421 86 36 med
1697 423 138 46 36,706
1857 422 141 38 kronor

803 468 91 38 eller
921 469 86 37 från
1037 471 138 47 13,294
1205 470 140 37 kronor
1372 470 57 38 till
1458 473 139 47 50,000
1625 472 152 38 kronor.

760 627 331 35 Skrifmaterialier
1118 629 68 33 och
1214 638 187 34 expenser,
1430 631 67 33 ved
1525 641 47 24 m.
1601 641 48 25 m.

513 725 99 50 10:0)
667 727 141 48 Kungl.
851 729 108 49 Maj:t
986 730 69 36 har
1082 730 202 50 föreslagit
1310 730 234 51 Riksdagen,
1573 737 55 33 att
1655 732 344 51 förslagsanslaget

406 777 58 38 till
506 779 324 38 skrifmaterialier
872 781 70 36 och
984 795 197 37 expenser,
1224 783 74 37 ved
1330 797 47 23 m.
1407 798 48 22 m.
1487 787 116 34 måtte
1630 785 84 36 från
1744 786 72 36 och
1843 786 86 37 med
1958 789 42 33 år

410 832 96 35 1905
536 831 110 50 höjas
674 832 86 37 med
792 833 160 47 100,008
983 833 140 38 kronor
1151 835 91 37 eller
1270 835 83 37 från
1385 838 163 45 185,743
1577 837 143 37 kronor
1748 837 57 37 till
1834 840 162 46 285,751

407 882 150 38 kronor.

509 986 84 38 Den
633 987 120 37 under
793 988 252 38 förevarande
1086 990 122 50 punkt
1247 991 13 36 i
1302 991 503 51 statsverkspropositionen
1832 993 168 50 begärda

405 1038 372 51 anslagshöjningen
805 1045 52 43 är,
888 1041 121 50 enligt
1036 1042 99 37 hvad
1162 1043 13 36 i
1204 1043 421 50 statsrådsprotokollet
1647 1045 120 37 under
1785 1046 171 49 punkten
1976 1049 22 35 8

406 1091 204 47 meddelas,
654 1092 119 37 delvis
815 1093 133 37 afsedd
991 1099 56 31 att
1087 1094 140 38 bereda
1255 1096 375 49 kronobetjäningen
1657 1101 49 46 på
1735 1097 265 50 landsbygden

406 1142 165 50 tillgång
598 1143 58 37 till
683 1144 243 38 bestridande
954 1146 43 36 af
1022 1151 106 33 extra
1151 1147 171 49 utgifter,
1343 1161 79 23 som
1444 1148 191 37 erfordras
1655 1149 60 37 för
1734 1149 267 38 bedrifvandet

407 1195 40 36 af
472 1194 88 37 dess
590 1195 354 48 polisverksamhet.
1000 1197 121 37 Bland
1150 1199 130 49 dylika
1307 1200 169 48 utgifter,
1509 1213 83 24 som
1620 1201 11 36 i
1651 1201 207 37 allmänhet
1879 1202 121 37 skulle

406 1246 219 37 förorsakas
665 1247 42 37 af
745 1248 80 37 dels
866 1248 182 38 behofvet
1081 1251 84 36 utaf
1189 1251 290 49 handräckning
1507 1252 71 37 och
1606 1253 159 48 biträde,
1795 1253 80 38 dels
1902 1254 98 38 fors-

406 1298 132 49 lingen
568 1298 42 37 af
634 1313 183 36 personer
844 1301 69 37 och
943 1301 111 37 saker
1082 1307 97 32 samt
1207 1303 82 37 dels
1313 1303 128 37 förvar
1462 1304 70 37 och
1551 1305 196 37 underhåll
1767 1306 41 37 af
1823 1305 178 38 anhållna

407 1363 196 37 personer,
645 1356 157 33 nämnas
838 1352 13 36 i
888 1354 420 49 statsrådsprotokollet
1348 1355 114 38 äfven
1504 1357 398 50 penningbelöningar
1943 1358 59 37 för

408 1402 129 37 visade
570 1403 175 49 tjänster,
775 1407 122 34 såsom
925 1410 25 32 t.
982 1418 58 24 ex.
1070 1409 38 33 åt
1136 1420 47 23 en
1212 1420 150 36 person,
1391 1421 82 24 som
1502 1409 142 36 lämnat
1671 1410 148 48 viktiga
1846 1409 156 51 upplys-

407 1454 139 49 ningar
586 1455 60 37 för
686 1469 47 23 en
773 1456 227 50 brottslings
1043 1459 233 49 ertappande
1318 1459 90 37 eller
1448 1460 199 50 gripande,
1676 1461 91 38 eller
1796 1465 38 34 åt
1861 1465 140 46 någon,

409 1520 95 34 som,
545 1512 69 31 när
655 1507 174 38 anhållen
865 1522 141 36 person
1035 1515 74 31 satt
1137 1511 60 48 sig
1223 1511 58 36 till
1309 1517 172 31 motvärn
1512 1512 92 37 eller
1631 1513 132 37 försök
1791 1514 125 49 gjorts
1943 1515 60 36 till

408 1559 97 37 hans
551 1559 227 48 fritagande,
819 1559 142 38 lämnat
1001 1561 376 50 polismyndigheten
1417 1563 116 50 hjälp.
1604 1564 265 38 Tvifvelsutan
1910 1566 93 37 böra

411 1611 122 36 medel
576 1611 60 36 för
676 1612 140 37 sådana
857 1612 157 49 utgifter
1054 1613 122 37 finnas
1219 1619 55 31 att
1305 1614 118 50 tillgå,
1454 1616 130 36 därest
1610 1616 393 49 polisverksamheten

409 1665 49 47 på
492 1662 131 38 landet
660 1663 94 37 skall
787 1664 128 37 kunna
942 1667 49 47 på
1018 1665 351 38 tillfredsställande
1397 1672 76 31 sätt
1500 1668 293 49 upprätthållas;
1831 1683 86 24 men
1945 1675 58 31 ut-

411 1715 145 36 skottet
600 1728 110 24 anser
751 1716 60 49 sig
851 1716 92 37 böra
983 1717 207 48 framhålla,
1233 1723 55 32 att
1328 1731 204 37 noggrann
1564 1720 166 37 kontroll
1759 1722 107 37 öfver
1893 1722 110 37 dessa

412 1766 144 37 medels
585 1768 245 49 användning
848 1781 113 36 synes
980 1781 92 24 vara
1091 1770 41 36 af
1148 1769 180 38 behofvet
1346 1771 187 49 påkallad,
1555 1771 124 38 därest
1697 1773 85 37 icke
1799 1774 203 48 missbruk,

412 1818 182 37 särskildt
629 1819 12 36 i
677 1819 110 50 fråga
828 1834 61 23 om
925 1820 224 38 utdelandet
1186 1822 42 36 af
1253 1823 409 49 penningbelöningar,
1693 1825 110 37 skola
1831 1839 90 24 vara
1948 1831 57 32 att

411 1870 143 37 befara.

516 1922 17 36 I
562 1922 118 50 öfrigt
706 1923 70 37 har
804 1923 272 50 förhöjningen
1105 1925 41 37 af
1172 1925 104 38 detta
1304 1926 133 49 anslag
1464 1932 147 33 ansetts
1639 1928 177 50 påkallad
1844 1929 79 38 dels
1941 1930 62 37 för

414 1979 55 32 att
504 1974 141 37 bereda
680 1975 259 50 kronofogdar
977 1978 71 35 och
1079 1977 174 37 länsmän
1281 1979 214 49 ersättning
1521 1980 61 37 för
1608 1980 301 50 telefonafgifter
1937 1995 65 24 en-

413 2026 73 49 ligt
513 2026 13 36 i
555 2027 417 50 statsrådsprotokollet
998 2033 173 33 närmare
1200 2030 157 49 angifna
1384 2031 168 49 grunder
1581 2032 70 37 och
1680 2032 80 38 dels
1788 2033 37 37 af
1845 2033 72 38 den
1938 2048 64 23 an-

414 2077 222 50 ledningen,
678 2084 54 32 att
773 2080 194 49 anslagets
995 2081 13 36 i
1036 2094 133 24 senare
1198 2084 61 34 års
1287 2082 201 38 riksstater
1514 2089 196 44 upptagna
1740 2085 136 50 belopp
1903 2085 101 38 visat

416 2130 60 49 sig
517 2130 246 49 otillräckligt
804 2132 69 37 och
914 2136 96 33 måst
1051 2133 240 50 väsentligen
1332 2135 270 48 öfverskridas,
1638 2137 211 49 hvarjämte
1877 2137 127 38 denna

416 2182 246 50 anslagspost
697 2189 145 31 ansetts
875 2184 92 37 böra
995 2185 194 37 användas
1218 2185 57 37 till
1302 2186 214 50 utjämning
1543 2188 42 36 af
1609 2188 277 38 hufvudtitelns
1915 2189 89 37 slut-

416 2247 156 24 summa.
628 2235 17 36 I
674 2235 109 37 dessa
810 2235 207 38 afseenden
1045 2237 69 37 har
1140 2238 189 37 utskottet
1356 2239 81 37 icke
1466 2242 118 46 något
1612 2245 55 32 att
1695 2241 136 37 erinra.
