2230 2642
451 209 40 33 10
914 210 225 42 Lagutskottets
1168 209 164 34 Utlåtande
1357 210 67 33 N:o
1447 212 53 30 44.

405 288 288 39 föreummelser
719 288 13 37 i
760 289 57 36 sin
843 288 321 49 tjensteutöfning
1191 289 283 37 underkastade
1503 302 137 24 ansvar
1667 289 77 37 lika
1771 289 86 37 med
1877 289 47 37 de
1945 290 63 37 vid

406 344 146 32 statens
580 339 249 37 omförmälda
855 340 254 48 inrättningar
1136 345 164 44 antagne
1328 340 242 49 tjenstemän.

540 440 64 38 Uti
632 453 46 24 en
707 440 103 37 inom
838 440 132 37 Andra
992 441 230 37 Kammaren
1249 441 126 47 väckt,
1395 441 59 37 till
1471 441 255 48 lagutskottet
1744 442 264 38 öfverlemnad

407 491 157 48 motion,
592 504 61 24 n:o
681 492 62 45 46,
767 491 203 37 anmärker
996 492 88 36 herr
1110 492 133 49 Skytte,
1271 492 197 47 hurusom,
1497 492 47 37 då
1571 492 160 37 sålunda
1754 493 255 49 likställighet

406 545 50 47 på
497 542 113 36 ofvan
650 541 157 49 angifna
848 547 77 32 sätt
965 542 160 37 emellan
1158 542 48 37 de
1234 543 11 36 i
1273 548 146 31 statens
1447 543 118 48 tjenst
1592 544 74 36 och
1695 543 47 36 de
1769 543 64 37 vid
1861 544 12 39 i
1901 544 107 49 fråga

405 592 168 37 varande
602 592 176 37 enskilda
805 593 281 49 anläggningar
1113 593 173 37 anstälde
1314 606 189 37 personer
1529 593 117 37 rådde
1675 594 13 36 i
1715 594 108 48 fråga
1851 608 61 23 om
1941 610 68 22 an-

406 658 96 31 svar,
543 643 65 37 det
647 643 90 36 ville
779 656 126 36 synas,
940 657 80 23 som
1049 643 119 37 redan
1195 643 111 37 häraf
1328 643 120 38 borde
1478 644 127 37 kunna
1632 644 94 49 följa
1753 645 256 49 likställighet

402 693 146 49 jemväl
574 694 12 36 i
613 693 181 37 afseende
823 697 20 34 å
869 696 116 47 skydd
1013 700 78 31 mot
1117 694 261 50 förgripelser,
1408 707 82 24 som
1519 700 103 32 emot
1647 695 165 37 nämnda
1831 696 11 36 i
1863 703 145 31 statens

407 745 73 36 och
508 745 12 35 i
549 744 150 37 enskild
728 744 119 49 tjenst
873 745 168 37 varande
1069 758 187 36 personer
1283 745 12 37 i
1322 745 113 37 deras
1463 746 322 49 tjensteutöfning
1803 747 204 49 begingos.

407 794 51 38 Så
494 808 91 23 vore
626 795 213 37 emellertid
876 795 87 37 icke
1002 795 265 46 förhållandet,
1299 801 41 42 ty
1368 796 123 37 under
1518 796 64 37 det
1610 801 55 32 att
1695 798 45 35 10
1767 798 88 49 kap.
1885 799 123 36 straff-

405 846 115 48 lagen
560 845 213 37 förunnade
814 845 123 50 dylikt
977 846 123 50 skydd
1139 849 38 34 åt
1217 851 146 32 statens
1395 847 233 48 tjenstemän
1658 847 13 36 i
1699 847 210 38 allmänhet
1936 849 73 37 och

405 896 151 37 således
584 896 114 36 äfven
728 899 37 34 åt
793 896 46 37 de
867 910 51 23 nu
946 897 12 36 i
986 897 106 49 fråga
1119 897 179 46 varande,
1326 897 212 37 tillkomme
1566 897 174 38 deremot
1765 898 86 37 icke
1871 899 138 37 sådant

405 946 126 50 skydd
571 946 45 37 de
658 947 64 36 vid
751 946 250 38 förenämnda
1028 947 173 37 enskilda
1227 948 256 49 inrättningar
1509 949 304 48 tjenstgörande.
1867 950 141 49 Begin-

403 1011 71 35 ges
514 997 88 36 våld
642 997 94 37 eller
777 1011 123 24 annan
940 998 249 37 förnärmelse
1231 1004 78 31 mot
1333 1012 46 23 en
1410 999 117 37 sådan
1555 999 153 37 enskild
1735 1000 273 48 tjensteman
1984 993 27 59 i

403 1049 97 36 hans
528 1048 330 49 tjensteutöfning,
887 1049 215 37 drabbades
1132 1050 77 36 den
1236 1049 203 48 brottslige
1468 1050 84 37 icke
1580 1050 130 37 derför
1737 1051 41 36 af
1801 1057 117 31 annat
1945 1065 64 24 an-

404 1112 89 24 svar
530 1104 47 31 än
605 1099 75 47 det,
709 1112 83 24 som
821 1099 124 37 skulle
974 1099 103 49 följa,
1106 1100 129 37 derest
1260 1100 262 50 förgripelsen
1549 1114 93 24 vore
1670 1101 207 49 begången
1906 1108 104 32 emot

404 1149 151 37 enskild
583 1163 98 23 man.

538 1200 73 37 För
650 1200 219 37 beredande
911 1200 43 37 af
981 1200 123 49 skydd
1134 1203 38 34 åt
1197 1201 13 36 i
1238 1201 106 48 fråga
1372 1201 180 48 varande,
1580 1201 12 37 i
1617 1201 150 37 enskild
1795 1203 121 48 tjenst
1943 1217 65 24 an-

403 1250 125 38 stälda
567 1264 184 36 personer
793 1257 103 31 emot
922 1251 272 37 förnärmelser
1220 1252 11 36 i
1259 1252 169 48 tjensten
1456 1255 119 45 ansåg
1602 1252 240 38 motionären
1864 1254 145 49 jemväl

402 1301 80 37 tala
516 1315 46 23 en
592 1315 125 23 annan
746 1302 298 48 omständighet,
1071 1302 197 49 nemligen
1296 1303 74 36 den
1400 1308 104 31 stora
1531 1303 94 48 vigt,
1655 1316 80 24 som
1764 1303 87 49 låge
1876 1304 131 50 derpå,

403 1357 57 31 att
492 1352 73 36 den
593 1353 222 47 allmänhet,
843 1353 159 36 hvilken
1029 1353 229 48 begagnade
1286 1353 59 48 sig
1373 1354 42 36 af
1437 1353 13 37 i
1477 1354 108 47 fråga
1613 1354 167 37 varande
1808 1355 200 37 imrättnin-

402 1417 83 35 gar,
513 1406 116 34 måtte
659 1403 134 37 dervid
820 1404 130 36 kunna
977 1404 169 49 påräkna
1174 1404 74 37 den
1276 1409 142 32 största
1445 1404 156 49 möjliga
1628 1405 188 49 trygghet
1842 1406 61 37 för
1926 1407 81 37 sina

403 1467 184 35 personer
614 1455 73 36 och
717 1454 58 37 sin
803 1454 208 49 egendom;
1040 1455 71 36 och
1140 1460 56 31 att
1223 1455 65 37 det
1315 1455 10 36 i
1354 1455 106 37 detta
1488 1455 181 37 afseende
1698 1456 85 37 icke
1804 1470 92 24 vore
1916 1462 91 32 utan

402 1504 215 50 betydelse,
658 1518 62 24 om
762 1505 74 37 den
875 1505 191 50 personal,
1107 1505 42 37 af
1172 1506 156 37 hvilken
1357 1506 260 37 allmänheten
1644 1507 276 48 betjenades,
1906 1500 19 59 i
1949 1508 59 37 sin

402 1555 323 50 tjensteutöfning
752 1556 211 49 tryggades
992 1567 78 26 mot
1098 1556 232 50 öfvergrepp
1360 1556 94 37 eller
1482 1557 48 49 ej,
1557 1570 92 24 vore
1677 1558 200 48 påtagligt.
1932 1559 75 36 För

403 1606 74 37 den
515 1606 256 37 trafikerande
813 1607 258 37 allmänheten
1113 1607 109 37 torde
1255 1607 64 37 det
1346 1620 93 24 vara
1465 1608 13 36 i
1505 1607 163 49 ungefär
1695 1608 78 37 lika
1801 1609 80 48 hög
1909 1609 97 48 grad

403 1657 210 37 önskvärdt
650 1663 56 31 att
748 1658 174 48 betjenas
966 1657 61 37 väl
1069 1658 73 37 och
1171 1659 129 36 säkert
1327 1658 41 37 af
1392 1658 377 49 tjenstepersonalen
1795 1659 65 37 vid
1887 1665 27 31 t.
1945 1674 58 24 ex.

402 1707 48 37 de
493 1708 185 47 enskilda,
707 1708 59 37 för
793 1708 139 37 allmän
960 1709 111 36 trafik
1098 1709 183 49 upplåtna
1303 1709 262 49 jernvägarna
1592 1722 83 24 som
1706 1710 40 36 af
1770 1711 236 37 statsbanor-

401 1771 70 23 nas
512 1759 243 48 tjenstemän.
809 1759 89 36 Men
939 1759 89 37 ville
1070 1773 87 23 man
1198 1759 115 48 detta,
1352 1766 134 43 syntes
1527 1760 65 37 det
1621 1760 238 38 motionären
1887 1763 118 36 också

401 1822 91 23 vara
520 1809 81 36 skäl
630 1815 55 31 att
712 1809 59 36 för
797 1810 312 48 tjenstemännen
1136 1810 66 36 vid
1230 1810 46 37 de
1305 1810 177 37 enskilda
1503 1811 262 49 jernvägarna
1783 1812 220 37 underlätta

401 1859 112 37 deras
540 1860 320 49 tjensteutöfning
886 1873 143 36 genom
1057 1865 54 32 att
1137 1860 77 37 låta
1242 1861 85 37 dem
1356 1861 182 37 komma
1518 1855 26 59 i
1560 1862 222 48 åtnjutande
1803 1863 41 36 af
1860 1876 145 24 samma

400 1910 138 49 skydd,
567 1924 80 23 som
675 1910 213 37 tillkomme
917 1911 231 50 personalen
1175 1911 64 37 vid
1267 1916 146 33 statens
1443 1912 128 37 banor.

535 1961 16 37 I
589 1961 109 49 fråga
740 1975 60 23 om
842 1961 64 37 det
934 1967 86 41 sätt,
1048 1962 146 49 hvarpå
1222 1975 46 24 en
1296 1962 338 49 lagbestämmelse
1663 1963 11 37 i
1704 1964 113 37 ofvan
1846 1964 158 49 angifna

399 2012 173 48 rigtning
599 2012 124 37 skulle
752 2013 127 36 kunna
906 2013 211 49 lämpligen
1144 2013 12 36 i
1183 2013 116 48 lagen
1325 2013 158 46 införas,
1511 2013 101 37 hölle
1642 2015 237 37 motionären
1908 2015 94 48 före,

399 2068 57 31 att
496 2062 135 37 sådant
670 2063 185 49 möjligen
896 2063 129 38 kunde
1054 2064 68 36 ske
1152 2063 236 49 derigenom,
1418 2069 56 31 att
1500 2064 54 37 uti
1585 2066 46 35 10
1659 2064 87 50 kap.
1776 2067 21 35 5
1826 2063 21 49 $
1877 2067 124 36 straff-

398 2113 116 48 lagen
538 2113 152 49 intoges
719 2119 56 31 ett
797 2118 85 45 nytt
910 2120 180 42 moment,
1118 2114 262 37 innefattande
1410 2120 56 31 ett
1484 2115 228 48 stadgande,
1733 2117 270 37 motsvarande

400 2163 65 37 det
492 2176 80 24 som
599 2163 238 38 förekomme
865 2164 12 36 i
906 2167 47 34 25
982 2165 85 50 kap.
1097 2167 46 34 22
1173 2161 21 51 $
1223 2167 21 34 2
1272 2178 113 23 mom.
1415 2178 144 24 samma
1578 2166 76 47 lag,
1675 2165 41 36 af
1731 2167 272 50 ungefärligen

399 2213 169 50 följande
596 2214 164 48 lydelse:

533 2263 116 49 Skall,
678 2265 58 36 till
765 2264 95 49 följd
888 2265 42 37 af
956 2265 236 50 Konungens
1220 2265 269 48 förordnande,
1518 2266 100 37 hvad
1646 2267 11 36 i
1691 2268 42 36 19
1755 2267 86 50 kap.
1866 2271 42 33 11
1932 2269 69 36 och
