1912 2800
275 143 17 29 4
676 148 122 32 Första
816 148 238 38 lagutskottets
1074 150 175 31 utlåtande
1270 161 41 21 nr
1338 153 49 29 38.

324 229 50 25 Vid
398 229 75 25 detta
497 229 118 25 ärendes
638 229 174 33 behandling
835 230 37 25 ha
893 231 125 25 närvarit

322 279 65 25 från
414 279 134 26 första
576 280 178 26 kammaren:
773 281 100 25 herrar
890 281 136 32 Schlyter,
1047 282 97 30 Gärde,
1168 283 165 32 Wagnsson,
1353 284 67 26 Karl
1439 285 74 25 Emil
1531 286 156 30 Johanson,
1709 286 69 26 Esk-

278 321 69 30 hult,
370 321 111 31 Linnér,
503 322 108 25 Brandt
631 322 54 25 och
709 322 142 31 Ahlkvist;

311 372 65 25 från
406 372 123 25 andra
559 373 176 25 kammaren:
756 374 99 25 herrar
874 374 155 33 Lindqvist,
1050 375 135 33 Ryberg",
1207 376 103 25 Olsson
1331 377 6 24 i
1360 376 145 30 Mellerud,
1525 378 78 31 Berg,
1626 378 152 32 Björling",

278 415 124 24 Larsson
421 414 9 25 i
451 414 85 30 Hede,
556 415 149 32 Landgren
725 416 53 25 och
800 415 161 26 Andersson
983 417 7 24 i
1011 417 134 25 Mölndal.

323 490 14 15 +
358 489 35 33 Ej
416 490 177 26 närvarande
613 490 46 26 vid
680 490 174 27 utlåtandets
874 491 145 34 justering.

1607 934 128 38 Bilaga.

705 1114 65 32 Till
789 1116 212 37 Riksdagens
1023 1116 110 38 första
1153 1117 197 38 lagutskott.
1650 1147 9 3 -

325 1205 12 30 I
355 1205 149 38 enlighet
523 1208 78 30 med
618 1209 182 30 utskottets
817 1209 205 31 hemställan
1041 1210 65 30 har
1122 1210 122 37 Kungl.
1263 1209 102 38 Maj:t
1383 1211 66 30 den
1467 1212 41 29 26
1525 1210 153 32 februari
1698 1211 82 30 1943

280 1248 167 31 anbefallt
465 1249 366 38 lantmäteristyrelsen
851 1254 48 28 att
921 1251 121 37 avgiva
1061 1253 66 29 och
1146 1252 50 30 till
1215 1253 167 30 utskottet
1401 1253 199 31 överlämna
1621 1253 160 37 yttrande

279 1291 81 30 över
379 1300 41 22 en
441 1291 57 30 vid
517 1291 89 31 årets
623 1292 141 37 riksdag
781 1293 102 31 väckt
900 1293 141 36 motion,
1061 1304 42 20 nr
1122 1294 70 36 180,
1212 1294 11 30 i
1242 1294 110 32 första
1371 1296 214 35 kammaren,
1605 1295 176 37 angående

280 1332 67 31 viss
370 1333 147 38 ändring
540 1343 43 21 av
605 1335 309 37 stadsplanelagen.

324 1375 14 30 I
358 1375 186 38 anledning
562 1377 110 30 härav
691 1376 57 32 får
767 1378 365 37 lantmäteristyrelsen
1151 1378 126 32 anföra
1298 1378 165 38 följande.

325 1417 122 31 Rätten
466 1418 56 31 för
540 1419 207 31 lantmätare
767 1420 66 30 och
852 1420 257 37 mätningsmän
1129 1423 50 28 att
1198 1421 145 31 beträda
1362 1422 101 30 mark
1481 1421 10 31 i
1511 1422 170 31 samband
1702 1422 78 31 med

279 1459 251 39 jorddelnings-
556 1462 66 30 och
647 1461 424 38 mätningsförrättningar
1096 1463 148 37 regleras
1271 1463 11 30 i
1307 1464 100 36 lagen
1433 1464 68 30 den
1528 1464 39 31 18
1593 1463 76 37 juni
1697 1464 84 30 1926

280 1512 58 21 om
360 1503 138 36 delning
521 1513 43 21 av
586 1503 80 37 jord
687 1503 21 32 å
729 1504 118 31 landet
868 1505 65 31 och
955 1505 102 36 lagen
1078 1505 65 30 den
1167 1506 38 30 12
1229 1505 72 37 maj
1328 1506 82 30 1917
1432 1515 58 21 om
1513 1506 266 37 fastighetsbild-

280 1544 84 38 ning
387 1544 10 31 i
421 1546 85 31 stad.
529 1545 116 38 Enligt
667 1547 18 29 2
708 1547 81 36 kap.
816 1547 36 29 11
878 1547 18 36 8
919 1546 10 30 i
951 1547 66 30 den
1040 1547 95 30 förra
1156 1547 101 37 lagen
1279 1547 60 32 må
1359 1548 319 37 förrättningsmän,
1703 1549 76 30 sak-

279 1586 156 38 kunniga
458 1588 65 30 och
548 1588 442 37 hantlangningsmanskap
1015 1588 76 31 icke
1115 1589 143 31 hindras
1285 1592 50 28 att
1359 1590 125 36 övergå
1507 1590 83 37 ägor
1615 1591 83 30 eller
1721 1600 57 22 an-

279 1629 123 37 bringa
423 1630 144 30 märken
588 1630 81 31 eller
691 1630 158 37 signaler,
871 1631 10 29 i
902 1631 66 31 vad
991 1631 57 31 det
1069 1631 113 31 finnes
1204 1631 218 37 erforderligt
1443 1632 56 31 för
1518 1632 261 37 förrättningen.

281 1671 130 31 Därvid
429 1673 88 30 skall
536 1672 189 31 emellertid
744 1672 116 37 tillses,
880 1676 49 28 att
948 1674 108 30 skada
1076 1673 21 31 å
1115 1674 156 30 växande
1291 1674 108 36 gröda
1419 1674 102 31 såvitt
1539 1674 135 37 möjligt
1693 1675 86 30 und-

280 1714 106 37 vikes,
407 1717 89 28 samt
514 1717 50 29 att
585 1715 85 36 skog
688 1714 76 31 icke
784 1714 11 31 i
816 1715 137 31 onödan
973 1716 206 36 nedhugges.
1201 1715 125 31 Vidare
1347 1716 138 37 stadgas
1507 1719 48 28 att
1575 1716 10 30 i
1606 1716 173 37 trädgård,

280 1765 117 22 annan
418 1757 142 31 därmed
580 1756 178 38 jämförlig
778 1757 195 37 plantering
992 1758 83 30 eller
1093 1758 87 36 park
1203 1758 76 30 träd
1299 1757 31 37 ej
1355 1758 56 31 må
1433 1759 126 30 skadas
1578 1759 81 30 eller
1679 1759 101 30 fällas

279 1801 85 29 utan
387 1799 144 37 ägarens
555 1799 237 37 medgivande.

324 1841 156 31 Anförda
503 1842 135 36 lagrum
662 1851 99 21 avser
782 1842 78 36 laga
885 1841 112 32 skifte.
1022 1841 115 37 Enligt
1160 1842 66 31 vad
1253 1851 74 21 som
1351 1842 104 37 följer
1477 1852 42 22 av
1548 1843 37 31 19
1608 1843 79 37 kap.
1715 1844 19 30 5
1761 1843 18 35 8

279 1884 67 30 och
368 1884 41 30 20
432 1884 79 36 kap.
535 1884 20 30 6
577 1884 18 37 8
619 1893 135 22 samma
776 1883 56 38 lag
853 1884 63 36 äga
938 1884 305 31 bestämmelserna
1264 1884 107 32 också
1393 1884 218 38 tillämpning
1632 1885 58 31 vid
1710 1885 69 31 för-

279 1925 194 37 rättningar
503 1926 168 30 avseende
703 1925 236 37 avstyckning,
971 1926 333 37 gränsbestämning,
1338 1926 197 38 ägoutbyte,
1568 1926 211 32 servitutsut-

276 1967 173 37 brytning,
474 1968 216 31 avsättandet
713 1978 43 21 av
778 1968 362 37 gemensamhetsskog
1162 1970 66 30 och
1251 1968 69 32 viss
1342 1969 395 38 vederlagsförrättning.

324 2010 116 37 Enligt
462 2011 18 30 5
500 2011 80 36 kap.
604 2012 18 28 2
645 2011 18 37 $
686 2011 19 30 4
727 2014 50 32 st.,
802 2011 20 30 6
841 2011 79 36 kap.
947 2012 14 28 1
985 2011 66 30 och
1077 2011 38 30 12
1140 2011 40 37 88
1203 2010 458 38 fastighetsbildningslagen
1682 2012 97 30 skola

279 2062 136 21 samma
439 2053 258 30 bestämmelser
721 2054 65 35 äga
812 2052 218 37 tillämpning
1056 2054 87 29 även
1167 2052 11 31 i
1203 2052 99 37 fråga
1326 2063 57 21 om
1407 2053 91 32 vissa
1521 2054 258 36 förrättningar,

279 2104 75 21 som
374 2095 213 37 handläggas
603 2095 106 36 enligt
726 2095 216 31 sistnämnda
960 2095 65 37 lag,
1044 2095 174 37 nämligen
1236 2095 58 31 vid
1312 2096 237 36 avstyckning,
1569 2095 78 38 laga
1665 2095 114 35 skifte,

279 2137 186 37 ägoutbyte
494 2140 90 27 samt
614 2137 372 37 servitutsutbrytning.
1018 2138 13 29 I
1063 2137 98 37 fråga
1190 2147 59 21 om
1279 2137 209 38 förrättning
1517 2138 104 37 enligt
1652 2139 18 29 2
1699 2137 80 37 kap.

279 2179 456 37 fastighetsbildningslagen
758 2180 32 30 d.
813 2189 29 20 v.
865 2188 25 22 s.
913 2179 243 37 tomtmätning
1178 2180 65 30 och
1264 2180 324 37 gränsbestämning
1611 2180 89 37 gälla
1722 2189 56 21 en-

280 2221 60 37 ligt
363 2221 161 37 kapitlets
551 2223 20 30 6
598 2222 18 37 8
643 2221 11 31 i
679 2225 86 27 stort
790 2225 64 28 sett
877 2231 134 21 samma
1035 2221 268 33 bestämmelser.
1331 2221 73 31 Här
1427 2223 137 36 stadgas
1591 2221 188 32 emellertid

279 2264 177 31 dessutom
475 2274 58 21 om
553 2264 68 31 rätt
640 2264 56 31 för
716 2263 308 37 förrättningsman
1047 2267 49 28 att
1123 2264 4 30 i
1148 2264 171 32 samband
1340 2265 79 30 med
1441 2264 110 31 sådan
1572 2263 208 38 förrättning

278 2306 133 32 erhålla
437 2306 148 31 tillträde
609 2306 50 31 till
682 2306 201 37 byggnader
905 2309 90 28 samt
1018 2315 58 21 om
1099 2305 195 37 skyldighet
1318 2306 56 30 för
1398 2305 309 37 förrättningsman
1731 2308 48 28 att

279 2349 9 29 i
313 2348 85 32 visst
421 2348 62 32 fall
505 2348 157 31 inhämta
686 2348 355 37 polismyndighetens
1067 2347 154 32 tillstånd
1247 2350 50 29 att
1321 2347 170 38 anbringa
1517 2348 65 30 och
1606 2347 171 32 bibehålla

279 2391 157 36 signaler.

324 2432 99 32 Ovan
445 2433 211 31 omförmäld
677 2433 67 31 rätt
766 2433 55 30 för
844 2432 206 31 lantmätare
1072 2433 65 30 och
1159 2431 258 37 mätningsmän
1439 2442 43 21 m.
1506 2431 36 31 fl.
1567 2434 49 29 att
1636 2431 144 32 beträda

279 2476 101 30 mark
400 2485 98 22 avser
515 2485 25 21 s.
561 2476 33 30 k.
614 2475 109 38 legala
744 2474 257 38 förrättningar.
1021 2474 118 32 Behov
1156 2483 43 22 av
1216 2474 109 31 sådan
1345 2474 66 31 rätt
1429 2473 183 38 föreligger
1627 2473 151 32 emeller-
