1914 2800
78 1558 126 25 Utskottet.

251 159 15 29 2
651 162 121 31 Första
791 160 238 38 lagutskottets
1049 159 177 31 utlåtande
1245 168 42 22 nr
1312 160 49 30 38.

252 249 179 27 mentaren
452 246 48 29 till
518 245 336 38 jorddelningslagen
872 244 140 30 anslutit
1033 243 50 36 sig
1102 243 49 30 till
1173 243 66 29 den
1256 242 277 37 uppfattningen,
1554 245 47 28 att
1624 242 38 30 så
1683 242 73 30 icke

252 290 38 29 är
310 287 240 36 förhållandet,
570 287 66 30 och
656 296 133 21 samma
808 286 138 36 mening
967 286 96 30 torde
1085 295 81 21 vara
1188 286 142 29 allmänt
1348 284 170 31 omfattad
1536 285 9 29 i
1567 285 125 36 praxis.

297 331 74 31 Vad
397 340 47 21 nu
469 333 89 33 sagts
585 330 154 35 innebär,
767 332 47 28 att
840 330 68 29 rätt
931 331 49 28 att
1003 328 161 31 använda
1190 337 132 21 annans
1347 327 100 30 mark
1474 327 125 30 saknas
1624 327 9 29 i
1659 327 97 36 fråga

251 384 57 20 om
327 373 205 36 mätningar,
553 382 75 20 som
647 372 173 30 erfordras
838 371 54 31 för
909 371 232 37 upprättande
1160 380 42 21 av
1221 370 118 30 kartor
1357 369 51 31 till
1427 370 111 35 grund
1556 369 55 30 för
1628 369 127 36 förslag

253 417 48 29 till
327 415 273 36 tomtindelning,
625 415 186 36 stadsplan,
837 413 263 38 byggnadsplan
1125 414 80 29 eller
1231 413 182 36 stomplan.
1439 412 65 31 Vid
1529 412 117 37 dylika
1671 413 84 29 mät-

252 459 122 36 ningar
395 460 39 29 är
457 458 55 31 det
532 458 10 30 i
566 458 91 36 regel
677 457 212 36 nödvändigt
912 460 48 27 att
983 458 128 29 utsätta
1135 456 90 30 fasta
1249 455 237 36 markeringar
1509 454 55 31 för
1587 455 168 36 triangel-,

253 503 162 35 polygon-
438 502 65 30 och
524 500 202 37 fixpunkter
749 510 44 20 m.
817 509 45 21 m.
888 503 88 27 samt
999 498 74 31 ofta
1097 500 87 29 även
1207 501 48 27 att
1278 497 45 37 på
1346 498 144 31 marken
1511 498 81 29 eller
1613 497 20 30 å
1653 497 102 36 bygg-

251 545 106 30 nader
380 543 150 37 uppföra
553 542 439 36 observationsställningar
1016 542 65 30 och
1107 541 155 36 signaler.
1287 541 130 36 Vägrar
1439 540 182 37 jordägare
1641 539 115 31 veder-

253 587 152 30 börande
437 586 308 36 förrättningsmän
775 586 80 29 eller
888 585 97 30 deras
1015 584 292 37 uppdragsgivare
1337 586 48 27 att
1415 582 55 30 för
1499 582 186 31 utförande
1716 591 40 20 av

251 630 99 30 dessa
375 629 140 31 arbeten
540 629 160 30 använda
726 628 222 38 jordägarens
975 627 110 36 mark,
1112 627 71 29 kan
1208 627 154 29 avsevärt
1390 624 139 37 förfång
1553 624 203 37 tillskyndas

253 672 376 36 förrättningsmännen
657 672 64 29 och
746 670 144 31 därmed
916 673 119 33 ytterst
1063 670 41 30 de
1132 669 113 30 städer
1272 669 64 29 och
1365 668 202 35 samhällen,
1596 676 73 21 som
1698 668 59 28 äro

252 715 97 30 deras
373 714 302 37 uppdragsgivare.
702 713 52 31 Då
776 714 11 29 i
811 713 184 37 praktiken
1021 711 223 31 förekommit
1268 713 48 28 att
1343 710 226 36 medgivande
1594 710 50 29 till
1671 719 84 26 upp-

252 758 145 30 förande
422 767 41 21 av
489 755 400 37 observationsställning
915 756 145 35 vägrats,
1088 755 64 30 har
1179 754 91 30 detta
1297 752 145 31 sålunda
1468 751 289 37 nödvändiggjort

252 800 133 30 ändrad
405 801 64 29 och
490 799 134 31 mindre
645 798 207 36 fördelaktig
873 797 207 37 anläggning
1102 807 41 20 av
1163 797 55 30 det
1236 797 159 34 stomnät,
1418 805 73 21 som
1513 795 171 36 planlagts
1703 793 55 30 för

251 843 210 36 mätningen,
484 842 169 39 varjämte
672 842 112 30 denna
805 841 184 36 fördyrats.
1010 840 50 30 De
1079 839 194 36 störningar
1293 839 65 30 och
1378 839 55 29 det
1454 837 143 36 obehag,
1620 846 75 21 som
1716 846 41 20 av

252 885 262 37 ifrågavarande
542 885 141 30 arbeten
708 883 106 31 vållas
842 884 66 29 den
934 882 155 32 enskilde
1117 882 214 38 jordägaren,
1363 882 59 29 äro
1451 880 156 30 däremot
1632 879 11 30 i
1669 879 88 35 regel

252 928 133 30 relativt
405 928 193 36 obetydliga
619 928 65 29 och
705 936 82 21 vara
805 927 123 30 endast
947 926 66 30 den
1033 925 101 30 korta
1154 924 49 31 tid
1222 923 200 36 mätningen
1440 922 116 37 pågår.
1576 921 79 31 Med
1672 921 84 30 hän-

251 980 63 28 syn
334 971 51 30 till
407 971 98 31 dessa
525 969 243 32 förhållanden
790 970 66 29 och
877 968 45 37 på
939 968 113 36 grund
1074 977 42 21 av
1140 967 42 30 de
1202 967 175 30 allmänna
1398 966 177 34 intressen,
1600 973 76 21 som
1698 965 58 29 äro

252 1014 169 30 beroende
441 1023 42 21 av
499 1012 132 37 frågan,
650 1022 99 27 synes
768 1012 55 31 det
841 1011 157 37 lämpligt
1017 1013 48 28 att
1085 1010 256 30 bestämmelser
1359 1018 42 21 av
1420 1017 90 21 ovan
1528 1007 116 30 berört
1663 1006 92 30 inne-

252 1056 69 31 håll
343 1057 93 30 bliva
458 1056 203 36 tillämpliga
683 1055 129 38 jämväl
834 1054 54 30 för
907 1055 64 29 här
993 1052 266 37 ifrågavarande
1279 1051 206 36 mätningar.

295 1099 201 31 Eventuella
520 1098 259 31 bestämmelser
800 1098 11 29 i
838 1098 116 29 ämnet
980 1096 96 30 torde
1100 1096 86 29 böra
1209 1094 124 37 inflyta
1360 1094 9 30 i
1396 1093 129 30 allmän
1550 1093 64 35 lag,
1639 1091 117 31 varvid

250 1143 155 29 närmast
431 1141 297 36 stadsplanelagen
754 1140 95 30 torde
878 1137 265 38 ifrågakomma.
1170 1136 308 32 Bestämmelserna
1507 1143 103 28 synas
1639 1134 118 30 kunna

251 1185 154 30 anslutas
430 1184 51 30 till
516 1185 9 29 2
555 1184 80 36 kap.
663 1184 20 30 6
712 1184 18 37 8
760 1181 457 37 fastighetsbildningslagen
1244 1188 80 21 men
1352 1178 96 30 torde
1473 1178 84 29 böra
1587 1177 170 29 utformas

251 1227 106 31 sedan
377 1226 183 37 utredning
581 1227 56 35 ägt
657 1235 87 21 rum.

295 1295 114 31 Sedan
432 1295 163 30 utskottet
622 1294 10 29 i
657 1293 66 31 den
747 1292 145 36 ordning
920 1293 17 36 8
962 1292 41 30 46
1029 1290 351 36 riksdagsordningen
1406 1287 208 31 föreskriver
1640 1286 115 36 begärt

253 1346 158 36 yttrande
442 1347 78 29 över
549 1345 176 30 motionen
757 1342 79 32 från
867 1342 373 36 lantmäteristyrelsen,
1268 1341 63 29 har
1363 1338 123 31 sådant
1519 1337 158 38 yttrande
1709 1337 47 29 in-

251 1397 148 31 kommit
429 1396 155 40 (Bilaga).
613 1395 171 31 Utskottet
812 1393 54 32 får
892 1393 114 32 såsom
1031 1392 184 36 utredning
1241 1393 10 29 i
1278 1390 138 31 ärendet
1446 1390 144 30 hänvisa
1616 1388 50 31 till
1695 1390 61 35 ytt-

252 1449 130 30 randet.

296 1552 14 30 I
329 1553 18 29 2
369 1553 80 34 kap.
472 1552 35 28 11
531 1552 18 36 8
567 1551 100 35 lagen
686 1549 66 30 den
774 1550 38 29 18
831 1548 75 39 juni
930 1548 82 30 1926
1035 1556 57 20 om
1114 1545 137 36 delning
1270 1554 41 20 av
1331 1543 78 37 jord
1430 1541 20 32 å
1471 1542 116 31 landet
1609 1541 147 36 stadgas,

252 1606 48 27 att
321 1602 318 35 förrättningsmän,
661 1599 217 36 sakkunniga
896 1598 66 31 och
982 1594 441 39 hantlangningsmanskap
1444 1592 75 31 icke
1535 1591 59 31 må
1614 1590 143 32 hindras

255 1656 48 28 att
325 1652 126 37 övergå
473 1653 82 36 ägor
575 1651 82 31 eller
678 1650 168 36 anbringa
868 1650 144 30 märken
1033 1649 84 30 eller
1138 1646 156 37 signaler,
1316 1646 11 29 i
1350 1644 68 32 vad
1439 1645 56 29 det
1515 1644 114 30 finnes
1651 1641 105 31 erfor-

255 1704 122 36 derligt
395 1703 56 31 för
470 1702 254 31 verkställande
743 1711 42 20 av
804 1701 77 36 laga
900 1699 112 32 skifte.
1032 1700 51 29 Av
1107 1700 38 28 19
1164 1699 79 35 kap.
1264 1698 18 29 5
1304 1697 18 36 8
1343 1696 66 30 och
1429 1695 41 30 20
1490 1695 79 35 kap.
1591 1695 20 29 6
1629 1691 20 41 8
1668 1702 88 21 sam-

255 1765 56 21 ma
328 1755 56 37 lag
403 1753 102 37 följer
522 1756 49 28 att
589 1754 100 29 dessa
707 1751 258 31 bestämmelser
984 1751 64 35 äga
1066 1748 220 36 tillämpning
1302 1746 130 37 jämväl
1454 1745 57 30 vid
1531 1742 226 39 avstyckning

253 1806 64 29 och
347 1804 170 37 åtskilliga
540 1803 111 31 andra
680 1803 71 35 slag
778 1811 41 21 av
847 1798 447 36 lantmäteriförrättningar
1319 1796 19 31 å
1367 1795 248 37 landsbygden.
1644 1793 112 35 Enligt

254 1855 237 37 hänvisning
478 1843 21 53 i
514 1856 18 29 5
552 1855 80 36 kap.
658 1855 18 29 2
699 1854 18 36 8
741 1853 64 30 och
825 1854 19 28 6
865 1852 80 36 kap.
971 1852 13 28 1
1009 1851 65 29 och
1100 1851 38 28 12
1161 1849 40 37 $$
1222 1849 98 35 lagen
1344 1847 66 30 den
1437 1848 37 28 12
1498 1844 70 37 maj
1595 1846 82 29 1917
1701 1854 55 19 om

253 1905 336 38 fastighetsbildning
618 1904 9 30 i
656 1904 76 30 stad
761 1903 97 30 skola
888 1910 133 22 samma
1046 1899 257 31 bestämmelser
1334 1898 173 35 tillämpas
1536 1896 9 30 i
1575 1894 99 37 fråga
1701 1904 55 20 om

253 1958 90 30 vissa
364 1956 257 36 förrättningar,
640 1964 75 21 som
733 1954 211 35 handläggas
965 1951 103 36 enligt
1087 1950 217 31 sistnämnda
1325 1949 64 35 lag,
1408 1947 175 36 nämligen
1601 1945 155 38 avstyck-

253 2008 91 36 ning,
370 2008 77 36 laga
469 2007 111 37 skifte,
604 2005 183 37 ägoutbyte
813 2004 66 30 och
902 2000 371 38 servitutsutbrytning.
1299 1998 225 31 Beträffande
1551 1996 207 34 förrättning

254 2068 75 21 som
351 2067 97 22 avses
467 2058 10 29 i
499 2059 18 28 2
537 2057 80 36 kap.
638 2054 466 37 fastighetsbildningslagen,
1130 2052 31 30 d.
1185 2061 29 20 v.
1238 2061 24 20 s.
1284 2049 243 35 tomtmätning
1551 2048 66 30 och
1642 2047 115 36 gräns-

253 2108 227 36 bestämning,
505 2107 90 37 gälla
622 2106 103 36 enligt
752 2105 160 37 kapitlets
939 2105 19 29 6
984 2104 18 37 8
1030 2102 166 31 liknande
1224 2100 267 35 bestämmelser,
1521 2096 237 32 innefattande

253 2161 44 30 bl.
321 2170 30 21 a.
378 2161 68 29 rätt
470 2159 53 30 för
549 2157 377 36 förrättningsmannen
953 2157 49 28 att
1024 2157 85 27 utan
1133 2152 137 31 särskilt
1296 2152 55 30 lov
1377 2149 130 32 erhålla
1532 2148 150 31 tillträde
1710 2145 48 32 till

253 2210 208 38 byggnader.

299 2262 52 30 Nu
382 2260 147 31 anförda
559 2258 258 31 bestämmelser
848 2266 79 21 avse
956 2256 144 30 allenast
1128 2251 447 36 lantmäteriförrättningar
1606 2250 9 29 i
1647 2250 109 34 egent-

253 2312 45 37 lig
319 2312 148 36 mening.
491 2311 49 30 Av
564 2311 41 30 20
629 2311 79 35 kap.
735 2309 38 29 10
796 2307 21 40 8
840 2306 339 38 jorddelningslagen
1202 2304 102 36 följer
1326 2302 189 31 emellertid
1539 2304 49 28 att
1612 2299 145 31 bestäm-

254 2363 171 30 melserna
445 2362 9 30 i
477 2363 18 29 2
519 2362 79 35 kap.
623 2361 37 29 11
685 2358 20 40 8
724 2368 136 21 samma
881 2358 55 35 lag
957 2357 97 30 skola
1074 2356 66 36 äga
1162 2354 217 36 tillämpning
1400 2352 129 36 jämväl
1552 2352 9 28 i
1584 2349 97 36 fråga
1703 2358 55 20 om

253 2412 109 31 sådan
383 2411 201 38 avmätning
609 2420 41 21 av
675 2410 87 36 jord,
787 2417 74 22 som
885 2407 86 31 efter
993 2405 236 32 förordnande
1253 2414 41 21 av
1317 2402 218 37 länsstyrelse
1555 2399 203 32 verkställes

253 2473 42 20 av
314 2463 209 31 lantmätare
542 2461 84 30 eller
646 2469 115 22 annan
782 2467 135 29 person,
939 2456 142 36 behörig
1104 2459 47 28 att
1173 2455 125 31 inneha
1320 2453 194 35 befattning
1536 2451 114 31 såsom
1673 2451 84 29 mät-
