2214 2634
445 208 19 27 4
889 207 289 33 Bankoutskottets
1203 209 172 33 utlåtande
1397 210 52 33 Nr
1475 213 52 30 12.

537 282 312 38 handelskammare,

536 324 74 30 hela
632 325 82 30 riket
737 326 203 31 omfattande
962 327 184 39 föreningar
1168 329 76 30 med
1267 329 245 41 allmännyttigt
1535 331 93 39 syfte,
1651 334 83 28 samt

536 366 99 30 andra
668 367 229 38 institutioner,
920 369 88 30 vilka
1031 369 80 30 efter
1134 370 223 40 fullmäktiges
1380 372 159 39 prövning
1561 375 54 28 äro
1638 374 11 29 i
1672 374 103 31 behov
1798 384 39 21 av
1858 375 156 39 riksdags-

402 407 137 39 trycket;

536 449 122 40 ägande
692 450 203 40 fullmäktige
918 454 65 28 rätt
1005 455 55 35 att,
1087 453 41 30 då
1150 454 156 31 särskilda
1329 455 69 30 skäl
1420 456 160 39 föreligga,
1603 456 148 31 utlämna
1773 467 124 21 samma
1920 459 92 39 tryck

405 491 234 32 kostvadsfritt.

763 601 48 32 II.
866 603 193 40 Utlämning
1083 614 40 21 av
1146 604 94 32 äldre
1265 605 248 41 riksdagstryck
1535 616 41 22 m.
1601 617 40 21 m.

1169 680 18 38 $
1216 681 28 30 5.

536 746 97 36 Äldre
656 753 152 39 årgångar
831 763 39 21 av
893 754 268 41 riksdagstrycket
1184 757 54 30 må
1261 759 77 28 utan
1361 758 100 38 avgift
1484 758 161 31 utlämnas
1668 759 50 30 till
1733 759 203 32 ämbetsverk
1951 761 59 30 och

402 792 233 41 myndigheter,
658 795 89 31 vilka
769 796 114 30 hittills
906 798 29 38 ej
960 798 128 30 erhållit
1110 808 124 21 samma
1257 800 101 39 tryck,
1382 810 74 20 men
1479 801 49 30 för
1550 801 57 30 sitt
1628 802 107 29 arbete
1758 804 53 28 äro
1827 803 10 29 i
1853 802 103 31 behov
1972 812 39 21 av

402 835 190 37 detsamma,
616 839 150 28 ävensom
790 838 49 29 till
861 839 204 38 nyinrättade
1088 840 210 32 ämbetsverk.

1170 931 17 39 8
1212 932 28 30 6.

535 1003 216 40 Fullmäktige
784 1007 57 37 äga
874 1005 108 31 vidare
1013 1007 157 39 medgiva,
1205 1010 47 28 att
1285 1008 86 31 äldre
1405 1008 239 41 riksdagstryck
1671 1011 54 29 må
1747 1010 263 32 tillhandahållas

401 1045 155 30 bibliotek
589 1046 76 30 eller
695 1046 99 31 andra
816 1048 227 38 institutioner,
1067 1050 71 29 från
1161 1050 87 31 vilka
1270 1051 238 39 framställning
1531 1052 109 30 därom
1665 1055 102 36 göres;
1799 1054 59 30 och
1882 1054 129 30 ankom-

400 1097 68 19 mer
501 1088 42 38 på
575 1088 220 39 fullmäktiges
829 1091 166 38 prövning,
1030 1092 160 30 huruvida
1223 1102 125 21 samma
1381 1093 93 40 tryck
1497 1094 82 30 skall
1601 1095 163 30 utlämnas
1787 1095 224 31 kostnadsfritt

401 1128 76 30 eller
499 1132 68 27 mot
590 1129 127 31 nedsatt
739 1131 108 37 avgift.

1176 1209 19 38 8
1219 1209 27 30 7.

536 1263 157 31 Enskilda
716 1274 149 29 personer
887 1265 111 30 kunna
1021 1267 211 30 utbekomma
1255 1267 133 31 bundna
1411 1269 165 39 exemplar
1599 1280 39 21 av
1664 1270 271 40 riksdagstrycket
1960 1270 51 30 till

401 1315 38 21 av
473 1305 169 39 riksdagen
667 1306 137 31 bestämt
827 1308 64 38 pris
913 1310 78 28 utav
1014 1308 71 40 fyra
1108 1312 52 27 öre
1183 1320 55 29 per
1260 1310 56 29 ark
1339 1321 39 20 av
1401 1311 200 39 protokollen
1624 1315 85 28 samt
1734 1314 52 30 två
1808 1315 52 28 öre
1884 1323 54 29 per
1954 1313 57 30 ark

401 1357 38 20 av
474 1347 161 39 bihanget,
669 1348 82 31 dock
785 1348 74 31 med
887 1352 63 28 rätt
971 1350 49 30 för
1042 1351 205 39 fullmäktige
1270 1354 46 28 att
1339 1353 10 29 i
1372 1353 157 31 särskilda
1551 1354 59 29 fall
1633 1355 117 39 bevilja
1772 1354 207 39 nedsättning
2001 1355 10 29 i

400 1389 133 30 berörda
555 1390 73 38 pris.

1168 1452 19 38 8
1211 1452 27 30 8.

534 1507 189 40 Utlämning
756 1519 39 21 av
827 1510 191 39 fullständig
1049 1511 118 38 årgång
1200 1522 39 20 av
1271 1512 272 41 riksdagstrycket
1566 1513 100 39 enligt
1688 1514 320 31 bestämmelserna
1988 1503 24 54 i

399 1548 41 38 $$
474 1550 83 30 5—7
591 1551 58 29 här
671 1560 82 22 ovan
777 1552 48 30 får
847 1552 114 31 endast
982 1553 66 36 ske,
1072 1553 111 31 såvida
1206 1554 226 39 behållningen
1457 1555 97 31 därav
1576 1556 171 38 överstiger
1762 1566 55 21 sex
1834 1557 172 39 exemplar.

1168 1645 20 38 8
1210 1646 29 30 9.

533 1701 49 30 Av
605 1701 120 38 Kungl.
750 1701 93 41 Maj:t
866 1703 134 30 tillsatta
1023 1704 206 30 kommittéer
1251 1705 59 29 och
1334 1705 154 30 liknande
1511 1705 210 39 beredningar
1743 1709 59 36 äga
1825 1709 56 34 att,
1901 1706 107 31 därest

398 1741 272 41 riksdagstrycket
692 1744 29 38 ej
746 1745 41 37 på
810 1747 99 28 annat
931 1748 64 27 sätt
1017 1748 34 27 är
1073 1746 49 30 för
1144 1745 74 31 dem
1241 1746 204 39 tillgängligt,
1469 1747 212 31 utbekomma
1703 1748 39 30 de
1766 1748 86 31 delar
1873 1758 39 20 av
1927 1758 80 21 sam-

398 1793 54 19 ma
484 1784 101 38 tryck,
619 1794 69 20 som
722 1785 50 30 för
798 1786 91 30 deras
913 1787 106 30 arbete
1043 1788 166 35 erfordras,
1233 1788 82 30 dock
1337 1789 74 30 med
1434 1789 184 39 skyldighet
1641 1792 46 28 att
1710 1790 80 30 efter
1812 1790 194 39 uppdragets

397 1824 202 39 fullgörande
620 1827 162 30 återställa
805 1828 53 30 det
881 1831 183 37 emottagna
1087 1830 132 39 trycket.

1163 1904 19 38 8
1207 1905 48 30 10.

533 1960 59 29 För
625 1962 47 28 att
705 1971 74 20 vara
812 1961 198 41 tillgängliga
1042 1963 50 30 till
1125 1963 181 31 ersättande
1339 1973 40 21 av
1402 1964 153 40 möjligen
1578 1965 172 31 förkomna
1772 1966 87 30 delar
1881 1966 10 30 i
1914 1966 93 41 eljest

396 2001 210 40 fullständiga
628 2004 152 38 årgångar
803 2014 38 21 av
863 2004 271 41 riksdagstrycket
1156 2006 89 30 skola
1267 2006 49 30 för
1339 2007 87 39 varje
1448 2007 129 39 riksdag
1599 2010 45 28 ett
1666 2008 87 30 antal
1776 2008 165 40 exemplar
1968 2020 39 20 av

397 2044 88 29 såväl
518 2044 186 39 riksdagens
739 2046 159 38 protokoll
926 2057 67 20 som
1030 2048 153 38 bihanget
1205 2047 108 31 därtill
1335 2048 87 38 (med
1445 2049 165 39 undantag
1632 2060 39 21 av
1694 2050 100 30 andra
1816 2050 192 40 samlingen)

397 2086 128 30 särskilt
559 2087 114 30 bindas
706 2088 60 29 och
798 2088 141 31 förvaras
973 2090 10 29 i
1017 2090 314 38 riksgäldskontoret.
1378 2091 118 30 Tillika
1519 2092 83 29 skall
1629 2103 39 19 av
1691 2092 54 31 det
1767 2092 55 31 vid
1844 2094 88 38 varje
1955 2094 50 30 års

397 2128 66 30 slut
495 2129 186 30 överblivna
714 2130 272 40 riksdagstrycket
1008 2131 11 30 i
1042 2133 76 29 mån
1141 2142 39 21 av
1202 2132 135 39 tillgång
1359 2133 201 39 undantagas
1583 2135 60 29 och
1665 2135 11 29 i
1699 2134 307 40 riksgäldskontoret

396 2170 141 30 förvaras
560 2180 39 20 en
622 2171 140 39 samling
783 2172 67 31 lösa
873 2173 110 30 häften
1007 2174 49 30 till
1080 2177 46 27 ett
1148 2175 87 30 antal
1259 2184 39 21 av
1321 2175 100 30 minst
1445 2176 38 30 25
1507 2176 59 30 och
1590 2176 93 39 högst
1705 2177 40 30 50
1769 2177 166 39 exemplar
1956 2178 50 30 för

398 2213 84 38 varje
516 2213 97 30 bäfte.
659 2214 49 30 Av
741 2214 91 30 dessa
865 2224 23 20 s.
923 2215 30 31 k.
988 2215 144 31 defekter
1155 2217 60 29 och
1238 2216 67 31 lösa
1328 2217 112 31 häften
1463 2220 58 37 äga
1544 2219 213 36 ämbetsmän,
1781 2219 225 39 myndigheter

396 2254 60 30 och
478 2254 205 32 kommittéer
705 2256 211 31 utbekomma
938 2257 39 31 de
1000 2258 96 37 delar,
1120 2268 69 21 gom
1212 2259 49 30 för
1283 2259 90 31 deras
1392 2260 101 39 tjänst
1508 2260 75 31 eller
1599 2261 105 30 arbete
1720 2264 54 27 äro
1789 2262 214 39 erforderliga.
