1902 2798
446 156 298 36 Statsutskottets
763 154 187 35 utlåtande
969 167 43 21 nr
1030 156 45 32 99
1095 153 39 34 år
1154 155 91 32 1960
1572 153 19 30 5

127 239 34 41 7)
192 237 359 43 forskningsingenjör
567 237 11 34 i
594 237 50 33 Ae
658 239 41 31 21
718 236 11 34 i
746 235 119 35 stället
881 234 54 34 för
952 234 10 34 i
978 234 55 42 Ag
1046 237 40 30 21
1105 233 61 34 vid
1181 231 136 44 fysiska
1333 230 260 39 institutionen,

127 284 35 42 8)
193 283 226 34 beräknande
435 294 45 22 av
495 281 113 34 medel
623 281 54 34 för
691 278 336 44 lönegradsändring
1042 290 45 21 av
1103 277 93 34 vissa
1211 276 152 43 tjänster
1379 275 60 34 vid
1455 275 138 34 univer-

194 327 132 36 sitetet.

149 407 232 34 Beträffande
397 406 201 44 punkterna
613 406 30 33 B
660 409 41 30 10
719 409 94 30 samt
830 404 29 35 C
873 408 20 30 4
911 403 66 35 och
994 403 29 35 C
1038 406 20 31 7
1074 402 64 34 har
1154 402 141 42 begärts
1311 399 284 44 bemyndigande

104 461 56 36 för
175 462 132 43 Kungl.
323 461 112 43 Maj:t
451 466 55 29 att
522 460 197 39 framdeles,
735 458 90 35 efter
840 458 131 42 förslag
987 469 45 22 av
1048 456 175 40 kanslern,
1239 455 140 34 besluta
1394 455 12 33 i
1421 453 100 44 fråga
1537 465 59 22 om

105 516 214 43 inplacering
342 516 10 34 i
376 516 166 41 lönegrad
566 514 66 34 och
655 513 198 42 fördelning
875 513 48 42 på
946 511 241 35 institutioner
1211 522 46 22 av
1281 509 12 34 i
1317 509 101 34 dessa
1441 507 154 44 punkter

104 569 154 43 angivna
280 570 163 42 tjänster.

152 691 401 46 Departementschefen
570 691 65 34 har
651 691 81 34 med
751 689 174 36 avseende
942 689 48 43 på
1007 689 68 34 den
1093 700 46 22 av
1155 686 165 36 kanslern
1339 684 258 36 aktualiserade

106 746 123 44 frågan
253 760 59 22 om
335 747 67 34 den
425 745 169 35 framtida
617 744 211 43 ställningen
851 756 46 22 av
919 741 281 36 Wenner-Grens
1223 740 145 35 institut
1390 739 55 34 för
1467 738 131 44 experi-

106 801 144 35 mentell
269 801 128 43 biologi
415 812 47 22 m.
474 812 48 22 m.
541 798 118 35 anfört
676 798 169 43 följande.

152 873 19 34 I
191 872 111 35 likhet
322 871 81 35 med
422 871 164 34 kanslern
607 870 113 34 finner
739 869 61 42 jag
819 868 62 35 det
901 867 220 44 synnerligen
1142 866 196 43 angeläget,
1358 869 56 30 att
1432 864 167 35 Wenner-

108 918 113 34 Grens
239 916 144 35 institut
401 915 54 35 för
473 914 259 44 experimentell
751 912 141 43 biologi,
910 911 204 44 fysiologisk
1131 910 94 35 kemi
1244 910 66 34 och
1328 911 271 33 ämnesomsätt-

108 961 285 43 ningsforskning
407 960 88 34 skall
510 960 45 34 ha
569 958 184 43 möjlighet
769 963 55 29 att
839 957 170 34 fortsätta
1024 956 52 35 sm
1092 955 226 34 verksamhet
1333 953 89 35 efter
1436 953 11 34 i
1461 952 138 35 huvud-

109 1007 63 34 sak
191 1017 137 23 samma
346 1004 174 43 riktlinjer
539 1016 75 22 som
633 1003 137 35 hittills.
789 1002 177 35 Kanslern
985 1001 65 34 har
1068 1000 11 33 i
1098 999 63 35 sitt
1181 999 130 42 förslag
1329 998 52 34 till
1401 997 199 35 institutets

108 1050 232 35 överförande
360 1050 54 34 till
434 1048 246 35 universitetet
700 1047 11 33 i
731 1047 208 34 Stockholm
959 1045 159 34 förordat
1137 1044 76 34 icke
1234 1042 205 44 obetydliga
1459 1041 141 34 föränd-

109 1096 116 41 ringar
242 1095 11 33 i
271 1094 100 42 fråga
388 1106 59 22 om
464 1091 460 45 personalorganisationen.
941 1090 19 34 I
978 1090 101 33 detta
1097 1088 173 34 avseende
1288 1087 101 34 torde
1407 1085 194 36 emellertid

109 1140 166 42 förslaget
289 1139 86 34 böra
389 1137 203 44 ytterligare
607 1136 238 39 överarbetas,
859 1134 120 35 varför
992 1134 61 34 det
1067 1133 100 35 torde
1182 1132 37 34 få
1233 1132 192 34 ankomma
1437 1131 48 43 på
1497 1130 104 34 kans-

111 1185 71 33 lern
205 1189 56 29 att
289 1196 3 21 i
316 1182 173 35 samband
511 1181 80 35 med
615 1181 52 34 sin
690 1177 401 45 anslagsframställning
1113 1175 180 45 angående
1315 1175 287 35 medelsbehovet

111 1228 111 35 under
238 1226 231 36 förevarande
487 1226 121 42 anslag
624 1225 53 34 för
693 1224 212 43 budgetåret
924 1222 156 43 1961/62
1098 1221 128 43 avgiva
1242 1225 54 29 ett
1313 1220 144 42 förnyat
1473 1218 130 43 förslag

111 1273 52 34 till
180 1272 267 35 institutionens
464 1270 169 35 framtida
649 1268 252 44 organisation.
918 1268 74 33 Det
1009 1270 38 31 är
1064 1265 193 35 emellertid
1274 1264 75 35 min
1366 1262 237 45 förhoppning

111 1322 57 30 att
187 1316 330 36 Wenner-Grenska
539 1314 203 35 samfundet
765 1317 90 30 även
877 1312 55 34 för
953 1311 211 43 budgetåret
1187 1309 155 43 1960/61
1366 1309 160 34 kommer
1547 1312 56 29 att

111 1360 119 35 lämna
246 1360 182 35 institutet
446 1358 211 44 driftbidrag
673 1359 11 34 i
701 1370 137 22 samma
855 1356 248 41 utsträckning
1119 1367 76 22 som
1212 1354 138 34 hittills.

157 1457 56 35 En
229 1471 49 31 ny
293 1457 210 43 utgiftspost
520 1456 210 34 »Livräntor
745 1467 47 22 m.
805 1467 68 21 m.»
891 1454 48 43 på
955 1452 235 42 sammanlagt
1207 1455 66 30 306
1288 1454 66 31 000
1370 1451 129 33 kronor
1514 1448 89 35 före-

113 1512 67 35 slås
199 1513 120 33 vidare
339 1511 199 34 tillkomma
555 1510 79 34 från
652 1509 66 35 och
736 1509 82 34 med
835 1511 106 31 nästa
959 1506 185 43 budgetår.
1162 1505 79 35 Vad
1261 1503 343 44 departementsche-

113 1565 58 35 fen
189 1567 12 33 i
218 1566 174 34 samband
410 1565 81 34 med
509 1564 102 35 detta
627 1563 130 43 förslag
775 1561 120 35 anfört
912 1561 155 42 framgår
1085 1562 161 31 närmare
1266 1571 46 21 av
1329 1557 275 44 propositionen,

114 1631 27 24 s.
160 1624 53 30 19.

159 1714 402 44 Departementschefen
580 1713 65 35 har
664 1713 76 34 icke
761 1713 130 34 biträtt
911 1717 54 29 ett
985 1711 130 43 förslag
1134 1710 78 34 från
1233 1709 164 34 kanslern
1418 1721 59 22 om
1497 1708 108 34 inrät-

115 1770 108 35 tande
245 1782 46 23 av
311 1782 44 22 en
376 1768 175 45 personlig
570 1767 177 43 professur
768 1767 11 34 i
801 1764 318 44 strålningsbiologi
1141 1763 54 35 för
1216 1764 174 34 docenten
1410 1762 41 36 L.
1472 1762 134 34 Ehren-

115 1823 95 43 berg.

162 1924 18 33 I
198 1923 161 43 gällande
378 1921 257 43 avlöningsstat
653 1921 54 33 för
725 1920 224 34 Stockholms
967 1918 169 43 högskola
1155 1920 38 31 är
1211 1916 194 43 utgifterna
1424 1920 184 38 upptagna

116 1977 81 34 med
221 1980 38 30 11
277 1979 65 31 169
357 1980 66 30 000
443 1975 140 34 kronor.
605 1973 258 35 Motsvarande
885 1971 147 44 utgifter
1053 1971 111 34 under
1185 1982 48 22 nu
1255 1968 270 44 ifrågavarande
1548 1980 60 21 an-

117 2029 75 44 slag
211 2029 173 35 beräknas
404 2028 54 34 för
477 2031 104 31 nästa
600 2027 174 42 budgetår
794 2026 53 34 till
870 2029 41 30 12
926 2028 65 32 919
1006 2028 66 31 000
1092 2024 139 34 kronor.
1252 2023 56 34 De
1329 2022 171 35 särskilda
1520 2033 88 31 upp-

118 2082 245 34 bördsmedlen
389 2081 172 35 beräknas
585 2080 52 34 till
663 2084 65 30 600
744 2084 66 30 000
834 2079 141 40 kronor,
999 2077 119 35 varför
1141 2077 79 33 hela
1245 2076 158 42 anslaget
1427 2075 55 34 för
1504 2078 106 31 nästa

119 2135 185 43 budgetår,
318 2135 116 34 såsom
450 2135 147 42 tidigare
612 2132 207 40 redovisats,
834 2131 144 34 föreslås
993 2130 146 44 uppfört
1154 2130 81 34 med
1252 2133 42 30 12
1309 2132 65 31 319
1389 2132 66 31 000
1469 2128 140 34 kronor.

168 2260 197 35 Utskottet.
383 2260 88 34 Med
491 2259 188 42 anledning
698 2270 45 22 av
762 2258 70 33 vad
851 2258 11 33 i
881 2256 222 34 motionerna
1121 2256 30 32 I:
1166 2258 66 31 526
1251 2254 67 34 och
1337 2254 49 33 II:
1402 2257 65 31 653
1487 2253 123 43 yrkats

119 2314 55 34 får
200 2315 178 33 utskottet
406 2312 197 40 framhålla,
631 2317 55 28 att
714 2311 180 34 utskottet
920 2309 76 33 icke
1025 2311 38 31 är
1090 2308 115 33 berett
1233 2311 57 29 att
1317 2306 141 34 biträda
1485 2305 125 34 motio-

121 2368 165 32 närernas
301 2365 131 42 förslag
446 2377 58 21 om
519 2364 202 34 inrättande
738 2376 45 21 av
799 2375 43 21 en
858 2361 177 44 professur
1051 2361 10 34 i
1077 2359 319 43 företagsekonomi
1412 2359 60 34 vid
1488 2358 123 34 Stock-
