2200 2634
446 202 21 29 4
834 200 397 32 Konstitutionsutskottets
1262 200 168 33 Utlåtande
1452 201 64 32 N:o
1543 204 27 29 7.

1125 776 85 41 N:o
1241 775 42 40 7.

943 930 78 28 Ank.
1045 930 49 29 till
1117 930 102 29 Riksd.
1243 930 98 28 kansli
1364 931 56 27 den
1447 931 36 28 18
1506 931 78 37 april
1609 932 89 34 1898,
1722 932 39 28 kl.
1786 932 18 28 3
1828 941 26 20 e.
1878 942 37 18 m.

609 1058 443 53 Konstitutionsutskottets
1084 1059 196 46 utlåtande,
1319 1059 16 35 i
1367 1058 193 48 anledning
1587 1058 46 47 af
1657 1059 103 36 väckt
1786 1060 130 36 motion
1945 1073 54 23 om

809 1110 126 48 tillägg
965 1110 53 36 till
1045 1112 46 42 $$
1118 1110 24 36 9
1170 1111 61 36 och
1261 1110 45 36 19
1333 1110 371 48 riksdagsordningen.

512 1210 64 37 Uti
604 1224 44 23 en
678 1211 100 35 inom
809 1211 129 36 Andra
967 1211 227 37 Kammaren
1224 1211 113 37 väckt
1365 1211 70 36 och
1464 1210 56 36 till
1540 1211 461 39 konstitutionsutskottet

408 1261 185 37 hänvisad
621 1262 156 47 motion,
806 1275 62 23 n:o
899 1264 86 45 231,
1014 1263 68 36 har
1109 1263 87 37 herr!
1228 1262 69 38 Ola
1325 1263 150 36 Persson
1502 1263 12 36 i
1542 1262 174 50 Rinkaby
1734 1264 191 47 hemstält,
1945 1270 55 31 att

410 1313 217 49 Riksdagen
668 1314 87 36 ville
797 1313 55 37 till
886 1314 177 36 hvilande
1092 1315 58 36 för
1177 1314 129 37 vidare
1334 1314 315 50 grundlagsenlig
1676 1315 232 49 behandling
1936 1330 63 23 an-

408 1371 90 41 taga
527 1365 166 48 följande
721 1365 136 48 tillägg
884 1365 56 36 till
969 1364 45 50 $$
1044 1367 20 34 9
1095 1366 69 36 och
1197 1368 45 34 19
1271 1366 402 48 riksdagsordningen.

1160 1484 20 50 g
1215 1487 33 35 9.

411 1694 47 6 —
485 1695 44 4 —
561 1674 191 36 frånträde
781 1674 73 37 han
883 1674 58 37 sin
969 1674 225 50 befattning.

512 1725 225 49 Emottager
764 1726 265 49 riksdagsman
1057 1726 154 38 kallelse
1240 1726 57 36 till
1324 1726 164 37 ledamot
1515 1727 39 36 af
1571 1727 216 48 statsrådet,
1806 1728 192 36 frånträde

410 1777 74 37 han
513 1777 57 37 sin
599 1778 214 49 befattning
842 1792 79 23 som
951 1778 278 50 riksdagsman,
1259 1792 85 24 men
1372 1779 74 36 kan
1475 1778 191 50 omväljas.

513 1982 73 37 Till
613 1982 209 38 ledamöter
894 2005 24 4 —
960 2005 35 5 —
1037 2006 114 5 ——
1182 2005 584 7 ——-———r
1618 1978 151 56 rn
1798 2007 34 3 0
1874 2008 46 4 —

411 2057 47 5 —
489 2058 46 3 —
566 2058 45 3 —
641 2035 60 37 för
727 2035 128 37 hvilka
883 2036 47 37 de
959 2035 131 51 väljas.

514 2087 223 50 Emottager
764 2088 264 49 riksdagsman
1058 2087 153 38 kallelse
1239 2089 54 36 till
1324 2088 165 38 ledamot
1516 2089 42 37 af
1573 2089 213 47 statsrådet,
1807 2089 192 37 frånträde

410 2139 73 36 han
513 2139 58 36 sin
599 2139 219 49 befattning
847 2153 80 23 som
958 2140 279 48 riksdagsman,
1267 2154 86 23 men
1381 2141 74 35 kan
1484 2140 195 48 omväljas.

513 2242 237 37 Motionären
791 2243 67 36 har
898 2243 12 36 i
951 2243 104 37 detta
1095 2243 146 49 förslag
1281 2242 33 49 ej
1356 2247 83 45 gått
1480 2246 41 34 så
1557 2243 107 49 långt
1696 2256 82 23 som
1806 2243 54 36 uti
1889 2256 46 23 en
1963 2243 40 36 af

409 2294 141 36 honom
579 2294 63 37 vid
671 2294 179 37 nästlidet
878 2297 59 34 års
966 2295 159 48 riksdag
1152 2296 113 36 väckt
1293 2295 145 36 motion
1465 2295 13 36 i
1506 2300 136 32 ämnet.
1686 2295 84 36 Han
1790 2294 209 38 hemstälde
