2206 2628
403 188 18 28 6
587 186 117 32 Andra
729 186 202 33 kammarens
948 186 147 40 fjärde
1121 187 173 43 tillfälliga
1317 189 137 32 utskotts
1479 189 176 32 utlåtande
1680 189 52 31 Nr
1757 191 52 29 17.

399 266 265 42 Ifrågavarande
688 267 220 33 kommunala
933 278 105 31 organ
1064 268 112 33 ålades
1201 269 117 33 vidare
1343 272 47 29 att
1415 269 10 32 i
1442 269 203 38 samverkan
1662 270 77 32 med
1757 269 254 44 vederbörande

399 312 222 32 kommunala
656 312 239 42 myndigheter
930 313 104 32 verka
1069 314 53 31 för
1157 315 220 41 upptagande
1412 314 79 32 eller
1526 315 201 32 forcerande
1763 325 43 23 av
1842 315 170 33 ordinarie

399 358 223 30 kommunala
646 357 190 42 byggnads-
861 357 79 33 eller
964 358 107 32 andra
1095 359 162 42 lämpliga
1283 360 247 40 arbetsföretag
1554 362 98 36 samt,
1685 360 4 31 i
1717 361 80 31 mån
1822 370 42 23 av
1889 360 121 38 behov,

399 401 222 33 anordnande
646 413 42 21 av
713 402 164 32 särskilda
902 402 333 43 nödhbjälpsarbeten.

534 446 183 43 Samtidigt
753 449 85 30 satte
873 448 269 32 kommissionen
1172 449 50 41 sig
1247 449 10 31 i
1282 449 207 32 förbindelse
1514 448 80 33 med
1619 449 41 31 de
1685 449 148 33 centrala
1857 450 155 42 myndig-

398 492 103 39 heter,
528 493 44 41 på
596 492 109 32 vilkas
729 492 261 42 handläggning
1015 496 104 29 större
1144 493 177 42 offentliga
1345 494 245 41 arbetsföretag
1608 498 58 28 äro
1684 493 176 40 beroende,
1879 495 10 31 i
1905 495 107 32 första

398 537 93 32 hand
527 537 145 31 sålunda
707 537 183 42 järnvägs-,
927 538 219 39 vattenfalls-,
1183 543 77 37 väg-
1286 539 63 31 och
1374 538 312 42 vattenbyggnads-
1711 542 87 29 samt
1822 539 189 32 lantbruks-

398 581 212 43 styrelserna.
659 582 77 31 Med
772 582 95 32 deras
899 583 209 32 medverkan
1134 583 219 33 verkställdes
1378 583 144 32 sålunda
1547 594 42 21 en
1615 584 90 41 slags
1729 584 216 41 inventering
1969 595 43 22 av

398 627 41 32 de
463 626 217 42 möjligheter
704 627 50 31 till
779 627 279 38 arbetstillfällen,
1084 638 72 21 som
1182 639 123 31 genom
1332 631 125 29 statens
1474 628 132 32 direkta
1624 629 388 40 företagarverksamhet

398 672 80 32 eller
513 681 125 31 genom
674 674 125 29 statens
824 672 185 32 understöd
1045 672 116 32 kunde
1197 673 151 33 beredas.
1395 673 193 32 Enuahanda
1613 673 249 32 hänvändel!ser
1886 673 126 33 skedde

397 716 51 32 till
480 716 217 41 landstingen
734 719 96 37 samt,
868 727 122 31 genom
1023 717 201 42 länshjälps-
1249 718 80 32 eller
1353 717 40 33 de
1418 718 223 32 kommunala
1665 718 272 39 kommittéerna,
1962 719 51 32 till

397 764 105 29 större
527 761 156 33 enskilda
707 762 141 41 företag.
896 762 279 32 Kommissionen
1196 762 163 33 bereddes
1377 763 116 32 vidare
1510 762 134 32 tillfälle
1661 765 57 37 att,
1736 774 40 20 ur
1793 763 219 42 synpunkten

397 817 43 22 av
475 805 282 34 arbetslöshetens
795 806 246 42 bekämpande,
1079 807 185 33 medverka
1299 807 56 33 vid
1381 807 255 41 behandlingen
1662 818 42 21 av
1729 808 91 32 vissa
1844 808 169 41 viktigare

396 851 154 32 handels-
576 851 62 32 och
663 851 307 42 industripolitiska
996 853 116 40 frågor
1136 856 88 29 samt
1248 863 43 23 av
1316 854 90 31 vissa
1431 852 314 42 anslagsäskanden
1765 853 53 32 för
1835 853 178 41 offentliga

396 895 147 33 arbeten.

531 941 66 32 För
621 943 48 30 att
692 940 11 32 i
728 942 112 40 någon
866 945 80 30 mån
971 942 116 43 belysa
1112 942 198 42 betydelsen
1335 953 43 22 av
1403 942 287 32 kommissionens
1711 942 209 42 åtgöranden
1937 942 11 31 i
1965 953 48 21 nu

397 985 141 33 berörda
573 986 191 33 avseenden
800 988 95 32 torde
930 998 83 22 vara
1048 998 68 31 nog
1152 990 48 30 att
1233 988 111 31 erinra
1369 987 128 38 därom,
1523 990 58 35 att,
1608 987 79 32 med
1711 987 135 41 hänsyn
1871 986 50 33 till
1946 987 66 32 den

396 1033 90 29 stora
521 1030 64 33 och
622 1031 211 32 omfattande
870 1032 263 33 arbetslösheten
1169 1034 93 31 inom
1291 1032 409 32 stenarbetaredistrikten
1725 1033 10 30 i
1761 1031 163 42 Blekinge
1949 1033 63 31 och

396 1076 183 39 Bohuslän,
616 1076 93 33 inom
745 1076 97 33 dessa
877 1078 127 32 trakter
1028 1078 109 32 under
1164 1077 163 33 kristiden
1353 1078 123 32 utförts
1501 1082 81 35 väg-
1607 1077 64 32 och
1695 1077 317 42 fiskehamnsbygg-

395 1121 106 31 nader
536 1131 29 21 0.
592 1120 67 42 dyl.
686 1120 138 33 arbeten
859 1122 10 31 i
905 1123 95 40 långt
1036 1125 105 30 större
1174 1122 235 42 utsträckning
1437 1127 43 26 än
1506 1132 74 21 som
1606 1122 132 31 kunnat
1761 1122 250 41 ifrågakomma

395 1166 106 41 enligt
533 1166 98 42 eljest
666 1165 157 42 gällande
859 1168 148 40 grunder
1032 1168 54 32 för
1110 1167 225 41 användning
1359 1178 43 22 av
1427 1166 198 32 statsmedel
1650 1166 48 32 till
1723 1166 288 42 understödjande

396 1221 43 23 av
475 1210 116 42 dylika
627 1212 140 40 företag.
817 1211 190 43 Självfallet
1036 1213 140 32 komma
1199 1211 262 42 ifrågavarande
1486 1211 128 33 trakter
1639 1214 47 30 att
1710 1212 10 31 i
1745 1212 266 40 fortsättningen

395 1256 11 31 i
430 1256 240 32 motsvarande
695 1258 81 29 mån
801 1257 113 32 ställas
939 1258 86 32 efter
1049 1257 107 32 andra
1180 1257 92 32 delar
1297 1268 43 21 av
1365 1256 122 33 landet.

528 1300 120 33 Under
670 1300 235 43 fullföljandet
929 1312 44 23 av
997 1302 53 33 sin
1070 1302 218 33 verksamhet
1306 1303 85 30 fann
1407 1301 270 33 kommissionen
1696 1304 102 36 snart,
1816 1304 48 29 att
1881 1302 130 33 sådana

394 1347 131 41 företag
559 1357 43 22 av
634 1346 167 32 ordinarie
833 1347 160 32 karaktär
1016 1347 75 33 icke
1116 1347 188 38 allestädes,
1330 1347 59 33 vid
1413 1346 66 33 alla
1503 1346 88 32 tider
1616 1356 43 22 av
1684 1347 70 31 året
1778 1347 63 31 och
1868 1348 52 31 för
1944 1347 66 33 alla

394 1390 72 42 slag
490 1401 43 23 av
558 1390 186 33 arbetslösa
768 1402 82 21 voro
874 1392 175 42 tillfyllest.
1098 1392 280 32 Kommissionen
1395 1391 188 33 utverkade
1600 1391 114 32 därför
1731 1392 279 33 statsmakternas

394 1436 200 42 anslutning
618 1436 50 31 till
693 1436 136 38 tanken,
856 1439 48 30 att
928 1438 11 30 i
965 1437 66 32 den
1056 1439 82 30 mån
1162 1439 36 30 så
1224 1437 248 41 oundgängligt
1491 1436 148 33 krävdes
1656 1437 53 31 för
1726 1437 284 33 arbetslöshetens

392 1480 267 43 förebyggande,
693 1481 159 32 använda
881 1482 422 42 arbetslöshetsanslagens
1329 1481 109 33 medel
1462 1481 50 32 till
1537 1481 222 32 anordnande
1784 1481 80 33 eller
1887 1482 122 32 under-

393 1526 190 41 stödjande,
610 1526 85 31 efter
718 1525 127 43 Kungl.
872 1527 113 41 Maj:ts
1010 1527 181 42 prövning,
1217 1538 43 21 av
1285 1526 244 41 arbetsföretag
1554 1525 135 33 särskilt
1713 1526 149 32 avsedda
1887 1527 51 31 till
1962 1530 48 29 att

392 1570 124 33 bereda
540 1570 266 33 arbetsinkomst
829 1572 55 31 för
908 1572 194 32 arbetslösa.
1153 1572 121 33 Såsom
1292 1571 175 33 bestämda
1485 1571 285 40 förutsättningar
1787 1570 122 34 härvid
1925 1583 84 31 upp-

393 1615 135 33 ställdes
565 1615 151 39 allenast,
754 1618 49 29 att
838 1616 128 33 sådana
1001 1618 131 40 företag
1161 1617 108 32 skulle
1294 1627 83 22 vara
1401 1627 43 22 av
1468 1616 188 41 produktiv
1680 1615 64 32 och
1768 1615 242 44 allmännyttig

392 1661 159 32 karaktär
587 1663 88 30 samt
710 1661 37 31 så
781 1660 206 40 beskaffade,
1013 1664 49 29 att
1087 1662 221 32 huvuddelen
1333 1672 43 21 av
1400 1661 223 32 statsmedlen
1649 1661 142 41 utgingo
1815 1662 10 30 i
1850 1662 90 31 form
1965 1672 43 22 av

392 1705 217 33 arbetslöner.
658 1705 16 32 I
698 1705 149 41 enlighet
883 1706 142 32 härmed
1063 1706 90 32 hava
1188 1706 108 33 under
1333 1706 41 31 de
1409 1708 138 40 gångna
1582 1707 82 31 åren
1697 1706 123 32 utförts
1845 1709 47 30 ett
1916 1707 93 32 antal

392 1750 247 42 arbetsföretag
672 1760 42 23 av
747 1753 68 29 stor
846 1750 127 32 allmän
1005 1751 184 42 betydelse,
1215 1751 240 33 företrädesvis
1480 1750 234 41 utdikningar,
1741 1750 268 43 vägbyggnader

391 1799 88 28 samt
512 1795 260 42 skogsodlingar
806 1797 43 40 på
883 1795 262 42 allrnänningar.
1194 1796 14 31 I
1233 1796 67 33 den
1326 1797 79 31 mån
1431 1796 98 32 dessa
1553 1796 74 31 icke
1652 1795 132 32 kunnat
1808 1796 200 33 verkställas

391 1851 124 31 genom
549 1840 254 33 vederbörande
838 1840 177 42 offentliga
1049 1851 115 31 organ,
1190 1841 88 32 hade
1302 1841 53 32 för
1380 1840 195 32 ändamålet
1599 1851 44 22 av
1668 1839 128 42 Kungl.
1822 1840 98 42 Maj:t
1943 1842 65 31 för-

391 1885 138 32 ordnats
565 1884 168 33 särskilda
768 1884 214 40 direktioner,
1021 1886 184 32 arbetande
1228 1886 12 31 i
1265 1886 202 32 samverkan
1504 1884 80 33 med
1620 1885 278 39 kommissionen,
1933 1896 74 23 som

390 1932 153 30 närmast
567 1930 76 32 haft
667 1933 49 29 att
740 1931 170 31 övervaka
935 1931 96 32 deras
1057 1931 208 32 bedrivande
1289 1942 41 20 ur
1354 1930 219 43 synpunkten
1601 1940 42 23 av
1661 1930 145 32 behovet
1822 1940 43 22 av
1882 1930 125 32 arbets-

390 1974 166 34 tillfällen.
606 1974 128 32 Därvid
760 1975 62 31 har
845 1975 144 41 givetvis
1015 1977 20 30 å
1059 1986 64 22 ena
1149 1975 97 33 sidan
1272 1975 42 32 de
1339 1975 202 33 arbetslösas
1566 1978 167 29 intressen
1754 1975 154 32 beaktats
1926 1986 80 21 men

390 2021 19 30 å
434 2020 106 32 andra
578 2020 98 31 sidan
710 2020 63 32 ock
808 2021 119 31 vakats
964 2024 80 28 över
1081 2025 49 28 att
1158 2021 73 32 icke
1256 2021 160 31 arbetena
1441 2019 165 33 bedrivits
1631 2020 9 32 i
1666 2020 106 32 sådan
1797 2020 210 41 omfattning

390 2065 79 32 eller
504 2067 45 40 på
585 2065 121 31 sådant
742 2066 75 37 sätt,
854 2068 48 29 att
938 2065 206 33 arbetskraft
1180 2065 194 42 onödigtvis
1411 2064 139 33 bundits
1579 2065 64 32 och
1667 2064 247 42 undandragits
1940 2064 66 32 den

389 2114 114 38 öppna
528 2109 344 33 arbetsmarknadens
897 2110 122 33 behov.
1069 2110 119 33 Såsom
1213 2109 156 43 exempel
1392 2112 45 40 på
1461 2110 42 32 de
1528 2110 140 32 resultat
1692 2120 73 22 som
1786 2108 119 34 därvid
1923 2120 82 21 vun-

389 2156 67 31 nits
481 2155 56 31 må
562 2154 142 32 allenast
728 2155 147 38 anföras,
901 2158 48 29 att
973 2154 111 33 under
1108 2155 66 32 den
1199 2156 53 31 för
1277 2154 287 33 textilindustrien
1590 2156 99 31 svåra
1707 2164 193 23 sommaren
1920 2154 85 31 1918

389 2199 73 32 icke
495 2199 134 32 mindre
663 2204 42 27 än
730 2200 100 38 2,500
854 2210 43 22 av
922 2200 75 32 dess
1022 2199 179 42 kvinnliga
1225 2199 162 39 arbetare,
1412 2200 115 31 kunde
1555 2200 140 32 beredas
1719 2199 143 42 lämplig
1887 2198 118 41 syssel-

389 2244 150 42 sättning
574 2244 59 32 vid
666 2244 123 41 skogs-,
822 2244 220 42 planterings-
1080 2245 62 31 och
1168 2244 107 32 andra
1299 2245 118 31 lättare
1442 2244 196 32 utearbeten
1663 2244 109 32 under
1796 2242 142 41 ledning
1962 2253 44 23 av

390 2290 65 31 den
489 2289 137 32 särskilt
659 2289 203 32 förordnade
888 2289 213 32 direktionen
1128 2290 51 31 för
1204 2289 304 42 skogssällskapets
1533 2288 234 34 statsarbeten.
1816 2287 65 32 Om
1908 2287 98 33 dessa
