2228 2632
449 216 20 33 2
818 217 381 40 Bevillningsutskottets
1221 217 219 32 Betänkande
1463 220 65 31 N:o
1551 220 50 30 16.

408 303 86 38 med
536 304 160 50 stämpel
738 304 56 37 till
834 305 118 48 högre
994 304 138 50 belopp
1167 310 46 31 än
1248 304 169 48 böterna,
1445 305 57 37 får
1524 305 71 49 jag
1622 306 155 37 härmed
1806 307 195 37 vördsamt

408 356 153 47 föreslå,
591 364 51 29 att
668 357 142 36 sådana
838 358 117 48 utslag
982 358 63 35 må
1070 371 88 22 vara
1180 359 82 48 fria
1284 358 95 49 från
1406 358 181 47 stämpel.»

512 408 74 37 Det
625 408 247 49 förhållande,
907 422 81 23 som
1034 408 187 37 föranledt
1247 409 289 49 ifrågavarande
1566 409 143 37 motion
1738 409 92 37 eller
1858 415 54 31 att
1938 410 64 37 vid

407 459 166 51 fullföljd
614 460 41 36 af
688 460 102 37 talan
819 466 78 31 mot
925 460 135 47 beslut,
1089 461 247 48 hvarigenom
1365 461 138 48 Kongl.
1534 461 126 48 Maj:ts
1689 461 313 49 befallningshaf-

407 512 123 36 vande
558 512 198 36 förordnat
784 526 59 23 om
871 512 210 49 indrifning
1108 513 41 36 af
1172 513 120 46 böter,
1324 526 82 23 som
1434 513 120 48 enligt
1572 513 129 49 kongl.
1723 514 276 48 förordningen

406 564 196 49 angående
632 564 177 37 mantals-
838 565 69 36 och
937 564 403 49 skattskrifningarnes
1370 564 234 37 förrättande
1633 566 71 36 den
1736 567 48 35 20
1808 565 72 50 juli
1901 568 95 34 1861

408 615 89 37 böra
537 619 103 45 utgå,
682 615 216 50 klaganden
938 616 146 48 nödgas
1124 616 81 37 lösa
1240 616 129 48 utslag,
1372 616 201 58 belagdt
1619 617 85 36 med
1733 617 175 50 stämpel,
1939 631 59 23 om

409 667 145 37 hvilket
582 667 254 38 förhbållandes
865 668 185 48 rigtighet
1076 669 187 37 utskottet
1290 645 181 81 förvissat
1499 668 72 49 sig,
1601 682 91 35 eger
1721 669 282 49 otvifvelaktigt

407 719 85 37 stöd
520 719 11 36 i
558 720 176 48 gällande
762 720 295 37 bestämmelser.

510 771 133 49 Enligt
661 772 177 48 gällande
859 772 385 49 stämpelförordning
1263 785 92 35 eger
1375 771 208 38 emellertid
1609 772 115 37 frihet
1742 772 83 37 från
1841 773 160 49 stämpel

407 826 20 33 å
455 824 384 48 statsmyndigheters
869 824 258 49 expeditioner
1155 838 81 22 rum
1264 824 24 47 i,
1307 824 114 36 bland
1435 829 128 42 annat,
1580 824 322 48 bevillningsmål;
1930 825 69 36 och

407 875 47 36 då
493 875 74 37 mål
608 875 42 37 af
687 889 50 23 nu
764 875 289 49 ifrågavarande
1081 876 263 36 beskaffenhet
1370 875 207 50 lämpligen
1606 876 108 37 torde
1742 876 92 36 böra
1861 876 13 36 i
1901 876 99 37 före-

406 927 164 37 varande
598 928 217 36 hänseende
843 927 184 37 likställas
1055 927 85 37 med
1168 927 316 49 bevillningsmål,
1514 940 111 24 anser
1652 928 188 36 utskottet
1867 941 46 23 en
1934 933 65 31 än-

407 978 111 50 dring
546 980 42 36 af
612 979 176 49 gällande
816 979 288 38 bestämmelser
1129 980 13 37 i
1171 980 73 37 den
1272 979 43 37 af
1335 979 237 38 motionären
1592 979 219 49 föreslagna
1830 979 171 50 rigtning

407 1031 174 48 skäligen
622 1031 91 37 böra
754 1031 185 48 vidtagas.
996 1031 195 37 Utskottet
1226 1031 121 36 finner
1376 1031 60 48 sig
1464 1031 171 36 deremot
1661 1031 83 36 icke
1772 1031 128 36 kunna
1928 1032 74 36 till-

406 1083 142 49 styrka,
590 1087 54 32 att
672 1086 36 33 åt
736 1083 72 36 den
836 1083 223 48 ifrågasatta
1086 1082 212 49 ändringen
1326 1082 124 49 gifves
1479 1096 47 23 en
1556 1086 41 33 så
1623 1083 199 36 inskränkt
1850 1083 150 36 omfatt-

405 1135 104 48 ning,
538 1139 55 32 att
621 1134 277 49 stämpelfrihet
926 1134 212 48 medgifves
1167 1134 59 37 för
1253 1134 162 37 allenast
1434 1135 140 36 sådana
1592 1134 137 49 utslag,
1749 1134 129 37 hvilka
1895 1135 105 37 inne-

406 1187 94 37 fatta
528 1186 177 38 befrielse
734 1186 83 36 från
845 1185 159 49 påförda
1032 1186 116 37 böter.
1204 1185 133 49 Enligt
1364 1185 176 49 gällande
1561 1185 223 50 förordning
1803 1187 196 48 angående

406 1238 324 49 stämpelafgiften
759 1243 115 43 göres
902 1238 192 48 nemligen
1122 1238 11 36 i
1161 1237 108 49 fråga
1299 1250 62 24 om
1389 1237 278 50 stämpelfrihet
1693 1238 97 37 intet
1818 1238 181 38 afseende

406 1293 22 33 å
454 1291 133 36 målets
615 1293 147 45 utgång
789 1295 91 32 utan
909 1289 135 37 endast
1071 1292 21 34 å
1119 1290 87 36 dess
1235 1289 279 46 beskaffenhet;
1546 1290 71 36 och
1645 1290 84 37 att
1716 1285 19 57 i
1752 1290 247 39 förevarande

406 1342 65 37 fall
512 1342 134 47 frångå
677 1342 160 38 berörda
864 1342 160 49 princip,
1053 1341 125 38 dertill
1206 1354 112 25 anser
1346 1341 184 37 utskottet
1559 1341 82 38 skäl
1668 1342 85 36 icke
1782 1342 216 38 förefinnas,

507 1394 53 37 På
586 1394 124 49 grund
737 1393 43 38 af
804 1393 101 37 hvad
933 1393 157 37 sålunda
1117 1392 124 38 blifvit
1269 1393 154 38 anfördt
1452 1393 56 37 får
1537 1393 185 38 utskottet
1749 1394 211 47 hemställa,

908 1496 73 49 2:0)
1012 1502 54 32 att
1094 1497 115 37 andra
1238 1497 150 49 stycket
1416 1497 41 37 af
1475 1500 18 33 7
1523 1496 41 50 $i
1580 1497 129 49 kongl.
1728 1497 273 50 förordningen

803 1550 197 48 angående
1030 1549 326 52 stämpelafgiften
1384 1549 73 36 den
1486 1551 20 34 5
1528 1550 217 48 september
1768 1551 98 35 1890
1886 1553 114 34 måtte

804 1600 141 38 erhålla
972 1601 167 50 följande
1167 1601 227 37 förändrade
1421 1601 163 48 lydelse:

906 1653 151 37 »Frihet
1085 1653 83 36 från
1195 1653 162 49 stämpel
1386 1652 131 59 enligt
1534 1653 123 37 denna
1685 1654 80 36 Art.
1795 1665 93 36 eger
1903 1654 97 48 jem-

802 1705 62 36 väl
891 1719 81 22 rum
1000 1707 14 36 i
1040 1706 439 50 mantalsskrifningsmål,
1508 1705 9 36 i
1547 1704 306 50 bevillningsmål
1882 1728 48 7 —
1950 1726 47 5 —

803 1779 50 6 —
959 1765 49 28 SK
1191 1778 28 6 Se
1341 1765 127 28 ee
1611 1765 77 28 su
1733 1765 36 28 ee
1847 1778 71 7 ee

508 1964 73 38 Vid
608 1964 240 50 granskning
876 1965 42 37 af
942 1964 459 50 stämpelförordningens
1429 1963 289 38 bestämmelser
1732 1963 69 37 har
1816 1963 186 37 utskottet

406 2017 232 37 härförutom
682 2016 123 37 funnit
847 2017 81 37 skäl
955 2017 142 37 föreslå
1125 2016 162 49 ändring
1315 2017 11 35 1
1355 2016 64 37 det
1446 2015 194 48 afseende,
1669 2029 82 23 som
1780 2015 69 37 här
1876 2015 123 36 nedan

408 2068 255 38 omförmäles.

511 2120 149 37 Genom
688 2120 64 49 lag
780 2121 42 36 af
847 2121 74 36 den
952 2122 45 35 16
1027 2121 73 49 maj
1133 2122 97 35 1890
1259 2120 69 36 har
1355 2119 123 37 blifvit
1506 2119 202 47 bestämdt,
1729 2123 55 32 att
1803 2118 112 49 lagen
1936 2132 64 23 an-

406 2173 146 49 gående
580 2172 131 49 tillsyn
739 2175 21 33 å
787 2173 264 49 förmyndares
1080 2172 234 47 förvaltning
1342 2172 42 36 af
1408 2172 202 63 omyndigs
1640 2171 190 48 egendom
1858 2171 72 36 den
1954 2172 45 35 18

406 2225 95 49 april
544 2225 99 35 1884
685 2224 95 37 skall
813 2238 71 34 ega
913 2224 240 49 tillämpning
1175 2224 143 50 jemväl
1346 2223 11 36 i
1386 2224 180 36 afseende
1596 2226 20 33 å
1642 2223 79 49 god
1749 2236 99 34 man,
1879 2235 81 23 som
1989 2223 12 35 i

407 2276 208 48 anledning
643 2276 41 36 af
707 2276 135 36 timadt
870 2276 163 37 dödsfall
1062 2277 41 35 af
1127 2276 163 37 domstol
1319 2275 200 37 förordnas
1540 2280 55 31 att
1614 2274 114 37 vårda
1747 2274 252 37 frånvarande

407 2328 199 49 delegares
634 2328 12 36 i
674 2328 188 37 dödsboet
888 2333 75 32 rätt
991 2328 92 37 eller
1110 2327 162 38 förvalta
1300 2327 95 37 hans
1414 2327 71 36 lott
1504 2326 91 38 deri.
1651 2326 234 37 Hädanefter
1904 2323 96 38 skall
