1948 2804
406 175 187 31 Allmänna
610 175 399 40 beredningsutskottets
1027 175 178 31 utlåtande
1219 184 43 21 nr
1277 175 19 30 6
1312 175 40 30 år
1368 174 85 30 1966
1654 172 16 30 1

873 438 114 42 Nr
960 434 32 56 6

384 549 184 31 Utlåtande
596 550 11 29 i
633 549 189 41 anledning
849 559 42 21 av
919 550 102 30 väckt
1049 549 132 31 motion
1209 548 179 41 angående
1416 549 133 30 statens
1575 548 97 39 järn-

582 613 122 38 vägars
723 612 215 30 rabattresor
956 612 56 40 för
1033 611 244 40 värnpliktiga.

231 718 12 29 I
278 728 43 21 en
355 719 53 30 till
443 719 178 30 allmänna
655 719 383 39 beredningsutskottet
1072 718 172 30 hänvisad
1279 718 144 34 motion,
1460 717 134 34 II:309,
1631 725 41 21 av

185 772 121 30 herrar
340 772 202 30 Andersson
561 772 11 29 i
591 771 130 31 Örebro
739 773 66 29 och
825 771 124 31 Öhvall
967 772 212 34 hemställes,
1199 773 50 28 att
1268 771 188 39 riksdagen
1475 771 11 29 i
1506 770 166 30 skrivelse

185 825 52 30 till
257 826 126 38 Kungl.
404 826 105 39 Maj:t
529 825 107 30 måtte
656 834 38 31 ge
715 826 52 30 till
787 826 119 30 känna
926 825 283 30 önskvärdheten
1229 834 42 21 av
1291 826 51 28 att
1362 824 42 31 de
1424 824 153 30 rabatter
1597 832 73 21 som

185 879 213 40 värnpliktig
418 880 161 38 personal
600 888 47 21 nu
668 878 156 40 åtnjuter
844 879 45 40 på
910 880 132 28 statens
1062 878 206 40 järnvägars
1288 877 276 41 järnvägslinjer
1583 876 87 31 skal

187 933 198 30 utsträckas
406 935 50 28 att
475 933 91 38 gälla
585 934 87 28 även
691 933 45 39 på
755 932 79 30 färd
854 932 79 30 med
954 932 78 30 SJ:s
1052 932 201 39 busslinjer.

231 987 12 29 I
261 986 180 30 motionen
458 985 139 30 anföres
615 986 44 30 bl.
678 996 29 20 a.
725 988 50 28 att
792 985 237 40 värnpliktiga
1047 985 74 30 ofta
1138 985 63 30 har
1218 984 215 40 begränsade
1452 984 219 40 möjligheter

187 1042 51 28 att
262 1040 157 40 företaga
443 1049 96 20 resor
563 1040 52 29 till
640 1040 182 29 hemorten
848 1039 44 29 då
916 1039 315 29 resekostnaderna
1256 1037 55 30 för
1336 1038 128 39 många
1489 1038 37 29 är
1551 1046 43 21 en
1617 1037 57 30 be-

185 1093 152 39 tydande
360 1093 116 39 utgift.
502 1092 41 31 SJ
567 1092 177 40 tillämpar
767 1093 45 39 på
834 1091 322 40 järnvägslinjerna
1179 1092 154 30 rabatter
1357 1091 55 30 för
1433 1091 71 30 viss
1528 1090 144 30 militär-

186 1146 172 39 personal.
380 1146 172 30 Rabatten
573 1146 107 39 gäller
701 1145 54 30 för
776 1146 162 39 personal
960 1155 43 20 av
1023 1145 101 39 högst
1146 1145 160 39 korprals
1328 1144 95 41 grad,
1445 1143 227 41 värnpliktigt

187 1200 92 31 befäl
303 1202 91 28 samt
417 1199 386 40 civilförsvarspliktiga
826 1199 66 30 och
915 1198 147 30 innebär
1085 1200 51 28 att
1159 1200 57 28 tur
1240 1198 66 30 och
1329 1200 177 28 returresa
1527 1198 12 29 i
1564 1197 108 30 andra

186 1253 94 31 klass
310 1253 55 30 får
394 1253 174 39 företagas
598 1252 54 30 för
682 1261 135 22 samma
845 1252 72 39 pris
948 1261 75 21 som
1051 1251 228 40 enkelbiljett.
1309 1251 281 40 Giltighetstiden
1619 1250 54 29 för

188 1306 108 31 sådan
324 1305 232 40 rabattbiljett
584 1308 38 28 är
650 1305 134 30 femton
812 1306 117 39 dagar.
959 1306 172 29 Rabatten
1159 1305 107 40 gäller
1294 1305 193 30 emellertid
1515 1304 76 30 icke
1619 1303 55 30 för

187 1360 248 39 busslinjerna,
452 1360 107 30 vilket
576 1359 138 30 medför
729 1361 51 28 att
798 1360 67 29 den
884 1368 75 21 som
976 1359 60 29 vill
1054 1358 156 40 utnyttja
1227 1358 206 30 densamma
1450 1358 70 30 kan
1537 1357 136 39 tvingas

187 1415 79 38 taga
285 1413 196 40 betydande
502 1414 164 37 omvägar
686 1413 78 29 med
785 1413 44 29 bl.
851 1422 29 20 a.
902 1412 111 30 ökade
1034 1412 189 29 kostnader
1244 1420 76 21 som
1340 1411 100 40 följd.
1462 1411 211 30 Rabatterna

188 1467 61 30 bör
268 1467 91 40 gälla
378 1468 87 28 även
483 1466 45 40 på
546 1465 247 40 busslinjerna.

230 1519 227 30 Beträffande
486 1518 251 39 motiveringen
765 1519 11 29 i
805 1518 111 39 övrigt
946 1518 54 29 får
1028 1518 171 29 utskottet
1226 1517 148 30 hänvisa
1402 1517 53 30 till
1483 1517 189 30 motionen.

838 1655 193 37 Utskottet

233 1733 131 30 Genom
385 1733 114 29 beslut
521 1733 66 29 den
610 1732 39 30 30
671 1732 79 39 juni
774 1733 82 29 1965
880 1732 65 29 har
967 1732 125 38 Kungl.
1115 1731 106 39 Maj:t
1243 1731 188 39 uppdragit
1453 1731 35 29 åt
1512 1731 82 30 1965
1618 1729 55 31 års

189 1785 344 40 försvarsutredning
560 1787 50 28 att
636 1785 52 30 till
715 1785 152 29 särskild
893 1784 172 40 prövning
1092 1786 153 38 upptaga
1271 1784 124 39 frågan
1423 1793 56 20 om
1506 1784 42 30 de
1573 1784 101 29 värn-

189 1839 164 39 pliktigas
374 1839 229 29 ekonomiska
623 1839 64 29 och
709 1838 127 30 sociala
857 1837 189 30 förmåner.
1067 1838 13 29 I
1101 1837 204 40 anslutning
1325 1837 119 29 härtill
1464 1837 65 30 har
1548 1837 53 29 till
1622 1838 52 27 ut-

191 1893 193 38 redningen
419 1892 234 29 överlämnats
689 1900 42 20 en
766 1899 125 30 genom
927 1890 190 30 försvarets
1153 1890 296 39 civilförvaltning
1483 1889 190 31 verkställd

189 1944 264 40 undersökning
471 1943 178 40 angående
668 1943 152 30 rabatter
839 1943 52 29 till
910 1943 236 39 värnpliktiga
1165 1942 54 30 för
1237 1943 183 29 bussresor
1438 1952 45 20 m.
1502 1952 45 20 m.
1565 1942 109 39 jämte

189 1999 145 29 däröver
361 1997 147 39 avgivna
535 1997 187 39 yttranden
750 1996 55 30 för
832 1999 51 27 att
911 1998 97 37 tagas
1036 1996 10 29 i
1073 1995 195 30 beaktande
1295 1996 58 29 vid
1381 1996 292 39 utredningsupp-

190 2052 137 39 dragets
345 2051 230 39 fullgörande.

232 2105 52 30 Då
311 2105 67 29 den
405 2105 11 29 i
443 2103 177 29 motionen
648 2104 178 37 upptagna
854 2102 124 39 frågan
1005 2102 134 30 således
1167 2104 37 28 är
1232 2102 146 30 föremål
1407 2101 55 30 för
1488 2101 186 39 utredning

190 2158 116 29 finner
324 2158 171 28 utskottet
515 2156 75 30 icke
610 2155 187 39 anledning
816 2155 52 30 till
889 2164 117 20 annan
1025 2155 210 29 hemställan
1254 2156 45 29 än

541 2210 50 28 att
618 2208 132 29 motion
779 2207 44 30 II:
840 2207 63 30 309
931 2207 75 29 icke
1034 2207 57 30 må
1119 2207 181 30 föranleda
1327 2207 115 39 någon
1469 2207 204 39 riksdagens

498 2260 132 40 åtgärd.

235 2315 201 30 Stockholm
458 2314 65 29 den
548 2315 37 28 16
608 2313 153 29 februari
785 2313 83 29 1966

519 2375 48 30 På
584 2374 178 30 allmänna
780 2373 400 39 beredningsutskottets
1197 2375 146 37 vägnar:

752 2435 148 30 NANCY
918 2435 218 30 ERIKSSON

237 2570 241 31 Närvarande:
500 2571 141 29 Samma
661 2578 73 21 som
755 2569 112 29 under
886 2568 197 30 utlåtandet
1103 2577 42 20 nr
1164 2568 29 30 4.
