2244 2638
489 186 242 32 Sammansatta
754 187 105 31 Stats-
881 186 56 33 och
960 186 290 33 Bankoutskoltets
1275 185 172 33 Memorial
1467 186 65 32 N:o
1554 188 29 30 5.
1783 189 14 27 1

972 677 75 40 N:0
1075 676 38 41 5.

821 832 74 30 Ank.
920 832 41 29 till
984 832 101 30 Riksd.
1110 832 92 29 kansli
1225 832 55 29 den
1307 833 37 27 19
1368 833 57 37 maj
1452 832 89 34 1892,
1566 833 36 28 kl.
1627 834 18 28 6
1668 842 23 19 e.
1717 842 37 19 m.

437 975 197 43 Memorial,
665 975 13 33 i
704 975 188 43 anledning
919 973 46 43 af
986 974 204 34 kamrarnes
1215 974 201 44 skiljaktiga
1441 973 109 35 beslut
1575 975 151 34 rörande
1752 985 88 24 sam-

636 1036 172 32 mansatta
848 1036 99 31 stats-
987 1032 58 35 och
1076 1032 284 34 bankoutskottets
1391 1033 179 34 utlåtande
1596 1044 55 23 n:o
1679 1034 34 42 3,
1742 1034 13 33 i
1782 1044 58 23 an-

636 1092 140 43 ledning
816 1091 49 43 af
894 1091 121 35 väckta
1037 1090 142 44 förslag
1206 1091 73 34 dels
1306 1102 51 23 om
1384 1092 152 43 ändring
1562 1092 14 33 i
1598 1092 165 43 gällande
1790 1092 50 34 in-

634 1151 169 34 struktion
823 1149 67 43 för
917 1150 220 44 Riksdagens
1163 1150 168 34 revisorer
1358 1150 13 34 i
1398 1150 90 34 hvad
1515 1162 70 23 som
1611 1156 99 29 rörer
1737 1152 104 33 deras

636 1208 192 45 befattning
864 1210 78 33 med
973 1209 212 42 statsverket,
1218 1209 74 34 dels
1324 1220 51 22 om
1403 1210 197 42 antagande
1626 1208 48 42 af
1692 1209 148 34 instruk-

636 1268 69 34 tion
735 1267 67 43 för
841 1268 220 43 Riksdagens
1100 1268 169 34 revisorer
1310 1266 47 43 af
1383 1271 108 39 stats-,
1525 1268 118 34 banko-
1671 1268 58 34 och
1754 1268 85 34 riks-

632 1326 240 44 gäldsverken.

368 1426 18 34 I
427 1436 41 24 en
509 1426 90 34 inom
640 1426 125 35 Andra
805 1425 216 36 Kammaren
1062 1427 108 34 väckt
1209 1426 130 34 motion
1373 1424 69 47 (n:o
1478 1425 59 47 22)
1571 1427 88 33 hade
1686 1427 82 34 herr
1795 1427 43 34 P.

236 1478 204 35 Andersson
480 1477 11 34 i
531 1476 135 44 Högkil
706 1477 194 44 föreslagit,
934 1480 54 31 att
1015 1476 204 44 Riksdagen
1246 1476 82 35 ville
1355 1477 148 43 besluta,
1533 1479 54 32 att
1614 1476 21 45 8
1665 1479 20 32 5
1713 1477 52 34 uti
1793 1477 47 34 in-

240 1528 221 35 struktionen
490 1528 54 33 för
571 1526 222 45 Riksdagens
820 1528 186 42 revisorer,
1036 1528 10 33 i
1073 1527 95 34 hvad
1196 1537 69 24 som
1294 1530 98 31 rörer
1420 1527 100 34 deras
1547 1527 199 44 befattning
1763 1529 78 33 med

238 1578 228 42 statsverket,
508 1578 112 34 skulle
660 1578 158 43 upphöra
860 1581 54 31 att
953 1588 87 24 vara
1073 1577 173 44 gällande,
1276 1578 62 33 och
1365 1577 12 33 i
1404 1577 128 34 motion
1562 1576 68 46 (n:o
1659 1576 59 48 92)
1747 1578 91 34 inom

236 1639 130 24 samma
394 1628 179 34 kammare
601 1628 88 34 hade
717 1628 82 34 herr
825 1628 36 34 J.
892 1628 47 34 H.
973 1627 41 35 G.
1044 1627 186 34 Fredholm
1257 1628 183 43 föreslagit
1466 1627 204 44 Riksdagen
1698 1631 54 31 att
1780 1638 57 24 an-

236 1684 85 38 taga
362 1679 60 33 det
462 1678 37 34 af
539 1681 254 31 sammansatta
834 1681 101 31 stats-
978 1677 64 35 och
1079 1678 292 33 bankoutskottet
1399 1678 59 33 vid
1490 1680 93 32 1885
1611 1676 57 35 års
1694 1679 146 43 riksdag

237 1729 196 42 framlagda
475 1728 491 44 sammanjemkningsförslag
998 1728 54 33 till
1084 1727 211 34 instruktion
1325 1728 53 33 för
1405 1726 222 45 Riksdagens
1652 1728 186 43 revisorer,

236 1780 77 33 med
354 1779 66 33 den
462 1779 150 42 ändring
652 1781 54 31 att
746 1779 10 32 i
798 1779 120 33 stället
949 1778 54 33 för
1035 1778 65 33 den
1129 1778 61 33 der
1217 1777 197 43 föreslagna
1443 1776 22 45 &
1497 1779 43 33 15
1569 1778 111 34 skulle
1706 1778 134 34 införas

236 1829 248 34 motsvarande
512 1828 194 44 stadgande
734 1829 11 33 i
773 1838 46 24 nu
846 1829 163 42 gällande
1038 1827 213 34 instruktion
1278 1828 55 33 för
1360 1827 223 44 Riksdagens
1610 1828 174 34 revisorer
1803 1828 40 34 af

234 1879 227 35 statsverket.

367 1928 84 34 Med
492 1929 188 43 anledning
720 1928 105 35 häraf
861 1928 89 34 hade
991 1931 250 31 sammansatta
1283 1931 99 31 stats-
1417 1929 63 33 och
1508 1929 329 34 bankoutskottet
1820 1924 21 53 i

233 1980 179 34 utlåtande
438 1990 54 23 n:o
520 1980 23 33 3
571 1979 177 34 hemstält:

367 2029 13 33 i
414 2029 155 43 punkten
609 2030 54 39 a):
704 2032 54 30 att
797 2028 201 43 Riksdagen
1028 2026 108 35 måtte
1164 2031 129 40 antaga
1324 2038 42 24 en
1394 2029 11 32 i
1432 2028 156 43 punkten
1616 2028 143 43 intagen
1787 2028 50 34 in-

234 2079 169 34 struktion
424 2078 64 41 för
514 2079 218 42 Riksdagens
759 2079 169 33 revisorer
956 2078 45 41 af
1023 2080 108 39 stats-,
1160 2078 118 33 banko-
1306 2077 58 34 och
1389 2078 317 43 riksgäldsverken;

367 2129 13 32 2
402 2129 154 42 punkten
584 2128 50 39 b):
674 2131 54 30 att
755 2127 215 44 Riksdagen,
1000 2127 57 34 vid
1085 2127 98 33 bifall
1211 2127 53 33 till
1292 2127 191 34 utskottets
1502 2127 206 33 hemställan
1728 2128 111 33 under

238 2187 97 25 mom.
379 2177 46 46 a),
467 2176 107 36 måtte
614 2178 179 43 upphäfva
834 2178 41 33 de
916 2187 46 23 nu
1003 2177 162 43 gällande
1205 2177 300 33 instruktionerna
1536 2177 55 33 för
1617 2176 222 44 Riksdagens

236 2227 174 35 revisorer
437 2228 39 33 af
500 2228 216 34 statsverket
743 2228 110 43 enligt
880 2228 117 42 kongl.
1027 2227 231 43 kungörelsen
1288 2227 65 33 den
1385 2228 42 32 17
1457 2226 67 44 maj
1550 2228 93 33 1867
1668 2227 77 34 med
1765 2226 74 35 deri

317 2284 67 31 Bih
420 2284 51 31 till
497 2284 109 32 Riksd.
632 2283 87 33 Prot.
744 2285 92 30 1892.
881 2286 21 29 4
926 2283 98 31 Saml.
1069 2286 19 29 2
1113 2284 76 39 Afd.
1236 2286 20 28 4
1283 2283 95 40 Hiäft.
1425 2284 76 34 (N:o
1523 2285 44 31 5)
