1880 2792
484 148 287 32 Statsutskottets
791 148 179 30 utlåtande
990 157 43 21 nr
1051 147 18 31 7
1089 147 40 31 år
1149 147 85 30 1955
1577 146 39 30 33

465 234 51 29 att
532 233 190 39 riksdagen
740 232 58 30 må
816 231 52 30 till
886 232 114 38 Mynt-
1019 231 63 30 och
1100 230 332 41 justeringsverket:
1452 229 163 31 Omkost-

420 284 109 30 nader
556 283 54 30 för
636 282 206 40 budgetåret
870 282 149 36 1955/56
1046 281 123 31 anvisa
1196 282 49 29 ett
1271 280 275 40 förslagsanslag
1571 289 44 21 av

422 334 62 30 159
500 334 61 30 100
582 334 143 39 kronor.

152 486 98 35 46:0)
278 487 111 35 Mynt-
410 487 65 30 och
494 484 323 38 justeringsverket:
840 484 282 37 Nyanskaffning
1141 493 43 21 av
1203 483 93 30 vissa
1308 483 176 30 maskiner
1503 492 45 21 m.
1567 490 45 21 m.

112 537 15 30 I
148 537 153 40 enlighet
322 537 80 29 med
422 536 126 39 Kungl.
570 535 124 40 Maj:ts
715 535 132 39 förslag
872 534 131 40 (punkt
1023 533 51 35 45,
1098 544 26 20 s.
1146 534 40 30 79
1209 533 66 32 och
1295 533 74 35 80),
1391 533 108 31 vilket
1519 533 98 30 inne-

111 588 65 30 bär
204 597 44 21 en
278 586 347 40 anslagsminskning
655 586 79 29 med
767 585 61 30 138
843 584 62 32 200
935 585 140 34 kronor,
1106 584 204 30 hemställer
1340 584 181 33 utskottet,

467 638 52 30 att
542 636 190 40 riksdagen
756 636 58 30 må
838 635 53 30 till
915 636 114 39 Mynt-
1055 634 65 31 och
1144 634 332 41 justeringsverket:
1501 635 117 38 Nyan-

422 687 185 40 skaffning
630 696 43 21 av
698 686 91 30 vissa
813 685 179 31 maskiner
1016 695 46 21 m.
1085 694 48 21 m.
1157 685 56 30 för
1235 684 207 40 budgetåret
1466 684 150 37 1955/56

424 737 121 31 anvisa
562 738 50 29 ett
628 736 358 40 reservationsanslag
1003 745 43 22 av
1064 736 40 30 51
1120 735 64 31 800
1203 736 142 30 kronor.

156 906 98 36 47:0)
282 906 134 30 Statens
438 905 185 36 justerare:
647 904 222 36 Avlöningar.
893 904 14 30 I
927 903 150 39 enlighet
1096 904 80 30 med
1197 902 124 39 Kungl.
1341 902 122 38 Maj:ts
1485 902 131 38 förslag

121 957 132 40 (punkt
274 956 52 37 46,
352 966 26 20 s.
402 956 41 32 80
466 956 66 30 och
556 955 74 34 81),
655 955 109 30 vilket
786 954 148 30 innebär
957 963 44 21 en
1023 963 43 22 av
1088 953 240 31 automatiska
1349 953 270 40 utgiftsföränd-

114 1007 120 40 ringar
255 1007 164 40 betingad
440 1005 275 41 anslagsökning
736 1005 79 30 med
836 1005 19 30 6
869 1005 63 30 900
955 1005 141 34 kronor,
1117 1004 203 32 hemställer
1341 1004 181 34 utskottet,

469 1058 52 30 att
541 1056 191 40 riksdagen
752 1055 59 31 må

470 1106 37 35 a)
534 1107 187 40 godkänna
744 1106 157 40 följande
925 1105 254 40 avlöningsstat
1201 1105 55 31 för
1279 1106 135 30 statens
1434 1104 185 41 justerare,

427 1159 51 29 att
492 1158 177 39 tillämpas
684 1157 71 30 tills
769 1156 119 31 vidare
903 1156 81 30 från
998 1156 65 30 och
1077 1156 80 30 med
1172 1155 205 40 budgetåret
1395 1155 166 37 1955/56:

867 1247 238 40 Avlöningsstat

430 1325 28 30 1.
482 1324 203 39 Avlöningar
703 1323 51 31 till
772 1322 249 32 icke-ordinarie
1039 1322 161 40 personal,
1219 1321 182 41 förslagsvis
1426 1345 2 7 .
1489 1321 61 32 486
1563 1321 63 31 000

429 1375 30 31 2.
483 1374 130 40 Rörligt
634 1374 124 40 tillägg,
781 1373 181 40 förslagsvis
979 1395 448 9 ........ss--ssssessesea
1510 1372 41 30 67
1564 1372 62 31 700

1154 1448 135 30 Summa
1311 1447 122 31 kronor
1490 1446 61 32 553
1565 1447 62 31 700

471 1534 39 35 b)
534 1534 54 30 till
610 1534 139 30 Statens
769 1533 191 40 justerare:
980 1532 215 40 Avlöningar
1214 1533 56 30 för
1289 1532 206 41 budgetåret
1517 1532 106 36 1955/

430 1585 42 31 56
491 1584 122 31 anvisa
631 1586 50 29 ett
698 1584 275 40 förslagsanslag
990 1593 43 21 av
1051 1583 63 31 553
1129 1583 62 31 700
1210 1584 141 30 kronor.

161 1737 98 34 48:0)
287 1737 134 30 Statens
444 1737 185 35 justerare:
655 1735 264 30 Omkostnader.
944 1735 14 29 I
982 1734 150 38 enlighet
1155 1734 78 31 med
1255 1734 124 38 Kungl.
1404 1734 120 37 Maj:ts
1550 1734 70 29 för-

120 1787 75 40 slag
217 1786 131 41 (punkt
364 1786 52 35 47,
435 1795 27 22 s.
480 1786 38 29 81
537 1786 66 30 och
620 1785 74 35 82),
711 1785 108 31 vilket
837 1784 147 31 innebär
1000 1794 43 21 en
1061 1785 349 39 anslagsminskning
1427 1785 79 29 med
1526 1784 19 31 2
1559 1784 63 31 000

119 1837 141 34 kronor,
279 1836 202 30 hemställer
500 1836 173 29 utskottet

474 1887 51 30 att
547 1886 189 39 riksdagen
759 1886 57 29 må
837 1885 53 30 till
911 1886 139 30 Statens
1072 1885 190 40 justerare:
1287 1885 259 30 Omkostnader
1568 1885 56 30 för

429 1936 205 39 budgetåret
656 1936 149 35 1955/56
824 1935 121 31 anvisa
964 1937 48 29 ett
1030 1935 274 39 förslagsanslag
1325 1944 42 22 av
1387 1935 62 30 114
1463 1935 63 32 500
1544 1935 80 30 kro-

431 1995 74 21 nor.

164 2138 97 33 49:0)
289 2137 387 30 Riksskattenämnden:
696 2137 221 35 Avlöningar.
932 2136 13 29 I
961 2135 149 38 enlighet
1125 2136 78 30 med
1217 2136 123 37 Kungl.
1356 2136 122 36 Maj:ts
1494 2136 130 37 förslag

127 2187 132 40 (punkt
275 2187 52 34 48,
347 2196 26 21 s.
393 2187 40 30 82
452 2187 64 31 och
534 2186 73 34 83),
628 2186 107 30 vilket
751 2186 146 30 innebär
916 2195 42 20 en
976 2186 274 40 anslagsökning
1270 2187 78 29 med
1367 2187 18 29 6
1400 2186 63 30 400
1482 2187 141 38 kronor,

121 2237 203 30 hemställer
343 2237 181 33 utskottet,

476 2288 51 27 att
545 2286 188 39 riksdagen
753 2286 57 29 må

478 2336 37 33 a)
548 2336 187 39 godkänna
762 2336 157 39 följande
948 2336 253 39 avlöningsstat
1229 2336 56 30 för
1312 2336 316 30 riksskattenämn-

435 2387 77 33 den,
531 2388 49 28 att
598 2386 177 40 tillämpas
793 2386 71 30 tills
883 2386 117 30 vidare
1018 2386 81 30 från
1117 2386 64 30 och
1200 2387 79 29 med
1297 2386 205 40 budgetåret
1523 2387 104 35 1955/

434 2438 56 29 56:

149 2503 17 26 3
204 2505 111 29 Bihang
335 2504 47 24 till
400 2503 169 30 riksdagens
588 2504 148 30 protokoll
755 2504 75 23 1955.
849 2504 16 23 6
885 2504 83 23 saml.
987 2504 39 24 Nr
1042 2506 15 23 7
