2237 2695
425 223 247 32 Sammansatta
700 223 104 32 Stats-
835 222 73 40 (och
935 219 277 47 Lag-)utskottets
1245 219 178 37 Utlåtande
1450 224 65 31 N:o
1543 226 49 29 10.
1748 224 20 32 5

225 304 153 50 uppgift
420 309 54 32 att
511 305 91 37 söka
639 304 116 37 verka
785 305 58 36 för
870 304 154 50 lösning
1050 304 42 38 af
1116 305 135 36 tvister
1279 304 137 38 mellan
1444 304 278 50 arbetsgifvare
1752 306 70 37 och

227 358 172 36 arbetare
428 357 92 37 eller
548 357 139 37 mellan
716 357 100 37 olika
844 371 169 36 grupper
1042 357 35 37 af
1107 358 207 36 arbetare.»

332 409 278 37 Sammansatta
652 414 111 32 stats-
802 410 71 36 och
913 409 254 50 lagutskottet
1208 410 201 37 förordade
1450 409 108 37 bifall
1598 410 57 37 till
1697 410 124 37 denna

228 462 237 49 ordalydelse
508 462 41 36 af
585 462 231 49 paragrafen
846 462 71 35 och
945 462 128 52 Andra
1101 462 232 36 Kammaren
1361 462 123 36 beslöt
1508 463 195 48 godkänna
1732 463 88 36 den-

228 527 142 23 samma
407 514 85 36 med
523 515 71 35 109
623 519 124 32 röster
775 518 77 32 mot
882 515 59 35 388.
996 514 130 37 ÅAfven
1153 514 245 49 förliknings-
1427 514 69 36 och
1533 514 288 49 skiljenämnds-

227 566 226 36 kommittén
494 566 41 36 af
574 569 40 33 år
658 568 96 34 1899
797 566 98 36 hade
923 568 48 47 på
1000 566 197 36 enahanda
1226 571 76 31 sätt
1329 565 222 37 formulerat
1579 567 75 35 den
1681 567 141 48 ifråga-

228 618 165 37 varande
421 618 244 49 paragrafen.
721 618 18 36 I
768 619 64 36 det
859 632 75 35 nya
961 618 384 49 kommittéförslaget
1363 619 68 36 har
1452 618 98 37 dock
1568 632 50 23 nu
1637 618 184 49 vidtagits

229 670 71 37 den
342 670 287 47 förändringen,
672 675 56 31 att
770 670 136 37 orden:
945 670 157 37 »mellan
1132 670 100 37 olika
1260 684 169 36 grupper
1457 671 40 35 af
1523 671 192 37 arbetare»
1744 670 78 37 helt

229 723 71 35 och
328 722 116 37 hållet
473 723 173 36 uteslutits
677 736 45 22 ur
749 723 239 48 paragrafen.
1046 722 90 37 Som
1165 722 119 37 motiv
1311 723 59 36 för
1399 722 286 50 uteslutningen
1714 724 40 36 af
1775 723 45 37 de

227 775 160 36 berörda
417 775 117 36 orden
561 775 49 36 ha
637 775 293 37 kommitterade
958 775 12 36 i
990 775 66 37 sitt
1073 775 197 37 utlåtande
1296 776 137 47 anfört,
1455 780 53 32 att
1527 775 85 37 »det
1632 775 190 37 allmänna

229 827 139 36 saknar
396 827 209 48 anledning
633 832 66 42 att,
728 830 48 46 på
805 832 75 31 sätt
908 827 64 36 det
1001 827 266 49 föreliggande
1287 827 252 49 lagförslaget
1559 828 186 47 angifver,
1765 828 56 36 in-

226 879 110 50 gripa
377 879 12 36 1
430 879 135 37 tvister
602 892 89 24 vare
733 879 59 49 sig
833 879 137 37 mellan
1004 879 101 37 olika
1133 880 275 48 arbetsgifvare
1438 880 90 36 eller
1558 880 136 37 mellan
1723 880 99 37 olika

227 944 168 37 grupper
436 931 42 37 af
516 929 184 51 arbetare,
744 933 130 35 förrän
916 932 111 36 dessa
1060 932 136 37 tvister
1223 932 192 37 utvecklat
1443 933 60 48 sig
1531 933 57 35 till
1616 932 206 37 konflikter

227 983 138 37 mellan
394 984 277 49 arbetsgifvare
700 984 70 36 och
800 984 182 47 arbetare,
1013 989 91 31 enär
1133 984 46 37 de
1206 984 97 37 först
1332 985 45 36 då
1404 984 118 37 blifva
1550 985 41 36 af
1607 985 214 36 beskaffen-

228 1036 66 36 het
323 1041 54 31 att
405 1036 118 36 verka
552 1037 178 36 störande
758 1039 48 46 på
835 1036 450 37 arbetsförhållandena.»

329 1088 17 36 I
387 1088 119 36 likhet
539 1088 86 36 med
654 1088 100 36 hvad
783 1102 79 22 som
891 1088 11 36 1
930 1089 235 48 Aftonbladet
1191 1088 103 36 förut
1320 1088 237 47 framhållits,
1588 1102 90 23 anse
1707 1088 113 37 äfven

227 1140 50 46 vi,
320 1145 54 31 att
416 1140 63 36 det
520 1153 91 23 vore
652 1145 138 45 ytterst
833 1139 133 37 oklokt
994 1145 55 31 att
1077 1154 43 23 ur
1148 1139 21 50 $
1201 1142 17 34 1
1249 1140 180 49 borttaga
1458 1141 46 36 de
1531 1140 290 49 ifrågavarande

229 1192 129 37 orden.
415 1193 58 48 Ty
514 1192 63 36 det
605 1197 41 31 är
669 1193 43 48 ju
742 1197 55 32 ett
824 1193 157 35 allmänt
1009 1192 120 36 kändt
1158 1192 319 48 sakförhållande,
1508 1197 55 31 att
1591 1197 55 32 ett
1674 1193 148 48 ganska

227 1248 96 32 stort
360 1244 102 36 antal
503 1245 41 35 af
582 1245 46 35 de
655 1245 120 36 under
804 1250 152 31 senaste
985 1247 88 34 åren
1102 1244 220 50 uppkomna
1351 1245 385 36 arbetskonflikterna
1763 1249 58 31 ut-

226 1296 123 49 gjorts
390 1296 40 37 af
469 1309 27 23 s.
535 1296 36 36 k.
601 1297 446 48 föreningsrättsstrider.
1105 1296 257 37 MSocialistiska
1391 1297 170 36 arbetare
1589 1300 48 46 på
1666 1310 47 23 en
1741 1296 79 37 viss

227 1348 229 49 arbetsplats
495 1349 93 36 söka
617 1349 174 49 intvinga
820 1349 322 36 arbetskamrater
1170 1349 11 36 i
1211 1349 46 36 de
1286 1348 251 37 socialistiska
1564 1349 257 37 fackförenin-

227 1414 130 35 garna,
388 1401 71 36 och
487 1400 111 37 dessa
626 1401 420 48 intvingningssförsök
1074 1401 186 37 resultera
1288 1401 78 36 ofta
1384 1401 24 47 i,
1429 1406 55 31 att
1504 1401 45 37 de
1570 1401 252 37 socialistiska

226 1453 201 36 arbetarne
468 1453 240 48 proklamera
751 1453 119 49 strejk
913 1453 70 36 och
1023 1453 203 37 »blockad»
1267 1453 60 36 för
1368 1457 56 32 att
1460 1456 48 34 nå
1537 1454 65 36 sitt
1631 1453 188 49 syftemål.

228 1504 132 48 Enligt
390 1505 310 36 kommitterades
728 1505 147 49 förslag
904 1505 122 37 skulle
1054 1519 51 22 nu
1132 1505 398 49 förlikningsmannen
1558 1506 12 35 i
1599 1506 128 49 dylika
1755 1506 67 36 fall

227 1558 72 35 icke
335 1557 162 48 ingripa.
552 1558 141 35 Fastän
723 1558 63 35 det
813 1558 259 48 uttryckligen
1101 1558 10 35 i
1140 1557 20 49 $
1188 1560 21 33 2
1240 1563 123 42 säges,
1393 1563 55 31 att
1477 1558 94 36 hans
1599 1558 154 49 uppgift
1780 1563 42 31 är

227 1613 56 32 att
324 1609 93 36 söka
444 1610 237 49 »förekomma
711 1610 178 36 störande
918 1610 144 36 afbrott
1090 1610 12 35 i
1131 1610 178 47 arbetet»,
1340 1610 95 36 skall
1464 1610 74 36 han
1566 1610 117 36 likväl
1710 1610 111 49 lugnt

228 1664 76 44 åse,
347 1661 94 36 huru
472 1661 260 37 socialisterna
760 1662 216 36 trakassera
1006 1662 69 36 och
1103 1662 154 49 förfölja
1285 1662 358 36 icke-socialistiska
1672 1662 147 36 kamra-

228 1719 70 41 ter,
329 1713 72 37 och
428 1713 75 37 han
532 1713 95 36 skall
655 1713 83 37 icke
765 1714 181 47 inskrida,
976 1714 130 36 förrän
1134 1727 46 24 en
1209 1714 115 36 sådan
1343 1714 132 37 »tvist»
1495 1714 139 37 mellan
1652 1728 169 35 grupper

228 1765 41 36 af
307 1766 172 36 arbetare
522 1765 126 37 blifvit
689 1766 42 36 af
769 1766 72 36 den
881 1766 276 48 beskaffenhet,
1199 1771 55 31 att
1281 1766 95 36 »den
1404 1767 135 36 verkar
1568 1767 177 36 störande
1772 1769 48 46 på

227 1817 415 37 arbetsförhållandet».
701 1817 69 37 Om
801 1818 169 36 däremot
998 1831 46 23 en
1073 1818 279 48 arbetsgifvare
1381 1818 122 36 skulle
1531 1818 178 49 förbjuda
1738 1818 82 37 sina

228 1870 172 36 arbetare
428 1874 56 32 att
511 1870 153 36 tillhöra
693 1883 48 23 en
768 1870 79 36 viss
878 1870 189 49 förening,
1097 1870 70 37 och
1192 1870 161 36 konflikt
1373 1873 47 46 på
1442 1871 124 48 grund
1586 1870 110 37 häraf
1712 1871 109 36 hotar

227 1924 150 46 uppstå,
420 1924 40 34 så
502 1921 97 37 skall
627 1922 398 48 förlikningsmannen
1054 1923 213 36 omedelbart
1293 1922 151 50 ingripa
1471 1925 48 47 på
1547 1922 124 49 grund
1701 1923 41 35 af
1767 1928 53 31 att

228 1973 68 36 här
324 1978 42 31 är
394 1974 109 47 fråga
533 1987 60 23 om
623 1987 48 23 en
698 1974 112 36 »tvist
838 1974 139 37 mellan
1005 1974 281 49 arbetsgifvare
1315 1975 70 36 och
1414 1975 204 36 arbetare».

340 2026 45 37 Vi
425 2033 51 29 tro
511 2027 202 46 emellertid,
744 2034 49 28 att
818 2028 207 47 Riksdagen
1054 2028 31 47 ej
1112 2028 94 34 skall
1234 2034 133 41 antaga
1396 2040 40 23 en
1466 2028 71 48 lag,
1567 2041 74 22 som
1669 2028 154 35 indirekt

228 2078 113 36 skulle
381 2078 139 36 komma
562 2086 50 28 att
652 2079 140 47 skydda
830 2080 66 35 den
917 2080 215 48 förhatliga,
1162 2079 234 36 socialistiska
1418 2078 402 50 förföljelsetaktiken.")

230 2128 271 38 Socialisterna
543 2130 120 36 önska
704 2130 243 48 naturligtvis
976 2131 47 48 ej,
1053 2135 56 32 att
1136 2131 396 48 förlikningsmannen
1559 2131 10 36 i
1600 2131 126 49 dylika
1754 2130 68 37 fall

231 2181 95 36 skall
367 2182 150 49 ingripa
546 2182 72 36 och
645 2182 218 49 framdraga
890 2183 100 36 inför
1018 2183 254 36 allmänheten
1300 2183 308 47 trakasserierna,
1637 2189 91 31 utan
1756 2183 66 37 vill

229 2247 87 23 man
356 2233 11 36 i
409 2248 111 34 smyg
555 2234 178 36 fortsätta
761 2235 86 36 med
875 2240 55 31 att
959 2235 90 37 söka
1078 2235 150 49 inpiska
1256 2235 46 37 de
1330 2236 355 36 icke-socialistiska
1714 2236 105 36 arbe-

228 2291 108 31 tarne
364 2286 13 36 i
404 2286 370 49 fackföreningarna.

332 2391 22 29 7”)
372 2390 191 26 Kursiveradt
583 2391 30 24 af
630 2391 188 25 motionären.
