<?xml version="1.0" encoding="UTF-8"?>
<alto xmlns="http://www.loc.gov/standards/alto/ns-v3#" xmlns:xlink="http://www.w3.org/1999/xlink" xmlns:xsi="http://www.w3.org/2001/XMLSchema-instance" xsi:schemaLocation="http://www.loc.gov/standards/alto/ns-v3# http://www.loc.gov/alto/v3/alto-3-0.xsd">
	<Description>
		<MeasurementUnit>pixel</MeasurementUnit>
		<sourceImageInformation>
			<fileName>/tmp/tess_27xptmzh_input.PNG</fileName>
		</sourceImageInformation>
		<OCRProcessing ID="OCR_0">
			<ocrProcessingStep>
				<processingSoftware>
					<softwareName>tesseract 5.3.0</softwareName>
				</processingSoftware>
			</ocrProcessingStep>
		</OCRProcessing>
	</Description>
	<Layout>
		<Page WIDTH="1874" HEIGHT="2772" PHYSICAL_IMG_NR="0" ID="page_0">
			<PrintSpace HPOS="0" VPOS="0" WIDTH="1874" HEIGHT="2772">
				<ComposedBlock ID="cblock_0" HPOS="224" VPOS="116" WIDTH="1201" HEIGHT="44">
					<TextBlock ID="block_0" HPOS="224" VPOS="116" WIDTH="1201" HEIGHT="44">
						<TextLine ID="line_0" HPOS="224" VPOS="116" WIDTH="1201" HEIGHT="44">
							<String ID="string_0" HPOS="224" VPOS="116" WIDTH="37" HEIGHT="30" WC="0.96" CONTENT="16"/><SP WIDTH="242" VPOS="116" HPOS="261"/>
							<String ID="string_1" HPOS="503" VPOS="119" WIDTH="405" HEIGHT="41" WC="0.91" CONTENT="Bevillningsutskottets"/><SP WIDTH="19" VPOS="119" HPOS="908"/>
							<String ID="string_2" HPOS="927" VPOS="123" WIDTH="218" HEIGHT="32" WC="0.95" CONTENT="betänkande"/><SP WIDTH="16" VPOS="123" HPOS="1145"/>
							<String ID="string_3" HPOS="1161" VPOS="135" WIDTH="44" HEIGHT="21" WC="0.95" CONTENT="nr"/><SP WIDTH="17" VPOS="135" HPOS="1205"/>
							<String ID="string_4" HPOS="1222" VPOS="128" WIDTH="43" HEIGHT="29" WC="0.96" CONTENT="54"/><SP WIDTH="16" VPOS="128" HPOS="1265"/>
							<String ID="string_5" HPOS="1281" VPOS="129" WIDTH="41" HEIGHT="29" WC="0.96" CONTENT="år"/><SP WIDTH="18" VPOS="129" HPOS="1322"/>
							<String ID="string_6" HPOS="1340" VPOS="129" WIDTH="85" HEIGHT="30" WC="0.96" CONTENT="1966"/>
						</TextLine>
					</TextBlock>
				</ComposedBlock>
				<ComposedBlock ID="cblock_1" HPOS="379" VPOS="197" WIDTH="1165" HEIGHT="51">
					<TextBlock ID="block_1" HPOS="379" VPOS="197" WIDTH="1165" HEIGHT="51">
						<TextLine ID="line_1" HPOS="379" VPOS="197" WIDTH="1165" HEIGHT="51">
							<String ID="string_7" HPOS="379" VPOS="197" WIDTH="224" HEIGHT="34" WC="0.95" CONTENT="(Nuvarande"/><SP WIDTH="26" VPOS="197" HPOS="603"/>
							<String ID="string_8" HPOS="629" VPOS="200" WIDTH="148" HEIGHT="39" WC="0.95" CONTENT="lydelse)"/><SP WIDTH="378" VPOS="200" HPOS="777"/>
							<String ID="string_9" HPOS="1155" VPOS="205" WIDTH="226" HEIGHT="42" WC="0.96" CONTENT="(Föreslagen"/><SP WIDTH="16" VPOS="205" HPOS="1381"/>
							<String ID="string_10" HPOS="1397" VPOS="209" WIDTH="147" HEIGHT="39" WC="0.96" CONTENT="lydelse)"/>
						</TextLine>
					</TextBlock>
				</ComposedBlock>
				<ComposedBlock ID="cblock_2" HPOS="216" VPOS="256" WIDTH="720" HEIGHT="396">
					<TextBlock ID="block_2" HPOS="220" VPOS="256" WIDTH="716" HEIGHT="76">
						<TextLine ID="line_2" HPOS="221" VPOS="256" WIDTH="715" HEIGHT="42">
							<String ID="string_11" HPOS="221" VPOS="256" WIDTH="180" HEIGHT="42" WC="0.91" CONTENT="lämpning"/><SP WIDTH="20" VPOS="256" HPOS="401"/>
							<String ID="string_12" HPOS="421" VPOS="259" WIDTH="19" HEIGHT="30" WC="0.88" CONTENT="å"/><SP WIDTH="22" VPOS="259" HPOS="440"/>
							<String ID="string_13" HPOS="462" VPOS="259" WIDTH="12" HEIGHT="30" WC="0.96" CONTENT="i"/><SP WIDTH="20" VPOS="259" HPOS="474"/>
							<String ID="string_14" HPOS="494" VPOS="260" WIDTH="157" HEIGHT="31" WC="0.96" CONTENT="utlandet"/><SP WIDTH="22" VPOS="260" HPOS="651"/>
							<String ID="string_15" HPOS="673" VPOS="263" WIDTH="114" HEIGHT="30" WC="0.96" CONTENT="bosatt"/><SP WIDTH="20" VPOS="263" HPOS="787"/>
							<String ID="string_16" HPOS="807" VPOS="265" WIDTH="129" HEIGHT="29" WC="0.96" CONTENT="svensk"/>
						</TextLine>
						<TextLine ID="line_3" HPOS="220" VPOS="301" WIDTH="197" HEIGHT="31">
							<String ID="string_17" HPOS="220" VPOS="301" WIDTH="197" HEIGHT="31" WC="0.90" CONTENT="undersåte."/>
						</TextLine>
					</TextBlock>
					<TextBlock ID="block_3" HPOS="216" VPOS="345" WIDTH="720" HEIGHT="307">
						<TextLine ID="line_4" HPOS="266" VPOS="345" WIDTH="670" HEIGHT="48">
							<String ID="string_18" HPOS="266" VPOS="345" WIDTH="50" HEIGHT="29" WC="0.96" CONTENT="14"/><SP WIDTH="25" VPOS="345" HPOS="316"/>
							<String ID="string_19" HPOS="341" VPOS="355" WIDTH="127" HEIGHT="22" WC="0.94" CONTENT="mom."/><SP WIDTH="29" VPOS="355" HPOS="468"/>
							<String ID="string_20" HPOS="497" VPOS="349" WIDTH="73" HEIGHT="29" WC="0.96" CONTENT="Vad"/><SP WIDTH="24" VPOS="349" HPOS="570"/>
							<String ID="string_21" HPOS="594" VPOS="349" WIDTH="12" HEIGHT="29" WC="0.96" CONTENT="i"/><SP WIDTH="24" VPOS="349" HPOS="606"/>
							<String ID="string_22" HPOS="630" VPOS="350" WIDTH="114" HEIGHT="31" WC="0.96" CONTENT="denna"/><SP WIDTH="25" VPOS="350" HPOS="744"/>
							<String ID="string_23" HPOS="769" VPOS="353" WIDTH="167" HEIGHT="40" WC="0.96" CONTENT="paragraf"/>
						</TextLine>
						<TextLine ID="line_5" HPOS="218" VPOS="388" WIDTH="717" HEIGHT="46">
							<String ID="string_24" HPOS="218" VPOS="388" WIDTH="40" HEIGHT="29" WC="0.96" CONTENT="är"/><SP WIDTH="18" VPOS="388" HPOS="258"/>
							<String ID="string_25" HPOS="276" VPOS="390" WIDTH="138" HEIGHT="39" WC="0.96" CONTENT="stadgat"/><SP WIDTH="19" VPOS="390" HPOS="414"/>
							<String ID="string_26" HPOS="433" VPOS="392" WIDTH="108" HEIGHT="38" WC="0.96" CONTENT="gäller"/><SP WIDTH="20" VPOS="392" HPOS="541"/>
							<String ID="string_27" HPOS="561" VPOS="392" WIDTH="74" HEIGHT="31" WC="0.96" CONTENT="icke"/><SP WIDTH="19" VPOS="392" HPOS="635"/>
							<String ID="string_28" HPOS="654" VPOS="394" WIDTH="57" HEIGHT="40" WC="0.96" CONTENT="för"/><SP WIDTH="18" VPOS="394" HPOS="711"/>
							<String ID="string_29" HPOS="729" VPOS="395" WIDTH="66" HEIGHT="30" WC="0.96" CONTENT="här"/><SP WIDTH="21" VPOS="395" HPOS="795"/>
							<String ID="string_30" HPOS="816" VPOS="396" WIDTH="11" HEIGHT="29" WC="0.96" CONTENT="i"/><SP WIDTH="18" VPOS="396" HPOS="827"/>
							<String ID="string_31" HPOS="845" VPOS="397" WIDTH="90" HEIGHT="30" WC="0.95" CONTENT="riket"/>
						</TextLine>
						<TextLine ID="line_6" HPOS="219" VPOS="431" WIDTH="716" HEIGHT="50">
							<String ID="string_32" HPOS="219" VPOS="431" WIDTH="114" HEIGHT="31" WC="0.96" CONTENT="bosatt"/><SP WIDTH="27" VPOS="431" HPOS="333"/>
							<String ID="string_33" HPOS="360" VPOS="434" WIDTH="193" HEIGHT="41" WC="0.96" CONTENT="utlänning,"/><SP WIDTH="26" VPOS="434" HPOS="553"/>
							<String ID="string_34" HPOS="579" VPOS="446" WIDTH="75" HEIGHT="20" WC="0.96" CONTENT="som"/><SP WIDTH="29" VPOS="446" HPOS="654"/>
							<String ID="string_35" HPOS="683" VPOS="438" WIDTH="11" HEIGHT="29" WC="0.96" CONTENT="i"/><SP WIDTH="26" VPOS="438" HPOS="694"/>
							<String ID="string_36" HPOS="720" VPOS="440" WIDTH="215" HEIGHT="41" WC="0.96" CONTENT="vederbörlig"/>
						</TextLine>
						<TextLine ID="line_7" HPOS="218" VPOS="477" WIDTH="716" HEIGHT="41">
							<String ID="string_37" HPOS="218" VPOS="477" WIDTH="149" HEIGHT="40" WC="0.96" CONTENT="ordning"/><SP WIDTH="17" VPOS="477" HPOS="367"/>
							<String ID="string_38" HPOS="384" VPOS="478" WIDTH="177" HEIGHT="40" WC="0.96" CONTENT="förvärvat"/><SP WIDTH="20" VPOS="478" HPOS="561"/>
							<String ID="string_39" HPOS="581" VPOS="481" WIDTH="69" HEIGHT="30" WC="0.96" CONTENT="lika"/><SP WIDTH="18" VPOS="481" HPOS="650"/>
							<String ID="string_40" HPOS="668" VPOS="483" WIDTH="70" HEIGHT="29" WC="0.96" CONTENT="rätt"/><SP WIDTH="19" VPOS="483" HPOS="738"/>
							<String ID="string_41" HPOS="757" VPOS="486" WIDTH="80" HEIGHT="29" WC="0.93" CONTENT="med"/><SP WIDTH="18" VPOS="486" HPOS="837"/>
							<String ID="string_42" HPOS="855" VPOS="485" WIDTH="79" HEIGHT="30" WC="0.93" CONTENT="här-"/>
						</TextLine>
						<TextLine ID="line_8" HPOS="217" VPOS="520" WIDTH="717" HEIGHT="39">
							<String ID="string_43" HPOS="217" VPOS="520" WIDTH="117" HEIGHT="30" WC="0.87" CONTENT="slädes"/><SP WIDTH="31" VPOS="520" HPOS="334"/>
							<String ID="string_44" HPOS="365" VPOS="522" WIDTH="113" HEIGHT="30" WC="0.96" CONTENT="bosatt"/><SP WIDTH="28" VPOS="522" HPOS="478"/>
							<String ID="string_45" HPOS="506" VPOS="526" WIDTH="128" HEIGHT="29" WC="0.93" CONTENT="svensk"/><SP WIDTH="30" VPOS="526" HPOS="634"/>
							<String ID="string_46" HPOS="664" VPOS="527" WIDTH="187" HEIGHT="31" WC="0.92" CONTENT="undersåte"/><SP WIDTH="31" VPOS="527" HPOS="851"/>
							<String ID="string_47" HPOS="882" VPOS="530" WIDTH="52" HEIGHT="29" WC="0.96" CONTENT="till"/>
						</TextLine>
						<TextLine ID="line_9" HPOS="217" VPOS="564" WIDTH="716" HEIGHT="43">
							<String ID="string_48" HPOS="217" VPOS="564" WIDTH="176" HEIGHT="41" WC="0.96" CONTENT="offentligt"/><SP WIDTH="19" VPOS="564" HPOS="393"/>
							<String ID="string_49" HPOS="412" VPOS="568" WIDTH="253" HEIGHT="39" WC="0.96" CONTENT="uppträdande,"/><SP WIDTH="19" VPOS="568" HPOS="665"/>
							<String ID="string_50" HPOS="684" VPOS="580" WIDTH="119" HEIGHT="21" WC="0.96" CONTENT="varom"/><SP WIDTH="21" VPOS="580" HPOS="803"/>
							<String ID="string_51" HPOS="824" VPOS="572" WIDTH="11" HEIGHT="30" WC="0.91" CONTENT="i"/><SP WIDTH="16" VPOS="572" HPOS="835"/>
							<String ID="string_52" HPOS="851" VPOS="573" WIDTH="82" HEIGHT="30" WC="0.91" CONTENT="den-"/>
						</TextLine>
						<TextLine ID="line_10" HPOS="216" VPOS="612" WIDTH="425" HEIGHT="40">
							<String ID="string_53" HPOS="216" VPOS="616" WIDTH="43" HEIGHT="21" WC="0.94" CONTENT="na"/><SP WIDTH="20" VPOS="616" HPOS="259"/>
							<String ID="string_54" HPOS="279" VPOS="613" WIDTH="166" HEIGHT="39" WC="0.93" CONTENT="paragraf"/><SP WIDTH="19" VPOS="613" HPOS="445"/>
							<String ID="string_55" HPOS="464" VPOS="612" WIDTH="177" HEIGHT="39" WC="0.62" CONTENT="förmäles."/>
						</TextLine>
					</TextBlock>
				</ComposedBlock>
				<ComposedBlock ID="cblock_3" HPOS="213" VPOS="741" WIDTH="1488" HEIGHT="120">
					<TextBlock ID="block_4" HPOS="213" VPOS="741" WIDTH="1488" HEIGHT="120">
						<TextLine ID="line_11" HPOS="258" VPOS="741" WIDTH="1443" HEIGHT="52">
							<String ID="string_56" HPOS="258" VPOS="741" WIDTH="123" HEIGHT="30" WC="0.96" CONTENT="Denna"/><SP WIDTH="19" VPOS="741" HPOS="381"/>
							<String ID="string_57" HPOS="400" VPOS="743" WIDTH="206" HEIGHT="42" WC="0.96" CONTENT="förordning"/><SP WIDTH="18" VPOS="743" HPOS="606"/>
							<String ID="string_58" HPOS="624" VPOS="748" WIDTH="117" HEIGHT="30" WC="0.96" CONTENT="träder"/><SP WIDTH="20" VPOS="748" HPOS="741"/>
							<String ID="string_59" HPOS="761" VPOS="749" WIDTH="11" HEIGHT="29" WC="0.96" CONTENT="i"/><SP WIDTH="20" VPOS="749" HPOS="772"/>
							<String ID="string_60" HPOS="792" VPOS="750" WIDTH="95" HEIGHT="30" WC="0.96" CONTENT="kraft"/><SP WIDTH="21" VPOS="750" HPOS="887"/>
							<String ID="string_61" HPOS="908" VPOS="751" WIDTH="66" HEIGHT="30" WC="0.96" CONTENT="den"/><SP WIDTH="24" VPOS="751" HPOS="974"/>
							<String ID="string_62" HPOS="998" VPOS="753" WIDTH="14" HEIGHT="29" WC="0.96" CONTENT="1"/><SP WIDTH="22" VPOS="753" HPOS="1012"/>
							<String ID="string_63" HPOS="1034" VPOS="753" WIDTH="142" HEIGHT="40" WC="0.70" CONTENT="Januari"/><SP WIDTH="23" VPOS="753" HPOS="1176"/>
							<String ID="string_64" HPOS="1199" VPOS="755" WIDTH="94" HEIGHT="31" WC="0.96" CONTENT="1967."/><SP WIDTH="21" VPOS="755" HPOS="1293"/>
							<String ID="string_65" HPOS="1314" VPOS="757" WIDTH="103" HEIGHT="30" WC="0.91" CONTENT="Äldre"/><SP WIDTH="21" VPOS="757" HPOS="1417"/>
							<String ID="string_66" HPOS="1438" VPOS="758" WIDTH="263" HEIGHT="33" WC="0.96" CONTENT="bestämmelser"/>
						</TextLine>
						<TextLine ID="line_12" HPOS="214" VPOS="784" WIDTH="1486" HEIGHT="60">
							<String ID="string_67" HPOS="214" VPOS="784" WIDTH="91" HEIGHT="38" WC="0.96" CONTENT="gälla"/><SP WIDTH="23" VPOS="784" HPOS="305"/>
							<String ID="string_68" HPOS="328" VPOS="786" WIDTH="88" HEIGHT="30" WC="0.96" CONTENT="dock"/><SP WIDTH="23" VPOS="786" HPOS="416"/>
							<String ID="string_69" HPOS="439" VPOS="788" WIDTH="218" HEIGHT="32" WC="0.95" CONTENT="fortfarande"/><SP WIDTH="24" VPOS="788" HPOS="657"/>
							<String ID="string_70" HPOS="681" VPOS="792" WIDTH="11" HEIGHT="29" WC="0.95" CONTENT="i"/><SP WIDTH="24" VPOS="792" HPOS="692"/>
							<String ID="string_71" HPOS="716" VPOS="792" WIDTH="99" HEIGHT="40" WC="0.96" CONTENT="fråga"/><SP WIDTH="24" VPOS="792" HPOS="815"/>
							<String ID="string_72" HPOS="839" VPOS="803" WIDTH="56" HEIGHT="21" WC="0.96" CONTENT="om"/><SP WIDTH="24" VPOS="803" HPOS="895"/>
							<String ID="string_73" HPOS="919" VPOS="795" WIDTH="327" HEIGHT="43" WC="0.91" CONTENT="bevillningsavgift,"/><SP WIDTH="27" VPOS="795" HPOS="1246"/>
							<String ID="string_74" HPOS="1273" VPOS="809" WIDTH="75" HEIGHT="22" WC="0.93" CONTENT="som"/><SP WIDTH="24" VPOS="809" HPOS="1348"/>
							<String ID="string_75" HPOS="1372" VPOS="802" WIDTH="140" HEIGHT="41" WC="0.91" CONTENT="belöper"/><SP WIDTH="23" VPOS="802" HPOS="1512"/>
							<String ID="string_76" HPOS="1535" VPOS="804" WIDTH="46" HEIGHT="40" WC="0.96" CONTENT="på"/><SP WIDTH="23" VPOS="804" HPOS="1581"/>
							<String ID="string_77" HPOS="1604" VPOS="805" WIDTH="96" HEIGHT="30" WC="0.96" CONTENT="tiden"/>
						</TextLine>
						<TextLine ID="line_13" HPOS="213" VPOS="828" WIDTH="260" HEIGHT="33">
							<String ID="string_78" HPOS="213" VPOS="828" WIDTH="260" HEIGHT="33" WC="0.96" CONTENT="dessförinnan."/>
						</TextLine>
					</TextBlock>
				</ComposedBlock>
				<ComposedBlock ID="cblock_4" HPOS="200" VPOS="927" WIDTH="1499" HEIGHT="1280">
					<TextBlock ID="block_5" HPOS="212" VPOS="927" WIDTH="1487" HEIGHT="97">
						<TextLine ID="line_14" HPOS="255" VPOS="927" WIDTH="1444" HEIGHT="56">
							<String ID="string_79" HPOS="255" VPOS="927" WIDTH="67" HEIGHT="29" WC="0.96" CONTENT="Till"/><SP WIDTH="20" VPOS="927" HPOS="322"/>
							<String ID="string_80" HPOS="342" VPOS="929" WIDTH="169" HEIGHT="31" WC="0.96" CONTENT="utskottet"/><SP WIDTH="19" VPOS="929" HPOS="511"/>
							<String ID="string_81" HPOS="530" VPOS="931" WIDTH="64" HEIGHT="30" WC="0.96" CONTENT="har"/><SP WIDTH="19" VPOS="931" HPOS="594"/>
							<String ID="string_82" HPOS="613" VPOS="933" WIDTH="180" HEIGHT="31" WC="0.96" CONTENT="hänvisats"/><SP WIDTH="23" VPOS="933" HPOS="793"/>
							<String ID="string_83" HPOS="816" VPOS="936" WIDTH="155" HEIGHT="39" WC="0.96" CONTENT="följande"/><SP WIDTH="21" VPOS="936" HPOS="971"/>
							<String ID="string_84" HPOS="992" VPOS="939" WIDTH="9" HEIGHT="29" WC="0.96" CONTENT="i"/><SP WIDTH="21" VPOS="939" HPOS="1001"/>
							<String ID="string_85" HPOS="1022" VPOS="940" WIDTH="186" HEIGHT="40" WC="0.96" CONTENT="anledning"/><SP WIDTH="22" VPOS="940" HPOS="1208"/>
							<String ID="string_86" HPOS="1230" VPOS="951" WIDTH="42" HEIGHT="21" WC="0.96" CONTENT="av"/><SP WIDTH="19" VPOS="951" HPOS="1272"/>
							<String ID="string_87" HPOS="1291" VPOS="944" WIDTH="262" HEIGHT="39" WC="0.96" CONTENT="propositionen"/><SP WIDTH="21" VPOS="944" HPOS="1553"/>
							<String ID="string_88" HPOS="1574" VPOS="947" WIDTH="125" HEIGHT="30" WC="0.96" CONTENT="väckta"/>
						</TextLine>
						<TextLine ID="line_15" HPOS="212" VPOS="981" WIDTH="453" HEIGHT="43">
							<String ID="string_89" HPOS="212" VPOS="981" WIDTH="258" HEIGHT="36" WC="0.95" CONTENT="motioner,"/><SP WIDTH="21" VPOS="981" HPOS="470"/>
							<String ID="string_90" HPOS="491" VPOS="984" WIDTH="174" HEIGHT="40" WC="0.95" CONTENT="nämligen"/>
						</TextLine>
					</TextBlock>
					<TextBlock ID="block_6" HPOS="208" VPOS="1033" WIDTH="1489" HEIGHT="318">
						<TextLine ID="line_16" HPOS="257" VPOS="1033" WIDTH="1440" HEIGHT="61">
							<String ID="string_91" HPOS="257" VPOS="1033" WIDTH="34" HEIGHT="33" WC="0.96" CONTENT="1)"/><SP WIDTH="28" VPOS="1033" HPOS="291"/>
							<String ID="string_92" HPOS="319" VPOS="1035" WIDTH="40" HEIGHT="29" WC="0.95" CONTENT="de"/><SP WIDTH="23" VPOS="1035" HPOS="359"/>
							<String ID="string_93" HPOS="382" VPOS="1035" WIDTH="221" HEIGHT="40" WC="0.96" CONTENT="likalydande"/><SP WIDTH="23" VPOS="1035" HPOS="603"/>
							<String ID="string_94" HPOS="626" VPOS="1040" WIDTH="220" HEIGHT="32" WC="0.96" CONTENT="motionerna"/><SP WIDTH="22" VPOS="1040" HPOS="846"/>
							<String ID="string_95" HPOS="868" VPOS="1043" WIDTH="29" HEIGHT="29" WC="0.90" CONTENT="1:"/><SP WIDTH="18" VPOS="1043" HPOS="897"/>
							<String ID="string_96" HPOS="915" VPOS="1043" WIDTH="58" HEIGHT="31" WC="0.90" CONTENT="761"/><SP WIDTH="27" VPOS="1043" HPOS="973"/>
							<String ID="string_97" HPOS="1000" VPOS="1055" WIDTH="42" HEIGHT="20" WC="0.96" CONTENT="av"/><SP WIDTH="22" VPOS="1055" HPOS="1042"/>
							<String ID="string_98" HPOS="1064" VPOS="1046" WIDTH="120" HEIGHT="31" WC="0.97" CONTENT="herrar"/><SP WIDTH="22" VPOS="1046" HPOS="1184"/>
							<String ID="string_99" HPOS="1206" VPOS="1048" WIDTH="136" HEIGHT="30" WC="0.96" CONTENT="Sundin"/><SP WIDTH="26" VPOS="1048" HPOS="1342"/>
							<String ID="string_100" HPOS="1368" VPOS="1051" WIDTH="63" HEIGHT="29" WC="0.96" CONTENT="och"/><SP WIDTH="23" VPOS="1051" HPOS="1431"/>
							<String ID="string_101" HPOS="1454" VPOS="1051" WIDTH="130" HEIGHT="43" WC="0.91" CONTENT="Ernulf"/><SP WIDTH="23" VPOS="1051" HPOS="1584"/>
							<String ID="string_102" HPOS="1607" VPOS="1055" WIDTH="90" HEIGHT="28" WC="0.96" CONTENT="samt"/>
						</TextLine>
						<TextLine ID="line_17" HPOS="211" VPOS="1085" WIDTH="1485" HEIGHT="59">
							<String ID="string_103" HPOS="211" VPOS="1085" WIDTH="45" HEIGHT="30" WC="0.66" CONTENT="II:"/><SP WIDTH="17" VPOS="1085" HPOS="256"/>
							<String ID="string_104" HPOS="273" VPOS="1086" WIDTH="62" HEIGHT="31" WC="0.94" CONTENT="932"/><SP WIDTH="21" VPOS="1086" HPOS="335"/>
							<String ID="string_105" HPOS="356" VPOS="1098" WIDTH="41" HEIGHT="20" WC="0.96" CONTENT="av"/><SP WIDTH="20" VPOS="1098" HPOS="397"/>
							<String ID="string_106" HPOS="417" VPOS="1089" WIDTH="80" HEIGHT="30" WC="0.96" CONTENT="herr"/><SP WIDTH="18" VPOS="1089" HPOS="497"/>
							<String ID="string_107" HPOS="515" VPOS="1091" WIDTH="153" HEIGHT="30" WC="0.96" CONTENT="Larsson"/><SP WIDTH="21" VPOS="1091" HPOS="668"/>
							<String ID="string_108" HPOS="689" VPOS="1093" WIDTH="10" HEIGHT="30" WC="0.96" CONTENT="i"/><SP WIDTH="20" VPOS="1093" HPOS="699"/>
							<String ID="string_109" HPOS="719" VPOS="1094" WIDTH="109" HEIGHT="31" WC="0.93" CONTENT="Umeå"/><SP WIDTH="20" VPOS="1094" HPOS="828"/>
							<String ID="string_110" HPOS="848" VPOS="1105" WIDTH="45" HEIGHT="20" WC="0.88" CONTENT="m."/><SP WIDTH="20" VPOS="1105" HPOS="893"/>
							<String ID="string_111" HPOS="913" VPOS="1097" WIDTH="50" HEIGHT="39" WC="0.86" CONTENT="fl.,"/><SP WIDTH="22" VPOS="1097" HPOS="963"/>
							<String ID="string_112" HPOS="985" VPOS="1099" WIDTH="74" HEIGHT="29" WC="0.93" CONTENT="vari"/><SP WIDTH="20" VPOS="1099" HPOS="1059"/>
							<String ID="string_113" HPOS="1079" VPOS="1100" WIDTH="207" HEIGHT="36" WC="0.91" CONTENT="hemställts,"/><SP WIDTH="23" VPOS="1100" HPOS="1286"/>
							<String ID="string_114" HPOS="1309" VPOS="1104" WIDTH="50" HEIGHT="28" WC="0.96" CONTENT="att"/><SP WIDTH="22" VPOS="1104" HPOS="1359"/>
							<String ID="string_115" HPOS="1381" VPOS="1104" WIDTH="186" HEIGHT="40" WC="0.96" CONTENT="riksdagen"/><SP WIDTH="22" VPOS="1104" HPOS="1567"/>
							<String ID="string_116" HPOS="1589" VPOS="1106" WIDTH="107" HEIGHT="31" WC="0.96" CONTENT="måtte"/>
						</TextLine>
						<TextLine ID="line_18" HPOS="209" VPOS="1139" WIDTH="1487" HEIGHT="52">
							<String ID="string_117" HPOS="209" VPOS="1139" WIDTH="57" HEIGHT="30" WC="0.96" CONTENT="vid"/><SP WIDTH="19" VPOS="1139" HPOS="266"/>
							<String ID="string_118" HPOS="285" VPOS="1140" WIDTH="255" HEIGHT="42" WC="0.96" CONTENT="behandlingen"/><SP WIDTH="22" VPOS="1140" HPOS="540"/>
							<String ID="string_119" HPOS="562" VPOS="1154" WIDTH="41" HEIGHT="21" WC="0.96" CONTENT="av"/><SP WIDTH="19" VPOS="1154" HPOS="603"/>
							<String ID="string_120" HPOS="622" VPOS="1146" WIDTH="126" HEIGHT="40" WC="0.96" CONTENT="Kungl."/><SP WIDTH="21" VPOS="1146" HPOS="748"/>
							<String ID="string_121" HPOS="769" VPOS="1148" WIDTH="124" HEIGHT="40" WC="0.95" CONTENT="Maj:ts"/><SP WIDTH="19" VPOS="1148" HPOS="893"/>
							<String ID="string_122" HPOS="912" VPOS="1152" WIDTH="217" HEIGHT="39" WC="0.96" CONTENT="proposition"/><SP WIDTH="21" VPOS="1152" HPOS="1129"/>
							<String ID="string_123" HPOS="1150" VPOS="1163" WIDTH="41" HEIGHT="20" WC="0.96" CONTENT="nr"/><SP WIDTH="23" VPOS="1163" HPOS="1191"/>
							<String ID="string_124" HPOS="1214" VPOS="1155" WIDTH="60" HEIGHT="29" WC="0.92" CONTENT="127"/><SP WIDTH="23" VPOS="1155" HPOS="1274"/>
							<String ID="string_125" HPOS="1297" VPOS="1156" WIDTH="185" HEIGHT="31" WC="0.92" CONTENT="hemställa"/><SP WIDTH="21" VPOS="1156" HPOS="1482"/>
							<String ID="string_126" HPOS="1503" VPOS="1167" WIDTH="57" HEIGHT="21" WC="0.93" CONTENT="om"/><SP WIDTH="21" VPOS="1167" HPOS="1560"/>
							<String ID="string_127" HPOS="1581" VPOS="1161" WIDTH="115" HEIGHT="29" WC="0.92" CONTENT="utred-"/>
						</TextLine>
						<TextLine ID="line_19" HPOS="210" VPOS="1193" WIDTH="1487" HEIGHT="56">
							<String ID="string_128" HPOS="210" VPOS="1193" WIDTH="83" HEIGHT="39" WC="0.96" CONTENT="ning"/><SP WIDTH="21" VPOS="1193" HPOS="293"/>
							<String ID="string_129" HPOS="314" VPOS="1195" WIDTH="64" HEIGHT="29" WC="0.96" CONTENT="och"/><SP WIDTH="23" VPOS="1195" HPOS="378"/>
							<String ID="string_130" HPOS="401" VPOS="1195" WIDTH="131" HEIGHT="41" WC="0.96" CONTENT="förslag"/><SP WIDTH="21" VPOS="1195" HPOS="532"/>
							<String ID="string_131" HPOS="553" VPOS="1198" WIDTH="52" HEIGHT="29" WC="0.96" CONTENT="till"/><SP WIDTH="22" VPOS="1198" HPOS="605"/>
							<String ID="string_132" HPOS="627" VPOS="1199" WIDTH="161" HEIGHT="39" WC="0.95" CONTENT="åtgärder"/><SP WIDTH="24" VPOS="1199" HPOS="788"/>
							<String ID="string_133" HPOS="812" VPOS="1202" WIDTH="10" HEIGHT="29" WC="0.96" CONTENT="i"/><SP WIDTH="23" VPOS="1202" HPOS="822"/>
							<String ID="string_134" HPOS="845" VPOS="1203" WIDTH="89" HEIGHT="39" WC="0.96" CONTENT="syfte"/><SP WIDTH="24" VPOS="1203" HPOS="934"/>
							<String ID="string_135" HPOS="958" VPOS="1206" WIDTH="49" HEIGHT="28" WC="0.96" CONTENT="att"/><SP WIDTH="24" VPOS="1206" HPOS="1007"/>
							<String ID="string_136" HPOS="1031" VPOS="1213" WIDTH="123" HEIGHT="31" WC="0.92" CONTENT="genom"/><SP WIDTH="24" VPOS="1213" HPOS="1154"/>
							<String ID="string_137" HPOS="1178" VPOS="1208" WIDTH="269" HEIGHT="41" WC="0.91" CONTENT="undanröjande"/><SP WIDTH="24" VPOS="1208" HPOS="1447"/>
							<String ID="string_138" HPOS="1471" VPOS="1221" WIDTH="41" HEIGHT="21" WC="0.96" CONTENT="av"/><SP WIDTH="24" VPOS="1221" HPOS="1512"/>
							<String ID="string_139" HPOS="1536" VPOS="1212" WIDTH="125" HEIGHT="31" WC="0.96" CONTENT="brister"/><SP WIDTH="24" VPOS="1212" HPOS="1661"/>
							<String ID="string_140" HPOS="1685" VPOS="1214" WIDTH="12" HEIGHT="30" WC="0.96" CONTENT="i"/>
						</TextLine>
						<TextLine ID="line_20" HPOS="209" VPOS="1246" WIDTH="1486" HEIGHT="54">
							<String ID="string_141" HPOS="209" VPOS="1246" WIDTH="380" HEIGHT="43" WC="0.92" CONTENT="skattelagstiftningen"/><SP WIDTH="30" VPOS="1246" HPOS="589"/>
							<String ID="string_142" HPOS="619" VPOS="1253" WIDTH="181" HEIGHT="31" WC="0.96" CONTENT="stimulera"/><SP WIDTH="29" VPOS="1253" HPOS="800"/>
							<String ID="string_143" HPOS="829" VPOS="1257" WIDTH="148" HEIGHT="30" WC="0.96" CONTENT="svenska"/><SP WIDTH="29" VPOS="1257" HPOS="977"/>
							<String ID="string_144" HPOS="1006" VPOS="1258" WIDTH="252" HEIGHT="42" WC="0.96" CONTENT="investeringar"/><SP WIDTH="29" VPOS="1258" HPOS="1258"/>
							<String ID="string_145" HPOS="1287" VPOS="1262" WIDTH="11" HEIGHT="30" WC="0.96" CONTENT="i"/><SP WIDTH="29" VPOS="1262" HPOS="1298"/>
							<String ID="string_146" HPOS="1327" VPOS="1264" WIDTH="218" HEIGHT="35" WC="0.96" CONTENT="u-länderna,"/><SP WIDTH="30" VPOS="1264" HPOS="1545"/>
							<String ID="string_147" HPOS="1575" VPOS="1267" WIDTH="120" HEIGHT="30" WC="0.96" CONTENT="varvid"/>
						</TextLine>
						<TextLine ID="line_21" HPOS="208" VPOS="1299" WIDTH="1321" HEIGHT="52">
							<String ID="string_148" HPOS="208" VPOS="1299" WIDTH="44" HEIGHT="30" WC="0.88" CONTENT="bl."/><SP WIDTH="18" VPOS="1299" HPOS="252"/>
							<String ID="string_149" HPOS="270" VPOS="1309" WIDTH="29" HEIGHT="21" WC="0.95" CONTENT="a."/><SP WIDTH="19" VPOS="1309" HPOS="299"/>
							<String ID="string_150" HPOS="318" VPOS="1301" WIDTH="41" HEIGHT="30" WC="0.96" CONTENT="de"/><SP WIDTH="18" VPOS="1301" HPOS="359"/>
							<String ID="string_151" HPOS="377" VPOS="1302" WIDTH="10" HEIGHT="29" WC="0.96" CONTENT="i"/><SP WIDTH="15" VPOS="1302" HPOS="387"/>
							<String ID="string_152" HPOS="402" VPOS="1303" WIDTH="219" HEIGHT="32" WC="0.96" CONTENT="motionerna"/><SP WIDTH="16" VPOS="1303" HPOS="621"/>
							<String ID="string_153" HPOS="637" VPOS="1306" WIDTH="163" HEIGHT="39" WC="0.96" CONTENT="påtalade"/><SP WIDTH="18" VPOS="1306" HPOS="800"/>
							<String ID="string_154" HPOS="818" VPOS="1309" WIDTH="267" HEIGHT="33" WC="0.95" CONTENT="förhållandena"/><SP WIDTH="18" VPOS="1309" HPOS="1085"/>
							<String ID="string_155" HPOS="1103" VPOS="1313" WIDTH="62" HEIGHT="30" WC="0.96" CONTENT="bör"/><SP WIDTH="17" VPOS="1313" HPOS="1165"/>
							<String ID="string_156" HPOS="1182" VPOS="1314" WIDTH="161" HEIGHT="37" WC="0.96" CONTENT="beaktas;"/><SP WIDTH="21" VPOS="1314" HPOS="1343"/>
							<String ID="string_157" HPOS="1364" VPOS="1317" WIDTH="165" HEIGHT="31" WC="0.95" CONTENT="ävensom"/>
						</TextLine>
					</TextBlock>
					<TextBlock ID="block_7" HPOS="206" VPOS="1353" WIDTH="1489" HEIGHT="137">
						<TextLine ID="line_22" HPOS="251" VPOS="1353" WIDTH="1444" HEIGHT="60">
							<String ID="string_158" HPOS="251" VPOS="1353" WIDTH="36" HEIGHT="34" WC="0.96" CONTENT="2)"/><SP WIDTH="30" VPOS="1353" HPOS="287"/>
							<String ID="string_159" HPOS="317" VPOS="1356" WIDTH="40" HEIGHT="29" WC="0.95" CONTENT="de"/><SP WIDTH="24" VPOS="1356" HPOS="357"/>
							<String ID="string_160" HPOS="381" VPOS="1355" WIDTH="221" HEIGHT="40" WC="0.95" CONTENT="likalydande"/><SP WIDTH="25" VPOS="1355" HPOS="602"/>
							<String ID="string_161" HPOS="627" VPOS="1360" WIDTH="220" HEIGHT="32" WC="0.96" CONTENT="motionerna"/><SP WIDTH="24" VPOS="1360" HPOS="847"/>
							<String ID="string_162" HPOS="871" VPOS="1363" WIDTH="29" HEIGHT="29" WC="0.84" CONTENT="1:"/><SP WIDTH="18" VPOS="1363" HPOS="900"/>
							<String ID="string_163" HPOS="918" VPOS="1363" WIDTH="60" HEIGHT="31" WC="0.84" CONTENT="762"/><SP WIDTH="26" VPOS="1363" HPOS="978"/>
							<String ID="string_164" HPOS="1004" VPOS="1375" WIDTH="42" HEIGHT="20" WC="0.96" CONTENT="av"/><SP WIDTH="24" VPOS="1375" HPOS="1046"/>
							<String ID="string_165" HPOS="1070" VPOS="1366" WIDTH="120" HEIGHT="31" WC="0.95" CONTENT="herrar"/><SP WIDTH="23" VPOS="1366" HPOS="1190"/>
							<String ID="string_166" HPOS="1213" VPOS="1367" WIDTH="182" HEIGHT="32" WC="0.96" CONTENT="Åkerlund"/><SP WIDTH="24" VPOS="1367" HPOS="1395"/>
							<String ID="string_167" HPOS="1419" VPOS="1371" WIDTH="64" HEIGHT="29" WC="0.96" CONTENT="och"/><SP WIDTH="24" VPOS="1371" HPOS="1483"/>
							<String ID="string_168" HPOS="1507" VPOS="1372" WIDTH="188" HEIGHT="41" WC="0.95" CONTENT="Lundberg"/>
						</TextLine>
						<TextLine ID="line_23" HPOS="207" VPOS="1408" WIDTH="1485" HEIGHT="58">
							<String ID="string_169" HPOS="207" VPOS="1409" WIDTH="90" HEIGHT="27" WC="0.95" CONTENT="samt"/><SP WIDTH="19" VPOS="1409" HPOS="297"/>
							<String ID="string_170" HPOS="316" VPOS="1408" WIDTH="46" HEIGHT="30" WC="0.93" CONTENT="II:"/><SP WIDTH="17" VPOS="1408" HPOS="362"/>
							<String ID="string_171" HPOS="379" VPOS="1408" WIDTH="61" HEIGHT="30" WC="0.94" CONTENT="933"/><SP WIDTH="21" VPOS="1408" HPOS="440"/>
							<String ID="string_172" HPOS="461" VPOS="1419" WIDTH="41" HEIGHT="21" WC="0.96" CONTENT="av"/><SP WIDTH="17" VPOS="1419" HPOS="502"/>
							<String ID="string_173" HPOS="519" VPOS="1411" WIDTH="121" HEIGHT="30" WC="0.96" CONTENT="herrar"/><SP WIDTH="18" VPOS="1411" HPOS="640"/>
							<String ID="string_174" HPOS="658" VPOS="1413" WIDTH="181" HEIGHT="40" WC="0.96" CONTENT="Nordgren"/><SP WIDTH="20" VPOS="1413" HPOS="839"/>
							<String ID="string_175" HPOS="859" VPOS="1417" WIDTH="63" HEIGHT="28" WC="0.96" CONTENT="och"/><SP WIDTH="19" VPOS="1417" HPOS="922"/>
							<String ID="string_176" HPOS="941" VPOS="1417" WIDTH="153" HEIGHT="40" WC="0.94" CONTENT="Regnéll,"/><SP WIDTH="20" VPOS="1417" HPOS="1094"/>
							<String ID="string_177" HPOS="1114" VPOS="1421" WIDTH="74" HEIGHT="29" WC="0.93" CONTENT="vari"/><SP WIDTH="18" VPOS="1421" HPOS="1188"/>
							<String ID="string_178" HPOS="1206" VPOS="1421" WIDTH="209" HEIGHT="36" WC="0.89" CONTENT="hemställts,"/><SP WIDTH="21" VPOS="1421" HPOS="1415"/>
							<String ID="string_179" HPOS="1436" VPOS="1426" WIDTH="50" HEIGHT="28" WC="0.96" CONTENT="att"/><SP WIDTH="21" VPOS="1426" HPOS="1486"/>
							<String ID="string_180" HPOS="1507" VPOS="1425" WIDTH="185" HEIGHT="41" WC="0.96" CONTENT="riksdagen"/>
						</TextLine>
						<TextLine ID="line_24" HPOS="206" VPOS="1460" WIDTH="110" HEIGHT="30">
							<String ID="string_181" HPOS="206" VPOS="1460" WIDTH="110" HEIGHT="30" WC="0.96" CONTENT="måtte"/>
						</TextLine>
					</TextBlock>
					<TextBlock ID="block_8" HPOS="202" VPOS="1514" WIDTH="1489" HEIGHT="201">
						<TextLine ID="line_25" HPOS="250" VPOS="1514" WIDTH="1441" HEIGHT="56">
							<String ID="string_182" HPOS="250" VPOS="1514" WIDTH="45" HEIGHT="35" WC="0.87" CONTENT="A)"/><SP WIDTH="27" VPOS="1514" HPOS="295"/>
							<String ID="string_183" HPOS="322" VPOS="1517" WIDTH="126" HEIGHT="38" WC="0.96" CONTENT="antaga"/><SP WIDTH="18" VPOS="1517" HPOS="448"/>
							<String ID="string_184" HPOS="466" VPOS="1518" WIDTH="60" HEIGHT="29" WC="0.96" CONTENT="det"/><SP WIDTH="22" VPOS="1518" HPOS="526"/>
							<String ID="string_185" HPOS="548" VPOS="1518" WIDTH="10" HEIGHT="29" WC="0.96" CONTENT="i"/><SP WIDTH="20" VPOS="1518" HPOS="558"/>
							<String ID="string_186" HPOS="578" VPOS="1521" WIDTH="219" HEIGHT="38" WC="0.96" CONTENT="proposition"/><SP WIDTH="21" VPOS="1521" HPOS="797"/>
							<String ID="string_187" HPOS="818" VPOS="1531" WIDTH="41" HEIGHT="21" WC="0.96" CONTENT="nr"/><SP WIDTH="24" VPOS="1531" HPOS="859"/>
							<String ID="string_188" HPOS="883" VPOS="1523" WIDTH="60" HEIGHT="30" WC="0.96" CONTENT="127"/><SP WIDTH="23" VPOS="1523" HPOS="943"/>
							<String ID="string_189" HPOS="966" VPOS="1524" WIDTH="196" HEIGHT="41" WC="0.94" CONTENT="framlagda"/><SP WIDTH="23" VPOS="1524" HPOS="1162"/>
							<String ID="string_190" HPOS="1185" VPOS="1527" WIDTH="167" HEIGHT="41" WC="0.96" CONTENT="förslaget"/><SP WIDTH="24" VPOS="1527" HPOS="1352"/>
							<String ID="string_191" HPOS="1376" VPOS="1530" WIDTH="50" HEIGHT="30" WC="0.96" CONTENT="till"/><SP WIDTH="24" VPOS="1530" HPOS="1426"/>
							<String ID="string_192" HPOS="1450" VPOS="1531" WIDTH="55" HEIGHT="39" WC="0.96" CONTENT="lag"/><SP WIDTH="23" VPOS="1531" HPOS="1505"/>
							<String ID="string_193" HPOS="1528" VPOS="1541" WIDTH="57" HEIGHT="21" WC="0.93" CONTENT="om"/><SP WIDTH="23" VPOS="1541" HPOS="1585"/>
							<String ID="string_194" HPOS="1608" VPOS="1533" WIDTH="83" HEIGHT="30" WC="0.92" CONTENT="änd-"/>
						</TextLine>
						<TextLine ID="line_26" HPOS="205" VPOS="1566" WIDTH="1486" HEIGHT="51">
							<String ID="string_195" HPOS="205" VPOS="1566" WIDTH="77" HEIGHT="40" WC="0.96" CONTENT="ring"/><SP WIDTH="25" VPOS="1566" HPOS="282"/>
							<String ID="string_196" HPOS="307" VPOS="1568" WIDTH="5" HEIGHT="29" WC="0.93" CONTENT="i"/><SP WIDTH="19" VPOS="1568" HPOS="312"/>
							<String ID="string_197" HPOS="331" VPOS="1569" WIDTH="425" HEIGHT="44" WC="0.91" CONTENT="kommunalskattelagen"/><SP WIDTH="22" VPOS="1569" HPOS="756"/>
							<String ID="string_198" HPOS="778" VPOS="1575" WIDTH="67" HEIGHT="30" WC="0.96" CONTENT="den"/><SP WIDTH="21" VPOS="1575" HPOS="845"/>
							<String ID="string_199" HPOS="866" VPOS="1576" WIDTH="40" HEIGHT="30" WC="0.96" CONTENT="28"/><SP WIDTH="22" VPOS="1576" HPOS="906"/>
							<String ID="string_200" HPOS="928" VPOS="1579" WIDTH="194" HEIGHT="38" WC="0.96" CONTENT="september"/><SP WIDTH="23" VPOS="1579" HPOS="1122"/>
							<String ID="string_201" HPOS="1145" VPOS="1580" WIDTH="82" HEIGHT="31" WC="0.96" CONTENT="1928"/><SP WIDTH="28" VPOS="1580" HPOS="1227"/>
							<String ID="string_202" HPOS="1255" VPOS="1582" WIDTH="59" HEIGHT="34" WC="0.96" CONTENT="(nr"/><SP WIDTH="22" VPOS="1582" HPOS="1314"/>
							<String ID="string_203" HPOS="1336" VPOS="1582" WIDTH="80" HEIGHT="35" WC="0.96" CONTENT="370)"/><SP WIDTH="27" VPOS="1582" HPOS="1416"/>
							<String ID="string_204" HPOS="1443" VPOS="1585" WIDTH="79" HEIGHT="30" WC="0.96" CONTENT="med"/><SP WIDTH="23" VPOS="1585" HPOS="1522"/>
							<String ID="string_205" HPOS="1545" VPOS="1586" WIDTH="41" HEIGHT="30" WC="0.93" CONTENT="de"/><SP WIDTH="22" VPOS="1586" HPOS="1586"/>
							<String ID="string_206" HPOS="1608" VPOS="1587" WIDTH="83" HEIGHT="30" WC="0.92" CONTENT="änd-"/>
						</TextLine>
						<TextLine ID="line_27" HPOS="205" VPOS="1620" WIDTH="1485" HEIGHT="57">
							<String ID="string_207" HPOS="205" VPOS="1620" WIDTH="119" HEIGHT="39" WC="0.96" CONTENT="ringar"/><SP WIDTH="17" VPOS="1620" HPOS="324"/>
							<String ID="string_208" HPOS="341" VPOS="1631" WIDTH="41" HEIGHT="21" WC="0.96" CONTENT="av"/><SP WIDTH="18" VPOS="1631" HPOS="382"/>
							<String ID="string_209" HPOS="400" VPOS="1623" WIDTH="41" HEIGHT="29" WC="0.92" CONTENT="54"/><SP WIDTH="20" VPOS="1623" HPOS="441"/>
							<String ID="string_210" HPOS="461" VPOS="1623" WIDTH="15" HEIGHT="37" WC="0.81" CONTENT="$"/><SP WIDTH="21" VPOS="1623" HPOS="476"/>
							<String ID="string_211" HPOS="497" VPOS="1627" WIDTH="89" HEIGHT="27" WC="0.96" CONTENT="samt"/><SP WIDTH="18" VPOS="1627" HPOS="586"/>
							<String ID="string_212" HPOS="604" VPOS="1627" WIDTH="113" HEIGHT="38" WC="0.96" CONTENT="punkt"/><SP WIDTH="22" VPOS="1627" HPOS="717"/>
							<String ID="string_213" HPOS="739" VPOS="1628" WIDTH="13" HEIGHT="29" WC="0.96" CONTENT="1"/><SP WIDTH="23" VPOS="1628" HPOS="752"/>
							<String ID="string_214" HPOS="775" VPOS="1637" WIDTH="43" HEIGHT="20" WC="0.96" CONTENT="av"/><SP WIDTH="17" VPOS="1637" HPOS="818"/>
							<String ID="string_215" HPOS="835" VPOS="1630" WIDTH="272" HEIGHT="40" WC="0.96" CONTENT="anvisningarna"/><SP WIDTH="18" VPOS="1630" HPOS="1107"/>
							<String ID="string_216" HPOS="1125" VPOS="1633" WIDTH="51" HEIGHT="30" WC="0.96" CONTENT="till"/><SP WIDTH="19" VPOS="1633" HPOS="1176"/>
							<String ID="string_217" HPOS="1195" VPOS="1634" WIDTH="40" HEIGHT="29" WC="0.96" CONTENT="53"/><SP WIDTH="23" VPOS="1634" HPOS="1235"/>
							<String ID="string_218" HPOS="1258" VPOS="1635" WIDTH="16" HEIGHT="37" WC="0.85" CONTENT="$"/><SP WIDTH="22" VPOS="1635" HPOS="1274"/>
							<String ID="string_219" HPOS="1296" VPOS="1644" WIDTH="75" HEIGHT="21" WC="0.96" CONTENT="som"/><SP WIDTH="21" VPOS="1644" HPOS="1371"/>
							<String ID="string_220" HPOS="1392" VPOS="1636" WIDTH="155" HEIGHT="41" WC="0.96" CONTENT="framgår"/><SP WIDTH="19" VPOS="1636" HPOS="1547"/>
							<String ID="string_221" HPOS="1566" VPOS="1649" WIDTH="42" HEIGHT="21" WC="0.93" CONTENT="av"/><SP WIDTH="19" VPOS="1649" HPOS="1608"/>
							<String ID="string_222" HPOS="1627" VPOS="1640" WIDTH="63" HEIGHT="30" WC="0.92" CONTENT="föl-"/>
						</TextLine>
						<TextLine ID="line_28" HPOS="202" VPOS="1674" WIDTH="265" HEIGHT="41">
							<String ID="string_223" HPOS="202" VPOS="1674" WIDTH="107" HEIGHT="39" WC="0.91" CONTENT="jande"/><SP WIDTH="18" VPOS="1674" HPOS="309"/>
							<String ID="string_224" HPOS="327" VPOS="1675" WIDTH="140" HEIGHT="40" WC="0.96" CONTENT="lydelse."/>
						</TextLine>
					</TextBlock>
					<TextBlock ID="block_9" HPOS="894" VPOS="1736" WIDTH="96" HEIGHT="38">
						<TextLine ID="line_29" HPOS="894" VPOS="1736" WIDTH="96" HEIGHT="38">
							<String ID="string_225" HPOS="894" VPOS="1736" WIDTH="41" HEIGHT="30" WC="0.94" CONTENT="54"/><SP WIDTH="27" VPOS="1736" HPOS="935"/>
							<String ID="string_226" HPOS="962" VPOS="1737" WIDTH="28" HEIGHT="37" WC="0.94" CONTENT="8."/>
						</TextLine>
					</TextBlock>
					<TextBlock ID="block_10" HPOS="246" VPOS="1789" WIDTH="929" HEIGHT="52">
						<TextLine ID="line_30" HPOS="246" VPOS="1789" WIDTH="929" HEIGHT="52">
							<String ID="string_227" HPOS="246" VPOS="1789" WIDTH="93" HEIGHT="30" WC="0.95" CONTENT="Från"/><SP WIDTH="19" VPOS="1789" HPOS="339"/>
							<String ID="string_228" HPOS="358" VPOS="1791" WIDTH="294" HEIGHT="42" WC="0.93" CONTENT="skattskyldighet"/><SP WIDTH="16" VPOS="1791" HPOS="652"/>
							<String ID="string_229" HPOS="668" VPOS="1813" WIDTH="44" HEIGHT="4" WC="0.79" CONTENT="-—"/><SP WIDTH="20" VPOS="1813" HPOS="712"/>
							<String ID="string_230" HPOS="732" VPOS="1814" WIDTH="27" HEIGHT="3" WC="0.91" CONTENT="—"/><SP WIDTH="20" VPOS="1814" HPOS="759"/>
							<String ID="string_231" HPOS="779" VPOS="1814" WIDTH="24" HEIGHT="4" WC="0.86" CONTENT="—"/><SP WIDTH="39" VPOS="1814" HPOS="803"/>
							<String ID="string_232" HPOS="842" VPOS="1798" WIDTH="50" HEIGHT="30" WC="0.96" CONTENT="till"/><SP WIDTH="21" VPOS="1798" HPOS="892"/>
							<String ID="string_233" HPOS="913" VPOS="1799" WIDTH="262" HEIGHT="42" WC="0.96" CONTENT="livförsäkring;"/>
						</TextLine>
					</TextBlock>
					<TextBlock ID="block_11" HPOS="201" VPOS="1843" WIDTH="1486" HEIGHT="209">
						<TextLine ID="line_31" HPOS="246" VPOS="1843" WIDTH="1441" HEIGHT="62">
							<String ID="string_234" HPOS="246" VPOS="1843" WIDTH="40" HEIGHT="34" WC="0.87" CONTENT="h)"/><SP WIDTH="21" VPOS="1843" HPOS="286"/>
							<String ID="string_235" HPOS="307" VPOS="1844" WIDTH="65" HEIGHT="30" WC="0.96" CONTENT="här"/><SP WIDTH="18" VPOS="1844" HPOS="372"/>
							<String ID="string_236" HPOS="390" VPOS="1845" WIDTH="10" HEIGHT="29" WC="0.95" CONTENT="i"/><SP WIDTH="16" VPOS="1845" HPOS="400"/>
							<String ID="string_237" HPOS="416" VPOS="1846" WIDTH="89" HEIGHT="29" WC="0.96" CONTENT="riket"/><SP WIDTH="18" VPOS="1846" HPOS="505"/>
							<String ID="string_238" HPOS="523" VPOS="1846" WIDTH="114" HEIGHT="31" WC="0.96" CONTENT="bosatt"/><SP WIDTH="18" VPOS="1846" HPOS="637"/>
							<String ID="string_239" HPOS="655" VPOS="1849" WIDTH="113" HEIGHT="39" WC="0.96" CONTENT="fysisk"/><SP WIDTH="17" VPOS="1849" HPOS="768"/>
							<String ID="string_240" HPOS="785" VPOS="1859" WIDTH="137" HEIGHT="31" WC="0.96" CONTENT="person,"/><SP WIDTH="20" VPOS="1859" HPOS="922"/>
							<String ID="string_241" HPOS="942" VPOS="1861" WIDTH="74" HEIGHT="21" WC="0.96" CONTENT="som"/><SP WIDTH="20" VPOS="1861" HPOS="1016"/>
							<String ID="string_242" HPOS="1036" VPOS="1855" WIDTH="109" HEIGHT="30" WC="0.96" CONTENT="under"/><SP WIDTH="18" VPOS="1855" HPOS="1145"/>
							<String ID="string_243" HPOS="1163" VPOS="1856" WIDTH="140" HEIGHT="31" WC="0.96" CONTENT="vistelse"/><SP WIDTH="20" VPOS="1856" HPOS="1303"/>
							<String ID="string_244" HPOS="1323" VPOS="1859" WIDTH="200" HEIGHT="31" WC="0.96" CONTENT="utomlands"/><SP WIDTH="19" VPOS="1859" HPOS="1523"/>
							<String ID="string_245" HPOS="1542" VPOS="1857" WIDTH="145" HEIGHT="48" WC="0.91" CONTENT="åtnjutit"/>
						</TextLine>
						<TextLine ID="line_32" HPOS="202" VPOS="1896" WIDTH="1485" HEIGHT="58">
							<String ID="string_246" HPOS="202" VPOS="1896" WIDTH="164" HEIGHT="41" WC="0.92" CONTENT="avlöning"/><SP WIDTH="16" VPOS="1896" HPOS="366"/>
							<String ID="string_247" HPOS="382" VPOS="1899" WIDTH="82" HEIGHT="29" WC="0.95" CONTENT="eller"/><SP WIDTH="18" VPOS="1899" HPOS="464"/>
							<String ID="string_248" HPOS="482" VPOS="1909" WIDTH="117" HEIGHT="21" WC="0.96" CONTENT="annan"/><SP WIDTH="19" VPOS="1909" HPOS="599"/>
							<String ID="string_249" HPOS="618" VPOS="1901" WIDTH="143" HEIGHT="32" WC="0.96" CONTENT="därmed"/><SP WIDTH="17" VPOS="1901" HPOS="761"/>
							<String ID="string_250" HPOS="778" VPOS="1904" WIDTH="181" HEIGHT="41" WC="0.96" CONTENT="jämförlig"/><SP WIDTH="19" VPOS="1904" HPOS="959"/>
							<String ID="string_251" HPOS="978" VPOS="1906" WIDTH="138" HEIGHT="31" WC="0.96" CONTENT="förmån"/><SP WIDTH="20" VPOS="1906" HPOS="1116"/>
							<String ID="string_252" HPOS="1136" VPOS="1908" WIDTH="43" HEIGHT="40" WC="0.96" CONTENT="på"/><SP WIDTH="19" VPOS="1908" HPOS="1179"/>
							<String ID="string_253" HPOS="1198" VPOS="1911" WIDTH="114" HEIGHT="37" WC="0.95" CONTENT="grund"/><SP WIDTH="21" VPOS="1911" HPOS="1312"/>
							<String ID="string_254" HPOS="1333" VPOS="1921" WIDTH="41" HEIGHT="21" WC="0.96" CONTENT="av"/><SP WIDTH="19" VPOS="1921" HPOS="1374"/>
							<String ID="string_255" HPOS="1393" VPOS="1913" WIDTH="214" HEIGHT="41" WC="0.96" CONTENT="anställning"/><SP WIDTH="19" VPOS="1913" HPOS="1607"/>
							<String ID="string_256" HPOS="1626" VPOS="1915" WIDTH="61" HEIGHT="30" WC="0.96" CONTENT="där"/>
						</TextLine>
						<TextLine ID="line_33" HPOS="202" VPOS="1951" WIDTH="1485" HEIGHT="57">
							<String ID="string_257" HPOS="202" VPOS="1952" WIDTH="107" HEIGHT="28" WC="0.95" CONTENT="annat"/><SP WIDTH="14" VPOS="1952" HPOS="309"/>
							<String ID="string_258" HPOS="323" VPOS="1951" WIDTH="45" HEIGHT="29" WC="0.96" CONTENT="än"/><SP WIDTH="14" VPOS="1951" HPOS="368"/>
							<String ID="string_259" HPOS="382" VPOS="1952" WIDTH="63" HEIGHT="29" WC="0.96" CONTENT="hos"/><SP WIDTH="16" VPOS="1952" HPOS="445"/>
							<String ID="string_260" HPOS="461" VPOS="1954" WIDTH="149" HEIGHT="30" WC="0.96" CONTENT="svenska"/><SP WIDTH="15" VPOS="1954" HPOS="610"/>
							<String ID="string_261" HPOS="625" VPOS="1957" WIDTH="123" HEIGHT="34" WC="0.96" CONTENT="staten,"/><SP WIDTH="18" VPOS="1957" HPOS="748"/>
							<String ID="string_262" HPOS="766" VPOS="1958" WIDTH="126" HEIGHT="29" WC="0.96" CONTENT="svensk"/><SP WIDTH="15" VPOS="1958" HPOS="892"/>
							<String ID="string_263" HPOS="907" VPOS="1958" WIDTH="170" HEIGHT="31" WC="0.96" CONTENT="kommun"/><SP WIDTH="17" VPOS="1958" HPOS="1077"/>
							<String ID="string_264" HPOS="1094" VPOS="1961" WIDTH="81" HEIGHT="30" WC="0.96" CONTENT="eller"/><SP WIDTH="16" VPOS="1961" HPOS="1175"/>
							<String ID="string_265" HPOS="1191" VPOS="1963" WIDTH="146" HEIGHT="30" WC="0.96" CONTENT="ombord"/><SP WIDTH="15" VPOS="1963" HPOS="1337"/>
							<String ID="string_266" HPOS="1352" VPOS="1965" WIDTH="46" HEIGHT="39" WC="0.92" CONTENT="på"/><SP WIDTH="16" VPOS="1965" HPOS="1398"/>
							<String ID="string_267" HPOS="1414" VPOS="1967" WIDTH="142" HEIGHT="30" WC="0.96" CONTENT="svenskt"/><SP WIDTH="16" VPOS="1967" HPOS="1556"/>
							<String ID="string_268" HPOS="1572" VPOS="1970" WIDTH="115" HEIGHT="38" WC="0.96" CONTENT="fartyg"/>
						</TextLine>
						<TextLine ID="line_34" HPOS="201" VPOS="2003" WIDTH="854" HEIGHT="49">
							<String ID="string_269" HPOS="201" VPOS="2003" WIDTH="82" HEIGHT="30" WC="0.96" CONTENT="eller"/><SP WIDTH="17" VPOS="2003" HPOS="283"/>
							<String ID="string_270" HPOS="300" VPOS="2005" WIDTH="152" HEIGHT="35" WC="0.96" CONTENT="svenskt,"/><SP WIDTH="18" VPOS="2005" HPOS="452"/>
							<String ID="string_271" HPOS="470" VPOS="2007" WIDTH="128" HEIGHT="30" WC="0.96" CONTENT="danskt"/><SP WIDTH="17" VPOS="2007" HPOS="598"/>
							<String ID="string_272" HPOS="615" VPOS="2008" WIDTH="82" HEIGHT="30" WC="0.95" CONTENT="eller"/><SP WIDTH="16" VPOS="2008" HPOS="697"/>
							<String ID="string_273" HPOS="713" VPOS="2010" WIDTH="123" HEIGHT="30" WC="0.96" CONTENT="norskt"/><SP WIDTH="19" VPOS="2010" HPOS="836"/>
							<String ID="string_274" HPOS="855" VPOS="2011" WIDTH="200" HEIGHT="41" WC="0.96" CONTENT="luftfartyg:"/>
						</TextLine>
					</TextBlock>
					<TextBlock ID="block_12" HPOS="200" VPOS="2056" WIDTH="1485" HEIGHT="151">
						<TextLine ID="line_35" HPOS="244" VPOS="2056" WIDTH="1441" HEIGHT="57">
							<String ID="string_275" HPOS="244" VPOS="2056" WIDTH="55" HEIGHT="30" WC="0.96" CONTENT="för"/><SP WIDTH="22" VPOS="2056" HPOS="299"/>
							<String ID="string_276" HPOS="321" VPOS="2057" WIDTH="155" HEIGHT="32" WC="0.96" CONTENT="inkomst"/><SP WIDTH="24" VPOS="2057" HPOS="476"/>
							<String ID="string_277" HPOS="500" VPOS="2069" WIDTH="42" HEIGHT="20" WC="0.96" CONTENT="av"/><SP WIDTH="24" VPOS="2069" HPOS="542"/>
							<String ID="string_278" HPOS="566" VPOS="2062" WIDTH="257" HEIGHT="40" WC="0.95" CONTENT="anställningen"/><SP WIDTH="26" VPOS="2062" HPOS="823"/>
							<String ID="string_279" HPOS="849" VPOS="2065" WIDTH="110" HEIGHT="30" WC="0.96" CONTENT="under"/><SP WIDTH="25" VPOS="2065" HPOS="959"/>
							<String ID="string_280" HPOS="984" VPOS="2066" WIDTH="252" HEIGHT="42" WC="0.96" CONTENT="förutsättning"/><SP WIDTH="25" VPOS="2066" HPOS="1236"/>
							<String ID="string_281" HPOS="1261" VPOS="2071" WIDTH="51" HEIGHT="29" WC="0.96" CONTENT="att"/><SP WIDTH="26" VPOS="2071" HPOS="1312"/>
							<String ID="string_282" HPOS="1338" VPOS="2072" WIDTH="257" HEIGHT="41" WC="0.96" CONTENT="anställningen"/><SP WIDTH="25" VPOS="2072" HPOS="1595"/>
							<String ID="string_283" HPOS="1620" VPOS="2076" WIDTH="65" HEIGHT="29" WC="0.96" CONTENT="och"/>
						</TextLine>
						<TextLine ID="line_36" HPOS="200" VPOS="2110" WIDTH="1485" HEIGHT="58">
							<String ID="string_284" HPOS="200" VPOS="2110" WIDTH="162" HEIGHT="30" WC="0.96" CONTENT="vistelsen"/><SP WIDTH="20" VPOS="2110" HPOS="362"/>
							<String ID="string_285" HPOS="382" VPOS="2112" WIDTH="11" HEIGHT="29" WC="0.96" CONTENT="i"/><SP WIDTH="19" VPOS="2112" HPOS="393"/>
							<String ID="string_286" HPOS="412" VPOS="2113" WIDTH="157" HEIGHT="30" WC="0.96" CONTENT="utlandet"/><SP WIDTH="20" VPOS="2113" HPOS="569"/>
							<String ID="string_287" HPOS="589" VPOS="2117" WIDTH="97" HEIGHT="27" WC="0.96" CONTENT="varat"/><SP WIDTH="21" VPOS="2117" HPOS="686"/>
							<String ID="string_288" HPOS="707" VPOS="2116" WIDTH="107" HEIGHT="30" WC="0.96" CONTENT="minst"/><SP WIDTH="21" VPOS="2116" HPOS="814"/>
							<String ID="string_289" HPOS="835" VPOS="2119" WIDTH="47" HEIGHT="29" WC="0.96" CONTENT="ett"/><SP WIDTH="21" VPOS="2119" HPOS="882"/>
							<String ID="string_290" HPOS="903" VPOS="2118" WIDTH="39" HEIGHT="30" WC="0.96" CONTENT="år"/><SP WIDTH="19" VPOS="2118" HPOS="942"/>
							<String ID="string_291" HPOS="961" VPOS="2119" WIDTH="83" HEIGHT="30" WC="0.96" CONTENT="eller"/><SP WIDTH="20" VPOS="2119" HPOS="1044"/>
							<String ID="string_292" HPOS="1064" VPOS="2121" WIDTH="104" HEIGHT="39" WC="0.92" CONTENT="enligt"/><SP WIDTH="22" VPOS="2121" HPOS="1168"/>
							<String ID="string_293" HPOS="1190" VPOS="2124" WIDTH="326" HEIGHT="40" WC="0.91" CONTENT="anställningsavtal"/><SP WIDTH="20" VPOS="2124" HPOS="1516"/>
							<String ID="string_294" HPOS="1536" VPOS="2128" WIDTH="85" HEIGHT="30" WC="0.96" CONTENT="eller"/><SP WIDTH="20" VPOS="2128" HPOS="1621"/>
							<String ID="string_295" HPOS="1641" VPOS="2128" WIDTH="44" HEIGHT="40" WC="0.96" CONTENT="på"/>
						</TextLine>
						<TextLine ID="line_37" HPOS="200" VPOS="2166" WIDTH="1079" HEIGHT="41">
							<String ID="string_296" HPOS="200" VPOS="2172" WIDTH="116" HEIGHT="21" WC="0.96" CONTENT="annan"/><SP WIDTH="18" VPOS="2172" HPOS="316"/>
							<String ID="string_297" HPOS="334" VPOS="2166" WIDTH="112" HEIGHT="37" WC="0.96" CONTENT="grund"/><SP WIDTH="17" VPOS="2166" HPOS="446"/>
							<String ID="string_298" HPOS="463" VPOS="2166" WIDTH="71" HEIGHT="30" WC="0.93" CONTENT="kan"/><SP WIDTH="17" VPOS="2166" HPOS="534"/>
							<String ID="string_299" HPOS="551" VPOS="2169" WIDTH="143" HEIGHT="38" WC="0.92" CONTENT="antagas"/><SP WIDTH="18" VPOS="2169" HPOS="694"/>
							<String ID="string_300" HPOS="712" VPOS="2169" WIDTH="143" HEIGHT="31" WC="0.96" CONTENT="komma"/><SP WIDTH="18" VPOS="2169" HPOS="855"/>
							<String ID="string_301" HPOS="873" VPOS="2173" WIDTH="48" HEIGHT="28" WC="0.96" CONTENT="att"/><SP WIDTH="18" VPOS="2173" HPOS="921"/>
							<String ID="string_302" HPOS="939" VPOS="2181" WIDTH="84" HEIGHT="22" WC="0.96" CONTENT="vara"/><SP WIDTH="17" VPOS="2181" HPOS="1023"/>
							<String ID="string_303" HPOS="1040" VPOS="2174" WIDTH="106" HEIGHT="30" WC="0.95" CONTENT="minst"/><SP WIDTH="18" VPOS="2174" HPOS="1146"/>
							<String ID="string_304" HPOS="1164" VPOS="2177" WIDTH="48" HEIGHT="28" WC="0.95" CONTENT="ett"/><SP WIDTH="18" VPOS="2177" HPOS="1212"/>
							<String ID="string_305" HPOS="1230" VPOS="2176" WIDTH="49" HEIGHT="29" WC="0.96" CONTENT="år."/>
						</TextLine>
					</TextBlock>
				</ComposedBlock>
				<ComposedBlock ID="cblock_5" HPOS="240" VPOS="2216" WIDTH="884" HEIGHT="207">
					<TextBlock ID="block_13" HPOS="240" VPOS="2216" WIDTH="884" HEIGHT="207">
						<TextLine ID="line_38" HPOS="242" VPOS="2216" WIDTH="882" HEIGHT="46">
							<String ID="string_306" HPOS="242" VPOS="2216" WIDTH="205" HEIGHT="42" WC="0.95" CONTENT="Aktiebolag"/><SP WIDTH="14" VPOS="2216" HPOS="447"/>
							<String ID="string_307" HPOS="461" VPOS="2220" WIDTH="66" HEIGHT="29" WC="0.93" CONTENT="och"/><SP WIDTH="15" VPOS="2220" HPOS="527"/>
							<String ID="string_308" HPOS="542" VPOS="2238" WIDTH="44" HEIGHT="3" WC="0.91" CONTENT="—"/><SP WIDTH="11" VPOS="2238" HPOS="586"/>
							<String ID="string_309" HPOS="597" VPOS="2239" WIDTH="44" HEIGHT="3" WC="0.79" CONTENT="—-"/><SP WIDTH="11" VPOS="2239" HPOS="641"/>
							<String ID="string_310" HPOS="652" VPOS="2239" WIDTH="45" HEIGHT="4" WC="0.79" CONTENT="—"/><SP WIDTH="14" VPOS="2239" HPOS="697"/>
							<String ID="string_311" HPOS="711" VPOS="2222" WIDTH="165" HEIGHT="40" WC="0.96" CONTENT="bolagens"/><SP WIDTH="15" VPOS="2222" HPOS="876"/>
							<String ID="string_312" HPOS="891" VPOS="2226" WIDTH="233" HEIGHT="31" WC="0.96" CONTENT="verksamhet."/>
						</TextLine>
						<TextLine ID="line_39" HPOS="242" VPOS="2269" WIDTH="664" HEIGHT="46">
							<String ID="string_313" HPOS="242" VPOS="2269" WIDTH="66" HEIGHT="31" WC="0.96" CONTENT="Om"/><SP WIDTH="16" VPOS="2269" HPOS="308"/>
							<String ID="string_314" HPOS="324" VPOS="2272" WIDTH="158" HEIGHT="30" WC="0.92" CONTENT="aktierna"/><SP WIDTH="13" VPOS="2272" HPOS="482"/>
							<String ID="string_315" HPOS="495" VPOS="2291" WIDTH="44" HEIGHT="3" WC="0.53" CONTENT="-——"/><SP WIDTH="11" VPOS="2291" HPOS="539"/>
							<String ID="string_316" HPOS="550" VPOS="2291" WIDTH="45" HEIGHT="3" WC="0.21" CONTENT="—"/><SP WIDTH="9" VPOS="2291" HPOS="595"/>
							<String ID="string_317" HPOS="604" VPOS="2292" WIDTH="44" HEIGHT="3" WC="0.21" CONTENT="-—"/><SP WIDTH="13" VPOS="2292" HPOS="648"/>
							<String ID="string_318" HPOS="661" VPOS="2276" WIDTH="50" HEIGHT="29" WC="0.96" CONTENT="lös"/><SP WIDTH="16" VPOS="2276" HPOS="711"/>
							<String ID="string_319" HPOS="727" VPOS="2277" WIDTH="179" HEIGHT="38" WC="0.96" CONTENT="egendom."/>
						</TextLine>
						<TextLine ID="line_40" HPOS="241" VPOS="2323" WIDTH="850" HEIGHT="40">
							<String ID="string_320" HPOS="241" VPOS="2323" WIDTH="382" HEIGHT="33" WC="0.92" CONTENT="Riksskattenämnden"/><SP WIDTH="13" VPOS="2323" HPOS="623"/>
							<String ID="string_321" HPOS="636" VPOS="2328" WIDTH="70" HEIGHT="34" WC="0.93" CONTENT="må,"/><SP WIDTH="15" VPOS="2328" HPOS="706"/>
							<String ID="string_322" HPOS="721" VPOS="2347" WIDTH="45" HEIGHT="3" WC="0.91" CONTENT="—"/><SP WIDTH="12" VPOS="2347" HPOS="766"/>
							<String ID="string_323" HPOS="778" VPOS="2347" WIDTH="45" HEIGHT="4" WC="0.91" CONTENT="—"/><SP WIDTH="10" VPOS="2347" HPOS="823"/>
							<String ID="string_324" HPOS="833" VPOS="2348" WIDTH="45" HEIGHT="4" WC="0.92" CONTENT="—"/><SP WIDTH="15" VPOS="2348" HPOS="878"/>
							<String ID="string_325" HPOS="893" VPOS="2331" WIDTH="75" HEIGHT="30" WC="0.96" CONTENT="icke"/><SP WIDTH="18" VPOS="2331" HPOS="968"/>
							<String ID="string_326" HPOS="986" VPOS="2332" WIDTH="105" HEIGHT="31" WC="0.96" CONTENT="föras."/>
						</TextLine>
						<TextLine ID="line_41" HPOS="240" VPOS="2376" WIDTH="763" HEIGHT="47">
							<String ID="string_327" HPOS="240" VPOS="2376" WIDTH="59" HEIGHT="30" WC="0.89" CONTENT="Att"/><SP WIDTH="15" VPOS="2376" HPOS="299"/>
							<String ID="string_328" HPOS="314" VPOS="2387" WIDTH="176" HEIGHT="30" WC="0.93" CONTENT="personer,"/><SP WIDTH="16" VPOS="2387" HPOS="490"/>
							<String ID="string_329" HPOS="506" VPOS="2397" WIDTH="44" HEIGHT="3" WC="0.87" CONTENT="—"/><SP WIDTH="11" VPOS="2397" HPOS="550"/>
							<String ID="string_330" HPOS="561" VPOS="2398" WIDTH="44" HEIGHT="3" WC="0.87" CONTENT="—"/><SP WIDTH="11" VPOS="2398" HPOS="605"/>
							<String ID="string_331" HPOS="616" VPOS="2399" WIDTH="44" HEIGHT="3" WC="0.86" CONTENT="—"/><SP WIDTH="17" VPOS="2399" HPOS="660"/>
							<String ID="string_332" HPOS="677" VPOS="2391" WIDTH="134" HEIGHT="22" WC="0.96" CONTENT="samma"/><SP WIDTH="17" VPOS="2391" HPOS="811"/>
							<String ID="string_333" HPOS="828" VPOS="2385" WIDTH="175" HEIGHT="38" WC="0.96" CONTENT="paragraf."/>
						</TextLine>
					</TextBlock>
				</ComposedBlock>
				<ComposedBlock ID="cblock_6" HPOS="1163" VPOS="2441" WIDTH="513" HEIGHT="44">
					<TextBlock ID="block_14" HPOS="1163" VPOS="2441" WIDTH="513" HEIGHT="44">
						<TextLine ID="line_42" HPOS="1163" VPOS="2441" WIDTH="513" HEIGHT="44">
							<String ID="string_334" HPOS="1163" VPOS="2441" WIDTH="58" HEIGHT="34" WC="0.95" CONTENT="(Se"/><SP WIDTH="19" VPOS="2441" HPOS="1221"/>
							<String ID="string_335" HPOS="1240" VPOS="2442" WIDTH="118" HEIGHT="31" WC="0.96" CONTENT="vidare"/><SP WIDTH="19" VPOS="2442" HPOS="1358"/>
							<String ID="string_336" HPOS="1377" VPOS="2445" WIDTH="299" HEIGHT="40" WC="0.96" CONTENT="anvisningarna.)"/>
						</TextLine>
					</TextBlock>
				</ComposedBlock>
			</PrintSpace>
		</Page>
	</Layout>
</alto>
