1882 2788
539 182 241 24 Statsutskottets
797 181 152 24 utlåtande
965 189 35 16 nr
1014 182 32 24 57
1063 181 32 24 år
1111 181 66 24 1959
1564 179 38 29 15

110 279 97 26 arna,
231 271 90 29 dock
344 271 86 28 utan
454 271 50 28 att
527 270 46 29 ha
596 278 135 21 samma
755 270 118 29 slutna
897 269 167 30 karaktär
1088 278 74 20 som
1186 268 417 37 specialavdelningarna.

108 324 117 30 Under
247 324 145 29 särskilt
413 323 102 30 svåra
536 323 257 34 förhållanden,
814 324 24 28 t.
853 332 50 20 ex.
924 323 57 29 vid
1001 322 177 37 tillfälliga
1198 322 241 36 orosperioder
1459 321 45 37 på
1524 321 78 29 sko-

112 378 68 34 lan,
201 378 89 29 skall
311 378 58 29 det
389 377 118 29 finnas
527 376 222 37 möjligheter
769 378 50 27 att
838 376 171 37 tillfälligt
1027 383 40 30 ge
1086 376 230 36 avdelningen
1335 384 42 21 en
1397 384 73 21 mer
1489 375 115 29 sluten

112 431 178 30 karaktär.
315 431 78 30 Med
417 431 137 36 hänsyn
579 431 52 30 till
656 431 66 29 vad
747 431 127 29 främst
899 430 278 37 socialstyrelsen
1203 430 119 30 anfört
1346 431 10 29 i
1382 430 60 30 sitt
1467 430 137 29 remiss-

110 485 164 36 yttrande
301 493 103 21 anser
432 483 386 38 departementschefen
845 484 57 29 det
928 484 214 35 nödvändigt
1169 484 50 29 att
1245 482 213 30 åtminstone
1484 483 41 29 de
1551 482 55 29 för

112 538 255 37 pojkskolorna
384 538 150 29 avsedda
550 537 515 37 mottagningsavdelningarna
1080 545 57 29 ges
1153 546 41 20 en
1209 537 72 29 helt
1296 537 115 29 sluten
1427 536 178 30 karaktär.

113 592 12 29 I
147 592 111 37 övrigt
278 592 66 29 har
364 590 386 38 departementschefen
770 591 72 29 inte
862 591 114 36 någon
996 591 140 29 erinran
1157 592 72 28 mot
1248 591 67 29 den
1335 599 42 21 av
1396 589 209 30 kommittén

111 645 200 37 föreslagna
325 645 265 36 utformningen
606 653 41 20 av
662 644 285 36 avdelningarna.

155 698 217 30 Kommittén
397 698 64 29 har
487 698 179 34 förutsatt,
693 699 50 28 att
769 697 515 37 mottagningsavdelningarna
1310 697 88 29 skall
1424 697 180 29 användas

110 752 54 30 för
191 752 223 29 observation
440 751 65 29 och
532 750 55 30 för
613 750 189 38 utredning
828 759 42 21 av
897 751 66 29 den
990 750 219 37 lämpligaste
1234 750 100 30 vård-
1360 751 65 29 och
1450 750 153 30 behand-

113 805 231 38 lingsformen
368 804 55 30 för
446 813 68 28 nya
538 804 111 30 elever
672 804 310 36 överhuvudtaget.
1005 803 394 37 Departementschefen
1421 804 65 29 har
1508 804 10 29 i
1541 803 65 30 och

115 859 54 29 för
189 859 51 37 sig
258 859 73 29 inte
350 858 105 37 något
475 859 50 28 att
544 857 116 30 erinra
678 857 160 30 häremot
857 866 80 21 men
956 857 215 35 framhåller,
1190 859 51 28 att
1259 858 112 29 under
1390 857 67 30 alla
1476 857 130 30 förhål-

114 913 127 29 landen
262 911 329 30 brottsmisstänkta
612 911 206 36 ungdomar,
840 919 75 21 som
936 910 101 37 eljest
1058 911 112 29 skulle
1190 911 139 35 häktas,
1349 911 10 29 i
1380 911 112 29 första
1511 911 95 29 hand

113 967 63 29 bör
194 966 145 29 beredas
358 966 91 36 plats
468 965 44 36 på
530 964 285 37 avdelningarna.
833 965 110 29 Dessa
960 964 62 29 bör
1039 964 106 29 också
1162 965 10 28 i
1190 964 93 30 vissa
1301 964 61 29 fall
1381 965 64 28 och
1463 964 144 30 särskilt

114 1020 44 36 på
181 1019 255 29 flickskolorna
459 1018 121 29 kunna
602 1018 179 29 användas
805 1017 55 30 för
882 1018 121 34 elever,
1026 1026 74 20 som
1123 1027 41 20 av
1185 1018 94 29 olika
1301 1018 230 37 anledningar
1552 1018 56 29 be-

112 1074 107 29 höver
235 1073 116 29 sluten
366 1072 96 29 vård.

158 1126 229 30 Beträffande
406 1125 237 30 vistelsetiden
665 1125 44 37 på
730 1125 424 37 mottagningsavdelning
1175 1126 64 29 har
1261 1126 208 29 kommittén
1493 1127 115 28 ansett

115 1183 50 28 att
185 1182 113 29 denna
316 1181 65 29 bör
398 1180 37 29 få
453 1180 213 29 bestämmas
686 1179 79 29 från
786 1180 61 30 fall
868 1180 52 29 till
940 1179 73 31 fall.
1035 1179 213 30 Kommittén
1270 1180 130 29 räknar
1420 1180 88 29 dock
1528 1181 79 29 med

115 1236 51 28 att
185 1234 239 30 vistelsetiden
445 1234 71 30 inte
536 1234 10 29 i
568 1233 105 37 något
694 1234 62 29 fall
778 1233 89 31 skall
888 1234 133 29 behöva
1042 1233 172 38 överstiga
1235 1235 52 29 tre
1308 1233 177 31 månader.
1508 1234 99 30 Riks-

115 1289 188 37 åklagaren
322 1288 65 29 har
406 1289 10 29 i
436 1288 60 29 sitt
515 1288 289 36 remissyttrande
823 1287 128 34 anfört,
972 1288 50 29 att
1040 1296 81 21 man
1144 1287 104 30 såvitt
1268 1297 100 21 avser
1387 1288 220 37 utrednings-

115 1343 108 29 fallen
258 1342 63 30 bör
357 1342 121 29 kunna
514 1341 111 30 räkna
661 1342 78 28 med
776 1351 42 20 en
855 1341 140 30 kortare
1031 1341 190 30 vistelsetid
1260 1342 44 29 än
1341 1343 53 28 tre
1428 1341 178 31 månader.

115 1396 116 36 Enligt
256 1394 406 37 departementschefens
688 1393 229 38 uppfattning
940 1394 63 29 bör
1027 1393 237 30 vistelsetiden
1288 1394 45 37 på
1357 1394 252 37 mottagnings-

115 1449 231 36 avdelningen
371 1457 84 20 vara
480 1448 88 28 kort.
595 1448 83 28 F.n.
703 1447 179 36 tillämpas
906 1447 45 36 på
976 1447 405 37 specialavdelningarna
1405 1456 42 21 en
1472 1447 137 36 längsta

116 1501 348 37 sammanhängande
481 1501 191 29 vistelsetid
692 1509 41 20 av
749 1501 103 36 högst
869 1500 58 30 två
944 1500 177 29 månader.
1138 1501 246 29 Vistelsetiden
1401 1501 44 36 på
1462 1502 147 35 mottag-

115 1555 381 37 ningsavdelningarna
510 1554 62 29 bör
587 1554 153 29 normalt
753 1554 73 29 inte
840 1553 36 30 få
890 1553 203 30 överskrida
1108 1554 113 29 denna
1235 1554 61 29 tid.

161 1610 13 28 I
200 1609 99 37 fråga
324 1618 57 20 om
408 1608 268 37 lokaliseringen
703 1618 41 20 av
769 1608 514 37 mottagningsavdelningarna
1309 1608 64 30 har
1399 1608 209 30 kommittén

117 1663 190 37 föreslagit,
327 1664 51 28 att
398 1662 131 30 sådana
550 1662 225 36 avdelningar
796 1661 88 30 skall
905 1662 10 29 i
936 1661 111 31 första
1066 1662 94 29 hand
1182 1663 175 30 anordnas
1380 1662 55 30 för
1455 1663 153 36 manliga

117 1717 111 30 elever
255 1717 58 29 vid
340 1715 312 37 Hammargården,
682 1715 165 37 Fagared,
875 1715 257 37 Johannisberg
1161 1716 64 29 och
1254 1716 151 36 Vemyra
1434 1717 91 28 samt
1554 1716 55 30 för

117 1770 180 37 kvinnliga
317 1770 112 30 elever
448 1769 57 30 vid
526 1769 238 37 Bistagården,
785 1769 261 37 Härsjögården
1068 1770 64 28 och
1153 1769 261 37 Brättegården.
1435 1770 52 29 Av
1509 1770 99 29 dessa

118 1833 98 21 avses
243 1825 53 28 tre
322 1825 51 28 att
397 1823 166 37 påbörjas
589 1823 111 30 under
725 1824 102 28 nästa
853 1822 180 37 budgetår.
1061 1823 284 36 Socialstyrelsen
1373 1823 159 36 föreslår,
1559 1825 51 28 att

118 1876 467 37 mottagningsavdelningar
609 1876 178 29 dessutom
813 1877 176 28 anordnas
1013 1876 57 29 vid
1096 1876 140 30 Sundbo
1261 1877 65 29 och
1350 1894 44 3 —
1418 1877 115 29 såsom
1560 1886 50 20 er-

119 1930 154 37 sättning
294 1930 56 29 för
371 1939 41 20 en
433 1930 230 29 nedbrunnen
686 1929 401 37 förläggningsbyggnad
1108 1930 57 29 vid
1187 1929 172 30 Gräskärr
1379 1947 44 3 —
1444 1931 86 29 även
1552 1931 57 28 vid

119 1985 113 29 denna
252 1983 99 30 skola
371 1983 65 29 och
456 1983 106 36 Råby.
583 1983 12 28 I
615 1983 108 36 några
744 1983 313 36 remissyttranden
1077 1983 64 29 har
1162 1984 148 29 hävdats
1332 1985 50 28 att
1402 1984 41 29 de
1463 1985 147 35 mottag-

119 2037 342 37 ningsavdelningar,
486 2046 74 20 som
586 2037 38 29 är
648 2038 149 29 avsedda
823 2036 56 30 för
903 2037 41 29 de
967 2038 52 28 tre
1044 2038 127 29 största
1197 2038 174 33 städerna,
1396 2037 138 30 komme
1560 2039 51 28 att

120 2091 88 37 ligga
224 2091 44 36 på
284 2092 49 28 ett
349 2091 185 29 obekvämt
551 2090 146 29 avstånd
715 2091 78 29 från
812 2091 121 29 staden
951 2091 78 29 med
1048 2091 89 35 följd
1155 2092 50 28 att
1222 2091 231 37 utredningen
1471 2091 140 29 komme

120 2146 50 27 att
201 2144 188 29 försvåras.
422 2144 120 29 Såsom
574 2144 367 36 ungdomsåklagarna
973 2144 10 29 i
1015 2144 200 29 Stockholm
1248 2145 119 29 anfört
1398 2145 99 29 torde
1528 2154 81 20 man

120 2198 120 29 kunna
258 2197 111 30 räkna
387 2197 77 30 med
483 2198 50 28 att
551 2197 165 29 förhören
735 2198 77 29 med
831 2197 139 36 mycket
988 2197 35 29 få
1042 2198 177 36 undantag
1239 2198 69 29 kan
1329 2198 154 29 avslutas
1503 2199 107 28 redan

119 2252 111 28 under
254 2250 320 35 anhållandetiden,
600 2251 118 29 varför
745 2252 64 28 den
836 2251 267 36 ifrågavarande
1129 2251 259 37 invändningen
1416 2251 71 30 inte
1514 2252 98 28 torde

119 2304 45 29 ha
180 2304 172 36 väsentlig
368 2304 185 36 betydelse.

163 2356 395 36 Departementschefen
582 2356 194 36 tillstyrker
800 2358 51 27 att
875 2356 467 36 mottagningsavdelningar
1365 2366 46 19 nu
1436 2358 176 28 anordnas

120 2409 56 29 vid
200 2409 255 36 pojkskolorna
477 2409 312 36 Hammargården,
813 2410 165 35 Fagared,
1001 2409 141 30 Sundbo
1163 2410 64 28 och
1250 2409 171 30 Gräskärr
1443 2412 92 27 samt
1555 2410 56 29 vid

122 2463 253 28 flickskolorna
396 2462 226 37 Bistagården
642 2463 63 28 och
726 2463 261 35 Brättegården.
1006 2463 50 29 Av
1075 2464 99 28 dessa
1194 2473 98 19 avses
1312 2464 299 36 Hammargården
