1920 2790
510 132 379 31 Jordbruksutskottets
915 132 176 30 utlåtande
1119 142 42 20 nr
1184 132 49 30 10.
1608 127 19 30 9

120 216 245 37 förutsättning
388 225 127 28 angavs
541 220 48 27 att
614 216 261 36 föreningarnas
901 216 90 32 vinst
1013 226 42 22 av
1078 217 215 31 totalisatorn
1317 218 79 30 med
1419 217 128 35 avdrag
1570 217 55 30 för

119 269 293 30 omkostnaderna
436 268 111 30 skulle
571 268 169 31 inbetalas
765 267 49 31 till
843 269 203 29 statsverket
1070 268 54 30 för
1149 270 48 28 att
1223 268 140 30 komma
1389 268 65 30 den
1479 268 146 30 svenska

121 319 179 31 hästaveln
320 318 50 32 till
394 319 97 37 godo.

165 370 13 29 I
206 369 187 38 anledning
416 370 108 30 härav
549 369 185 31 utfärdade
762 369 123 36 Kungl.
912 367 102 38 Maj:t
1040 369 229 36 kungörelsen
1295 370 67 29 den
1389 369 20 29 4
1439 368 69 37 maj
1542 369 83 29 1923

126 419 52 40 (nr
202 420 53 39 87)
285 419 176 38 angående
486 420 224 30 anordnande
734 430 42 20 av
800 418 224 38 vadhållning
1049 420 143 30 medelst
1220 419 37 31 så
1282 420 117 30 kallad
1424 418 201 32 totalisator.

121 471 121 31 Denna
272 471 203 36 kungörelse
503 471 63 29 har
594 471 194 30 sedermera
815 474 123 29 ersatts
964 479 43 21 av
1036 470 228 36 kungörelsen
1293 471 67 30 den
1388 471 16 29 7
1437 469 75 38 juni
1543 470 83 30 1934

127 521 53 39 (nr
202 521 76 40 237)
308 521 176 36 angående
506 520 224 37 vadhållning
750 522 11 30 i
783 521 171 31 samband
975 522 79 30 med
1076 520 179 36 tävlingar.

165 572 225 30 Beträffande
414 572 142 36 tidigare
580 570 220 37 redovisning
823 581 43 21 av
893 571 328 31 totalisatormedlen
1246 572 64 30 och
1335 581 57 21 om
1416 571 210 31 tillkomsten

120 632 43 21 av
182 622 301 32 stuteriväsendets
503 622 94 35 fond,
616 622 117 30 vilken
750 622 127 31 bildats
900 631 41 21 av
962 621 130 32 sådana
1112 622 122 35 medel,
1255 621 58 32 må
1332 621 162 31 hänvisas
1514 621 50 31 till
1583 631 43 20 en

121 683 41 21 av
185 673 227 37 utredningen
436 673 197 37 upprättad,
656 672 57 32 vid
735 673 234 30 betänkandet
994 672 114 31 såsom
1130 672 114 36 bilaga
1268 673 105 36 fogad
1396 671 230 38 promemoria

121 723 177 38 angående
322 724 338 30 totalisatormedlen.
686 724 73 29 Här
784 724 96 30 torde
901 723 123 32 endast
1046 723 85 31 böra
1153 722 142 37 erinras,
1322 725 48 28 att
1393 724 100 30 dessa
1517 722 110 31 medel

121 775 107 31 sedan
255 778 46 28 ett
327 775 114 31 flertal
466 774 38 31 år
530 774 145 31 tillbaka
701 775 188 30 redovisats
918 773 20 32 å
965 773 148 31 särskild
1143 774 256 37 specialbudget
1425 773 45 37 på
1497 773 37 31 så
1561 775 66 29 sätt

121 830 49 27 att
194 825 49 31 till
267 825 197 38 avsättning
485 825 51 31 till
560 825 131 30 fonden
715 824 161 37 uppförts
901 828 46 27 ett
971 825 129 35 anslag,
1126 824 51 30 till
1201 825 160 36 beloppet
1385 825 243 30 motsvarande

121 877 198 30 beräknade
344 876 193 37 inflytande
565 875 316 36 totalisatormedel,
907 875 107 31 sedan
1040 884 161 22 summan
1227 884 42 21 av
1297 874 157 37 samtliga
1482 874 20 32 å
1530 873 97 32 drift-

121 928 172 35 budgeten
316 926 175 38 uppförda
515 927 119 35 anslag
657 926 55 30 för
740 925 338 32 hästavelsändamål
1103 925 233 32 frånräknats.

166 978 14 29 I
200 977 150 37 enlighet
369 979 78 29 med
464 977 110 31 beslut
595 987 42 21 av
658 977 84 30 1946
760 976 57 32 års
835 976 141 37 riksdag
999 976 37 39 (r.
1057 977 68 30 skr.
1144 985 41 22 nr
1208 975 31 40 9)
1264 978 38 29 är
1321 977 55 29 för
1397 976 231 30 innevarande

121 1028 168 36 budgetår
314 1028 143 37 uppfört
482 1030 46 29 ett
553 1028 45 37 på
621 1027 136 37 angivet
780 1029 66 29 sätt
870 1028 169 30 beräknat
1066 1026 269 38 förslagsanslag
1359 1026 49 31 till
1434 1026 195 37 avsättning

121 1078 51 31 till
196 1079 130 31 fonden
348 1079 21 31 å
393 1079 94 30 3945
501 1079 63 29 600
587 1080 138 30 kronor.

167 1128 241 30 Inkomsterna
434 1138 43 20 av
502 1127 304 31 totalisatormedel
831 1127 46 30 ha
903 1126 55 31 för
982 1125 201 38 budgetåret
1210 1123 138 41 1947/48
1375 1127 186 29 beräknats
1588 1135 38 20 av

120 1177 350 38 lantbruksstyrelsen
483 1179 11 29 i
508 1178 188 31 skrivelsen
714 1178 65 31 den
795 1179 38 30 31
852 1177 135 36 augusti
1001 1178 83 30 1946
1096 1177 50 30 till
1163 1178 18 29 5
1195 1178 64 30 000
1273 1177 63 31 000
1347 1178 129 29 kronor
1488 1179 89 28 samt
1587 1185 43 21 av

122 1229 408 37 riksräkenskapsverket
552 1231 11 29 i
587 1228 76 31 dess
686 1229 164 31 skrivelse
874 1229 66 29 den
964 1230 16 29 7
1005 1228 180 31 december
1210 1229 84 29 1946
1319 1228 80 29 med
1420 1227 209 30 inkomstbe-

122 1279 148 36 räkning
290 1280 56 30 för
364 1279 200 37 budgetåret
587 1277 142 33 1947/48
749 1280 51 30 till
823 1281 19 29 6
856 1279 64 31 000
934 1280 63 30 000
1020 1280 139 29 kronor.

167 1331 14 30 I
206 1331 93 30 detta
322 1332 257 35 sammanhang
602 1331 98 31 torde
725 1331 132 36 jämväl
880 1331 84 30 böra
991 1329 169 38 återgivas
1185 1329 90 31 vissa
1298 1329 129 37 förslag
1453 1328 177 37 angående

123 1383 347 32 totalisatormedlens
493 1382 235 36 användning.

168 1436 14 30 I
204 1435 188 31 skrivelsen
414 1435 65 29 den
502 1434 39 30 31
568 1434 134 35 augusti
728 1433 83 29 1946
833 1433 65 30 har
918 1429 349 39 lantbruksstyrelsen
1292 1432 183 35 hemställt,
1500 1433 49 29 att
1571 1440 58 21 av-

121 1485 324 37 sättningsanslaget
463 1485 51 30 till
536 1483 302 32 stuteriväsendets
859 1482 87 30 fond
968 1482 55 30 för
1040 1481 202 37 budgetåret
1263 1476 139 42 1947/48
1421 1480 105 32 måtte
1543 1489 87 29 upp-

123 1537 94 31 föras
238 1537 79 30 med
341 1537 19 29 3
374 1536 63 30 840
452 1536 63 29 400
536 1536 138 29 kronor.
697 1533 226 31 Beträffande
944 1533 172 31 storleken
1137 1543 42 21 av
1202 1532 153 37 anslaget
1378 1534 65 29 har
1464 1532 165 38 styrelsen

124 1587 192 31 framhållit
336 1586 164 36 följande.

169 1646 13 29 I
203 1646 52 30 till
278 1645 121 36 Kungl.
422 1644 102 36 Maj:t
545 1642 139 32 avlåtna
707 1641 298 37 framställningar
1026 1640 177 37 angående
1223 1641 278 30 medelsbehovet
1521 1641 111 30 under

123 1687 202 37 budgetåret
355 1684 141 34 1947/48
525 1685 21 31 å
572 1685 285 31 stuteriväsendet
885 1684 193 30 berörande
1104 1684 121 36 anslag
1250 1684 66 31 har
1344 1684 165 36 styrelsen
1535 1684 94 29 hem-

125 1731 92 30 ställt
236 1740 59 21 om
318 1731 119 35 anslag
457 1728 21 32 å
501 1728 145 36 tillhopa
672 1728 14 30 1
705 1728 61 30 159
780 1728 63 30 600
866 1728 131 29 kronor
1017 1726 55 31 för
1093 1725 232 37 stuteribyrån
1345 1727 11 30 i
1378 1726 252 35 lantbrukssty-

124 1773 121 36 relsen,
266 1773 56 30 för
341 1776 127 27 statens
488 1769 245 38 hingstdepåer
751 1770 66 30 och
838 1770 118 30 stuteri
977 1772 90 27 samt
1084 1769 57 30 för
1159 1769 198 30 hästavelns
1378 1767 252 37 befrämjande.

168 1816 66 30 Vid
253 1815 99 30 bifall
374 1814 50 31 till
443 1815 66 30 vad
529 1813 166 36 styrelsen
715 1811 176 36 föreslagit
911 1812 110 30 skulle
1045 1821 41 21 av
1107 1812 66 30 den
1195 1811 54 30 för
1270 1810 200 37 budgetåret
1493 1807 137 39 1947/48

124 1858 200 31 beräknade
346 1857 195 30 inkomsten
565 1865 42 21 av
629 1854 305 31 totalisatormedel
956 1853 126 31 återstå
1110 1853 106 36 (5000
1231 1854 63 29 000
1317 1864 36 3 —
1377 1853 91 30 1159
1483 1852 63 30 600
1575 1851 50 37 =)

123 1901 19 30 3
154 1900 63 30 840
232 1900 65 29 400
326 1899 137 35 kronor,
491 1896 51 31 till
569 1895 105 31 vilket
699 1897 126 35 belopp
854 1894 369 37 avsättningsanslaget
1250 1894 51 31 till
1329 1894 301 31 stuteriväsendets

122 1942 84 31 fond
227 1941 146 31 sålunda
390 1941 62 29 bör
473 1939 182 31 beräknas.

166 2003 95 34 Även
288 2005 224 36 utredningen
534 2005 64 29 har
620 2002 221 32 beträffande
863 2002 158 36 samtliga
1046 2012 42 20 av
1110 2002 226 35 utredningen
1363 2001 194 31 framförda
1580 2011 53 28 yr-

122 2057 138 30 kanden
283 2067 57 20 om
362 2056 120 36 bidrag
506 2055 109 30 under
638 2054 127 30 nionde
787 2053 228 36 huvudtiteln,
1040 2053 55 30 för
1116 2053 93 30 vilka
1232 2053 181 37 yrkanden
1434 2052 11 30 i
1466 2052 56 32 det
1545 2052 88 30 före-

121 2106 132 37 gående
274 2108 159 30 närmare
457 2105 200 37 redogjorts,
680 2104 185 37 föreslagit,
889 2108 48 26 att
959 2103 223 36 erforderliga
1206 2103 125 37 belopp
1354 2104 110 29 skulle
1489 2102 80 37 utgå
1591 2112 43 21 av

126 2158 314 30 totalisatormedel.
464 2156 120 32 Såsom
606 2155 247 36 inledningsvis
876 2155 238 34 omnämndes,
1137 2155 65 30 har
1223 2154 189 30 emellertid
1435 2153 196 36 utredning-

123 2217 42 21 en
183 2207 130 36 jämväl
336 2206 183 36 föreslagit,
541 2209 49 27 att
608 2205 121 36 bidrag
749 2205 110 30 skulle
879 2203 81 37 utgå
980 2204 109 30 under
1109 2203 114 37 fjärde
1243 2204 235 29 huvudtitelns
1500 2213 133 20 remon-

126 2258 257 35 teringsanslag.
410 2257 113 35 Enligt
550 2255 227 34 utredningen
801 2255 111 29 skulle
937 2253 105 31 också
1067 2254 99 29 dessa
1194 2254 196 36 kostnader,
1417 2263 74 20 som
1518 2253 114 30 föran-

126 2309 76 29 letts
224 2317 42 20 av
288 2307 127 35 förslag
439 2316 56 20 om
518 2306 91 29 ökad
633 2304 268 35 utackordering
924 2314 41 20 av
988 2304 238 35 varmblodiga
1249 2304 128 35 hästar,
1402 2303 167 32 bestridas
1591 2313 42 20 av

126 2356 314 33 totalisatormedel.

168 2408 251 31 Statskontoret
451 2407 65 29 har
544 2408 9 29 i
584 2405 145 36 avgivna
759 2404 202 31 utlåtanden
992 2405 81 29 över
1101 2403 366 37 lantbruksstyrelsens
1499 2403 132 30 föreva-

123 2458 106 30 rande
250 2456 255 36 framställning
527 2456 65 30 och
614 2455 245 35 utredningens
881 2454 218 31 betänkande
1121 2454 125 29 anfört.
