1872 2782
259 179 39 29 20
614 178 286 29 Statsutskottets
920 177 179 30 utlåtande
1118 187 44 20 nr
1181 179 41 28 58
1241 179 40 28 år
1301 178 84 29 1959

258 257 128 30 skottet
407 258 76 29 icke
505 258 168 29 motsätta
696 258 50 38 sig
769 257 176 39 förslaget.
969 258 13 29 I
1005 258 203 38 anslutning
1231 257 52 29 till
1306 258 66 29 vad
1395 257 352 39 byggnadsstyrelsen

258 311 116 29 anfört
404 311 178 39 angående
613 311 67 29 den
712 311 175 39 uppgivna
917 311 196 29 kostnaden
1144 311 55 29 för
1229 310 225 39 paviljongen
1484 311 59 29 vill
1577 310 171 29 utskottet

257 364 233 39 understryka
508 364 295 39 angelägenheten
822 374 42 19 av
882 366 50 27 att
951 364 66 29 alla
1037 364 222 39 möjligheter
1278 364 51 28 till
1348 363 398 39 kostnadsbesparingar

257 417 244 39 tillvaratages.

301 470 125 39 Kungl.
442 470 123 39 Maj:ts
581 470 131 40 förslag
728 471 11 28 i
755 471 98 38 fråga
867 480 57 20 om
941 472 131 28 statens
1087 470 122 39 bidrag
1224 470 52 29 till
1292 470 237 30 kostnaderna
1545 470 54 30 för
1615 471 128 28 utrust-

257 523 82 39 ning
357 533 42 20 av
419 523 231 30 förenämnda
668 524 179 39 paviljong
866 525 156 28 ansluter
1041 524 50 39 sig
1110 524 53 29 till
1183 524 68 29 den
1269 523 381 39 kostnadsfördelning,
1672 532 74 20 som

256 576 170 30 utskottet
453 577 110 29 under
591 577 290 39 nästföregående
909 578 114 38 punkt
1050 577 171 39 tillstyrkt
1248 576 222 30 beträffande
1498 577 248 38 utrustningen

257 630 54 29 för
331 630 43 28 A-
394 631 64 28 och
479 631 200 33 B-blocken,
701 631 64 29 och
786 631 70 28 kan
877 631 112 29 under
1010 630 210 38 hänvisning
1242 630 52 29 till
1315 630 66 29 vad
1403 630 121 29 därvid
1546 630 137 29 anförts
1705 639 42 20 av

257 683 169 30 utskottet
442 684 175 38 godtagas.
634 684 177 29 Utskottet
825 684 59 29 vill
900 684 193 29 emellertid
1109 684 87 29 även
1212 684 11 28 i
1239 683 94 29 detta
1350 683 253 39 sammanhang
1620 683 127 29 under-

257 736 128 39 stryka,
408 738 50 28 att
481 736 350 39 ställningstagandet
852 737 71 29 inte
946 737 53 29 får
1021 746 101 20 anses
1143 736 301 40 prejudicerande.

300 790 76 29 Med
400 790 138 39 hänsyn
562 790 52 29 till
639 790 283 29 önskvärdheten
946 800 42 20 av
1012 792 49 27 att
1085 790 180 29 klientelet
1289 790 56 29 vid
1370 789 341 40 epidemisjukhuset
1736 790 11 28 i

255 843 128 29 Malmö
405 843 136 29 kunnat
565 844 176 38 utnyttjas
763 844 11 29 i
797 843 314 39 undervisningens
1133 843 66 29 och
1222 843 249 39 forskningens
1495 843 111 39 tjänst
1629 843 117 28 finner

256 896 170 29 utskottet
441 897 11 28 i
468 897 108 29 likhet
592 897 80 29 med
688 897 386 39 departementschefen
1088 896 199 39 beklagligt,
1304 899 50 27 att
1371 897 114 38 någon
1501 896 245 30 överenskom-

256 949 106 30 melse
380 950 75 29 icke
473 950 157 30 erhållits
648 951 149 29 rörande
815 951 243 29 anordnandet
1077 960 42 20 av
1136 960 43 20 en
1197 951 86 29 kurs
1301 950 57 30 vid
1376 950 95 30 detta
1490 950 163 39 sjukhus.
1671 950 76 29 Den

255 1003 148 39 begärda
427 1004 240 38 ersättningen
691 1003 55 30 för
770 1006 48 27 ett
842 1004 113 38 dylikt
981 1011 252 32 arrangemang
1260 1012 102 31 synes
1386 1004 89 29 dock
1500 1004 79 29 med
1603 1004 139 38 hänsyn

255 1055 51 29 till
333 1056 314 39 undervisningens
674 1056 212 39 omfattning
913 1056 118 30 alltför
1059 1058 71 28 stor
1157 1056 55 30 för
1239 1058 51 27 att
1316 1065 84 21 vara
1427 1056 222 29 ekonomiskt
1677 1055 69 29 för-

256 1109 152 29 svarbar.

300 1162 168 39 Slutligen
485 1163 57 29 vill
560 1163 172 29 utskottet
749 1163 197 34 framhålla,
965 1165 50 28 att
1032 1163 170 29 utskottet
1219 1163 11 29 i
1247 1163 110 29 likhet
1374 1163 79 29 med
1471 1163 275 39 departements-

256 1216 124 29 chefen
396 1216 215 34 förutsätter,
628 1219 51 27 att
694 1219 49 27 ett
758 1217 188 29 eventuellt
961 1217 273 39 genomförande
1251 1226 41 20 av
1308 1217 439 38 läkarutbildningsutred-

255 1269 146 39 ningens
434 1269 129 39 förslag
595 1279 58 20 om
685 1279 43 20 en
760 1270 131 38 ökning
924 1279 42 20 av
997 1270 41 29 de
1070 1269 156 30 kliniska
1258 1269 397 40 utbildningsplatserna
1688 1269 57 29 vid

254 1322 119 30 Lunds
394 1322 204 30 universitet
619 1323 76 29 icke
718 1323 87 29 skall
828 1322 182 31 föranleda
1030 1323 114 38 någon
1165 1322 149 40 ändring
1336 1332 40 20 av
1398 1332 47 20 nu
1467 1322 279 30 överenskomna

254 1375 303 39 bidragsgrunder.

299 1429 115 29 Under
430 1429 219 40 åberopande
668 1439 42 20 av
726 1430 57 29 det
800 1429 150 30 anförda
966 1430 201 29 hemställer
1185 1429 180 34 utskottet,

606 1484 51 28 att
672 1483 188 39 riksdagen
876 1483 58 29 må
950 1483 185 39 godkänna
1153 1492 41 20 av
1211 1482 386 39 departementschefen
1614 1483 11 29 i
1642 1484 103 28 stats-

562 1536 294 39 rådsprotokollet
884 1537 81 29 över
992 1536 288 30 inrikesärenden
1309 1536 55 30 för
1391 1536 68 29 den
1487 1536 18 29 6
1533 1545 95 20 mars
1661 1536 83 29 1959

563 1589 186 30 förordade
776 1590 152 38 grunder
954 1590 148 29 rörande
1129 1591 134 28 statens
1288 1590 122 39 bidrag
1438 1590 51 28 till
1517 1589 227 30 anordnande

561 1652 42 20 av
620 1643 252 39 undervisning
890 1644 10 28 i
917 1643 131 29 klinisk
1067 1643 243 39 epidemiologi
1327 1643 57 29 vid
1403 1643 342 39 epidemisjukhuset

562 1696 11 29 i
591 1696 112 29 Lund.

298 1803 74 33 5:0)
403 1802 125 36 Bidrag
542 1803 53 29 till
611 1803 93 29 vissa
721 1803 318 35 byggnadsarbeten
1056 1804 56 28 vid
1129 1804 197 29 Malmöhus
1343 1804 75 28 läns
1434 1803 309 35 sjukvårdsinrätt-

253 1856 122 33 ningar
399 1856 11 29 i
434 1856 97 29 Lund
556 1866 44 19 m.
625 1866 44 19 m.
694 1857 123 37 Kungl.
842 1856 104 37 Maj:t
969 1857 63 29 har
1056 1856 179 38 föreslagit
1259 1857 185 36 riksdagen
1469 1859 47 27 att
1540 1857 53 29 till
1617 1857 127 36 Bidrag

254 1908 50 29 till
322 1909 92 29 vissa
432 1909 324 39 byggnadsarbeten
775 1910 56 29 vid
851 1909 198 30 Malmöhus
1068 1909 77 30 läns
1166 1909 425 39 sjukvårdsinrättningar
1612 1910 10 29 i
1641 1909 102 29 Lund

252 1971 45 20 m.
315 1971 44 21 in.
376 1962 54 30 för
446 1962 205 39 budgetåret
670 1963 139 37 1959/60
827 1963 111 29 under
955 1963 81 29 elfte
1052 1963 224 29 huvudtiteln
1294 1963 120 29 anvisa
1431 1965 48 28 ett
1496 1962 248 30 reservations-

252 2015 120 39 anslag
392 2024 42 21 av
452 2015 19 29 4
486 2015 62 30 820
562 2015 63 30 000
645 2016 142 30 kronor.

296 2123 67 28 För
386 2123 95 29 detta
505 2123 164 29 ändamål
694 2124 38 29 är
756 2124 11 29 i
790 2123 160 39 gällande
975 2123 144 30 riksstat
1144 2124 145 39 uppfört
1313 2126 49 27 ett
1386 2124 357 39 reservationsanslag

252 2185 42 20 av
315 2175 95 30 4500
426 2176 62 30 000
510 2177 140 28 kronor.

296 2228 115 39 Enligt
440 2229 129 29 mellan
598 2229 127 39 Kungl.
755 2230 105 38 Maj:t
890 2230 65 29 och
983 2230 146 33 kronan,
1160 2230 19 29 å
1210 2238 75 25 ena,
1317 2232 90 27 samt
1436 2230 198 29 Malmöhus
1664 2230 78 29 läns

250 2282 186 39 landsting,
455 2283 20 29 å
493 2283 110 29 andra
622 2283 111 34 sidan,
752 2283 133 30 träffad
904 2284 338 29 överenskommelse
1262 2293 55 20 om
1337 2284 253 39 dispositionen
1608 2293 41 20 av
1667 2284 71 29 viss

250 2335 191 29 tomtmark
462 2336 10 28 i
494 2336 119 29 Lunds
635 2336 78 29 stad
734 2346 45 19 m.
801 2346 44 19 m.
870 2336 89 29 skall
981 2338 112 28 staten
1114 2336 145 39 bidraga
1280 2337 79 29 med
1380 2336 136 29 hälften
1537 2346 42 19 av
1599 2336 142 29 kostna-

251 2388 107 30 derna
374 2388 54 30 för
445 2389 130 29 sådana
590 2398 69 30 nya
676 2389 363 39 sjukhusbyggnader,
1058 2399 74 20 som
1147 2390 160 28 kommer
1324 2392 50 27 att
1390 2390 169 39 uppföras
1575 2390 45 39 på
1637 2398 104 21 norra

249 2441 331 35 lasarettsområdet,
607 2443 9 28 i
643 2442 68 29 den
736 2443 82 29 mån
843 2443 103 29 dessa
970 2444 146 28 ersätter
1141 2442 200 39 byggnader
1366 2444 44 38 på
1437 2443 101 29 södra
1564 2443 178 29 lasaretts-

250 2495 167 29 området.
434 2495 147 30 Jämlikt
595 2496 116 29 beslut
727 2505 42 20 av
786 2496 82 29 1952
886 2496 57 29 års
960 2496 140 39 riksdag
1118 2496 89 30 skall
1224 2497 114 28 staten
1353 2496 132 39 jämväl
1501 2496 144 39 bidraga
1661 2496 80 28 med
