1924 2832
562 157 110 28 Andra
696 157 225 36 lagutskottets
945 158 166 28 utlåtande
1134 158 45 28 Nr
1200 158 47 28 17.
1643 154 20 32 3

160 229 140 41 stycket,
324 232 54 29 må
402 230 198 42 överklagas
624 231 64 31 hos
712 231 194 41 Konungen
930 231 94 32 inom
1048 232 59 37 tid,
1133 243 72 20 som
1222 232 11 31 i
1249 231 188 32 allmänhet
1452 234 36 29 är
1503 231 159 32 bestämd

160 280 53 31 för
235 280 249 42 överklagande
507 292 39 20 av
570 281 212 32 förvaltande
806 282 258 41 myndigheters
1089 282 63 31 och
1176 282 234 32 ämbetsverks
1433 282 124 32 beslut.

211 484 122 33 Denna
355 486 56 41 lag
434 486 113 32 träder
568 486 11 31 i
602 487 90 31 kraft
715 487 108 42 dagen
848 487 86 32 efter
957 487 75 38 den,
1057 487 43 32 då
1123 488 98 41 lagen
1245 487 105 41 enligt
1375 488 82 31 därå
1479 487 180 46 meddelad

157 536 136 41 uppgift
315 537 185 31 utkommit
522 537 73 32 från
619 538 132 41 trycket
772 538 11 31 i
809 538 134 32 Svensk
965 538 377 42 författningssamling.

207 784 220 32 Beträffande
461 784 42 32 de
537 785 83 39 skäl,
656 796 74 21 som
758 785 132 31 anförts
914 785 53 31 till
990 785 79 32 stöd
1092 786 53 30 för
1168 785 58 31 det
1248 796 123 31 genom
1395 785 264 42 propositionen

151 835 188 41 framlagda
371 835 231 42 lagförslaget,
637 836 51 31 får
721 836 177 36 utskottet,
934 836 11 31 i
979 835 66 32 den
1079 837 78 30 mån
1191 836 220 42 redogörelse
1445 836 115 32 därför
1585 836 75 33 icke

153 886 131 31 lämnas
306 886 62 31 här
390 886 123 39 nedan,
537 886 143 32 hänvisa
703 886 53 32 till
779 886 274 42 propositionen.

206 989 67 31 Det
296 989 99 31 civila
428 989 235 42 luftskyddets
685 989 111 32 behov
819 1001 40 20 av
883 989 267 32 förnödenheter
1174 1001 41 20 m.
1240 1002 41 19 m.
1307 990 204 41 tillgodoses
1535 1001 122 31 genom

152 1040 99 40 lagen
285 1039 66 32 den
385 1040 35 31 31
461 1051 88 20 mars
587 1041 80 31 1938
695 1039 50 42 (nr
767 1040 50 41 90)
842 1051 55 20 om
921 1040 271 41 förfoganderätt
1214 1041 52 31 för
1288 1041 233 41 luftskyddets
1544 1041 114 32 behov

152 1089 140 42 (ändrad
324 1101 125 30 genom
483 1090 54 41 lag
563 1090 67 32 den
654 1091 40 30 22
716 1091 73 40 juni
814 1092 90 37 1939,
929 1102 41 20 nr
993 1090 79 42 294).
1118 1091 540 43 Tuftskyddsförfogandelagens

152 1140 379 32 huvudbestämmelser
565 1141 97 31 skola
685 1141 96 32 träda
807 1141 11 31 i
852 1141 229 42 tillämpning,
1106 1142 44 31 då
1172 1142 357 41 luftskyddstillstånd
1551 1144 38 30 är
1610 1145 48 29 rå-

152 1191 111 31 dande
285 1190 28 42 (1
338 1190 41 43 $).
424 1191 119 42 Enligt
567 1192 39 31 13
628 1191 21 42 &
671 1192 299 42 luftskyddslagen
994 1192 65 31 den
1086 1194 35 29 11
1146 1192 74 41 juni
1246 1193 78 31 1937
1349 1195 79 38 äger
1450 1193 206 42 Konungen,

152 1253 54 20 om
230 1242 87 31 riket
339 1242 156 31 befinner
518 1242 53 42 sig
593 1242 11 32 i
627 1242 76 42 krig
723 1243 81 32 eller
825 1243 176 41 krigsfara,
1025 1243 172 38 förordna,
1215 1246 49 29 att
1279 1243 89 32 riket
1384 1243 83 32 eller
1482 1244 56 31 del
1555 1244 103 31 därav

152 1293 87 31 skall
271 1292 162 32 försättas
468 1293 11 31 i
508 1293 365 42 luftskyddstillstånd.
929 1294 19 31 I
980 1294 502 42 luftskyddsförfogandelagen
1517 1295 139 41 stadgas

150 1343 125 38 vidare,
299 1345 50 30 att
376 1343 196 43 Konungen
602 1344 91 38 eller,
718 1345 84 31 efter
824 1345 216 41 Konungens
1063 1345 240 38 förordnande,
1327 1345 223 42 länsstyrelse
1574 1346 84 31 eller

151 1405 111 20 annan
296 1394 201 42 myndighet
530 1397 79 39 äger
631 1395 195 38 föreskriva,
851 1397 51 30 att
935 1396 160 31 invånare
1130 1398 18 29 å
1183 1398 61 35 ort,
1268 1407 74 20 som
1366 1396 102 31 hotas
1491 1407 39 20 av
1554 1396 104 32 anfall

150 1445 74 31 från
247 1445 118 38 luften,
391 1445 97 31 skola
515 1447 77 39 taga
615 1446 163 41 uppehåll
800 1448 96 29 utom
921 1446 53 31 sin
998 1446 125 31 bostad
1147 1446 82 31 eller
1251 1447 209 37 bostadsort,
1485 1449 172 36 ävensom,

150 1495 11 31 i
186 1495 65 32 den
274 1497 77 29 mån
376 1495 60 31 det
451 1497 123 40 prövas
591 1496 220 42 nödvändigt,
828 1496 201 39 bestämma,
1045 1499 114 29 varest
1175 1497 163 41 uppehåll
1356 1497 86 31 skall
1458 1499 94 39 tagas
1569 1496 30 43 (2
1615 1496 41 43 8).

150 1545 266 41 Länsstyrelsen
440 1548 87 39 äger,
550 1546 43 31 då
616 1546 59 32 det
697 1548 123 40 prövas
843 1546 213 42 nödvändigt
1078 1547 53 31 för
1153 1547 367 41 luftskyddsändamål,
1545 1549 78 40 taga
1646 1548 11 31 i

151 1596 149 41 anspråk
334 1596 271 38 markområden,
636 1597 207 42 byggnader,
875 1599 203 39 utrymmen,
1103 1597 299 42 transportmedel,
1428 1598 229 42 utrustnings-

148 1647 184 41 persedlar,
364 1647 207 32 materialier
602 1648 63 31 och
696 1659 110 20 annan
839 1648 177 41 egendom,
1042 1659 73 20 som
1151 1648 117 31 tillhör
1299 1648 83 31 eller
1405 1648 187 32 innehaves
1616 1660 41 20 av

149 1698 200 31 kommuner
373 1698 84 31 eller
480 1698 164 32 enskilda.
684 1698 405 42 Utrustningspersedlar
1113 1699 82 31 eller
1219 1699 215 38 materialier,
1452 1710 73 20 som
1543 1701 112 40 någon

148 1748 143 31 innehar
324 1749 52 31 för
403 1748 195 32 beredande
622 1760 39 20 av
685 1749 176 41 luftskydd
885 1751 35 29 åt
943 1750 53 40 sig
1019 1750 82 31 eller
1125 1750 53 30 sin
1202 1750 105 41 familj
1333 1750 84 31 eller
1439 1750 64 31 hos
1527 1750 127 32 honom

148 1798 169 32 anställda
344 1810 166 31 personer
540 1800 83 30 eller
649 1801 53 30 för
728 1800 200 41 skyddande
952 1811 40 20 av
1015 1800 177 41 egendom,
1214 1800 111 31 vilken
1351 1812 40 19 av
1414 1800 126 31 honom
1564 1801 93 31 inne:

148 1849 113 37 haves,
290 1851 53 29 må
367 1849 88 32 dock
477 1850 73 31 icke
573 1852 97 39 tagas
694 1850 11 31 1
728 1851 148 40 anspråk
899 1850 11 31 i
935 1850 113 31 vidare
1065 1852 77 29 mån
1160 1853 41 28 än
1218 1851 223 41 persedlarna
1457 1851 82 32 eller
1554 1854 103 28 mate-

147 1899 159 32 rialierna
337 1900 112 31 finnas
483 1911 78 20 vara
595 1900 203 41 obehövliga
831 1901 53 30 för
915 1901 121 31 sådant
1059 1901 157 31 ändamål
1239 1901 29 39 (3
1291 1901 21 40 8
1338 1902 10 29 1
1378 1901 120 40 mom.).
1544 1902 112 31 Mark-

149 1950 170 38 områden,
344 1950 198 41 byggnader
565 1951 63 30 och
653 1952 192 40 utrymmen
870 1952 38 30 så
931 1951 63 31 ock
1017 1951 298 41 transportmedel,
1333 1951 91 31 vilka
1439 1951 73 31 icke
1530 1952 125 41 stadig-

147 2000 146 32 varande
318 2000 171 32 erfordras
512 2001 51 30 för
586 2001 367 41 luftskyddsändamål,
978 2003 94 39 tagas
1095 2001 11 31 i
1130 2002 147 40 anspråk
1302 2002 76 31 med
1395 2002 258 41 nyttjanderätt.

148 2051 187 41 Egendom,
361 2062 74 20 som
470 2051 64 31 kan
563 2053 141 39 antagas
731 2051 92 32 bliva
845 2051 186 32 förbrukad
1055 2052 84 31 eller
1165 2052 150 31 förstörd
1340 2052 83 32 eller
1446 2053 135 31 komma
1604 2054 51 30 att

147 2101 183 42 väsentligt
354 2101 134 32 minska
511 2102 10 31 i
544 2102 112 39 värde,
681 2104 95 39 tages
799 2102 9 31 i
832 2103 149 40 anspråk
1004 2102 77 32 med
1105 2103 207 40 äganderätt.
1345 2103 123 31 Annan
1486 2103 164 41 egendom

148 2154 95 39 tages
266 2152 10 31 i
300 2152 149 41 anspråk
473 2152 76 32 med
572 2153 259 41 nyttjanderätt,
856 2153 118 32 såvida
996 2153 73 31 icke
1092 2154 247 40 länsstyrelsen
1364 2154 110 31 finner
1496 2154 158 42 lämpligt

149 2203 82 30 eller
254 2204 121 40 ägaren
400 2204 187 40 påfordrar,
612 2206 50 28 att
678 2204 210 40 egendomen
908 2205 177 39 övertages
1102 2204 77 31 med
1196 2204 201 40 äganderätt
1414 2204 29 41 (3
1458 2204 21 42 $
1494 2205 19 30 2
1528 2205 124 40 mom.).

200 2253 18 30 I
240 2253 268 41 länsstyrelsens
532 2253 91 31 hand
647 2256 58 29 äro
728 2254 133 40 jämlikt
884 2254 502 41 luftskyddsförfogandelagen
1410 2255 100 40 lagda
1529 2255 125 40 jämväl

147 2303 92 32 vissa
271 2303 107 31 andra
411 2314 40 19 av
478 2303 331 42 luftskyddshänsyn
838 2304 183 41 betingade
1045 2304 339 40 maktbefogenheter
1407 2304 10 30 i
1441 2305 212 31 förhållande

147 2353 54 31 till
223 2353 202 31 kommuner
449 2353 81 31 eller
554 2354 165 31 enskilda.

204 2403 220 31 Beträffande
448 2403 91 31 vissa
562 2415 40 19 av
627 2403 41 32 de
689 2404 247 41 länsstyrelsen
953 2404 99 41 givna
1069 2404 291 41 befogenheterna
1373 2423 39 4 —
1425 2404 104 32 bland
1546 2405 107 31 andra

148 2452 43 32 de
224 2453 10 30 i
269 2454 18 29 3
320 2453 22 40 8
376 2453 146 41 angivna
608 2454 115 41 gäller,
748 2456 49 29 att
831 2454 247 41 länsstyrelsen
1103 2456 54 29 må
1180 2455 10 31 i
1214 2454 66 31 den
1304 2454 247 42 utsträckning,
1577 2466 73 21 som
