1898 2842
535 170 277 31 Statsutskottets
838 170 177 31 utlåtande
1040 171 48 30 Nr
1110 171 71 30 202.
1600 165 18 31 7

108 252 56 30 vid
190 253 148 36 handen,
365 257 49 27 att
439 254 41 31 de
503 264 41 20 av
570 255 166 37 styrelsen
760 255 10 29 i
796 255 76 30 dess
898 258 134 28 senaste
1056 255 130 36 förslag
1210 255 147 36 angivna
1383 255 234 30 kostnaderna

105 303 32 36 ej
161 304 139 30 komme
322 307 50 27 att
394 304 227 30 överskridas.
657 304 118 36 Någon
798 305 188 37 anledning
1006 305 51 30 till
1080 305 200 36 minskning
1302 315 42 20 av
1368 315 134 21 samma
1524 306 92 29 kost-

107 355 109 29 nader
236 354 151 36 förelåge
409 355 188 30 emellertid
617 355 42 37 ej.
695 355 180 38 Styrelsen,
899 365 75 20 som
995 356 186 30 förordade
1202 356 55 30 det
1279 357 108 29 större
1409 355 208 38 farledsdju-

108 409 66 32 pet,
206 406 199 29 beräknade
435 408 48 28 att
514 406 55 30 det
598 406 145 30 därmed
774 406 165 30 förenade
970 406 336 36 muddringsarbetet
1336 407 118 31 kunde
1483 406 134 31 utföras

106 456 112 30 under
239 457 116 35 loppet
378 466 42 20 av
442 456 235 31 innevarande
699 456 47 31 år.

152 506 389 38 Departementschefen
567 508 65 29 har
657 508 57 30 för
737 516 82 28 egen
845 508 55 29 del
926 508 10 30 i
963 508 140 30 ärendet
1128 508 117 30 anfört
1270 507 167 38 följande.

152 565 51 30 De
229 565 220 37 svårigheter,
476 567 77 29 med
580 566 95 30 vilka
702 566 167 36 sjöfarten
896 568 110 29 under
1031 568 178 29 nuvarade
1235 567 293 36 omständigheter
1553 568 66 29 har

106 611 49 27 att
177 609 137 35 kämpa,
338 609 167 30 motivera
526 612 48 27 att
595 608 160 37 åtgärder
777 609 165 37 vidtagas,
966 610 92 30 vilka
1080 610 113 30 under
1213 610 137 36 vanliga
1372 609 245 31 förhållanden

106 650 77 30 icke
207 651 110 31 skulle
339 650 229 37 ifrågasättas.
602 651 65 30 Det
693 652 38 30 är
753 651 54 31 för
832 651 75 30 vårt
929 653 82 29 land
1034 655 46 27 ett
1105 653 142 29 intresse
1270 662 43 20 av
1337 652 173 37 synnerlig
1533 652 83 35 vikt,

106 696 50 27 att
183 692 82 31 våra
290 693 397 37 transportmöjligheter
713 694 50 30 till
790 692 87 37 sjöss
906 695 95 35 längs
1028 695 106 29 rikets
1161 695 118 29 kuster
1304 695 155 29 bevaras.
1509 694 109 30 Dessa

109 734 269 38 sjötransporter
397 735 109 31 måste
525 737 10 29 i
556 735 156 31 rådande
732 737 73 35 läge
825 738 64 34 äga
909 746 79 20 rum
1007 737 165 30 innanför
1194 737 66 29 den
1280 746 25 20 s.
1327 737 33 29 k.
1383 737 232 36 tremilsgrän-

106 787 70 21 sen.
215 778 48 30 De
288 778 160 36 farleder,
474 788 73 20 som
571 779 125 29 härvid
721 778 108 31 måste
855 779 135 36 anlitas,
1014 779 159 36 medgiva
1199 780 73 29 icke
1298 780 10 30 i
1333 780 58 29 sitt
1415 779 203 30 nuvarande

108 820 153 30 tillstånd
288 821 255 31 framförandet
570 831 43 20 av
640 830 95 22 mera
763 821 219 37 djupgående
1009 822 124 37 fartyg.
1184 822 64 30 Det
1275 822 134 37 hinder,
1437 831 73 21 som
1538 822 79 30 här-

106 863 137 36 igenom
268 864 155 36 orsakas,
450 864 39 29 är
513 864 167 29 avsevärt.
719 863 259 37 Omlastningar
1003 865 65 29 och
1094 864 233 30 tidsförluster
1352 864 93 31 bliva
1471 863 147 31 sålunda

106 905 10 29 i
143 905 126 37 många
295 905 62 31 fall
381 906 233 36 oundvikliga.
654 906 13 30 I
695 907 107 30 andra
829 907 62 29 fall
916 907 70 30 kan
1011 906 44 37 på
1081 908 113 35 grund
1219 917 42 20 av
1287 907 176 37 fartygens
1490 907 128 30 storlek

106 948 192 30 anlitandet
323 958 44 20 av
393 949 155 30 farleden
574 949 72 30 helt
670 948 256 37 omöjliggöras.
977 949 63 31 Det
1066 951 40 30 är
1131 949 284 36 utomordentligt
1441 950 177 36 angeläget

106 991 76 29 icke
206 991 86 29 blott
315 990 57 30 för
395 989 167 37 sjöfarten
586 993 86 28 utan
696 991 55 30 för
774 992 183 30 samhället
982 993 10 29 i
1015 992 77 30 dess
1118 992 124 36 helhet,
1268 994 50 28 att
1342 992 43 30 de
1408 993 123 29 största
1557 1001 59 21 an-

106 1033 243 36 strängningar
370 1034 100 35 göras
493 1033 55 30 för
566 1036 49 28 att
637 1034 186 30 övervinna
846 1035 101 29 dessa
968 1033 220 37 svårigheter.

150 1075 157 30 Anförda
333 1076 217 36 synpunkter
573 1076 90 36 ligga
689 1076 50 30 till
764 1077 112 35 grund
902 1076 56 32 för
983 1077 41 30 de
1050 1077 131 36 förslag
1206 1077 51 30 till
1282 1076 160 37 åtgärder
1468 1077 53 30 för
1547 1077 70 30 för-

106 1116 172 38 djupning
306 1128 41 20 av
375 1118 156 31 farleden
558 1119 72 29 dels
659 1118 58 30 vid
745 1118 178 31 Falsterbo
951 1118 78 31 från
1058 1114 180 42 Östersjön
1266 1128 72 28 upp
1366 1120 51 29 till
1446 1119 171 30 Flinträn-

106 1169 81 27 nan,
228 1161 70 29 dels
339 1161 65 29 ock
444 1167 122 29 genom
608 1161 243 35 Kalmarsund,
893 1161 57 31 för
977 1162 92 30 vilka
1098 1162 215 36 redogörelse
1343 1163 149 29 lämnats
1521 1163 11 29 i
1561 1162 57 30 det

105 1202 218 36 föregående.
365 1202 122 31 Såsom
515 1204 106 29 därav
649 1203 154 36 framgår
833 1205 60 29 äro
921 1204 42 30 de
991 1204 197 36 föreslagna
1217 1203 206 37 åtgärderna
1452 1204 166 31 förenade

104 1245 81 30 med
209 1245 196 36 betydande
430 1246 196 30 kostnader.
676 1245 73 31 Vad
776 1246 157 31 farleden
958 1247 56 29 vid
1041 1245 179 33 Falsterbo
1244 1246 173 31 beträffar
1441 1247 176 36 föreligga,

106 1287 44 37 på
176 1288 66 29 sätt
266 1288 94 30 förut
386 1288 155 36 angivits,
567 1292 51 26 tre
642 1289 94 30 olika
760 1289 130 36 förslag
915 1289 51 31 till
990 1288 140 37 frågans
1156 1289 144 37 lösning,
1327 1290 213 30 betecknade
1565 1289 51 31 så-

106 1339 76 21 som
208 1330 182 30 alternativ
417 1331 24 35 I,
468 1330 30 30 II
525 1332 64 29 och
616 1331 58 30 III.
726 1331 232 36 Utredningen
984 1332 97 30 torde
1108 1332 83 36 visa,
1219 1335 48 27 att
1293 1342 42 20 av
1362 1333 99 29 dessa
1487 1332 130 36 förslag

105 1373 147 30 allenast
272 1373 185 30 alternativ
478 1373 47 30 III
546 1374 71 29 kan
640 1372 255 37 ifrågakomma
918 1374 52 31 till
990 1374 286 36 genomförande;
1298 1375 42 29 de
1364 1375 10 30 i
1397 1375 141 30 ärendet
1559 1384 57 21 av-

105 1415 104 36 givna
235 1416 207 35 yttrandena
469 1418 170 34 utmynna
667 1415 104 31 också
798 1416 160 36 samtliga
986 1418 10 29 i
1022 1417 242 35 tillstyrkande
1292 1417 119 30 härav.
1451 1417 89 30 Utan
1568 1419 50 28 att

104 1458 116 29 bortse
243 1456 78 31 från
344 1458 43 29 de
408 1458 228 35 olägenheter,
662 1458 92 30 vilka
775 1458 70 31 helt
869 1458 163 37 naturligt
1055 1458 111 31 måste
1188 1459 206 37 tillskyndas
1418 1460 90 31 vissa
1531 1463 85 26 orts-

106 1499 167 30 intressen
289 1508 125 27 genom
432 1499 158 36 åtgärder
608 1510 43 20 av
669 1500 38 31 så
724 1501 10 29 i
751 1500 87 31 flera
856 1502 192 29 avseenden
1066 1501 206 37 ingripande
1289 1504 53 27 art
1360 1511 76 20 som
1454 1502 50 35 de,
1523 1502 95 30 vilka

104 1541 267 36 ifrågavarande
393 1542 129 36 förslag
543 1542 155 37 innebär,
721 1543 64 30 har
804 1543 58 36 jag
885 1543 9 30 i
917 1543 351 31 förhandenvarande
1288 1544 85 36 läge,
1388 1544 79 30 med
1479 1545 138 35 hänsyn

105 1585 52 30 till
179 1585 42 29 de
243 1587 92 27 stora
357 1585 178 31 allmänna
556 1585 178 35 intressen,
758 1595 72 20 som
854 1586 66 30 här
942 1585 51 31 stå
1015 1586 44 37 på
1082 1586 83 36 spel,
1189 1589 111 27 ansett
1321 1586 71 36 mig
1414 1587 84 30 böra
1520 1586 11 30 i
1554 1587 63 29 lik-

104 1627 59 30 het
187 1628 79 29 med
290 1627 41 29 de
356 1627 111 30 hörda
491 1627 287 37 myndigheterna
800 1629 64 29 och
890 1629 403 36 sammanslutningarna
1317 1628 142 31 förorda
1485 1639 41 20 en
1551 1630 65 30 lös-

104 1669 84 36 ning
209 1679 42 21 av
270 1668 205 37 spörsmålet
495 1670 102 35 enligt
617 1671 94 29 detta
731 1670 191 30 alternativ.
955 1670 48 31 De
1022 1671 163 36 fördelar,
1207 1681 74 20 som
1301 1672 202 35 härigenom
1524 1672 92 30 skul-

105 1712 31 29 le
156 1711 122 31 vinnas
297 1712 113 30 under
427 1713 201 29 nuvarande
649 1712 254 37 förhållanden,
925 1722 101 28 synas
1047 1713 70 36 mig
1138 1723 82 23 vara
1240 1724 42 20 av
1304 1714 66 30 den
1392 1715 224 30 storleksord-

104 1753 94 38 ning,
223 1757 48 27 att
292 1755 42 29 de
357 1754 167 30 motivera
547 1754 224 36 åtgärdernas
794 1756 273 35 genomförande
1092 1757 86 29 även
1203 1766 56 20 om
1283 1758 56 29 det
1363 1757 113 30 finnes
1499 1758 117 29 anled-

105 1797 84 35 ning
214 1797 110 30 räkna
349 1797 80 29 med
455 1800 48 26 att
528 1797 157 30 farleden
711 1799 10 29 i
747 1798 144 30 fredstid
918 1798 67 30 blir
1009 1801 85 27 utan
1120 1800 109 29 större
1253 1800 185 36 betydelse.
1476 1798 47 31 På
1549 1801 68 29 sätt

104 1838 59 36 jag
185 1839 143 35 tidigare
350 1839 117 30 anfört
488 1840 63 29 har
573 1839 124 36 Kungl.
720 1838 100 37 Maj:t
843 1840 121 36 intagit
986 1850 135 21 samma
1143 1840 215 38 ståndpunkt
1381 1845 89 27 samt
1492 1850 124 28 genom

104 1881 113 30 beslut
239 1882 66 29 den
327 1882 40 29 22
389 1882 179 29 december
592 1882 84 29 1939
698 1881 67 30 tills
787 1882 117 29 vidare
926 1882 50 30 till
996 1883 222 30 bestridande
1240 1894 42 19 av
1304 1884 233 31 kostnaderna
1560 1885 57 30 för

105 1922 356 32 Falsterbofarledens
486 1924 178 29 ordnande
690 1924 103 35 enligt
817 1924 182 30 alternativ
1024 1925 47 29 III
1098 1926 93 29 ställt
1215 1926 49 30 till
1291 1927 77 34 väg-
1393 1927 67 29 och
1485 1930 130 27 vatten-

104 1966 367 37 byggnadsstyrelsens
498 1965 207 36 förfogande
730 1969 46 28 ett
803 1967 127 36 belopp
958 1976 41 20 av
1025 1967 175 36 2,000,000
1228 1969 130 29 kronor
1385 1968 78 31 från
1491 1969 126 36 sjunde

104 2007 237 31 huvudtitelns
366 2007 289 37 förskottsanslag
679 2008 50 30 till
753 2007 379 38 engångsanskaffning
1157 2019 42 21 av
1224 2010 153 30 materiel
1402 2010 55 32 för
1479 2012 135 30 civilbe-

104 2049 221 36 folkningens
348 2051 113 35 skydd
483 2060 43 20 m.
548 2060 45 19 m.
617 2050 131 30 Genom
769 2052 154 29 nämnda
944 2052 110 30 beslut
1076 2052 64 30 har
1162 2053 162 36 ställning
1345 2054 76 29 icke
1442 2054 99 36 tagits
1566 2055 48 29 till

105 2091 124 35 frågan
254 2102 56 20 om
336 2092 105 30 vilket
466 2091 94 37 djup,
585 2093 158 30 farleden
766 2093 107 30 borde
898 2093 143 36 erhålla;
1067 2094 31 36 ej
1125 2095 108 29 heller
1255 2095 89 31 vissa
1369 2097 109 30 andra
1503 2097 44 36 på
1572 2098 43 29 de

105 2134 137 36 slutliga
265 2135 234 30 kostnaderna
523 2135 54 31 för
598 2136 168 34 företaget
787 2136 212 30 inverkande
1022 2136 170 37 spörsmål
1216 2138 89 30 hava
1329 2139 198 35 därigenom
1552 2140 61 29 bli-

105 2177 47 29 vit
178 2176 174 36 avgjorda.
392 2177 63 29 Det
481 2177 162 31 anvisade
668 2178 159 36 beloppet
853 2179 64 30 har
942 2179 188 29 emellertid
1156 2183 128 27 ansetts
1309 2190 83 20 vara
1417 2182 197 36 tillräckligt

106 2219 54 29 för
178 2222 49 26 att
246 2218 204 37 möjliggöra
470 2220 146 30 arbetets
637 2219 261 36 ivångsättande
917 2222 65 28 och
1000 2221 212 30 bedrivande
1231 2223 67 29 tills
1320 2223 117 29 vidare
1457 2225 8 29 i
1486 2225 126 29 avvak-

104 2264 59 27 tan
187 2261 43 35 på
251 2263 160 28 närmare
432 2262 126 29 besked
580 2263 8 29 i
611 2263 101 28 dessa
732 2263 157 34 punkter.
912 2262 74 30 Vad
1007 2262 108 35 angår
1135 2264 154 29 farleden
1311 2272 124 27 genom
1457 2266 154 30 Kalmar-

105 2303 90 30 sund
220 2304 63 29 har
307 2303 121 29 hittills
454 2303 74 30 icke
552 2307 106 26 annat
683 2303 143 35 åtgjorts
851 2306 45 28 än
922 2307 57 32 att,
1006 2304 113 30 såsom
1146 2305 143 35 tidigare
1314 2308 147 35 nämnts,
1489 2308 122 36 Kungl.

105 2343 102 36 Maj:t
236 2346 53 28 för
314 2344 273 36 möjliggörande
614 2355 42 19 av
683 2345 89 30 vissa
799 2346 420 36 bottenundersökningar
1246 2348 91 29 ställt
1364 2350 50 28 till
1442 2351 75 34 väg-
1546 2352 65 29 och

105 2388 481 35 vattenbyggnadsstyrelsens
608 2387 206 35 förfogande
838 2388 96 34 3,000
957 2388 128 30 kronor
1107 2392 48 26 att
1178 2389 80 36 utgå
1282 2389 75 31 från
1381 2401 80 26 nyss
1482 2393 128 30 omför-

105 2430 117 29 milda
248 2430 296 35 förskottsanslag.
