1882 2782
283 179 19 29 4
447 178 106 28 Andra
574 179 198 26 kammarens
794 179 160 27 allmänna
975 178 320 35 beredningsutskotts
1318 178 158 28 utlåtande
1498 187 37 18 nr
1557 178 48 27 27.

283 276 82 31 sage
380 269 65 30 och
465 268 335 39 »sjukgymnastik».
820 269 203 30 Skillnaden
1039 269 131 30 mellan
1187 268 255 39 beteckningen
1459 268 226 30 examinerad
1703 267 66 30 och

284 321 218 39 legitimerad
531 322 245 39 sjukgymnast
808 322 146 30 beaktas
981 322 72 30 helt
1081 322 168 38 naturligt
1278 321 32 39 ej
1339 331 42 21 av
1412 321 249 35 allmänheten,
1692 320 77 31 icke

282 383 62 22 ens
366 385 42 20 av
430 375 68 31 alla
520 375 131 30 läkare.
678 375 74 30 Den
775 374 306 39 omständigheten
1102 377 50 28 att
1174 373 246 31 examinerade
1445 373 321 39 »sjukgymnaster»

283 428 10 29 i
312 432 73 26 stor
399 428 246 39 utsträckning
661 429 175 29 behandla
853 428 174 38 patienter
1042 431 86 27 utan
1145 427 200 31 ordination
1362 437 42 21 av
1420 428 131 35 läkare,
1568 427 108 30 vilket
1693 426 79 31 icke

283 482 40 28 är
344 480 123 31 tillåtet
490 481 58 30 för
569 481 238 39 legitimerade
831 481 294 39 sjukgymnaster,
1149 480 148 31 innebär
1320 490 44 20 en
1384 481 71 29 viss
1475 480 73 30 risk
1572 480 58 30 för
1652 483 49 27 att
1727 488 43 21 en

282 534 153 38 patients
456 534 264 31 tillfrisknande
742 533 203 31 förhindras
969 535 84 29 eller
1075 534 186 39 fördröjes.
1287 534 65 30 Det
1378 533 111 31 måste
1513 532 148 31 sålunda
1686 542 84 21 vara

283 590 48 27 ett
351 588 146 30 allmänt
517 587 157 36 intresse,
694 590 49 27 att
762 596 44 21 en
825 587 106 39 skarp
951 588 105 38 gräns
1074 587 200 39 uppdrages
1293 587 129 30 mellan
1444 587 67 30 den
1531 586 239 39 legitimerade

283 640 309 39 sjukgymnastens
621 641 66 30 och
717 637 415 34 massörens/massösens
1159 641 95 39 yrke.
1283 640 53 30 En
1363 640 192 39 skyndsam
1582 639 188 39 utredning

283 694 41 29 är
345 694 123 30 därför
486 693 178 40 påkallad.

330 773 177 30 Utskottet.
536 773 122 31 Såsom
686 783 42 21 av
755 773 171 32 inkomna
953 774 189 39 yttranden
1168 772 157 40 framgår
1350 774 46 29 ha
1422 773 159 39 vägande
1608 773 76 30 skäl
1712 782 58 20 an-

284 826 90 30 förts
401 827 57 30 för
487 826 189 31 införande
704 836 42 21 av
774 827 114 39 skydd
915 827 56 30 för
996 827 258 38 beteckningen
1282 826 255 39 sjukgymnast.
1566 825 205 31 Emellertid

283 880 67 29 har
375 879 124 40 frågan
526 890 59 20 om
612 879 111 39 dylikt
752 881 124 38 skydd,
903 879 115 31 såsom
1048 879 157 40 framgår
1232 890 43 20 av
1300 879 381 39 medicinalstyrelsens
1705 881 66 36 ytt-

284 934 119 35 rande,
430 933 181 39 upptagits
637 933 50 30 till
715 933 175 39 prövning
918 943 42 20 av
986 934 180 38 styrelsen.
1194 933 65 30 Det
1286 942 103 30 synes
1415 932 45 31 då
1486 932 180 36 utskottet,
1695 941 76 21 som

284 995 57 20 om
368 987 180 29 resultatet
575 996 42 20 av
642 987 115 30 denna
782 987 174 39 prövning
981 987 64 30 bör
1070 987 178 35 avvaktas,
1274 986 110 30 innan
1409 985 173 31 särskilda
1609 985 162 39 åtgärder

283 1040 198 38 övervägas.
510 1040 175 30 Utskottet
710 1049 103 21 anser
835 1040 52 39 sig
908 1040 122 30 därför
1052 1039 78 31 icke
1156 1040 121 30 kunna
1299 1039 176 39 tillstyrka
1500 1038 169 31 skrivelse
1691 1038 80 30 med

284 1092 166 30 anhållan
474 1102 58 20 om
557 1093 186 39 utredning
769 1096 86 27 utan
879 1092 54 31 får
956 1093 196 36 hemställa,

639 1149 48 27 att
711 1146 135 30 motion
868 1146 45 30 II:
928 1147 61 29 332
1013 1146 32 39 ej
1067 1145 110 32 måtte
1199 1146 51 30 till
1273 1144 116 40 någon
1411 1146 111 30 andra
1545 1146 227 29 kammarens

595 1199 122 39 åtgärd
741 1199 195 31 föranleda.

329 1301 204 30 Stockholm
557 1301 67 29 den
649 1301 40 28 28
714 1308 94 21 mars
834 1299 93 30 1950.

808 1396 49 31 På
884 1397 187 29 utskottets
1095 1396 144 39 vägnar:

814 1494 163 31 PATRIK
1002 1493 237 32 SVENSSON.

287 1710 238 30 Närvarande:
554 1719 38 21 se
616 1710 112 29 under
752 1708 181 31 utlåtande
959 1717 42 21 nr
1025 1708 52 30 26.
