1872 2766
263 126 20 29 4
551 125 124 39 Tredje
700 124 245 40 lagutskottets
971 126 178 30 utlåtande
1175 136 41 20 nr
1241 128 41 29 34
1307 127 39 30 år
1375 128 82 29 1964

808 262 394 42 Departementschefen

308 362 264 39 Föredragande
601 364 383 38 departementschefen
1013 365 101 30 anför
1144 366 166 39 följande.

309 414 255 31 Gränsvattnen
584 416 128 30 mellan
734 416 136 40 Sverige
890 418 65 29 och
974 418 149 30 Finland
1144 419 38 29 är
1202 419 110 30 under
1333 421 202 29 nuvarande
1557 420 189 31 förhållan-

264 467 68 30 den
355 468 157 39 nyttjade
535 469 10 29 i
568 469 186 30 huvudsak
777 470 124 30 endast
924 470 53 30 för
1000 471 166 40 flottning
1189 472 64 30 och
1275 472 102 31 fiske.
1401 473 115 30 Behov
1540 483 41 20 av
1603 475 143 29 mellan-

264 521 119 39 statlig
400 521 170 40 reglering
588 523 64 29 har
671 523 119 29 därför
809 523 166 40 förelegat
994 524 123 30 endast
1134 525 222 31 beträffande
1376 526 100 30 dessa
1495 527 56 29 två
1570 527 175 30 verksam-

263 574 221 30 hetsformer.
503 575 67 30 För
587 576 229 39 flottningens
835 577 54 29 del
908 577 63 30 har
988 578 312 31 överenskommits
1319 587 261 31 gemensamma
1597 580 149 30 bestäm-

264 628 127 29 melser
415 637 73 20 som
511 628 147 31 innebär
682 639 42 20 en
748 629 166 40 tämligen
938 630 206 41 fullständig
1168 632 170 39 reglering
1363 642 42 20 av
1428 633 278 30 verksamheten.
1733 634 12 29 I

265 680 100 39 fråga
387 690 56 20 om
467 681 105 30 fisket
595 682 39 29 är
658 682 155 30 däremot
836 684 245 30 motsvarande
1104 685 171 39 reglering
1298 685 76 31 icke
1398 686 71 29 lika
1493 687 252 30 uttömmande.

264 733 134 30 Endast
416 733 53 31 för
487 734 165 31 laxfisket
671 735 113 30 finnes
803 743 260 32 gemensamma
1081 737 261 31 bestämmelser
1361 739 66 30 och
1446 740 100 29 dessa
1565 740 105 39 gäller
1689 749 56 21 en-

262 787 79 29 dast
363 787 51 29 till
435 787 65 30 den
522 788 53 30 del
598 790 152 28 staterna
771 790 149 29 innehar
941 790 216 30 fiskerätten.
1179 791 382 32 Fiskekommissionen
1582 793 64 29 har
1667 793 79 29 fun-

264 840 51 29 nit
336 840 154 39 påkallat
510 843 49 27 att
579 841 233 40 åvägabringa
831 852 43 20 en
895 852 46 30 ny
960 843 60 30 allt
1041 844 91 39 slags
1153 844 89 30 fiske
1263 844 218 31 omfattande
1502 846 243 30 överenskom-

263 893 108 30 melse
388 903 79 20 men
484 894 63 30 har
564 896 115 29 ansett
696 895 40 30 de
753 896 203 30 nuvarande
973 904 259 32 gemensamma
1250 898 495 39 flottningsbestämmelserna

262 946 124 30 kunna
404 946 190 31 bibehållas
613 948 80 30 med
711 948 85 30 blott
815 949 93 30 vissa
927 949 189 40 ändringar
1135 951 64 30 och
1218 951 129 39 tillägg.

308 999 125 39 Kungl.
452 1000 105 39 Maj:t
574 1001 66 29 har
657 1001 114 30 såsom
789 1002 251 40 inledningsvis
1058 1003 136 30 anförts
1213 1012 123 31 genom
1354 1005 114 29 beslut
1487 1006 65 29 den
1573 1005 39 29 14
1631 1006 113 29 febru-

263 1053 51 29 ari
343 1052 82 30 1964
450 1054 186 39 uppdragit
660 1054 35 30 åt
720 1055 40 29 de
786 1055 151 30 svenska
961 1056 221 40 sakkunniga
1206 1057 11 29 i
1242 1058 392 38 gränsälvskommittén
1659 1061 49 27 att
1734 1060 10 28 i

262 1106 141 29 samråd
420 1107 77 29 med
515 1107 40 30 de
573 1107 203 31 finländska
794 1109 221 40 sakkunniga
1033 1110 9 29 i
1061 1110 207 30 kommittén
1287 1111 83 39 göra
1389 1121 42 20 en
1450 1112 147 39 översyn
1615 1122 42 20 av
1676 1113 68 29 för-

262 1158 109 40 slaget
397 1160 50 29 till
474 1160 66 29 den
566 1160 54 30 del
647 1161 56 29 det
728 1161 106 39 gäller
860 1162 337 31 överenskommelse
1224 1164 64 29 och
1316 1165 122 39 stadga
1464 1165 149 30 rörande
1639 1165 105 31 fisket

261 1211 97 30 inom
374 1213 112 30 Torne
501 1213 74 30 älvs
592 1213 245 31 fiskeområde.
855 1215 98 30 Efter
970 1216 114 30 denna
1101 1216 225 40 bearbetning
1344 1226 99 21 avses
1462 1218 165 39 förslaget
1646 1219 98 29 skola

261 1265 118 39 läggas
400 1265 50 30 till
471 1267 112 38 grund
603 1266 54 30 för
677 1277 42 20 en
738 1268 250 40 mellanstatlig
1008 1269 442 33 fiskeöverenskommelse.

306 1317 179 40 Förslaget
509 1319 52 29 till
586 1319 150 40 ändring
760 1329 42 21 av
826 1321 159 39 gällande
1010 1329 259 32 gemensamma
1294 1322 450 41 flottningsbestämmelser

262 1371 98 30 torde
392 1371 121 31 kunna
544 1372 191 31 behandlas
768 1373 192 31 fristående
993 1374 79 30 från
1106 1375 165 40 förslaget
1305 1376 52 30 till
1391 1377 261 31 bestämmelser
1687 1387 56 21 om

261 1423 117 30 fisket.
402 1425 48 29 De
472 1425 262 31 bestämmelser
758 1435 75 21 som
857 1427 127 30 hänför
1009 1428 50 39 sig
1084 1429 51 29 till
1161 1429 234 31 förhållandet
1420 1431 128 29 mellan
1573 1431 170 30 flottande

260 1477 65 29 och
345 1477 102 39 ägare
464 1487 41 20 av
524 1478 198 40 byggnader
743 1479 53 30 för
817 1480 256 31 fiskeändamål
1095 1490 102 30 synes
1217 1482 83 30 böra
1323 1484 170 38 upptagas
1515 1492 58 21 nu.

304 1530 117 38 Enligt
445 1531 16 30 7
487 1531 16 37 $
528 1531 283 39 flottningslagen
836 1534 38 28 är
899 1533 40 30 de
965 1533 167 31 flottande
1158 1535 74 29 icke
1259 1536 183 37 ansvariga
1468 1536 55 30 för
1547 1536 197 38 flottnings-

260 1583 111 30 skada
395 1583 44 40 på
461 1583 160 40 byggnad
645 1593 75 22 som
744 1585 163 40 uppförts
931 1587 207 30 annorledes
1161 1587 45 30 än
1229 1588 44 39 på
1298 1588 69 30 sätt
1392 1598 74 20 som
1490 1590 252 29 överensstäm-

259 1646 75 20 mer
360 1638 79 29 med
466 1638 54 36 lag
547 1638 84 29 eller
659 1639 101 37 givna
788 1639 219 31 föreskrifter
1037 1641 82 29 eller
1149 1650 73 21 som
1251 1642 134 37 anlagts
1416 1644 83 28 utan
1529 1645 48 28 att
1607 1644 136 37 anlägg-

259 1689 149 40 ningens
431 1690 101 39 ägare
555 1691 156 39 påkallat
734 1692 66 30 och
823 1692 139 31 avbidat
985 1694 334 30 vattendomstolens
1344 1695 243 31 bestämmelse
1612 1705 57 21 om
1694 1696 50 30 åt-

259 1743 84 36 gärd
367 1743 53 29 till
445 1744 110 37 skydd
577 1747 74 27 mot
676 1745 106 30 skada
807 1755 43 20 av
875 1746 262 37 ifrågavarande
1164 1748 81 37 slag.
1272 1748 120 37 Någon
1417 1749 247 38 motsvarighet
1690 1750 52 29 till

259 1795 117 30 denna
395 1796 243 31 bestämmelse
657 1798 64 29 har
739 1798 75 30 icke
834 1799 184 40 medtagits
1038 1799 11 30 i
1069 1799 333 41 flottningsstadgan
1422 1802 64 31 och
1505 1802 65 30 har
1589 1802 153 40 tydligen

259 1851 132 28 ansetts
421 1849 180 38 obehövlig
628 1851 79 30 med
735 1851 136 38 hänsyn
900 1853 52 29 till
982 1854 48 28 att
1060 1855 151 28 staterna
1240 1854 127 30 hävdat
1398 1856 162 36 regalrätt
1589 1856 52 29 till
1673 1856 69 30 lax-

259 1901 116 31 fisket.
399 1902 213 31 Hithörande
638 1904 115 37 frågor
777 1904 74 35 har,
877 1905 102 30 såvitt
1003 1915 99 20 avser
1128 1906 125 30 skador
1278 1907 45 37 på
1348 1907 356 38 laxfiskebyggnader,
1731 1909 11 29 i

259 1955 115 29 stället
390 1955 144 30 kommit
551 1958 49 28 att
618 1958 148 36 regleras
784 1958 11 29 i
812 1958 40 30 de
870 1958 163 31 kontrakt
1052 1968 57 21 om
1127 1960 188 36 upplåtelse
1335 1970 43 20 av
1396 1961 148 30 laxfiske
1564 1970 74 21 som
1658 1971 84 28 upp-

259 2008 123 29 rättats
409 2009 126 29 mellan
564 2011 111 28 staten
705 2019 74 21 som
806 2011 208 30 innehavare
1044 2021 42 21 av
1115 2013 261 30 laxfiskerätten
1407 2014 64 29 och
1501 2014 40 29 de
1571 2014 170 31 fiskande.

258 2060 379 32 Fiskekommissionen
661 2063 63 30 har
748 2064 145 34 befarat,
919 2066 47 29 att
991 2065 239 38 markägarna,
1256 2076 56 20 om
1338 2068 129 28 statens
1494 2067 160 31 fiskerätt
1680 2077 62 21 un-

257 2114 194 30 derkännes
473 2115 83 30 eller
577 2115 208 31 åtminstone
807 2117 218 37 ifrågasättes
1048 2118 102 30 såvitt
1172 2119 105 37 gäller
1300 2119 193 38 betydande
1517 2121 225 35 älvsträckor,

258 2167 157 29 kommer
442 2169 48 28 att
516 2168 11 29 i
555 2169 77 29 sina
659 2170 281 30 vattenområden
969 2171 86 30 sätta
1084 2174 37 27 ut
1150 2171 349 39 fångstanordningar
1528 2173 55 30 för
1613 2176 47 28 att
1690 2177 51 27 ut-

259 2220 113 36 nyttja
395 2221 65 29 den
483 2221 160 30 fiskerätt
666 2223 40 29 de
729 2223 165 37 möjligen
917 2224 70 29 kan
1010 2234 100 20 anses
1134 2224 45 30 ha
1204 2225 121 30 vunnit
1349 2226 78 29 med
1452 2226 55 30 det
1533 2226 208 31 förändrade

257 2273 188 37 rättsläget.
466 2274 71 30 Mot
559 2275 226 37 bakgrunden
807 2276 109 30 härav
939 2277 63 30 har
1026 2277 364 31 fiskekommissionen
1416 2278 177 38 föreslagit
1619 2289 42 21 en
1685 2280 56 30 be-

257 2324 196 31 stämmelse
475 2327 11 28 i
508 2326 327 38 flottningsstadgan
858 2337 42 22 av
922 2328 161 36 innehåll,
1106 2331 48 28 att
1177 2331 98 36 ägare
1299 2339 42 21 av
1364 2331 68 29 fast
1456 2331 186 35 fiskeverk,
1666 2341 74 20 som

258 2378 129 29 utsatts
404 2379 140 39 olagligt
559 2380 12 29 i
587 2379 191 37 flottleden,
797 2381 89 30 skall
904 2381 89 40 själv
1008 2391 101 21 svara
1126 2383 55 28 för
1197 2383 108 30 skada
1323 2392 75 20 som
1415 2384 144 29 orsakas
1577 2394 41 20 av
1635 2386 106 28 fram-

258 2430 158 38 flytande
440 2431 177 40 flottgods.
643 2433 177 39 Förslaget
844 2434 65 30 har
934 2434 149 31 lämnats
1108 2437 84 28 utan
1219 2436 140 30 erinran
1385 2446 41 20 av
1450 2437 291 40 remissorganen.

256 2483 68 30 För
345 2492 84 31 egen
450 2485 52 30 del
522 2485 59 30 vill
601 2486 60 39 jag
681 2486 124 31 anföra
824 2487 167 40 följande.
