1864 2778
319 159 18 30 2
641 163 121 31 Andra
780 163 229 39 lagutskoltets
1027 167 170 32 utlåtande
1218 179 40 20 nr
1278 172 37 27 11
1337 170 37 30 år
1393 172 79 29 1961

319 267 68 31 icke
411 268 195 33 tillkommer
627 270 66 32 viss
717 271 162 32 trafikant
902 273 78 31 eller
1003 274 84 31 vissa
1110 276 201 31 trafikanter
1334 282 211 35 gemensamt;
1572 279 226 39 beställnings-

319 322 103 29 trafik
450 323 38 30 är
515 323 101 31 sådan
642 325 218 39 yrkesmässig
889 327 112 40 trafik,
1031 339 66 19 som
1125 329 68 31 icke
1222 331 38 29 är
1286 335 48 27 att
1362 332 141 32 hänföra
1530 333 52 31 till
1609 333 189 39 linjetrafik

324 376 33 29 (+
383 375 46 38 $).

359 432 114 37 Enligt
501 434 237 39 förordningen
765 437 186 31 ankommer
977 439 42 36 på
1045 440 123 30 central
1194 440 192 38 myndighet
1412 461 42 3 —
1479 441 318 33 biltrafiknämnden

316 504 41 3 ==
384 492 83 27 samt
497 488 271 38 länsstyrelserna
798 495 47 27 att
876 492 97 30 verka
1005 493 53 30 för
1088 498 44 27 ett
1162 494 274 40 ändamålsenligt
1466 497 168 31 ordnande
1663 508 39 21 av
1733 498 63 31 den

315 540 236 39 yrkesmässiga
576 543 155 32 trafiken.

357 596 66 31 För
450 597 199 32 bedrivande
678 610 40 20 av
746 601 216 38 yrkesmässig
990 602 151 31 biltrafik
1171 604 131 32 fordras
1330 605 132 31 särskilt
1490 606 158 41 tillstånd,
1679 606 116 38 trafik-

316 649 158 32 tillstånd.
505 652 312 33 Beslutanderätten
847 656 11 30 i
889 656 439 34 trafiktillståndsärendena
1359 660 37 30 är
1428 660 102 38 enligt
1562 661 151 37 gällande
1743 661 51 31 be-

313 705 200 31 stämmelser
551 707 151 31 fördelad
741 709 119 31 mellan
898 710 327 41 biltrafiknämnden,
1266 714 270 37 länsstyrelserna
1575 721 84 26 samt
1698 716 96 38 polis-

313 759 272 38 myndigheterna
615 762 9 29 i
653 762 165 31 städerna.
848 762 28 31 Å
905 764 319 32 biltrafiknämnden
1254 767 187 32 ankommer
1469 772 48 28 att
1547 771 102 36 pröva
1679 771 115 37 frågor

313 822 46 20 om
389 814 151 31 tillstånd
567 819 48 28 att
642 816 136 31 bedriva
805 817 187 38 linjetrafik
1018 820 18 30 å
1063 821 202 37 vägsträcka,
1293 832 66 20 som
1386 824 37 30 är
1449 823 135 38 belägen
1611 824 87 31 inom
1724 836 69 20 mer

313 867 40 29 än
375 872 46 26 ett
443 868 65 41 län,
531 869 77 30 eller
628 871 122 30 mellan
772 875 87 27 orter
881 873 86 30 inom
989 874 104 31 skilda
1116 876 55 29 län
1194 876 79 31 eller
1295 880 47 27 alt
1365 878 10 29 i
1396 877 320 39 beställningstrafik
1739 880 54 30 för

312 921 258 36 godsbefordran
592 925 153 30 använda
767 926 108 31 lastbil
897 927 75 31 med
993 928 196 32 maximilast
1213 931 227 38 överstigande
1463 933 91 30 4500
1576 934 43 37 kg
1641 934 80 30 eller
1743 939 49 26 att

311 976 10 28 i
340 976 103 30 sådan
465 976 320 40 beställningstrafik
804 981 153 31 använda
978 982 109 31 lastbil
1109 983 100 37 jämte
1230 984 168 39 släpvagn,
1420 986 105 33 vilkas
1546 984 246 47 sammanlagda

309 1031 196 30 maximilast
537 1032 179 38 överstiger
746 1034 91 30 3500
866 1035 51 37 kg.
951 1035 163 33 Tillstånd
1144 1038 52 30 till
1225 1038 320 40 beställningstrafik
1576 1042 53 30 för
1660 1052 130 28 person-

309 1083 178 32 befordran
514 1086 73 30 med
614 1087 193 31 stationsort
835 1089 10 29 i
872 1090 73 30 stad
972 1090 164 32 meddelas
1164 1102 40 20 av
1232 1093 320 40 polismyndigheten
1579 1098 11 30 i
1617 1097 125 32 staden.
1773 1099 16 29 I

309 1138 111 38 övriga
440 1139 60 30 fall
518 1140 163 32 meddelas
700 1142 256 32 trafiktillstånd
976 1155 41 20 av
1035 1145 232 38 länsstyrelsen
1287 1148 10 29 i
1316 1148 54 32 det
1390 1150 64 39 län,
1474 1155 108 27 varest
1600 1151 189 38 linjetrafik

307 1192 81 30 skall
409 1194 61 37 äga
492 1204 72 20 rum
585 1195 77 30 eller
683 1196 61 31 där
763 1197 188 32 stationsort
976 1199 53 30 för
1048 1199 321 39 beställningstrafik
1388 1204 82 30 skall
1492 1204 166 39 förläggas
1684 1208 33 36 (5
1741 1207 45 37 $).

348 1248 221 34 Förfarandet
593 1252 10 30 i
626 1252 159 32 samband
806 1254 72 30 med
901 1256 145 30 ansökan
1068 1266 50 20 om
1142 1257 256 32 trafiktillstånd
1421 1260 61 31 har
1505 1259 159 39 ingående
1688 1262 99 37 regle-

307 1306 66 27 rats
399 1304 91 31 såväl
518 1305 10 29 i
554 1306 158 32 avseende
739 1308 18 30 å
784 1308 86 31 vilka
896 1310 183 39 uppgifter,
1107 1321 68 20 som
1202 1312 82 31 skall
1311 1313 121 38 åtfölja
1458 1315 232 38 ansökningen,
1719 1327 68 20 som

305 1357 11 29 i
337 1357 95 38 fråga
454 1368 51 21 om
526 1359 212 34 inhämtande
761 1372 39 19 av
821 1363 156 36 yttrande
999 1365 76 30 över
1094 1366 226 38 ansökningen
1342 1367 77 31 från
1440 1369 231 37 myndigheter
1691 1371 95 30 även-

305 1421 65 20 som
391 1412 77 30 från
487 1414 236 39 trafikföretag
742 1416 58 31 och
819 1418 334 39 sammanslutningar
1173 1430 40 20 av
1232 1422 136 30 utövare
1386 1432 40 20 av
1445 1423 217 39 yrkesmässig
1681 1426 104 30 trafik

304 1470 82 26 samt
405 1467 113 37 andra,
538 1468 86 30 vilka
643 1469 137 32 ärendet
798 1471 63 30 kan
880 1473 85 36 angå
991 1473 114 37 (7--11
1128 1473 66 38 $$).
1217 1475 15 29 I
1253 1475 254 39 förordningens
1528 1478 37 29 12
1588 1478 13 38 $
1623 1479 61 31 har
1702 1490 83 27 upp-

304 1520 98 37 tagits
425 1521 204 38 stadganden
652 1533 50 20 om
727 1524 39 30 de
789 1525 125 38 villkor,
939 1536 68 20 som
1029 1528 82 30 skall
1133 1538 77 21 vara
1237 1530 53 32 för
1312 1531 131 31 handen
1467 1532 53 31 för
1542 1535 48 29 att
1615 1534 170 30 trafiktill-

303 1574 96 31 stånd
420 1576 82 30 skall
523 1577 35 29 få
578 1577 173 32 meddelas.
775 1579 130 32 Främst
926 1581 83 30 skall
1030 1583 157 31 avseende
1209 1584 102 32 fästas
1332 1585 56 31 vid
1410 1586 119 38 frågan
1550 1598 50 20 om
1622 1588 163 31 trafikens

303 1628 205 39 behövlighet
540 1631 57 30 och
628 1632 183 32 sökandens
843 1634 201 39 lämplighet.
1078 1637 63 32 Det
1174 1638 197 33 föreskrives
1403 1641 148 40 sålunda,
1585 1646 49 27 att
1667 1643 116 31 trafik-

302 1683 149 31 tillstånd
475 1685 53 30 må
553 1685 164 32 meddelas
743 1688 114 31 endast
882 1688 110 32 därest
1017 1690 63 31 den
1106 1691 195 38 ifrågasatta
1328 1694 145 31 trafiken
1498 1696 109 33 finnes
1632 1696 152 40 behövlig

302 1742 82 26 samt
409 1739 10 29 i
443 1739 109 37 övrigt
574 1740 138 39 lämplig
736 1746 82 27 samt
844 1747 47 27 att
917 1744 151 31 tillstånd
1092 1746 51 30 må
1168 1747 165 32 meddelas
1357 1750 137 31 allenast
1519 1751 72 37 den,
1617 1762 67 21 som
1708 1753 75 31 med

300 1792 127 39 hänsyn
454 1795 51 31 till
533 1796 188 32 erfarenhet
748 1799 58 30 och
832 1800 264 39 vederhäftighet
1124 1808 83 26 samt
1234 1804 104 31 andra
1365 1805 42 37 på
1434 1806 121 37 frågan
1582 1806 200 32 inverkande

300 1849 277 38 omständigheter
606 1851 151 33 befinnes
789 1853 135 39 lämplig
955 1856 104 30 såsom
1090 1858 135 30 utövare
1258 1868 40 20 av
1328 1859 216 40 yrkesmässig
1576 1861 114 31 trafik.
1722 1862 59 30 Be-

300 1902 171 32 träffande
493 1904 150 32 tillstånd
664 1907 53 30 till
739 1907 195 41 linjetrafik,
957 1920 67 20 som
1046 1911 65 30 kan
1131 1911 128 31 komma
1281 1917 49 28 att
1351 1913 203 32 konkurrera
1575 1916 74 30 med
1670 1926 111 21 annan

301 1956 99 30 redan
425 1958 122 30 utövad
570 1959 190 38 linjetrafik
785 1962 77 30 eller
886 1963 72 31 med
984 1964 178 42 Järnvägs-,
1188 1967 170 38 spårvägs-
1384 1969 77 31 eller
1486 1969 164 40 sjötrafik,
1678 1971 103 38 gäller

298 2010 64 31 viss
384 2011 253 33 företrädesrätt
659 2014 56 31 för
734 2015 63 31 den
820 2017 140 37 tidigare
983 2020 159 30 utövaren
1164 2030 40 20 av
1226 2021 154 32 trafiken.
1406 2023 269 33 Trafiktillstånd
1697 2025 82 30 skall

298 2065 111 31 ställas
430 2066 18 30 å
470 2067 65 30 viss
557 2067 104 38 fysisk
683 2069 79 30 eller
783 2070 143 37 juridisk
947 2082 118 27 person
1087 2078 84 27 samt
1192 2079 149 35 upptaga
1363 2076 39 32 de
1423 2077 120 33 villkor
1563 2079 59 30 och
1642 2079 137 32 bestäm-

297 2118 123 40 melser,
450 2130 68 21 som
548 2123 118 36 prövas
695 2123 129 39 nödiga.
855 2125 153 31 Juridisk
1037 2137 117 28 person
1184 2130 53 29 må
1267 2130 81 31 dock
1377 2131 139 39 beviljas
1545 2134 150 31 tillstånd
1727 2134 51 30 till

296 2172 318 41 beställningstrafik
639 2177 140 32 allenast
805 2188 50 21 om
880 2180 161 31 särskilda
1066 2181 69 31 skäl
1161 2182 115 32 därtill
1301 2185 46 30 är.

336 2229 69 32 Mot
431 2230 285 34 bestämmelserna
743 2245 50 20 om
820 2236 254 33 trafiktillstånd
1101 2249 116 22 svarar
1239 2241 85 31 vissa
1350 2242 241 33 bestämmelser
1616 2255 51 20 om
1693 2245 85 38 skyl-

295 2283 150 38 digheter
470 2296 68 20 som
563 2287 105 30 åvilar
695 2288 322 34 tillståndshavaren.
1046 2292 147 33 Sålunda
1220 2296 103 37 gäller
1349 2297 65 31 viss
1441 2299 256 37 transportplikt
1724 2300 54 30 för

295 2338 198 32 innehavare
513 2350 40 20 av
573 2341 257 33 trafiktillstånd
856 2345 52 37 (23
931 2345 46 37 $).
1000 2347 166 31 Utövaren
1186 2359 40 20 av
1246 2350 217 39 yrkesmässig
1482 2352 104 31 trafik
1606 2354 37 30 är
1662 2352 114 31 vidare

294 2392 130 38 skyldig
445 2398 51 27 att
520 2394 83 38 följa
625 2395 39 31 de
688 2396 241 33 bestämmelser
953 2401 139 31 rörande
1116 2405 78 28 taxa
1216 2413 68 20 som
1308 2404 185 33 fastställes.
1520 2407 151 31 Taxorna
1694 2407 82 30 skall

290 2444 10 29 i
330 2446 86 37 regel
445 2447 119 38 angiva
593 2449 280 39 maximiavgifter
899 2463 75 21 men
1006 2454 64 31 kan
1100 2455 10 30 i
1138 2456 86 31 vissa
1256 2457 60 31 fall
1345 2459 9 30 i
1385 2459 95 39 fråga
1509 2471 51 20 om
1588 2461 189 38 linjetrafik

293 2500 136 30 ersättas
452 2501 74 31 med
549 2502 86 32 fasta
659 2504 146 38 avgifter
833 2506 52 37 (29
912 2506 46 38 $).
