2142 2576
339 212 19 31 4
795 212 105 31 Stats-
914 207 176 46 Utskottets
1109 212 175 32 Utlåtande
1307 213 62 32 N:o
1395 216 49 29 47.

294 291 203 49 befintliga
539 290 206 49 egendom,
789 290 90 37 falla
913 291 261 49 fattigvården
1204 291 57 37 till
1290 292 85 36 last.
1433 293 69 35 Att
1537 292 288 52 framställning
1854 297 59 36 till

297 343 226 48 Riksdagen
549 356 60 23 om
642 342 275 50 medgifvande
948 343 42 36 af
1013 343 63 37 det
1106 343 145 37 äskade
1281 343 207 37 anståndet
1518 343 83 37 icke
1631 344 137 39 hittills
1785 347 130 37 blifvit

297 395 126 48 gjord,
468 394 118 37 borde
628 395 229 36 tillskrifvas
899 395 75 36 den
1008 395 303 49 omständighet,
1342 401 56 31 att
1425 395 225 37 sökandens
1679 397 103 49 höga
1810 399 105 37 ålder

300 447 82 36 låtit
419 447 186 47 förmoda,
649 451 55 31 att
746 446 207 37 anståndet
999 447 85 36 icke
1115 447 165 36 behöfde
1315 447 121 36 blifva
1465 447 42 37 af
1530 447 93 49 lång
1651 450 263 48 varaktighet.

301 499 64 35 Ett
394 498 128 49 dylikt
551 499 220 47 antagande
800 512 90 23 vore
917 498 250 49 naturligtvis
1197 512 158 23 numera
1380 499 11 35 1
1421 504 48 31 än
1498 500 123 48 högre
1649 501 96 47 grad
1776 515 140 23 sanno-

298 550 86 46 likt;
430 564 87 23 men
561 550 47 36 då
642 550 74 36 den
746 550 201 48 ställning,
980 550 109 36 hvari
1119 551 136 48 frågan
1285 551 58 36 för
1372 551 242 36 närvarande
1643 552 169 38 befunne
1841 554 74 47 sig,

301 602 140 47 kunde,
471 607 71 31 när
577 602 148 36 enkans
755 602 165 37 dödsfall
949 615 47 23 en
1026 604 106 46 gång
1160 602 182 45 inträffat,
1374 602 199 37 föranleda
1602 603 106 37 vissa
1738 605 174 36 förveck-

297 653 128 48 lingar
466 654 87 36 med
595 654 150 37 hennes
783 654 180 36 sterbhus
994 654 71 36 och
1094 654 115 36 äfven
1239 654 100 36 vålla
1369 654 246 49 svårigheter
1643 655 59 37 för
1732 656 45 36 de
1805 670 112 35 myn-

297 705 193 49 digheter,
528 718 82 24 som
648 706 86 36 med
763 705 300 48 verkställighet
1092 705 42 36 af
1160 705 362 49 domstolsutslaget
1550 706 116 37 hafva
1696 713 56 30 att
1782 708 133 47 skaffa,

298 770 91 23 vore
419 757 217 36 önskvärdt
665 763 56 31 att
749 758 136 48 frågan
915 760 118 33 måtte
1061 757 117 36 vinna
1208 770 48 23 en
1285 757 176 37 bestämd
1491 758 158 49 lösning
1677 759 12 35 i
1718 759 64 36 det
1802 760 113 48 syfte,

300 808 220 37 sökandens
562 809 288 48 framställning
880 808 148 49 afsåge;
1059 809 71 36 och
1160 809 98 36 hade
1289 809 99 36 Herr
1417 808 216 38 Statsrådet
1660 810 124 37 tillika
1814 811 103 37 med-

299 860 113 47 delat,
443 866 57 30 att
529 861 333 36 advokatfiskalen
892 860 12 36 i
934 860 402 49 Kammarkollegium
1367 861 186 36 förklarat
1575 862 75 48 sig,
1667 862 158 37 oaktadt
1841 863 77 36 han

299 912 123 36 under
451 915 41 33 så
526 913 92 47 lång
643 913 55 36 tid
727 913 101 36 varit
856 912 11 35 i
897 912 149 36 saknad
1074 913 42 35 af
1141 912 66 36 det
1236 913 141 36 honom
1404 912 294 38 tillkommande
1727 914 191 37 aktorats-

299 964 170 47 arfvode,
514 964 150 49 åtnöjas
705 964 12 36 i
754 964 139 36 sådant
925 964 197 36 afseende
1144 964 87 36 med
1263 964 65 36 det
1357 965 115 35 ofvan
1502 965 191 49 uppgifna
1722 965 194 50 beloppet,

301 1017 71 34 5387
404 1016 144 36 kronor
578 1018 48 34 20
664 1020 75 43 öre,
770 1021 93 31 utan
894 1016 168 49 anspråk
1092 1019 48 45 på
1169 1018 129 46 någon
1328 1017 367 48 räntegodtgörelse
1724 1017 59 36 för
1810 1018 108 36 tiden

300 1067 96 36 efter
440 1067 75 36 den
564 1070 47 33 23
655 1068 211 36 December
911 1069 112 45 1872,
1053 1068 129 36 derest
1211 1068 221 36 sökandens
1462 1068 171 48 begäran
1662 1068 153 37 bifölles
1845 1070 72 36 och

300 1119 75 36 han
406 1119 97 36 hade
528 1119 131 48 utsigt
687 1124 56 31 att
771 1119 122 36 under
922 1119 75 36 den
1027 1124 194 31 närmaste
1250 1119 208 37 framtiden
1487 1120 82 36 utfå
1597 1120 197 49 beloppet.

431 1170 90 37 Med
551 1170 181 37 afseende
763 1174 20 33 å
811 1171 103 36 hvad
943 1171 162 37 sålunda
1134 1170 258 49 förekommit,
1413 1171 57 36 får
1485 1171 201 37 Utskottet
1701 1172 217 48 hemställa,

838 1279 55 31 att
927 1274 140 48 Kongl.
1103 1274 130 49 Maj:ts
1264 1274 252 37 förevarande
1545 1274 285 49 framställning
1859 1278 61 33 må

708 1327 43 37 af
775 1326 226 49 Riksdagen
1027 1326 163 37 bifallas.

73 1432 73 33 Ang.
161 1432 128 43 danaarf
435 1433 72 33 2:o.
560 1430 137 48 Enligt
726 1431 103 36 hvad
854 1431 42 36 af
920 1444 47 22 en
997 1430 57 36 till
1083 1430 224 48 Riksdagen
1336 1430 75 36 den
1441 1431 46 34 21
1520 1429 196 37 nästlidne
1745 1429 104 36 Mars
1866 1429 54 37 af-

74 1467 214 66 EE
305 1483 104 35 låten
439 1482 240 49 proposition
710 1483 86 47 (N:o
826 1484 63 45 33)
919 1482 205 47 inhemtas,
1154 1482 99 36 hade
1284 1482 347 47 hemmansegaren
1649 1480 88 37 Carl
1752 1482 167 35 Erssons

104 1536 144 26 Olsdotter.
307 1535 10 35 1
348 1534 128 48 "Torpa
521 1535 136 35 hustru
691 1534 200 36 Elisabeth
922 1534 190 36 Gustafva
1143 1533 197 37 Olsdotter
1368 1532 121 37 aflidit
1519 1533 75 36 den
1625 1535 45 34 19
1700 1533 220 36 November

313 1587 111 46 1879,
455 1586 303 36 efterlemnande
789 1589 127 33 såsom
933 1585 363 49 sterbhusdelegare
1313 1585 60 36 sin
1390 1584 175 37 bemälde
1580 1597 102 35 man,
1700 1597 86 23 men
1802 1585 118 49 ingen

303 1637 104 36 känd
436 1638 190 48 arfvinge.
682 1637 378 50 Bouppteckningen
1088 1642 173 44 upptoge
1291 1639 129 34 såsom
1449 1636 228 49 tillgångar:

434 1724 153 36 lösören
616 1724 59 36 till
703 1724 118 36 värde
850 1724 659 35 Mo=osmsessmsrrmsmmmmssseeamseersssasssns
1541 1723 144 36 kronor
1753 1725 86 35 433:
1870 1745 50 4 —

434 1782 43 38 +,
506 1776 146 35 mantal
681 1776 73 36 N:o
785 1778 20 33 2
837 1776 140 48 Torpa,
1007 1775 178 37 taxeradt
1199 1775 312 36 till..oooooccoc.o
1610 1802 22 19 »
1714 1777 125 44 3,420:
1869 1796 51 5 —

1115 1835 157 37 Summa
1305 1836 212 48 tillgångar
1542 1836 143 36 kronor
1715 1837 125 46 3,853:
1871 1857 49 5 —

435 1886 158 37 Skulder
625 1919 204 4 oosssssssssrarr
850 1919 14 4 sa
875 1919 75 4 ssrsre
969 1919 88 4 rarerara
1076 1920 75 3 rrrsrsr
1161 1919 25 4 ses
1197 1920 13 3 sr
1219 1920 37 3 rss
1269 1919 48 4 sera
1341 1919 47 4 sansa
1421 1919 50 4 een
1482 1918 25 5 on
1605 1888 231 46 -2,661:
1869 1902 50 23 93.

1197 1980 109 4 na
1313 1941 194 43 unc
1539 1948 143 36 kronor
1713 1949 122 46 1,191:
1868 1962 51 24 o7.

437 2050 129 38 Sedan
610 2051 245 49 Fellingsbro
897 2051 232 37 Häradsrätt
1170 2051 200 37 förordnat
1399 2050 336 38 Häradsdomaren
1769 2051 151 36 Anders

305 2105 169 35 Larsson
513 2104 11 35 i
567 2104 128 49 Torpa
729 2109 57 31 att
813 2104 12 35 i
855 2104 201 48 egenskap
1086 2104 42 35 af
1151 2104 77 47 god
1259 2117 88 23 man
1378 2103 124 36 under
1531 2102 391 49 förmyndareansvar

305 2155 168 37 förvalta
501 2155 202 37 Elisabeth
733 2155 190 37 Gustafva
954 2154 216 37 Olsdotters
1196 2155 152 37 okända
1378 2155 219 48 arfvingars
1628 2154 163 46 arfslott,
1819 2152 100 49 hade,

307 2208 98 35 efter
447 2207 65 37 det
541 2207 126 36 arfvet
699 2207 129 36 blifvit
856 2207 223 48 kungjordt,
1105 2212 94 30 utan
1229 2212 55 31 att
1313 2210 128 46 någon
1473 2206 175 48 arfvinge
1677 2206 63 47 sig
1763 2205 156 47 anmält,

307 2259 297 47 Häradsrätten,
648 2262 48 46 på
734 2258 175 50 yrkande
939 2260 41 34 af
1004 2258 666 46 kammaradvokatfiskalsembetet,
1701 2260 21 32 å
1750 2256 171 37 kronans

307 2316 162 43 vägnar,
511 2324 145 36 genom
697 2311 91 48 laga
834 2310 103 37 kraft
965 2310 151 48 egande
1144 2310 131 49 utslag
1304 2310 75 37 den
1410 2312 45 35 15
1486 2309 75 49 Maj
1595 2310 96 35 1883
1721 2308 202 50 förpligtat

307 2362 153 38 Anders
488 2363 172 36 Larsson
690 2369 57 30 att
776 2362 278 49 ofördröjligen
1082 2362 98 36 efter
1208 2361 216 37 verkstäldt
1452 2361 115 37 skifte
1597 2359 71 37 och
1701 2360 221 37 realisation
