1842 2786
503 171 388 32 Jordbruksutskottets
913 172 178 31 utlåtande
1113 182 44 21 nr
1177 172 54 34 30.
1606 171 17 32 1

797 456 61 42 Nr
883 457 63 42 30.

341 558 186 33 Utlåtande
546 560 81 31 med
644 560 191 41 anledning
853 570 44 21 av
915 560 127 40 Kungl.
1061 560 126 40 Maj:ts
1206 561 218 40 proposition
1445 560 178 40 angående

561 610 215 41 försäljning
804 620 44 22 av
879 611 91 31 vissa
1002 611 323 40 kronoegendomar
1353 621 47 22 m.
1430 620 58 28 m.,
1518 610 106 32 såvitt

561 668 101 23 avser
686 660 327 41 kronoegendomen
1037 661 148 32 Kolstad
1211 662 43 37 1",
1280 662 34 30 2:
1340 662 65 31 och
1431 662 34 30 3!
1492 662 12 30 i
1522 661 102 40 Mjöl-

563 710 43 42 by
627 711 90 32 stad.

163 812 13 29 I
202 822 44 20 en
270 812 52 31 till
345 811 189 41 riksdagen
559 813 66 30 den
653 813 39 30 19
718 812 155 32 februari
899 812 84 31 1954
1005 813 150 35 avlåten,
1182 814 51 30 till
1257 813 366 40 jordbruksutskottet

117 862 171 31 hänvisad
315 862 228 41 proposition,
571 872 41 21 nr
639 863 52 35 98,
720 863 65 31 har
810 863 126 41 Kungl.
965 863 104 41 Maj:t
1095 865 114 30 under
1230 864 219 41 åberopande
1476 874 42 21 av
1543 873 79 32 pro-

117 912 198 40 positionen
337 912 109 41 bilagt
469 914 125 39 utdrag
618 922 42 21 av
685 913 383 41 statsrådsprotokollet
1091 915 81 30 över
1195 914 348 41 jordbruksärenden
1567 915 55 30 för

117 972 135 22 samma
273 964 65 40 dag
359 963 180 40 föreslagit
559 963 188 41 riksdagen
769 965 60 34 att,
851 965 104 30 såvitt
975 974 47 21 nu
1045 966 37 29 är
1104 965 10 30 i
1136 965 138 40 fråga,
1266 959 20 51 i
1296 965 152 41 enlighet
1469 966 79 30 med
1569 966 51 30 fö-

116 1014 216 39 redragande
361 1014 405 40 departementschefens
795 1015 261 40 framställning
1083 1016 113 30 under
1223 1016 160 41 punkten
1411 1015 20 30 4
1459 1016 11 30 i
1496 1025 126 32 propo-

117 1063 152 31 sitionen
294 1064 122 41 medge
442 1064 65 30 här
532 1065 113 30 nedan
672 1064 235 32 omförmälda
932 1065 221 41 försäljning.

160 1113 127 41 Kungl.
311 1114 108 41 Maj:t
440 1115 66 31 har
527 1115 12 30 i
562 1113 229 32 förevarande
814 1116 128 30 ärende
965 1116 11 30 i
999 1116 347 31 överensstämmelse
1370 1118 80 30 med
1472 1118 66 30 vad
1562 1118 59 30 do-

117 1164 255 40 mänstyrelsen
396 1165 179 31 hemställt
597 1165 11 30 i
633 1165 167 31 skrivelse
825 1167 66 30 den
916 1166 39 30 31
981 1167 180 30 december
1182 1166 83 31 1953
1291 1167 189 40 föreslagit,
1506 1169 49 29 att
1578 1177 44 21 av

116 1213 329 41 kronoegendomen
467 1215 95 31 förra
583 1214 327 41 hospitalshemmet
934 1217 14 29 1
974 1216 61 36 1/4
1056 1217 135 30 mantal
1212 1217 145 32 Kolstad
1380 1217 42 36 1!,
1446 1218 33 30 2!
1501 1218 64 30 och
1587 1217 34 31 3!

117 1266 10 29 i
152 1265 134 41 Mjölby
309 1266 77 31 stad
411 1266 90 30 skall
527 1266 106 40 säljas
659 1266 74 31 dels
757 1266 337 41 huvudgårdslotten
1120 1270 91 28 samt
1231 1268 255 31 bostadslotten
1509 1268 113 31 Källe-

116 1315 84 41 berg
225 1325 56 21 om
308 1315 146 41 tillhopa
483 1316 115 35 196,23
624 1317 127 31 hektar
775 1317 53 31 till
853 1318 231 39 egendomens
1111 1319 205 30 arrendator
1342 1318 126 32 Gustaf
1492 1319 129 30 Kolsbo

116 1365 55 31 för
195 1375 42 21 en
261 1365 234 41 köpeskilling
518 1376 42 21 av
582 1366 63 30 209
660 1367 64 30 200
747 1368 130 30 kronor
900 1368 55 30 för
977 1368 337 40 huvudgårdslotten
1333 1370 65 29 och
1423 1369 18 30 6
1456 1369 63 30 000
1542 1370 79 30 kro-

116 1425 65 20 nor
200 1416 55 30 för
274 1416 264 35 bostadslotten,
559 1417 72 30 dels
650 1419 49 29 ett
718 1418 141 30 område
879 1428 58 20 om
958 1417 93 35 13,48
1070 1419 126 30 hektar
1215 1419 52 30 till
1287 1421 129 38 ägaren
1435 1429 42 21 av
1495 1429 126 31 grann-

117 1466 211 40 fastigheten
355 1466 219 41 Ängstorpet,
602 1468 253 30 lantbrukaren
882 1468 84 30 Karl
993 1468 211 31 Pettersson.
1226 1470 67 30 För
1320 1470 301 41 försäljningarna

116 1517 65 29 har
207 1517 178 30 dessutom
411 1517 197 40 föreslagits
633 1517 94 32 vissa
753 1519 110 31 andra
888 1528 43 21 av
956 1519 300 40 domänstyrelsen
1283 1522 162 29 närmare
1471 1521 149 40 angivna

115 1566 138 31 villkor.

160 1616 228 31 Beträffande
411 1618 231 38 egendomens
665 1618 246 32 beskaffenhet
929 1629 45 20 m.
998 1629 44 20 m.
1065 1620 58 30 må
1144 1620 65 31 här
1232 1621 133 40 återges
1389 1621 167 40 följande.

159 1676 214 30 Jordbruket
395 1676 20 30 å
438 1677 66 30 den
526 1677 18 29 5
567 1676 61 30 km
650 1677 82 30 från
753 1677 133 40 Mjölby
906 1680 160 28 centrum
1087 1678 148 40 belägna
1256 1680 213 39 egendomen
1491 1681 39 30 är
1551 1690 70 21 me-

116 1719 130 38 delgott
269 1718 54 31 för
346 1721 110 27 orten.

160 1760 195 39 Ladugård,
380 1761 90 34 stall,
488 1761 74 39 loge
584 1762 65 29 och
672 1761 145 31 svinhus
841 1763 139 34 saknas,
1003 1763 106 30 sedan
1132 1764 101 30 dessa
1255 1764 65 31 hus
1342 1764 111 40 jämte
1475 1765 146 40 egendo-

116 1811 99 21 mens
239 1803 213 29 maskinhall
477 1803 213 29 nedbrunnit
713 1804 11 29 i
749 1804 193 39 september
967 1804 93 29 1951.
1096 1804 258 39 Boningshuset
1381 1807 64 28 och
1471 1806 151 30 arbetar-

116 1845 210 30 bostäderna
346 1845 150 29 behöver
518 1845 198 39 ombyggas.
750 1845 26 29 Ä
798 1846 351 38 bostadslägenheten
1171 1847 182 40 Källeberg
1374 1847 107 40 ligger
1504 1857 41 21 en
1569 1857 53 21 ar-

116 1887 223 30 betarbostad
358 1887 54 30 till
431 1887 263 39 huvudgården.

159 1929 315 39 Taxeringsvärdet
496 1930 37 30 är
555 1929 62 30 309
632 1929 64 30 400
719 1930 139 35 kronor,
880 1939 106 22 varav
1009 1930 59 30 197
1083 1930 66 31 400
1171 1932 129 30 kronor
1320 1932 299 41 jordbruksvärde

117 1970 54 31 för
192 1971 264 39 huvudgården.

160 2013 50 29 De
227 2014 51 28 tre
299 2012 52 31 till
373 2013 212 40 försäljning
606 2013 199 40 föreslagna
825 2014 150 31 lotterna
995 2015 63 30 har
1079 2016 177 30 utmärkts
1277 2016 20 30 å
1318 2026 44 21 en
1383 2026 42 21 av
1446 2017 174 31 distrikts-

117 2055 235 30 lantmätaren
370 2055 106 30 Ernst
495 2055 36 30 G.
551 2055 169 31 Petrelius
741 2056 38 30 år
800 2056 81 30 1927
902 2058 188 38 upprättad
1110 2058 112 34 karta,
1241 2059 119 30 varvid
1379 2060 241 39 huvudgårds-

116 2097 108 29 lotten
245 2097 202 32 betecknats
469 2097 64 30 litt.
551 2097 38 35 A,
609 2098 254 31 bostadslotten
885 2098 180 40 Källeberg
1087 2100 65 30 litt.
1191 2100 9 29 B
1222 2102 90 29 samt
1333 2101 288 40 tilläggsmarken

116 2138 65 30 litt.
203 2139 34 29 C.

161 2180 344 39 Huvudgårdslotten
524 2182 63 28 och
605 2181 253 31 bostadslotten
875 2182 192 30 innehåller
1084 2183 148 40 tillhopa
1254 2183 136 36 (195,88
1409 2185 37 36 +
1466 2185 72 34 0,35
1556 2185 58 34 —)

118 2223 117 33 196,23
263 2223 134 34 hektar,
424 2232 105 20 varav
557 2223 94 33 72,86
679 2223 124 30 hektar
830 2223 83 29 åker
941 2225 63 28 och
1032 2226 97 33 tomt,
1157 2225 98 34 47,80
1282 2227 124 29 hektar
1434 2229 100 38 ängs-
1555 2229 64 29 och

116 2265 209 33 betesmark,
355 2264 95 33 70,45
479 2265 123 29 hektar
631 2265 207 37 skogsmark
867 2268 90 27 samt
985 2265 73 34 5,12
1086 2267 126 30 hektar
1240 2269 286 40 avrösningsjord
1555 2271 64 29 och

117 2306 238 39 impediment.
389 2306 276 39 Skogsmarkens
698 2307 237 30 virkesförråd
967 2308 133 38 uppgår
1133 2308 52 30 till
1223 2309 13 29 6
1252 2309 61 29 700
1340 2310 95 30 msk
1466 2312 81 30 eller
1578 2312 41 29 95

115 2348 95 29 m?sk
234 2357 60 30 per
319 2348 135 29 hektar.
483 2348 92 29 1500
601 2348 93 29 m?sk
720 2358 41 20 av
786 2348 273 31 virkesförrådet
1083 2349 121 32 tillhör
1228 2351 229 41 åldersgrupp
1482 2353 38 30 V.
1545 2354 75 29 Den

115 2390 113 30 ideala
253 2390 291 29 medelboniteten
566 2389 173 31 beräknas
764 2390 49 30 till
838 2390 62 34 5,5.

161 2431 167 30 Området
358 2441 55 20 om
449 2431 93 34 13,48
572 2431 124 31 hektar
727 2431 193 31 innehåller
950 2432 71 34 2,31
1053 2434 126 30 hektar
1208 2435 83 30 åker
1321 2436 64 30 och
1415 2439 99 33 tomt,
1544 2437 74 36 4,10

116 2474 125 29 hektar
267 2475 99 38 ängs-
393 2474 64 29 och
484 2473 197 30 betesmark
709 2475 90 28 samt
826 2474 71 33 7,07
921 2474 124 31 hektar
1070 2477 288 40 avrösningsjord
1385 2480 64 29 och
1476 2480 143 40 impedi-

160 2530 13 26 1
217 2530 111 31 Bihang
340 2530 47 24 till
398 2530 169 31 riksdagens
577 2530 149 31 protokoll
739 2531 75 24 1954.
835 2531 31 24 10
877 2531 84 24 saml.
972 2535 40 23 Nr
1030 2534 39 24 30.
