1916 2848
490 160 419 40 Bevillningsutskottets
936 158 222 35 betänkande
1185 157 52 33 Nr
1265 157 50 32 15,
1583 156 17 30 1

815 436 55 40 Nr
905 432 58 62 135.

671 558 111 23 Ankom
806 556 40 25 till
867 556 164 31 riksdagens
1050 555 89 24 kansli
1161 554 53 24 den
1236 555 31 23 15
1288 561 74 16 mars
1383 553 66 24 1934
1469 552 34 24 kl.
1527 553 30 23 12
1578 558 35 17 m.

252 651 418 38 Bevillningsutskottets
695 649 233 37 betänkande,
951 650 12 30 i
984 648 192 36 anledning
1197 656 46 22 av
1264 645 134 38 Kungl.
1420 645 128 35 Maj:ts
1571 653 78 27 pro-

448 704 154 36 position
626 702 79 31 med
729 702 137 36 förslag
890 701 56 31 till
970 700 211 36 förordning
1205 709 55 21 om
1284 697 137 32 ändrad
1445 696 134 37 lydelse
1601 705 46 21 av

449 757 18 29 4
485 755 65 31 och
572 757 16 29 7
608 754 39 37 $$
666 753 411 36 tulltaxeförordningen
1099 751 63 32 den
1185 752 17 30 4
1221 749 146 33 oktober
1386 751 78 30 1929
1486 748 58 36 (nr
1564 748 83 36 316).

190 859 18 31 I
237 870 43 20 en
308 859 65 31 den
400 860 37 30 23
464 858 160 31 februari
651 857 78 31 1934
758 856 233 37 dagtecknad,
1021 855 56 31 till
1103 853 396 38 bevillningsutskottet
1524 851 124 32 hänvi-

151 912 63 31 sad
236 911 231 38 proposition,
491 920 43 20 nr
558 909 66 36 191,
648 909 66 31 har
738 908 134 37 Kungl.
896 907 120 37 Maj:t,
1041 907 111 31 under
1178 906 223 36 åberopande
1423 915 46 21 av
1492 904 156 38 proposi-

149 965 121 31 tionen
294 964 114 36 bilagt
431 963 132 36 utdrag
588 972 44 20 av
657 960 391 36 stalsrådsprotokollet
1072 962 82 28 över
1179 958 279 32 finansärenden
1485 958 56 31 för
1564 967 88 21 sam-

151 1025 58 21 ma
230 1016 80 36 dag,
331 1014 186 37 föreslagit
536 1013 191 37 riksdagen
745 1014 53 31 att
817 1013 131 36 antaga
969 1011 168 37 följande,
1158 1011 62 31 vid
1237 1011 268 36 propositionen
1523 1009 127 37 fogade

782 1168 236 51 Förslag

874 1248 56 31 till

150 1324 237 43 förordning
416 1333 65 23 om
511 1320 154 35 ändrad
695 1319 151 44 lydelse
870 1329 48 22 av
941 1319 22 32 4
987 1317 74 34 och
1084 1318 20 32 7
1128 1315 41 44 $$
1192 1314 459 44 tulltaxeförordningen

589 1373 76 34 den
689 1374 21 31 4
734 1371 171 34 oktober
928 1371 87 33 1929
1039 1368 66 44 (nr
1127 1368 93 43 316).

192 1490 222 37 Härigenom
441 1487 198 36 förordnas,
666 1488 54 30 att
746 1487 19 30 4
790 1486 64 31 och
878 1486 18 30 7
921 1483 40 38 $$
987 1483 412 37 tulltaxeförordningen
1424 1482 68 31 den
1518 1483 18 29 4
1558 1482 95 30 okto-

154 1543 60 31 ber
236 1542 79 31 1929
337 1540 100 32 skola
460 1540 12 30 i
495 1539 115 31 nedan
632 1538 160 36 angivna
816 1536 98 32 delar
937 1535 139 32 erhålla
1098 1534 159 38 följande
1283 1533 157 32 ändrade
1465 1533 146 37 lydelse:

874 1658 18 30 4
916 1656 29 38 $.

194 1750 75 32 Där
292 1749 66 31 tull
378 1767 40 4 —
440 1767 40 4 —
501 1766 39 4 —
562 1749 85 34 äger
672 1755 90 22 rum.

196 1800 69 32 Det
290 1800 139 37 åligger
452 1818 41 4 —
515 1818 40 3 —
578 1818 39 4 —
638 1797 154 32 värdera
814 1806 123 21 varan.

195 1852 175 32 Närmare
401 1849 265 34 bestämmelser
692 1868 40 4 —
758 1868 39 3 —
825 1867 38 4 —
885 1858 46 20 av
958 1846 211 37 Konungen.

194 1905 18 30 I
236 1904 68 31 den
326 1904 83 31 mån
432 1903 58 31 det
512 1901 162 38 påkallas
699 1902 55 29 för
777 1899 155 32 kontroll
956 1900 21 30 å
1000 1898 145 31 lämnad
1166 1897 147 37 uppgift
1336 1906 56 21 om
1415 1904 107 23 varas
1547 1894 109 32 värde

157 1958 39 29 är
223 1955 251 32 varnuhavaren
498 1953 85 32 eller
608 1961 130 26 annan,
765 1952 55 31 för
846 1961 82 21 vars
953 1949 154 37 räkning
1133 1958 115 22 varan
1272 1948 140 35 införts,
1437 1946 144 38 skyldig
1605 1947 54 31 att

158 2006 277 33 tillhandahålla
464 2005 79 31 sina
573 2003 336 36 affärshandlingar
940 2003 55 30 för
1025 2000 221 37 granskning
1277 2000 46 36 på
1353 2000 72 30 sätt
1455 1999 201 35 Konungen

157 2060 220 31 bestämmer.

875 2176 18 31 7
918 2174 28 37 $.

198 2265 197 32 'Tullfrihet
421 2263 113 32 under
561 2263 71 31 viss
657 2262 52 31 tid
735 2262 159 35 åtujutes
920 2261 70 30 för:

201 2316 35 36 a)
261 2314 309 38 transportmedel,
595 2323 75 21 som
693 2332 40 4 —
755 2332 40 3 —
819 2330 40 4 —
880 2311 158 37 egentlig
1064 2310 265 35 inrikestrafik;

198 2366 37 36 b)
260 2365 308 37 transportmedel,
597 2374 72 22 som
700 2363 177 31 medföres
904 2373 46 20 av
979 2361 155 36 resande,
1162 2361 122 31 vilken
1312 2360 126 31 endast
1467 2360 193 35 tillfälligt-

160 2419 56 31 vis
242 2417 92 33 skall
362 2417 112 31 vistas
500 2416 97 31 inom
622 2415 103 36 riket,
752 2414 119 32 därest
898 2412 315 37 transportmedlet
1238 2414 41 28 är
1307 2412 117 30 avsett
1449 2412 55 30 att
1529 2411 127 30 återut-

165 2471 97 30 föras
287 2469 65 31 sist
375 2468 97 31 inom
495 2469 51 30 ett
569 2468 54 35 år;

167 2539 109 31 Bihang
299 2539 39 25 till
362 2538 165 31 riksdagens
547 2537 143 33 protokoll
716 2535 74 26 1934.
831 2537 14 23 7
864 2537 82 23 saml.
985 2536 38 24 Nr
1047 2536 36 24 15.
1620 2530 4 23 1
