2226 2622
226 1609 134 27 Beskick-

205 1644 106 33 ningar
328 1642 50 27 och

223 1676 141 27 konsulat.

209 1721 129 32 Översikt
351 1734 35 18 av

216 1761 52 26 den
286 1768 86 19 nuva-

195 1794 87 26 rande
299 1802 94 31 repre-

200 1828 188 26 sentationen.

443 140 39 31 20
900 138 245 31 Statsutskottets
1168 138 160 30 utlåtande
1351 138 54 30 Nr
1426 138 22 30 3
1468 139 41 29 A.

1003 228 38 33 B.
1097 220 108 50 Övrig
1228 227 180 42 personal.

536 288 20 34 3
586 290 104 31 extra
717 286 334 42 kontorsskrivare,
1078 285 206 43 kvinnliga.

400 338 92 35 Fast
519 337 154 35 arvode:
705 337 118 42 3,081,
854 337 121 42 3,267,
1004 337 122 41 3,483,
1147 336 109 42 3,7105
1303 362 6 6 .
1353 362 6 6 .
1404 362 6 6 .
1460 361 1 7 «
1504 362 6 6 .«
1554 362 7 6 «
1604 362 6 6 .
1655 361 6 7 .
1712 336 135 33 kronor
1877 336 132 42 10,449

539 389 16 32 1
587 390 104 31 extra
718 387 283 42 kanslibiträde,
1030 386 198 43 kvinnligt.
1274 408 4 3 -

400 439 93 34 Fast
520 437 155 35 arvode:
707 438 119 43 2,481,
856 437 123 42 2,619,
1006 437 123 42 2,757,
1160 436 108 43 2,925
1306 462 6 6 .
1356 463 7 6 .
1407 462 6 7 .
1458 462 6 6 .
1508 462 6 6 .
1659 462 6 7 .
1764 446 12 18 >
1901 436 107 41 2,757

1206 495 156 34 Summa
1389 495 101 34 fasta
1517 463 164 66 arvoden
1709 495 137 34 kronor
1873 496 135 41 49,476

536 555 404 44 Vikariatsersättning
967 554 39 35 åt
1033 554 266 34 ovannämnda
1327 554 186 43 personal,

402 605 296 44 förslagsanslag
749 632 6 5 -.
799 631 6 7 .
849 631 6 6 .
907 631 1 6 .
951 631 6 6 .
1002 631 56 6 .s.
1101 630 107 7 cc.
1253 630 107 6 css
1404 630 7 6 so
1455 630 56 6 «vs
1555 630 56 7 «ov
1655 630 7 6 +
1710 604 137 33 kronor
1902 604 108 41 1,524

1525 662 156 34 Summa
1708 663 137 33 kronor
1874 663 135 42 51,000

938 727 34 46 e)
1013 730 56 34 till
1109 729 155 35 arvoden
1303 730 37 33 åt
1379 730 76 33 viss
1494 732 99 31 extra
1628 729 168 44 personal
1822 730 13 33 i
1862 730 150 33 utrikes-

803 780 274 44 departementet
1117 792 45 22 m.
1203 792 45 48 m.
1290 780 22 34 å
1352 784 105 30 extra
1489 782 74 32 stat
1589 780 59 35 för
1675 780 42 34 år
1747 780 92 34 1922
1869 780 142 43 bevilja

804 835 53 31 ett
884 830 346 45 förslagsanslag
1207 826 27 53 å
1259 831 134 41 51,000
1422 830 151 41 kronor;

937 878 32 46 f)
1010 881 174 44 medgiva
1224 880 33 43 ej
1302 857 145 58 mindre
1488 883 55 32 att
1570 880 253 34 kostnaderna
1850 880 59 34 för
1937 881 72 33 den

803 932 160 40 förmån,
997 943 79 23 som
1104 943 108 22 avses
1240 932 12 33 i
1281 931 45 34 32
1355 928 23 45 8
1406 942 47 23 av
1481 931 445 43 avlöningsreglementet
1953 930 59 35 för

803 982 376 44 befattningshavare
1207 982 64 34 vid
1300 981 356 43 statsdepartement
1684 980 67 35 och
1769 981 103 34 vissa
1891 980 120 34 andra

803 1033 91 34 verk
921 1032 226 35 tillhörande
1175 1032 73 34 den
1276 1032 111 34 civila
1416 1031 387 44 statsförvaltningen,
1824 1031 61 34 må
1904 1032 12 33 i
1935 1031 76 34 vad

804 1083 119 44 angår
947 1084 71 33 den
1048 1083 186 34 ordinarie
1262 1083 223 43 personalen
1513 1083 12 33 i
1552 1082 458 43 utrikesdepartementet,

804 1134 185 34 bestridas
1030 1145 47 22 av
1112 1133 72 34 den
1212 1134 11 33 i
1252 1144 97 23 ovan
1377 1133 159 43 intagna
1563 1132 276 44 avlöningsstat
1867 1132 58 34 för
1952 1135 59 31 ut-

804 1184 399 43 rikesdepartementet
1242 1182 190 44 uppförda
1473 1183 287 43 anslagsposten
1788 1183 224 42 avlöningar

804 1234 39 35 åt
884 1234 188 35 ordinarie
1099 1233 233 43 tjänstemän
1360 1236 48 31 än
1437 1236 94 31 även
1560 1235 55 32 att
1642 1232 209 35 kostnaden
1871 1232 59 35 för
1949 1232 61 34 be-

805 1283 314 46 gravningshjälp
1159 1283 40 34 åt
1239 1283 141 35 dödsbo
1422 1283 94 35 efter
1555 1283 150 34 avliden
1737 1282 233 43 tjänsteman
1999 1283 12 33 i

805 1335 215 43 befattning
1047 1337 190 40 upptagen
1265 1334 12 33 i
1305 1333 283 35 arvodesstaten
1617 1333 59 34 för
1702 1334 77 34 viss
1803 1336 106 31 extra
1927 1344 83 32 per-

806 1386 105 34 sonal
952 1385 12 34 i
1004 1384 442 44 utrikesdepartementet
1485 1384 60 34 må
1576 1384 184 34 bestridas
1788 1395 46 22 av
1862 1384 64 33 det
1953 1383 59 34 för

806 1447 145 23 samma
979 1434 237 35 arvodesstat
1244 1434 167 34 avsedda
1438 1435 142 43 anslag.

723 1532 48 39 B.
824 1529 202 50 Sveriges
1053 1529 358 51 representation
1440 1529 17 40 i
1484 1529 220 40 utlandet.

540 1602 73 46 4:0)
646 1605 75 34 För
748 1601 236 38 närvarande
1012 1603 123 34 finnas
1156 1603 44 34 22
1220 1602 299 44 beskickningar,
1535 1613 117 23 varav
1674 1603 43 33 15
1738 1605 63 31 äro
1821 1602 191 43 uppförda

404 1656 22 34 å
454 1656 188 34 ordinarie
670 1657 86 40 stat,
776 1655 219 43 nämligen
987 1648 21 54 i
1018 1654 166 44 Belgien,
1204 1653 203 40 Danmark,
1428 1652 174 43 Finland,
1623 1652 218 43 Frankrike,
1861 1653 149 41 Italien,

404 1703 134 52 Norge,
579 1682 202 67 Ryssland,
810 1704 167 49 Spanien
1006 1705 68 34 och
1101 1704 191 43 Portugal,
1322 1680 300 57 Storbritannien
1652 1703 69 34 och
1747 1703 141 40 Irland,
1916 1703 95 33 Tur-

403 1757 89 42 kiet,
532 1756 128 44 Tyska
700 1756 120 41 Riket,
853 1748 189 41 Österrike
1070 1754 68 34 och
1165 1754 166 43 Ungern,
1359 1753 289 34 Nordamerikas
1685 1753 163 35 Förenta
1875 1752 137 43 Stater,

405 1808 210 43 Argentina
642 1809 99 31 samt
775 1806 126 43 Japan
930 1805 70 34 och
1027 1805 111 33 Kina.
1193 1804 60 34 Av
1280 1804 131 43 övriga
1438 1804 286 43 beskickningar
1751 1806 63 31 äro
1843 1804 34 41 4,
1906 1805 106 32 näm-

404 1858 100 43 ligen
533 1858 45 33 de
606 1857 12 33 i
645 1855 318 43 Nederländerna,
992 1855 127 42 Polen,
1147 1854 211 34 Rumänien
1387 1854 70 34 och
1477 1853 164 35 Schweiz
1661 1853 188 44 uppförda
1867 1830 23 57 å
1909 1857 105 30 extra

405 1911 87 38 stat,
533 1907 121 34 under
694 1906 63 34 det
797 1909 55 32 att
891 1905 60 35 för
979 1905 45 35 de
1053 1906 20 34 3
1101 1904 247 42 återstående,
1377 1905 13 33 i
1418 1903 372 44 Tjecko-Slovakien,
1819 1903 191 35 Grekland

405 1958 70 34 och
516 1956 508 36 Serbo-Kroato-Slovenska
1062 1956 96 34 riket
1197 1958 97 31 samt
1333 1955 196 42 Brasilien,
1570 1954 121 35 medel
1732 1955 167 33 anvisats
1927 1953 85 35 från

405 2012 104 31 extra
550 2008 172 43 anslaget
763 2007 207 43 »tillfälliga
998 2006 266 43 diplomatiska
1292 2005 69 34 och
1390 2005 201 34 konsulära
1618 2008 127 40 poster
1770 2005 13 33 i
1810 2004 201 35 utlandet>.

405 2058 86 35 Med
519 2057 186 35 avseende
733 2057 22 35 å
783 2058 214 43 legationen
1025 2057 12 33 i
1064 2056 183 34 Brasilien
1275 2055 66 34 bör
1368 2056 211 41 anmärkas,
1608 2058 56 31 att
1692 2058 115 31 större
1835 2055 110 34 delen
1965 2066 47 22 av

404 2109 255 34 kostnaderna
687 2108 127 35 därför
840 2107 185 35 bestridas
1053 2118 48 23 av
1128 2106 131 42 medel,
1289 2106 183 43 anslagna
1499 2106 56 34 till
1583 2106 63 34 det
1673 2105 22 34 å
1722 2105 186 34 ordinarie
1937 2107 76 32 stat

406 2159 189 44 uppförda
622 2158 369 44 generalkonsulatet
1018 2158 12 33 i
1056 2157 69 34 Rio
1154 2157 45 34 de
1226 2156 166 42 Janeiro,
1421 2157 116 34 vilket
1563 2167 135 32 genom
1726 2155 123 35 denna
1877 2155 135 34 anord-

405 2211 94 42 ning
525 2209 163 44 uppgått
714 2209 12 33 i
754 2208 302 43 beskickningen.
