2238 2618
437 179 18 30 6
897 176 243 31 Statsutskottets
1162 174 160 31 utlåtande
1344 174 54 31 Nr
1420 174 22 30 3
1462 174 41 29 Å.

393 271 98 32 tatet
530 279 47 22 av
618 267 123 33 denna
781 266 188 43 prövning
1008 264 200 34 återfinnes
1247 264 12 33 i
1299 263 152 43 bilagda
1490 262 143 44 förslag
1672 263 56 34 till
1768 263 233 43 kungörelse.

396 317 377 45 Specialmotivering
799 316 58 34 för
885 315 85 34 dess
999 315 98 34 olika
1124 314 281 34 bestämmelser
1432 313 94 34 skall
1554 313 70 33 här
1650 312 122 35 nedan
1792 313 159 35 lämnas.

395 369 44 33 A.
493 369 19 32 I
551 367 108 44 fråga
700 378 59 23 om
800 366 46 33 de
882 366 102 33 inom
1011 364 443 44 utrikesdepartementet
1480 363 189 34 anställda
1696 363 307 43 tjänstemännen

447 419 118 43 ligger
600 417 64 34 det
692 418 11 33 i
731 416 135 35 sakens
894 419 122 38 natur,
1046 418 56 31 att
1128 414 63 35 det
1219 415 192 33 allmänna
1439 414 442 43 avlöningsreglementet
1909 414 95 34 skall

447 469 127 33 kunna
601 468 202 42 tillämpas,
820 470 92 31 utan
932 469 57 31 att
1007 476 102 23 mera
1128 464 235 35 omfattande
1382 464 323 43 kompletterande
1724 464 280 34 bestämmelser

445 519 101 34 bliva
574 518 254 42 erforderliga.
1480 554 5 4 |

403 565 40 48 2)
496 569 80 33 Den
617 569 13 33 i
671 568 64 34 det
773 566 226 44 föregående
1032 565 247 35 omförmälda
1312 564 262 44 skyldigheten
1603 564 58 34 för
1688 564 316 43 utrikesdeparte-

446 621 160 32 mentets
635 617 267 45 diplomatiska
930 617 69 34 och
1027 616 202 34 konsulära
1255 615 230 43 tjänstemän
1514 617 56 31 att
1597 614 229 35 underkasta
1854 614 58 43 sig
1930 614 74 34 för-

447 669 179 43 flyttning
665 669 55 34 till
754 668 120 43 tjänst
901 667 215 35 utomlands
1144 666 105 34 torde
1277 666 90 33 böra
1395 664 251 44 uttryckligen
1674 664 162 35 fastslås.
1891 665 113 34 Detta

445 720 74 33 kan
559 720 205 42 lämpligen
805 719 64 33 ske
901 718 12 33 i
942 717 218 43 anslutning
1186 716 55 35 till
1268 716 262 43 reglementets
1561 716 44 33 13
1635 713 22 44 $
1686 716 19 33 2
1734 726 123 31 mom.,
1888 716 116 42 enligt

446 770 115 34 vilket
592 770 233 43 tjänsteman
852 768 66 34 vid
946 768 158 34 centralt
1133 766 87 35 verk
1248 769 41 31 är
1316 766 136 44 pliktig
1478 768 57 31 att
1561 765 79 35 låta
1666 765 167 44 förflytta
1861 766 58 42 sig
1946 766 56 34 till

447 821 186 33 distrikts-
661 820 89 34 eller
776 818 344 43 lokalförvaltning,
1140 817 143 43 jämväl
1303 816 86 35 med
1408 815 222 44 förändring
1649 827 47 23 av
1714 816 291 43 tjänstgörings-

447 873 115 31 orten.

394 918 42 46 2)
490 921 18 33 I
536 921 248 43 kungörelsen
813 920 66 33 bör
907 918 49 44 på
983 917 122 45 grund
1134 929 48 22 av
1208 917 74 34 vad
1309 928 99 23 ovan
1437 916 143 35 anförts
1608 916 134 43 inflyta
1769 927 45 23 en
1843 916 163 34 bestäm-

447 972 114 33 melse
589 982 60 23 om
674 970 135 44 bidrag
831 970 57 34 till
908 969 73 44 gift
998 968 417 34 kabinettssekreterare
1433 967 59 34 för
1509 966 496 45 representationskostnad.

394 1021 43 34 B.
491 1022 111 33 Först
641 1022 13 33 i
694 1020 108 44 fråga
843 1032 60 22 om
944 1019 405 43 befattningshavarna
1380 1018 12 33 i
1425 1017 70 34 den
1527 1020 101 40 yttre
1660 1017 345 43 representationen

446 1071 227 35 framträder
700 1072 131 33 kravet
858 1070 49 43 på
935 1081 102 23 mera
1056 1068 233 35 omfattande
1309 1068 323 44 kompletterande
1651 1067 281 35 bestämmelser
1950 1067 55 34 till

446 1123 255 42 reglementet.

406 1168 39 46 1)
499 1172 73 33 Till
601 1172 45 34 de
674 1172 12 33 i
714 1170 173 35 utlandet
914 1169 189 35 anställda
1130 1169 308 43 tjänstemännen
1466 1168 91 44 utgå
1585 1168 117 43 enligt
1728 1167 176 44 gällande
1933 1171 72 31 stat

449 1223 222 42 ortstillägg.
738 1220 131 35 Såsom
912 1219 117 35 redan
1070 1219 155 42 anförts,
1267 1230 109 23 avser
1415 1219 140 43 Kungl.
1589 1218 128 43 Maj:ts
1744 1217 142 44 förslag
1913 1220 94 32 orts-

448 1273 198 43 tilläggens
688 1270 263 35 bibehållande
993 1269 122 35 såsom
1156 1269 307 43 avlöningsform,
1493 1269 68 34 och
1594 1268 46 34 de
1668 1269 98 33 hava
1797 1268 82 34 däri
1912 1280 94 31 upp-

448 1323 114 43 tagits
595 1322 22 34 å
649 1333 45 23 en
723 1321 162 35 särskild
912 1323 77 32 stat
1016 1317 101 46 (Stat
1143 1319 59 35 för
1229 1315 238 48 ortstillägg).
1508 1319 195 35 Utskottet
1721 1319 68 33 har
1807 1318 199 44 ingenting

449 1376 56 31 att
533 1373 123 34 erinra
683 1376 78 30 mot
788 1383 45 22 en
863 1371 118 34 sådan
1010 1370 221 43 anordning.

498 1424 19 33 I
544 1426 54 31 ett
625 1426 94 31 stort
738 1422 104 34 antal
861 1422 68 34 fall
949 1424 41 31 är
1009 1421 267 43 ortstilläggets
1296 1419 225 44 åtnjutande
1540 1419 202 35 förbundet
1760 1419 85 34 med
1860 1419 145 42 villkor,

449 1476 56 32 att
543 1473 84 34 från
669 1473 210 34 detsamma
920 1472 104 34 skola
1063 1471 184 34 bestridas
1286 1470 253 34 kostnaderna
1579 1469 60 35 för
1665 1469 235 34 kanslilokal.
1956 1469 52 34 Ur

447 1523 456 44 sparsamhetssynpunkt
934 1521 105 35 torde
1068 1532 44 23 en
1142 1521 102 43 dylik
1272 1521 213 43 anordning
1511 1531 92 23 vara
1630 1519 236 43 fördelaktig.
1922 1519 85 34 Med

449 1576 148 41 hänsyn
625 1574 127 34 därtill
780 1576 56 31 att
863 1573 246 33 konsulernas
1128 1570 288 36 ämbetslokaler
1434 1570 207 34 emellertid
1661 1570 114 34 oftast
1793 1569 121 35 måste
1934 1570 73 33 för-

448 1626 130 42 läggas
619 1625 56 33 till
716 1624 57 34 för
813 1623 325 34 handelsrörelsen
1179 1622 68 34 och
1279 1621 184 43 sjöfarten
1495 1621 167 33 centrala
1689 1620 222 41 stadsdelar,
1941 1620 67 34 där

448 1674 373 44 bostadslägenheter
848 1673 81 34 icke
957 1673 69 33 alls
1054 1673 89 33 eller
1170 1671 186 43 svårligen
1385 1671 128 33 kunna
1541 1670 172 42 erhållas,
1734 1671 68 33 har
1821 1668 58 36 för
1899 1670 108 34 deras

448 1724 292 35 vidkommande
768 1724 94 34 dock
891 1726 142 31 ansetts
1049 1722 189 42 önskvärt,
1260 1725 54 31 att
1333 1721 184 34 särskilda
1536 1720 472 43 kontorskostnadsbidrag

448 1775 235 34 fortfarande
711 1774 102 44 utgå.
867 1774 191 35 Utskottet
1085 1772 120 34 finner
1220 1772 218 42 emellertid,
1460 1774 54 32 att
1533 1771 122 43 dylikt
1673 1771 132 43 bidrag
1822 1770 65 34 vid
1907 1771 101 34 vissa

448 1827 13 33 i
492 1825 168 44 tropiska
687 1824 131 35 länder
850 1825 160 42 belägna
1037 1823 176 34 konsulat
1239 1822 85 34 med
1352 1821 145 35 mindre
1525 1822 203 43 väsentligt
1756 1821 251 43 expeditions-

449 1876 126 34 arbete
603 1876 80 33 icke
711 1877 42 32 är
780 1874 179 44 påkallat.

499 1926 19 33 I
558 1926 45 34 de
643 1925 78 43 fall,
763 1924 48 35 då
851 1925 144 33 kronan
1028 1927 87 40 äger
1142 1924 89 33 eller
1256 1923 154 34 besitter
1436 1922 192 43 fastighet,
1656 1922 81 33 vari
1764 1922 245 43 beskickning

450 1977 89 34 eller
566 1976 177 34 konswat
771 1978 40 31 är
838 1975 152 43 inrymt,
1019 1974 120 34 finnes
1166 1974 12 33 i
1205 1974 140 43 Kungl.
1374 1972 128 43 Maj:ts
1522 1972 142 43 förslag
1682 1972 55 34 till
1761 1972 247 43 ortstilläggs-

451 2030 75 31 stat
566 2027 163 43 angivet,
772 2028 56 31 att
867 2024 282 36 vederbörande
1193 2023 374 44 befattningshavare
1608 2023 13 33 i
1661 2022 220 34 densamma
1913 2022 95 34 skall

451 2076 150 44 åtnjuta
641 2076 134 34 bostad
815 2075 119 43 jämte
971 2075 208 43 ersättning
1218 2074 97 34 intill
1357 2068 48 46 ?/+
1446 2085 47 22 av
1528 2073 253 34 kostnaderna
1817 2072 60 34 för
1912 2083 96 32 upp-

449 2128 200 42 värmning
677 2127 69 34 och
773 2126 200 43 belysning
1000 2136 48 23 av
1074 2124 181 35 bostaden
1274 2124 119 43 jämte
1413 2123 325 34 kanslilokalerna.
1770 2123 80 34 Här
1868 2122 140 43 ifråga-

448 2177 167 35 varande
656 2176 146 35 förmån
844 2188 48 22 av
923 2176 49 34 fri
998 2175 134 35 bostad
1159 2174 117 35 måste
1304 2185 110 23 anses
1441 2185 91 23 vara
1558 2173 236 34 väsensskild
1821 2172 86 34 från
1936 2172 72 34 den

450 2229 11 33 i
489 2228 348 43 lönereglementets
867 2227 44 34 22
941 2224 23 44 &
993 2225 261 42 omhandlade,
1279 2225 69 34 och
1377 2224 84 35 dess
1490 2223 236 44 uppförande
1753 2224 11 33 i
1793 2223 215 43 avlönings-
