2206 2618
447 178 18 30 2
906 173 241 32 Statsutskottets
1170 172 161 31 utlåtande
1355 171 51 31 Nr
1427 172 23 29 3
1473 175 39 28 A.

406 264 351 45 avdelningscehefer
794 264 103 32 inom
938 262 306 43 departementet,
1286 260 119 34 skulle
1433 260 251 34 lönetekniskt
1710 262 192 32 motsvara
1929 261 44 34 de
2001 261 12 33 i

405 315 443 44 avlöningsreglementet
891 312 59 34 för
989 311 373 44 befattningshavare
1401 310 65 35 vid
1506 310 406 43 statsdepartementen
1945 311 68 34 och

404 368 102 33 vissa
547 365 120 35 andra
706 364 101 41 verk,
850 362 224 35 tillhörande
1102 362 71 33 den
1202 361 110 34 civila
1345 361 388 42 statsförvaltningen,
1764 360 19 33 9
1814 357 23 45 &
1866 361 83 33 avd.
1979 362 35 33 A

404 420 196 40 upptagna
639 413 232 45 lönegrader,
914 412 184 35 avseende
1138 411 166 44 manliga
1331 410 231 44 tjänstemän
1590 411 12 33 i
1630 410 103 34 chefs
1761 411 70 33 och
1859 410 155 35 därmed

403 467 193 43 jämförlig
624 465 189 42 ställning.
855 463 138 42 Tredje
1022 462 359 43 avlöningsklassen,
1411 461 234 34 omfattande
1673 460 256 44 legationsråd
1945 462 68 33 och

404 518 176 34 konsuler
619 517 13 32 i
671 515 121 43 tjänst
832 513 215 34 utomlands
1087 513 89 33 eller
1216 511 124 35 såsom
1380 511 222 43 byråchefer
1646 511 12 33 i
1703 511 311 43 departementet,

404 567 136 43 fjärde,
562 565 235 42 omfattande
816 564 115 34 förste
946 563 415 44 legationssekreterare
1381 563 88 33 eller
1487 561 272 42 vicekonsuler,
1780 565 100 30 samt
1899 560 115 43 sjätte

404 617 370 43 avlöningsklassens
802 613 324 43 underavdelning
1152 613 45 42 A,
1226 612 235 34 omfattande
1489 612 166 43 manliga
1683 612 211 41 kanslister,
1911 614 103 31 över-

405 671 229 31 ensstämma
673 667 12 33 i
725 665 250 35 lönetekniskt
1014 663 213 34 hänseende
1267 663 104 40 med,
1393 663 45 33 de
1479 662 120 33 under
1625 661 166 34 nämnda
1819 659 23 44 $
1871 662 84 33 avd.
1983 662 32 33 B

404 721 197 41 upptagna
641 715 232 44 lönegrader,
916 714 93 34 dock
1049 717 56 31 att
1143 714 101 33 inom
1281 713 167 34 nämnda
1475 712 325 43 underavdelning
1827 714 189 41 upptagas

404 780 63 23 sex
507 768 100 34 olika
647 767 222 42 lönebelopp
912 761 279 47 (motsvarande
1231 759 255 46 löneklasser),
1527 763 137 33 medan
1705 762 135 43 högsta
1873 763 142 33 antalet

404 819 229 34 löneklasser
673 818 101 33 inom
815 827 45 22 en
901 814 179 44 lönegrad
1119 814 119 34 under
1266 814 85 33 avd.
1380 814 30 33 B
1438 816 42 31 är
1506 812 87 34 fem.
1650 812 121 43 Sjätte
1799 813 216 43 avlönings-

404 870 168 33 klassens
600 866 327 43 underavdelning
953 866 41 42 B,
1024 864 234 35 omfattande
1286 864 194 43 kvinnliga
1507 863 211 38 kanslister,
1747 865 42 31 är
1807 863 207 43 uppbyggd

403 921 12 32 i
442 922 93 31 nära
563 917 372 35 överensstämmelse
962 915 85 34 med
1074 914 272 44 lönegraderna
1374 914 119 34 under
1522 914 19 33 9
1567 910 22 44 $
1609 913 85 33 avd.
1715 912 39 35 C.
1796 912 86 34 Vad
1901 913 114 33 femte

405 969 348 43 avlöningsklassen
791 966 127 44 angår,
947 966 145 42 intager
1119 965 219 34 densamma
1367 975 44 23 en
1440 964 252 42 särställning.
1746 963 269 34 Lönetekniskt

404 1023 72 31 sett
516 1023 41 30 är
598 1019 72 34 den
710 1016 247 36 konstruerad
996 1019 169 30 närmast
1190 1015 12 33 i
1230 1014 373 35 överensstämmelse
1631 1014 84 33 med
1743 1013 272 43 lönegraderna

404 1070 120 34 under
565 1070 19 33 9
614 1067 23 44 8&
678 1068 85 34 avd.
792 1068 45 41 A,
867 1067 34 33 d.
929 1079 35 21 v.
994 1078 27 22 s.
1063 1069 91 31 utan
1194 1065 264 43 förhöjningar
1497 1076 48 22 av
1576 1065 122 33 lönen.
1765 1064 115 33 Detta
1907 1064 69 33 har
2002 1064 12 32 i

404 1120 282 44 propositionen
728 1119 218 33 motiverats
973 1117 84 34 med
1090 1119 56 31 att
1172 1115 307 43 befattningarna
1506 1115 11 32 i
1546 1114 125 34 denna
1699 1114 315 43 avlöningsklass,

405 1172 88 33 eller
533 1169 116 35 andre
677 1168 443 44 legationssekreterare-,
1149 1166 115 33 andre
1296 1165 253 34 vicekonsuls-
1577 1164 70 34 och
1674 1164 341 43 byråsekreterare-

403 1221 319 42 befattningarna,
751 1229 87 23 vore
866 1216 392 45 genomgångsposter.

555 1271 57 33 för
653 1269 44 34 de
737 1270 102 33 inom
876 1267 438 42 utrikesdepartementet
1342 1264 188 35 anställda
1557 1264 310 43 tjänstemännen
1896 1264 118 34 skulle

405 1322 45 33 de
478 1321 188 34 ordinarie
693 1318 325 36 löneförmånerna
1042 1319 151 41 utgöras
1222 1316 133 34 endast
1383 1327 48 22 av
1458 1316 73 42 lön,
1560 1314 136 35 medan
1725 1314 45 34 de
1798 1314 217 34 utomlands

404 1371 188 35 anställda
633 1370 191 34 dessutom
852 1368 118 34 skulle
1006 1368 150 33 komma
1182 1367 12 33 i
1223 1366 225 43 åtnjutande
1476 1377 46 22 av
1551 1365 220 43 ortstillägg,
1801 1365 214 33 beräknade

404 1422 95 34 efter
537 1419 415 36 levnadskostnaderna
991 1417 49 44 på
1080 1417 45 34 de
1167 1417 98 33 olika
1306 1419 148 31 orterna
1494 1416 70 33 och
1592 1415 86 34 med
1705 1415 150 42 hänsyn
1883 1415 56 33 till
1968 1415 45 33 de

403 1471 186 35 särskilda
616 1469 275 42 förhållanden,
921 1480 78 22 som
1028 1471 63 30 äro
1119 1478 45 23 en
1191 1466 97 43 följd
1316 1478 48 22 av
1392 1466 107 34 deras
1527 1466 190 42 ställning.

537 1521 149 42 Medan,
715 1520 122 34 såsom
867 1531 48 22 av
943 1518 62 34 det
1032 1517 157 34 anförda
1217 1516 177 44 framgår,
1423 1517 89 42 inga
1528 1527 103 22 mera
1646 1515 284 34 framträdande
1951 1526 62 22 av-

402 1573 161 33 vikelser
602 1572 12 33 i
654 1569 252 36 lönetekniskt
947 1567 184 35 avseende
1170 1567 204 34 förefinnas
1407 1567 137 33 mellan
1572 1566 225 43 löneplanen
1825 1566 13 32 i
1865 1565 149 43 förelig-

403 1623 122 43 gande
566 1622 128 42 kungl.
735 1620 234 44 proposition
1001 1619 69 33 och
1097 1618 223 43 löneplanen
1349 1617 12 33 i
1389 1617 63 33 det
1479 1617 191 33 allmänna
1697 1616 317 42 avlöningsregle-

403 1676 141 31 mentet
571 1674 99 32 samt
696 1671 140 41 vidare,
866 1669 123 34 såsom
1008 1669 12 33 i
1040 1668 62 34 det
1117 1668 168 42 följande
1314 1668 94 33 skall
1432 1678 101 23 mera
1552 1666 172 43 utförligt
1743 1666 204 41 utvecklas,
1969 1665 44 34 de

403 1724 182 33 olikheter
612 1733 48 22 av
687 1720 211 44 principiell
926 1718 191 42 innebörd,
1147 1729 78 23 som
1253 1718 183 43 föreligga
1464 1717 137 33 mellan
1630 1716 178 43 förslaget
1835 1716 58 33 till
1914 1716 99 33 avlö-

402 1773 341 44 ningsreglemente
770 1771 58 34 för
856 1769 241 44 diplomatisk
1116 1769 68 34 och
1204 1768 178 34 konsulär
1400 1768 174 43 personal
1594 1767 70 33 och
1683 1766 63 34 det
1765 1766 246 38 sistnämnda,

402 1824 81 33 icke
527 1823 130 33 kunna
697 1832 108 23 anses
845 1832 103 22 mera
988 1819 218 41 avsevärda,
1247 1822 42 30 är
1329 1818 63 34 det
1432 1829 44 23 en
1504 1818 80 33 icke
1613 1816 210 43 oväsentlig
1851 1816 162 34 skillnad

402 1875 137 33 mellan
569 1873 45 34 de
642 1872 214 43 föreslagna
883 1871 270 41 lönebeloppen
1181 1869 57 34 för
1266 1868 265 43 diplomatiska
1560 1868 68 33 och
1657 1867 203 34 konsulära
1879 1866 134 34 befatt-

402 1924 254 43 ningshavare
697 1923 68 33 och
806 1921 96 42 dem,
930 1921 101 33 vilka
1058 1919 176 43 beviljats
1262 1919 39 34 åt
1338 1919 111 33 civila
1488 1917 246 43 tjänstemän,
1776 1928 81 23 som
1885 1917 127 32 kunna

403 1985 110 24 anses
553 1973 86 34 med
684 1973 84 33 dem
813 1974 169 31 närmast
1013 1970 216 43 jämförliga
1255 1970 13 32 i
1296 1969 191 43 ställning.
1541 1968 18 33 I
1587 1967 268 34 ovannämnda
1883 1967 128 33 betän-

402 2025 123 33 kande
565 2023 202 34 framhålla
807 2021 244 43 sakkunnige,
1093 2023 68 31 när
1201 2019 63 34 det
1302 2020 118 43 gäller
1459 2019 254 42 beräkningen
1756 2029 47 22 av
1843 2018 104 33 löner
1974 2016 38 34 åt

403 2074 243 44 diplomatisk
686 2074 68 33 och
782 2072 179 34 konsulär
992 2071 183 43 personal,
1210 2073 65 38 att,
1296 2069 175 34 eftersom
1504 2069 45 33 de
1577 2067 217 35 utomlands
1823 2067 189 34 anställda

402 2125 309 43 tjänstemännen
756 2122 164 35 förutom
965 2123 61 32 lön
1072 2121 118 34 skulle
1234 2120 171 43 uppbära
1446 2119 222 43 ortstillägg,
1709 2119 133 33 lönens
1875 2117 136 34 storlek

402 2176 58 34 för
514 2175 129 34 dessas
687 2172 293 35 vidkommande
1019 2171 118 34 måste
1177 2171 100 33 bliva
1319 2182 47 22 av
1406 2169 145 34 mindre
1588 2169 91 42 vikt,
1721 2169 162 33 allenast
1923 2167 88 33 den-

403 2236 144 24 samma
595 2224 118 43 jämte
763 2223 249 43 ortstillägget
1056 2224 209 31 motsvarar
1308 2221 170 33 behovet.
1540 2219 472 43 Utrikesdepartementets
