1884 2814
518 153 306 32 Bankoutskottets
842 153 178 31 utlåtande
1037 163 43 21 nr
1100 154 51 30 36.
1565 147 38 31 15

93 237 154 32 träffade
268 238 335 31 överenskommelse
628 241 49 27 att
703 247 74 21 som
799 238 113 36 grund
936 238 56 30 för
1016 238 140 30 svenskt
1178 237 313 37 medborgarskaps
1519 236 82 31 fast-

95 289 170 31 ställande
294 289 111 30 skulle
434 289 58 30 vid
519 289 207 36 passförlust
755 290 115 35 läggas
897 292 47 28 ett
969 289 200 36 prästbetyg
1197 287 79 32 från
1303 288 147 31 svenska
1475 288 126 36 kyrko-

94 339 150 31 kansliet
263 340 80 30 med
366 340 151 30 Tunelds
537 339 46 37 på
601 340 105 37 ryska
727 339 141 37 språket
889 339 178 31 avfattade
1086 338 208 31 bekräftelse
1316 349 43 21 av
1380 339 57 30 det
1454 339 148 30 svenska

95 391 344 36 medborgarskapet;

141 444 48 27 att
214 441 150 31 Tunelds
388 441 247 30 omkostnader
659 442 11 30 i
695 441 170 30 samband
889 441 80 30 med
993 441 10 30 i
1029 441 56 30 det
1108 439 205 38 föregående
1336 440 147 37 angiven
1508 441 97 30 verk-

97 491 135 30 samhet
258 491 11 30 i
299 491 172 37 Ryssland
500 492 110 30 under
638 490 83 32 åren
751 492 217 30 1920—1924
996 491 171 31 beräknas
1197 492 46 31 ha
1272 490 147 38 uppgått
1447 492 49 30 till
1525 493 81 29 över

97 541 41 30 50
152 541 64 31 000
237 541 142 37 kronor;

142 594 49 28 att
211 592 70 30 han
301 592 77 30 icke
399 591 136 32 erhållit
555 591 114 37 någon
687 592 190 37 ersättning
897 591 56 31 för
972 593 99 30 dessa
1091 593 116 35 utlägg
1226 593 82 30 eller
1329 592 55 31 för
1405 593 56 31 det
1480 593 125 33 arbete,

96 641 72 30 han
187 642 111 30 under
317 642 155 31 nämnda
491 642 49 31 tid
560 642 121 36 utfört;

142 695 49 27 att
211 693 71 29 han
299 701 146 22 numera
463 691 45 38 på
525 694 111 35 grund
656 702 42 20 av
718 693 51 30 sin
790 691 96 32 ålder
904 693 39 30 är
960 691 213 32 urståndsatt
1192 696 47 27 att
1259 701 124 28 genom
1402 693 116 31 arbete
1538 693 67 30 för-

97 741 97 39 tjäna
215 743 56 30 sitt
288 743 188 36 uppehälle
494 746 89 28 samt
600 743 128 30 saknar
749 743 229 36 sparkapital;

142 796 89 28 samt
256 797 49 27 att
329 794 72 31 han
427 794 110 30 under
563 797 134 28 senaste
719 793 72 33 året
815 792 81 32 från
919 793 384 31 understödsnämnden
1330 793 56 31 för
1411 794 191 36 rysslands-

97 845 167 31 svenskar
282 844 218 37 tillfälligtvis
518 845 166 36 uppburit
701 848 47 28 ett
763 845 191 31 understöd
975 855 42 21 av
1038 845 62 30 175
1120 845 131 30 kronor
1269 845 57 30 för
1341 844 139 36 månad,
1499 844 104 31 vilket

97 904 97 22 avses
219 896 99 30 skola
338 896 173 36 indragas,
533 905 58 21 om
615 896 135 30 Tuneld
772 895 150 31 erhåller
942 895 147 37 pension
1110 905 43 21 av
1175 896 207 30 statsmedel.

142 996 180 36 Utskottet,
343 1006 76 21 som
440 996 114 31 iunnit
574 996 49 38 sig
642 997 82 31 böra
744 996 137 31 biträda
900 997 68 30 vad
988 996 122 36 Kungl.
1131 996 100 37 Maj:t
1250 997 110 30 under
1381 996 227 31 förevarande

96 1047 114 35 punkt
232 1046 185 38 föreslagit,
442 1048 207 36 hemställer,

455 1143 48 28 att
522 1140 184 37 riksdagen
725 1140 58 31 må
800 1140 122 31 bifalla
940 1140 122 36 Kungl.
1081 1139 117 38 Maj:ts
1216 1139 265 38 ifrågavarande
1501 1140 105 30 fram-

410 1191 170 36 ställning.

536 1354 62 34 II.
645 1354 528 44 Försvarsdepartementet.

813 1462 68 29 4:0.

144 1552 134 31 Chefen
305 1553 57 30 för
389 1552 225 37 rulldetaljen
642 1553 98 30 inom
766 1553 194 30 försvarets
988 1553 434 37 kommandoexpedition,
1448 1554 161 37 majoren

99 1603 12 30 i
131 1612 163 22 reserven
314 1603 102 31 Sture
435 1603 164 37 Henning
618 1603 204 30 Waldemar
843 1604 231 30 Holmström.
1095 1603 117 31 Under
1236 1605 159 35 punkten
1418 1605 18 29 4
1457 1614 43 21 av
1519 1604 90 31 före-

101 1655 154 30 nämnda
286 1655 215 39 proposition
529 1664 42 22 nr
602 1655 59 30 137
692 1654 146 31 föreslår
866 1655 122 36 Kungl.
1019 1653 101 38 Maj:t
1148 1655 185 37 riksdagen
1362 1656 168 36 medgiva,
1560 1658 48 28 att

101 1706 124 29 chefen
250 1705 55 30 för
326 1705 221 37 rulldetaljen
567 1705 95 31 inom
685 1705 186 31 försvarets
895 1705 423 37 kommandoexpedition,
1344 1705 157 37 majoren
1526 1706 11 30 i
1558 1716 49 21 re-

102 1765 120 21 serven
251 1756 98 30 Sture
377 1756 161 36 Henning
565 1756 200 30 Waldemar
794 1756 214 30 Holmström
1039 1755 57 31 må
1125 1756 78 30 från
1234 1757 65 30 och
1328 1757 80 30 med
1436 1756 172 31 månaden

102 1807 78 29 näst
203 1807 86 30 efter
312 1807 75 35 den,
413 1807 173 30 varunder
608 1807 69 29 han
701 1807 135 30 lämnar
860 1806 53 31 sin
936 1806 219 36 anställning,
1180 1807 110 30 under
1316 1807 52 30 sin
1395 1806 214 32 återstående

101 1857 115 30 livstid
238 1856 79 31 från
340 1857 154 35 anslaget
518 1857 50 29 till
591 1857 132 30 diverse
744 1857 183 39 pensioner
949 1857 65 30 och
1037 1856 188 31 understöd
1249 1867 45 20 m.
1317 1867 45 21 m.
1385 1858 157 39 uppbära
1566 1867 42 21 en

102 1906 86 37 årlig
209 1907 280 37 tilläggspension
512 1917 42 20 av
576 1908 18 28 2
610 1908 62 29 736
693 1908 138 30 kronor.

146 1991 50 29 Av
214 1990 254 36 handlingarna
489 1991 9 29 i
518 1991 139 29 ärendet
677 1991 185 35 inhämtas,

146 2045 49 27 att
211 2041 214 31 Holmström
442 2043 39 29 är
496 2042 83 30 född
597 2042 65 30 den
681 2042 39 29 24
739 2041 69 37 maj
831 2042 83 29 1882
932 2042 66 30 och
1015 2041 147 32 sålunda
1178 2042 129 31 inemot
1324 2043 41 29 64
1384 2043 38 31 år
1438 2044 165 36 gammal;

147 2094 49 29 att
218 2093 70 30 han
311 2093 86 30 efter
419 2092 258 36 genomgången
700 2092 225 32 officerskurs
949 2093 208 31 utnämndes
1180 2093 51 31 till
1254 2093 261 37 underlöjtnant
1539 2095 66 31 den

102 2143 38 28 31
167 2143 179 29 december
371 2143 82 29 1905
476 2143 65 29 och
564 2143 193 30 sedermera
779 2143 224 31 befordrades
1025 2143 50 30 till
1100 2145 128 34 kapten
1251 2144 45 35 på
1321 2148 182 28 reservstat
1526 2144 78 31 från

102 2193 65 29 och
184 2194 79 29 med
280 2194 67 29 den
366 2194 13 28 1
399 2193 136 37 januari
556 2193 96 35 1919;

148 2245 49 27 att
217 2242 70 30 han
309 2242 87 30 efter
418 2243 65 29 den
504 2243 40 29 24
567 2242 70 35 maj
661 2243 81 29 1932
762 2241 168 37 uppnådd
949 2242 260 36 pensionsålder
1229 2243 114 36 avgått
1365 2245 79 29 med
1465 2245 142 35 pension

104 2293 79 30 från
209 2293 215 31 sistnämnda
450 2294 217 35 beställning;

148 2347 49 27 att
225 2344 69 29 han
323 2344 107 30 redan
461 2344 242 30 dessförinnan
732 2344 168 30 alltsedan
930 2345 67 29 den
1029 2344 38 29 14
1098 2345 193 35 september
1322 2346 80 29 1921
1435 2346 171 30 innehade

103 2394 210 36 anställning
340 2395 94 29 inom
462 2394 424 35 försvarsdepartementet
914 2394 57 30 vid
998 2394 199 31 dåvarande
1221 2396 261 30 lantförsvarets
1509 2397 95 29 kom-

104 2444 337 36 mandoexpedition,
461 2444 113 30 vilken
593 2444 208 36 anställning
819 2445 106 30 sedan
946 2445 76 30 dess
1042 2444 169 36 fortvarit;

1657 1001 127 25 Utskottet.
