1882 2794
274 153 37 29 42
711 156 273 30 Statsutskottets
1009 155 177 31 utlåtande
1211 165 40 21 nr
1277 156 60 30 110

276 236 158 34 föreslås,
462 238 48 27 att
537 237 113 29 medel
678 236 118 30 ställas
824 236 53 29 till
906 235 205 39 förfogande
1139 236 45 39 på
1210 235 190 39 tilläggstat
1429 235 50 29 till
1507 235 190 29 riksstaten
1724 236 54 28 för

275 287 148 39 löpande
448 287 178 39 budgetår.

320 379 175 30 Utskottet
518 379 193 39 tillstyrker
733 379 125 39 Kungl.
884 379 122 39 Maj:ts
1028 379 132 38 förslag
1181 378 64 30 och
1266 378 212 33 hemställer,

630 474 49 27 att
698 472 187 38 riksdagen
904 471 57 30 må
979 471 51 29 till
1048 471 75 29 Lån
1143 471 52 30 till
1212 471 150 29 svenska
1383 469 322 40 diakonsällskapet
1723 470 56 39 för

584 522 163 40 sanering
771 532 42 20 av
837 522 155 30 erkända
1016 520 366 31 alkoholistanstalten
1406 521 185 39 Björknäs
1617 519 162 30 ekonomi

585 573 19 29 å
626 573 209 38 tilläggsstat
857 573 30 28 II
908 573 52 30 till
979 573 190 28 riksstaten
1189 572 54 29 för
1263 571 203 39 budgetåret
1489 570 150 36 1948/49
1659 571 118 29 anvisa

584 625 49 27 ett
655 623 352 39 investeringsanslag
1028 632 41 20 av
1092 622 62 30 200
1169 622 62 31 000
1252 623 141 28 kronor.

322 749 97 34 12:0)
449 749 70 29 Lån
543 749 54 29 till
624 750 203 34 föreningen
855 749 116 28 Lunds
999 749 92 29 stifts
1117 749 150 35 prästers
1293 748 214 35 nykterhets-
1533 748 64 29 och
1624 748 154 29 diakoni-

276 800 153 29 förbund
454 809 31 19 u.
509 809 30 26 p.
563 809 30 19 a.
618 800 57 29 för
698 800 239 29 anordnandet
961 809 41 19 av
1026 799 153 29 erkända
1203 798 360 30 alkoholistanstalten
1589 798 190 35 Björstorp.

276 850 126 38 Kungl.
428 850 104 39 Maj:t
556 851 65 29 har
652 850 128 39 (punkt
807 850 29 34 2,
864 860 25 19 s.
917 849 188 34 120—123)
1136 849 178 38 föreslagit
1340 849 187 38 riksdagen
1553 850 50 28 att
1629 848 52 29 till
1706 848 73 29 Lån

275 900 51 29 till
344 901 207 38 föreningen
570 901 121 29 Lunds
711 901 93 29 stifts
823 902 155 38 prästers
999 900 219 39 nykterhets-
1239 900 65 29 och
1323 899 298 30 diakoniförbund
1643 908 32 20 u.
1696 908 32 30 p.
1750 908 28 19 a.

275 951 54 30 för
356 952 242 29 anordnandet
625 961 42 20 av
692 952 155 29 erkända
873 951 364 30 alkoholistanstalten
1262 950 183 39 Björstorp
1471 950 20 29 å
1514 950 210 38 tilläggsstat
1750 949 28 28 II

275 1001 51 29 till
342 1002 191 29 riksstaten
548 1002 55 29 för
620 1002 202 39 budgetåret
842 1001 149 36 1948/49
1008 1002 120 29 anvisa
1145 1004 47 28 ett
1210 1001 353 38 investeringsanslag
1581 1010 42 20 av
1640 1000 62 29 300
1717 1000 61 30 0090

275 1052 141 30 kronor.

319 1145 223 39 Egendomen
560 1145 183 40 Björstorp
764 1146 64 29 har
849 1155 41 19 av
911 1145 205 37 föreningen
1135 1145 142 38 inköpts
1298 1144 68 29 den
1387 1144 40 29 26
1447 1143 154 30 februari
1624 1142 81 30 1945
1725 1143 54 29 för

274 1204 42 20 en
335 1195 232 37 köpeskilling
588 1205 42 20 av
653 1196 57 29 140
722 1196 59 29 000
801 1196 142 29 kronor.
963 1195 175 36 Därjämte
1159 1195 63 28 har
1242 1196 46 27 ett
1307 1194 126 37 belopp
1456 1203 42 20 av
1517 1193 39 30 40
1569 1193 60 30 000
1651 1194 128 29 kronor

275 1246 125 36 erlagts
426 1246 54 28 för
506 1246 51 28 till
580 1246 211 37 egendomen
813 1245 155 30 hörande
992 1245 142 29 levande
1158 1245 65 29 och
1246 1245 91 29 döda
1363 1244 218 30 inventarier.

319 1296 218 39 Föreningen
555 1297 121 38 utgick
692 1297 56 29 vid
764 1297 97 29 tiden
879 1296 55 29 för
950 1296 174 29 förvärvet
1142 1296 79 29 från
1239 1297 49 28 att
1305 1296 68 29 den
1391 1305 68 29 nya
1475 1295 175 30 anstalten
1668 1294 111 30 skulle

275 1356 83 20 vara
381 1347 220 38 färdigställd
627 1349 116 27 senast
766 1347 126 29 hösten
920 1346 91 30 1946.
1037 1346 183 29 Anstalten
1246 1346 63 29 har
1334 1346 193 29 emellertid
1550 1346 137 28 kunnat
1711 1345 69 29 fär-

274 1397 178 37 digställas
473 1397 87 29 först
579 1397 12 29 i
613 1397 69 36 maj
708 1396 87 30 1948.

319 1448 243 29 Kostnaderna
591 1448 55 29 för
674 1448 227 38 erforderliga
928 1447 321 39 byggnadsarbeten
1280 1447 65 30 och
1372 1448 107 38 inköp
1508 1457 42 20 av
1577 1447 202 38 utrustning

274 1507 45 20 m.
339 1507 47 20 m.
406 1498 45 29 ha
470 1498 103 39 något
592 1498 177 39 överstigit
789 1498 62 30 565
868 1498 63 30 000
949 1499 139 28 kronor.
1108 1498 209 39 Uppkomna
1335 1498 266 28 merkostnader
1619 1497 52 29 till
1691 1497 89 39 följd

277 1557 42 20 av
351 1548 226 39 förseningen
610 1549 79 28 med
722 1549 226 39 byggnadens
981 1548 289 39 färdigställande
1305 1555 133 32 uppges
1470 1548 45 29 ha
1547 1548 147 39 uppgått
1727 1547 52 29 till

278 1598 56 30 120
349 1598 59 29 772
433 1599 138 29 kronor.
598 1599 48 29 De
674 1600 106 29 totala
805 1599 193 38 utgifterna
1023 1599 55 29 för
1104 1600 67 28 den
1197 1608 68 30 nya
1290 1598 194 30 anstaltens
1509 1598 200 30 inrättande
1735 1598 45 29 ha

275 1649 146 39 uppgått
443 1649 51 29 till
515 1649 106 39 något
643 1659 74 20 mer
740 1651 43 28 än
807 1649 58 30 745
878 1650 60 29 000
961 1650 139 29 kronor.
1123 1649 217 37 Föreningen
1360 1648 64 30 har
1445 1658 41 20 av
1511 1650 110 28 staten
1645 1648 134 29 erhållit

275 1701 46 27 ett
346 1700 340 39 anordningsbidrag
709 1701 44 38 på
778 1700 59 29 147
854 1700 63 31 750
941 1701 139 29 kronor.
1105 1701 67 29 För
1196 1700 222 31 bestridande
1442 1710 42 20 av
1507 1700 272 39 överskjutande

276 1751 190 29 kostnader
493 1751 62 29 har
582 1751 206 38 föreningen
817 1751 160 39 upptagit
1005 1751 255 39 sparbankslån
1287 1753 73 27 mot
1390 1751 161 30 säkerhet
1581 1761 42 20 av
1650 1751 130 29 inteck-

275 1800 126 39 ningar
423 1801 64 29 och
510 1801 140 39 borgen.
675 1801 72 29 Den
770 1801 257 37 sammanlagda
1051 1801 243 29 bankskulden
1317 1801 132 37 uppgår
1472 1801 24 29 f.
1518 1810 33 20 n.
1573 1801 53 29 till
1649 1801 59 29 642
1723 1801 56 30 100

275 1852 140 29 kronor.

320 1902 218 38 Föreningen
562 1903 149 29 föreslås
738 1903 97 29 skola
860 1903 132 29 erhålla
1017 1902 207 30 ekonomisk
1249 1902 99 40 hjälp
1373 1903 11 29 i
1408 1903 91 29 form
1525 1912 42 20 av
1592 1904 48 28 ett
1667 1904 113 28 ränte-

278 1952 75 30 fritt
377 1953 58 29 lån
459 1953 43 39 på
524 1953 63 30 300
602 1954 64 29 000
689 1954 129 29 kronor
842 1956 50 28 att
915 1954 70 29 helt
1010 1954 180 29 användas
1210 1954 57 29 för
1291 1954 222 38 avbetalning
1535 1953 44 40 på
1604 1953 174 39 förening-

275 2011 60 20 ens
362 2002 208 30 bankskuld.
598 2003 122 29 Såsom
745 2003 128 30 villkor
903 2003 55 29 för
986 2003 108 29 lånets
1122 2003 198 30 erhållande
1348 2003 106 30 borde
1482 2003 222 33 föreskrivas,
1732 2004 48 27 att

275 2052 206 39 föreningen
504 2053 50 29 till
578 2054 162 31 säkerhet
764 2054 55 30 för
842 2054 94 31 lånet
958 2054 136 29 lämnar
1117 2054 244 39 inteckningar
1383 2055 11 28 i
1417 2054 362 40 anstaltsegendomen

274 2104 79 29 med
376 2103 231 30 förmånsrätt
629 2105 79 29 näst
729 2104 87 30 efter
836 2105 42 29 de
901 2104 248 37 inteckningar,
1170 2105 94 29 vilka
1284 2105 177 29 erfordras
1482 2105 55 29 för
1558 2105 221 38 föreningens

275 2154 219 30 återstående
511 2154 212 30 bankskuld.
742 2155 109 30 Dessa
870 2155 244 39 inteckningar
1134 2156 141 29 komma
1294 2157 51 28 att
1363 2156 53 29 till
1434 2165 43 20 en
1495 2156 54 30 del
1567 2157 92 38 ligga
1677 2165 104 21 ovan-

275 2204 54 29 för
347 2205 232 38 egendomens
597 2205 291 37 taxeringsvärde.
908 2205 216 37 Föreningen
1144 2206 109 30 skulle
1272 2215 83 20 vara
1374 2206 136 38 skyldig
1527 2208 49 28 att
1595 2206 184 29 återbetala

275 2254 103 35 lånet,
404 2255 115 31 därest
542 2256 268 29 verksamheten
834 2256 113 30 skulle
970 2256 186 39 nedläggas
1181 2257 81 29 eller
1287 2257 76 29 icke
1387 2257 257 40 upprätthållas
1666 2256 44 40 på
1732 2258 47 28 ett

275 2305 319 30 tillfredsställande
619 2306 76 29 sätt.

320 2397 186 37 Utskottet,
530 2407 75 20 som
630 2398 75 31 icke
731 2398 118 30 funnit
873 2399 185 37 anledning
1080 2399 53 29 till
1157 2399 138 30 erinran
1319 2401 72 28 mot
1415 2400 122 36 Kungl.
1563 2399 122 38 Maj:ts
1711 2399 70 30 för-

276 2447 81 37 slag,
378 2448 207 34 hemställer,
