2204 2622
453 159 18 28 2
911 151 244 32 Statsutskottets
1177 150 162 31 utlåtande
1361 150 53 31 Nr
1436 151 74 31 119.

411 247 53 32 ett
503 244 137 44 belopp
681 254 47 23 av
771 241 222 44 11,000,000
1021 240 146 43 kronor,
1196 241 56 33 att
1279 238 91 44 utgå
1396 239 12 33 i
1435 241 128 40 poster
1590 238 68 34 och
1685 237 49 44 på
1761 237 147 43 villkor,
1937 248 79 24 som

411 307 47 22 av
498 295 72 34 den
612 293 41 35 så
683 292 149 35 kallade
861 290 477 36 Ostkustbanekommittén
1366 288 214 44 föreslagits
1607 289 12 33 i
1647 288 84 35 dess
1759 288 258 35 ovanberörda

410 344 238 36 betänkande
675 355 48 23 av
750 343 73 34 den
852 343 20 34 3
900 341 166 35 februari
1096 340 105 35 1922.
1880 340 8 9 ”

416 435 5 6 |
544 395 19 34 I
589 394 108 44 fråga
725 405 60 23 om
814 393 45 34 de
887 393 80 34 skäl
995 392 279 34 motionärerna
1302 389 125 36 anfört
1454 389 57 34 till
1539 388 84 36 stöd
1649 388 60 35 för
1735 389 58 33 sin
1813 387 204 36 framställ-

409 447 94 43 ning
528 445 60 35 får
615 445 182 34 utskottet
824 443 160 34 hänvisa
1010 442 59 34 till
1096 442 245 33 motionerna.

545 495 143 36 Genom
715 494 206 35 resolution
949 493 72 34 den
1052 492 44 34 12
1125 491 151 44 augusti
1307 491 94 34 1903
1429 489 189 43 beviljade
1637 489 141 44 Kungl.
1798 488 110 43 Maj:t
1927 488 90 35 kon-

410 547 144 35 cession
582 545 22 35 å
630 546 163 43 järnväg
820 555 48 24 av
897 544 82 43 1,485
1020 545 136 32 meters
1197 541 181 44 spårvidd
1405 540 84 35 från
1518 540 117 35 Gävle
1663 543 88 31 över
1770 538 246 43 Söderhamn,

409 597 227 35 Hudiksvall
664 596 69 35 och
761 594 204 36 Sundsvall
992 594 59 34 till
1078 591 229 36 Härnösand
1335 588 87 47 (den
1451 602 28 23 s.
1499 591 35 33 k.
1556 585 313 47 Ostkustbanan).
1910 588 109 35 Efter

410 648 63 35 det
499 647 166 35 nämnda
691 646 222 35 koncession
942 644 210 35 sedermera
1179 641 171 45 övergått
1376 642 56 34 till
1460 640 304 35 Ostkustbanans
1792 640 224 43 aktiebolag,

408 698 210 43 beviljades
644 698 151 43 bolaget
821 696 65 35 vid
916 696 94 34 1913
1039 694 60 35 års
1126 694 154 43 riksdag
1307 692 120 35 under
1444 692 103 34 vissa
1566 691 134 34 villkor
1719 693 54 33 ett
1791 690 225 35 låneunder-

410 749 84 35 stöd
535 760 48 22 av
623 747 199 43 3,000,000
854 747 137 33 kronor
1021 745 59 34 för
1106 744 283 42 banföretagets
1416 741 212 35 utförande.
1681 741 177 34 Nämnda
1884 740 135 34 villkor

410 800 99 33 hava
549 797 211 36 sedermera
799 797 13 33 i
851 796 103 34 vissa
993 794 212 35 avseenden
1238 793 167 42 ändrats,
1437 792 95 35 först
1558 791 65 35 vid
1653 791 94 34 1915
1776 790 61 35 års
1864 790 154 43 riksdag

409 849 70 35 och
507 848 165 35 därefter
697 846 66 36 vid
794 846 95 35 1920
918 845 59 35 års
1004 844 164 45 riksdag.

543 898 88 35 Med
658 897 207 44 anledning
892 907 48 23 av
966 907 46 23 en
1040 898 93 31 utav
1159 893 237 37 sistnämnda
1422 892 155 45 riksdag
1594 891 201 44 ifrågasatt
1814 890 204 43 utredning

410 950 194 44 angående
645 949 72 34 den
758 948 193 34 allmänna
977 947 139 43 planen
1143 945 59 35 för
1228 944 284 36 Ostkustbanan
1541 944 69 34 och
1638 942 152 35 särskilt
1818 943 115 32 sättet
1959 940 59 35 för

409 1004 144 32 statens
593 999 228 34 medverkan
861 998 57 33 till
946 997 124 34 denna
1097 997 109 42 plans
1233 994 295 45 genomförande
1555 994 155 34 tillsatte
1737 992 143 43 Kungl.
1907 990 111 43 Maj:t

409 1051 58 35 för
511 1049 216 35 ändamålet
767 1059 46 23 en
854 1046 206 42 kommitté,
1103 1044 488 36 Ostkustbanekommittén.
1648 1043 135 34 Denna
1823 1041 194 34 kommitté

409 1102 68 34 har
504 1101 73 48 den
606 1100 21 34 3
656 1098 166 35 februari
853 1097 93 34 1922
976 1096 144 44 avgivit
1147 1096 65 34 sitt
1238 1094 249 35 betänkande.

544 1150 99 35 Över
669 1149 105 35 detta
792 1147 237 35 betänkande
1048 1147 99 33 hava
1165 1144 219 36 infordrade
1402 1143 204 45 yttranden
1626 1142 210 35 sedermera
1856 1141 162 44 avgivits

409 1214 48 23 av
483 1199 380 45 järnvägsstyrelsen,
892 1200 91 41 väg-
1001 1197 70 34 och
1089 1195 529 45 vattenbyggnadsstyrelsen,
1638 1193 238 43 fullmäktige
1895 1192 13 34 i
1926 1192 92 34 riks-

409 1252 294 45 gäldskontoret,
732 1249 271 35 statskontoret
1030 1249 98 33 samt
1156 1249 144 32 statens
1328 1243 525 37 arbetslöshetskommission.

544 1326 132 35 Såsom
704 1336 45 23 en
777 1323 193 35 huvuddel
997 1324 14 33 i
1038 1323 72 34 den
1143 1323 194 33 allmänna
1355 1322 89 43 plan
1463 1320 59 35 för
1540 1319 219 35 utförandet
1777 1330 48 22 av
1845 1317 174 35 Ostkust-

408 1379 138 37 banan,
587 1376 126 35 vilken
742 1375 63 35 det
832 1373 216 36 tillkommit
1075 1372 221 35 kommittén
1325 1374 57 32 att
1408 1371 184 42 utarbeta,
1621 1370 68 34 har
1715 1368 125 44 ingått
1867 1379 45 23 en
1940 1368 78 34 tek-

409 1429 95 42 nisk,
545 1427 122 35 tillika
706 1424 419 45 byggnadsekonomisk
1164 1422 216 43 utredning.
1432 1422 135 34 Denna
1603 1420 69 34 har
1712 1420 177 34 omfattat
1924 1430 95 32 upp-

409 1478 185 46 görandet
621 1489 47 23 av
686 1488 77 33 nya
781 1474 436 44 kostnadsberäkningar
1235 1472 86 35 med
1340 1471 354 43 massberäkningar
1711 1469 60 35 för
1790 1470 86 33 hela
1895 1469 125 34 banan

409 1532 99 33 samt
552 1527 119 45 härpå
715 1526 196 45 grundade
956 1525 224 34 alternativa
1219 1522 327 43 kostnadsförslag
1585 1521 119 44 jämte
1748 1520 270 43 finansplaner.

543 1579 54 34 De
638 1578 99 34 olika
776 1575 373 44 kostnadsförslagen
1189 1575 100 33 hava
1329 1573 292 44 ursprungligen
1660 1570 201 44 uppgjorts
1901 1569 120 34 under

410 1629 215 45 antagande
665 1640 48 23 av
752 1627 73 35 den
853 1626 180 44 prisnivå,
1063 1637 78 23 som
1177 1624 116 35 rådde
1322 1624 12 33 i
1362 1623 194 35 december
1586 1622 105 42 1920,
1721 1621 48 34 då
1796 1620 224 43 beräkning-

410 1692 92 24 arna
542 1681 13 33 i
595 1678 200 35 huvudsak
827 1676 256 36 verkställdes.
1137 1675 74 35 För
1238 1677 57 32 att
1322 1673 206 35 emellertid
1555 1672 225 43 möjliggöra
1808 1673 53 32 ett
1887 1669 133 35 tillför-

408 1732 162 43 litligare
597 1728 235 36 bedömande
860 1739 47 22 av
938 1727 96 34 huru
1061 1725 289 35 förhållandena
1376 1725 13 33 i
1416 1723 256 44 verkligheten
1699 1722 150 33 komma
1877 1723 56 31 att
1959 1731 61 33 ge-

410 1782 115 35 stalta
553 1781 57 43 sig
636 1781 100 33 hava
764 1778 188 43 därjämte
980 1776 202 45 uppgjorts
1213 1774 436 43 kostnadsberäkningar
1666 1772 120 34 under
1805 1770 215 44 antagande

409 1844 48 23 av
495 1832 102 34 vissa
637 1830 167 35 fallande
845 1829 119 43 priser
1003 1828 99 34 olika
1137 1826 58 35 för
1235 1826 100 34 olika
1376 1835 163 34 grupper
1565 1824 163 34 arbeten.
1783 1821 238 34 Arbetskost-

408 1882 169 35 naderna
604 1881 69 34 och
700 1879 211 36 kostnaden
930 1879 57 34 för
1005 1877 172 35 rullande
1196 1876 170 35 materiel
1385 1876 97 33 hava
1502 1873 133 35 därvid
1653 1872 200 35 beräknats
1872 1871 150 34 komma

409 1936 55 32 att
503 1931 124 44 nedgå
654 1931 85 34 med
768 1931 46 33 20
844 1934 33 38 2,
906 1928 202 35 kostnader
1134 1927 57 34 för
1217 1927 99 33 räler
1342 1925 85 34 med
1454 1925 175 34 tillbehör
1655 1926 98 31 samt
1778 1922 131 34 växlar
1936 1921 85 34 med

410 1984 45 35 35
490 1987 21 31 4
553 1983 68 34 och
662 1981 130 44 övriga
833 1978 376 36 materialkostnader
1240 1976 87 35 med
1356 1976 46 34 30
1435 1979 33 31 Zz.
1521 1973 302 36 Vidkommande
1851 1973 13 33 i
1895 1971 124 35 nedan

409 2032 249 37 omförmälda
685 2031 158 35 tabeller
871 2030 137 43 angiva
1036 2029 65 34 alt.
1132 2028 19 34 3
1180 2028 69 33 har
1277 2026 95 35 dock
1399 2026 155 34 räknats
1582 2024 85 34 med
1695 2035 45 22 en
1761 2023 189 42 sänkning
1973 2033 48 23 av

409 2082 381 37 arbetskostnaderna
814 2093 49 23 av
882 2080 134 42 endast
1038 2080 44 33 10
1103 2082 32 38 &,
1157 2080 89 32 enär
1274 2077 179 34 arbetena
1480 2075 21 34 å
1529 2075 82 34 däri
1629 2073 186 45 ingående
1841 2072 181 34 bandelar

410 2135 118 35 skulle
566 2135 149 33 komma
754 2133 58 33 till
853 2130 200 35 utförande
1080 2129 117 34 redan
1225 2127 121 35 under
1374 2127 45 34 de
1446 2128 189 32 närmaste
1664 2125 99 34 åren.
1817 2124 56 33 De
1905 2122 115 34 fram-

409 2186 138 33 komna
574 2185 206 33 resultaten
804 2194 48 22 av
876 2182 72 34 den
969 2180 160 34 sålunda
1146 2178 232 35 verkställda
1405 2176 250 49 utredningen
1682 2174 167 44 framgår
1877 2185 47 23 av
1944 2184 76 23 om-

412 2235 156 36 stående
597 2231 461 43 kostnadssammandrag.
