2212 2618
411 197 19 32 2
608 197 118 32 Första
750 198 201 31 kammarens
975 191 137 38 andra
1136 196 171 42 tillfälliga
1330 197 135 32 utskotts
1488 198 168 32 utlåtande
1680 199 53 31 Nr
1756 203 52 29 19.

517 277 121 41 Kungl.
669 277 314 41 järnvägsstyrelsen
1015 277 62 32 har
1111 277 154 42 påpekat,
1302 279 49 30 att
1384 277 136 41 jämlikt
1552 276 21 42 $&
1598 279 19 30 6
1641 278 11 31 i
1676 278 98 41 lagen
1799 280 66 33 den
1888 282 21 29 4
1931 279 76 42 juni

412 323 85 31 1920
532 321 174 41 angående
741 325 65 28 rätt
840 321 51 32 till
925 321 266 42 tjänstepension
1225 322 54 31 för
1303 321 167 33 ordinarie
1493 322 206 41 tjänstemän
1723 323 59 32 vid
1805 325 201 40 postverket,

409 366 266 41 telegrafverket,
712 369 127 29 statens
873 366 183 41 järnvägar
1091 366 63 32 och
1188 369 126 29 statens
1349 366 278 33 vattenfallsverk
1662 367 343 42 befattningshavare,

410 421 74 22 som
519 412 87 40 avgå
640 411 84 31 efter
748 411 66 32 den
840 412 16 30 1
881 410 64 41 juli
971 411 85 31 1920
1080 410 126 32 erhålla
1228 410 144 42 pension
1396 411 195 33 månadsvis
1614 411 12 32 i
1650 411 184 32 efterskott.
1872 413 135 33 Antalet

410 455 128 32 sådana
571 455 216 41 pensionärer
822 457 98 39 utgör
954 465 48 21 nu
1038 456 73 31 226.
1159 454 64 32 Till
1247 455 118 41 övriga
1388 455 225 41 pensionärer,
1638 456 188 41 utgörande
1851 457 157 42 omkring

410 500 109 38 2,900,
554 499 165 32 utbetalas
743 499 185 41 pensionen
959 499 210 39 kvartalsvis,
1216 499 79 33 Med
1319 500 134 41 hänsyn
1476 500 51 31 till
1551 500 65 33 den
1640 500 173 42 betydliga
1836 500 170 42 ökningen

409 544 11 32 i
456 544 112 32 arbete
601 544 87 31 hade
723 543 163 42 styrelsen
914 544 107 32 under
1044 544 212 32 förarbetena
1279 544 50 32 till
1353 544 233 41 nyssnämnda
1608 545 56 42 lag
1687 545 145 32 bestämt
1856 546 151 40 avstyrkt

410 588 192 32 införandet
637 599 43 21 av
714 588 336 42 pensionsbetalning
1084 588 205 39 månadsvis,
1326 588 62 32 och
1424 588 161 42 styrelsen
1609 590 166 32 vidhåller
1798 590 209 33 fortfarande

410 644 132 21 samma
565 632 219 42 ståndpunkt.

517 678 121 40 Kungl.
673 678 353 40 generalpoststyrelsen
1065 677 62 32 har
1160 677 178 39 meddelat,
1375 680 48 29 att
1455 688 124 31 genom
1614 678 163 41 styrelsen
1816 678 191 33 utbetalade

410 722 178 41 pensioner
621 722 12 31 i
668 721 186 33 allmänhet
877 723 81 40 utgå
981 722 204 32 månadsvis.
1232 721 132 32 Endast
1387 722 183 32 understöd
1595 722 50 32 till
1669 723 23 31 f.
1719 723 31 31 d.
1776 724 230 40 poststations-

409 766 229 33 föreståndare
674 766 62 32 och
760 766 23 32 f.
811 765 30 33 d.
867 766 271 32 lantbrevbärare
1161 765 165 33 utbetalas
1350 766 211 33 kvartalsvis.
1609 767 89 32 Från
1724 767 180 41 styrelsens
1934 768 72 32 sida

409 814 108 29 möter
540 811 84 31 intet
647 811 120 32 hinder
790 813 49 29 att
862 811 147 32 utbetala
1033 811 66 32 alla
1121 811 178 41 pensioner
1322 811 206 39 månadsvis,
1543 822 79 21 men
1646 811 162 42 styrelsen
1833 823 106 28 anser,
1958 816 47 29 att

410 856 91 32 detta
524 856 73 31 icke
620 855 61 32 bör
703 856 217 41 genomföras
943 856 53 31 för
1019 855 184 33 understöd
1227 855 262 42 understigande
1513 859 46 29 ett
1582 855 121 42 belopp
1728 867 43 21 av
1796 857 64 31 300
1885 856 123 33 kronor

410 900 137 42 årligen.

517 945 121 40 Kungl.
673 944 344 41 generaltullstyrelsen
1051 944 62 32 har
1148 944 140 41 stadgat,
1329 947 49 29 att
1401 944 178 41 pensioner
1602 944 51 32 till
1677 945 23 31 f.
1727 945 31 31 d.
1785 944 221 42 befattnings-

409 990 125 32 havare
569 988 103 32 sedan
706 988 81 42 lång
820 988 50 32 tid
904 988 139 32 tillbaka
1077 988 165 32 utbetalas
1277 988 205 33 månadsvis.
1531 988 183 33 Pensioner
1737 989 51 32 till
1813 989 106 32 änkor
1943 990 63 31 och

409 1034 84 31 barn
529 1033 163 32 utbetalas
727 1032 201 33 kvartalsvis
963 1033 62 32 och
1060 1033 79 32 med
1170 1033 134 42 hänsyn
1338 1033 51 32 till
1424 1033 96 32 dessa
1543 1034 194 41 pensioners
1763 1034 97 41 ringa
1884 1034 121 41 belopp

411 1089 97 21 anser
543 1078 169 41 styrelsen,
749 1080 49 29 att
832 1077 191 33 fördelarna
1055 1077 79 33 med
1156 1077 213 43 utbetalning
1392 1089 42 22 av
1459 1078 96 32 dessa
1578 1078 195 33 månadsvis
1799 1078 74 32 icke
1898 1079 107 31 skulle

410 1128 160 36 uppväga
592 1122 268 42 olägenheterna.

518 1167 120 41 Kungl.
676 1166 288 42 telegrafstyrelsen
998 1167 62 31 har
1083 1166 177 40 meddelat,
1290 1170 49 29 att
1361 1167 179 41 pensioner
1563 1167 141 41 tidigare
1728 1167 185 32 utbetalats
1937 1169 67 30 må-

410 1212 138 32 nadsvis
572 1212 11 31 i
605 1211 153 32 förskott.
807 1211 76 41 Nya
906 1211 178 41 pensioner
1106 1211 164 32 utbetalas
1295 1211 10 32 i
1329 1211 148 41 enlighet
1500 1211 79 32 med
1603 1212 65 31 den
1691 1212 53 32 för
1768 1212 238 32 kommunika-

410 1256 215 33 tionsverken
648 1255 157 42 gällande
829 1255 145 42 ordning
997 1255 195 33 månadsvis
1215 1256 12 31 i
1250 1256 184 32 efterskott.

517 1301 121 40 Kungl.
664 1301 279 40 domänstyrelsen,
979 1311 73 21 som
1076 1311 99 30 synes
1198 1300 119 32 endast
1340 1300 11 31 i
1375 1300 132 32 mindre
1531 1301 207 41 omfattning
1762 1300 148 33 utbetala
1929 1312 78 30 pen-

411 1345 119 38 sioner,
554 1345 62 31 har
638 1345 73 32 icke
734 1346 105 40 något
862 1347 48 29 att
933 1344 109 32 erinra
1065 1348 72 28 mot
1160 1345 182 32 motionen.

517 1390 121 40 Kungl.
672 1389 345 41 arméförvaltningens
1047 1389 98 32 civila
1176 1390 216 40 departement
1416 1389 174 41 avstyrker
1613 1389 215 41 utbetalning
1852 1390 152 32 månads-

410 1435 51 32 vis
486 1445 42 21 av
551 1433 120 42 gratial
683 1434 78 31 från
774 1433 174 34 Vadstena
963 1434 375 41 krigsmanshuskassas
1355 1434 128 32 svärds-
1500 1434 63 32 och
1580 1434 427 41 svärdsmedaljpensioner

410 1490 45 20 m.
491 1480 32 30 fl.
560 1478 114 42 dylika
698 1478 133 32 mindre
855 1478 186 42 pensioner,
1066 1478 93 32 vilka
1182 1478 78 32 med
1282 1479 135 41 hänsyn
1440 1478 50 32 till
1513 1478 347 43 pensionsbeloppens
1884 1479 122 32 storlek

410 1524 73 31 icke
518 1523 184 41 lämpligen
725 1523 119 32 kunna
868 1521 222 34 sönderdelas.
1138 1523 122 32 Likaså
1283 1523 212 41 ifrågasätter
1518 1522 265 42 departementet
1809 1525 43 39 på
1877 1534 129 21 samma

410 1567 112 42 grund
556 1567 242 42 lämpligheten
822 1569 48 30 att
894 1567 197 32 sönderdela
1113 1567 131 32 mindre
1268 1568 188 40 pensioner,
1481 1578 79 21 men
1583 1567 62 32 har
1669 1567 153 32 däremot
1847 1568 28 40 ej
1902 1569 102 40 något

411 1615 90 29 emot
524 1612 212 41 utbetalning
765 1611 195 33 månadsvis
985 1622 42 21 av
1051 1615 103 28 större
1178 1611 135 39 sådana,
1339 1611 224 42 synnerligast
1585 1622 73 21 som
1682 1611 41 33 de
1747 1611 119 33 endast
1890 1615 117 38 utgöra

411 1660 47 29 ett
480 1656 93 32 fåtal.

518 1702 122 40 Kungl.
676 1700 139 32 Arméns
833 1700 266 41 pensionskassas
1122 1700 169 38 direktion,
1317 1710 73 22 som
1414 1700 200 32 kvartalsvis
1638 1700 166 32 utbetalar
1828 1701 179 41 pensioner

412 1745 50 32 till
497 1747 97 38 2,446
618 1746 23 31 f.
667 1745 30 31 d.
724 1745 333 41 befattningshavare
1081 1748 87 28 samt
1193 1745 93 39 1,851
1313 1745 107 31 änkor
1443 1745 63 31 och
1528 1744 94 39 barn,
1647 1745 181 38 meddelar,
1854 1748 81 28 utan
1959 1749 48 28 att

411 1795 82 37 göra
515 1792 104 39 något
641 1789 174 32 uttalande
839 1789 54 32 för
917 1789 79 32 eller
1019 1792 72 29 mot
1114 1789 182 39 motionen,
1322 1792 48 29 att
1392 1789 165 41 betydligt
1581 1789 107 32 ökade
1704 1789 183 32 kostnader
1899 1789 107 33 skulle

412 1835 211 41 uppkomma
656 1845 123 31 genom
803 1833 173 42 betalning
1003 1833 205 33 månadsvis.
1256 1833 220 32 Direktionen
1500 1844 107 28 anser,
1633 1836 47 29 att
1704 1837 48 29 tre
1776 1845 68 30 nya
1869 1834 136 32 skrivbi-

411 1879 119 32 träden
553 1879 79 32 med
655 1889 41 21 en
721 1878 162 41 avlöning
906 1888 56 22 om
985 1877 142 42 tillhopa
1150 1879 98 38 6,000
1271 1878 125 32 kronor
1412 1878 126 41 årligen
1555 1878 108 32 skulle
1680 1879 176 31 erfordras.
1882 1878 123 32 Vidare

413 1924 107 31 skulle
544 1925 77 40 åtgå
644 1924 65 31 420
733 1923 125 32 kronor
881 1922 127 42 årligen
1031 1923 55 31 för
1108 1922 157 33 brevkort
1289 1923 63 31 och
1376 1922 465 42 postanvisningsblanketter
1865 1926 86 29 samt
1963 1934 42 21 en

413 1967 295 43 engångskostnad
732 1978 42 22 av
798 1968 99 38 9,000
920 1967 124 32 kronor
1066 1967 54 32 för
1142 1967 104 41 inköp
1271 1978 42 21 av
1337 1978 68 29 nya
1429 1967 113 32 räkne-
1568 1967 63 32 och
1655 1968 273 32 skrivmaskiner.

519 2013 122 40 Kungl.
666 2012 325 41 vattenfallstyrelsen
1013 2012 62 31 har
1098 2012 54 31 för
1175 2011 52 32 sin
1251 2011 53 33 del
1328 2011 74 32 icke
1425 2013 103 40 något
1559 2015 48 28 att
1623 2012 109 32 erinra
1748 2015 72 29 mot
1836 2012 168 41 förslaget.

519 2057 122 40 Kungl.
676 2057 154 40 styrelsen
864 2059 71 29 över
969 2056 198 32 civilstatens
1196 2057 92 31 änke-
1312 2056 55 32 och
1386 2056 214 41 pupulkassa,
1625 2067 123 30 genom
1773 2057 115 32 vilken
1911 2056 94 32 kvar-

412 2101 116 33 talsvis
565 2100 164 33 utbetalas
753 2100 180 42 pensioner
960 2100 50 32 till
1035 2101 95 38 2,287
1156 2100 106 32 änkor
1285 2100 64 32 och
1373 2100 93 39 barn,
1491 2101 205 39 framhåller,
1722 2104 48 29 att
1794 2100 213 42 utbetalning

412 2145 195 33 månadsvis
642 2145 107 32 skulle
784 2145 155 32 medföra
966 2145 180 41 väsentligt
1170 2145 78 31 ökat
1270 2144 340 42 förvaltningsarbete
1635 2148 87 29 samt
1746 2149 105 29 större
1875 2145 131 31 kostna-

412 2190 59 33 der
503 2191 63 32 och
600 2189 158 33 minskad
782 2189 154 33 kontroll.
984 2190 134 41 Frågan
1143 2192 111 38 syntes
1278 2189 82 32 böra
1383 2189 222 33 underställas
1629 2190 40 32 de
1694 2191 37 31 år
1756 2191 86 31 1923
1867 2189 50 32 till
1940 2189 65 41 lag-

412 2236 84 31 tima
519 2238 89 29 möte
631 2235 138 31 härnäst
793 2234 319 32 sammanträdande
1136 2234 205 33 civilstatens
1364 2234 223 41 fullmäktige.
