1826 2780
229 143 38 30 18
609 147 122 29 Första
758 147 245 40 lagutskottets
1029 150 178 30 utlåtande
1232 160 44 21 nr
1302 152 51 29 13.

231 228 217 30 omfattande
471 230 69 29 rätt
563 230 52 29 till
638 231 145 30 införsel
807 233 105 30 också
935 234 112 30 skulle
1071 235 120 30 kunna
1214 236 144 31 komma
1381 238 50 29 att
1454 238 106 30 verka
1583 238 149 30 ofördel-

232 278 112 40 aktigt
367 280 44 39 på
433 280 40 29 de
497 281 183 35 intressen,
705 291 75 20 som
805 283 54 29 för
883 284 217 31 närvarande
1124 285 235 41 tillvaratoges
1385 295 123 32 genom
1533 288 199 30 införselin-

231 329 147 30 stitutet.
397 330 119 30 Ehuru
537 331 100 31 dessa
658 333 74 29 skäl
752 335 73 28 mot
844 343 41 20 en
905 334 205 41 utvidgning
1130 346 42 21 av
1190 336 266 41 införsellagens
1477 338 254 41 tillämpnings-

231 380 142 30 område
397 381 151 39 alltjämt
572 383 64 39 äga
660 382 167 40 giltighet,
852 393 101 31 synes
978 386 89 30 dock
1090 387 120 31 kravet
1236 387 45 40 på
1304 397 42 21 en
1371 388 207 32 effektivare
1602 389 130 31 indriv-

231 430 85 40 ning
340 440 41 21 av
405 432 212 32 skadestånd
641 434 44 39 på
709 435 115 38 grund
848 444 42 20 av
912 435 92 31 vissa
1029 436 92 31 brott
1147 438 80 38 göra
1256 438 51 39 sig
1332 439 158 39 gällande
1515 440 80 30 med
1621 440 110 30 sådan

231 482 131 38 styrka,
387 483 49 28 att
459 483 87 30 även
570 484 228 39 möjligheten
822 487 50 28 att
896 487 159 29 använda
1079 488 322 31 införselinstitutet
1426 490 61 30 bör
1511 490 58 31 vid
1594 499 42 21 en
1660 491 70 30 för-

230 532 267 40 utsättningslös
520 534 187 39 utredning
730 536 196 39 övervägas.

275 582 200 31 Emellertid
500 584 65 29 har
592 585 398 41 strafflagberedningen
1016 588 11 29 i
1054 588 59 29 sitt
1138 590 161 38 yttrande
1326 591 79 29 över
1432 591 220 31 motionerna
1677 592 54 29 ut-

229 633 97 34 talat,
355 635 50 28 att
431 634 234 40 beredningen
693 636 90 30 hade
811 638 110 29 under
948 639 236 39 övervägande
1214 641 51 29 att
1293 640 128 31 föreslå
1448 641 93 31 vissa
1570 641 159 40 åtgärder

230 683 55 30 för
309 685 48 28 ett
380 684 205 33 effektivare
610 687 189 39 uttagande
824 697 41 21 av
889 688 212 31 skadestånd
1124 690 44 39 på
1192 692 113 37 grund
1331 701 42 20 av
1395 691 93 31 brott
1512 692 65 30 och
1602 694 49 29 att
1674 693 56 29 be-

229 734 193 40 redningen
450 736 123 30 därvid
602 737 85 29 även
715 738 141 31 komme
885 740 49 28 att
963 740 124 30 utreda
1117 740 124 40 frågan
1271 750 56 21 om
1357 741 223 42 tillämpning
1609 753 42 21 av
1677 743 52 30 in-

229 784 284 31 förselinstitutet
538 786 55 31 för
618 788 189 39 uttagande
833 798 42 21 av
900 789 125 30 sådant
1051 790 222 31 skadestånd.
1300 792 65 29 Det
1391 793 37 29 är
1454 792 118 31 vidare
1598 802 131 32 uppen-

228 834 89 36 bart,
345 837 50 28 att
421 836 65 30 den
512 837 10 29 i
550 838 218 30 motionerna
796 839 125 30 väckta
946 840 124 39 frågan
1098 842 85 30 även
1209 842 160 30 kommer
1397 844 50 29 att
1473 845 171 39 upptagas
1671 845 57 29 vid

228 886 68 29 den
316 886 148 31 revision
484 897 41 21 av
544 889 312 39 utsökningslagen
876 891 63 29 och
957 891 12 29 i
990 891 168 31 samband
1177 892 145 31 därmed
1343 893 141 31 stående
1504 894 225 40 författning-

229 946 48 26 ar,
306 945 74 21 som
405 936 136 41 begärts
569 948 42 21 av
636 939 198 40 riksdagen.
861 940 302 40 Angelägenheten
1191 952 42 21 av
1259 944 51 29 att
1336 953 42 20 en
1406 944 109 30 sådan
1542 944 188 41 utredning

229 988 139 28 snarast
395 988 157 30 kommer
582 990 52 28 till
663 990 101 30 stånd
793 991 64 29 har
885 991 212 32 framhållits
1127 1002 42 21 av
1196 993 207 40 föreningen
1433 994 155 41 Sveriges
1618 995 111 30 stads-

228 1037 124 39 fogdar
373 1039 63 29 och
458 1039 171 39 styrelsen
650 1040 53 30 för
726 1040 155 40 Sveriges
903 1042 329 32 advokatsamfund.

271 1088 53 30 Då
349 1089 56 29 det
428 1088 10 30 i
461 1090 220 30 motionerna
706 1093 179 38 upptagna
910 1093 207 40 spörsmålet
1143 1094 147 31 sålunda
1315 1095 159 30 kommer
1499 1097 50 29 att
1574 1096 11 29 i
1610 1096 118 30 vidare

228 1139 255 40 sammanhang
507 1142 172 38 upptagas
705 1142 52 29 till
783 1143 247 40 övervägande,
1057 1152 101 22 anser
1184 1144 52 40 sig
1260 1146 171 29 utskottet
1456 1146 30 40 ej
1514 1147 122 31 kunna
1661 1147 67 29 till-

228 1190 131 38 styrka,
381 1191 49 28 att
450 1191 57 30 det
530 1192 99 38 göres
651 1192 51 31 till
724 1192 148 31 föremål
894 1193 54 30 för
970 1194 150 31 särskild
1142 1194 198 41 utredning.

272 1240 49 30 På
339 1242 110 37 grund
468 1251 43 21 av
529 1242 57 29 det
606 1242 147 31 anförda
773 1242 55 31 får
846 1245 169 30 utskottet
1034 1245 195 36 hemställa,

579 1294 51 28 att
656 1293 229 32 förevarande
912 1295 182 35 motioner,
1122 1296 29 30 I:
1170 1296 60 30 119
1258 1297 65 30 och
1352 1297 44 30 II:
1415 1297 71 35 150,
1515 1297 76 31 icke
1620 1298 106 31 måtte

533 1343 182 31 föranleda
742 1344 115 40 någon
883 1345 205 40 riksdagens
1115 1346 131 40 åtgärd.

270 1441 200 32 Stockholm
492 1444 68 30 den
585 1443 39 30 18
645 1453 93 22 mars
764 1445 94 31 1954.

665 1545 47 31 På
732 1546 112 31 första
865 1546 244 40 lagutskottets
1129 1549 146 39 vägnar:

772 1613 121 31 OLOV
918 1614 250 32 RYLANDER.

563 1897 64 30 Vid
647 1897 92 31 detta
760 1899 145 30 ärendes
927 1899 210 42 behandling
1156 1901 45 30 ha
1222 1901 157 31 närvarit

264 1953 80 30 från
383 1954 165 31 första
586 1957 222 31 kammaren:
837 1959 120 30 herrar
985 1959 171 36 Ahlkvist,
1184 1960 196 35 Lindblom,
1409 1961 176 36 Olofsson,
1614 1961 107 31 Lode-

217 1997 92 34 nius,
331 1997 57 30 fru
409 1998 391 41 Sjöström-Bengtsson,
821 2002 79 30 herr
921 2003 202 40 Björnberg,
1144 2004 57 30 fru
1223 2004 110 32 Gärde
1354 2004 180 32 Widemar
1555 2007 65 29 och
1640 2007 80 30 herr

217 2042 202 39 Nyström”;

262 2100 81 30 från
404 2101 119 31 andra
551 2102 221 30 kammaren:
792 2103 120 31 herrar
931 2104 183 39 Rylander,
1133 2105 194 40 Landgren,
1346 2106 208 33 Gustafsson
1572 2110 11 30 i
1600 2105 118 45 Borås,

216 2142 200 31 Johansson
440 2145 10 29 i
474 2143 175 36 Norrfors,
675 2145 178 40 Hedqvist,
878 2146 191 31 Jacobsson
1095 2147 10 29 i
1132 2148 87 35 Sala,
1245 2148 152 41 Fröding
1422 2151 63 29 och
1512 2151 205 41 Lundqvist.

262 2226 10 9 "
296 2226 33 30 Ej
352 2227 179 24 närvarande
552 2228 49 23 vid
622 2229 180 25 utlåtandets
822 2230 152 31 justering.

420 2445 183 28 Stockholm
620 2446 83 29 1954.
730 2447 112 36 Kungl.
854 2448 243 36 Boktryckeriet
1110 2449 32 28 P.
1155 2451 33 27 A.
1200 2450 151 29 Norstedt
1365 2452 23 27 &
1402 2452 99 29 Söner

913 2505 97 20 540769
