1894 2778
467 194 119 29 Andra
605 193 246 39 lagutskottets
870 192 179 30 utlåtande
1068 202 42 20 nr
1127 193 26 28 B
1175 193 15 28 4
1208 192 39 29 år
1266 192 84 29 1958
1636 190 19 29 3

325 274 225 35 (Nuvarande
577 273 146 40 lydelse)

163 337 403 30 inkomstförhållanden
593 337 82 29 ökat
701 336 134 39 belopp.

210 462 92 29 Från
323 462 65 29 den

211 515 64 30 Vid
297 515 222 39 tillämpning

860 620 40 30 30

211 684 272 38 Framställning
506 694 56 19 om
588 683 182 40 sjukhjälp
795 682 88 30 skall

167 739 111 38 göras,
296 737 221 30 beträffande
535 737 237 39 sjukpenning
789 736 94 29 inom

168 801 59 20 sex
249 791 167 30 månader
438 790 80 30 från
540 791 67 28 den
629 790 66 39 dag
718 790 167 39 sjukpen-

169 845 127 38 ningen
316 853 98 20 avser
435 846 89 27 samt
545 843 8 29 i
575 843 97 39 fråga
691 852 56 20 om
767 851 117 21 annan

168 897 183 40 sjukhjälp
374 898 95 28 inom
494 906 135 20 samma
651 896 50 29 tid
724 896 80 29 från
827 896 57 28 det

168 951 67 29 den
272 950 203 30 försäkrade
511 950 111 39 guldit
658 950 56 29 det
749 949 135 39 belopp,

170 1004 118 29 varför
322 1003 193 39 ersättning
548 1004 153 38 begäres,
736 1002 61 30 allt
831 1002 57 29 vid

170 1058 143 38 äventyr
342 1059 50 27 att
420 1058 114 28 rätten
564 1056 158 30 förloras.

215 1127 205 30 Underlåter
441 1127 114 39 någon

1098 272 227 38 (Föreslagen
1351 271 147 39 lydelse)

936 335 41 29 de
1023 333 403 31 inkomstförhållanden
1471 333 83 29 ökat
1599 333 56 28 be-

936 389 91 39 lopp.

783 460 108 29 minst
911 459 147 30 hälften.

919 512 155 30 nämnda
1095 512 61 29 lid.

929 620 27 36 S.

985 681 273 39 Framställning
1282 690 55 20 om
1362 680 183 39 sjukhjälp
1571 679 88 30 skall

941 736 112 38 göras,
1069 735 222 29 beträffande
1310 734 237 39 sjukpenning
1563 734 96 28 inom

943 789 55 29 två
1023 789 40 29 år
1088 788 79 29 från
1192 788 67 29 den
1284 788 66 38 dag
1377 787 283 40 sjukpenningen

942 851 99 20 avser
1066 843 90 28 samt
1180 842 11 28 i
1215 841 98 38 fråga
1338 850 56 20 om
1420 850 117 20 annan
1563 840 97 39 sjuk-

942 895 99 39 hjälp
1064 895 95 29 inom
1183 904 134 20 samma
1339 894 49 29 tid
1412 894 80 29 från
1514 894 57 29 det
1593 894 66 28 den

943 948 206 30 försäkrade
1171 948 111 39 guldit
1305 948 57 29 det
1384 947 135 40 belopp,
1542 946 118 30 varför

943 1001 194 39 ersättning
1163 1002 153 38 begäres,
1345 1000 60 30 allt
1432 1001 57 29 vid
1517 1001 143 37 äventyr

943 1057 50 27 att
1015 1056 114 28 rätten
1152 1054 159 29 förloras.

951 1125 230 39 sjukhjälpen
1200 1126 135 37 vägras.

866 1233 41 29 38
934 1232 28 37 8.

214 1297 241 38 Arbetsgivare
476 1298 38 28 är
534 1296 124 40 pliktig
680 1298 49 27 att
749 1296 137 38 erlägga

175 1351 121 38 bidrag
333 1351 52 28 till
421 1350 240 29 kostnaderna
698 1349 54 29 för
790 1349 97 38 sjuk-

171 1403 350 38 vårdsförsäkringen
549 1403 65 29 och
643 1402 243 38 försäkringen

171 1457 53 29 för
254 1451 9 48 —
280 1455 389 40 tilläggssjukpenning.
724 1455 162 38 Bidraget

172 1510 87 29 skall
295 1510 53 28 för
395 1509 82 38 varje
511 1508 208 30 kalenderår
753 1508 133 38 utgöra,

172 1563 103 29 såvitt
308 1562 107 39 angår
450 1561 437 40 sjukvårdsförsäkringen

171 1626 41 20 en
239 1616 147 29 tiondels
410 1617 144 37 procent
578 1615 65 29 och
666 1614 221 29 beträffande

172 1669 244 39 försäkringen
436 1669 54 28 för
509 1667 379 40 tilläggssjukpenning

172 1732 41 20 en
243 1723 152 39 procent,
425 1721 60 30 allt
515 1731 42 19 av
585 1722 66 28 den
681 1721 57 29 lön
767 1721 10 28 i
806 1729 82 31 pen-

176 1776 123 37 ningar
336 1775 83 29 eller
456 1774 319 34 naturaförmåner,
813 1782 74 20 som

172 1828 258 38 arbetsgivaren
455 1828 111 29 under
591 1828 73 29 året
688 1827 124 39 utgivit
836 1826 52 29 till

173 1881 131 29 sådana
324 1881 65 29 hos
411 1881 129 29 honom
563 1880 174 29 anställda
759 1880 130 29 arbets-

173 1936 126 37 tagare,
320 1943 74 20 som
414 1935 59 28 äro
492 1933 242 39 obligatoriskt
754 1932 135 29 försäk-

172 1987 82 29 rade
276 1987 106 38 enligt
404 1987 99 38 lagen
525 1996 56 19 om
604 1985 285 40 yrkesskadeför-

174 2040 152 38 säkring.
360 2040 128 29 Härvid
522 2040 89 29 skall
645 2039 136 39 hänsyn
814 2038 75 29 icke

173 2096 97 36 tagas
296 2093 51 28 till
375 2093 245 38 arbetstagare,
649 2101 73 20 som
748 2090 142 40 jämlikt

174 2146 40 29 28
243 2147 14 35 8
287 2146 225 37 undanlagils
539 2145 78 29 från
645 2145 244 37 försäkringen

176 2199 52 28 för
253 2198 376 39 tilläggssjukpenning
651 2198 81 29 eller
756 2207 72 19 som
853 2198 37 27 är

175 2251 164 29 utländsk
365 2251 148 38 sjöman,
538 2251 115 28 vilken
676 2250 30 38 ej
734 2251 37 28 är
795 2258 96 20 man-

177 2304 205 28 talsskriven
409 2304 8 28 i
441 2303 99 33 riket,
564 2303 64 28 och
652 2303 30 37 ej
709 2303 106 28 heller
841 2302 47 28 till

175 2356 254 37 arbelstagares
456 2356 55 28 lön
538 2356 10 28 i
575 2356 65 28 vad
669 2356 101 28 lönen
797 2356 95 28 över-

179 2409 103 38 stiger
321 2409 236 28 femltontusen
596 2409 129 27 kronor
763 2408 53 29 för
854 2408 37 28 år

177 2462 134 29 räknat.
333 2462 67 28 För
420 2461 192 38 beräkning
633 2470 41 20 av
695 2461 197 29 nalurvaför-

177 2515 120 29 måner
328 2515 86 28 skall
447 2515 89 37 gälla
569 2514 62 29 vad
664 2515 7 28 i
703 2514 19 27 8
754 2514 15 36 $
804 2515 87 36 sägs.

988 1295 241 39 Arbetsgivare
1251 1296 38 28 är
1309 1294 123 40 pliktig
1453 1296 51 27 att
1525 1293 137 38 erlägga

942 1349 122 38 bidrag
1082 1349 50 28 till
1150 1348 237 29 kostnaderna
1396 1347 53 30 för
1466 1343 72 48 sjuk
1553 1347 109 29 vårds-

943 1401 246 39 försäkringen
1225 1401 64 29 och
1327 1401 244 38 försäkringen
1609 1400 53 28 för

1374 1454 162 38 Bidraget
1574 1453 87 29 skall

945 1508 54 29 för
1013 1508 97 38 varje
1125 1507 208 29 kalenderår
1349 1507 132 38 utgöra,
1492 1506 103 29 såvitt
1604 1515 59 20 an-

943 1561 61 39 går
1029 1560 437 39 sjukvårdsförsäkringen
1492 1559 169 40 tjugofem

944 1614 214 30 hundradels
1183 1615 143 38 procent
1352 1613 64 29 och
1441 1612 222 30 beträffande

944 1667 245 39 försäkringen
1209 1667 54 29 för
1284 1666 378 39 tilläggssjukpenning

944 1721 159 39 åttiofem
1126 1720 215 30 hundradels
1363 1721 153 38 procent,
1539 1719 61 29 allt
1622 1728 41 20 av

945 1774 68 29 den
1046 1774 57 29 lön
1136 1774 11 28 i
1179 1773 194 39 penningar
1407 1773 82 29 eller
1523 1775 140 26 natura-

947 1827 189 33 förmåner,
1166 1836 73 19 som
1267 1826 259 38 arbetsgivaren
1554 1825 110 29 under

946 1880 74 29 året
1049 1880 124 38 utgivil
1201 1879 51 28 till
1283 1879 131 29 sådana
1442 1879 64 28 hos
1535 1879 128 28 honom

946 1455 391 38 tilläggssjukpenning.

946 1933 174 29 anställda
1141 1932 244 38 arbetstagare,
1407 1941 74 19 som
1502 1932 59 28 äro
1582 1931 83 29 obli-

946 1986 171 38 gatoriskt
1138 1985 204 29 försäkrade
1362 1984 105 39 enligt
1489 1985 98 37 lagen
1608 1993 56 19 om

946 2038 428 39 yrkesskadeförsäkring.
1411 2038 130 28 Härvid
1576 2037 86 29 skall

947 2092 136 38 hänsyn
1111 2091 75 29 icke
1213 2093 98 36 tagas
1339 2091 49 28 till
1418 2091 245 37 arbetstagare,

947 2154 74 19 som
1048 2144 141 39 jämlikt
1217 2144 41 29 28
1287 2144 14 35 8
1332 2143 226 38 undantagits
1586 2143 78 28 från

947 2197 245 37 försäkringen
1213 2197 54 28 för
1286 2196 379 38 tilläggssjukpenning

947 2250 83 28 eller
1048 2259 73 19 som
1141 2250 37 28 är
1196 2249 164 29 utländsk
1382 2249 148 38 sjöman,
1549 2248 115 29 vilken

947 2302 30 38 ej
1005 2303 38 28 är
1067 2302 293 28 mantalsskriven
1387 2302 7 27 i
1420 2301 98 33 riket,
1544 2301 62 29 och
1632 2301 30 36 ej

948 2355 107 28 heller
1092 2355 47 27 till
1176 2355 254 37 arbetstagares
1464 2355 57 28 lön
1556 2354 9 28 i
1600 2354 63 28 vad

947 2407 103 29 lönen
1070 2407 188 38 överstiger
1280 2407 235 28 femlontusen
1537 2406 129 28 kronor

949 2461 53 28 för
1024 2460 38 29 år
1084 2460 135 29 räknat.
1242 2460 67 28 För
1330 2460 192 37 beräkning
1545 2469 41 19 av
1608 2468 58 19 na-

949 2513 260 30 turaförmåner
1238 2513 86 29 skall
1354 2512 88 39 gälla
1470 2512 65 30 vad
1564 2513 8 28 i
1601 2512 19 29 8
1650 2511 14 36 $
