1918 2848
312 195 40 29 10
680 189 319 33 Bankoutskottets
1030 188 186 33 utlåtande
1247 188 52 31 Nr
1323 189 51 29 31.

870 474 324 38 Reservation

321 584 56 31 vid
401 582 156 37 punkten
584 582 51 29 4:o
660 582 87 35 (ang.
772 578 137 37 pension
932 578 35 30 åt
989 577 89 30 förre
1103 578 213 30 kamreraren
1341 576 57 30 vid
1422 576 152 31 tekniska
1588 575 188 36 högskolan

274 637 38 30 E.
337 635 37 32 F.
399 632 223 38 Lilliesköld):

317 699 44 20 av
392 688 116 31 herrar
542 685 263 32 Abrahamsson
829 683 62 31 och
915 681 152 36 Gardell,
1093 681 90 30 vilka
1209 682 118 34 ansett,
1352 681 48 30 att
1423 680 177 31 utskottets
1623 680 154 35 yttrande

273 742 62 30 och
358 740 127 35 förslag
508 739 74 30 bort
605 737 85 31 hava
715 735 148 38 följande
886 734 138 37 lydelse:

322 793 71 31 »Då
427 791 63 32 den
512 790 201 35 befattning,
736 787 197 33 Lilliesköld
956 786 155 32 innehaft
1134 795 70 21 som
1228 786 189 30 kamrerare
1442 785 56 31 vid
1523 785 150 31 tekniska
1701 784 78 35 hög-

276 846 127 35 skolan,
439 843 116 32 endast
590 842 88 31 varit
712 851 41 22 en
787 840 151 37 bisyssla,
973 848 71 21 som
1080 838 66 31 han
1169 838 88 31 skött
1281 837 60 31 vid
1365 837 94 31 sidan
1483 847 43 21 av
1549 846 125 25 annan,
1699 835 80 31 fullt

271 897 149 32 avlönad
455 895 196 36 statstjänst,
685 894 50 31 för
771 893 116 31 vilken
920 892 66 31 han
1021 901 48 21 nu
1100 890 150 37 åtnjuter
1272 899 42 22 en
1337 890 88 35 årlig
1448 889 137 37 pension
1609 899 43 21 av
1685 888 94 36 4,000

279 951 122 30 kronor
435 949 147 30 förutom
616 946 262 38 dyrtidstillägg,
913 945 86 30 samt
1034 943 76 31 med
1133 942 133 37 hänsyn
1290 942 55 31 till
1368 942 39 31 de
1430 942 254 34 konsekvenser,
1709 950 70 21 som

274 1002 110 31 skulle
419 1001 80 36 följa
536 1010 43 21 av
602 1000 49 30 att
674 998 178 36 riksdagen
876 998 60 35 går
959 997 35 30 in
1019 996 53 30 för
1095 996 49 30 att
1167 994 126 36 bevilja
1316 994 174 36 pensioner
1513 994 53 30 för
1589 993 116 37 dylika
1730 992 48 30 bi-

275 1055 132 36 sysslor,
432 1053 61 31 har
517 1052 160 31 utskottet
698 1052 108 30 ansett
830 1050 51 36 sig
904 1049 71 31 icke
998 1048 115 31 kunna
1139 1047 167 36 tillstyrka
1333 1046 96 31 bifall
1452 1046 53 31 till
1519 1046 130 35 Kungl.
1665 1045 115 35 Maj:ts

276 1107 133 34 förslag.
457 1105 169 31 Utskottet
649 1103 54 31 får
725 1101 141 33 sålunda
892 1101 185 35 hemställa,

718 1192 50 29 att
803 1189 129 36 Kungl.
968 1188 116 36 Maj:ts
1123 1186 259 37 ifrågavarande
1420 1186 252 34 framställning
1707 1184 72 30 icke

676 1243 54 30 må
754 1252 44 21 av
823 1240 176 36 riksdagen
1023 1240 164 30 bifallas.»

321 1342 88 30 Herr
442 1340 167 32 Eriksson
646 1340 10 29 i
691 1337 230 37 Grängesberg
956 1336 60 31 har
1044 1336 115 35 begärt
1183 1335 35 31 få
1241 1335 191 35 antecknat,
1456 1335 47 29 att
1527 1334 68 30 han
1619 1334 71 30 icke
1714 1333 66 30 del-

278 1393 84 35 tagit
386 1393 12 30 i
421 1392 248 35 behandlingen
692 1401 43 20 av
759 1390 39 31 de
822 1390 12 30 i
857 1388 217 32 förevarande
1098 1387 173 31 utlåtande
1294 1388 170 34 upptagna
1488 1385 154 31 ärenden.

594 2573 172 25 Stockholm,
785 2573 77 23 Isaac
880 2551 119 58 Marcus”
1015 2548 375 58 Boktryckeri-Aktiebolag,
1401 2551 90 49 1924.
