1914 2822
589 184 272 28 Bankoutskottets
884 182 154 28 utlåtande
1059 182 43 27 Nr
1123 182 46 26 49.
1609 179 18 29 3

457 268 88 30 skall
566 286 44 3 —
631 270 79 29 med
733 269 219 40 tillämpning
975 270 79 31 från
1075 271 65 30 och
1163 271 79 30 med
1263 271 65 30 den
1356 273 12 28 1
1393 271 62 39 juli
1482 272 80 29 1929
1584 289 41 2 —

456 320 10 31 i
490 322 269 31 nedannämnda
784 323 95 31 delar
902 323 130 31 erhålla
1057 324 154 39 följande
1234 325 152 30 ändrade
1410 325 139 38 lydelse:

829 441 447 43 »Tjänsteförteckning

457 516 193 39 angivande
678 518 128 30 antalet
832 517 172 32 ordinarie
1029 518 234 40 befattningar
1290 518 57 31 vid
1374 519 253 30 vederbörande

458 570 81 30 verk
564 571 163 30 ävensom
752 571 55 30 för
832 571 89 31 vissa
948 581 42 21 av
1016 572 97 30 dessa
1136 571 234 40 befattningar
1394 573 41 30 de
1459 571 168 31 särskilda

458 624 211 39 lönegrader,
693 624 50 31 till
768 624 92 32 vilka
883 626 41 30 de
948 627 60 29 äro
1030 625 197 40 hänförliga
1250 625 105 41 enligt
1376 626 66 31 den
1464 626 11 30 i
1498 627 19 29 9
1541 621 20 41 $
1586 636 41 20 av

457 677 403 41 avlöningsreglementet
884 679 141 40 intagna
1050 681 171 38 löneplan.

764 802 71 13 äns
1432 785 141 31 Lönegrad

562 801 74 24 Verk
649 801 52 24 och
715 801 193 32 befattningar
1362 821 85 31 enligt
1459 821 168 31 löneplanen

914 865 270 34 Riksbanken.

912 943 268 26 Huvudkontoret.

548 1049 14 29 1
589 1048 264 30 brandmästare
877 1049 65 29 och
965 1049 314 30 övervaktmästare
1309 1073 160 6 ........
1503 1050 36 29 15

547 1103 14 28 1
588 1101 184 31 MASKILISt
796 1125 6 7 s.ccs
888 1125 54 7 sc
958 1126 6 5 s
981 1126 49 6 ss
1045 1125 72 7 nere
1134 1126 5 6 n
1156 1097 28 45 rdr
1201 1097 27 45 tae
1237 1097 13 45 fn
1277 1126 39 6 cf
1352 1126 27 6 re
1406 1126 62 6 nes
1502 1104 38 29 15

549 1156 13 29 1
590 1154 106 31 förste
708 1155 330 31 bankvaktmästare
1051 1156 64 30 och
1129 1156 72 30 vice
1215 1156 260 31 brandmästare
1501 1158 38 28 12

548 1210 14 28 1
589 1208 205 31 biträdande
820 1209 181 31 maskinist
1045 1234 424 6 ......ssssossscosccsos-
1503 1210 35 29 11

503 1336 90 28 samt

504 1385 67 41 2:0)
601 1386 166 38 förklara,
797 1390 49 28 att
874 1397 105 22 mom.
1011 1389 16 29 7
1059 1388 109 31 under
1197 1388 182 40 avdelning
1408 1388 23 30 I.
1462 1388 166 31 Riksban-

459 1441 67 30 ken
552 1450 42 22 av
619 1441 161 39 gällande
804 1441 170 32 särskilda
998 1442 258 31 bestämmelser
1281 1442 175 40 angående
1482 1442 146 40 tillämp-

457 1494 85 40 ning
580 1504 43 21 av
661 1495 403 40 avlöningsreglementet
1101 1496 55 31 för
1195 1496 338 39 befattningshavare
1573 1496 56 30 vid

460 1547 201 40 riksdagens
682 1550 83 29 verk
788 1550 87 30 skall
897 1559 41 21 ur
959 1550 303 31 bestämmelserna
1284 1549 90 40 utgå.

185 1635 200 31 Stockholm
404 1636 67 31 den
489 1638 38 29 21
549 1636 71 40 maj
640 1637 94 30 1929.

616 1715 48 32 På
689 1717 301 31 bankoutskottets
1017 1718 142 39 vägnar:

703 1815 34 30 C.
764 1815 37 30 E.
829 1815 235 31 SVENSSON.

180 2024 57 27 Vid
261 2024 193 28 förestående
478 2024 127 28 ärendes
629 2025 249 35 slutbehandling
902 2025 84 28 inom
1010 2025 146 28 utskottet
1181 2026 78 26 hava
1283 2024 145 29 närvarit:

179 2086 70 28 från
282 2086 146 29 första
461 2087 192 28 kammaren:
677 2088 108 27 herrar
808 2088 29 27 C.
862 2089 32 27 E.
919 2088 161 35 Svensson,
1105 2088 180 34 Gustafsson
1308 2088 9 27 i
1340 2087 200 34 Stensholm",
1564 2088 65 26 Pet-

141 2133 118 26 tersson
281 2131 10 28 i
312 2132 173 36 Olovstorp,
507 2128 157 40 Lindley",
686 2129 184 39 Lindgren",
891 2133 239 35 Abrahamsson,
1152 2134 133 34 Dalberg
1306 2134 57 26 och
1384 2129 130 36 Bodin";

180 2194 71 27 från
280 2195 138 27 andra
446 2195 193 28 kammaren:
660 2196 109 28 herrar
789 2197 148 32 Winkler,
957 2197 169 32 Bäcklund,
1148 2197 177 33 Wikström,
1344 2197 112 31 Lovén,
1476 2197 153 27 Svensson

140 2239 8 26 i
169 2238 205 36 Betingetorp,
393 2240 146 35 Höglund
557 2240 9 27 i
586 2237 181 38 Göteborg”,
786 2241 117 34 Leffler
921 2242 57 27 och
997 2237 149 38 Edberg”.

186 2314 13 16 "
221 2316 33 32 Ej
277 2318 184 25 närvarande
482 2318 47 25 vid
550 2317 178 27 utlåtandets
748 2318 152 33 justering.
