1894 2808
270 171 37 30 12
575 170 112 35 Bilaga
708 175 14 24 1
744 172 49 28 till
813 173 102 33 första
933 173 221 33 lagutskottets
1173 173 161 29 utlåtande
1354 174 48 28 Nr
1420 175 47 27 26.

317 256 77 34 Med
419 257 131 39 hänsyn
574 257 54 33 till
654 257 66 33 vad
745 258 12 31 i
783 258 54 33 det
864 258 199 39 föregående
1089 258 97 33 blivit
1214 259 113 33 anfört
1352 258 67 33 kan
1446 259 55 32 det
1526 259 62 32 här
1615 259 161 39 åsyftade

274 299 157 33 förbudet
461 304 66 29 mot
559 300 183 39 offentliga
773 301 178 38 yttranden
984 301 138 32 rörande
1153 302 280 37 preventivmedel
1465 301 73 34 icke
1568 302 206 39 tillstyrkas.

269 338 213 35 Ätminstone
508 341 102 40 torde,
634 342 102 32 innan
759 345 48 29 ett
830 342 118 32 sådant
973 342 122 33 förbud
1120 342 176 40 meddelas,
1322 342 81 32 böra
1425 343 119 38 tillses,
1570 343 12 31 i
1606 344 65 32 vad
1697 344 75 31 mån

273 384 157 38 gällande
459 385 219 39 lagstiftning
708 386 130 32 medför
869 386 110 38 skydd
1009 390 86 29 emot
1126 387 189 38 yttranden,
1348 398 69 20 som
1448 387 183 38 lämpligen
1660 387 114 32 kunna

274 427 155 31 straffas.

314 465 124 33 Utöver
466 466 142 32 nämnda
636 466 121 32 förbud
783 467 184 32 innefattar
993 468 56 31 det
1075 468 210 31 remitterade
1316 468 163 38 förslaget
1508 468 185 38 stadgande
1721 480 52 20 om

272 509 106 32 straff
400 509 53 32 för
474 509 72 39 den,
569 522 68 20 som
659 510 202 39 offentligen
883 511 157 33 utställer
1062 511 80 32 eller
1165 512 165 32 förevisar
1353 512 80 32 eller
1456 524 117 26 genom
1596 512 176 39 offentligt

271 551 313 39 tillkännagivande
607 552 55 32 till
687 552 73 32 salu
784 552 158 38 utbjuder
966 553 80 32 eller
1071 553 87 38 själv
1181 554 80 32 eller
1286 566 117 27 genom
1429 566 108 20 annan
1559 554 55 32 till
1638 555 134 37 försälj-

271 594 81 38 ning
378 593 156 39 kringför
558 595 195 37 preventiva
778 595 117 32 medel.

317 635 75 32 Vad
407 636 206 33 vidkommer
630 637 176 37 offentligt
823 637 204 32 utställande
1045 637 80 32 eller
1144 638 211 31 förevisande
1372 650 41 19 av
1432 638 96 32 dessa
1546 638 115 38 medel,
1680 639 92 31 torde

270 680 47 28 ett
345 677 119 32 sådant
492 677 196 32 förfarande
715 679 12 30 i
757 678 67 32 alla
853 678 39 32 de
921 678 73 38 fall,
1025 679 42 31 då
1096 679 104 31 skada
1230 679 104 32 därav
1362 679 66 32 kan
1459 679 201 39 föranledas,
1690 691 81 21 vara

272 718 183 32 straffbart
482 718 100 32 redan
609 719 105 38 enligt
742 719 156 39 gällande
926 720 67 38 lag.
1041 720 73 32 Den
1142 721 192 38 föreslagna
1361 720 253 34 bestämmelsen
1641 722 12 31 i
1681 722 91 32 detta

270 760 186 34 hänseende
477 772 99 28 synes
599 761 116 33 därför
735 773 83 21 vara
839 762 199 39 överflödig.

314 802 224 34 Beträffande
569 804 71 32 åter
672 804 156 33 förbudet
857 809 68 29 mot
955 805 238 39 ifrågakomna
1223 805 123 33 medels
1376 806 206 38 utbjudande
1612 807 55 32 till
1700 807 73 32 salu

270 856 117 28 genom
417 846 176 38 offentligt
619 846 314 39 tillkännagivande
960 848 94 32 torde
1083 860 40 20 ur
1154 848 224 39 sedlighetens
1408 849 60 31 och
1498 849 60 32 den
1590 849 182 39 offentliga

270 888 296 37 anständighetens
590 888 172 38 synpunkt
785 888 113 32 kunna
921 889 54 31 till
1000 890 73 31 stöd
1098 890 53 31 för
1176 890 183 32 detsamma
1384 891 136 31 anföras
1546 891 115 32 starka
1687 891 84 38 skäl,

269 929 94 31 vilka
384 929 165 32 måhända
572 934 167 34 överväga
763 931 38 31 de
823 931 257 38 invändningar,
1104 943 68 21 som
1195 932 78 31 från
1297 932 105 32 andra
1426 932 210 38 synpunkter
1658 932 114 32 kunna

272 970 209 33 framställas
510 971 159 33 däremot.
720 971 96 33 Skall
855 973 155 33 förbudet
1038 973 91 32 bliva
1156 986 41 19 av
1226 975 108 37 någon
1363 977 105 29 större
1494 974 157 38 praktisk
1679 974 92 39 bety-

272 1012 98 39 delse,
402 1013 93 32 torde
526 1013 54 33 det
611 1014 183 32 emellertid
824 1026 82 21 vara
936 1015 126 39 nödigt,
1095 1018 50 30 att
1176 1016 184 32 detsamma
1391 1016 189 33 utsträckes
1612 1020 51 29 att
1695 1029 79 20 avse

271 1055 125 37 jämväl
423 1055 225 33 försändande
673 1056 54 33 till
754 1056 221 33 allmänheten
1001 1069 116 27 genom
1146 1061 115 35 posten
1289 1059 81 31 eller
1397 1059 193 32 annorledes
1620 1071 41 20 av
1688 1059 84 39 pris-

269 1097 161 33 kuranter
446 1097 60 32 och
523 1102 112 34 annat,
654 1099 193 38 varigenom
864 1100 280 37 preventivmedel
1163 1100 206 39 salubjudas.
1409 1101 175 38 Därjämte
1602 1102 171 32 erfordras

270 1139 274 39 uppenbarligen,
572 1144 49 28 att
647 1141 463 39 tryckfrihetsförordningen
1137 1143 133 31 ändras.
1319 1143 18 31 I
1364 1155 107 20 annan
1499 1144 157 32 händelse
1681 1143 90 33 kom-

270 1193 69 19 mer
362 1182 359 32 straffbestämmelsen
746 1186 49 29 att
819 1183 91 38 gälla
933 1183 142 32 allenast
1099 1184 11 31 i
1131 1184 100 38 fråga
1253 1196 52 20 om
1329 1184 137 33 skrivna
1487 1185 284 39 tillkännagivan-

271 1223 61 31 den
356 1223 50 32 uti
428 1223 263 38 ifrågavarande
716 1224 102 39 syfte,
843 1225 103 32 under
971 1225 54 32 det
1048 1229 50 28 att
1123 1226 38 32 de
1185 1226 137 38 tryckta
1347 1227 128 32 lämnas
1502 1227 170 32 straffria.
1719 1227 52 32 En

272 1264 96 39 dylik
392 1265 186 39 anordning
602 1278 98 26 synes
724 1278 81 20 vara
830 1267 36 31 så
891 1267 161 38 stötande,
1077 1271 50 29 att
1150 1268 54 32 det
1228 1268 169 39 knappast
1420 1269 94 32 torde
1539 1269 80 33 böra
1643 1270 128 39 ifråga-

270 1307 132 33 komma
426 1311 50 29 att
498 1308 140 39 vidtaga
664 1309 143 38 ändring
830 1309 11 31 i
866 1310 206 38 strafflagen
1095 1311 11 30 i
1132 1310 90 32 detta
1247 1310 194 39 hänseende,
1469 1311 72 33 förr
1564 1316 42 27 än
1629 1316 142 28 motsva-

272 1350 101 31 rande
402 1350 143 38 ändring
573 1351 11 30 i
611 1350 464 39 tryckfrihetsförordningen
1104 1352 66 32 kan
1201 1353 223 37 genomföras.

312 1389 70 31 Mot
411 1390 54 31 det
491 1390 207 37 ifrågasatta
726 1391 157 32 förbudet
909 1393 139 31 rörande
1076 1392 243 38 kringförande
1346 1393 55 31 till
1431 1394 203 38 försäljning
1663 1407 41 19 av
1733 1396 40 31 de

269 1433 145 32 nämnda
434 1433 128 32 medlen
582 1434 95 31 torde
697 1434 73 32 icke
790 1435 102 38 något
911 1447 82 20 vara
1014 1439 50 29 att
1085 1436 119 38 erinra,
1228 1448 72 20 men
1320 1437 220 38 tvivelaktigt
1560 1449 99 26 synes
1679 1450 92 26 vara,

270 1474 166 32 huruvida
461 1475 91 32 detta
577 1476 121 32 förbud
724 1481 36 27 är
783 1488 42 19 av
851 1477 61 31 den
934 1477 181 39 betydelse,
1140 1481 50 28 att
1214 1490 39 20 en
1278 1479 144 38 ändring
1445 1479 12 31 i
1482 1480 206 38 strafflagen
1714 1480 60 32 bör

269 1516 157 39 vidtagas
447 1516 116 33 enbart
585 1517 54 32 för
661 1518 274 38 genomförandet
959 1519 114 32 därav.

314 1558 301 33 Bestämmelserna
639 1559 10 31 i
676 1559 54 33 det
755 1559 192 40 föreslagna
971 1572 68 27 nya
1063 1565 176 29 momentet
1262 1562 11 32 i
1298 1563 206 38 paragrafen
1530 1563 140 39 angivas
1698 1568 73 28 röra

270 1600 73 32 icke
366 1600 142 32 allenast
529 1601 194 37 preventiva
747 1602 104 32 medel
874 1606 81 28 utan
979 1607 82 28 även
1086 1603 150 38 föremål,
1261 1616 68 20 som
1354 1609 56 28 äro
1434 1606 143 32 avsedda
1601 1606 53 32 för
1678 1606 93 32 otuk-

267 1640 68 37 tigt
360 1640 96 33 bruk.
507 1641 110 33 Såvitt
643 1643 107 36 angår
776 1643 38 31 de
840 1643 74 32 med
944 1644 207 32 sistnämnda
1177 1646 139 36 uttryck
1344 1646 157 37 åsyftade
1531 1646 141 32 föremål
1700 1646 73 33 lära

269 1682 184 33 emellertid
477 1682 291 34 bestämmelserna
791 1696 82 21 vara
896 1689 82 28 utan
1005 1686 184 32 nämnvärd
1214 1686 182 38 betydelse.
1447 1688 58 32 Uti
1531 1688 37 32 de
1594 1688 11 31 i
1631 1700 140 21 momen-

269 1729 48 29 tet
339 1726 146 39 angivna
508 1727 64 32 fall
593 1728 93 32 torde
708 1728 179 39 nämligen,
910 1729 42 33 då
974 1729 100 39 fråga
1097 1735 37 27 är
1153 1742 52 20 om
1230 1731 126 32 sådana
1378 1731 150 39 föremål,
1553 1732 185 39 gärningen
1760 1733 12 31 i

271 1768 90 38 regel
384 1780 81 21 vara
491 1769 168 32 straffbar
684 1770 101 32 redan
811 1771 105 38 enligt
941 1772 157 38 gällande
1123 1773 68 38 lag.

315 1810 64 32 Det
407 1811 211 33 remitterade
645 1812 163 38 förslaget
845 1813 139 32 innebär
1022 1814 158 38 slutligen
1217 1827 38 20 en
1293 1815 139 39 höjning
1471 1828 41 20 av
1549 1817 222 38 paragrafens

272 1853 300 32 straffmaximum.
621 1854 62 31 Att
710 1854 98 38 brott,
836 1866 68 21 som
932 1856 86 32 falla
1044 1857 103 32 under
1175 1857 105 32 denna
1307 1858 174 38 paragraf,
1508 1858 113 32 kunna
1648 1865 124 32 antaga

272 1894 125 32 sådana
424 1895 133 38 former,
586 1899 49 28 att
663 1896 39 31 de
730 1896 149 38 förtjäna
906 1897 103 38 högre
1036 1899 106 31 straff
1169 1903 41 27 än
1237 1899 66 32 vad
1330 1900 97 38 lagen
1454 1912 44 20 nu
1527 1901 178 38 medgiver.
1736 1906 38 27 är

271 1936 165 32 måhända
465 1936 131 38 riktigt.
646 1937 74 32 Men
749 1942 81 28 även
858 1938 179 40 härvidlag
1064 1939 67 33 kan
1159 1941 234 39 ifrågasättas,
1422 1942 177 39 huruvida,
1630 1943 52 33 för
1712 1943 60 33 den

270 1977 156 32 händelse
449 1978 38 32 de
509 1979 175 32 tilltänkta
707 1980 281 39 förändringarna
1011 1982 11 31 i
1041 1983 206 38 paragrafen
1268 1983 11 31 i
1302 1984 111 39 övrigt
1434 1984 72 32 icke
1528 1985 90 32 bliva
1642 1997 129 26 genom-

270 2019 109 39 förda,
400 2020 210 39 tillräckliga
631 2021 73 33 skäl
725 2022 113 33 finnas
859 2026 49 29 att
930 2023 54 33 för
1004 2025 208 32 närvarande
1233 2031 81 33 göra
1336 2027 142 38 ändring
1499 2027 12 31 i
1533 2027 238 33 straffskalan.

272 2061 95 33 Skall
390 2063 183 32 emellertid
596 2063 103 32 sådan
724 2064 144 39 ändring
891 2064 67 39 ske,
981 2066 103 37 torde,
1108 2067 54 32 till
1185 2067 213 33 undvikande
1422 2081 42 19 av
1485 2069 127 32 mindre
1636 2070 56 31 väl
1717 2082 54 20 av-

270 2104 123 37 passad
424 2104 267 39 straffmätning,
722 2106 61 32 den
811 2107 192 31 nuvarande
1033 2108 226 32 straffskalan
1288 2109 80 32 böra
1397 2110 183 33 bibehållas
1612 2123 68 21 som
1711 2112 60 32 den

267 2143 158 39 normala,
449 2144 59 31 och
533 2145 54 31 det
609 2144 102 38 högre
734 2146 227 32 straffmåttet
984 2147 91 33 bliva
1099 2148 200 39 tillämpligt
1321 2149 142 33 allenast
1491 2151 42 31 då
1558 2151 213 38 synnerligen

271 2187 219 32 försvårande
513 2189 284 38 omständigheter
820 2190 200 39 föreligga.»

314 2261 237 35 Justitierådet
576 2263 144 40 Quensel
741 2265 155 33 anförde:

317 2317 53 35 »Å
391 2333 61 20 ena
474 2321 95 33 sidan
592 2335 110 27 synes,
727 2324 107 33 såsom
855 2325 343 40 medicinalstyrelsen
1223 2327 197 39 framhållit,
1445 2328 164 39 förslaget
1633 2329 62 33 allt
1719 2329 53 33 för

271 2363 192 39 vittgående
483 2364 212 41 därutinnan,
717 2369 49 29 att
784 2367 182 33 detsamma
986 2368 117 39 lägger
1123 2369 118 32 hinder
1259 2370 11 31 i
1290 2375 107 33 vägen
1418 2371 53 31 för
1490 2374 49 29 att
1558 2371 12 32 i
1590 2371 60 32 den
1671 2372 99 32 medi-

271 2405 116 33 cinska
406 2406 282 40 undervisningen
711 2408 122 38 frågan
855 2420 50 21 om
929 2409 38 32 de
988 2411 195 36 preventiva
1204 2411 127 32 medlen
1351 2412 202 39 offentligen
1577 2413 193 33 behandlas.

370 2447 102 32 andra
495 2448 94 32 sidan
611 2460 108 27 synes,
743 2450 106 32 såsom
871 2451 61 32 den
953 2451 11 32 i
986 2452 134 32 ärendet
1142 2452 104 33 hörda
1268 2453 172 33 kommitté
1462 2455 165 38 anmärkt,
1652 2456 118 32 försla-

272 2493 56 34 get
352 2489 72 32 icke
449 2490 203 39 tillräckligt
679 2491 172 33 effektivt.
901 2492 61 33 Om
989 2494 108 38 någon
1125 2494 96 32 söker
1247 2495 130 32 förleda
1403 2496 54 31 till
1485 2497 216 33 användande
1729 2510 42 20 av
