1878 2844
484 154 380 31 Jordbruksutskottets
889 155 177 31 utlåtande
1090 155 50 31 Nr
1163 158 47 29 416.
1563 153 38 30 13

95 237 107 36 tidigt,
224 241 49 27 att
293 238 201 37 taxeringen
516 239 68 30 kan
606 238 210 38 igångsättas
838 240 107 30 redan
967 240 110 31 under
1098 241 99 30 nästa
1219 239 177 38 budgetår,
1421 250 100 28 synes
1543 241 56 30 det

93 297 43 21 av
156 288 332 37 skogsutredningen
508 289 195 37 föreslagna
723 291 160 36 beloppet
904 291 119 30 kunna
1042 291 186 36 begränsas
1249 291 50 30 till
1321 292 118 34 50,000
1460 291 138 30 kronor.

94 338 64 37 Jag
183 338 146 31 föreslår
354 338 111 37 alltså,
491 342 50 28 att
565 340 360 37 medelsanvisningen
951 341 51 30 till
1027 340 267 37 ifrågavarande
1318 340 92 32 båda
1435 340 164 32 ändamål

94 389 56 30 för
169 390 99 30 nästa
289 389 169 37 budgetår
478 391 208 30 bestämmes
707 391 50 30 till
782 392 139 35 100,000
942 391 139 36 kronor,
1104 392 105 30 vilket
1229 392 127 36 belopp
1379 392 80 30 med
1481 393 118 35 50,000

94 440 129 30 kronor
248 441 216 36 understiger
490 441 66 31 vad
582 442 11 29 i
619 442 450 37 statsverkspropositionen
1095 443 188 30 beräknats
1309 443 56 30 för
1391 441 208 32 ändamålet.

95 491 158 31 Rörande
279 492 249 36 dispositionen
555 501 43 21 av
625 493 106 36 sagda
758 493 137 36 belopp,
926 494 138 35 100,000
1092 493 138 36 kronor,
1258 493 98 31 torde
1382 493 180 31 föreskrift
1589 494 11 30 i

94 542 112 30 sinom
225 542 49 30 tid
293 541 37 32 få
348 543 177 30 meddelas
543 552 42 21 av
605 543 122 37 Kungl.
749 543 111 37 Maj:t.

135 592 75 31 Vad
225 592 108 38 angår
350 594 42 30 de
408 594 80 30 med
504 593 396 38 riksskogstaxeringens
917 594 161 31 fortsatta
1095 595 212 30 bedrivande
1323 595 167 30 förenade
1508 595 91 30 kost-

90 644 154 30 naderna
261 653 102 28 synes
380 645 71 36 mig
467 644 245 37 utredningens
730 645 225 36 preliminära
972 645 361 37 kostnadsberäkning
1349 646 120 30 kunna
1487 646 10 30 i
1514 648 85 28 stort

90 697 65 27 sett
177 694 174 37 godtagas.
399 695 199 30 Emellertid
621 695 202 31 förutsätter
845 695 68 37 jag,
939 699 58 32 att,
1022 696 108 30 innan
1154 696 132 30 arbetet
1310 695 217 37 igångsättes,
1553 699 47 28 ett

89 744 10 30 i
119 744 194 37 möjligaste
331 744 82 32 mån
433 745 180 36 detaljerat
632 746 300 36 kostnadsförslag
949 747 173 35 uppgöres
1141 747 66 30 och
1226 746 228 31 underställes
1475 746 122 37 Kungl.

93 795 110 36 Maj:t.

134 845 279 32 Vidkommande
436 847 157 36 slutligen
616 847 234 31 kostnaderna
872 847 56 31 för
950 847 66 31 den
1039 857 42 21 av
1104 847 69 37 mig
1196 847 187 31 förordade
1405 848 193 30 statistiken

89 896 177 37 angående
289 897 267 37 skogsmarkens
579 897 197 37 fördelning
797 897 46 37 på
866 898 112 31 skilda
1000 898 303 37 brukaregrupper
1324 907 102 22 anser
1447 898 58 37 jag
1528 898 70 31 lika

90 948 78 29 med
186 948 238 37 utredningen,
444 951 49 28 att
511 948 106 37 sagda
635 948 188 31 kostnader
840 949 86 30 böra
945 949 169 30 bestridas
1133 958 42 21 av
1193 949 42 30 de
1254 949 122 35 medel,
1397 958 75 21 som
1491 949 106 30 fram-

90 998 91 30 deles
199 998 142 31 komma
358 1002 50 27 att
425 999 137 30 anvisas
580 999 56 30 för
653 999 288 36 genomförandet
959 1008 41 22 av
1022 1000 81 30 1937
1124 998 55 32 års
1198 1000 179 30 allmänna
1395 999 202 36 jordbruks-

89 1049 175 37 räkning.»

135 1150 168 30 Utskottet
322 1151 57 29 vill
399 1151 10 29 i
431 1151 107 30 likhet
556 1151 79 30 med
656 1151 83 30 1936
759 1149 56 32 års
836 1151 288 36 skogsutredning
1143 1154 89 27 samt
1250 1152 42 30 de
1311 1152 112 30 hörda
1441 1152 156 36 myndig-

88 1200 141 31 heterna
247 1201 66 30 och
336 1201 310 36 korporationerna
666 1202 233 36 understryka
917 1202 117 30 vikten
1053 1211 43 21 av
1115 1205 48 27 att
1183 1202 254 36 omfattningen
1456 1203 65 30 och
1542 1203 55 30 be-

92 1250 244 31 skaffenheten
352 1261 43 20 av
412 1251 105 31 rikets
534 1251 288 37 skogstillgångar
837 1252 94 30 bliva
948 1252 49 30 tid
1014 1252 87 30 efter
1117 1262 116 20 annan
1251 1251 217 37 någorlunda
1486 1253 115 30 säkert

90 1301 205 31 fastställda.
353 1302 128 30 Värdet
510 1312 42 20 av
581 1303 146 35 skogens
758 1303 65 30 och
854 1302 110 37 därpå
993 1303 178 36 grundade
1201 1303 398 36 förädlingsindustriers

89 1353 206 36 avkastning
332 1356 193 27 motsvarar
560 1353 11 30 i
607 1356 80 27 runt
720 1354 48 29 tal
794 1363 42 20 en
862 1354 162 30 femtedel
1050 1363 42 21 av
1118 1354 133 30 landets
1276 1354 320 30 nationalinkomst.

91 1403 91 31 Nära
202 1404 134 29 hälften
358 1413 43 21 av
423 1403 153 37 Sveriges
598 1405 154 29 samlade
773 1404 145 30 utförsel
940 1403 115 31 består
1077 1414 42 20 av
1141 1405 166 35 trävaror,
1330 1414 268 26 pappersmassa

90 1454 164 30 ävensom
278 1463 94 27 papp
397 1455 66 29 och
486 1464 142 26 papper.
675 1454 135 37 Skogen
834 1455 71 30 kan
928 1455 121 30 därför
1072 1456 99 35 sägas
1194 1456 160 35 uppbära
1378 1464 42 21 en
1444 1455 155 37 ansenlig

90 1505 55 29 del
166 1514 42 20 av
229 1505 55 29 det
306 1504 169 36 välstånd,
499 1514 75 21 som
594 1505 56 30 för
670 1506 219 29 närvarande
911 1505 260 30 kännetecknar
1193 1506 56 29 det
1272 1506 148 30 svenska
1441 1505 157 31 folkhus-

90 1554 114 31 hållet.
250 1555 79 30 Med
352 1555 137 37 hänsyn
511 1556 117 29 härtill
651 1556 39 29 är
713 1556 56 30 det
792 1555 187 36 självfallet
1002 1565 42 21 av
1068 1556 173 36 synnerlig
1264 1556 175 37 betydelse
1462 1559 50 27 att
1534 1557 64 35 äga

90 1606 317 30 tillfredsställande
432 1606 198 30 kännedom
654 1615 58 21 om
736 1607 106 30 rikets
867 1607 134 35 skogar.
1051 1606 171 30 Utskottet
1246 1607 59 29 vill
1330 1605 101 32 alltså
1455 1606 143 31 förorda

89 1657 57 29 det
164 1657 195 36 framlagda
378 1657 164 36 förslaget
559 1666 58 21 om
636 1657 215 36 inventering
870 1667 43 20 av
932 1657 172 36 skogarna
1123 1665 124 28 genom
1266 1657 221 37 fortlöpande
1507 1660 91 27 taxe-

89 1709 124 35 ringar.
250 1707 64 30 Det
332 1708 196 36 framlagda
545 1708 165 36 förslaget
728 1717 57 21 om
804 1708 324 36 taxeringsarbetets
1147 1707 262 37 igångsättande
1428 1708 66 30 och
1514 1708 83 30 fort-

89 1761 88 27 satta
200 1759 212 29 bedrivande
435 1759 65 29 har
523 1759 75 30 icke
621 1758 165 31 föranlett
810 1758 115 37 någon
949 1759 138 29 erinran
1111 1758 79 30 från
1215 1759 183 30 utskottets
1423 1759 83 29 sida.

131 1809 135 30 Jämväl
294 1809 301 37 framställningen
619 1819 57 21 om
701 1810 241 30 anordnandet
970 1819 43 21 av
1037 1819 43 21 en
1106 1809 219 37 fortlöpande
1353 1809 243 37 avverknings-

85 1859 148 30 statistik
255 1860 188 36 tillstyrkes
463 1869 43 21 av
527 1860 175 30 utskottet.
746 1860 65 30 Det
832 1870 43 20 av
894 1860 228 36 utredningen
1146 1860 195 37 framlagda
1364 1860 163 37 förslaget
1548 1863 49 28 att

85 1918 123 28 genom
228 1919 42 21 en
290 1910 79 30 hela
389 1911 87 29 riket
495 1910 216 30 omfattande
731 1910 401 36 försöksundersökning
1151 1911 9 29 i
1180 1911 199 36 anslutning
1399 1911 49 30 till
1468 1911 127 30 virkes-

87 1961 196 35 laxeringen
308 1960 51 30 till
384 1960 194 37 skogsaccis
602 1960 139 30 utfinna
765 1961 66 29 den
859 1961 216 36 lämpligaste
1100 1960 136 31 formen
1261 1961 55 30 för
1344 1971 42 20 en
1410 1962 95 36 dylik
1530 1964 65 28 sta-

87 2011 92 29 tistik
207 2011 97 29 torde
329 2010 177 31 måhända
533 2011 75 30 icke
635 2011 119 30 kunna
779 2010 221 37 genomföras
1026 2010 47 36 så,
1099 2014 49 27 att
1174 2011 79 30 fullt
1277 2011 319 31 tillfredsställande

86 2061 140 30 resultat
249 2059 161 32 erhållas.
458 2061 327 30 Primärmaterialet
807 2070 101 28 synes
933 2062 61 29 lätt
1018 2062 142 29 komma
1184 2064 49 28 att
1258 2062 70 31 lida
1350 2072 43 20 av
1416 2063 89 30 vissa
1528 2063 67 30 bri-

86 2114 67 27 ster
170 2111 50 30 till
238 2111 90 36 följd
348 2121 43 20 av
409 2110 181 37 oförmåga
609 2112 64 29 hos
693 2111 127 37 många
838 2112 206 36 skogsägare
1062 2115 48 27 att
1130 2112 44 37 på
1192 2116 46 27 ett
1256 2113 117 36 riktigt
1394 2114 66 29 sätt
1479 2114 116 30 lämna

88 2161 222 37 erforderliga
339 2161 183 36 uppgifter.
573 2162 251 36 Felaktigheter
852 2162 10 30 i
891 2163 326 35 primärmaterialet
1243 2163 97 30 torde
1366 2163 191 30 cmellertid
1584 2163 10 30 i

88 2215 69 26 stor
178 2212 238 36 utsträckning
439 2213 116 29 kunna
579 2212 170 30 undvikas
770 2221 124 27 genom
917 2223 40 20 en
980 2213 142 36 lämplig
1142 2213 179 36 planering
1344 2223 40 20 av
1406 2214 186 30 undersök-

88 2262 134 36 ningen.
265 2263 50 28 Av
334 2262 147 30 särskild
502 2262 71 30 vikt
594 2262 179 37 härvidlag
794 2263 39 29 är
851 2263 151 36 givetvis,
1025 2266 48 27 att
1094 2264 41 29 de
1152 2263 158 31 enskilda
1328 2264 76 30 icke
1425 2265 168 29 avkrävas

88 2311 84 31 flera
196 2312 64 30 och
298 2322 96 20 mera
429 2312 256 36 komplicerade
708 2312 175 36 uppgifter
909 2314 44 28 än
979 2322 74 21 som
1079 2314 37 30 är
1140 2314 275 36 oundgängligen
1441 2315 152 29 nödvän-

88 2362 79 36 digt.
213 2362 51 30 Då
286 2363 165 29 utskottet
473 2362 74 30 icke
570 2363 69 29 kan
661 2363 119 29 anvisa
804 2362 111 31 bättre
938 2363 193 36 anordning
1154 2363 52 30 för
1231 2364 65 30 den
1318 2365 275 34 provundersök-

87 2412 92 36 ning,
199 2421 74 21 som
295 2412 19 30 å
338 2413 91 29 detta
450 2412 142 31 område
613 2413 96 30 torde
731 2412 184 36 erfordras,
937 2413 187 36 tillstyrker
1145 2414 164 30 utskottet
1331 2415 122 35 Kungl.
1476 2414 117 37 Maj:ts

89 2463 136 38 förslag,
256 2465 48 27 att
333 2463 66 30 den
428 2462 191 37 föreslagna
650 2463 390 36 provundersökningen
1070 2464 56 30 må
1155 2465 201 29 verkställas
1386 2465 9 30 i
1424 2465 168 30 samband

1639 1157 128 26 Utskottet.
