2216 2634
586 185 394 42 Bevillningsutskoltels
1003 182 240 41 Belänkande,
1271 181 61 33 N:o
1355 181 55 32 21.
1783 175 23 34 3

369 277 375 49 Sjöfartsnäringen
774 275 76 38 och
879 274 90 38 dess
997 272 235 47 utveckling
1261 274 69 34 äro
1359 270 65 37 för
1453 268 164 48 Sverige
1646 266 160 38 absolut

207 331 273 49 nödvändiga,
522 330 88 38 dels
651 331 66 36 för
759 332 58 34 att
858 328 168 48 tillgång
1067 329 54 46 på
1154 326 160 48 sjömän
1349 323 75 38 och
1453 322 259 37 maskinister
1741 322 66 34 må

210 388 143 44 ännas,
387 398 66 25 om
483 385 76 37 och
587 387 74 34 när
689 383 42 37 vi
760 385 128 34 måste
915 382 187 36 försvara
1131 381 72 35 vår
1223 375 330 51 själfständighet
1573 374 77 39 och
1669 373 135 46 frihet,

208 440 87 38 dels
338 439 139 38 därför
519 441 68 42 att,
633 450 66 24 om
743 436 234 37 densamma
1018 434 83 37 kan
1133 430 318 50 framgångsrikt
1478 429 219 44 bedrifvas,
1729 427 79 37 den

210 494 186 48 bidrager
428 493 14 36 i
474 492 119 48 högst
621 490 200 47 väsentlig
849 488 97 49 grad
975 491 58 34 att
1061 486 119 39 täcka
1208 483 366 39 handelsbalansen
1602 483 206 47 gentemot

210 547 195 38 utlandet.

372 600 80 37 För
481 601 58 35 att
569 596 364 50 sjöfartsnäringen
961 593 105 39 skall
1093 594 142 36 kunna
1263 590 210 40 utvecklas
1502 591 44 36 är
1573 589 154 48 nödigt,
1750 590 59 35 att

211 655 80 37 den
332 654 158 37 lämnar
531 654 123 46 något
686 651 142 48 utbyte
857 652 53 45 på
937 647 192 49 nedlagdt
1157 645 165 49 kapital,
1352 648 46 46 ty
1428 642 116 51 eljest
1571 642 116 39 torde
1715 643 94 46 inga

213 708 100 48 vilja
340 707 196 48 nedlägga
564 718 82 36 nya
673 716 151 36 pengar
852 703 13 37 i
895 702 246 45 densamma,
1173 700 76 38 och
1277 700 66 37 för
1367 701 58 35 att
1444 696 232 39 underlätta
1695 695 114 38 sträf-

213 761 188 38 vandena
442 760 141 37 härför
625 761 44 35 är
710 757 153 48 nödigt,
908 759 58 34 att
1008 756 35 48 ej
1088 755 66 37 för
1183 757 119 42 stora,
1333 754 148 46 många
1510 749 75 39 och
1615 747 196 40 orättvisa

213 816 155 37 skatter
395 813 201 49 påläggas,
626 815 100 34 utan
756 814 58 34 att
842 809 183 49 billighet
1054 808 77 38 och
1158 807 171 38 rättvisa
1349 805 138 48 skipas
1506 802 112 39 hvad
1637 803 173 38 beskatt-

214 869 151 47 ningen
393 867 266 37 vidkommer.
1800 895 4 3 .

374 921 80 37 Det
494 921 74 37 bör
610 919 124 37 äfven
775 917 177 45 beaktas,
997 918 59 35 att
1098 915 133 48 öfriga
1262 912 221 38 industrier
1516 911 77 37 och
1621 909 191 48 näringar

215 974 197 50 skyddats
441 974 77 37 och
545 975 176 46 gynnats
749 983 146 36 genom
925 969 66 38 det
1018 967 165 39 införda
1206 965 379 50 protektionistiska
1605 965 203 47 systemet,

215 1029 53 37 då
308 1027 368 50 sjöfartsnäringen
719 1024 182 38 däremot
943 1022 235 48 därigenom
1211 1021 138 38 blifvit
1376 1018 174 38 lidande.
1609 1016 203 38 Tullkom-

216 1082 145 38 mittén
395 1082 42 36 af
472 1081 101 37 1888
604 1082 124 45 ansåg
758 1078 121 38 också
907 1077 76 37 och
1010 1075 179 48 föreslog
1218 1075 134 45 äfven,
1384 1075 58 35 att
1471 1084 88 26 som
1589 1070 224 47 ersättning

216 1137 65 36 för
324 1135 48 37 de
415 1134 162 38 införda
610 1132 174 39 tullarne
817 1130 130 39 skulle
974 1128 387 51 byggnadspremier
1388 1125 154 39 betalas
1570 1125 66 37 för
1663 1124 147 48 fartyg,

217 1202 88 25 som
347 1188 180 49 byggdes
573 1187 13 37 i
620 1186 176 48 Sverige,
832 1197 92 25 men
954 1184 127 47 därpå
1108 1182 97 37 ville
1234 1182 35 48 ej
1301 1180 235 48 Riksdagen
1565 1179 104 47 ingå.
1728 1176 85 49 Sjö-

218 1240 513 49 fartsnäringskommittén
779 1239 42 36 af
863 1239 101 36 1890
1006 1235 179 49 föreslog
1227 1247 156 25 samma
1428 1231 386 50 byggnadspremier

217 1297 127 48 jämte
386 1292 393 51 seglationspremier
819 1292 66 37 för
918 1293 58 35 att
1007 1290 188 48 utjämna
1222 1286 198 39 tullarnas
1449 1284 183 49 skadliga
1660 1284 154 37 verkan

219 1352 52 45 på
304 1347 378 50 sjöfartsnäringen,
713 1357 94 26 men
835 1345 88 37 icke
951 1343 126 37 heller
1107 1342 116 37 dessa
1251 1340 153 48 förslag
1431 1339 138 38 blefvo
1598 1332 156 58 gillade.

380 1401 192 37 Rederier
614 1399 75 38 och
717 1396 361 48 rederiaktiebolag
1106 1395 127 37 hafva
1262 1397 58 35 att
1348 1393 134 38 betala
1509 1391 306 48 lastpenningar

220 1456 66 37 för
314 1455 90 37 sina
431 1455 137 47 fartyg
597 1453 76 38 och
701 1452 125 38 borde
855 1451 49 37 de
932 1463 99 25 vara
1050 1449 182 38 befriade
1251 1449 94 36 från
1365 1445 355 48 bevillningsskatt
1741 1444 75 37 och

221 1508 301 45 inkomstskatt,
566 1507 62 45 då,
672 1508 53 46 på
766 1504 133 50 grund
932 1504 42 37 af
1007 1503 79 38 den
1115 1501 163 39 införda
1307 1498 404 51 själfdeklarationen
1740 1497 76 37 och

221 1562 354 45 inkomstskatten,
620 1560 144 47 hvarje
806 1558 184 48 delägare
1032 1557 14 37 i
1078 1556 132 38 rederi
1239 1554 96 38 eller
1363 1551 362 48 rederiaktiebolag
1753 1551 64 36 får

223 1616 159 48 erlägga
418 1615 117 37 dessa
569 1613 153 38 skatter
750 1613 65 37 för
844 1612 63 37 sin
935 1611 181 37 inkomst
1145 1610 42 36 af
1215 1609 13 37 i
1256 1607 176 39 rederier
1461 1605 75 39 och
1564 1603 253 40 rederiaktie-

222 1669 119 48 bolag
382 1667 211 49 placerade
621 1666 155 48 kapital
804 1668 105 34 samt
938 1664 122 37 äfven
1089 1661 395 39 kommunalskatter
1512 1660 13 36 i
1554 1658 106 49 följd
1689 1657 126 38 däraf.

224 1722 159 38 Genom
426 1725 59 34 att
526 1720 130 38 befria
688 1719 175 37 rederier
892 1718 75 37 och
995 1714 363 48 rederiaktiebolag
1385 1714 94 36 från
1509 1711 239 49 erläggande
1777 1710 42 36 af

224 1776 109 37 skatt
375 1775 124 48 enligt
540 1770 539 49 bevillningsförordningen
1114 1769 75 37 och
1217 1767 292 37 inkomstskatt
1538 1764 130 39 skulle
1696 1776 123 24 nuva-

224 1829 126 37 rande
379 1828 196 38 orättvisa
604 1824 410 47 dubbelbeskattning
1042 1821 287 49 undanröjas.»

386 2039 138 48 Enligt
552 2038 186 49 gällande
757 2035 486 49 bevillningsförordning
1264 2032 178 49 erlägger
1461 2028 361 49 rederiaktiebolag

228 2094 222 47 bevillning
491 2094 65 35 för
599 2092 78 37 den
718 2091 181 36 inkomst
940 2089 162 47 bolaget
1145 2088 41 36 af
1229 2087 63 37 sin
1333 2085 150 38 rörelse
1516 2084 182 45 erhåller,
1729 2095 93 24 men

230 2148 258 46 akticägarne
517 2148 69 34 äro
615 2145 79 36 fria
722 2144 92 36 från
843 2142 224 47 bevillning
1095 2141 66 37 för
1190 2140 77 37 den
1297 2139 192 44 inkomst,
1521 2135 49 39 de
1598 2136 185 48 uppbära
1799 2138 23 34 å

230 2201 88 36 sina
347 2201 138 37 aktier.
543 2199 81 36 För
652 2197 191 45 inkomst,
875 2208 86 25 som
991 2195 181 46 åtnjutes
1201 2193 42 37 af
1271 2192 142 45 rederi,
1445 2191 51 37 då
1525 2190 110 37 detta
1662 2189 89 36 icke
1780 2191 41 34 är

231 2253 238 47 aktiebolag,
514 2254 144 45 utgöra
701 2249 212 49 delägarne
954 2247 235 47 bevillning,
1240 2246 155 37 enhvar
1438 2244 102 37 efter
1572 2243 103 37 hans
1705 2235 114 59 andel

230 2306 12 36 i
273 2306 133 37 denna
433 2306 190 37 inkomst.
