2210 2628
170 896 100 28 Andra
290 897 71 26 kam-

160 941 109 19 marens
279 932 93 28 beslut.

196 1236 140 30 Utskottet.

387 188 19 28 2
584 186 122 30 Första
727 187 218 30 kammarens
968 185 122 32 andra
1115 186 170 38 tillfälliga
1311 184 140 31 utskotts
1473 182 173 31 utlåtande
1670 180 51 31 Nr
1746 181 27 29 8.

387 267 85 36 med
514 265 203 48 anledning
759 278 45 24 av
847 267 72 35 den
949 267 46 35 då
1024 266 134 36 väckta
1186 266 189 35 motionen
1402 263 92 36 först
1521 262 130 47 gjorda
1681 262 67 35 och
1777 261 209 35 sedermera

388 333 46 24 av
476 320 115 36 andra
633 319 216 36 kammaren
883 319 155 36 bifallna
1066 320 232 35 hemställan.
1357 317 60 35 Då
1444 315 184 36 utskottet
1655 315 82 35 icke
1765 315 69 34 har
1864 312 121 37 anled-

386 374 93 46 ning
507 376 55 33 att
587 386 53 23 nu
667 374 131 46 frångå
827 373 58 36 sin
912 374 223 46 föregående
1165 376 40 33 år
1231 372 168 36 uttalade
1429 368 161 47 mening,
1612 367 56 36 får
1686 367 195 45 utskottet,
1903 366 82 36 med

389 427 235 48 åberopande
667 439 46 24 av
745 427 59 36 sin
838 427 46 35 då
927 426 161 48 avgivna
1130 426 234 47 motivering,
1407 423 207 43 hemställa,
1658 424 53 32 att
1744 421 116 35 andra
1890 420 99 35 kam-

391 493 126 24 maren
558 480 14 36 i
600 480 204 48 anledning
833 493 53 24 av.
908 480 242 37 förevarande
1179 480 139 36 motion
1361 480 113 33 måtte
1502 476 56 36 för
1587 475 58 36 sin
1674 474 59 35 del
1760 473 159 43 besluta,
1935 475 53 33 att

388 534 204 47 riksdagen
634 534 86 37 ville
761 534 14 36 i
817 533 181 37 skrivelse
1039 534 57 36 till
1125 534 138 47 Kungl.
1294 532 111 49 Maj:t
1428 530 161 43 anhålla,
1621 528 61 35 det
1709 527 141 45 Kungl.
1881 525 109 48 Maj:t

389 588 145 37 täcktes
563 588 76 36 låta
666 588 143 42 utreda,
835 600 71 32 om,
936 588 56 36 för
1020 588 188 36 vinnande
1229 600 44 24 av
1294 584 190 47 enhetliga
1498 581 280 38 bestämmelser
1793 582 47 44 på
1855 578 132 47 ifråga-

391 643 162 35 varande
584 642 161 44 område,
775 641 58 36 till
861 646 175 44 äventyrs
1064 641 67 36 bör
1158 641 165 36 utfärdas
1351 638 135 37 förbud
1513 637 56 36 för
1599 633 253 48 värnpliktiga
1882 638 106 30 även-

391 708 77 23 som
511 696 57 35 för
609 695 63 36 vid
716 697 126 34 armén
887 696 69 35 och
990 695 167 36 marinen
1189 695 72 36 fast
1290 693 184 37 anställde
1504 703 45 24 av
1579 689 199 46 manskaps
1813 686 94 47 grad
1936 688 53 33 att

389 749 140 48 inköpa
557 748 195 45 brännvin,
783 752 96 33 samt
907 749 160 36 därefter
1096 749 149 47 vidtaga
1275 749 46 35 de
1356 746 182 48 åtgärder,
1579 755 76 24 som
1678 754 44 24 av
1737 740 251 47 utredningen

390 803 128 35 kunna
548 802 201 48 påkallas.»

497 902 132 36 Andra
671 902 215 36 kammaren
928 901 119 37 beslöt
1087 901 57 36 för
1177 901 57 37 sin
1263 902 60 35 del
1352 901 14 36 i
1395 901 166 48 enlighet
1590 903 84 35 med
1703 900 65 37 sitt
1796 901 190 47 tillfälliga

390 956 163 36 utskotts
582 956 232 36 hemställan.

498 1010 113 36 Detta
645 1010 115 35 andra
793 1010 235 35 kammarens
1061 1009 122 36 beslut
1211 1010 67 34 har
1306 1008 176 47 delgivits
1510 1009 114 35 första
1653 1008 228 44 kammaren,
1912 1020 76 24 som

392 1063 174 37 hänvisat
608 1064 153 35 ärendet
801 1063 57 37 för
898 1063 268 36 förberedande
1207 1063 230 47 behandling
1478 1062 58 36 till
1565 1062 64 36 sitt
1658 1063 114 35 andra
1800 1062 188 47 tillfälliga

393 1117 155 44 utskott.

499 1226 58 34 De
599 1224 426 47 kontrollanordningar,
1071 1236 76 24 som
1189 1236 154 24 numera
1385 1223 604 49 brännvinsförsäljningsbolagen

394 1286 62 30 äro
485 1278 175 48 skyldiga
690 1278 178 47 tillämpa,
900 1277 219 49 möjliggöra
1148 1278 71 36 vad
1246 1277 321 48 utminuteringen
1598 1290 46 23 av
1672 1277 188 37 brännvin
1876 1280 114 44 angår

394 1336 54 33 att
487 1332 216 48 genomföra
744 1332 133 35 förbud
911 1332 89 35 eller
1032 1331 232 37 verksamma
1293 1331 318 47 inskränkningar
1638 1330 118 48 ifråga
1786 1343 59 23 om
1873 1331 116 47 inköp

393 1387 57 35 för
492 1387 45 35 de
578 1397 186 36 personer,
796 1398 76 23 som
902 1386 13 35 i
945 1385 187 36 motionen
1167 1385 149 48 åsyftas.
1375 1385 129 47 Enligt
1532 1386 73 34 den
1633 1384 248 47 redogörelse,
1913 1397 76 23 som

394 1439 346 48 kontrollstyrelsen
780 1439 142 36 lämnat
949 1439 13 35 i
990 1439 116 35 saken
1135 1439 67 35 och
1233 1451 76 23 som
1341 1438 144 48 bifogas
1516 1439 101 35 detta
1645 1439 204 43 utlåtande,
1880 1439 48 34 ha
1957 1438 32 48 ej

395 1494 143 35 mindre
581 1498 47 31 än
672 1495 47 34 22
764 1505 46 24 av
852 1494 45 34 de
928 1495 45 33 31
1005 1493 121 46 bolag,
1157 1505 76 23 som
1263 1492 154 36 bedriva
1446 1492 237 36 verksamhet
1711 1495 46 44 på
1786 1495 110 41 orter,
1927 1492 65 35 där

394 1550 241 40 regementen
677 1547 89 35 eller
803 1546 109 36 kårer
941 1552 61 30 äro
1030 1547 178 46 förlagda,
1239 1546 208 47 genomfört
1474 1546 288 43 bestämmelser,
1794 1545 196 48 åsyftande

394 1601 133 36 förbud
556 1604 77 32 mot
661 1600 90 35 eller
777 1599 254 48 begränsning
1051 1612 45 23 av
1111 1603 73 32 rätt
1203 1604 54 31 att
1274 1599 349 48 utminuteringsvis
1637 1599 139 47 inköpa
1791 1599 197 36 brännvin.

396 1655 126 36 Såsom
570 1654 347 48 kontrollstyrelsen
965 1653 205 45 anmärker,
1218 1653 144 36 utvisar
1407 1654 101 35 detta
1553 1653 243 44 förhållande,
1847 1656 54 32 att
1930 1653 62 35 det

395 1709 116 35 redan
550 1708 199 46 föreligger
791 1719 48 23 en
867 1707 143 47 ganska
1040 1708 135 34 allmän
1204 1706 153 48 mening
1385 1706 113 36 bland
1528 1707 45 35 de
1601 1707 121 46 bolag,
1752 1718 78 24 som
1860 1706 130 47 frågan

395 1765 166 32 närmast
602 1761 127 47 gäller,
773 1765 55 32 att
868 1760 252 48 värnpliktige
1163 1761 67 35 och
1260 1760 182 48 manskap
1472 1760 62 37 vid
1564 1762 126 34 armén
1719 1760 69 36 och
1816 1759 134 36 flottan
1976 1759 14 36 i

396 1815 203 36 allmänhet
639 1814 83 36 icke
764 1814 90 36 böra
894 1815 36 35 få
971 1814 347 47 utminuteringsvis
1351 1814 140 47 inköpa
1519 1813 195 36 brännvin.
1771 1813 219 36 Emellertid

397 1869 162 46 framgår
587 1868 70 35 ock
686 1880 45 24 av
759 1869 162 34 nämnda
949 1868 245 47 redogörelse,
1212 1871 54 32 att
1294 1868 46 35 de
1368 1867 195 36 utfärdade
1583 1867 328 36 bestämmelserna
1931 1872 60 30 äro

397 1922 151 48 mycket
576 1922 184 36 växlande
788 1921 59 36 till
874 1921 182 36 innebörd
1085 1922 68 36 och
1181 1921 249 47 tillämpning.
1486 1920 193 37 Utskottet
1707 1933 109 23 anser
1843 1920 14 35 i
1877 1920 112 46 enlig-

397 1976 65 35 het
490 1976 84 35 med
603 1975 65 36 sitt
696 1976 173 47 yttrande
899 1975 62 36 vid
989 1976 97 35 förra
1116 1978 95 33 årets
1239 1975 155 47 riksdag
1423 1975 187 43 önskvärt,
1642 1977 53 33 att
1713 1974 191 47 enhetliga
1932 1973 57 35 be-

398 2028 230 37 stämmelser
669 2029 146 35 komma
858 2032 54 32 att
939 2029 186 47 tillämpas
1152 2031 47 45 på
1227 2028 284 47 ifrågavarande
1540 2028 148 36 område
1718 2028 68 35 och
1816 2031 54 32 att
1897 2027 14 35 i
1940 2029 52 33 så-

398 2083 91 35 dant
517 2082 96 47 syfte
643 2094 46 24 en
717 2082 274 48 framställning
1019 2083 66 35 bör
1113 2087 107 42 göras
1248 2082 58 35 till
1334 2082 141 47 Kungl.
1505 2081 121 49 Maj:t.

503 2136 76 35 Vid
608 2136 72 35 den
708 2136 211 47 utredning,
951 2149 76 23 som
1056 2136 140 47 Kungl.
1226 2135 110 48 Maj:t
1362 2135 14 36 i
1405 2135 202 47 anledning
1637 2147 44 23 av
1702 2137 52 33 ett
1767 2133 222 47 riksdagens

397 2189 123 36 beslut
548 2190 13 35 i
590 2190 122 35 denna
740 2190 104 47 fråga
872 2191 105 35 torde
1006 2190 148 36 komma
1183 2193 54 32 att
1263 2190 178 46 företaga,
1471 2189 129 35 kunna
1620 2187 158 48 givetvis
1798 2187 192 36 framföras

398 2243 90 35 flera
517 2243 100 37 olika
645 2243 138 48 förslag
811 2244 58 36 till
901 2244 160 47 lösning.
1118 2243 71 36 Till
1218 2248 175 43 äventyrs
1422 2243 74 35 kan
1525 2242 132 37 härvid
1685 2241 146 43 tänkas,
1864 2244 54 33 att
1946 2253 45 24 en
