<?xml version="1.0" encoding="UTF-8"?>
<alto xmlns="http://www.loc.gov/standards/alto/ns-v3#" xmlns:xlink="http://www.w3.org/1999/xlink" xmlns:xsi="http://www.w3.org/2001/XMLSchema-instance" xsi:schemaLocation="http://www.loc.gov/standards/alto/ns-v3# http://www.loc.gov/alto/v3/alto-3-0.xsd">
	<Description>
		<MeasurementUnit>pixel</MeasurementUnit>
		<sourceImageInformation>
			<fileName>/tmp/tess_m2ef7i7j_input.PNG</fileName>
		</sourceImageInformation>
		<OCRProcessing ID="OCR_0">
			<ocrProcessingStep>
				<processingSoftware>
					<softwareName>tesseract 5.3.0</softwareName>
				</processingSoftware>
			</ocrProcessingStep>
		</OCRProcessing>
	</Description>
	<Layout>
		<Page WIDTH="2220" HEIGHT="2648" PHYSICAL_IMG_NR="0" ID="page_0">
			<PrintSpace HPOS="0" VPOS="0" WIDTH="2220" HEIGHT="2648">
				<ComposedBlock ID="cblock_0" HPOS="456" VPOS="208" WIDTH="1049" HEIGHT="33">
					<TextBlock ID="block_0" HPOS="456" VPOS="208" WIDTH="1049" HEIGHT="33">
						<TextLine ID="line_0" HPOS="456" VPOS="208" WIDTH="1049" HEIGHT="33">
							<String ID="string_0" HPOS="456" VPOS="212" WIDTH="18" HEIGHT="28" WC="0.96" CONTENT="8"/><SP WIDTH="439" VPOS="212" HPOS="474"/>
							<String ID="string_1" HPOS="913" VPOS="208" WIDTH="251" HEIGHT="33" WC="0.90" CONTENT="Statsutskottets"/><SP WIDTH="30" VPOS="208" HPOS="1164"/>
							<String ID="string_2" HPOS="1194" VPOS="209" WIDTH="171" HEIGHT="32" WC="0.95" CONTENT="Utlåtande"/><SP WIDTH="24" VPOS="209" HPOS="1365"/>
							<String ID="string_3" HPOS="1389" VPOS="209" WIDTH="64" HEIGHT="31" WC="0.95" CONTENT="N:o"/><SP WIDTH="23" VPOS="209" HPOS="1453"/>
							<String ID="string_4" HPOS="1476" VPOS="212" WIDTH="29" HEIGHT="28" WC="0.94" CONTENT="9."/>
						</TextLine>
					</TextBlock>
				</ComposedBlock>
				<ComposedBlock ID="cblock_1" HPOS="410" VPOS="286" WIDTH="1605" HEIGHT="2058">
					<TextBlock ID="block_1" HPOS="410" VPOS="286" WIDTH="1605" HEIGHT="1034">
						<TextLine ID="line_1" HPOS="414" VPOS="286" WIDTH="1592" HEIGHT="51">
							<String ID="string_5" HPOS="414" VPOS="287" WIDTH="136" HEIGHT="50" WC="0.95" CONTENT="anslag"/><SP WIDTH="28" VPOS="287" HPOS="550"/>
							<String ID="string_6" HPOS="578" VPOS="287" WIDTH="58" HEIGHT="36" WC="0.96" CONTENT="till"/><SP WIDTH="28" VPOS="287" HPOS="636"/>
							<String ID="string_7" HPOS="664" VPOS="287" WIDTH="73" HEIGHT="36" WC="0.92" CONTENT="den"/><SP WIDTH="28" VPOS="287" HPOS="737"/>
							<String ID="string_8" HPOS="765" VPOS="286" WIDTH="247" HEIGHT="48" WC="0.92" CONTENT="ifrågastälda"/><SP WIDTH="29" VPOS="286" HPOS="1012"/>
							<String ID="string_9" HPOS="1041" VPOS="287" WIDTH="451" HEIGHT="49" WC="0.90" CONTENT="assistentbefattningen"/><SP WIDTH="30" VPOS="287" HPOS="1492"/>
							<String ID="string_10" HPOS="1522" VPOS="287" WIDTH="222" HEIGHT="49" WC="0.95" CONTENT="beviljades,"/><SP WIDTH="29" VPOS="287" HPOS="1744"/>
							<String ID="string_11" HPOS="1773" VPOS="286" WIDTH="65" HEIGHT="37" WC="0.93" CONTENT="det"/><SP WIDTH="22" VPOS="286" HPOS="1838"/>
							<String ID="string_12" HPOS="1860" VPOS="286" WIDTH="146" HEIGHT="49" WC="0.92" CONTENT="jemväl"/>
						</TextLine>
						<TextLine ID="line_2" HPOS="413" VPOS="338" WIDTH="1592" HEIGHT="49">
							<String ID="string_13" HPOS="413" VPOS="339" WIDTH="168" HEIGHT="48" WC="0.93" CONTENT="begärda"/><SP WIDTH="17" VPOS="339" HPOS="581"/>
							<String ID="string_14" HPOS="598" VPOS="338" WIDTH="382" HEIGHT="37" WC="0.92" CONTENT="amanuensarfvodet"/><SP WIDTH="20" VPOS="338" HPOS="980"/>
							<String ID="string_15" HPOS="1000" VPOS="339" WIDTH="118" HEIGHT="37" WC="0.96" CONTENT="borde"/><SP WIDTH="21" VPOS="339" HPOS="1118"/>
							<String ID="string_16" HPOS="1139" VPOS="339" WIDTH="128" HEIGHT="36" WC="0.96" CONTENT="kunna"/><SP WIDTH="20" VPOS="339" HPOS="1267"/>
							<String ID="string_17" HPOS="1287" VPOS="339" WIDTH="77" HEIGHT="36" WC="0.96" CONTENT="tills"/><SP WIDTH="17" VPOS="339" HPOS="1364"/>
							<String ID="string_18" HPOS="1381" VPOS="339" WIDTH="128" HEIGHT="37" WC="0.93" CONTENT="vidare"/><SP WIDTH="26" VPOS="339" HPOS="1509"/>
							<String ID="string_19" HPOS="1535" VPOS="339" WIDTH="189" HEIGHT="47" WC="0.91" CONTENT="umbäras,"/><SP WIDTH="22" VPOS="339" HPOS="1724"/>
							<String ID="string_20" HPOS="1746" VPOS="338" WIDTH="98" HEIGHT="36" WC="0.96" CONTENT="hade"/><SP WIDTH="20" VPOS="338" HPOS="1844"/>
							<String ID="string_21" HPOS="1864" VPOS="338" WIDTH="141" HEIGHT="48" WC="0.95" CONTENT="Kongl."/>
						</TextLine>
						<TextLine ID="line_3" HPOS="413" VPOS="390" WIDTH="1594" HEIGHT="49">
							<String ID="string_22" HPOS="413" VPOS="391" WIDTH="106" HEIGHT="48" WC="0.96" CONTENT="Maj:t"/><SP WIDTH="43" VPOS="391" HPOS="519"/>
							<String ID="string_23" HPOS="562" VPOS="397" WIDTH="128" HEIGHT="30" WC="0.96" CONTENT="ansett"/><SP WIDTH="41" VPOS="397" HPOS="690"/>
							<String ID="string_24" HPOS="731" VPOS="390" WIDTH="62" HEIGHT="49" WC="0.96" CONTENT="sig"/><SP WIDTH="41" VPOS="390" HPOS="793"/>
							<String ID="string_25" HPOS="834" VPOS="391" WIDTH="92" HEIGHT="36" WC="0.96" CONTENT="böra"/><SP WIDTH="41" VPOS="391" HPOS="926"/>
							<String ID="string_26" HPOS="967" VPOS="391" WIDTH="40" HEIGHT="36" WC="0.96" CONTENT="af"/><SP WIDTH="38" VPOS="391" HPOS="1007"/>
							<String ID="string_27" HPOS="1045" VPOS="390" WIDTH="220" HEIGHT="49" WC="0.96" CONTENT="Riksdagen"/><SP WIDTH="36" VPOS="390" HPOS="1265"/>
							<String ID="string_28" HPOS="1301" VPOS="391" WIDTH="57" HEIGHT="36" WC="0.96" CONTENT="för"/><SP WIDTH="28" VPOS="391" HPOS="1358"/>
							<String ID="string_29" HPOS="1386" VPOS="391" WIDTH="62" HEIGHT="36" WC="0.96" CONTENT="det"/><SP WIDTH="28" VPOS="391" HPOS="1448"/>
							<String ID="string_30" HPOS="1476" VPOS="391" WIDTH="217" HEIGHT="36" WC="0.93" CONTENT="dåvarande"/><SP WIDTH="29" VPOS="391" HPOS="1693"/>
							<String ID="string_31" HPOS="1722" VPOS="390" WIDTH="163" HEIGHT="36" WC="0.92" CONTENT="allenast"/><SP WIDTH="29" VPOS="390" HPOS="1885"/>
							<String ID="string_32" HPOS="1914" VPOS="391" WIDTH="93" HEIGHT="35" WC="0.91" CONTENT="äska"/>
						</TextLine>
						<TextLine ID="line_4" HPOS="414" VPOS="441" WIDTH="1593" HEIGHT="50">
							<String ID="string_33" HPOS="414" VPOS="449" WIDTH="55" HEIGHT="30" WC="0.96" CONTENT="ett"/><SP WIDTH="28" VPOS="449" HPOS="469"/>
							<String ID="string_34" HPOS="497" VPOS="442" WIDTH="117" HEIGHT="48" WC="0.96" CONTENT="årligt"/><SP WIDTH="35" VPOS="442" HPOS="614"/>
							<String ID="string_35" HPOS="649" VPOS="441" WIDTH="134" HEIGHT="50" WC="0.95" CONTENT="anslag"/><SP WIDTH="29" VPOS="441" HPOS="783"/>
							<String ID="string_36" HPOS="812" VPOS="442" WIDTH="41" HEIGHT="36" WC="0.93" CONTENT="af"/><SP WIDTH="27" VPOS="442" HPOS="853"/>
							<String ID="string_37" HPOS="880" VPOS="444" WIDTH="109" HEIGHT="45" WC="0.92" CONTENT="1,500"/><SP WIDTH="30" VPOS="444" HPOS="989"/>
							<String ID="string_38" HPOS="1019" VPOS="443" WIDTH="142" HEIGHT="36" WC="0.96" CONTENT="kronor"/><SP WIDTH="27" VPOS="443" HPOS="1161"/>
							<String ID="string_39" HPOS="1188" VPOS="443" WIDTH="57" HEIGHT="36" WC="0.93" CONTENT="till"/><SP WIDTH="29" VPOS="443" HPOS="1245"/>
							<String ID="string_40" HPOS="1274" VPOS="442" WIDTH="202" HEIGHT="37" WC="0.92" CONTENT="aflönande"/><SP WIDTH="29" VPOS="442" HPOS="1476"/>
							<String ID="string_41" HPOS="1505" VPOS="443" WIDTH="41" HEIGHT="35" WC="0.96" CONTENT="af"/><SP WIDTH="24" VPOS="443" HPOS="1546"/>
							<String ID="string_42" HPOS="1570" VPOS="455" WIDTH="47" HEIGHT="23" WC="0.96" CONTENT="en"/><SP WIDTH="29" VPOS="455" HPOS="1617"/>
							<String ID="string_43" HPOS="1646" VPOS="442" WIDTH="194" HEIGHT="37" WC="0.93" CONTENT="assistent."/><SP WIDTH="57" VPOS="442" HPOS="1840"/>
							<String ID="string_44" HPOS="1897" VPOS="441" WIDTH="110" HEIGHT="37" WC="0.77" CONTENT="Riks-"/>
						</TextLine>
						<TextLine ID="line_5" HPOS="413" VPOS="493" WIDTH="1594" HEIGHT="49">
							<String ID="string_45" HPOS="413" VPOS="495" WIDTH="124" HEIGHT="47" WC="0.96" CONTENT="dagen"/><SP WIDTH="46" VPOS="495" HPOS="537"/>
							<String ID="string_46" HPOS="583" VPOS="497" WIDTH="40" HEIGHT="33" WC="0.95" CONTENT="år"/><SP WIDTH="45" VPOS="497" HPOS="623"/>
							<String ID="string_47" HPOS="668" VPOS="496" WIDTH="95" HEIGHT="35" WC="0.96" CONTENT="1891"/><SP WIDTH="37" VPOS="496" HPOS="763"/>
							<String ID="string_48" HPOS="800" VPOS="494" WIDTH="96" HEIGHT="36" WC="0.94" CONTENT="hade"/><SP WIDTH="39" VPOS="494" HPOS="896"/>
							<String ID="string_49" HPOS="935" VPOS="494" WIDTH="210" HEIGHT="37" WC="0.95" CONTENT="emellertid"/><SP WIDTH="30" VPOS="494" HPOS="1145"/>
							<String ID="string_50" HPOS="1175" VPOS="500" WIDTH="137" HEIGHT="42" WC="0.96" CONTENT="ansett,"/><SP WIDTH="32" VPOS="500" HPOS="1312"/>
							<String ID="string_51" HPOS="1344" VPOS="500" WIDTH="53" HEIGHT="31" WC="0.93" CONTENT="att"/><SP WIDTH="29" VPOS="500" HPOS="1397"/>
							<String ID="string_52" HPOS="1426" VPOS="495" WIDTH="183" HEIGHT="36" WC="0.91" CONTENT="behofvet"/><SP WIDTH="29" VPOS="495" HPOS="1609"/>
							<String ID="string_53" HPOS="1638" VPOS="494" WIDTH="42" HEIGHT="37" WC="0.97" CONTENT="af"/><SP WIDTH="22" VPOS="494" HPOS="1680"/>
							<String ID="string_54" HPOS="1702" VPOS="493" WIDTH="100" HEIGHT="37" WC="0.96" CONTENT="ökad"/><SP WIDTH="28" VPOS="493" HPOS="1802"/>
							<String ID="string_55" HPOS="1830" VPOS="493" WIDTH="177" HEIGHT="49" WC="0.96" CONTENT="personal"/>
						</TextLine>
						<TextLine ID="line_6" HPOS="414" VPOS="545" WIDTH="1595" HEIGHT="50">
							<String ID="string_56" HPOS="414" VPOS="547" WIDTH="62" HEIGHT="35" WC="0.96" CONTENT="vid"/><SP WIDTH="37" VPOS="547" HPOS="476"/>
							<String ID="string_57" HPOS="513" VPOS="545" WIDTH="269" HEIGHT="37" WC="0.95" CONTENT="institutionen"/><SP WIDTH="43" VPOS="545" HPOS="782"/>
							<String ID="string_58" HPOS="825" VPOS="546" WIDTH="124" HEIGHT="36" WC="0.95" CONTENT="skulle"/><SP WIDTH="42" VPOS="546" HPOS="949"/>
							<String ID="string_59" HPOS="991" VPOS="546" WIDTH="119" HEIGHT="36" WC="0.95" CONTENT="blifva"/><SP WIDTH="41" VPOS="546" HPOS="1110"/>
							<String ID="string_60" HPOS="1151" VPOS="549" WIDTH="47" HEIGHT="46" WC="0.96" CONTENT="på"/><SP WIDTH="41" VPOS="549" HPOS="1198"/>
							<String ID="string_61" HPOS="1239" VPOS="552" WIDTH="56" HEIGHT="31" WC="0.89" CONTENT="ett"/><SP WIDTH="41" VPOS="552" HPOS="1295"/>
							<String ID="string_62" HPOS="1336" VPOS="546" WIDTH="354" HEIGHT="37" WC="0.89" CONTENT="tillfredsställande"/><SP WIDTH="36" VPOS="546" HPOS="1690"/>
							<String ID="string_63" HPOS="1726" VPOS="550" WIDTH="77" HEIGHT="32" WC="0.93" CONTENT="sätt"/><SP WIDTH="28" VPOS="550" HPOS="1803"/>
							<String ID="string_64" HPOS="1831" VPOS="545" WIDTH="178" HEIGHT="49" WC="0.91" CONTENT="tillgodo-"/>
						</TextLine>
						<TextLine ID="line_7" HPOS="415" VPOS="597" WIDTH="1593" HEIGHT="49">
							<String ID="string_65" HPOS="415" VPOS="598" WIDTH="94" HEIGHT="47" WC="0.91" CONTENT="sedt,"/><SP WIDTH="43" VPOS="598" HPOS="509"/>
							<String ID="string_66" HPOS="552" VPOS="598" WIDTH="129" HEIGHT="36" WC="0.92" CONTENT="derest"/><SP WIDTH="37" VPOS="598" HPOS="681"/>
							<String ID="string_67" HPOS="718" VPOS="604" WIDTH="55" HEIGHT="30" WC="0.96" CONTENT="ett"/><SP WIDTH="40" VPOS="604" HPOS="773"/>
							<String ID="string_68" HPOS="813" VPOS="598" WIDTH="136" HEIGHT="48" WC="0.96" CONTENT="anslag"/><SP WIDTH="42" VPOS="598" HPOS="949"/>
							<String ID="string_69" HPOS="991" VPOS="597" WIDTH="36" HEIGHT="36" WC="0.96" CONTENT="af"/><SP WIDTH="43" VPOS="597" HPOS="1027"/>
							<String ID="string_70" HPOS="1070" VPOS="600" WIDTH="73" HEIGHT="35" WC="0.95" CONTENT="500"/><SP WIDTH="34" VPOS="600" HPOS="1143"/>
							<String ID="string_71" HPOS="1177" VPOS="598" WIDTH="141" HEIGHT="37" WC="0.91" CONTENT="kronor"/><SP WIDTH="28" VPOS="598" HPOS="1318"/>
							<String ID="string_72" HPOS="1346" VPOS="598" WIDTH="143" HEIGHT="36" WC="0.90" CONTENT="stäldes"/><SP WIDTH="30" VPOS="598" HPOS="1489"/>
							<String ID="string_73" HPOS="1519" VPOS="598" WIDTH="57" HEIGHT="36" WC="0.96" CONTENT="till"/><SP WIDTH="30" VPOS="598" HPOS="1576"/>
							<String ID="string_74" HPOS="1606" VPOS="598" WIDTH="140" HEIGHT="47" WC="0.95" CONTENT="Kongl."/><SP WIDTH="30" VPOS="598" HPOS="1746"/>
							<String ID="string_75" HPOS="1776" VPOS="597" WIDTH="129" HEIGHT="49" WC="0.93" CONTENT="Maj:ts"/><SP WIDTH="29" VPOS="597" HPOS="1905"/>
							<String ID="string_76" HPOS="1934" VPOS="597" WIDTH="74" HEIGHT="36" WC="0.93" CONTENT="för-"/>
						</TextLine>
						<TextLine ID="line_8" HPOS="414" VPOS="648" WIDTH="1594" HEIGHT="50">
							<String ID="string_77" HPOS="414" VPOS="650" WIDTH="166" HEIGHT="47" WC="0.92" CONTENT="fogande"/><SP WIDTH="43" VPOS="650" HPOS="580"/>
							<String ID="string_78" HPOS="623" VPOS="649" WIDTH="57" HEIGHT="36" WC="0.96" CONTENT="för"/><SP WIDTH="42" VPOS="649" HPOS="680"/>
							<String ID="string_79" HPOS="722" VPOS="649" WIDTH="167" HEIGHT="37" WC="0.93" CONTENT="arbetets"/><SP WIDTH="43" VPOS="649" HPOS="889"/>
							<String ID="string_80" HPOS="932" VPOS="649" WIDTH="278" HEIGHT="49" WC="0.92" CONTENT="uppehållande"/><SP WIDTH="34" VPOS="649" HPOS="1210"/>
							<String ID="string_81" HPOS="1244" VPOS="650" WIDTH="63" HEIGHT="36" WC="0.96" CONTENT="vid"/><SP WIDTH="29" VPOS="650" HPOS="1307"/>
							<String ID="string_82" HPOS="1336" VPOS="650" WIDTH="234" HEIGHT="48" WC="0.96" CONTENT="densamma,"/><SP WIDTH="31" VPOS="650" HPOS="1570"/>
							<String ID="string_83" HPOS="1601" VPOS="650" WIDTH="71" HEIGHT="36" WC="0.96" CONTENT="och"/><SP WIDTH="28" VPOS="650" HPOS="1672"/>
							<String ID="string_84" HPOS="1700" VPOS="648" WIDTH="97" HEIGHT="37" WC="0.96" CONTENT="hade"/><SP WIDTH="29" VPOS="648" HPOS="1797"/>
							<String ID="string_85" HPOS="1826" VPOS="651" WIDTH="47" HEIGHT="47" WC="0.96" CONTENT="på"/><SP WIDTH="29" VPOS="651" HPOS="1873"/>
							<String ID="string_86" HPOS="1902" VPOS="654" WIDTH="106" HEIGHT="30" WC="0.96" CONTENT="extra"/>
						</TextLine>
						<TextLine ID="line_9" HPOS="415" VPOS="700" WIDTH="1593" HEIGHT="51">
							<String ID="string_87" HPOS="415" VPOS="707" WIDTH="76" HEIGHT="31" WC="0.96" CONTENT="stat"/><SP WIDTH="37" VPOS="707" HPOS="491"/>
							<String ID="string_88" HPOS="528" VPOS="701" WIDTH="60" HEIGHT="36" WC="0.96" CONTENT="för"/><SP WIDTH="42" VPOS="701" HPOS="588"/>
							<String ID="string_89" HPOS="630" VPOS="704" WIDTH="39" HEIGHT="33" WC="0.95" CONTENT="år"/><SP WIDTH="45" VPOS="704" HPOS="669"/>
							<String ID="string_90" HPOS="714" VPOS="703" WIDTH="94" HEIGHT="34" WC="0.95" CONTENT="1892"/><SP WIDTH="44" VPOS="703" HPOS="808"/>
							<String ID="string_91" HPOS="852" VPOS="701" WIDTH="151" HEIGHT="36" WC="0.96" CONTENT="anvisat"/><SP WIDTH="41" VPOS="701" HPOS="1003"/>
							<String ID="string_92" HPOS="1044" VPOS="702" WIDTH="120" HEIGHT="48" WC="0.96" CONTENT="sagda"/><SP WIDTH="42" VPOS="702" HPOS="1164"/>
							<String ID="string_93" HPOS="1206" VPOS="701" WIDTH="150" HEIGHT="50" WC="0.96" CONTENT="belopp,"/><SP WIDTH="30" VPOS="701" HPOS="1356"/>
							<String ID="string_94" HPOS="1386" VPOS="701" WIDTH="149" HEIGHT="36" WC="0.96" CONTENT="hvilket"/><SP WIDTH="42" VPOS="701" HPOS="1535"/>
							<String ID="string_95" HPOS="1577" VPOS="702" WIDTH="214" HEIGHT="36" WC="0.96" CONTENT="sedermera"/><SP WIDTH="39" VPOS="702" HPOS="1791"/>
							<String ID="string_96" HPOS="1830" VPOS="700" WIDTH="178" HEIGHT="48" WC="0.96" CONTENT="beviljats"/>
						</TextLine>
						<TextLine ID="line_10" HPOS="410" VPOS="752" WIDTH="1597" HEIGHT="51">
							<String ID="string_97" HPOS="410" VPOS="753" WIDTH="145" HEIGHT="50" WC="0.90" CONTENT="jemväl"/><SP WIDTH="43" VPOS="753" HPOS="555"/>
							<String ID="string_98" HPOS="598" VPOS="752" WIDTH="58" HEIGHT="37" WC="0.96" CONTENT="för"/><SP WIDTH="43" VPOS="752" HPOS="656"/>
							<String ID="string_99" HPOS="699" VPOS="756" WIDTH="39" HEIGHT="33" WC="0.96" CONTENT="år"/><SP WIDTH="43" VPOS="756" HPOS="738"/>
							<String ID="string_100" HPOS="781" VPOS="754" WIDTH="110" HEIGHT="35" WC="0.95" CONTENT="1893."/><SP WIDTH="55" VPOS="754" HPOS="891"/>
							<String ID="string_101" HPOS="946" VPOS="753" WIDTH="130" HEIGHT="36" WC="0.96" CONTENT="Redan"/><SP WIDTH="42" VPOS="753" HPOS="1076"/>
							<String ID="string_102" HPOS="1118" VPOS="766" WIDTH="144" HEIGHT="24" WC="0.96" CONTENT="samma"/><SP WIDTH="34" VPOS="766" HPOS="1262"/>
							<String ID="string_103" HPOS="1296" VPOS="756" WIDTH="52" HEIGHT="44" WC="0.95" CONTENT="år,"/><SP WIDTH="34" VPOS="756" HPOS="1348"/>
							<String ID="string_104" HPOS="1382" VPOS="766" WIDTH="80" HEIGHT="23" WC="0.96" CONTENT="som"/><SP WIDTH="30" VPOS="766" HPOS="1462"/>
							<String ID="string_105" HPOS="1492" VPOS="753" WIDTH="105" HEIGHT="37" WC="0.96" CONTENT="detta"/><SP WIDTH="31" VPOS="753" HPOS="1597"/>
							<String ID="string_106" HPOS="1628" VPOS="752" WIDTH="136" HEIGHT="49" WC="0.93" CONTENT="belopp"/><SP WIDTH="29" VPOS="752" HPOS="1764"/>
							<String ID="string_107" HPOS="1793" VPOS="752" WIDTH="214" HEIGHT="44" WC="0.90" CONTENT="anvisades,"/>
						</TextLine>
						<TextLine ID="line_11" HPOS="415" VPOS="804" WIDTH="1592" HEIGHT="50">
							<String ID="string_108" HPOS="415" VPOS="806" WIDTH="68" HEIGHT="36" WC="0.93" CONTENT="och"/><SP WIDTH="24" VPOS="806" HPOS="483"/>
							<String ID="string_109" HPOS="507" VPOS="805" WIDTH="146" HEIGHT="49" WC="0.92" CONTENT="jemväl"/><SP WIDTH="34" VPOS="805" HPOS="653"/>
							<String ID="string_110" HPOS="687" VPOS="804" WIDTH="174" HEIGHT="37" WC="0.91" CONTENT="sistlidna"/><SP WIDTH="34" VPOS="804" HPOS="861"/>
							<String ID="string_111" HPOS="895" VPOS="807" WIDTH="40" HEIGHT="34" WC="0.96" CONTENT="år"/><SP WIDTH="41" VPOS="807" HPOS="935"/>
							<String ID="string_112" HPOS="976" VPOS="805" WIDTH="97" HEIGHT="36" WC="0.96" CONTENT="hade"/><SP WIDTH="43" VPOS="805" HPOS="1073"/>
							<String ID="string_113" HPOS="1116" VPOS="804" WIDTH="246" HEIGHT="37" WC="0.96" CONTENT="akademiska"/><SP WIDTH="42" VPOS="804" HPOS="1362"/>
							<String ID="string_114" HPOS="1404" VPOS="804" WIDTH="250" HEIGHT="37" WC="0.95" CONTENT="konsistoriet"/><SP WIDTH="33" VPOS="804" HPOS="1654"/>
							<String ID="string_115" HPOS="1687" VPOS="804" WIDTH="218" HEIGHT="47" WC="0.84" CONTENT="framhållit,"/><SP WIDTH="35" VPOS="804" HPOS="1905"/>
							<String ID="string_116" HPOS="1940" VPOS="810" WIDTH="67" HEIGHT="41" WC="0.96" CONTENT="att,"/>
						</TextLine>
						<TextLine ID="line_12" HPOS="418" VPOS="855" WIDTH="1591" HEIGHT="50">
							<String ID="string_117" HPOS="418" VPOS="860" WIDTH="41" HEIGHT="33" WC="0.93" CONTENT="så"/><SP WIDTH="27" VPOS="860" HPOS="459"/>
							<String ID="string_118" HPOS="486" VPOS="856" WIDTH="189" HEIGHT="49" WC="0.90" CONTENT="behöfligt"/><SP WIDTH="27" VPOS="856" HPOS="675"/>
							<String ID="string_119" HPOS="702" VPOS="856" WIDTH="69" HEIGHT="36" WC="0.96" CONTENT="och"/><SP WIDTH="29" VPOS="856" HPOS="771"/>
							<String ID="string_120" HPOS="800" VPOS="856" WIDTH="233" HEIGHT="37" WC="0.96" CONTENT="välkommet"/><SP WIDTH="28" VPOS="856" HPOS="1033"/>
							<String ID="string_121" HPOS="1061" VPOS="857" WIDTH="106" HEIGHT="36" WC="0.96" CONTENT="detta"/><SP WIDTH="29" VPOS="857" HPOS="1167"/>
							<String ID="string_122" HPOS="1196" VPOS="857" WIDTH="57" HEIGHT="36" WC="0.96" CONTENT="för"/><SP WIDTH="27" VPOS="857" HPOS="1253"/>
							<String ID="string_123" HPOS="1280" VPOS="863" WIDTH="106" HEIGHT="30" WC="0.93" CONTENT="extra"/><SP WIDTH="29" VPOS="863" HPOS="1386"/>
							<String ID="string_124" HPOS="1415" VPOS="856" WIDTH="234" HEIGHT="49" WC="0.91" CONTENT="arbetshjelp"/><SP WIDTH="30" VPOS="856" HPOS="1649"/>
							<String ID="string_125" HPOS="1679" VPOS="855" WIDTH="156" HEIGHT="38" WC="0.92" CONTENT="afsedda"/><SP WIDTH="26" VPOS="855" HPOS="1835"/>
							<String ID="string_126" HPOS="1861" VPOS="855" WIDTH="148" HEIGHT="36" WC="0.96" CONTENT="mindre"/>
						</TextLine>
						<TextLine ID="line_13" HPOS="418" VPOS="907" WIDTH="1591" HEIGHT="50">
							<String ID="string_127" HPOS="418" VPOS="909" WIDTH="134" HEIGHT="48" WC="0.96" CONTENT="anslag"/><SP WIDTH="30" VPOS="909" HPOS="552"/>
							<String ID="string_128" HPOS="582" VPOS="913" WIDTH="47" HEIGHT="31" WC="0.96" CONTENT="än"/><SP WIDTH="29" VPOS="913" HPOS="629"/>
							<String ID="string_129" HPOS="658" VPOS="908" WIDTH="108" HEIGHT="47" WC="0.95" CONTENT="varit,"/><SP WIDTH="30" VPOS="908" HPOS="766"/>
							<String ID="string_130" HPOS="796" VPOS="908" WIDTH="127" HEIGHT="37" WC="0.96" CONTENT="kunde"/><SP WIDTH="28" VPOS="908" HPOS="923"/>
							<String ID="string_131" HPOS="951" VPOS="908" WIDTH="65" HEIGHT="36" WC="0.96" CONTENT="det"/><SP WIDTH="27" VPOS="908" HPOS="1016"/>
							<String ID="string_132" HPOS="1043" VPOS="908" WIDTH="97" HEIGHT="37" WC="0.96" CONTENT="dock"/><SP WIDTH="36" VPOS="908" HPOS="1140"/>
							<String ID="string_133" HPOS="1176" VPOS="909" WIDTH="134" HEIGHT="36" WC="0.96" CONTENT="endast"/><SP WIDTH="28" VPOS="909" HPOS="1310"/>
							<String ID="string_134" HPOS="1338" VPOS="908" WIDTH="10" HEIGHT="36" WC="0.83" CONTENT="i"/><SP WIDTH="29" VPOS="908" HPOS="1348"/>
							<String ID="string_135" HPOS="1377" VPOS="911" WIDTH="125" HEIGHT="46" WC="0.96" CONTENT="någon"/><SP WIDTH="31" VPOS="911" HPOS="1502"/>
							<String ID="string_136" HPOS="1533" VPOS="911" WIDTH="87" HEIGHT="33" WC="0.96" CONTENT="mån"/><SP WIDTH="27" VPOS="911" HPOS="1620"/>
							<String ID="string_137" HPOS="1647" VPOS="908" WIDTH="106" HEIGHT="47" WC="0.96" CONTENT="lätta,"/><SP WIDTH="31" VPOS="908" HPOS="1753"/>
							<String ID="string_138" HPOS="1784" VPOS="921" WIDTH="86" HEIGHT="23" WC="0.93" CONTENT="men"/><SP WIDTH="28" VPOS="921" HPOS="1870"/>
							<String ID="string_139" HPOS="1898" VPOS="907" WIDTH="111" HEIGHT="48" WC="0.92" CONTENT="inga-"/>
						</TextLine>
						<TextLine ID="line_14" HPOS="416" VPOS="959" WIDTH="1591" HEIGHT="50">
							<String ID="string_140" HPOS="416" VPOS="961" WIDTH="114" HEIGHT="36" WC="0.90" CONTENT="lunda"/><SP WIDTH="43" VPOS="961" HPOS="530"/>
							<String ID="string_141" HPOS="573" VPOS="960" WIDTH="104" HEIGHT="48" WC="0.96" CONTENT="fylla,"/><SP WIDTH="42" VPOS="960" HPOS="677"/>
							<String ID="string_142" HPOS="719" VPOS="960" WIDTH="64" HEIGHT="36" WC="0.96" CONTENT="det"/><SP WIDTH="41" VPOS="960" HPOS="783"/>
							<String ID="string_143" HPOS="824" VPOS="960" WIDTH="212" HEIGHT="49" WC="0.92" CONTENT="trängande"/><SP WIDTH="44" VPOS="960" HPOS="1036"/>
							<String ID="string_144" HPOS="1080" VPOS="960" WIDTH="180" HEIGHT="36" WC="0.85" CONTENT="behofvet"/><SP WIDTH="43" VPOS="960" HPOS="1260"/>
							<String ID="string_145" HPOS="1303" VPOS="960" WIDTH="41" HEIGHT="36" WC="0.96" CONTENT="af"/><SP WIDTH="28" VPOS="960" HPOS="1344"/>
							<String ID="string_146" HPOS="1372" VPOS="966" WIDTH="55" HEIGHT="31" WC="0.96" CONTENT="ett"/><SP WIDTH="33" VPOS="966" HPOS="1427"/>
							<String ID="string_147" HPOS="1460" VPOS="960" WIDTH="74" HEIGHT="36" WC="0.96" CONTENT="fast"/><SP WIDTH="34" VPOS="960" HPOS="1534"/>
							<String ID="string_148" HPOS="1568" VPOS="959" WIDTH="161" HEIGHT="48" WC="0.96" CONTENT="biträde,"/><SP WIDTH="31" VPOS="959" HPOS="1729"/>
							<String ID="string_149" HPOS="1760" VPOS="959" WIDTH="135" HEIGHT="37" WC="0.96" CONTENT="sådant"/><SP WIDTH="30" VPOS="959" HPOS="1895"/>
							<String ID="string_150" HPOS="1925" VPOS="972" WIDTH="82" HEIGHT="23" WC="0.96" CONTENT="som"/>
						</TextLine>
						<TextLine ID="line_15" HPOS="416" VPOS="1010" WIDTH="1593" HEIGHT="51">
							<String ID="string_151" HPOS="416" VPOS="1012" WIDTH="73" HEIGHT="37" WC="0.95" CONTENT="den"/><SP WIDTH="42" VPOS="1012" HPOS="489"/>
							<String ID="string_152" HPOS="531" VPOS="1011" WIDTH="220" HEIGHT="50" WC="0.92" CONTENT="föreslagna"/><SP WIDTH="41" VPOS="1011" HPOS="751"/>
							<String ID="string_153" HPOS="792" VPOS="1011" WIDTH="454" HEIGHT="49" WC="0.90" CONTENT="assistentbefattningen"/><SP WIDTH="30" VPOS="1011" HPOS="1246"/>
							<String ID="string_154" HPOS="1276" VPOS="1011" WIDTH="118" HEIGHT="50" WC="0.91" CONTENT="afsåg."/><SP WIDTH="56" VPOS="1011" HPOS="1394"/>
							<String ID="string_155" HPOS="1450" VPOS="1012" WIDTH="53" HEIGHT="36" WC="0.95" CONTENT="På"/><SP WIDTH="27" VPOS="1012" HPOS="1503"/>
							<String ID="string_156" HPOS="1530" VPOS="1012" WIDTH="127" HEIGHT="48" WC="0.96" CONTENT="grund"/><SP WIDTH="29" VPOS="1012" HPOS="1657"/>
							<String ID="string_157" HPOS="1686" VPOS="1011" WIDTH="109" HEIGHT="37" WC="0.96" CONTENT="häraf"/><SP WIDTH="27" VPOS="1011" HPOS="1795"/>
							<String ID="string_158" HPOS="1822" VPOS="1011" WIDTH="70" HEIGHT="37" WC="0.96" CONTENT="och"/><SP WIDTH="31" VPOS="1011" HPOS="1892"/>
							<String ID="string_159" HPOS="1923" VPOS="1010" WIDTH="86" HEIGHT="36" WC="0.95" CONTENT="med"/>
						</TextLine>
						<TextLine ID="line_16" HPOS="415" VPOS="1061" WIDTH="1600" HEIGHT="52">
							<String ID="string_160" HPOS="415" VPOS="1063" WIDTH="242" HEIGHT="49" WC="0.96" CONTENT="åberopande"/><SP WIDTH="47" VPOS="1063" HPOS="657"/>
							<String ID="string_161" HPOS="704" VPOS="1064" WIDTH="40" HEIGHT="36" WC="0.96" CONTENT="af"/><SP WIDTH="36" VPOS="1064" HPOS="744"/>
							<String ID="string_162" HPOS="780" VPOS="1064" WIDTH="101" HEIGHT="36" WC="0.91" CONTENT="förut"/><SP WIDTH="40" VPOS="1064" HPOS="881"/>
							<String ID="string_163" HPOS="921" VPOS="1063" WIDTH="152" HEIGHT="37" WC="0.91" CONTENT="lemnad"/><SP WIDTH="41" VPOS="1063" HPOS="1073"/>
							<String ID="string_164" HPOS="1114" VPOS="1063" WIDTH="157" HEIGHT="50" WC="0.96" CONTENT="utförlig"/><SP WIDTH="28" VPOS="1063" HPOS="1271"/>
							<String ID="string_165" HPOS="1299" VPOS="1064" WIDTH="233" HEIGHT="48" WC="0.96" CONTENT="motivering"/><SP WIDTH="28" VPOS="1064" HPOS="1532"/>
							<String ID="string_166" HPOS="1560" VPOS="1064" WIDTH="199" HEIGHT="35" WC="0.96" CONTENT="äfvensom"/><SP WIDTH="29" VPOS="1064" HPOS="1759"/>
							<String ID="string_167" HPOS="1788" VPOS="1063" WIDTH="42" HEIGHT="36" WC="0.96" CONTENT="af"/><SP WIDTH="23" VPOS="1063" HPOS="1830"/>
							<String ID="string_168" HPOS="1853" VPOS="1077" WIDTH="47" HEIGHT="22" WC="0.96" CONTENT="en"/><SP WIDTH="31" VPOS="1077" HPOS="1900"/>
							<String ID="string_169" HPOS="1931" VPOS="1061" WIDTH="84" HEIGHT="37" WC="0.96" CONTENT="utaf"/>
						</TextLine>
						<TextLine ID="line_17" HPOS="414" VPOS="1114" WIDTH="1595" HEIGHT="50">
							<String ID="string_170" HPOS="414" VPOS="1114" WIDTH="531" HEIGHT="38" WC="0.92" CONTENT="institutionsföreståndaren"/><SP WIDTH="41" VPOS="1114" HPOS="945"/>
							<String ID="string_171" HPOS="986" VPOS="1115" WIDTH="227" HEIGHT="49" WC="0.92" CONTENT="ytterligare"/><SP WIDTH="45" VPOS="1115" HPOS="1213"/>
							<String ID="string_172" HPOS="1258" VPOS="1115" WIDTH="172" HEIGHT="48" WC="0.88" CONTENT="ingifven"/><SP WIDTH="43" VPOS="1115" HPOS="1430"/>
							<String ID="string_173" HPOS="1473" VPOS="1115" WIDTH="286" HEIGHT="48" WC="0.96" CONTENT="framställning"/><SP WIDTH="33" VPOS="1115" HPOS="1759"/>
							<String ID="string_174" HPOS="1792" VPOS="1115" WIDTH="97" HEIGHT="36" WC="0.93" CONTENT="hade"/><SP WIDTH="26" VPOS="1115" HPOS="1889"/>
							<String ID="string_175" HPOS="1915" VPOS="1114" WIDTH="94" HEIGHT="36" WC="0.92" CONTENT="kon-"/>
						</TextLine>
						<TextLine ID="line_18" HPOS="415" VPOS="1166" WIDTH="1594" HEIGHT="50">
							<String ID="string_176" HPOS="415" VPOS="1167" WIDTH="195" HEIGHT="37" WC="0.92" CONTENT="sistorium"/><SP WIDTH="29" VPOS="1167" HPOS="610"/>
							<String ID="string_177" HPOS="639" VPOS="1181" WIDTH="51" HEIGHT="22" WC="0.95" CONTENT="nu"/><SP WIDTH="28" VPOS="1181" HPOS="690"/>
							<String ID="string_178" HPOS="718" VPOS="1167" WIDTH="153" HEIGHT="48" WC="0.96" CONTENT="förnyat"/><SP WIDTH="29" VPOS="1167" HPOS="871"/>
							<String ID="string_179" HPOS="900" VPOS="1167" WIDTH="58" HEIGHT="36" WC="0.96" CONTENT="sin"/><SP WIDTH="31" VPOS="1167" HPOS="958"/>
							<String ID="string_180" HPOS="989" VPOS="1169" WIDTH="181" HEIGHT="46" WC="0.96" CONTENT="begäran,"/><SP WIDTH="30" VPOS="1169" HPOS="1170"/>
							<String ID="string_181" HPOS="1200" VPOS="1171" WIDTH="55" HEIGHT="32" WC="0.96" CONTENT="att"/><SP WIDTH="28" VPOS="1171" HPOS="1255"/>
							<String ID="string_182" HPOS="1283" VPOS="1167" WIDTH="57" HEIGHT="36" WC="0.96" CONTENT="för"/><SP WIDTH="15" VPOS="1167" HPOS="1340"/>
							<String ID="string_183" HPOS="1355" VPOS="1166" WIDTH="242" HEIGHT="50" WC="0.96" CONTENT="patologiska"/><SP WIDTH="16" VPOS="1166" HPOS="1597"/>
							<String ID="string_184" HPOS="1613" VPOS="1162" WIDTH="269" HEIGHT="58" WC="0.96" CONTENT="institutionen"/><SP WIDTH="22" VPOS="1162" HPOS="1882"/>
							<String ID="string_185" HPOS="1904" VPOS="1168" WIDTH="105" HEIGHT="34" WC="0.96" CONTENT="måtte"/>
						</TextLine>
						<TextLine ID="line_19" HPOS="415" VPOS="1218" WIDTH="1595" HEIGHT="50">
							<String ID="string_186" HPOS="415" VPOS="1219" WIDTH="175" HEIGHT="49" WC="0.93" CONTENT="beviljas,"/><SP WIDTH="29" VPOS="1219" HPOS="590"/>
							<String ID="string_187" HPOS="619" VPOS="1218" WIDTH="151" HEIGHT="37" WC="0.93" CONTENT="utöfver"/><SP WIDTH="24" VPOS="1218" HPOS="770"/>
							<String ID="string_188" HPOS="794" VPOS="1219" WIDTH="64" HEIGHT="36" WC="0.96" CONTENT="det"/><SP WIDTH="28" VPOS="1219" HPOS="858"/>
							<String ID="string_189" HPOS="886" VPOS="1232" WIDTH="50" HEIGHT="22" WC="0.93" CONTENT="nu"/><SP WIDTH="29" VPOS="1232" HPOS="936"/>
							<String ID="string_190" HPOS="965" VPOS="1221" WIDTH="20" HEIGHT="34" WC="0.91" CONTENT="å"/><SP WIDTH="28" VPOS="1221" HPOS="985"/>
							<String ID="string_191" HPOS="1013" VPOS="1224" WIDTH="108" HEIGHT="31" WC="0.96" CONTENT="extra"/><SP WIDTH="29" VPOS="1224" HPOS="1121"/>
							<String ID="string_192" HPOS="1150" VPOS="1224" WIDTH="75" HEIGHT="30" WC="0.96" CONTENT="stat"/><SP WIDTH="28" VPOS="1224" HPOS="1225"/>
							<String ID="string_193" HPOS="1253" VPOS="1218" WIDTH="182" HEIGHT="37" WC="0.95" CONTENT="anvisade"/><SP WIDTH="29" VPOS="1218" HPOS="1435"/>
							<String ID="string_194" HPOS="1464" VPOS="1218" WIDTH="140" HEIGHT="49" WC="0.96" CONTENT="belopp"/><SP WIDTH="30" VPOS="1218" HPOS="1604"/>
							<String ID="string_195" HPOS="1634" VPOS="1218" WIDTH="41" HEIGHT="36" WC="0.95" CONTENT="af"/><SP WIDTH="16" VPOS="1218" HPOS="1675"/>
							<String ID="string_196" HPOS="1691" VPOS="1220" WIDTH="73" HEIGHT="35" WC="0.94" CONTENT="500"/><SP WIDTH="22" VPOS="1220" HPOS="1764"/>
							<String ID="string_197" HPOS="1786" VPOS="1218" WIDTH="152" HEIGHT="48" WC="0.96" CONTENT="kronor,"/><SP WIDTH="17" VPOS="1218" HPOS="1938"/>
							<String ID="string_198" HPOS="1955" VPOS="1222" WIDTH="55" HEIGHT="31" WC="0.96" CONTENT="ett"/>
						</TextLine>
						<TextLine ID="line_20" HPOS="416" VPOS="1270" WIDTH="1259" HEIGHT="50">
							<String ID="string_199" HPOS="416" VPOS="1272" WIDTH="115" HEIGHT="48" WC="0.95" CONTENT="årligt"/><SP WIDTH="29" VPOS="1272" HPOS="531"/>
							<String ID="string_200" HPOS="560" VPOS="1271" WIDTH="137" HEIGHT="48" WC="0.96" CONTENT="anslag"/><SP WIDTH="27" VPOS="1271" HPOS="697"/>
							<String ID="string_201" HPOS="724" VPOS="1270" WIDTH="42" HEIGHT="36" WC="0.92" CONTENT="af"/><SP WIDTH="27" VPOS="1270" HPOS="766"/>
							<String ID="string_202" HPOS="793" VPOS="1272" WIDTH="110" HEIGHT="46" WC="0.91" CONTENT="1,500"/><SP WIDTH="29" VPOS="1272" HPOS="903"/>
							<String ID="string_203" HPOS="932" VPOS="1270" WIDTH="139" HEIGHT="37" WC="0.96" CONTENT="kronor"/><SP WIDTH="29" VPOS="1270" HPOS="1071"/>
							<String ID="string_204" HPOS="1100" VPOS="1270" WIDTH="56" HEIGHT="36" WC="0.96" CONTENT="till"/><SP WIDTH="29" VPOS="1270" HPOS="1156"/>
							<String ID="string_205" HPOS="1185" VPOS="1283" WIDTH="46" HEIGHT="24" WC="0.93" CONTENT="en"/><SP WIDTH="29" VPOS="1283" HPOS="1231"/>
							<String ID="string_206" HPOS="1260" VPOS="1270" WIDTH="415" HEIGHT="48" WC="0.92" CONTENT="assistentbefattning."/>
						</TextLine>
					</TextBlock>
					<TextBlock ID="block_2" HPOS="415" VPOS="1320" WIDTH="1596" HEIGHT="154">
						<TextLine ID="line_21" HPOS="544" VPOS="1320" WIDTH="1467" HEIGHT="52">
							<String ID="string_207" HPOS="544" VPOS="1323" WIDTH="18" HEIGHT="36" WC="0.96" CONTENT="I"/><SP WIDTH="41" VPOS="1323" HPOS="562"/>
							<String ID="string_208" HPOS="603" VPOS="1322" WIDTH="262" HEIGHT="50" WC="0.96" CONTENT="nyssnämnda"/><SP WIDTH="45" VPOS="1322" HPOS="865"/>
							<String ID="string_209" HPOS="910" VPOS="1322" WIDTH="282" HEIGHT="49" WC="0.96" CONTENT="framställning"/><SP WIDTH="28" VPOS="1322" HPOS="1192"/>
							<String ID="string_210" HPOS="1220" VPOS="1322" WIDTH="68" HEIGHT="37" WC="0.93" CONTENT="har"/><SP WIDTH="27" VPOS="1322" HPOS="1288"/>
							<String ID="string_211" HPOS="1315" VPOS="1322" WIDTH="543" HEIGHT="47" WC="0.91" CONTENT="institutionsföreståndaren,"/><SP WIDTH="31" VPOS="1322" HPOS="1858"/>
							<String ID="string_212" HPOS="1889" VPOS="1320" WIDTH="122" HEIGHT="49" WC="0.95" CONTENT="enligt"/>
						</TextLine>
						<TextLine ID="line_22" HPOS="415" VPOS="1373" WIDTH="1596" HEIGHT="50">
							<String ID="string_213" HPOS="415" VPOS="1374" WIDTH="101" HEIGHT="37" WC="0.93" CONTENT="hvad"/><SP WIDTH="24" VPOS="1374" HPOS="516"/>
							<String ID="string_214" HPOS="540" VPOS="1374" WIDTH="422" HEIGHT="49" WC="0.91" CONTENT="departementschefen"/><SP WIDTH="31" VPOS="1374" HPOS="962"/>
							<String ID="string_215" HPOS="993" VPOS="1373" WIDTH="129" HEIGHT="37" WC="0.96" CONTENT="vidare"/><SP WIDTH="29" VPOS="1373" HPOS="1122"/>
							<String ID="string_216" HPOS="1151" VPOS="1373" WIDTH="205" HEIGHT="49" WC="0.95" CONTENT="meddelar,"/><SP WIDTH="29" VPOS="1373" HPOS="1356"/>
							<String ID="string_217" HPOS="1385" VPOS="1374" WIDTH="57" HEIGHT="36" WC="0.96" CONTENT="till"/><SP WIDTH="28" VPOS="1374" HPOS="1442"/>
							<String ID="string_218" HPOS="1470" VPOS="1374" WIDTH="74" HEIGHT="37" WC="0.96" CONTENT="den"/><SP WIDTH="25" VPOS="1374" HPOS="1544"/>
							<String ID="string_219" HPOS="1569" VPOS="1373" WIDTH="220" HEIGHT="49" WC="0.94" CONTENT="utredning,"/><SP WIDTH="17" VPOS="1373" HPOS="1789"/>
							<String ID="string_220" HPOS="1806" VPOS="1386" WIDTH="81" HEIGHT="23" WC="0.95" CONTENT="som"/><SP WIDTH="23" VPOS="1386" HPOS="1887"/>
							<String ID="string_221" HPOS="1910" VPOS="1373" WIDTH="101" HEIGHT="35" WC="0.96" CONTENT="förut"/>
						</TextLine>
						<TextLine ID="line_23" HPOS="418" VPOS="1425" WIDTH="891" HEIGHT="49">
							<String ID="string_222" HPOS="418" VPOS="1426" WIDTH="176" HEIGHT="45" WC="0.90" CONTENT="lemnats,"/><SP WIDTH="30" VPOS="1426" HPOS="594"/>
							<String ID="string_223" HPOS="624" VPOS="1426" WIDTH="126" HEIGHT="48" WC="0.96" CONTENT="tillagt"/><SP WIDTH="27" VPOS="1426" HPOS="750"/>
							<String ID="string_224" HPOS="777" VPOS="1425" WIDTH="326" HEIGHT="49" WC="0.96" CONTENT="hufvudsakligen"/><SP WIDTH="28" VPOS="1425" HPOS="1103"/>
							<String ID="string_225" HPOS="1131" VPOS="1425" WIDTH="178" HEIGHT="49" WC="0.96" CONTENT="följande."/>
						</TextLine>
					</TextBlock>
					<TextBlock ID="block_3" HPOS="417" VPOS="1475" WIDTH="1597" HEIGHT="869">
						<TextLine ID="line_24" HPOS="544" VPOS="1475" WIDTH="1467" HEIGHT="51">
							<String ID="string_226" HPOS="544" VPOS="1478" WIDTH="54" HEIGHT="36" WC="0.96" CONTENT="På"/><SP WIDTH="40" VPOS="1478" HPOS="598"/>
							<String ID="string_227" HPOS="638" VPOS="1478" WIDTH="148" HEIGHT="48" WC="0.96" CONTENT="frågan,"/><SP WIDTH="30" VPOS="1478" HPOS="786"/>
							<String ID="string_228" HPOS="816" VPOS="1478" WIDTH="155" HEIGHT="36" WC="0.93" CONTENT="hvarför"/><SP WIDTH="28" VPOS="1478" HPOS="971"/>
							<String ID="string_229" HPOS="999" VPOS="1477" WIDTH="181" HEIGHT="37" WC="0.91" CONTENT="behofvet"/><SP WIDTH="28" VPOS="1477" HPOS="1180"/>
							<String ID="string_230" HPOS="1208" VPOS="1477" WIDTH="42" HEIGHT="36" WC="0.93" CONTENT="af"/><SP WIDTH="23" VPOS="1477" HPOS="1250"/>
							<String ID="string_231" HPOS="1273" VPOS="1477" WIDTH="118" HEIGHT="37" WC="0.91" CONTENT="ökadt"/><SP WIDTH="28" VPOS="1477" HPOS="1391"/>
							<String ID="string_232" HPOS="1419" VPOS="1477" WIDTH="278" HEIGHT="37" WC="0.92" CONTENT="arbetsbiträde"/><SP WIDTH="29" VPOS="1477" HPOS="1697"/>
							<String ID="string_233" HPOS="1726" VPOS="1477" WIDTH="71" HEIGHT="36" WC="0.96" CONTENT="och"/><SP WIDTH="31" VPOS="1477" HPOS="1797"/>
							<String ID="string_234" HPOS="1828" VPOS="1475" WIDTH="183" HEIGHT="38" WC="0.96" CONTENT="särskildt"/>
						</TextLine>
						<TextLine ID="line_25" HPOS="417" VPOS="1528" WIDTH="1591" HEIGHT="51">
							<String ID="string_235" HPOS="417" VPOS="1530" WIDTH="41" HEIGHT="36" WC="0.96" CONTENT="af"/><SP WIDTH="24" VPOS="1530" HPOS="458"/>
							<String ID="string_236" HPOS="482" VPOS="1530" WIDTH="72" HEIGHT="36" WC="0.96" CONTENT="den"/><SP WIDTH="31" VPOS="1530" HPOS="554"/>
							<String ID="string_237" HPOS="585" VPOS="1529" WIDTH="168" HEIGHT="49" WC="0.93" CONTENT="begärda"/><SP WIDTH="29" VPOS="1529" HPOS="753"/>
							<String ID="string_238" HPOS="782" VPOS="1529" WIDTH="336" HEIGHT="49" WC="0.92" CONTENT="assistentplatsen"/><SP WIDTH="24" VPOS="1529" HPOS="1118"/>
							<String ID="string_239" HPOS="1142" VPOS="1530" WIDTH="82" HEIGHT="47" WC="0.96" CONTENT="just"/><SP WIDTH="28" VPOS="1530" HPOS="1224"/>
							<String ID="string_240" HPOS="1252" VPOS="1532" WIDTH="47" HEIGHT="47" WC="0.96" CONTENT="på"/><SP WIDTH="29" VPOS="1532" HPOS="1299"/>
							<String ID="string_241" HPOS="1328" VPOS="1529" WIDTH="93" HEIGHT="36" WC="0.96" CONTENT="sista"/><SP WIDTH="29" VPOS="1529" HPOS="1421"/>
							<String ID="string_242" HPOS="1450" VPOS="1529" WIDTH="104" HEIGHT="36" WC="0.96" CONTENT="tiden"/><SP WIDTH="31" VPOS="1529" HPOS="1554"/>
							<String ID="string_243" HPOS="1585" VPOS="1529" WIDTH="69" HEIGHT="37" WC="0.96" CONTENT="och"/><SP WIDTH="18" VPOS="1529" HPOS="1654"/>
							<String ID="string_244" HPOS="1672" VPOS="1529" WIDTH="31" HEIGHT="48" WC="0.96" CONTENT="ej"/><SP WIDTH="33" VPOS="1529" HPOS="1703"/>
							<String ID="string_245" HPOS="1736" VPOS="1528" WIDTH="10" HEIGHT="36" WC="0.96" CONTENT="i"/><SP WIDTH="16" VPOS="1528" HPOS="1746"/>
							<String ID="string_246" HPOS="1762" VPOS="1528" WIDTH="146" HEIGHT="37" WC="0.96" CONTENT="samma"/><SP WIDTH="17" VPOS="1528" HPOS="1908"/>
							<String ID="string_247" HPOS="1925" VPOS="1530" WIDTH="83" HEIGHT="34" WC="0.96" CONTENT="mån"/>
						</TextLine>
						<TextLine ID="line_26" HPOS="418" VPOS="1579" WIDTH="1591" HEIGHT="51">
							<String ID="string_248" HPOS="418" VPOS="1581" WIDTH="76" HEIGHT="37" WC="0.96" CONTENT="förr"/><SP WIDTH="29" VPOS="1581" HPOS="494"/>
							<String ID="string_249" HPOS="523" VPOS="1582" WIDTH="105" HEIGHT="48" WC="0.96" CONTENT="gjort"/><SP WIDTH="29" VPOS="1582" HPOS="628"/>
							<String ID="string_250" HPOS="657" VPOS="1581" WIDTH="59" HEIGHT="49" WC="0.93" CONTENT="sig"/><SP WIDTH="28" VPOS="1581" HPOS="716"/>
							<String ID="string_251" HPOS="744" VPOS="1581" WIDTH="176" HEIGHT="48" WC="0.92" CONTENT="känbart,"/><SP WIDTH="30" VPOS="1581" HPOS="920"/>
							<String ID="string_252" HPOS="950" VPOS="1594" WIDTH="89" HEIGHT="24" WC="0.96" CONTENT="vore"/><SP WIDTH="29" VPOS="1594" HPOS="1039"/>
							<String ID="string_253" HPOS="1068" VPOS="1581" WIDTH="66" HEIGHT="36" WC="0.95" CONTENT="det"/><SP WIDTH="20" VPOS="1581" HPOS="1134"/>
							<String ID="string_254" HPOS="1154" VPOS="1581" WIDTH="83" HEIGHT="37" WC="0.96" CONTENT="icke"/><SP WIDTH="16" VPOS="1581" HPOS="1237"/>
							<String ID="string_255" HPOS="1253" VPOS="1584" WIDTH="106" HEIGHT="34" WC="0.96" CONTENT="svårt"/><SP WIDTH="15" VPOS="1584" HPOS="1359"/>
							<String ID="string_256" HPOS="1374" VPOS="1587" WIDTH="55" HEIGHT="30" WC="0.96" CONTENT="att"/><SP WIDTH="20" VPOS="1587" HPOS="1429"/>
							<String ID="string_257" HPOS="1449" VPOS="1580" WIDTH="107" HEIGHT="49" WC="0.96" CONTENT="gifva"/><SP WIDTH="21" VPOS="1580" HPOS="1556"/>
							<String ID="string_258" HPOS="1577" VPOS="1586" WIDTH="54" HEIGHT="31" WC="0.93" CONTENT="ett"/><SP WIDTH="16" VPOS="1586" HPOS="1631"/>
							<String ID="string_259" HPOS="1647" VPOS="1579" WIDTH="362" HEIGHT="50" WC="0.91" CONTENT="tillfyllestgörande"/>
						</TextLine>
						<TextLine ID="line_27" HPOS="418" VPOS="1632" WIDTH="1594" HEIGHT="50">
							<String ID="string_260" HPOS="418" VPOS="1647" WIDTH="98" HEIGHT="23" WC="0.95" CONTENT="svar."/><SP WIDTH="57" VPOS="1647" HPOS="516"/>
							<String ID="string_261" HPOS="573" VPOS="1633" WIDTH="295" HEIGHT="49" WC="0.92" CONTENT="Vetenskapens"/><SP WIDTH="42" VPOS="1633" HPOS="868"/>
							<String ID="string_262" HPOS="910" VPOS="1633" WIDTH="156" HEIGHT="36" WC="0.89" CONTENT="rastlöst"/><SP WIDTH="30" VPOS="1633" HPOS="1066"/>
							<String ID="string_263" HPOS="1096" VPOS="1633" WIDTH="228" HEIGHT="49" WC="0.95" CONTENT="fortgående"/><SP WIDTH="25" VPOS="1633" HPOS="1324"/>
							<String ID="string_264" HPOS="1349" VPOS="1632" WIDTH="225" HEIGHT="49" WC="0.95" CONTENT="utveckling"/><SP WIDTH="29" VPOS="1632" HPOS="1574"/>
							<String ID="string_265" HPOS="1603" VPOS="1632" WIDTH="105" HEIGHT="37" WC="0.96" CONTENT="förde"/><SP WIDTH="30" VPOS="1632" HPOS="1708"/>
							<String ID="string_266" HPOS="1738" VPOS="1632" WIDTH="84" HEIGHT="36" WC="0.96" CONTENT="med"/><SP WIDTH="31" VPOS="1632" HPOS="1822"/>
							<String ID="string_267" HPOS="1853" VPOS="1632" WIDTH="73" HEIGHT="48" WC="0.96" CONTENT="sig,"/><SP WIDTH="30" VPOS="1632" HPOS="1926"/>
							<String ID="string_268" HPOS="1956" VPOS="1637" WIDTH="56" HEIGHT="30" WC="0.96" CONTENT="att"/>
						</TextLine>
						<TextLine ID="line_28" HPOS="418" VPOS="1683" WIDTH="1594" HEIGHT="51">
							<String ID="string_269" HPOS="418" VPOS="1685" WIDTH="160" HEIGHT="49" WC="0.88" CONTENT="alltjemt"/><SP WIDTH="41" VPOS="1685" HPOS="578"/>
							<String ID="string_270" HPOS="619" VPOS="1698" WIDTH="77" HEIGHT="36" WC="0.92" CONTENT="nya"/><SP WIDTH="28" VPOS="1698" HPOS="696"/>
							<String ID="string_271" HPOS="724" VPOS="1685" WIDTH="405" HEIGHT="48" WC="0.90" CONTENT="forskningsområden"/><SP WIDTH="30" VPOS="1685" HPOS="1129"/>
							<String ID="string_272" HPOS="1159" VPOS="1685" WIDTH="207" HEIGHT="49" WC="0.96" CONTENT="öppnades,"/><SP WIDTH="31" VPOS="1685" HPOS="1366"/>
							<String ID="string_273" HPOS="1397" VPOS="1684" WIDTH="161" HEIGHT="37" WC="0.96" CONTENT="hvarvid"/><SP WIDTH="29" VPOS="1684" HPOS="1558"/>
							<String ID="string_274" HPOS="1587" VPOS="1684" WIDTH="84" HEIGHT="36" WC="0.95" CONTENT="icke"/><SP WIDTH="29" VPOS="1684" HPOS="1671"/>
							<String ID="string_275" HPOS="1700" VPOS="1684" WIDTH="121" HEIGHT="36" WC="0.96" CONTENT="sällan"/><SP WIDTH="30" VPOS="1684" HPOS="1821"/>
							<String ID="string_276" HPOS="1851" VPOS="1683" WIDTH="161" HEIGHT="37" WC="0.95" CONTENT="resultat"/>
						</TextLine>
						<TextLine ID="line_29" HPOS="418" VPOS="1734" WIDTH="1595" HEIGHT="51">
							<String ID="string_277" HPOS="418" VPOS="1750" WIDTH="148" HEIGHT="24" WC="0.92" CONTENT="vunnes"/><SP WIDTH="30" VPOS="1750" HPOS="566"/>
							<String ID="string_278" HPOS="596" VPOS="1737" WIDTH="41" HEIGHT="36" WC="0.96" CONTENT="af"/><SP WIDTH="38" VPOS="1737" HPOS="637"/>
							<String ID="string_279" HPOS="675" VPOS="1737" WIDTH="71" HEIGHT="36" WC="0.96" CONTENT="den"/><SP WIDTH="29" VPOS="1737" HPOS="746"/>
							<String ID="string_280" HPOS="775" VPOS="1736" WIDTH="228" HEIGHT="49" WC="0.96" CONTENT="ingripande"/><SP WIDTH="29" VPOS="1736" HPOS="1003"/>
							<String ID="string_281" HPOS="1032" VPOS="1736" WIDTH="199" HEIGHT="49" WC="0.96" CONTENT="praktiska"/><SP WIDTH="30" VPOS="1736" HPOS="1231"/>
							<String ID="string_282" HPOS="1261" VPOS="1737" WIDTH="212" HEIGHT="48" WC="0.95" CONTENT="betydelse,"/><SP WIDTH="30" VPOS="1737" HPOS="1473"/>
							<String ID="string_283" HPOS="1503" VPOS="1741" WIDTH="55" HEIGHT="31" WC="0.93" CONTENT="att"/><SP WIDTH="29" VPOS="1741" HPOS="1558"/>
							<String ID="string_284" HPOS="1587" VPOS="1736" WIDTH="111" HEIGHT="36" WC="0.91" CONTENT="derur"/><SP WIDTH="28" VPOS="1736" HPOS="1698"/>
							<String ID="string_285" HPOS="1726" VPOS="1735" WIDTH="195" HEIGHT="37" WC="0.96" CONTENT="utbildade"/><SP WIDTH="29" VPOS="1735" HPOS="1921"/>
							<String ID="string_286" HPOS="1950" VPOS="1734" WIDTH="63" HEIGHT="49" WC="0.96" CONTENT="sig"/>
						</TextLine>
						<TextLine ID="line_30" HPOS="420" VPOS="1786" WIDTH="1590" HEIGHT="51">
							<String ID="string_287" HPOS="420" VPOS="1802" WIDTH="78" HEIGHT="23" WC="0.95" CONTENT="mer"/><SP WIDTH="28" VPOS="1802" HPOS="498"/>
							<String ID="string_288" HPOS="526" VPOS="1789" WIDTH="93" HEIGHT="36" WC="0.95" CONTENT="eller"/><SP WIDTH="30" VPOS="1789" HPOS="619"/>
							<String ID="string_289" HPOS="649" VPOS="1788" WIDTH="144" HEIGHT="37" WC="0.93" CONTENT="mindre"/><SP WIDTH="30" VPOS="1788" HPOS="793"/>
							<String ID="string_290" HPOS="823" VPOS="1788" WIDTH="268" HEIGHT="49" WC="0.91" CONTENT="sjelfständiga"/><SP WIDTH="29" VPOS="1788" HPOS="1091"/>
							<String ID="string_291" HPOS="1120" VPOS="1788" WIDTH="231" HEIGHT="49" WC="0.96" CONTENT="discipliner."/><SP WIDTH="30" VPOS="1788" HPOS="1351"/>
							<String ID="string_292" HPOS="1381" VPOS="1788" WIDTH="59" HEIGHT="36" WC="0.96" CONTENT="En"/><SP WIDTH="17" VPOS="1788" HPOS="1440"/>
							<String ID="string_293" HPOS="1457" VPOS="1788" WIDTH="118" HEIGHT="36" WC="0.96" CONTENT="sådan"/><SP WIDTH="14" VPOS="1788" HPOS="1575"/>
							<String ID="string_294" HPOS="1589" VPOS="1801" WIDTH="88" HEIGHT="23" WC="0.93" CONTENT="vore"/><SP WIDTH="16" VPOS="1801" HPOS="1677"/>
							<String ID="string_295" HPOS="1693" VPOS="1786" WIDTH="317" HEIGHT="48" WC="0.92" CONTENT="bakteriologien,"/>
						</TextLine>
						<TextLine ID="line_31" HPOS="419" VPOS="1839" WIDTH="1593" HEIGHT="50">
							<String ID="string_296" HPOS="419" VPOS="1840" WIDTH="159" HEIGHT="37" WC="0.96" CONTENT="hvilken"/><SP WIDTH="29" VPOS="1840" HPOS="578"/>
							<String ID="string_297" HPOS="607" VPOS="1840" WIDTH="95" HEIGHT="37" WC="0.96" CONTENT="både"/><SP WIDTH="28" VPOS="1840" HPOS="702"/>
							<String ID="string_298" HPOS="730" VPOS="1840" WIDTH="58" HEIGHT="36" WC="0.96" CONTENT="för"/><SP WIDTH="29" VPOS="1840" HPOS="788"/>
							<String ID="string_299" HPOS="817" VPOS="1840" WIDTH="73" HEIGHT="37" WC="0.96" CONTENT="den"/><SP WIDTH="30" VPOS="1840" HPOS="890"/>
							<String ID="string_300" HPOS="920" VPOS="1840" WIDTH="199" HEIGHT="49" WC="0.96" CONTENT="praktiska"/><SP WIDTH="30" VPOS="1840" HPOS="1119"/>
							<String ID="string_301" HPOS="1149" VPOS="1840" WIDTH="211" HEIGHT="36" WC="0.89" CONTENT="medicinen"/><SP WIDTH="30" VPOS="1840" HPOS="1360"/>
							<String ID="string_302" HPOS="1390" VPOS="1840" WIDTH="69" HEIGHT="36" WC="0.96" CONTENT="och"/><SP WIDTH="31" VPOS="1840" HPOS="1459"/>
							<String ID="string_303" HPOS="1490" VPOS="1839" WIDTH="58" HEIGHT="37" WC="0.96" CONTENT="för"/><SP WIDTH="29" VPOS="1839" HPOS="1548"/>
							<String ID="string_304" HPOS="1577" VPOS="1839" WIDTH="193" HEIGHT="50" WC="0.95" CONTENT="hygienen"/><SP WIDTH="32" VPOS="1839" HPOS="1770"/>
							<String ID="string_305" HPOS="1802" VPOS="1839" WIDTH="71" HEIGHT="36" WC="0.96" CONTENT="fått"/><SP WIDTH="21" VPOS="1839" HPOS="1873"/>
							<String ID="string_306" HPOS="1894" VPOS="1852" WIDTH="46" HEIGHT="23" WC="0.96" CONTENT="en"/><SP WIDTH="31" VPOS="1852" HPOS="1940"/>
							<String ID="string_307" HPOS="1971" VPOS="1841" WIDTH="41" HEIGHT="33" WC="0.96" CONTENT="så"/>
						</TextLine>
						<TextLine ID="line_32" HPOS="419" VPOS="1889" WIDTH="1593" HEIGHT="52">
							<String ID="string_308" HPOS="419" VPOS="1893" WIDTH="209" HEIGHT="48" WC="0.92" CONTENT="afgörande"/><SP WIDTH="28" VPOS="1893" HPOS="628"/>
							<String ID="string_309" HPOS="656" VPOS="1892" WIDTH="211" HEIGHT="49" WC="0.96" CONTENT="betydelse,"/><SP WIDTH="27" VPOS="1892" HPOS="867"/>
							<String ID="string_310" HPOS="894" VPOS="1899" WIDTH="55" HEIGHT="30" WC="0.96" CONTENT="att"/><SP WIDTH="27" VPOS="1899" HPOS="949"/>
							<String ID="string_311" HPOS="976" VPOS="1906" WIDTH="46" HEIGHT="22" WC="0.93" CONTENT="en"/><SP WIDTH="29" VPOS="1906" HPOS="1022"/>
							<String ID="string_312" HPOS="1051" VPOS="1892" WIDTH="308" HEIGHT="48" WC="0.91" CONTENT="läkarebildning"/><SP WIDTH="28" VPOS="1892" HPOS="1359"/>
							<String ID="string_313" HPOS="1387" VPOS="1897" WIDTH="91" HEIGHT="31" WC="0.93" CONTENT="utan"/><SP WIDTH="28" VPOS="1897" HPOS="1478"/>
							<String ID="string_314" HPOS="1506" VPOS="1891" WIDTH="121" HEIGHT="49" WC="0.92" CONTENT="insigt"/><SP WIDTH="29" VPOS="1891" HPOS="1627"/>
							<String ID="string_315" HPOS="1656" VPOS="1891" WIDTH="10" HEIGHT="36" WC="0.96" CONTENT="i"/><SP WIDTH="20" VPOS="1891" HPOS="1666"/>
							<String ID="string_316" HPOS="1686" VPOS="1891" WIDTH="220" HEIGHT="37" WC="0.95" CONTENT="densamma"/><SP WIDTH="20" VPOS="1891" HPOS="1906"/>
							<String ID="string_317" HPOS="1926" VPOS="1889" WIDTH="86" HEIGHT="37" WC="0.96" CONTENT="icke"/>
						</TextLine>
						<TextLine ID="line_33" HPOS="420" VPOS="1943" WIDTH="1593" HEIGHT="50">
							<String ID="string_318" HPOS="420" VPOS="1944" WIDTH="126" HEIGHT="37" WC="0.96" CONTENT="kunde"/><SP WIDTH="44" VPOS="1944" HPOS="546"/>
							<String ID="string_319" HPOS="590" VPOS="1957" WIDTH="112" HEIGHT="23" WC="0.94" CONTENT="anses"/><SP WIDTH="34" VPOS="1957" HPOS="702"/>
							<String ID="string_320" HPOS="736" VPOS="1943" WIDTH="236" HEIGHT="50" WC="0.94" CONTENT="fullständig."/><SP WIDTH="55" VPOS="1943" HPOS="972"/>
							<String ID="string_321" HPOS="1027" VPOS="1944" WIDTH="60" HEIGHT="36" WC="0.59" CONTENT="En"/><SP WIDTH="29" VPOS="1944" HPOS="1087"/>
							<String ID="string_322" HPOS="1116" VPOS="1957" WIDTH="125" HEIGHT="23" WC="0.96" CONTENT="annan"/><SP WIDTH="29" VPOS="1957" HPOS="1241"/>
							<String ID="string_323" HPOS="1270" VPOS="1944" WIDTH="119" HEIGHT="36" WC="0.92" CONTENT="sådan"/><SP WIDTH="29" VPOS="1944" HPOS="1389"/>
							<String ID="string_324" HPOS="1418" VPOS="1944" WIDTH="333" HEIGHT="48" WC="0.92" CONTENT="vetenskapsgren"/><SP WIDTH="30" VPOS="1944" HPOS="1751"/>
							<String ID="string_325" HPOS="1781" VPOS="1955" WIDTH="91" HEIGHT="24" WC="0.93" CONTENT="vore"/><SP WIDTH="29" VPOS="1955" HPOS="1872"/>
							<String ID="string_326" HPOS="1901" VPOS="1955" WIDTH="112" HEIGHT="23" WC="0.89" CONTENT="nerv-"/>
						</TextLine>
						<TextLine ID="line_34" HPOS="421" VPOS="1994" WIDTH="1592" HEIGHT="51">
							<String ID="string_327" HPOS="421" VPOS="1997" WIDTH="290" HEIGHT="48" WC="0.91" CONTENT="sjukdomarnes"/><SP WIDTH="34" VPOS="1997" HPOS="711"/>
							<String ID="string_328" HPOS="745" VPOS="1996" WIDTH="170" HEIGHT="49" WC="0.96" CONTENT="patologi"/><SP WIDTH="35" VPOS="1996" HPOS="915"/>
							<String ID="string_329" HPOS="950" VPOS="1996" WIDTH="83" HEIGHT="36" WC="0.96" CONTENT="med"/><SP WIDTH="30" VPOS="1996" HPOS="1033"/>
							<String ID="string_330" HPOS="1063" VPOS="1996" WIDTH="67" HEIGHT="36" WC="0.93" CONTENT="sitt"/><SP WIDTH="29" VPOS="1996" HPOS="1130"/>
							<String ID="string_331" HPOS="1159" VPOS="1995" WIDTH="497" HEIGHT="49" WC="0.91" CONTENT="patologiskt-anatomiska"/><SP WIDTH="29" VPOS="1995" HPOS="1656"/>
							<String ID="string_332" HPOS="1685" VPOS="1994" WIDTH="199" HEIGHT="49" WC="0.94" CONTENT="underlag."/><SP WIDTH="55" VPOS="1994" HPOS="1884"/>
							<String ID="string_333" HPOS="1939" VPOS="1994" WIDTH="74" HEIGHT="36" WC="0.94" CONTENT="Det"/>
						</TextLine>
						<TextLine ID="line_35" HPOS="419" VPOS="2046" WIDTH="1592" HEIGHT="50">
							<String ID="string_334" HPOS="419" VPOS="2048" WIDTH="116" HEIGHT="37" WC="0.96" CONTENT="borde"/><SP WIDTH="21" VPOS="2048" HPOS="535"/>
							<String ID="string_335" HPOS="556" VPOS="2049" WIDTH="47" HEIGHT="35" WC="0.96" CONTENT="då"/><SP WIDTH="27" VPOS="2049" HPOS="603"/>
							<String ID="string_336" HPOS="630" VPOS="2048" WIDTH="84" HEIGHT="36" WC="0.95" CONTENT="icke"/><SP WIDTH="31" VPOS="2048" HPOS="714"/>
							<String ID="string_337" HPOS="745" VPOS="2047" WIDTH="119" HEIGHT="37" WC="0.93" CONTENT="heller"/><SP WIDTH="27" VPOS="2047" HPOS="864"/>
							<String ID="string_338" HPOS="891" VPOS="2048" WIDTH="197" HEIGHT="36" WC="0.93" CONTENT="förtänkas"/><SP WIDTH="25" VPOS="2048" HPOS="1088"/>
							<String ID="string_339" HPOS="1113" VPOS="2048" WIDTH="160" HEIGHT="46" WC="0.91" CONTENT="lärarne,"/><SP WIDTH="30" VPOS="2048" HPOS="1273"/>
							<String ID="string_340" HPOS="1303" VPOS="2053" WIDTH="55" HEIGHT="30" WC="0.96" CONTENT="att"/><SP WIDTH="28" VPOS="2053" HPOS="1358"/>
							<String ID="string_341" HPOS="1386" VPOS="2048" WIDTH="57" HEIGHT="47" WC="0.95" CONTENT="de,"/><SP WIDTH="31" VPOS="2048" HPOS="1443"/>
							<String ID="string_342" HPOS="1474" VPOS="2047" WIDTH="94" HEIGHT="36" WC="0.96" CONTENT="efter"/><SP WIDTH="29" VPOS="2047" HPOS="1568"/>
							<String ID="string_343" HPOS="1597" VPOS="2047" WIDTH="274" HEIGHT="49" WC="0.96" CONTENT="upprättandet"/><SP WIDTH="19" VPOS="2047" HPOS="1871"/>
							<String ID="string_344" HPOS="1890" VPOS="2046" WIDTH="39" HEIGHT="36" WC="0.96" CONTENT="af"/><SP WIDTH="20" VPOS="2046" HPOS="1929"/>
							<String ID="string_345" HPOS="1949" VPOS="2046" WIDTH="62" HEIGHT="36" WC="0.96" CONTENT="den"/>
						</TextLine>
						<TextLine ID="line_36" HPOS="420" VPOS="2097" WIDTH="1593" HEIGHT="52">
							<String ID="string_346" HPOS="420" VPOS="2113" WIDTH="74" HEIGHT="35" WC="0.96" CONTENT="nya"/><SP WIDTH="28" VPOS="2113" HPOS="494"/>
							<String ID="string_347" HPOS="522" VPOS="2099" WIDTH="243" HEIGHT="50" WC="0.96" CONTENT="patologiska"/><SP WIDTH="29" VPOS="2099" HPOS="765"/>
							<String ID="string_348" HPOS="794" VPOS="2099" WIDTH="266" HEIGHT="37" WC="0.96" CONTENT="institutionen"/><SP WIDTH="30" VPOS="2099" HPOS="1060"/>
							<String ID="string_349" HPOS="1090" VPOS="2099" WIDTH="71" HEIGHT="37" WC="0.96" CONTENT="och"/><SP WIDTH="28" VPOS="2099" HPOS="1161"/>
							<String ID="string_350" HPOS="1189" VPOS="2099" WIDTH="153" HEIGHT="36" WC="0.92" CONTENT="dermed"/><SP WIDTH="29" VPOS="2099" HPOS="1342"/>
							<String ID="string_351" HPOS="1371" VPOS="2099" WIDTH="107" HEIGHT="48" WC="0.91" CONTENT="gifna"/><SP WIDTH="28" VPOS="2099" HPOS="1478"/>
							<String ID="string_352" HPOS="1506" VPOS="2104" WIDTH="103" HEIGHT="43" WC="0.96" CONTENT="yttre"/><SP WIDTH="29" VPOS="2104" HPOS="1609"/>
							<String ID="string_353" HPOS="1638" VPOS="2098" WIDTH="199" HEIGHT="49" WC="0.96" CONTENT="möjlighet"/><SP WIDTH="28" VPOS="2098" HPOS="1837"/>
							<String ID="string_354" HPOS="1865" VPOS="2098" WIDTH="58" HEIGHT="36" WC="0.92" CONTENT="för"/><SP WIDTH="16" VPOS="2098" HPOS="1923"/>
							<String ID="string_355" HPOS="1939" VPOS="2097" WIDTH="74" HEIGHT="36" WC="0.87" CONTENT="hit-"/>
						</TextLine>
						<TextLine ID="line_37" HPOS="420" VPOS="2150" WIDTH="1594" HEIGHT="50">
							<String ID="string_356" HPOS="420" VPOS="2151" WIDTH="170" HEIGHT="37" WC="0.96" CONTENT="hörande"/><SP WIDTH="47" VPOS="2151" HPOS="590"/>
							<String ID="string_357" HPOS="637" VPOS="2152" WIDTH="154" HEIGHT="45" WC="0.94" CONTENT="studier,"/><SP WIDTH="43" VPOS="2152" HPOS="791"/>
							<String ID="string_358" HPOS="834" VPOS="2152" WIDTH="139" HEIGHT="35" WC="0.90" CONTENT="önskat"/><SP WIDTH="32" VPOS="2152" HPOS="973"/>
							<String ID="string_359" HPOS="1005" VPOS="2157" WIDTH="170" HEIGHT="43" WC="0.90" CONTENT="upptaga"/><SP WIDTH="30" VPOS="2157" HPOS="1175"/>
							<String ID="string_360" HPOS="1205" VPOS="2151" WIDTH="111" HEIGHT="36" WC="0.96" CONTENT="äfven"/><SP WIDTH="30" VPOS="2151" HPOS="1316"/>
							<String ID="string_361" HPOS="1346" VPOS="2150" WIDTH="262" HEIGHT="49" WC="0.93" CONTENT="nyssnämnda"/><SP WIDTH="28" VPOS="2150" HPOS="1608"/>
							<String ID="string_362" HPOS="1636" VPOS="2151" WIDTH="378" HEIGHT="48" WC="0.91" CONTENT="vetenskapsgrenar"/>
						</TextLine>
						<TextLine ID="line_38" HPOS="420" VPOS="2200" WIDTH="1593" HEIGHT="40">
							<String ID="string_363" HPOS="420" VPOS="2204" WIDTH="102" HEIGHT="36" WC="0.96" CONTENT="inom"/><SP WIDTH="43" VPOS="2204" HPOS="522"/>
							<String ID="string_364" HPOS="565" VPOS="2217" WIDTH="131" HEIGHT="23" WC="0.96" CONTENT="ramen"/><SP WIDTH="42" VPOS="2217" HPOS="696"/>
							<String ID="string_365" HPOS="738" VPOS="2203" WIDTH="40" HEIGHT="36" WC="0.96" CONTENT="af"/><SP WIDTH="37" VPOS="2203" HPOS="778"/>
							<String ID="string_366" HPOS="815" VPOS="2204" WIDTH="72" HEIGHT="35" WC="0.96" CONTENT="den"/><SP WIDTH="30" VPOS="2204" HPOS="887"/>
							<String ID="string_367" HPOS="917" VPOS="2203" WIDTH="62" HEIGHT="36" WC="0.95" CONTENT="vid"/><SP WIDTH="28" VPOS="2203" HPOS="979"/>
							<String ID="string_368" HPOS="1007" VPOS="2203" WIDTH="133" HEIGHT="37" WC="0.95" CONTENT="Lunds"/><SP WIDTH="30" VPOS="2203" HPOS="1140"/>
							<String ID="string_369" HPOS="1170" VPOS="2202" WIDTH="234" HEIGHT="37" WC="0.96" CONTENT="medicinska"/><SP WIDTH="29" VPOS="2202" HPOS="1404"/>
							<String ID="string_370" HPOS="1433" VPOS="2202" WIDTH="164" HEIGHT="37" WC="0.96" CONTENT="fakultet"/><SP WIDTH="27" VPOS="2202" HPOS="1597"/>
							<String ID="string_371" HPOS="1624" VPOS="2202" WIDTH="224" HEIGHT="36" WC="0.93" CONTENT="meddelade"/><SP WIDTH="29" VPOS="2202" HPOS="1848"/>
							<String ID="string_372" HPOS="1877" VPOS="2200" WIDTH="136" HEIGHT="36" WC="0.93" CONTENT="under-"/>
						</TextLine>
						<TextLine ID="line_39" HPOS="420" VPOS="2251" WIDTH="1593" HEIGHT="53">
							<String ID="string_373" HPOS="420" VPOS="2255" WIDTH="157" HEIGHT="49" WC="0.95" CONTENT="visning"/><SP WIDTH="43" VPOS="2255" HPOS="577"/>
							<String ID="string_374" HPOS="620" VPOS="2261" WIDTH="98" HEIGHT="31" WC="0.94" CONTENT="samt"/><SP WIDTH="40" VPOS="2261" HPOS="718"/>
							<String ID="string_375" HPOS="758" VPOS="2254" WIDTH="99" HEIGHT="37" WC="0.94" CONTENT="efter"/><SP WIDTH="40" VPOS="2254" HPOS="857"/>
							<String ID="string_376" HPOS="897" VPOS="2255" WIDTH="172" HEIGHT="49" WC="0.96" CONTENT="förmåga"/><SP WIDTH="42" VPOS="2255" HPOS="1069"/>
							<String ID="string_377" HPOS="1111" VPOS="2255" WIDTH="71" HEIGHT="36" WC="0.93" CONTENT="och"/><SP WIDTH="43" VPOS="2255" HPOS="1182"/>
							<String ID="string_378" HPOS="1225" VPOS="2254" WIDTH="181" HEIGHT="49" WC="0.93" CONTENT="lägenhet"/><SP WIDTH="28" VPOS="2254" HPOS="1406"/>
							<String ID="string_379" HPOS="1434" VPOS="2254" WIDTH="87" HEIGHT="36" WC="0.96" CONTENT="sökt"/><SP WIDTH="28" VPOS="2254" HPOS="1521"/>
							<String ID="string_380" HPOS="1549" VPOS="2253" WIDTH="134" HEIGHT="50" WC="0.96" CONTENT="främja"/><SP WIDTH="30" VPOS="2253" HPOS="1683"/>
							<String ID="string_381" HPOS="1713" VPOS="2253" WIDTH="143" HEIGHT="37" WC="0.96" CONTENT="studiet"/><SP WIDTH="28" VPOS="2253" HPOS="1856"/>
							<String ID="string_382" HPOS="1884" VPOS="2251" WIDTH="40" HEIGHT="36" WC="0.93" CONTENT="af"/><SP WIDTH="26" VPOS="2251" HPOS="1924"/>
							<String ID="string_383" HPOS="1950" VPOS="2251" WIDTH="63" HEIGHT="36" WC="0.92" CONTENT="de-"/>
						</TextLine>
						<TextLine ID="line_40" HPOS="420" VPOS="2320" WIDTH="156" HEIGHT="24">
							<String ID="string_384" HPOS="420" VPOS="2320" WIDTH="156" HEIGHT="24" WC="0.95" CONTENT="samma."/>
						</TextLine>
					</TextBlock>
				</ComposedBlock>
			</PrintSpace>
		</Page>
	</Layout>
</alto>
