2206 2648
455 233 40 33 78
917 231 249 34 Statsutskottets
1194 232 167 33 Utlåtande
1383 232 62 32 N:o
1468 232 30 30 9.

540 312 52 36 Af
630 311 420 50 statsrådsprotokollet
1091 311 201 47 inhemtas,
1336 316 55 31 att
1428 309 298 37 riksarkivarien
1755 308 12 36 i
1796 307 202 38 skrifvelse

410 364 74 36 den
529 366 47 34 30
618 363 177 37 sistlidne
839 363 225 49 september,
1103 363 120 36 under
1251 363 151 36 erinran
1433 367 54 31 att
1516 362 8 35 i
1556 362 72 36 den
1658 361 40 36 af
1722 360 139 48 Kongl.
1891 360 107 48 Maj:t

410 416 72 36 den
515 419 16 33 1
557 415 85 50 juni
674 417 96 35 1877
801 415 57 37 för
885 415 229 36 riksarkivet
1143 414 200 37 faststälda
1360 420 75 30 stat
1450 427 47 23 en
1514 426 145 24 summa
1676 413 36 36 af
1730 413 112 47 6,000
1859 411 139 36 kronor

409 480 90 23 vore
542 468 185 48 anslagen
770 467 57 36 till
859 466 458 48 vikariatsersättningar,
1348 465 183 37 arfvoden
1560 465 70 37 och
1659 463 274 50 flitpenningar
1960 466 37 33 åt

409 525 108 31 extra
559 519 187 48 biträden,
791 518 263 49 renskrifning
1086 532 47 23 m.
1164 532 60 34 m.,
1255 518 136 47 anfört,
1422 517 116 37 bland
1566 523 129 39 annat,
1725 521 55 32 att
1809 515 41 37 af
1873 515 124 36 denna

409 584 149 24 summa
599 570 161 49 utginge
802 570 57 37 till
900 569 459 49 vikariatsersättningar,
1389 570 46 36 då
1464 569 178 49 samtliga
1670 568 230 49 tjenstemän
1934 567 63 36 be-

408 622 179 49 gagnade
629 623 60 48 sig
731 622 41 36 af
797 623 54 35 sin
883 627 75 32 rätt
987 622 56 36 till
1074 627 194 42 semester,
1299 627 55 31 ett
1381 621 139 49 belopp
1550 620 42 36 af
1618 621 110 48 1,325
1759 620 151 45 kronor,
1941 618 55 36 till

409 675 182 36 arfvoden
622 677 37 34 åt
687 680 109 31 extra
824 674 258 36 vaktmästare
1112 673 179 49 omkring
1320 675 73 35 300
1417 673 142 36 kronor
1575 673 69 36 och
1663 672 56 36 till
1736 670 261 49 renskrifning

409 732 55 31 ett
492 726 201 47 vexlande,
724 725 147 37 mindre
900 726 153 49 belopp,
1082 726 119 36 under
1231 725 64 36 det
1323 731 54 30 att
1406 724 179 49 omkring
1612 726 114 46 4,300
1756 723 140 36 kronor
1923 722 74 36 till-

410 778 105 37 lades
558 791 30 23 e.
625 791 31 23 o.
687 791 253 23 amanuenser
969 781 125 33 såsom
1123 777 183 36 arfvoden
1335 776 71 37 och
1435 776 288 49 flitpenningar,
1753 778 47 45 på
1829 774 65 36 det
1922 779 75 31 sätt

409 836 54 30 att
492 831 113 47 3,000
633 829 141 37 kronor
801 828 193 38 lemnades
1023 830 9 35 i
1063 829 93 37 form
1187 829 41 36 af
1251 828 196 37 bestämda
1477 828 182 36 arfvoden
1689 830 20 33 å
1732 829 110 45 1,000
1858 826 139 36 kronor

408 881 146 49 årligen
584 884 37 33 åt
649 887 57 31 tre
735 881 142 36 sådana
898 894 252 24 amanuenser
1166 887 104 30 emot
1287 881 88 45 viss,
1392 879 134 49 daglig
1541 877 456 51 tjenstgöringsskyldig-

407 933 77 47 het,
513 933 71 37 och
612 933 231 47 återstoden,
873 932 180 49 omkring
1085 934 108 45 1,300
1223 932 152 47 kronor,
1404 931 231 50 qvartalsvis
1663 930 199 37 utdelades
1879 929 56 36 till
1951 931 45 34 de

407 985 122 50 öfriga
563 998 31 23 e.
624 998 32 23 o.
687 998 315 24 amanuenserna.
1059 985 57 36 Då
1144 984 211 37 emellertid
1384 983 143 37 antalet
1554 983 42 36 af
1618 982 254 37 riksarkivets
1901 995 30 22 e.
1963 994 31 23 o.

407 1050 253 24 amanuenser
688 1049 160 24 numera
875 1036 198 50 uppginge
1101 1036 57 36 till
1191 1038 56 45 10,
1277 1036 125 36 blefve
1432 1037 265 46 ersättningen
1726 1034 59 36 för
1801 1033 96 47 dem,
1915 1046 80 23 som

407 1089 32 49 ej
483 1089 145 48 åtnjöte
671 1088 194 38 bestämdt
905 1088 231 48 årsarfvode,
1180 1088 154 48 mycket
1363 1087 109 48 ringa
1501 1087 71 36 och
1601 1086 121 47 stode,
1753 1085 120 48 enligt
1902 1084 94 37 riks-

407 1140 238 37 arkivariens
688 1140 172 49 mening,
904 1140 32 48 ej
972 1140 12 36 i
1015 1142 115 47 något
1157 1139 148 49 rimligt
1333 1138 238 37 förhållande
1600 1137 57 37 till
1685 1138 64 35 det
1778 1137 142 47 arbete,
1950 1137 46 36 de

406 1193 103 36 inom
554 1192 151 37 arkivet
738 1192 159 37 utförde.
954 1191 182 37 Flertalet
1164 1192 43 36 af
1231 1191 83 37 dem
1345 1190 253 48 tjenstgjorde
1628 1189 195 48 nemligen
1853 1191 20 33 å
1901 1188 96 36 riks-

406 1244 150 37 arkivet
584 1247 40 34 så
651 1244 96 49 godt
776 1257 80 23 som
885 1243 183 50 dagligen
1097 1243 90 37 flera
1216 1243 91 36 eller
1335 1242 97 37 färre
1449 1242 167 47 timmar,
1633 1241 109 36 deras
1761 1240 129 36 arbete
1908 1253 88 23 vore

406 1296 57 36 för
505 1296 168 53 arkivet
698 1296 43 36 af
766 1296 151 49 mycket
945 1295 116 36 värde
1091 1295 70 37 och
1190 1295 123 36 skulle
1343 1295 32 48 ej
1406 1299 92 31 utan
1528 1299 79 31 stor
1635 1292 207 50 olägenhet
1869 1291 128 36 kunna

405 1348 202 36 undvaras.
651 1348 127 36 Äfven
808 1347 119 37 under
955 1347 228 49 antagande,
1214 1352 56 31 att
1299 1346 144 37 antalet
1471 1345 42 36 af
1538 1359 30 22 e.
1599 1358 31 23 o.
1660 1357 252 23 amanuenser
1933 1343 63 37 vid

405 1399 231 37 riksarkivet
678 1399 125 37 skulle
844 1399 130 37 kunna
1016 1402 117 45 något
1170 1398 182 47 minskas,
1395 1397 125 37 blefve
1555 1397 64 36 det
1653 1396 57 36 för
1740 1395 254 37 ändamålet
1975 1391 24 61 i

405 1456 128 32 staten
575 1451 187 48 anslagna
800 1451 181 49 beloppet
1008 1451 11 36 i
1048 1451 129 49 hvarje
1207 1450 64 36 fall
1300 1450 155 36 alldeles
1485 1448 260 48 otillräckligt.
1800 1447 195 36 Riksarki-

406 1503 144 47 varien,
580 1516 77 23 som
688 1506 144 47 ansåge
861 1503 136 48 billigt,
1027 1508 54 31 att
1110 1509 54 29 ett
1192 1505 42 33 så
1262 1502 94 48 godt
1384 1501 71 36 och
1483 1500 153 37 redbart
1665 1500 128 36 arbete
1822 1513 81 22 som
1919 1498 75 48 det,

405 1555 148 37 hvilket
577 1554 171 37 utfördes
778 1555 42 36 af
843 1555 46 36 de
918 1554 291 49 ifrågavarande
1239 1560 106 30 extra
1367 1552 190 38 ordinarie
1572 1550 422 51 tjenstemännen,
1912 1546 86 62 icke

405 1607 41 36 af
482 1612 125 32 staten
650 1607 196 36 lemnades
876 1612 90 31 utan
997 1606 236 49 någorlunda
1264 1605 128 48 skälig
1413 1604 228 48 ersättning,
1672 1603 212 37 hemstälde
1913 1603 81 36 der-

405 1659 69 47 för,
516 1665 56 29 att
613 1659 142 48 Kongl.
800 1658 104 49 Maj:t
946 1661 115 34 måtte
1090 1658 137 36 föreslå
1256 1657 221 49 Riksdagen
1507 1661 56 31 att
1590 1656 63 36 vid
1679 1654 316 38 nästkommande

405 1710 298 49 statsreglering
732 1710 89 49 höja
849 1711 63 35 det
940 1710 11 36 i
980 1710 252 36 riksarkivets
1262 1714 76 31 stat
1367 1709 56 36 till
1445 1706 460 48 vikariatsersättningar,
1922 1706 73 36 arf-

404 1762 126 37 voden
559 1762 70 37 och
658 1762 274 49 flitpenningar
961 1765 38 33 åt
1028 1770 106 28 extra
1164 1761 186 47 biträden,
1379 1759 264 49 renskrifning
1671 1773 47 22 m.
1738 1773 47 22 m.
1807 1758 188 49 anslagna

403 1814 140 50 belopp
586 1814 78 36 från
709 1816 113 45 6,000
865 1814 139 36 kronor
1038 1813 56 37 till
1129 1815 113 45 8;500
1272 1813 139 36 kronor
1440 1811 103 47 eller,
1572 1811 11 36 i
1613 1810 65 37 fall
1707 1810 136 37 sådant
1871 1809 123 38 skulle

404 1866 173 37 befinnas
607 1866 235 49 lämpligare,
871 1871 54 31 att
953 1868 49 47 på
1030 1871 106 30 extra
1165 1871 76 31 stat
1270 1865 57 36 för
1356 1867 39 33 år
1426 1865 98 35 1894
1553 1862 133 37 anvisa
1716 1868 52 31 ett
1799 1861 137 50 belopp
1958 1861 41 36 af

405 1920 113 45 2,500
560 1917 140 38 kronor
734 1923 56 32 att
819 1917 196 37 användas
1045 1916 56 37 till
1129 1917 181 36 arfvoden
1341 1920 35 33 åt
1405 1916 46 36 de
1481 1921 109 31 extra
1619 1913 190 38 ordinarie
1839 1913 155 49 tjenste-

405 1974 165 33 männen
600 1970 61 37 vid
690 1969 242 37 riksarkivet.

532 2022 56 36 De
618 2021 40 37 af
681 2021 297 37 riksarkivarien
1004 2020 158 37 sålunda
1186 2020 158 36 anförda
1374 2019 82 37 skäl
1482 2019 69 36 har
1567 2016 426 52 departementschefen

405 2073 124 38 funnit
560 2073 248 49 synnerligen
837 2072 315 38 beaktansvärda.
1196 2071 127 38 Sedan
1352 2071 72 37 den
1453 2070 67 48 tid,
1551 2069 46 37 då
1624 2070 179 48 gällande
1833 2074 75 31 stat
1937 2068 57 36 för

404 2124 233 38 riksarkivet
680 2124 233 47 faststäldes,
949 2124 98 36 hade
1081 2124 103 36 detta
1212 2123 244 37 embetsverk
1485 2122 161 37 kommit
1674 2121 12 36 i
1716 2120 213 49 besittning
1958 2120 41 36 af

402 2191 47 22 en
491 2177 193 48 betydligt
726 2176 186 49 utvidgad
946 2175 114 48 lokal,
1090 2175 147 37 hvilket
1267 2174 236 37 förhållande
1532 2173 11 36 i
1572 2173 179 49 förening
1780 2172 86 37 med
1895 2171 98 37 arki-

403 2229 190 36 valiernas
635 2229 152 36 tillväxt
828 2227 217 38 framkallat
1085 2227 114 37 behof
1238 2227 41 36 af
1310 2226 98 37 ökad
1437 2226 166 48 tillgång
1630 2228 49 47 på
1709 2222 282 39 arbetskrafter.

402 2281 76 36 För
513 2285 56 32 att
597 2280 203 49 tillgodose
830 2280 103 37 detta
963 2279 119 37 behof
1105 2282 143 46 ansåge
1278 2277 425 51 departementschefen
1731 2277 74 37 den
1834 2275 41 37 af
1898 2273 95 37 riks-
