2218 2656
706 227 250 33 Statsutskottets
986 225 172 37 Utlåtande
1181 226 64 36 N:o
1267 230 29 31 9.
1734 228 41 35 97

619 306 101 49 stiga
749 307 100 37 hvad
879 307 288 39 vederbörande
1192 308 182 38 kommun
1395 308 8 37 i
1423 308 163 39 kontant
1604 309 212 52 tillskjuter

621 358 57 37 för
705 359 147 38 skolan.

616 522 337 43 Medicinalstyrelsen
978 523 70 34 med
1072 523 194 35 dithörande
1289 524 122 34 stater.

347 615 98 47 73:0)
475 616 197 38 Utskottet
700 618 234 49 hemställer,
1822 619 101 74 försa
1924 619 110 74 ber

1830 693 33 30 af
1876 693 157 31 hospitalens

741 727 55 32 att
823 722 235 51 Riksdagen,
1088 723 86 38 med
1204 724 104 37 bifall
1332 725 59 37 till
1416 726 139 49 Kongl.
1582 726 127 50 Maj:ts
1724 727 85 37 der-
1843 728 179 32 räkenskaper.

612 787 60 23 om
714 774 136 49 gjorda
892 775 284 50 framställning
1213 776 70 37 och
1312 777 10 36 i
1352 777 123 37 likhet
1505 777 83 38 med
1620 778 102 38 hvad
1750 779 58 37 för
1846 760 14 70 =
1883 764 96 47 [63-]

613 825 91 38 flera
729 826 231 50 föregående
989 830 41 34 år
1056 834 67 43 egt
1150 842 96 35 rum,
1276 832 60 33 må
1364 829 139 50 bevilja
1532 835 55 32 ett
1616 836 106 32 extra
1743 844 64 24 an-

612 878 85 50 slag
738 879 57 36 för
833 882 40 33 år
917 881 98 36 1894
1057 880 42 37 af
1140 881 110 47 1,200
1292 881 140 37 kronor
1469 881 58 37 till
1564 882 157 38 arfvode
1750 883 58 37 för

610 931 226 49 granskning
864 932 46 47 af
933 932 222 48 hospitalens
1183 934 256 48 räkenskaper.

343 1031 98 50 74:0)
471 1031 89 38 Med
588 1033 211 50 anledning
826 1035 42 37 af
892 1034 141 50 Kongl.
1064 1035 126 50 Maj:ts
1219 1036 129 38 derom
1367 1037 135 50 gjorda
1523 1038 284 51 framställning
1835 1040 185 60 str

213 1082 223 38 hemställer
463 1084 202 49 utskottet,
1826 1111 47 23 ben.
1886 1083 52 58 for
1957 1112 73 23 tänds

1850 1146 153 31 sjukdomar.

740 1194 55 32 att
823 1189 224 50 Riksdagen
1076 1194 60 33 må
1164 1191 113 38 äfven
1306 1192 59 37 för
1392 1195 41 35 år
1464 1196 97 35 1894
1590 1195 133 37 anvisa
1751 1201 55 31 ett
1844 1178 18 69 =
1884 1182 92 47 [64-]

610 1246 106 31 extra
745 1241 137 49 anslag
911 1241 41 36 af
976 1243 113 44 4,000
1109 1243 141 37 kronor
1268 1244 58 37 för
1345 1245 279 50 uppehållande
1644 1246 10 37 i
1672 1246 134 38 Stock-

611 1291 101 37 holm
742 1293 42 37 af
807 1305 47 24 en
878 1294 195 48 poliklinik
1098 1296 61 47 för
1187 1297 312 49 tandsjukdomar.

553 1453 207 44 Vitterhets-,
786 1455 154 34 historie-
964 1456 63 34 och
1053 1457 404 44 antiqvitetsakademien.

340 1549 97 50 75:0)
466 1550 86 37 Med
581 1551 209 50 anledning
818 1552 42 37 af
883 1553 139 49 Kongl.
1052 1554 125 49 Maj:ts
1207 1555 129 37 derom
1361 1557 135 49 gjorda
1517 1557 284 51 framställning
1818 1555 41 57 Ha
1882 1555 135 60 die

209 1600 72 37 och
322 1601 58 48 då,
417 1602 122 48 enligt
567 1602 97 38 hvad
694 1604 9 35 i
734 1605 420 49 statsrådsprotokollet
1182 1608 192 49 upplyses,
1403 1608 47 37 de
1479 1615 108 32 extra
1615 1610 136 50 anslag
1778 1614 21 34 &
1826 1624 114 24 historie-
1959 1610 67 39 och

208 1652 253 38 tillsammans
491 1656 111 46 9,200
631 1655 151 49 kronor,
812 1669 81 24 som
918 1658 58 35 för
1005 1659 189 48 ändamål,
1216 1660 216 36 tillhörande
1448 1660 232 39 akademiens
1699 1663 100 36 verk-
1837 1660 162 59 agerat

207 1705 144 47 samhet,
375 1705 126 37 blifvit
529 1706 58 37 för
615 1706 258 39 innevarande
901 1708 137 37 liksom
1068 1710 58 36 för
1152 1711 91 36 flera
1271 1711 233 48 föregående
1533 1716 39 34 år
1600 1714 198 48 beviljade,
1845 1729 153 31 samlingar.

209 1761 64 31 äro
316 1756 56 36 för
412 1770 144 24 samma
594 1759 174 36 ändamål
797 1759 234 39 fortfarande
1061 1761 263 51 erforderliga,
1355 1763 222 38 hemställer
1601 1766 198 48 utskottet,
1842 1752 18 66 —
1874 1765 95 46 [65.]

734 1867 55 31 att
812 1862 221 51 Riksdagen
1063 1867 59 34 må
1150 1867 48 47 på
1226 1871 107 32 extra
1363 1872 76 31 stat
1467 1866 58 37 för
1553 1870 41 35 år
1624 1871 97 35 1894
1737 1882 65 24 an-

606 1913 82 37 visa
733 1914 165 49 följande
945 1916 137 49 anslag
1130 1917 56 36 till
1228 1918 231 48 vitterhets-,
1507 1919 178 39 historie-
1730 1922 68 36 och

607 1965 470 49 antiqvitetsakademien:

734 2018 36 49 a)
801 2018 55 36 till
886 2019 180 37 arfvoden
1088 2022 37 34 åt
1145 2021 288 51 vetenskapligt
1453 2022 153 38 bildade
1626 2024 174 38 biträden

607 2068 62 36 vid
711 2069 213 37 ordnandet
966 2071 71 36 och
1079 2072 140 36 vården
1263 2073 41 36 af
1328 2073 46 37 de
1403 2074 122 36 under
1553 2076 247 37 akademiens

605 2119 184 37 inseende
818 2121 122 36 stälda
970 2122 210 49 samlingar
1209 2130 98 30 samt
1340 2125 57 35 till
1426 2125 171 50 aflöning
1627 2130 37 33 åt
1693 2128 107 36 vakt-

607 2171 200 49 betjening
835 2174 114 45 4,000
979 2173 159 47 kronor;

734 2223 31 48 b)
796 2223 55 36 till
881 2224 290 51 undersökning
1200 2226 69 37 och
1294 2227 242 51 beskrifning
1551 2229 41 36 af
1607 2228 193 38 fädernes-

605 2273 148 38 landets
782 2275 304 51 fornlemningar
1115 2291 46 23 m.
1191 2292 47 23 m.
1270 2281 112 46 3,200
1413 2280 157 46 kronor;
1600 2281 71 36 och

732 2331 32 41 c)
792 2326 57 37 till
880 2328 224 48 utgifvande
1134 2330 42 36 af
1200 2330 255 49 planschverk
1477 2332 108 37 öfver
1601 2333 199 37 fornsaker

293 2382 74 33 Bih.
394 2383 49 32 till
467 2383 112 33 Riksd.
611 2384 80 32 Prot.
719 2387 94 30 1893.
860 2389 20 28 4
904 2387 97 33 Saml.
1048 2390 19 29 1
1094 2389 80 39 Afd.
1221 2392 19 28 7
1267 2390 90 39 Häft.
1719 2395 37 29 13
