1904 2838
315 188 39 29 12
693 187 291 32 Statsutskottets
1016 188 188 31 utlåtande
1236 188 52 32 Nr
1314 190 49 28 48.

274 265 108 31 sedda
405 266 55 30 att
485 265 174 36 anläggas
685 265 12 31 i
721 264 242 38 Norrbottens,
989 266 271 31 Västerbottens
1284 266 64 31 och
1371 267 205 31 Jämtlands
1601 267 72 35 län,
1699 269 72 28 sär-

273 308 86 31 skilt
380 308 12 30 i
413 308 289 37 lappmarkerna,
723 319 80 20 men
823 312 90 28 även
935 310 12 30 i
969 310 42 31 de
1031 310 132 35 glesast
1184 309 186 37 bebyggda
1393 311 148 31 delarna
1561 321 46 20 av
1628 310 144 31 Väster-

272 350 198 33 Norrlands
493 353 70 30 län.
605 352 52 31 De
679 352 145 31 enklare
849 355 121 34 vägar,
995 353 123 31 vartill
1144 353 125 36 anslag
1296 353 89 31 först
1410 353 187 32 anvisades
1622 363 47 21 av
1693 354 78 30 1913

274 396 58 31 års
353 396 156 36 riksdag,
529 395 91 32 hade
637 396 150 32 kommit
808 397 51 31 att
880 397 84 36 föga
983 397 107 35 skilja
1111 396 54 36 sig
1187 397 83 30 från
1290 396 313 38 bygdevägstypen
1623 397 66 31 och
1709 397 64 31 bli-

274 441 53 29 vit
345 439 258 32 kostsammare
623 442 46 28 än
688 440 279 36 ursprungligen
986 440 130 31 tänkts.
1158 440 109 32 Dessa
1286 443 116 33 vägar
1417 461 41 3 —
1475 441 151 31 anförde
1647 442 123 35 depar-

274 483 276 31 tementschefen
571 502 40 3 —
632 482 114 37 fyllde
767 484 13 30 i
801 486 83 28 övre
906 483 179 32 Norrland
1107 484 12 30 i
1142 485 74 30 stor
1237 484 254 36 utsträckning
1511 485 57 31 det
1590 485 182 35 ändamål,

274 536 75 21 som
371 526 12 30 i
404 527 116 31 andra
540 527 95 30 orter
658 526 253 36 tillgodosåges
933 527 132 31 medels
1086 527 221 36 landsvägar
1329 527 65 31 och
1414 527 243 37 bygdevägar.
1700 527 73 32 För

276 569 174 36 avlägsna
469 570 146 36 trakter,
636 570 220 31 framförallt
875 571 12 30 i
909 570 277 37 fjällbygderna,
1206 571 92 31 hade
1317 571 41 31 de
1377 571 78 31 icke
1473 571 137 32 kunnat
1630 572 144 30 komma

274 612 57 31 till
348 614 119 34 någon
486 612 159 36 egentlig
660 613 243 36 användning.
943 613 55 31 En
1017 616 96 29 ännu
1132 614 147 31 enklare
1296 615 137 35 vägtyp
1450 614 112 31 måste
1581 615 115 36 sökas,
1715 624 58 21 om

273 658 84 29 över
379 656 125 32 huvud
526 657 98 34 taget
647 657 43 31 de
711 658 89 30 mest
823 657 198 35 trängande
1044 657 470 36 vägkommunikationerna
1537 658 116 31 skulle
1675 658 98 31 inom

275 699 229 37 överskådlig
527 700 150 31 framtid
700 700 143 31 komma
865 701 58 30 till
946 701 115 31 stånd.
1105 701 56 31 En
1185 702 177 35 återgäng
1382 701 58 31 till
1463 701 309 37 ödebygdsvägty-

273 752 68 25 pen
360 744 113 31 måste
496 743 134 37 därför,
652 743 113 36 enligt
787 744 408 36 departementschefens
1216 747 154 33 mening,
1389 755 93 20 vara
1502 745 188 36 högeligen
1711 746 60 35 på-

272 786 133 32 kallad.

313 829 215 32 Tillkallade
569 830 227 35 sakkunniga
836 830 93 32 hade
968 830 183 32 utarbetat
1174 831 138 36 förslag
1332 831 65 37 till,
1418 831 111 32 bland
1547 833 124 36 annat,
1694 833 77 31 öde-

273 872 241 37 bygdsvägar,
533 873 109 37 vilka,
662 873 45 31 då
725 874 44 30 de
787 884 83 21 vore
889 875 157 30 avsedda
1065 876 54 29 att
1136 874 128 31 beröra
1280 875 43 31 de
1343 874 262 36 folkfattigaste
1624 875 149 32 delarna

274 926 46 21 av
339 916 191 37 Norrland,
549 916 159 32 bebodda
728 927 47 20 av
792 926 44 21 en
856 917 220 31 ekonomiskt
1097 918 85 35 föga
1200 918 207 35 bärkraftig
1424 918 219 37 befolkning,
1664 919 107 31 borde

274 960 57 30 till
356 960 181 35 väsentlig
561 960 56 31 del
642 960 142 32 utföras
807 962 45 34 på
876 962 135 30 statens
1035 961 205 31 bekostnad.
1285 961 17 31 I
1329 961 106 36 fråga
1459 972 57 20 om
1540 963 41 30 de
1606 963 166 31 tekniska

274 1003 216 36 fordringar,
513 1013 73 21 som
607 1003 108 31 borde
735 1004 124 31 ställas
880 1006 46 34 på
946 1004 102 32 dessa
1069 1007 124 33 vägar,
1215 1007 168 29 ävensom
1403 1005 154 31 arbetets
1579 1006 195 31 utförande

273 1047 64 30 och
358 1046 148 36 ledning
526 1057 44 20 m.
591 1056 44 22 m.
659 1047 88 31 hade
769 1048 43 40 de
833 1048 228 35 sakkunniga
1081 1048 143 35 angivit
1243 1048 96 31 vissa
1361 1048 193 36 riktlinjer.
1595 1048 48 32 Så
1664 1050 110 31 borde

273 1091 46 34 på
340 1099 42 21 en
403 1090 255 36 ödebygdsväg
678 1090 199 36 uppställas
899 1091 67 31 den
988 1091 157 37 fordran,
1167 1092 54 30 att
1242 1094 116 33 vägen
1379 1091 115 32 skulle
1513 1092 71 31 alla
1606 1092 166 36 årstider,

274 1134 45 30 då
342 1134 149 31 marken
514 1144 82 21 vore
621 1133 74 37 bar,
719 1144 89 21 vara
830 1136 45 34 på
900 1136 50 30 ett
976 1135 84 31 fullt
1085 1135 337 32 tillfredsställande
1444 1136 72 31 sätt
1540 1136 233 35 framkomlig

275 1177 56 30 för
349 1177 157 31 kärrdon
526 1177 80 31 med
625 1177 81 31 lass.
747 1177 324 32 Körbanebredden
1091 1179 122 35 syntes
1231 1178 87 31 böra
1337 1180 121 35 uppgå
1479 1179 56 30 till
1554 1180 50 36 2.2,
1625 1180 42 30 2.5
1687 1179 86 31 eller

273 1220 42 31 3.0
334 1222 110 30 meter
464 1222 80 30 med
564 1221 257 37 mötesplatser,
842 1222 45 30 då
908 1224 115 33 vägen
1042 1231 85 22 vore
1147 1222 155 31 smalare
1321 1225 45 28 än
1386 1223 41 30 3.0
1447 1224 120 30 meter.
1608 1223 164 31 Broarna

273 1264 114 31 skulle
411 1265 142 31 utföras
576 1275 47 20 av
645 1266 68 30 trä.
759 1264 208 32 Kostnaden
992 1265 56 31 för
1071 1267 116 33 vägar
1211 1275 46 21 av
1282 1265 246 37 ödebygdstyp
1551 1266 222 31 beräknades

274 1307 62 32 vid
354 1308 190 35 förslagets
560 1309 243 35 upprättande
817 1328 40 3 —
873 1309 41 30 år
929 1309 78 30 1918
1021 1328 41 2 —
1077 1309 57 30 till
1150 1309 11 31 i
1179 1309 196 30 allmänhet
1392 1309 18 30 3
1425 1309 131 31 kronor
1572 1319 63 26 per
1649 1311 123 30 meter.

273 1350 123 32 Såsom
419 1351 241 31 arbetsledare
682 1351 107 32 borde
811 1351 174 33 anställas
1007 1352 151 36 lämplig
1180 1352 294 37 schaktmästare,
1497 1353 121 31 vilken
1640 1354 134 34 ansågs

274 1394 186 36 samtidigt
487 1395 121 30 kunna
636 1395 81 31 leda
744 1395 135 31 arbetet
906 1396 64 31 vid
997 1395 90 31 flera
1115 1395 221 36 närbelägna
1365 1396 150 36 företag.
1562 1395 210 33 Ortsintres-

274 1447 83 22 sena
380 1438 62 32 vid
464 1438 154 31 arbetets
640 1439 192 31 utförande
856 1439 113 31 skulle
993 1439 154 31 bevakas
1170 1450 48 20 av
1240 1449 45 21 en
1306 1449 47 22 av
1377 1440 54 30 tre
1454 1440 20 29 å
1498 1440 82 36 fyra
1603 1449 170 27 personer

272 1480 189 33 bestående
486 1482 142 36 nämnd,
652 1482 12 30 i
687 1482 122 30 vilken
833 1482 239 31 arbetsledare
1095 1482 109 32 borde
1228 1493 89 20 vara
1339 1483 160 31 medlem.
1543 1483 58 30 Av
1625 1483 146 31 Konun-

274 1534 86 25 gens
379 1524 385 36 befallningshavande
786 1525 194 32 förordnad
1000 1535 136 26 person,
1156 1525 135 31 boende
1312 1526 12 30 i
1345 1527 110 36 orten,
1478 1526 114 31 skulle
1613 1527 160 30 förvalta

274 1569 268 35 vägföretagets
561 1569 115 30 kassa.
719 1568 307 35 Vägunderhållet
1045 1569 115 31 skulle
1179 1569 163 32 bekostas
1363 1580 45 20 av
1429 1571 126 34 staten,
1575 1570 97 31 intill
1694 1571 78 30 dess

273 1612 191 35 vägbanan
490 1612 129 31 vunnit
646 1611 215 36 erforderlig
885 1612 138 35 stadga.
1066 1611 168 32 Därefter
1260 1612 114 31 skulle
1398 1615 163 33 vägarna
1586 1613 185 31 överföras

274 1655 57 30 till
351 1655 191 31 underhåll
563 1665 125 25 genom
710 1655 273 35 vägdistriktets
1004 1656 148 34 försorg.

313 1698 401 37 Departementschefen
739 1698 117 31 anslöt
880 1698 57 36 sig
961 1698 12 30 i
998 1699 190 30 huvudsak
1215 1699 57 30 till
1296 1699 41 31 de
1363 1699 244 36 sakkunnigas
1634 1700 140 35 förslag

274 1742 150 31 rörande
446 1741 361 37 ödebygdsvägarnas
827 1742 202 31 utförande.
1069 1742 18 30 I
1110 1742 106 35 fråga
1236 1752 56 20 om
1311 1743 268 35 undersökning
1599 1743 66 30 och
1685 1753 86 26 upp-

274 1786 155 33 görande
453 1796 46 20 av
522 1785 137 36 förslag
682 1785 57 31 till
763 1785 295 36 ödebygdsvägar
1081 1785 118 31 anslöt
1223 1786 57 35 sig
1300 1786 391 36 departementschefen
1714 1787 57 31 till

275 1829 42 31 de
335 1829 245 35 sakkunnigas
601 1829 138 35 förslag
759 1829 12 30 i
791 1830 38 30 så
848 1830 123 35 måtto,
992 1830 54 30 att
1067 1830 57 31 det
1144 1829 12 30 i
1178 1829 96 35 regel
1294 1830 78 30 icke
1390 1830 119 31 kunde
1528 1840 101 21 anses
1649 1830 122 36 påkal-

273 1872 52 31 lat
345 1874 53 29 att
419 1872 162 31 anförtro
600 1872 425 35 undersökningsarbetet
1045 1873 64 30 och
1130 1873 248 36 uppgörandet
1399 1883 46 21 av
1465 1873 137 36 förslag
1620 1875 37 29 åt
1679 1873 92 36 tjän-

274 1916 137 30 stemän
432 1916 98 31 inom
548 1918 84 33 väg-
654 1916 64 30 och
740 1915 436 37 vattenbyggnadskåren,
1197 1917 90 29 utan
1307 1917 54 30 att
1381 1919 181 33 vägarnas
1584 1916 187 37 planlägg-

272 1958 90 38 ning
379 1958 109 32 borde
506 1960 208 35 uppdragas
733 1960 38 30 åt
790 1959 150 36 lämplig
958 1959 292 31 scehaktmästare.
1290 1959 278 37 Undantagsvis,
1589 1960 116 31 såsom
1726 1961 45 31 då

274 2004 112 29 större
406 2002 236 36 brobyggnad
662 2002 147 36 inginge
829 2002 12 31 i
863 2003 185 35 företaget,
1069 2003 119 31 kunde
1209 2003 57 31 det
1289 2003 87 31 dock
1395 2013 90 21 vara
1505 2004 192 30 motiverat
1717 2005 54 30 att

275 2046 56 31 för
352 2046 91 32 visst
464 2047 233 35 vägföretags
716 2045 263 36 planläggning
998 2046 114 31 anlita
1133 2047 121 34 någon
1275 2057 46 20 av
1344 2048 82 34 väg-
1448 2046 64 31 och
1533 2046 238 37 vattenbygg-

272 2089 284 36 nadsstyrelsens
581 2089 394 36 distriktstjänstemän.

314 2132 206 36 Riksdagen
542 2132 123 36 gjorde
687 2133 78 31 icke
785 2133 117 35 någon
924 2133 145 30 erinran
1091 2134 92 30 emot
1205 2132 133 37 Kungl.
1361 2132 128 37 Maj:ts
1510 2133 136 36 förslag
1667 2134 11 30 i
1701 2134 70 31 vad

273 2176 57 30 det
351 2176 67 31 här
440 2187 93 20 ovan
553 2176 147 31 berörts.

313 2219 238 31 Revisorerna
569 2220 95 30 hava
682 2220 47 35 på
748 2220 117 35 grund
882 2230 47 20 av
947 2220 78 30 sina
1044 2220 60 30 vid
1122 2220 151 31 besöken
1293 2220 128 36 gjorda
1439 2220 232 35 iakttagelser
1683 2222 87 29 trott

274 2262 56 36 sig
350 2263 111 36 finna,
481 2265 54 30 att
555 2263 345 36 ödebygdsvägarna
918 2263 174 35 anläggas
1112 2264 92 30 efter
1223 2264 114 30 andra
1357 2264 64 30 och
1440 2273 74 21 mer
1534 2264 147 36 skärpta
1701 2264 69 30 for-

273 2306 150 35 dringar
445 2309 46 28 än
515 2307 50 33 de,
589 2317 74 20 som
685 2306 82 36 lågo
791 2306 56 31 till
870 2307 118 35 grund
1011 2307 56 31 för
1089 2306 135 36 Kungl.
1246 2306 127 37 Maj:ts
1396 2307 64 30 och
1482 2307 211 35 riksdagens
1716 2307 53 30 be-

274 2349 72 32 slut
364 2350 12 30 i
396 2351 129 30 ämnet.
565 2350 124 31 Denna
708 2350 238 36 uppfattning
963 2350 66 30 har
1049 2350 104 31 också
1172 2351 64 30 vid
1255 2350 267 35 granskningen
1541 2361 45 20 av
1605 2351 165 31 handlin-

274 2402 113 25 garna
406 2394 152 30 rörande
576 2394 114 34 några
710 2394 215 35 vägföretag
940 2404 46 20 av
1006 2393 246 37 ödebygdstyp
1271 2394 95 30 visat
1385 2393 56 36 sig
1458 2404 89 20 vara
1566 2394 122 35 riktig.
1707 2393 63 31 Be-

274 2437 184 31 träffande
479 2446 42 22 en
541 2446 46 21 av
608 2437 41 31 de
670 2437 166 36 åsyftade
855 2439 163 32 vägarna
1036 2456 40 3 —
1097 2438 66 30 den
1184 2438 38 30 87
1243 2437 184 31 kilometer
1448 2437 109 35 långa
1577 2437 193 36 ödebygds-

273 2482 115 33 vägen
412 2477 397 38 Öberget—Sädvajaur
832 2481 78 30 med
934 2480 152 34 bivägar
1108 2500 40 2 —
1171 2481 120 35 yttrar
1313 2481 457 34 undersökningsförrätta-
