1886 2786
277 140 38 29 42
637 141 450 35 Konstitutionsutskottets
1108 147 183 30 memorial
1309 157 43 20 nr
1374 149 40 29 16

280 223 199 40 förebragta
497 226 231 39 utredningen
746 228 107 38 enligt
872 229 195 30 nämndens
1086 231 141 39 mening
1245 232 75 29 icke
1339 233 212 31 motiverade
1570 244 42 20 en
1631 235 149 41 höjning

280 283 41 20 av
345 276 115 28 taxan.
484 276 80 29 Som
587 277 112 38 grund
722 277 54 30 för
800 278 61 29 sitt
884 280 161 38 yttrande
1067 281 203 30 redovisade
1294 284 178 28 nämnden
1494 294 42 19 en
1560 285 219 30 kontrollun-

279 324 214 40 dersökning
516 335 41 21 av
579 326 330 32 inkörssummorna
931 329 54 30 för
1007 329 41 30 49
1072 339 41 21 av
1137 331 41 30 de
1202 332 62 29 359
1287 333 219 31 enbilsåkare
1530 344 75 20 som
1628 336 116 39 ingick
1767 337 12 28 i

279 375 258 39 droskägarnas
566 378 197 39 utredning.
794 379 193 30 Resultatet
1017 389 41 21 av
1087 382 275 39 utredningarna
1394 384 154 40 framgår
1578 395 42 20 av
1649 387 129 29 nedan-

280 425 139 30 stående
436 426 130 35 siffror,
581 427 173 36 jämförda
770 429 78 29 med
863 430 66 29 den
946 430 127 37 kalkyl,
1091 440 75 21 som
1181 432 54 38 låg
1251 433 51 29 till
1318 435 111 35 grund
1447 435 54 29 för
1517 436 122 37 Kungl.
1657 437 121 36 Maj:ts

277 475 114 30 beslut
414 477 67 28 den
506 476 38 30 14
568 478 69 38 maj
667 478 91 30 1954.
783 479 123 30 Denna
930 480 118 39 kalkyl
1071 481 64 30 har
1158 483 205 31 omräknats
1389 485 78 29 med
1491 485 137 40 hänsyn
1651 487 52 30 till
1727 489 51 28 att

279 526 214 41 »ersättning
520 527 53 30 för
600 528 327 42 företagsledning»,
956 540 73 21 som
1056 532 146 39 tidigare
1229 533 183 32 inräknats
1442 536 9 29 i
1478 537 222 35 överskottet,
1728 547 48 21 nu

279 577 176 39 upptagits
482 587 74 20 som
580 579 251 40 kostnadspost
857 580 45 40 på
928 581 238 39 utgiftssidan.

983 650 101 30 Kungl.
1106 651 80 30 Maj:t
1337 653 79 24 PKN
1551 656 193 31 Droskägarna

986 684 31 23 14
1037 685 54 29 maj
1115 684 67 24 1954
1267 686 34 23 22
1321 687 57 24 okt.
1400 687 68 24 1954
1518 689 31 23 17
1569 690 110 30 augusti
1700 691 67 24 1954

274 728 243 31 InkörssumMMAaA
535 754 420 8 .....s.sssssosseses
905 724 53 46 sea
1005 734 35 30 51
1060 734 58 30 180
1141 735 48 29 kr.
1276 736 36 30 51
1329 736 61 30 843
1413 737 48 30 kr.
1549 739 36 30 51
1601 739 62 30 444
1685 740 48 30 kr.

270 770 236 31 Bensinrabatt
527 795 428 9 .....................
1056 776 61 30 458
1154 786 13 20 »
1329 779 61 29 292
1427 789 12 19 »
1642 781 20 30 0
1698 792 13 19 »

778 832 185 31 Inkomster
1004 834 36 30 51
1056 834 61 31 638
1140 835 48 30 kr.
1275 837 114 31 52135
1412 838 48 30 kr.
1547 839 36 30 51
1600 840 61 29 444
1683 840 48 30 kr.

270 887 145 39 Utgifter
432 912 521 9 .........s....ssssoses
882 883 75 47 svea
1003 892 39 30 46
1055 893 58 30 841
1153 904 13 18 »
1274 895 39 30 47
1326 896 62 30 828
1425 906 12 20 »
1546 898 40 30 48
1600 898 59 30 793
1697 908 12 20 »

782 944 178 36 Överskott
1023 951 93 30 4797
1139 952 48 30 kr.
1295 954 17 29 4
1327 954 61 30 307
1411 955 48 30 kr.
1567 956 90 31 2651
1683 957 48 30 kr.

269 1005 229 31 Kvarstående
524 1007 169 30 överskott
718 1007 56 30 vid
801 1009 161 39 sänkning

309 1047 75 30 med
408 1048 18 29 7
454 1048 498 38 dayprerererrrsersrsr
820 1043 42 50 rr
883 1043 72 50 rena
1025 1051 91 30 1644
1152 1063 13 18 »
1297 1054 91 30 1113
1425 1065 12 19 »
1546 1074 37 4 —
1601 1057 59 30 538
1696 1067 12 19 »

407 1089 19 30 Ö
454 1090 498 38 Jjrererererer
737 1085 95 50 reser
840 1085 54 50 ers
903 1085 54 50 rna
1022 1093 93 31 2095
1152 1104 13 19 »
1297 1096 90 31 1569
1425 1106 12 20 »
1546 1117 41 3 —
1620 1098 39 30 66
1696 1109 12 19 »

268 1130 126 40 Skäligt
417 1132 169 29 överskott
608 1133 101 38 enligt
732 1133 92 30 PKN
842 1158 111 6 ......
1026 1136 90 30 1438
1152 1147 13 18 »
1297 1138 91 30 1468
1425 1148 12 19 »
1569 1140 91 31 1468
1696 1150 12 20 »

314 1222 12 28 I
342 1222 179 39 yttrandet
538 1222 144 31 berörde
699 1224 87 29 PKN
805 1225 271 41 avslutningsvis
1095 1227 123 40 frågan
1237 1237 56 21 om
1311 1229 295 41 drosknäringens
1624 1231 11 30 i
1653 1232 119 30 Stock-

270 1272 94 30 holm
384 1275 159 29 struktur
560 1275 65 30 och
644 1276 145 30 anförde
808 1277 138 31 därvid:

313 1331 117 40 Enligt
456 1334 194 30 nämndens
675 1335 140 40 mening
845 1336 74 29 står
943 1338 83 29 utan
1051 1337 104 30 tvivel
1181 1338 66 30 den
1273 1339 153 40 verkliga
1451 1341 152 30 orsaken
1628 1341 50 30 till
1704 1342 67 30 den

269 1374 93 29 stora
385 1374 225 40 spridningen
631 1376 10 29 i
664 1377 97 39 fråga
782 1387 55 21 om
860 1378 314 41 inkörsbeloppens
1193 1381 130 30 storlek
1343 1382 65 30 och
1430 1382 142 31 därmed
1597 1393 174 21 samman-

268 1414 184 41 hängande
472 1417 172 40 svårighet
664 1419 55 30 för
736 1419 92 32 vissa
848 1420 210 41 droskägare
1078 1424 52 29 att
1147 1423 119 40 uppnå
1284 1424 220 40 erforderligt
1524 1427 176 29 överskott
1720 1428 50 28 att

270 1456 98 32 finna
391 1458 11 29 i
425 1468 47 21 nu
496 1459 158 40 gällande
678 1461 109 39 regler
811 1462 54 30 för
889 1463 376 42 tillståndsgivningen.
1288 1466 111 30 Dessa
1423 1468 110 39 regler
1557 1468 212 35 förhindrar,

269 1499 102 32 såvitt
391 1502 176 30 nämnden
586 1503 71 29 kan
677 1503 109 36 finna,
807 1505 67 30 alla
895 1506 220 39 möjligheter
1135 1507 51 31 till
1207 1508 162 30 bildande
1391 1518 41 21 av
1453 1510 174 30 rationellt
1647 1511 122 30 drivna

267 1540 143 41 företag.
430 1543 50 31 Av
500 1554 40 20 en
560 1545 95 29 inom
675 1546 418 33 överståthållarämbetet
1113 1550 67 29 den
1200 1549 40 31 20
1262 1551 193 39 september
1478 1552 82 30 1954
1580 1554 189 39 upprättad

268 1583 93 30 VPM
387 1584 154 41 framgår
564 1586 106 31 bland
692 1590 117 32 annat,
834 1591 50 28 att
908 1590 66 29 den
997 1591 255 41 huvudsakliga
1277 1593 149 30 orsaken
1451 1594 52 30 till
1526 1595 243 40 genomföran-

268 1626 55 30 det
352 1637 42 20 av
423 1627 264 40 ifrågavarande
716 1630 262 32 bestämmelser
1006 1642 80 21 vore
1116 1636 50 28 att
1195 1644 81 21 man
1305 1635 202 40 därigenom
1536 1637 77 32 ville
1642 1638 126 31 bereda

267 1668 182 40 möjlighet
466 1671 51 30 till
534 1671 112 31 bättre
664 1673 411 40 pensionsförhållanden
1093 1676 55 30 för
1167 1677 94 30 såväl
1280 1678 40 29 de
1340 1679 173 30 anställda
1532 1680 142 30 förarna
1693 1690 75 21 som

266 1710 239 41 droskägarna
525 1713 119 39 själva.
666 1715 58 30 Att
745 1716 93 31 detta
859 1717 108 30 sedan
988 1718 109 30 skulle
1119 1719 159 30 medföra
1298 1720 259 32 konsekvenser
1579 1732 41 20 av
1640 1732 126 25 annan,

266 1752 135 31 mindre
421 1755 175 30 önskvärd
617 1759 53 27 art
690 1758 96 29 torde
807 1758 76 30 icke
904 1759 45 30 ha
969 1760 135 30 kunnat
1125 1761 215 32 överblickas
1360 1763 59 30 vid
1440 1763 66 30 den
1526 1764 176 40 tidpunkt,
1723 1766 45 30 då

265 1794 99 31 dessa
386 1797 111 39 regler
519 1797 223 32 fastställdes.
764 1799 225 42 Övergången
1009 1802 52 30 till
1083 1803 60 30 allt
1167 1805 109 29 större
1299 1806 93 29 antal
1417 1805 133 41 företag
1575 1816 42 22 av
1637 1808 129 29 minsta

267 1838 58 39 typ
343 1856 44 3 —
405 1839 248 41 enbilsföretag
670 1859 44 3 —
732 1843 137 29 medför
888 1844 175 39 nämligen
1080 1845 190 40 bevisligen
1290 1847 92 39 lägre
1402 1847 154 31 intäkter
1575 1850 64 28 och
1658 1850 106 38 högre

264 1879 189 32 kostnader
472 1891 60 30 per
552 1883 164 30 droskbil.
736 1885 102 31 Detta
858 1886 137 30 medför
1013 1888 10 29 i
1043 1887 53 29 sin
1119 1889 56 28 tur
1195 1889 82 33 dels,
1299 1891 49 28 att
1368 1890 66 30 den
1455 1892 146 29 resande
1621 1892 145 29 allmän-

263 1921 103 31 heten
384 1923 54 30 får
456 1924 112 30 betala
586 1934 73 21 mer
677 1927 43 28 än
740 1936 74 20 som
833 1928 101 38 eljest
951 1938 79 20 vore
1048 1930 224 40 nödvändigt,
1291 1931 83 37 dels,
1393 1934 50 28 att
1462 1934 125 38 ägaren
1607 1934 50 30 till
1677 1934 88 30 före-

266 1964 89 38 taget
378 1965 147 30 erhåller
548 1966 91 40 lägre
661 1967 93 31 vinst
777 1971 45 28 än
842 1979 60 20 om
928 1971 69 29 han
1019 1981 80 21 vore
1122 1972 159 40 delägare
1305 1974 10 28 i
1339 1976 48 27 ett
1411 1976 109 29 större
1544 1976 135 39 företag
1700 1977 64 29 och

264 2005 71 31 dels
358 2007 172 40 slutligen,
554 2011 50 28 att
625 2010 40 29 de
688 2011 173 29 anställda
885 2012 141 31 förarna
1048 2013 75 30 icke
1147 2015 64 29 har
1235 2025 134 20 samma
1393 2017 182 40 möjlighet
1598 2018 51 30 till
1672 2019 92 30 löne-

263 2046 219 43 förbättring,
509 2059 73 20 som
608 2060 127 22 annars
762 2053 111 30 skulle
900 2054 174 40 föreligga.
1101 2056 77 30 Alla
1203 2059 115 38 parter
1344 2059 114 31 skulle
1484 2060 146 30 sålunda
1659 2061 105 30 vinna

261 2089 44 39 På
325 2100 40 19 en
387 2092 148 40 ändring
554 2102 41 21 av
615 2102 46 21 nu
682 2095 158 37 gällande
860 2096 229 31 föreskrifter.
1111 2099 296 41 Pensionsfrågan
1428 2102 97 29 torde
1546 2103 120 30 kunna
1686 2104 78 29 ord-

262 2141 62 21 nas
342 2133 324 32 tillfredsställande
684 2137 85 30 även
787 2138 11 28 i
815 2139 110 29 andra
945 2139 137 30 former.

305 2174 51 29 En
378 2184 118 21 annan
517 2177 265 40 omständighet,
805 2189 74 21 som
901 2181 10 28 i
933 2181 92 30 detta
1047 2184 255 40 sammanhang
1323 2185 61 29 bör
1406 2186 153 35 beaktas,
1582 2189 37 28 är
1641 2189 122 29 avsak-

261 2216 113 30 naden
398 2227 43 21 av
463 2219 44 29 all
530 2220 219 31 konkurrens
773 2222 95 30 inom
892 2224 288 41 drosknäringen.
1204 2227 123 30 Därest
1351 2228 221 40 möjligheter
1595 2230 51 29 till
1674 2231 89 30 före-

261 2258 234 42 tagsbildning
518 2271 40 20 av
582 2272 116 21 annan
720 2265 59 39 typ
803 2264 215 38 förefunnes,
1043 2267 113 30 skulle
1178 2268 176 31 måhända
1378 2271 110 30 andra
1511 2272 251 41 intressegrup-

259 2308 60 30 per
336 2302 10 28 i
365 2303 184 31 samhället
565 2314 82 20 vara
666 2306 114 39 villiga
799 2309 50 29 att
867 2308 151 30 etablera
1036 2309 245 37 droskrörelse,
1300 2312 201 40 varigenom
1519 2314 72 31 viss
1608 2315 154 30 konkur-

260 2351 78 21 rens
355 2353 80 21 vore
452 2346 157 30 tänkbar.

303 2385 52 29 Då
372 2386 148 31 sålunda
535 2389 155 39 vägande
707 2390 75 30 skäl
799 2392 70 30 tala
886 2392 54 30 för
957 2395 49 27 att
1022 2403 42 20 en
1081 2395 149 39 ändring
1246 2395 10 29 i
1272 2395 146 31 berörda
1436 2399 168 29 avseende
1622 2399 139 30 komme

259 2428 49 28 alt
332 2428 158 32 medföra
515 2430 74 30 icke
614 2432 212 39 oväsentliga
850 2434 162 35 fördelar,
1037 2436 58 29 vill
1120 2438 176 30 nämnden
1321 2439 55 29 för
1402 2440 52 29 sin
1480 2440 53 29 del
1559 2441 127 30 föreslå
1711 2444 49 29 att
