2206 2630
454 179 18 28 6
911 175 241 42 Lagutskottets
1181 175 174 34 Utlåtande
1378 177 65 33 N:o
1464 180 52 31 24.

413 262 172 36 kommer
612 262 66 37 det
705 262 275 49 öfverklagade
1009 262 353 38 missförhållandet
1390 269 55 32 att
1468 265 185 48 upphöra.
1707 266 89 36 Man
1816 266 75 37 kan
1910 271 106 32 näm-

414 311 106 50 ligen
553 313 120 36 sedan
708 313 34 48 ej
775 313 119 37 heller
921 316 49 46 på
997 313 119 36 andra
1143 319 120 43 vägar
1289 314 166 50 kringgå
1481 315 125 49 lagen.
1662 315 149 38 Genom
1841 316 176 38 anmälan

415 376 61 24 om
515 363 139 37 handel
688 363 134 37 vinnes
850 363 137 37 endast
1014 369 74 31 rätt
1117 369 55 31 att
1199 364 158 50 försälja
1384 379 113 23 varor
1523 366 12 36 1
1564 366 74 37 bod
1667 367 94 37 eller
1788 368 85 37 från
1901 372 116 32 annat

415 414 292 49 upplagsställe.
763 413 321 38 Gårdfarihandel
1122 414 58 37 får
1219 414 110 38 idkas
1370 416 98 36 blott
1507 421 105 32 utom
1645 417 74 37 den
1748 424 69 42 ort,
1847 418 67 38 där
1942 418 74 37 den

415 464 218 37 handlande
672 470 42 32 är
753 465 139 47 bosatt,
927 464 70 37 och
1031 465 197 37 dessutom
1266 466 149 37 fordras
1444 466 170 38 tillstånd
1645 468 136 37 därtill.
1835 469 83 37 Den
1946 469 72 36 fria

415 515 251 48 handelsrätt,
709 529 81 23 som
826 516 11 36 1
873 515 103 37 vissa
1003 515 66 36 fall
1099 521 41 31 är
1167 515 136 50 tillagd
1330 516 211 48 landtmän,
1570 523 93 43 äger
1691 519 69 37 här
1788 520 34 47 ej
1850 520 167 48 tillämp-

416 565 102 50 ning.
574 566 82 37 Och
685 566 73 37 den
786 571 75 32 rätt
887 566 57 37 till
973 565 240 50 försäljning,
1242 580 81 24 som
1350 568 122 37 under
1500 568 103 37 vissa
1626 569 138 37 villkor
1786 570 231 37 tillkommer

416 629 28 23 s.
475 616 34 37 k.
538 616 303 49 själfförsörjare,
870 617 74 36 kan
968 617 306 49 uppenbarligen
1298 618 33 48 ej
1353 619 59 36 för
1431 618 295 50 ifrågavarande
1747 621 100 49 syfte
1866 622 153 36 komma

416 666 57 37 till
501 670 128 45 någon
657 667 177 37 afsevärd
863 667 258 49 användning.

549 718 17 36 I
607 718 107 37 detta
754 718 278 48 sammanhang
1070 718 70 36 bör
1180 723 236 44 omnämnas,
1451 725 55 32 att
1533 721 338 49 cigarrhandlarne
1899 722 11 36 i
1938 722 83 36 sina

416 768 57 37 till
515 769 269 49 myndigheter
824 769 70 36 och
936 768 174 37 enskilda
1151 768 270 50 riksdagsmän
1463 771 79 37 ofta
1583 772 210 37 framförda
1827 772 194 49 klagomål

418 819 108 37 öfver
566 819 295 49 cigarrhandeln
902 822 21 34 å
962 824 163 43 gatorna
1158 820 114 37 äfven
1304 821 99 36 rikta
1431 823 301 48 anmärkningar
1760 829 77 31 mot
1865 823 155 37 tobaks-

419 869 166 37 handeln
615 874 20 33 å
663 876 272 43 restauranger
962 870 70 37 och
1061 869 134 38 kaféer
1222 870 121 38 under
1370 872 228 48 sabbatstid,
1627 873 184 38 ehuruväl
1836 874 47 37 de
1906 874 115 36 fram-

419 919 101 39 hålla
548 920 73 37 den
649 921 104 37 förra
779 921 166 36 handeln
973 924 126 33 såsom
1127 920 219 38 beredande
1375 922 86 37 dem
1490 923 65 37 det
1583 929 142 32 största
1752 924 204 50 förfånget.

553 971 116 38 Idkas
708 971 281 37 tobakshandel
1016 971 11 36 i
1054 974 129 46 någon
1222 971 101 38 inom
1365 986 48 23 en
1445 980 229 43 restaurang
1705 975 166 37 inrättad
1900 975 122 46 kiosk,

419 1022 69 37 bör
528 1022 125 37 denna
694 1035 134 24 senare
869 1021 182 49 gifvetvis
1080 1034 113 24 anses
1222 1026 124 33 såsom
1375 1024 75 37 bod
1479 1025 71 37 och
1578 1025 130 37 därför
1734 1026 121 37 hållas
1884 1025 139 49 stängd

419 1073 122 36 under
583 1073 225 37 sabbatstid.
863 1072 229 49 Tillsägelse
1121 1072 131 37 härom
1282 1074 68 36 har
1378 1075 71 36 ock
1477 1079 127 46 utgått
1632 1077 85 36 från
1745 1077 277 49 polismyndig-

419 1124 114 36 heten
560 1124 12 36 i
601 1123 234 48 Stockholm,
864 1123 68 36 och
963 1136 47 23 en
1038 1128 248 43 restauratör,
1314 1138 82 23 som
1417 1127 170 48 vägrade
1606 1127 218 37 hörsamma
1838 1128 185 49 tillsägel-

419 1188 80 29 sen,
527 1174 83 36 blef
634 1174 127 37 åtalad
789 1174 71 36 och
887 1173 93 36 fälld
1007 1172 58 37 till
1094 1186 149 24 ansvar.

553 1225 84 36 Den
666 1224 227 49 försäljning
921 1227 91 42 åter,
1033 1237 82 23 som
1137 1229 93 43 äger
1249 1238 82 23 rum
1350 1225 65 37 vid
1435 1227 144 37 borden
1595 1228 57 36 till
1666 1233 194 44 gästerna,
1877 1234 40 32 är
1931 1234 93 32 utan

419 1275 132 37 tvifvel
580 1275 133 49 laglig.
756 1275 134 48 Enligt
917 1274 575 51 näringsfrihetsförordningen
1513 1278 96 37 skall
1627 1279 90 36 dess
1733 1280 215 48 stadgande
1964 1293 59 24 om

420 1326 186 50 rättighet
634 1331 56 32 att
717 1326 88 36 idka
832 1324 141 38 handel
1001 1325 92 36 eller
1121 1332 116 31 annat
1264 1327 256 50 näringsfång
1546 1329 83 37 icke
1650 1334 74 44 äga
1742 1329 244 50 tillämpning
2006 1335 20 33 å

420 1377 172 47 källare-,
633 1376 237 48 vinskänks-,
909 1376 265 47 schweitzeri-,
1214 1377 388 49 värdshustraktörs-,
1644 1380 99 49 krog
1776 1380 94 37 eller
1897 1394 126 25 annan

420 1428 106 50 dylik
566 1427 156 38 rörelse.
776 1426 295 49 Försäljningen
1106 1426 42 36 af
1172 1427 168 49 cigarrer
1368 1430 71 36 och
1467 1430 226 49 cigarretter
1722 1437 40 31 är
1793 1432 68 37 här
1889 1432 137 38 endast

422 1484 55 32 att
505 1492 90 23 anse
624 1492 81 23 som
734 1477 208 49 servering.
997 1480 67 34 Att
1090 1490 140 36 genom
1259 1492 51 36 ny
1337 1479 65 50 lag
1430 1480 157 38 alldeles
1615 1481 178 50 förbjuda
1813 1483 104 37 detta
1933 1496 90 25 vore

421 1530 117 37 också
577 1529 155 49 mycket
770 1528 207 49 vanskligt,
1011 1528 47 36 då
1086 1541 49 23 en
1162 1529 119 37 sådan
1310 1531 135 48 åtgärd
1473 1531 80 37 helt
1574 1532 98 37 visst
1700 1534 59 36 för
1785 1535 240 36 närvarande

421 1580 123 37 skulle
573 1581 121 35 sakna
723 1579 84 37 stöd
836 1579 41 37 af
901 1579 74 36 den
1004 1577 192 38 allmänna
1224 1580 215 49 meningen.
1485 1582 74 37 Det
1585 1583 76 36 kan
1683 1584 43 49 ju
1756 1584 115 36 också
1899 1589 125 44 sägas,

422 1637 57 31 att
518 1636 122 32 större
681 1635 101 32 orätt
822 1630 34 48 ej
896 1629 230 49 tillskyndas
1168 1629 397 50 cigarrhandlandena
1605 1647 140 36 genom
1774 1635 253 37 omförmälda

422 1681 200 49 servering
649 1682 42 35 af
716 1681 167 49 cigarrer
912 1680 71 37 och
1011 1679 206 49 cigaretter
1245 1686 46 32 än
1320 1682 86 47 den,
1436 1696 81 25 som
1546 1697 140 35 genom
1706 1684 265 51 utskänkning
1988 1687 43 36 af

421 1733 108 36 viner
555 1732 174 48 tillfogas
756 1730 288 47 vinhandlarne,
1073 1730 131 38 hvilka
1232 1732 70 36 ock
1330 1732 108 38 skola
1466 1734 114 37 hafva
1609 1735 84 37 sina
1723 1735 118 37 bodar
1859 1737 166 49 stängda

423 1787 21 33 å
472 1783 227 37 sabbatstid.

555 1834 53 36 På
635 1833 127 49 grund
790 1833 42 36 af
855 1832 102 36 hvad
984 1831 161 37 sålunda
1174 1832 156 46 anförts,
1359 1834 234 46 hemställes,
1623 1841 57 31 att
1697 1836 221 50 Riksdagen
1937 1837 90 38 ville

419 1884 12 36 i
459 1884 203 37 skrifvelse
703 1883 58 37 till
801 1883 141 48 Kungl.
975 1882 107 48 Maj:t
1109 1882 162 46 anhålla,
1301 1884 64 36 det
1392 1885 141 49 Kungl.
1562 1886 107 49 Maj:t
1695 1887 147 38 täcktes
1871 1888 153 37 utfärda

420 1949 48 23 en
496 1935 214 48 förklaring
738 1934 41 37 af
802 1932 179 48 innehåll,
1010 1939 55 30 att
1093 1933 85 36 med
1208 1933 65 37 det
1299 1935 10 35 i
1340 1937 42 34 11
1414 1933 20 49 $
1464 1938 20 34 3
1514 1950 112 24 mom.
1653 1938 42 36 af
1711 1939 313 48 näringsfrihets-

420 1985 277 49 förordningen
737 1984 108 50 gifna
885 1983 290 49 medgifvandet
1215 1984 58 37 för
1313 1986 145 37 enhvar
1498 1992 55 32 att
1593 1994 92 31 utan
1727 1991 176 35 anmälan
1931 1989 93 37 eller

419 2036 172 36 tillstånd
623 2036 58 36 till
710 2036 81 36 salu
819 2035 199 48 kringföra
1045 2033 376 51 lifsförnödenheter,
1445 2037 227 49 jordbruks-
1700 2040 69 36 och
1799 2039 226 49 ladugårds-

420 2087 210 49 produkter
658 2093 100 30 samt
785 2085 116 37 alster
930 2085 41 37 af
994 2084 177 37 inhemsk
1199 2086 173 49 husslöjd
1399 2088 84 37 icke
1512 2089 101 37 afses
1643 2090 140 37 handel
1803 2091 86 36 med
1908 2090 116 37 tobak

423 2138 93 39 eller
543 2137 101 37 hvad
673 2137 113 37 däraf
810 2142 40 31 är
877 2135 292 49 förfärdigadt.»
