1898 2794
254 146 40 31 56
608 152 437 31 Konstitutionsutskottets
1072 155 181 29 memorial
1277 155 49 29 Nr
1355 156 50 29 12.

259 236 65 29 och
347 235 54 30 för
424 236 56 29 det
503 236 117 35 andra,
646 239 49 27 att
718 236 214 30 formulären
955 238 136 29 ändock
1113 238 94 30 bliva
1231 239 55 29 för
1309 240 234 29 allmänheten
1566 241 197 36 lättbegrip-

259 278 66 35 liga
344 279 64 28 och
429 278 31 35 ej
482 279 138 35 onödigt
639 279 219 35 betungande
878 280 10 29 i
911 279 99 36 fråga
1030 290 56 19 om
1106 281 240 35 uppgifternas
1367 282 196 30 lämnande.
1608 283 45 29 Ur
1673 283 91 30 båda

258 329 46 20 nu
325 320 148 30 anförda
494 322 215 34 synpunkter
728 322 89 29 lärer
836 322 272 35 uppenbarligen
1129 332 83 21 vara
1234 333 42 20 av
1297 324 174 35 synnerlig
1492 325 81 34 vikt,
1595 328 49 26 att
1666 325 96 30 blan-

258 363 154 29 ketterna
435 372 166 26 anpassas
623 363 87 30 efter
732 364 286 30 förekommande
1039 365 94 30 olika
1157 366 72 34 slag
1251 375 42 20 av
1314 366 212 35 bebyggelse,
1549 367 65 29 och
1637 370 49 26 att
1711 367 51 30 så-

259 405 105 29 lunda
385 414 42 20 en
447 405 164 32 blankett,
634 406 128 29 avsedd
784 407 205 34 exempelvis
1011 407 54 29 för
1087 408 170 34 hyreshus
1279 408 10 29 i
1311 408 84 34 stad,
1418 408 75 29 icke
1515 409 147 29 belastas
1684 410 80 28 med

258 447 157 29 rubriker
431 447 55 29 för
501 447 184 36 uppgifter,
704 457 74 20 som
795 448 54 29 för
868 448 131 30 sådana
1016 449 200 35 fastigheter
1233 450 74 29 icke
1325 451 97 29 skola
1439 451 148 35 lämnas;
1607 460 41 20 en
1666 451 96 29 blan-

258 489 70 30 kett
343 490 78 29 med
438 489 87 30 flera
541 490 167 34 rubriker,
726 500 42 20 av
784 490 92 30 vilka
892 490 107 36 några
1018 492 98 29 skola
1131 492 117 35 ifyllas
1265 492 143 29 allenast
1426 502 42 20 av
1485 493 65 29 den
1567 503 62 19 ene
1646 493 117 35 fastig-

255 532 203 35 hetsägaren
484 533 64 29 och
570 532 106 36 några
702 534 143 29 allenast
870 542 42 20 av
936 533 64 30 den
1025 534 115 34 andre,
1165 534 109 30 vållar
1296 535 123 29 besvär
1444 536 64 28 och
1532 535 147 36 omgång
1706 536 54 29 för

258 574 234 29 allmänheten
514 574 65 29 och
601 574 207 30 framkallar
830 575 9 28 i
863 574 88 36 följd
974 575 107 30 därav
1103 576 62 29 lätt
1189 576 179 29 irritation.

303 658 65 29 För
385 659 260 29 huvudstadens
663 659 269 29 vidkommande
950 659 192 30 förefinnas
1160 663 50 26 tre
1227 661 91 29 klart
1335 662 213 34 avgränsade
1568 661 195 36 fastighets-

257 703 110 32 typer:
397 701 215 34 hyreshusen
637 701 275 35 huvudsakligen
939 702 11 29 i
976 702 66 29 den
1069 702 72 29 inre
1168 703 130 34 staden,
1327 703 437 36 egnahemsfastigheterna

256 742 11 29 1
288 742 194 30 förorterna
506 746 87 26 samt
614 743 407 35 industrifastigheterna,
1044 744 145 35 belägna
1213 744 94 30 såväl
1330 745 9 29 i
1362 746 66 28 den
1452 746 167 35 egentliga
1642 747 120 28 staden

258 794 73 20 som
354 785 9 29 1
386 785 204 30 förorterna.
632 785 73 30 Vad
728 785 87 30 först
837 785 106 36 angår
964 786 437 35 egnahemsfastigheterna
1424 797 100 25 synes
1548 788 172 29 formulär
1741 788 23 29 b

259 828 13 28 1
298 827 9 28 i
330 828 63 28 och
416 827 56 29 för
495 827 49 35 sig
566 837 82 20 vara
672 828 10 28 i
705 828 184 29 huvudsak
912 829 142 35 lämpad
1077 828 55 30 för
1155 829 56 29 det
1235 830 150 29 avsedda
1408 829 207 30 ändamålet.
1664 830 98 30 Dock

257 869 57 29 vill
342 869 415 30 överståthållarämbetet
786 869 196 36 framhålla,
1013 873 48 27 att
1088 871 224 35 uppgifterna
1341 871 55 29 för
1424 871 340 36 jordbruksräkning

256 911 96 30 torde
372 911 10 29 i
402 911 100 36 fråga
522 921 55 20 om
597 921 47 20 nu
664 912 148 30 berörda
833 913 349 34 egnahemsbostäder
1203 914 110 29 sakna
1333 914 146 35 egentlig
1502 915 174 34 betydelse
1697 916 66 28 och

256 954 120 29 endast
398 963 83 20 vara
502 955 131 34 ägnade
655 957 49 27 att
726 954 137 30 förvilla
885 955 320 35 fastighetsägarna.
1248 951 93 34 Även
1363 966 57 19 om
1442 966 82 20 man
1547 957 109 29 skulle
1681 966 83 21 anse

257 996 216 35 erforderligt
501 996 131 30 erhålla
659 996 140 36 uppgift
827 996 177 36 angående
1033 998 55 29 det
1117 997 87 30 fåtal
1236 997 176 30 fruktträd
1441 999 66 29 och
1537 999 119 35 dylikt,
1688 1009 75 21 som

257 1038 111 29 finnes
389 1038 20 30 å
426 1048 43 20 en
488 1039 285 35 egnahemstomt,
793 1039 88 29 lärer
901 1049 84 20 vara
1005 1040 206 35 uppenbart,
1233 1043 48 27 att
1301 1040 150 35 husdjur
1470 1050 42 20 av
1532 1041 10 29 i
1562 1041 201 29 blanketten

257 1081 146 34 angivna
424 1081 72 35 slag
517 1081 62 29 där
599 1081 233 36 regelmässigt
853 1082 136 29 saknas.
1031 1082 121 30 Därest
1173 1092 82 19 man
1275 1083 190 29 emellertid
1488 1082 31 36 ej
1542 1092 100 20 anser
1664 1084 100 29 dessa

256 1123 175 35 uppgifter
457 1124 120 28 kunna
603 1124 70 29 helt
699 1123 92 36 utgå,
820 1133 78 20 vore
926 1124 104 35 enligt
1068 1124 433 30 överståthållarämbetets
1541 1125 139 36 mening
1708 1126 56 29 för

256 1165 274 36 översiktlighets
556 1166 173 29 vinnande
756 1166 216 35 synnerligen
997 1166 195 35 värdefullt,
1219 1176 57 20 om
1301 1167 172 29 formulär
1496 1167 21 29 b
1545 1169 13 27 1
1586 1168 138 29 delades
1752 1167 11 30 i

255 1207 67 35 två,
348 1217 42 20 av
415 1208 94 29 vilka
535 1207 170 30 formulär
731 1208 56 30 det
812 1218 64 20 ena
902 1208 124 36 avsåge
1052 1208 390 36 egnahemsfastigheter
1469 1209 11 29 i
1507 1210 162 29 städerna
1696 1210 66 29 och

256 1249 82 30 varå
357 1250 224 35 uppgifterna
601 1250 54 29 för
675 1250 339 36 jordbruksräkning
1034 1251 248 29 utelämnades.

301 1292 181 30 Formulär
502 1293 20 28 b
543 1294 28 33 2,
593 1302 72 20 som
686 1294 87 28 även
793 1302 97 20 avser
911 1302 117 20 annan
1049 1293 163 35 fastighet
1233 1294 44 28 än
1296 1292 364 37 jordbruksfastighet,
1682 1303 80 20 men

256 1334 107 30 sådan
384 1334 174 36 fastighet,
581 1344 73 20 som
675 1334 31 35 ej
729 1335 217 29 uteslutande
968 1336 39 28 är
1027 1335 307 36 bostadsfastighet
1355 1335 55 30 för
1431 1337 136 34 ägaren,
1593 1337 39 28 är
1654 1338 109 27 avsett

256 1380 49 26 att
328 1376 130 35 nyttjas
484 1376 94 30 såväl
602 1377 56 29 för
682 1377 306 35 hyresfastigheter
1013 1387 74 20 som
1112 1377 56 30 för
1192 1378 361 35 industrifastigheter.
1605 1374 158 34 Ämbetet

256 1420 63 28 har
344 1419 74 29 icke
442 1419 134 29 kunnat
600 1419 117 35 undgå
740 1420 66 28 den
831 1420 180 29 bestämda
1035 1419 278 36 uppfattningen,
1340 1423 49 27 att
1416 1420 202 35 härigenom
1644 1420 118 36 fastig-

255 1462 207 33 hetsägarna
481 1462 141 29 komma
642 1464 49 27 att
710 1462 144 29 orsakas
875 1461 209 36 svårigheter
1104 1462 57 30 vid
1181 1462 217 30 blankettens
1420 1462 177 36 ifyllande.
1640 1458 122 34 Ämbe-

254 1506 47 26 tet
321 1504 56 28 vill
400 1503 56 29 för
478 1504 52 28 sin
552 1504 53 29 del
627 1503 115 30 såsom
764 1507 47 26 ett
832 1504 179 29 önskemål
1034 1513 41 21 av
1101 1504 174 36 synnerlig
1297 1505 72 29 vikt
1392 1504 188 30 framhålla
1603 1505 158 35 lämplig-

255 1546 99 29 heten
372 1554 42 21 av
433 1548 49 27 att
499 1547 86 28 även
604 1545 171 30 formulär
792 1546 22 29 b
834 1547 18 28 2
870 1546 94 30 delas
983 1546 10 29 i
1011 1546 66 35 två,
1098 1547 55 29 det
1172 1556 64 20 ena
1255 1549 108 27 avsett
1382 1546 55 30 för
1456 1546 307 36 hyresfastigheter

256 1588 64 29 och
341 1588 55 29 det
418 1588 110 29 andra
552 1587 55 30 för
627 1588 360 35 industrifastigheter.
1029 1588 13 29 I
1064 1592 46 26 ett
1131 1589 172 29 formulär
1324 1598 42 20 av
1388 1589 209 35 sistangiven
1619 1592 53 26 art
1694 1592 67 26 tor-

255 1630 41 28 de
314 1629 171 30 formulär
503 1630 21 29 d
543 1631 85 28 även
647 1631 121 29 kunna
787 1630 182 35 inarbetas,
990 1631 10 29 i
1020 1631 114 29 vilken
1155 1631 165 29 händelse
1340 1631 128 30 antalet
1489 1631 194 29 blanketter
1703 1632 58 28 än-

255 1672 87 29 dock
367 1672 75 29 icke
467 1672 110 29 skulle
601 1673 94 29 ökas.

299 1709 91 34 Även
413 1714 65 29 här
500 1714 58 29 vill
583 1714 415 30 överståthållarämbetet
1020 1714 213 36 ifrågasätta,
1257 1715 173 29 huruvida
1453 1714 222 30 beträffande
1700 1715 61 35 hy-

255 1756 256 35 resfastigheter
533 1757 64 28 och
621 1756 352 36 industrifastigheter
994 1756 177 36 uppgifter
1193 1757 56 29 för
1270 1757 383 35 jordbruksräkningen
1677 1757 85 29 böra

255 1798 79 35 ingå
359 1798 9 29 i
395 1798 336 30 huvudformuläret.
783 1799 13 29 I
823 1799 65 34 det,
916 1799 209 30 åtminstone
1151 1799 56 29 för
1234 1798 219 30 Stockholms
1480 1799 282 35 vidkommande,

256 1841 164 35 sällsynta
446 1841 94 29 antal
564 1841 71 35 fall,
661 1842 63 28 där
750 1850 42 20 en
815 1841 267 36 hyresfastighet
1106 1842 81 29 eller
1212 1841 313 36 industrifastighet
1553 1842 38 29 är
1616 1842 146 29 förenad

254 1883 78 29 med
357 1882 182 36 jordbruk,
566 1893 102 25 synas
694 1884 109 29 därav
828 1883 184 36 påkallade
1037 1883 177 36 uppgifter
1241 1884 106 29 hellre
1372 1884 86 30 böra
1483 1884 135 29 lämnas
1645 1883 20 30 å
1691 1885 69 28 sär-

256 1925 89 30 skild
364 1926 136 35 bilaga.”

301 1992 258 36 Länsstyrelsen
578 1993 10 29 i
608 1993 152 35 Uppsala
779 1993 56 29 län
854 1992 115 36 ansåg,
990 1996 48 27 att
1057 1993 214 29 formulären
1290 2002 82 21 voro
1393 2002 72 20 mer
1485 1992 210 36 detaljerade
1715 1992 45 29 än

258 2042 82 30 1933
356 2043 65 28 och
441 2045 49 27 att
511 2052 41 20 en
572 2042 198 37 förenkling
789 2043 88 29 hade
897 2043 87 29 varit
1005 2044 184 34 önskvärd,
1213 2043 43 30 då
1278 2044 41 29 de
1340 2043 251 36 skattskyldiga
1611 2043 147 29 utsättas

255 2092 56 30 för
328 2092 171 36 svårighet
518 2095 48 27 att
583 2093 116 29 lämna
719 2094 68 29 alla
804 2094 42 29 de
863 2094 251 35 upplysningar
1133 2103 74 20 som
1226 2094 153 35 begäras.

302 2144 258 36 Länsstyrelsen
587 2146 9 28 i
625 2140 241 40 Östergötland
894 2145 145 29 anförde
1065 2145 44 29 bl.
1138 2155 44 20 a.:
1222 2145 75 29 ”Det
1324 2145 97 29 torde
1450 2145 119 29 kunna
1597 2144 160 34 förutses,

255 2188 48 28 att
324 2187 64 29 den
409 2187 138 34 mycket
567 2185 210 37 detaljerade
798 2187 278 35 uppställningen
1097 2196 42 20 av
1162 2186 139 31 särskilt
1323 2187 169 29 formulär
1514 2188 22 28 b
1562 2188 12 27 1
1601 2187 159 29 kommer

254 2229 49 27 att
327 2227 182 30 förorsaka
534 2227 283 36 fastighetsägare
842 2227 19 30 å
886 2228 237 36 landsbygden
1148 2237 42 21 en
1215 2228 55 29 del
1294 2228 138 36 bryderi
1459 2228 65 29 och
1550 2228 114 34 omak,
1692 2228 66 29 och

254 2269 88 29 lärer
362 2269 9 29 i
392 2268 127 37 många
538 2269 61 30 fall
619 2270 199 35 taxeringen
840 2269 43 37 på
904 2271 111 34 grund
1036 2279 42 20 av
1098 2271 234 28 nämndernas
1354 2271 294 29 lokalkännedom
1670 2270 87 29 kun-

254 2319 45 21 na
324 2311 133 30 utföras
479 2312 79 29 med
583 2311 70 31 lika
680 2314 70 34 gott
776 2313 141 29 resultat
942 2315 84 26 utan
1054 2312 41 29 de
1122 2321 68 27 nya
1217 2311 331 37 detaljuppgifterna
1575 2322 75 20 som
1678 2311 80 30 med

255 2354 96 35 hjälp
373 2364 41 20 av
437 2354 198 30 desamma.”

300 2396 260 36 Länsstyrelsen
581 2398 9 28 i
609 2393 167 38 Älvsborg
795 2398 152 29 uttalade
964 2397 45 29 bl.
1032 2407 43 19 a.:
1109 2396 126 36 "Enligt
1253 2397 262 35 länsstyrelsens
1534 2396 139 35 mening
1694 2396 64 29 bör

254 2440 46 27 ett
330 2437 406 30 deklarationsformulär
767 2438 75 29 icke
872 2448 83 20 vara
986 2447 94 21 mera
1112 2438 171 30 invecklat
1315 2440 44 28 än
1391 2441 48 26 att
1472 2439 148 29 flertalet
1650 2438 106 29 skatt-

254 2479 156 37 skyldiga
431 2479 45 37 på
497 2488 82 28 egen
601 2480 94 30 hand
716 2481 86 29 böra
823 2481 118 29 kunna
963 2480 217 36 fullständigt
1201 2481 66 29 och
1289 2480 122 30 felfritt
1432 2480 99 37 ifylla
1553 2481 204 29 detsamma.
