1846 2786
493 155 121 29 Första
635 152 246 40 lagutskottets
902 149 178 30 utlåtande
1101 158 43 20 nr
1164 148 52 29 23.
1586 144 17 29 T

105 244 105 30 firma
233 242 175 30 innehålla
432 241 88 29 hans
544 240 161 29 tillnamn
729 240 77 29 med
831 238 80 29 eller
935 238 84 28 utan
1043 236 175 29 förnamn.
1242 233 63 29 Det
1329 234 37 28 är
1390 231 139 39 vanligt,
1554 231 49 29 att

106 288 46 28 ett
175 286 85 29 visst
285 286 9 28 i
319 284 105 30 firma
447 282 167 39 ingående
638 281 73 33 ord,
736 281 72 29 ofta
832 279 74 39 just
931 280 47 28 ett
1003 278 212 32 släktnamn,
1240 274 140 31 särskilt
1405 274 198 29 framhäves

106 328 55 31 vid
187 328 147 29 firmans
360 324 222 40 användning
607 325 9 28 i
640 324 135 28 reklam
800 322 64 29 och
889 321 101 39 eljest
1014 320 64 29 och
1102 317 123 31 därvid
1249 317 54 31 får
1328 316 211 31 karaktären
1564 324 41 20 av

106 380 25 20 s.
158 371 32 29 k.
216 369 191 30 dominant.
434 367 65 31 Vid
523 366 232 30 bedömandet
780 365 10 29 i
816 375 41 19 en
883 361 325 31 konfliktsituation
1233 370 41 20 av
1299 359 154 30 likheten
1478 357 127 30 mellan

106 412 131 30 firman
259 413 63 28 och
343 413 108 27 annat
472 411 10 28 i
505 409 123 38 näring
650 409 130 29 använt
801 406 241 30 kännetecken
1064 404 109 30 fästes
1196 402 141 31 särskilt
1359 401 168 31 avseende
1548 400 57 29 vid

106 453 373 32 överensstämmelsen
508 452 127 29 mellan
665 449 336 31 firmadominanten
1031 447 62 29 och
1123 447 58 29 det
1210 444 238 31 kolliderande
1477 443 129 29 känne-

107 497 149 29 tecknet.
279 496 12 29 I
317 496 13 29 1
358 495 14 37 $
398 496 98 39 lagen
519 495 65 29 den
606 493 18 29 5
646 493 67 40 juli
738 490 82 31 1884
844 500 55 21 om
923 490 111 39 skydd
1057 489 54 29 för
1132 487 235 31 varumärken
1390 485 215 32 förutsättes,

109 540 49 29 att
189 538 265 40 näringsidkare
485 538 83 28 utan
597 535 118 30 vidare
746 536 78 37 äger
854 534 70 28 rätt
954 533 49 28 att
1031 532 156 39 begagna
1217 530 58 30 sitt
1305 537 107 21 namn
1443 528 79 29 eller
1553 527 53 29 sin

109 581 104 30 firma
238 580 115 30 såsom
376 579 218 33 varumärke,
619 578 48 29 låt
691 585 81 21 vara
796 578 50 27 att
870 576 114 29 denna
1007 575 68 29 rätt
1099 574 70 29 kan
1194 572 36 30 få
1252 571 196 31 vidkännas
1473 579 40 20 en
1537 569 69 29 viss

107 623 247 30 modifikation
378 623 79 29 med
479 622 136 37 hänsyn
638 620 52 29 till
714 628 134 20 annans
871 617 146 39 tidigare
1040 616 203 39 uppkomna
1266 612 340 31 känneteckensrätt.

108 665 185 29 Använder
319 664 114 39 någon
459 662 208 39 obehörigen
694 670 135 20 annans
855 669 109 20 namn
989 659 80 29 eller
1096 657 107 31 firma
1228 656 115 30 såsom
1368 654 240 31 kännetecken

109 708 55 30 för
190 717 101 20 varor
319 716 74 20 som
419 707 70 29 han
516 703 294 33 tillhandahåller,
838 703 101 38 utgör
967 702 92 29 detta
1088 700 124 29 sådant
1239 698 139 39 intrång
1405 697 71 29 mot
1502 696 107 29 vilket

109 759 82 21 man
212 750 69 29 kan
300 748 160 31 inskrida
478 748 77 29 med
576 747 76 29 stöd
673 756 42 20 av
737 745 37 29 12
798 744 14 35 8
834 743 341 37 varumärkeslagen.
1197 740 116 40 Enligt
1334 739 39 30 13
1395 738 14 36 $
1431 739 178 30 varumär-

110 793 164 39 keslagen
304 792 106 39 gäller
439 788 319 40 intrångsskyddet,
788 789 86 28 även
903 795 56 21 om
989 794 135 22 annans
1154 793 107 21 namn
1291 783 81 29 eller
1401 781 105 30 firma
1533 781 76 29 icke

110 835 205 30 oförändrat
336 832 188 40 återgivits,
548 831 119 30 såvida
690 830 238 39 ändringarna
950 828 29 39 ej
1006 829 58 28 äro
1088 828 111 28 större
1222 827 43 29 än
1288 826 59 33 att,
1371 824 118 30 oaktat
1512 822 99 39 skilj-

111 877 195 39 aktigheter
329 876 10 29 i
363 875 93 31 vissa
480 875 104 33 delar,
610 882 153 21 namnen
786 872 11 29 i
821 871 54 31 sin
899 870 118 31 helhet
1040 869 63 31 lätt
1127 869 123 30 kunna
1272 866 186 32 förväxlas.

155 919 58 29 Ett
237 917 329 40 förväxlingsskydd
590 925 42 20 av
656 925 47 20 nu
729 914 146 40 angiven
900 915 54 28 art
978 913 127 29 mellan
1131 911 201 30 släktnamn
1357 907 254 42 upprätthålles

111 962 76 29 icke
206 961 57 30 vid
282 962 65 29 den
367 959 281 31 administrativa
665 956 181 41 prövning,
867 965 75 21 som
961 954 136 40 föregår
1116 953 212 39 beviljandet
1347 961 43 21 av
1407 959 68 31 nya
1494 959 117 21 namn.

112 1003 71 30 Här
207 1002 108 31 tillses
339 1003 133 32 endast,
496 1002 49 29 att
569 1000 56 30 det
649 1008 118 25 namn,
792 1008 75 20 som
891 999 39 29 är
953 996 146 31 föremål
1124 996 54 29 för
1202 995 168 33 ansökan,
1395 994 38 29 är
1457 994 48 29 att
1529 1000 83 22 anse

113 1055 75 20 som
209 1047 76 37 nytt
306 1046 8 28 i
335 1044 219 30 förhållande
575 1043 51 29 till
647 1051 119 24 namn,
788 1051 73 19 som
882 1040 108 29 redan
1009 1039 99 30 bäres
1131 1048 41 20 av
1192 1047 116 20 annan
1329 1037 101 32 släkt,
1452 1035 64 29 och
1536 1035 77 29 där-

113 1088 55 30 vid
195 1097 100 20 anses
323 1087 72 30 ofta
422 1088 85 28 även
532 1095 41 21 en
600 1085 98 38 ringa
725 1083 173 30 avvikelse
925 1082 79 30 från
1030 1081 146 39 tidigare
1204 1080 200 29 släktnamn
1431 1077 181 39 tillfyllest.

113 1130 48 30 På
187 1130 94 30 detta
308 1130 67 29 sätt
402 1128 214 40 uppkomma
644 1127 62 29 lätt
733 1135 66 30 nya
827 1125 212 32 släktnamn,
1067 1132 74 21 som
1168 1122 87 30 efter
1281 1120 332 31 varumärkesrätts-

113 1173 69 39 liga
205 1172 370 39 bedömningsnormer
601 1171 60 28 äro
686 1167 301 40 förväxlingsbara
1012 1166 63 29 och
1101 1174 75 20 som
1202 1165 86 29 även
1311 1163 10 29 i
1345 1162 187 41 praktiken
1556 1161 58 29 vid

114 1214 225 40 användning
367 1214 9 29 i
406 1211 368 41 näringsverksamhet
802 1210 64 30 och
895 1209 101 39 eljest
1024 1208 110 30 måste
1163 1206 188 31 framkalla
1378 1204 236 39 förväxlingar

114 1257 65 29 och
201 1256 154 39 misstag.
378 1255 12 29 I
413 1265 42 20 en
475 1254 160 31 blivande
658 1251 187 39 utredning
866 1252 62 30 bör
950 1252 124 39 prövas
1096 1250 10 29 i
1126 1251 67 28 vad
1216 1248 80 30 mån
1318 1249 47 29 ett
1386 1246 229 39 förväxlings-

115 1300 113 38 skydd
250 1298 165 30 liknande
438 1298 57 30 det
516 1294 391 40 varumärkesrättsliga
929 1294 70 29 kan
1022 1292 222 40 genomföras
1267 1292 86 29 även
1375 1290 95 29 inom
1493 1297 122 21 namn-

115 1341 275 40 lagstiftningen.

160 1382 117 40 Enligt
303 1382 38 29 10
368 1381 15 37 $
410 1381 205 38 firmalagen
640 1381 64 28 och
729 1379 19 29 4
774 1378 15 36 $
816 1378 35 34 2)
880 1377 331 38 varumärkeslagen
1235 1376 56 29 må
1315 1375 10 29 i
1349 1375 105 29 firma
1479 1373 138 39 respek-

116 1426 67 29 tive
204 1425 209 30 varumärke
434 1424 29 39 ej
487 1423 208 39 obehörigen
717 1422 134 38 intagas
872 1429 135 21 annans
1028 1427 118 22 namn.
1167 1417 242 31 Motsvarande
1431 1416 111 39 skydd
1562 1415 55 29 för

117 1467 291 30 firmadominant
436 1466 63 29 och
526 1464 209 30 varumärke
763 1464 128 28 saknas
920 1462 10 29 i
958 1459 484 39 släktnamnsförordningen,
1470 1458 63 29 och
1561 1466 55 20 om

117 1509 115 40 någon
251 1509 65 29 fått
336 1508 116 31 såsom
472 1508 201 30 släktnamn
693 1505 154 40 godkänt
866 1505 73 33 ord,
960 1513 73 21 som
1052 1504 102 37 utgör
1174 1511 134 21 annans
1328 1496 290 48 firmadominant

117 1552 83 29 eller
223 1551 219 33 varumärke,
467 1551 37 28 är
527 1550 55 29 det
606 1548 108 30 ovisst
738 1557 55 20 om
817 1546 237 30 innehavaren
1078 1554 41 20 av
1144 1544 124 30 sådant
1292 1542 239 31 kännetecken
1554 1541 64 29 har

117 1594 116 39 någon
254 1593 135 39 rättslig
410 1591 206 40 befogenhet
639 1591 50 30 att
711 1589 135 40 ingripa
869 1590 92 28 emot
984 1588 247 29 släktnamnet.
1252 1586 65 29 Det
1337 1585 62 30 bör
1421 1585 197 38 övervägas,

118 1635 175 30 huruvida
314 1635 29 39 ej
369 1635 76 29 skäl
468 1633 165 39 föreligga
655 1634 50 28 att
733 1633 4 28 i
759 1642 42 19 en
823 1631 211 30 kommande
1056 1630 54 39 lag
1133 1639 57 19 om
1212 1630 68 28 rätt
1301 1626 52 32 till
1375 1636 107 21 namn
1504 1625 115 30 införa

118 1679 111 38 regler
252 1677 52 31 till
329 1677 111 39 skydd
466 1677 53 29 för
544 1676 144 38 tidigare
714 1675 203 39 uppkomna
943 1673 118 29 firma-
1086 1672 64 29 och
1175 1669 443 39 varumärkesrättigheter.

164 1743 278 30 Yrkeskvinnors
467 1740 349 40 samarbetsförbund
841 1739 102 31 anför
968 1739 52 29 till
1045 1739 76 29 stöd
1147 1738 54 29 för
1227 1736 59 30 sitt
1311 1735 243 39 tillstyrkande
1580 1743 40 20 av

119 1795 277 30 motionärernas
415 1793 208 30 hemställan
644 1801 56 21 om
720 1791 187 38 utredning
926 1789 176 39 angående
1123 1789 113 28 rätten
1256 1787 50 29 till
1325 1786 201 29 släktnamn
1546 1784 75 30 icke

119 1846 110 29 andra
250 1846 74 29 skäl
345 1846 44 28 än
410 1845 39 28 de
470 1844 10 28 i
501 1843 218 29 motionerna
740 1841 203 40 åberopade.

620 2005 80 31 Gift
724 2004 156 31 kvinnas
905 2002 225 32 släktnamn.

122 2089 166 29 Historik.

168 2139 120 29 Såsom
310 2137 205 38 motivering
536 2137 52 28 för
608 2135 268 30 bestämmelsen
898 2134 8 28 i
927 2134 18 28 5
966 2134 78 38 kap.
1068 2133 37 28 15
1129 2133 14 33 $
1167 2130 320 39 giftermålsbalken
1510 2128 112 29 anför-

122 2191 40 28 de
183 2188 289 39 lagberedningen
491 2188 8 27 i
521 2186 57 29 sitt
598 2186 218 29 betänkande
837 2185 43 28 IV
902 2184 76 28 med
999 2183 131 37 förslag
1149 2182 49 28 till
1220 2180 276 39 giftermålsbalk
1516 2188 42 19 m.
1581 2188 43 18 m.

125 2240 165 37 följande.

170 2298 73 28 Den
264 2296 195 40 personliga
480 2296 210 37 gemenskap
713 2294 125 28 mellan
860 2293 180 31 makarna,
1062 2300 72 19 som
1158 2289 228 38 äktenskapet
1412 2288 141 31 medför,
1576 2296 52 29 sy-

130 2350 58 19 nes
204 2340 82 28 böra
303 2339 129 28 erhålla
451 2338 57 28 sitt
526 2338 137 37 uttryck
682 2336 84 34 däri,
784 2337 49 27 att
850 2335 105 37 bägge
973 2333 168 29 makarna
1161 2333 86 27 hava
1265 2340 132 19 samma
1417 2330 210 28 släktnamn.

127 2382 238 29 Förevarande
394 2380 161 38 paragraf
583 2378 141 29 fastslår
752 2377 129 31 därför,
909 2377 8 27 i
947 2375 203 37 anslutning
1178 2373 50 28 till
1257 2371 196 30 härskande
1481 2369 148 37 ordning

129 2426 73 28 icke
226 2424 84 28 blott
336 2424 6 27 i
368 2423 73 29 vårt
468 2422 77 28 land
573 2422 82 27 utan
681 2420 102 28 bland
810 2418 240 30 kulturfolken
1078 2417 7 27 i
1111 2415 201 32 allmänhet,
1338 2415 64 28 den
1431 2412 123 38 regeln,
1580 2413 48 27 att

128 2469 147 26 hustrun
307 2466 72 27 med
412 2464 125 37 vigseln
569 2463 147 28 erhåller
747 2470 168 20 mannens
946 2460 210 28 släktnamn.
1188 2458 62 28 Det
1281 2456 232 29 förekommer
1541 2453 86 29 dock
