2190 2638
668 188 265 32 Statsutskottets
956 188 174 33 Memorial
1152 189 61 32 N:o
1236 192 67 29 110.
1731 194 18 28 3

312 274 113 37 Hvad
466 274 188 38 utskottet
694 274 161 38 sålunda
888 275 195 38 hemställt
1115 276 68 37 har
1210 276 137 37 Första
1375 276 232 38 Kammaren
1636 276 152 48 bifallit,

176 325 201 37 hvaremot
418 325 132 37 Andra
591 325 234 38 Kammaren
858 326 158 49 afslagit
1049 327 208 38 utskottets
1286 327 229 38 hemställan
1544 328 72 37 och
1643 327 142 50 Kungl.

176 375 127 49 Maj:ts
337 375 6 37 i
372 380 129 33 ämnet
528 376 138 49 gjorda
693 376 297 50 framställning.

310 476 59 38 Då
411 477 224 37 kamrarnas
670 477 224 50 skiljaktiga
922 478 128 38 beslut
1076 479 12 36 i
1115 479 124 37 denna
1268 480 110 48 fråga
1402 479 83 38 icke
1514 493 115 36 synes
1656 480 131 38 kunna

176 527 336 49 sammanjämkas,
554 528 71 38 och
667 528 136 49 frågan
844 529 83 37 icke
968 529 109 37 torde
1118 543 91 24 vara
1250 531 42 36 af
1316 530 266 38 beskaffenhet
1610 536 55 32 att
1692 531 93 37 böra

175 591 140 36 genom
356 591 224 36 gemensam
621 579 178 49 votering
832 580 167 49 afgöras,
1027 580 122 37 finner
1176 581 189 37 utskottet
1393 581 111 37 alltså
1531 581 252 38 förevarande

175 629 111 49 fråga
313 643 61 23 om
404 629 322 50 biskopspension
754 630 118 37 hafva
900 630 175 48 förfallit;
1105 631 145 38 hvilket
1272 632 191 37 utskottet
1481 632 159 37 härmed
1660 632 125 37 skolat

176 680 60 37 för
261 680 224 50 Riksdagen

629 782 161 38 anmäla.

946 903 67 35 3:0.

308 984 142 49 Kungl.
479 984 107 49 Maj:t
614 984 97 37 hade
739 985 10 36 i
779 985 505 50 statsverkspropositionen
1312 986 122 37 under
1460 986 130 38 tionde
1618 987 165 37 hufvud-

173 1034 109 38 titeln
309 1035 12 36 i
349 1035 123 49 punkt
501 1037 45 34 10
573 1035 202 50 föreslagit
801 1036 234 50 Riksdagen,
1064 1042 55 31 att
1146 1043 108 31 extra
1274 1037 191 37 ordinarie
1480 1038 223 49 professorn
1718 1037 63 37 vid

175 1085 263 38 universitetet
473 1085 4 37 i
504 1086 112 37 Lund
661 1089 155 35 Michael
854 1089 187 35 Kolmodin
1079 1089 189 46 Löwegren
1307 1091 118 34 måtte
1467 1088 85 37 från
1594 1089 71 37 och
1694 1089 87 36 med

173 1136 191 38 månaden
391 1142 87 32 näst
505 1137 98 37 efter
631 1137 86 48 den,
745 1137 12 36 i
785 1138 154 37 hvilken
959 1138 136 37 afsked
1115 1138 83 38 från
1219 1144 108 32 extra
1341 1139 190 37 ordinarie
1546 1140 235 48 professors-

173 1187 270 50 befattningen
470 1187 128 38 blefve
626 1188 140 37 honom
791 1188 196 49 beviljadt,
1001 1189 122 37 under
1139 1189 57 36 sin
1214 1190 241 37 återstående
1470 1189 122 38 lifstid
1606 1190 174 50 uppbära

171 1237 162 50 pension
359 1237 57 37 till
445 1238 141 49 belopp
615 1238 42 37 af
681 1240 111 46 3,800
820 1239 142 37 kronor
989 1239 156 50 årligen.

301 1288 89 37 Med
431 1288 210 50 anledning
681 1289 114 37 häraf
831 1289 99 38 hade
970 1290 188 37 utskottet
1184 1291 12 36 i
1222 1290 125 50 punkt
1382 1293 44 35 19
1456 1291 42 37 af
1522 1291 67 37 sitt
1615 1291 163 37 berörda

169 1338 196 38 utlåtande
403 1338 208 48 hemställt,
653 1345 56 31 att
749 1339 222 50 Riksdagen
1012 1344 115 33 måtte
1167 1345 49 45 på
1256 1341 65 37 det
1361 1346 77 32 sätt
1476 1341 132 38 bifalla
1634 1342 143 49 Kungl.

171 1389 127 48 Maj:ts
338 1389 296 49 ifrågavarande
675 1390 299 50 framställning,
1016 1396 55 31 att
1111 1396 108 33 extra
1247 1391 191 38 ordinarie
1464 1392 224 49 professorn
1715 1392 64 37 vid

170 1440 267 37 universitetet
469 1440 6 36 i
502 1441 112 36 Lund
654 1441 161 37 Michael
844 1441 206 38 Kolmodin
1090 1443 212 49 Löwegren
1331 1445 117 35 måtte
1476 1443 84 37 från
1594 1443 70 37 och
1693 1443 86 37 med

169 1491 189 37 månaden
387 1496 87 32 näst
501 1491 99 37 efter
628 1491 86 48 den,
742 1492 11 36 i
781 1491 156 37 hvilken
958 1492 136 38 afsked
1113 1494 84 37 från
1213 1499 107 31 extra
1336 1493 191 38 ordinarie
1542 1494 237 49 professors-

171 1541 268 50 befattningen
479 1541 128 38 blefve
635 1542 140 38 honom
806 1542 194 49 beviljadt,
1029 1544 121 37 under
1178 1544 59 37 sin
1266 1544 242 38 återstående
1536 1545 120 37 lifstid
1684 1558 95 37 upp-

170 1592 92 37 bära
289 1592 162 49 pension
478 1592 57 37 till
560 1593 139 49 belopp
729 1593 42 37 af
796 1595 111 44 3,500
934 1593 141 38 kronor
1103 1595 157 49 årligen.

302 1692 114 37 Hvad
457 1692 189 38 utskottet
686 1693 161 37 sålunda
886 1694 197 37 hemställt
1110 1695 69 36 har
1206 1696 132 36 Andra
1366 1696 233 44 Kammaren
1628 1696 150 46 bifallit,

170 1743 200 37 hvaremot
410 1743 137 36 Första
587 1743 246 47 Kammaren,
876 1744 86 37 med
1005 1745 127 49 afslag
1160 1749 20 33 å
1207 1746 210 37 utskottets
1458 1741 241 52 hemställan,
1737 1750 42 33 så

168 1793 81 37 vidt
289 1793 73 37 den
405 1793 136 37 skillde
585 1793 61 49 sig
678 1794 84 36 från
789 1794 143 49 Kungl.
961 1795 128 48 Maj:ts
1117 1797 11 35 i
1156 1801 129 32 ämnet
1313 1797 137 48 gjorda
1478 1796 298 50 framställning,

168 1844 142 37 bifallit
338 1844 127 37 denna
493 1843 287 50 framställning
808 1845 244 37 oförändrad.

298 1945 75 36 För
412 1945 126 37 denna
574 1945 111 49 fråga
731 1946 213 49 afgörande
985 1947 165 37 medelst
1191 1961 225 36 gemensam
1454 1948 240 49 omröstning
1721 1948 57 37 får

169 1995 189 37 utskottet
386 1995 141 38 föreslå
555 1996 168 48 följande
751 1996 458 51 voteringsproposition:

952 2114 48 36 II.

306 2197 118 45 »Den,
466 2209 81 23 som
576 2195 10 36 i
616 2195 120 37 likhet
775 2196 86 37 med
903 2197 137 36 Första
1080 2198 234 37 Kammaren
1343 2198 78 46 vill,
1456 2201 48 46 på
1533 2204 76 32 sätt
1636 2199 142 49 Kungl.

166 2246 105 48 Maj:t
312 2246 212 49 föreslagit,
554 2251 55 32 att
637 2251 107 33 extra
772 2246 190 38 ordinarie
991 2248 223 48 professorn
1243 2248 63 38 vid
1338 2248 265 40 universitetet
1630 2250 10 36 i
1669 2250 109 37 Lund
