2164 2628
683 158 277 34 Bankoutskottets
984 159 164 33 utlåtande
1172 160 52 32 Nr
1246 161 52 33 83.
1727 163 17 31 7

916 633 58 39 Nr
1002 633 63 41 83.

813 789 112 28 Ankom
944 790 43 26 till
1006 790 167 35 riksdagens
1194 791 92 27 kansli
1305 791 54 28 den
1378 792 18 27 8
1411 792 62 35 juni
1495 793 68 26 1920
1581 793 39 26 kl.
1639 794 17 27 4
1674 803 24 17 e.
1718 804 33 16 m.

391 929 204 44 Utlåtande,
633 931 13 33 i
682 931 197 45 anledning
917 943 44 24 av
993 932 329 46 framställningar
1355 945 54 23 om
1446 934 271 46 dyrtidstillägg
1751 936 36 35 åt

577 1000 397 45 pensionsberättigade
1014 1002 116 34 änkor
1171 1002 64 36 och
1278 1003 91 35 barn
1412 1002 93 44 efter
1546 1004 239 46 befattnings-

583 1069 131 34 havare
742 1069 62 35 hos
832 1069 190 45 riksdagen
1051 1071 84 35 eller
1162 1072 13 34 i
1205 1073 77 34 dess
1310 1073 94 34 verk.

311 1222 17 35 I
357 1222 181 36 skrivelse
567 1222 57 36 till
652 1223 313 37 bankoutskottet
997 1225 97 35 hava
1124 1225 240 49 fullmäktige
1391 1227 12 35 i
1424 1227 232 37 riksbanken
1683 1229 103 36 hem-

181 1274 116 46 ställt,
327 1279 54 31 att
409 1274 185 36 utskottet
621 1275 86 36 ville
737 1274 136 37 föreslå
891 1275 207 48 riksdagen
1118 1278 77 35 dels
1215 1277 190 49 medgiva,
1428 1284 53 30 att
1501 1279 285 50 dyrtidstillägg

182 1327 61 34 må
266 1327 91 46 utgå
386 1325 56 36 till
470 1326 418 49 pensionsberättigade
917 1327 119 36 änkor
1065 1328 70 36 och
1165 1328 93 37 barn
1288 1330 96 36 efter
1412 1330 175 49 delägare
1612 1331 12 35 i
1643 1332 142 36 banko-

182 1382 143 31 statens
354 1377 113 36 änke-
492 1378 70 35 och
581 1378 234 49 pupillkassa
834 1378 90 37 eller
943 1378 113 37 änke-
1077 1380 71 35 och
1168 1380 263 50 pupillkassan
1451 1382 64 36 vid
1535 1382 266 38 riksbankens.

180 1428 368 49 avdelningskontor
584 1430 69 35 och
682 1430 263 49 pappersbruk
973 1431 121 49 enligt
1123 1445 145 23 samma
1297 1433 179 48 grunder,
1506 1447 81 23 som
1617 1449 46 22 av
1690 1435 95 37 riks-

182 1480 124 49 dagen
341 1481 117 36 varda
495 1481 209 36 fastställda
736 1482 231 37 beträffande
997 1484 419 49 pensionsberättigade
1445 1486 119 35 änkor
1592 1487 71 36 och
1694 1487 91 36 barn

182 1532 95 36 efter
306 1532 378 49 befattningshavare
712 1534 11 35 i
751 1539 144 31 statens
924 1535 131 48 tjänst,
1086 1537 76 35 dels
1192 1538 62 34 ock
1282 1536 233 50 bemyndiga
1546 1538 238 49 fullmäktige

183 1589 54 30 att
265 1584 58 36 för
351 1584 214 37 ändamålet
594 1598 46 23 av
668 1585 248 37 riksbankens
946 1587 120 36 medel
1095 1588 177 35 använda
1300 1589 251 49 erforderliga
1581 1590 148 50 belopp.

310 1636 140 36 Vidare
479 1636 98 36 hava
607 1637 238 48 fullmäktige
874 1637 11 35 i
913 1638 372 48 riksgäldskontoret
1312 1641 12 34 i
1354 1641 184 36 skrivelse
1567 1642 56 35 till
1642 1642 141 37 banko-

181 1687 185 36 utskottet
406 1688 202 46 hemställt,
640 1695 54 29 att
734 1690 185 35 utskottet
960 1690 87 36 ville
1091 1690 138 36 föreslå
1256 1691 206 48 riksdagen
1491 1694 76 35 dels
1595 1694 188 48 medgiva,

181 1743 54 30 att
263 1738 286 50 dyrtidstillägg
577 1739 57 36 för
662 1739 102 37 tiden
793 1740 83 36 från
905 1741 70 35 och
1009 1741 82 36 med
1124 1742 72 35 den
1229 1744 17 33 1
1274 1743 73 48 juli
1378 1745 98 34 1920
1507 1747 58 33 må
1593 1745 118 47 enligt
1739 1745 45 36 de

181 1790 178 47 grunder,
397 1803 80 23 som
512 1804 46 22 av
586 1791 206 48 riksdagen
821 1793 116 35 varda
964 1792 196 37 bestämda
1188 1793 235 37 beträffande
1451 1796 332 49 pensionsberätti-

181 1842 97 47 gade
306 1842 119 36 änkor
453 1842 70 36 och
552 1842 92 36 barn
673 1842 94 37 efter
797 1843 377 49 befattningshavare
1202 1846 11 35 i
1243 1851 145 32 statens
1417 1847 129 47 tjänst,
1576 1851 92 46 utgå
1693 1848 90 48 jäm-

181 1893 61 35 väl
283 1893 56 36 till
382 1894 46 36 de
466 1907 190 35 personer,
687 1908 79 22 som
796 1900 72 43 äga
896 1896 170 48 uppbära
1094 1897 159 48 pension
1284 1897 84 37 från
1397 1898 385 49 riksgäldskontorets

180 1945 112 35 änke-
321 1945 70 36 och
421 1946 245 48 pupillkassa,
696 1951 176 32 ävensom
903 1947 55 36 till
988 1948 125 37 änkan
1136 1949 108 35 Anna
1265 1950 149 36 Amalia
1436 1949 235 48 Sandström,
1693 1951 89 37 född

183 1995 155 48 Pilblad,
368 1997 70 36 och
467 1998 126 35 änkan
621 1998 151 48 Hedvig
800 1998 162 37 Axelina
992 1998 192 37 Gottfrida
1213 2000 125 36 Olivia
1367 2001 130 47 Levin,
1520 2002 89 36 född
1630 2003 152 36 Vester-

182 2047 120 44 mark;
344 2049 76 35 dels
462 2051 61 33 ock
564 2048 229 49 bemyndiga
835 2050 242 48 fullmäktige
1119 2056 54 31 att
1202 2052 57 36 för
1287 2053 213 36 ändamålet
1529 2067 45 22 av
1603 2053 178 50 förslags-

181 2099 174 47 anslaget
384 2100 56 34 till
471 2100 224 47 avlöningar
722 2102 68 34 och
820 2102 203 47 pensioner
1048 2116 46 21 m.
1118 2115 47 23 m.
1190 2103 62 35 vid
1273 2104 205 47 riksgälds-
1499 2105 69 35 och
1589 2105 192 48 riksdags-

182 2150 283 48 förvaltningen
495 2151 172 35 använda
695 2152 241 48 erforderligt
965 2152 149 49 belopp.

310 2200 187 49 Slutligen
526 2202 69 35 har
623 2203 11 34 i
663 2216 46 22 en
738 2203 101 36 inom
869 2204 119 35 första
1018 2204 218 37 kammaren
1265 2205 125 47 väckt,
1411 2206 56 36 till
1489 2207 184 36 utskottet
1694 2208 88 36 hän-

183 2253 103 35 visad
329 2253 143 36 motion
514 2266 45 23 nr
602 2255 45 34 25
690 2254 86 36 herr
808 2256 153 43 FEloman,
991 2256 97 35 Karl
1115 2257 132 43 Johan,
1278 2256 204 48 hemstiällt,
1513 2258 110 37 bland
1655 2266 125 41 annat,
