2210 2612
403 198 18 28 4
823 191 119 32 Andra
965 189 221 41 lagutskottets
1208 187 170 32 utlåtande
1401 186 54 31 Nr
1476 188 49 29 22.

465 279 106 38 Skall
600 276 372 50 försäkringsavgift
999 275 197 49 uppbäras
1223 273 13 36 i
1260 272 76 37 den
1359 271 12 36 i
1401 269 21 49 $
1450 273 23 34 4
1497 269 194 49 stadgade
1720 268 166 49 ordning
1915 267 72 38 och

362 334 154 47 uppgår
534 330 227 36 densamma
779 328 57 36 till
859 328 109 45 1,000
983 326 140 36 kronor
1138 324 94 37 eller
1248 335 118 31 mera,
1382 325 62 33 må
1462 318 524 49 riksförsäkringsanstalten

363 386 51 45 på
452 380 171 39 ansökan
661 393 48 23 av
737 378 74 37 den
841 375 311 51 avgiftspliktige
1181 373 194 49 medgiva,
1404 377 56 31 att
1488 371 175 49 avgiften
1687 370 183 48 erlägges
1899 368 88 37 med

364 432 151 37 hälften
542 430 123 37 under
693 430 122 36 första
842 428 72 37 och
943 426 222 38 återstoden
1194 423 122 37 under
1345 422 119 37 andra
1492 421 244 49 uppbörden.

470 633 134 36 Denna
628 630 231 49 förordning
885 628 131 37 träder
1043 627 11 35 i
1083 626 105 36 kraft
1215 625 75 36 den
1321 626 17 33 1
1364 621 154 50 januari
1545 621 110 36 1921.

212 830 138 58 Utskottet.
471 831 246 38 Beträffande
744 829 210 37 innehållet
978 842 46 23 av
1051 825 299 50 ifrågavarande
1377 822 148 49 förslag
1553 826 185 32 ävensom
1762 818 11 37 i
1802 819 111 47 fråga
1932 831 62 23 om

370 884 49 37 de
461 883 95 44 skäl,
597 895 83 24 som
722 880 108 49 ligga
858 880 58 36 till
944 878 127 50 grund
1096 878 60 36 för
1184 877 229 43 detsamma,
1441 873 57 36 får
1527 871 193 37 utskottet
1748 868 162 38 hänvisa
1937 867 59 37 till

372 933 304 50 propositionen.

473 983 200 38 Utskottet
713 982 70 36 har
810 980 64 37 vid
901 978 246 51 granskning
1175 990 47 23 av
1251 974 190 49 förslaget
1468 972 84 38 icke
1580 971 129 37 funnit
1737 969 83 37 skäl
1844 969 59 36 till
1932 982 65 23 an-

374 1034 206 49 märkning
608 1038 81 32 mot
716 1032 216 36 detsamma
960 1030 72 36 och
1060 1029 58 36 får
1147 1027 113 37 alltså
1288 1023 218 46 hemställa,

831 1136 56 31 att
927 1128 255 38 förevarande
1210 1124 240 51 proposition
1479 1125 119 34 måtte
1628 1134 47 24 av
1704 1119 211 49 riksdagen
1945 1118 55 37 bi-

784 1181 127 37 fallas.

480 1284 223 38 Stockholm
729 1283 75 36 den
833 1284 21 34 9
884 1293 101 23 mars
1012 1280 108 35 1920.

838 1381 54 36 På
920 1379 119 38 andra
1065 1378 281 48 lagutskottets
1375 1379 162 43 vägnar:

923 1480 137 37 AXEL
1088 1492 76 23 von
1189 1474 272 40 SNEIDERN.

728 2251 183 32 Stockholm,
954 2230 268 56 Bokförlags-A-.B.
1236 2223 134 64 "Tidens
1396 2223 147 64 Tryckeri
1579 2243 94 28 1920.
