1858 2778
459 130 314 29 Bankoutskottets
797 128 178 29 utlåtande
996 137 42 19 nr
1063 128 39 28 19
1123 126 39 29 år
1186 126 82 29 1965
1572 126 35 28 11

125 221 80 21 nom
229 212 134 39 privata
386 211 160 29 initiativ.
569 209 200 30 Förbundet
793 208 107 39 pekar
923 207 43 39 på
989 209 51 27 att
1063 206 79 29 från
1165 202 445 40 industriorganisationer-

125 277 63 20 nas
210 267 75 30 sida
303 266 106 40 pågår
429 275 41 20 en
489 265 71 29 viss
580 263 223 30 verksamhet
824 263 54 28 för
897 263 51 28 att
965 261 94 30 rikta
1079 261 197 37 företagens
1297 256 313 41 uppmärksamhet

126 320 44 38 på
197 319 189 39 etablering
413 318 9 29 i
448 316 185 30 Norrland.
661 315 49 30 Bl.
738 324 29 21 a.
796 314 136 29 arbetar
959 315 10 28 i
997 313 95 29 detta
1119 312 89 39 syfte
1235 320 42 20 en
1304 309 184 30 kommitté
1515 309 96 28 inom

127 373 154 37 Sveriges
303 370 294 30 mekanförbund.
619 369 52 30 Av
692 368 174 38 betydelse
889 368 10 28 i
921 367 94 29 detta
1038 365 256 38 sammanhang
1316 363 97 39 säges
1436 362 86 29 även
1545 362 65 28 den

126 426 211 38 rädgivande
361 424 223 29 verksamhet
609 424 11 28 i
644 420 363 39 lokaliseringsfrågor
1031 428 93 25 vara,
1151 427 75 21 som
1248 417 137 30 bedrivs
1411 425 41 20 av
1477 415 67 29 den
1569 414 44 39 på

127 480 363 30 Industriförbundets
511 477 153 31 initiativ
682 476 138 31 bildade
842 474 220 31 Industriens
1082 471 340 41 lokaliseringsbyrå.
1444 468 169 32 Industri-

128 533 188 29 förbundet
337 531 179 39 avstyrker
537 530 189 30 motionen.

174 640 184 30 Utskottet.
379 640 120 29 Såsom
519 638 205 30 framhålles
743 637 10 29 i
774 636 188 34 motionen,
982 634 178 39 avstyrkte
1179 632 288 31 bankoutskottet
1486 630 59 30 vid
1564 629 50 29 fö-

129 694 169 40 regående
319 694 57 29 års
396 693 143 39 riksdag
564 691 78 34 (utl.
663 701 42 19 nr
726 690 35 38 7)
785 689 100 31 bifall
905 689 53 29 till
977 697 43 21 en
1041 687 134 30 motion
1196 695 75 21 som
1290 685 89 29 hade
1399 683 217 39 väsentligen

131 757 134 21 samma
284 747 169 29 innebörd
474 755 76 20 som
569 745 67 29 den
655 753 47 20 nu
723 742 246 40 föreliggande,
990 751 56 20 om
1067 742 46 28 än
1130 739 175 40 yrkandet
1322 736 213 42 geografiskt
1555 744 61 21 var

130 802 185 39 begränsat
333 800 52 30 till
401 801 51 29 att
469 808 82 21 avse
568 798 220 29 Norrbotten.
806 796 177 30 Utskottet
1001 793 212 31 motiverade
1232 793 60 30 sitt
1310 790 305 40 ställningstagan-

131 856 44 30 de
188 855 44 30 bl.
248 864 29 20 a.
294 855 78 29 med
387 864 42 20 en
444 852 213 39 hänvisning
671 851 51 30 till
738 851 40 29 de
793 849 177 40 pågående
986 847 286 40 övervägandena
1287 855 57 20 om
1358 843 259 39 lokaliserings-

132 908 187 40 politikens
337 906 230 39 utformning.
586 905 198 39 Riksdagen
801 903 111 30 beslöt
929 904 52 28 att
998 902 66 29 den
1082 899 245 31 förstnämnda
1345 897 177 31 motionen
1541 896 76 29 icke

133 962 112 30 skulle
264 961 181 30 föranleda
464 959 116 40 någon
598 958 206 39 riksdagens
825 956 131 40 åtgärd.

177 1016 13 29 I
211 1015 91 30 årets
323 1014 132 29 motion
475 1012 152 34 anföres,
647 1012 51 28 att
717 1011 41 29 de
779 1009 179 30 beslutade
978 1005 412 41 lokaliseringspolitiska
1410 1003 208 40 åtgärderna

134 1070 38 29 är
190 1067 232 39 otillräckliga
439 1067 63 29 när
521 1066 57 29 det
597 1065 106 39 gäller
721 1065 50 29 att
789 1064 143 28 komma
950 1062 52 29 till
1021 1062 92 29 rätta
1131 1060 78 30 med
1229 1059 40 30 de
1287 1058 158 40 problem
1463 1066 75 20 som
1557 1056 62 29 där

133 1122 146 40 påtalas.
299 1122 109 28 Dessa
428 1121 36 28 är
485 1119 126 29 främst
633 1118 67 29 den
717 1117 109 29 redan
845 1115 155 30 rådande
1020 1113 276 31 arbetslösheten
1316 1112 66 29 och
1401 1111 66 29 den
1487 1109 132 40 ytterli-

134 1183 81 32 gare
231 1174 204 39 minskning
452 1182 42 21 av
511 1172 133 30 antalet
660 1168 452 42 sysselsättningstillfällen
1129 1176 75 20 som
1222 1173 130 32 uppges
1369 1173 84 21 vara
1470 1165 52 28 att
1538 1163 82 29 vän-

136 1232 45 32 ta,
199 1228 142 31 särskilt
363 1228 5 29 i
384 1226 220 30 Norrbotten.
622 1225 54 29 En
690 1223 201 40 utbyggnad
908 1232 43 20 av
966 1222 66 30 den
1051 1220 138 39 statliga
1205 1218 270 31 verksamheten
1490 1217 11 29 i
1517 1216 104 29 Norr-

135 1283 83 29 land
235 1282 52 29 till
305 1283 51 29 att
373 1280 149 30 omfatta
539 1278 107 31 också
662 1275 474 39 verkstadsindustriföretag
1154 1274 78 29 med
1249 1270 225 40 tillverkning
1493 1279 41 21 av
1551 1269 70 30 fär-

136 1336 160 40 digvaror
317 1336 38 28 är
375 1334 105 38 enligt
501 1333 261 29 motionärerna
783 1331 65 29 den
870 1330 89 29 enda
978 1327 200 31 realistiska
1197 1326 182 39 lösningen
1400 1334 43 20 av
1462 1324 42 29 de
1525 1332 96 20 norr-

137 1389 149 30 ländska
303 1385 501 42 sysselsättningsproblemen.

182 1441 139 30 Antalet
345 1440 192 30 arbetslösa
559 1439 11 29 i
594 1438 209 29 Norrbotten
828 1443 131 32 uppges
982 1435 10 29 i
1018 1433 178 31 motionen
1221 1441 82 21 vara
1327 1431 40 30 20
1382 1429 152 31 000—25
1549 1428 73 30 000.

138 1495 94 30 Även
253 1504 57 20 om
332 1495 58 29 det
410 1493 144 29 beaktas
578 1493 50 28 att
649 1501 42 19 en
713 1489 83 31 dold
817 1488 230 31 arbetslöshet
1070 1487 235 29 förekommer
1329 1492 101 31 synes
1453 1482 171 30 motionä-

137 1559 104 20 rerna
258 1549 46 29 ha
323 1546 188 31 överdrivit
529 1544 295 31 arbetslöshetens
845 1541 222 39 omfattning.
1095 1540 6 29 I
1122 1536 501 39 arbetsmarknadsstyrelsens

139 1600 288 41 remissyttrande
451 1598 178 30 redovisas
655 1597 130 30 antalet
810 1595 164 30 anmälda
999 1593 191 30 arbetslösa
1214 1592 12 30 i
1249 1592 42 30 de
1315 1591 71 29 fem
1411 1588 214 41 nordligaste

140 1656 104 29 länen
269 1654 333 37 tillsammantagna.
628 1651 74 29 Vad
726 1649 172 31 beträffar
923 1648 121 30 enbart
1069 1646 228 30 Norrbottens
1322 1644 58 30 län
1405 1642 155 41 uppgick
1582 1659 44 3 —

139 1709 108 39 enligt
265 1709 66 29 vad
352 1707 170 29 utskottet
541 1705 111 29 under
671 1703 95 30 hand
785 1703 175 28 inhämtat
981 1700 79 30 från
1081 1697 482 39 arbetsmarknadsstyrelsen
1583 1712 43 3 —

141 1762 130 30 antalet
295 1760 163 31 anmälda
483 1758 192 31 arbetslösa
700 1758 66 29 den
792 1756 39 29 15
856 1754 154 31 februari
1034 1754 11 29 i
1070 1754 37 29 år
1132 1753 52 29 till
1209 1761 39 21 ca
1273 1751 18 30 3
1307 1750 71 36 100,
1402 1749 115 31 vartill
1543 1749 82 29 kom

142 1826 40 19 ca
219 1814 92 30 1600
347 1813 191 31 arbetslösa
575 1820 75 20 som
685 1809 205 41 genomgick
923 1806 307 41 yrkesutbildning
1265 1805 64 29 och
1364 1804 131 28 inemot
1531 1801 95 30 3400

141 1877 166 31 personer
333 1876 74 21 som
433 1866 220 39 sysselsattes
678 1864 11 28 i
715 1863 178 30 allmänna
919 1859 368 39 beredskapsarbeten.
1312 1857 95 29 även
1430 1856 102 29 dessa
1558 1855 68 38 läg-

142 1932 37 20 re
202 1919 373 32 arbetslöshetssiffror
600 1918 37 29 är
662 1916 88 30 dock
774 1925 42 20 av
840 1914 109 31 sådan
973 1911 309 39 storleksordning,
1307 1911 51 28 att
1381 1909 173 30 särskilda
1580 1908 48 29 åt-

143 1975 122 39 gärder
289 1974 79 29 från
393 1972 202 30 samhällets
621 1970 73 30 sida
717 1968 189 30 erfordras.
930 1968 12 28 I
966 1966 110 29 likhet
1100 1965 77 30 med
1200 1963 351 31 remissinstanserna
1575 1970 53 20 ser

144 2028 171 29 utskottet
331 2027 56 29 det
405 2024 192 31 emellertid
616 2032 73 21 som
707 2032 41 20 en
767 2021 138 40 uppgift
922 2021 126 28 främst
1066 2018 54 30 för
1138 2019 64 29 den
1221 2026 97 21 mera
1334 2016 116 29 aktiva
1468 2014 162 30 lokalise-

144 2080 224 41 ringspolitik
388 2088 73 21 som
483 2087 46 20 nu
550 2077 112 29 inleds
682 2077 50 28 att
754 2075 109 38 skapa
884 2083 68 30 nya
972 2071 279 31 arbetstillfällen
1273 2071 10 28 i
1304 2068 183 31 Norrland.
1509 2067 51 30 Av
1579 2076 50 21 re-

147 2133 297 40 missyttrandena
468 2130 155 39 framgår
649 2131 49 28 att
724 2138 82 19 man
832 2128 93 28 inom
952 2125 227 39 näringslivet
1204 2124 103 38 hyser
1333 2123 147 28 intresse
1507 2121 54 29 för
1586 2129 44 19 en

145 2187 89 30 ökad
254 2185 225 38 lokalisering
496 2193 42 20 av
553 2183 45 29 bl.
617 2192 29 19 a.
663 2180 320 38 verkstadsföretag
1000 2178 51 30 till
1070 2177 183 29 Norrland.
1271 2176 49 29 De
1338 2174 179 30 beslntade
1536 2174 94 29 loka-

147 2238 328 40 liseringspolitiska
503 2235 288 39 stödåtgärderna
820 2233 60 29 bör
910 2231 180 30 stimulera
1119 2230 96 28 detta
1241 2229 157 29 intresse.
1428 2227 12 28 I
1470 2226 161 40 fjolårets

149 2291 214 41 proposition
381 2299 56 21 om
454 2289 178 38 riktlinjer
652 2288 53 28 för
722 2283 416 40 lokaliseringspolitiken
1157 2281 182 34 uttalades,
1357 2282 50 27 att
1426 2279 139 38 statliga
1582 2279 51 28 in-

149 2346 110 29 satser
280 2344 77 29 haft
378 2342 195 39 avgörande
594 2339 175 39 betydelse
792 2339 53 28 för
867 2338 65 29 den
954 2334 320 38 industrialisering
1297 2342 75 21 som
1393 2332 91 30 skett
1505 2331 44 29 bl.
1572 2340 29 20 a.
1623 2330 9 29 i

149 2398 208 30 Norrbolten
375 2396 63 29 och
455 2396 49 29 att
523 2394 133 30 sådana
673 2393 148 28 insatser
839 2390 116 29 kunde
972 2390 124 28 väntas
1113 2388 45 29 bli
1177 2386 152 31 aktuella
1349 2386 84 29 även
1450 2385 10 28 i
1479 2385 154 28 fortsätt-

150 2452 136 38 ningen.
306 2450 132 38 Frågan
459 2448 121 29 härom
602 2446 98 29 sades
720 2444 99 30 skola
836 2444 43 29 bli
900 2442 144 30 föremål
1064 2441 54 29 för
1137 2441 160 29 fortsatta
1315 2437 274 39 överväganden.
