2208 2640
791 210 213 37 Lagutskottets
1028 212 148 30 utlåtande
1199 213 47 29 Nr
1270 214 51 29 40.
1836 216 19 30 3

249 287 65 37 sist
339 286 149 39 afsedda
508 288 191 38 skrifvelse
718 311 52 5 —
790 291 100 36 dessa
910 291 269 37 bestämmelser
1198 292 87 36 med
1303 293 247 50 stadgandena
1571 296 187 47 angående
1778 308 74 36 pre-

249 341 250 47 miereserven,
544 341 147 38 hvarför
722 341 72 39 full
825 344 201 49 anledning
1055 353 41 28 är
1125 351 54 30 att
1207 351 144 44 antaga,
1382 350 56 34 att
1465 346 109 38 äfven
1603 349 102 36 dessa
1734 348 117 38 blifva

248 395 12 35 i
289 394 239 38 omförmälda
556 397 266 50 sammanhang
845 397 41 36 af
911 399 252 48 inspektionen
1193 400 172 36 särskildt
1394 402 383 48 uppmärksammade.

356 450 296 37 Vidkommande
693 451 243 37 motionärens
979 453 205 49 erinringar
1227 459 78 30 mot
1342 456 239 49 upptagande
1614 457 13 35 i
1656 457 105 49 lagen
1791 470 62 23 om

248 503 359 49 försäkringsrörelse
640 502 42 38 af
705 505 94 36 vissa
827 506 12 34 i
869 507 62 44 28,
963 508 62 43 56,
1057 509 60 43 76,
1144 509 47 35 85
1223 507 68 36 och
1322 509 46 36 91
1401 508 40 50 $$
1469 510 13 35 i
1510 522 74 37 nya
1612 510 240 50 aktiebolags-

248 557 105 49 lagen
397 558 304 37 förekommande
728 559 283 45 bestämmelser,
1043 560 104 36 torde
1176 560 120 50 någon
1325 563 134 35 tvekan
1488 563 81 36 icke
1598 564 126 35 kunna
1753 563 99 46 råda,

248 612 54 34 att
329 611 103 36 äfven
462 611 103 37 dessa
593 613 124 47 frågor
744 612 111 36 vinna
883 613 204 37 beaktande
1116 614 12 35 i
1156 614 179 37 samband
1363 616 84 36 med
1475 616 71 36 den
1576 616 127 37 vidare
1733 617 119 37 utred-

247 664 133 49 ningen
409 665 12 35 i
450 666 199 49 anledning
676 664 40 37 af
741 667 467 49 aktiébolagskommitténs
1236 667 256 39 förutberörda
1512 669 148 50 förslag.
1705 670 146 38 Samma

247 724 41 29 är
329 717 243 38 förhållandet
607 719 85 36 med
726 720 248 37 motionärens
1002 719 137 51 förslag
1167 722 13 35 i
1209 720 105 51 fråga
1342 736 62 23 om
1433 724 158 48 ändring
1614 723 41 37 af
1680 724 171 37 stadfästa

246 772 159 49 grunder
447 771 56 38 för
545 771 348 52 försäkringsbolag,
936 774 11 35 i
990 775 139 36 hvilket
1166 774 169 38 afseende
1368 775 483 51 försäkringsinspektionen

246 825 111 36 redan
399 826 12 35 i
449 826 225 38 sistnämnda
706 826 189 38 skrifvelse
923 826 145 50 afgifvit
1095 827 135 51 förslag
1258 830 13 35 i
1299 828 93 50 syfte
1422 833 55 34 att
1507 831 206 48 undanröja
1741 833 42 35 de
1812 831 39 37 af

246 880 224 36 motionären
499 879 225 37 framhållna
752 881 244 49 olägenheter.

353 932 107 38 Hvad
503 933 114 50 angår
659 934 244 37 motionärens
944 934 140 50 förslag
1117 948 60 23 om
1211 937 156 47 ändring
1394 938 12 35 i
1435 937 325 37 bestämmelserna
1788 952 61 23 om

246 987 400 49 penningplaceringar,
679 989 195 35 anmärker
919 989 225 36 motionären
1191 988 96 50 själf,
1333 993 54 34 att
1427 990 105 38 dessa
1579 992 272 37 bestämmelser

245 1040 109 36 redan
397 1040 58 37 för
496 1041 223 37 närvarande
759 1042 122 37 tolkas
923 1043 12 35 i
978 1043 163 48 enlighet
1182 1044 84 36 med
1299 1044 71 36 den
1401 1043 107 46 åsikt,
1539 1058 79 23 som
1647 1047 37 34 af
1712 1046 137 36 honom

244 1092 192 39 förfäktas.

351 1148 128 50 Enligt
519 1148 99 37 hvad
660 1149 179 36 utskottet
880 1150 194 44 inhämtat,
1115 1153 38 33 är
1181 1150 63 37 det
1271 1151 498 50 försäkringsinspektionens
1797 1152 55 37 af-

244 1201 74 37 sikt
346 1206 54 31 att
427 1202 11 35 i
467 1201 247 37 omförmälda
741 1204 269 47 sammanhang
1038 1204 59 35 till
1117 1203 224 49 behandling
1360 1210 167 44 upptaga
1547 1207 75 35 alla
1641 1207 43 36 de
1704 1206 149 36 ändrin-

243 1267 67 35 gar
337 1255 12 34 i
377 1255 281 49 ifrågavarande
686 1255 71 50 lag,
786 1256 154 36 hvartill
968 1257 254 47 inspektionen
1247 1258 92 36 efter
1358 1258 279 50 undersökning
1656 1260 73 35 kan
1748 1260 104 36 finna

243 1308 210 49 anledning.

348 1361 72 37 Det
461 1362 57 36 lär
559 1363 123 35 kunna
719 1368 161 43 antagas,
909 1366 55 33 att
993 1363 128 37 därvid
1150 1363 109 38 äfven
1288 1365 249 37 motionärens
1566 1365 122 50 öfriga
1715 1367 135 49 yrkan-

243 1414 71 36 den
343 1436 49 6 —
421 1420 56 32 att
504 1414 39 38 af
568 1417 137 36 honom
733 1416 222 37 omnämnda
983 1429 26 24 s.
1041 1418 33 34 k.
1103 1417 389 49 garantiförbindelser
1521 1419 81 36 icke
1632 1420 104 35 skola
1760 1433 92 23 vara

245 1468 263 38 underkastade
549 1468 367 51 tioårspreskription,
958 1473 55 34 att
1054 1470 174 38 villkoren
1271 1470 56 37 för
1364 1471 172 38 bildande
1565 1472 41 37 af
1633 1473 219 49 ömsesidiga

243 1521 332 51 försäkringsbolag
616 1524 12 35 i
661 1523 95 37 vissa
784 1522 192 39 afseenden
1004 1526 114 35 måtte
1147 1524 160 49 skärpas,
1336 1531 97 31 samt
1460 1531 53 31 att
1541 1526 103 37 tiden
1673 1525 59 38 för
1760 1528 92 35 läm-

243 1576 119 37 nande
391 1575 41 37 af
458 1577 43 36 de
530 1577 13 35 i
575 1579 73 34 134
678 1578 22 45 8
730 1578 11 35 i
769 1578 107 48 lagen
905 1590 61 24 om
995 1577 359 50 försäkringsrörelse
1383 1580 176 49 stadgade
1580 1581 192 48 uppgifter
1790 1581 59 36 till

242 1629 480 50 försäkringsinspektionen
751 1630 112 37 måtte
893 1632 200 36 utsträckas
1117 1655 50 2 —
1189 1633 151 35 komma
1369 1638 55 31 att
1451 1637 106 46 tagas
1587 1633 117 37 under
1731 1633 122 37 öfver-

244 1684 174 46 vägande.

350 1736 131 36 Ehuru
526 1738 247 35 motionärens
814 1738 141 48 förslag
996 1738 12 35 i
1047 1737 187 50 åtskilliga
1274 1740 230 35 hänseenden
1539 1745 101 43 synts
1669 1741 182 36 utskottet

243 1790 161 47 förtjäna
446 1790 339 48 uppmärksamhet,
828 1790 66 36 har
940 1791 181 36 utskottet
1163 1791 62 36 vid
1268 1791 155 37 anförda
1465 1792 263 37 förhållanden
1770 1794 80 37 icke

243 1847 118 32 ansett
402 1843 181 49 lämpligt,
628 1846 53 33 att
721 1843 222 50 Riksdagen,
973 1844 13 36 i
1015 1844 125 37 vidare
1168 1844 84 37 mån
1281 1852 46 28 än
1356 1858 79 24 som
1463 1846 113 36 redan
1605 1847 107 45 skett,
1742 1848 14 35 i
1784 1847 67 36 hit-

243 1896 160 36 hörande
431 1896 203 37 merendels
661 1897 232 48 synnerligen
923 1898 177 37 svårlösta
1128 1899 67 35 och
1225 1899 215 37 omtvistade
1461 1899 179 49 spörsmål
1659 1905 66 44 gör
1739 1899 113 50 något

243 1949 191 37 uttalande
462 1952 13 34 i
504 1951 67 36 den
592 1963 68 24 ena
688 1951 88 36 eller
804 1951 116 36 andra
941 1951 222 49 riktningen,
1182 1952 111 36 innan
1313 1952 71 37 den
1399 1952 247 38 omförmälda
1665 1953 189 49 pågående

241 2002 245 49 utredningen
515 2003 41 36 af
577 2004 70 36 den
676 2007 161 33 närmast
864 2005 232 49 sakkunniga
1125 2006 263 48 myndigheten
1417 2005 180 38 slutförts.
