2212 2648
437 180 119 33 Andra
579 182 202 33 kammarens
797 182 145 40 fjärde
967 183 171 42 tillfälliga
1160 184 135 32 utskotts
1319 184 168 32 utlåtande
1511 184 53 32 Nr
1587 187 29 30 5.
1810 187 16 30 1

1050 643 18 10 a-

960 643 60 40 Nr
1048 655 42 30 5.

788 805 114 26 Ankom
922 805 45 27 till
986 806 184 34 Riksdagens
1189 807 96 27 kansli
1304 807 55 27 den
1380 808 32 26 13
1432 808 74 34 april
1525 808 68 26 1912
1613 809 38 25 kl.
1672 809 16 26 5
1709 817 22 18 e.
1752 817 36 17 m.

438 948 139 38 Andra
616 948 241 38 kammarens
889 949 133 48 fjärde
1065 950 197 48 tillfällga
1290 951 161 38 utskotts
1489 952 193 37 utlåtande
1711 964 48 25 nr
1789 955 33 42 5,

653 1022 194 46 angående
887 1021 88 38 herr
1004 1021 271 49 Söderbergs
1304 1023 17 36 i
1348 1023 216 38 Stockholm
1593 1025 153 46 motion,
1776 1037 49 24 nr

652 1095 88 43 251,
771 1105 56 25 om
856 1093 202 49 skrifvelse
1087 1095 58 37 till
1177 1095 138 48 Kungl.
1344 1095 114 48 Maj:t
1486 1096 192 48 angående
1706 1097 117 37 inrät-

652 1165 111 37 tande
792 1165 50 48 af
864 1166 355 48 arbetsförmedling
1243 1168 69 47 för
1340 1167 142 48 sjöfolk
1510 1180 46 25 m.
1589 1181 45 24 m.

356 1326 17 35 I
400 1327 140 36 motion
578 1327 100 36 inom
721 1327 128 37 Andra
885 1329 229 44 kammaren,
1144 1341 44 23 nr
1209 1329 88 45 251,
1328 1330 68 36 har
1424 1330 85 36 herr
1538 1330 121 38 Ernst
1688 1330 133 38 Söder-

223 1379 85 48 berg
337 1380 202 44 hemställt,
557 1385 56 32 att
640 1382 130 36 Andra
797 1382 217 36 kammaren
1042 1383 57 36 för
1128 1384 58 35 sin
1216 1384 58 35 del
1302 1384 88 36 ville
1418 1384 147 36 besluta
1594 1389 56 32 att
1678 1385 12 35 i
1710 1386 111 35 skrif-

222 1434 104 36 velse
364 1434 56 36 till
457 1434 133 49 Kungl.
629 1435 102 48 Maj:t
774 1436 151 37 anhålla
955 1448 58 25 om
1052 1437 196 48 utredning
1281 1438 80 44 och,
1392 1438 126 37 därest
1547 1439 123 36 denna
1699 1439 123 36 därtill

220 1488 222 45 föranleder,
474 1501 58 24 om
560 1490 141 47 förslag

355 1543 79 36 dels
475 1543 57 35 till
574 1544 230 36 inrättandet
846 1544 39 36 af
927 1556 46 24 en
1010 1545 56 35 till
1109 1545 286 47 sjömanshusen
1437 1546 193 36 anknuten
1660 1547 161 36 maritim

221 1595 347 50 arbetsförmedling
596 1597 69 36 och

354 1651 79 36 dels
463 1651 56 35 till
548 1663 47 24 en
624 1651 57 36 för
710 1651 173 47 sjöfolket
913 1652 130 36 afsedd
1072 1652 630 49 arbetslöshetsförsäkringskassa.

353 1704 71 36 Till
454 1705 83 36 stöd
564 1705 58 36 för
651 1705 123 37 denna
801 1706 224 36 hemställan
1054 1706 69 36 har
1150 1707 232 36 motionären
1412 1707 122 36 anfört
1562 1708 175 47 följande:

351 1759 162 36 Förlidet
559 1759 41 35 år
645 1759 181 36 framlade
872 1760 85 35 herr
1002 1760 59 35 Ch.
1107 1760 155 48 Lindley
1299 1760 12 35 i
1352 1761 129 36 Andra
1516 1762 218 36 kammaren
1772 1775 46 24 en

218 1813 140 36 motion
386 1824 45 23 nr
463 1812 85 45 190,
578 1813 108 36 hvari
714 1813 143 47 gjordes
886 1813 163 47 följande
1078 1814 238 36 hemställan:

354 1871 55 32 att
436 1867 217 47 Riksdagen
682 1867 88 36 ville
799 1867 11 35 i
839 1867 199 37 skrifvelse
1066 1868 56 35 till
1150 1867 133 48 Kungl.
1312 1868 102 47 Maj:t
1443 1869 151 36 anhålla
1613 1881 58 25 om
1691 1870 127 36 utred-

217 1921 100 46 ning,
360 1921 186 35 huruvida
584 1921 44 36 de
670 1933 52 23 nu
762 1921 56 35 till
857 1921 286 47 sjömanshusen
1172 1922 184 47 utgående
1386 1934 26 24 s.
1442 1923 32 35 k.
1504 1923 316 48 hyresafgifterna

217 1974 125 37 kunde
371 1974 198 45 afskaffas,

352 2029 90 36 eller
471 2029 80 44 ock,
583 2029 126 36 därest
737 2029 102 36 detta
869 2029 30 47 ej
930 2030 76 35 kan
1034 2030 160 44 bifallas,

352 2086 55 33 att
444 2083 217 48 Riksdagen
704 2083 86 36 ville
828 2083 12 35 i
878 2084 198 36 skrifvelse
1105 2084 56 36 till
1196 2084 134 48 Kungl.
1359 2084 101 48 Maj:t
1489 2086 153 35 anhålla
1671 2098 58 24 om
1757 2090 60 32 ut-

217 2137 155 47 redning
415 2137 67 36 och
524 2137 140 48 förslag
705 2137 55 36 till
802 2137 229 37 inrättandet
1068 2138 39 36 af
1148 2150 47 24 en
1223 2139 57 35 till
1309 2138 286 48 sjömanshusen
1625 2141 192 36 anknuten

217 2192 159 35 maritim
406 2192 356 46 arbetsförmedling,

351 2250 98 31 samt
486 2246 198 47 utredning
726 2246 68 36 och
836 2246 141 46 förslag
1004 2246 56 36 till
1089 2258 47 24 en
1164 2246 57 36 för
1251 2246 172 47 sjöfolket
1452 2247 130 36 afsedd
1612 2249 203 36 arbetslös-

217 2299 442 48 hetsförsäkringskassa.

328 2361 134 41 Bihang
487 2361 51 33 till
561 2361 210 41 Biksdagens
789 2362 159 40 protokoll
972 2363 96 31 1912.
1093 2365 44 29 13
1160 2362 90 32 saml.
1276 2365 20 29 4
1322 2363 68 41 afd.
1417 2365 20 30 5
1462 2363 82 41 häft.
1571 2363 68 41 (Nr
1671 2366 35 37 5)
1754 2366 15 29 1

1864 1777 146 29 Motionen.
