2220 2612
456 128 37 29 12
879 130 113 30 Andra
1016 130 209 41 lagutskottets
1249 130 162 32 utlåtande
1434 132 52 30 Nr
1508 134 51 30 14.

564 210 146 32 vikande
733 222 42 20 av
798 211 61 32 den
885 212 83 39 fara,
994 224 70 21 som
1086 214 193 32 förorsakas
1303 225 41 21 av
1368 215 120 39 damm,
1513 216 122 32 alstrat
1658 227 119 31 genom
1797 218 225 43 torrslipning

565 252 82 32 eller
670 253 212 43 -skrapning.

434 292 47 34 II.
505 295 33 40 a)
561 295 243 41 Anordningar
826 296 95 32 skola
945 308 83 21 vara
1050 297 175 41 vidtagna,
1251 309 68 21 som
1343 299 50 31 för
1416 299 302 33 måleriarbetarna
1741 301 204 43 möjliggöra
1969 305 53 29 att

564 336 106 32 under
704 338 145 31 arbetets
883 340 92 40 gång
1009 339 59 32 och
1103 340 87 31 efter
1213 340 75 32 dess
1311 341 70 32 slut
1403 341 140 42 vidtaga
1566 341 69 32 alla
1658 343 215 42 nödvändiga
1895 344 126 42 renlig-

562 378 243 42 hetsåtgärder.

507 420 35 41 b)
565 419 178 33 Särskilda
766 422 234 32 arbetskläder
1022 422 96 32 skola
1141 434 43 21 av
1207 424 304 33 måleriarbetarna
1532 425 99 33 bäras
1654 426 110 33 under
1786 427 77 32 hela
1879 428 63 32 den
1959 428 61 39 tid,

565 462 136 32 arbetet
724 464 114 41 pågår.

512 504 31 40 c)
565 504 182 42 Lämpliga
781 506 228 41 anordningar
1032 506 96 32 skola
1149 507 158 42 vidtagas
1330 509 57 30 till
1409 509 228 39 undvikande,
1660 512 54 30 att
1737 510 40 32 de
1799 511 127 38 kläder,
1950 521 71 22 som

564 551 55 26 äro
648 546 147 42 avlagda
817 548 106 31 under
946 548 142 38 arbetet,
1113 549 174 32 förorenas
1310 550 74 32 med
1407 556 128 35 ämnen,
1559 553 157 31 använda
1739 553 52 31 för
1813 553 208 42 målningen.

411 586 67 32 III.
507 589 33 39 a)
562 587 78 32 Fall
675 600 43 20 av
743 589 265 43 blyförgiftning
1031 590 83 32 eller
1136 602 70 20 som
1230 593 205 31 misstänkas
1458 604 84 21 vara
1564 594 105 32 sådan
1692 595 205 42 förgiftning
1925 596 97 31 skola

565 635 99 35 göras
699 630 56 32 till
787 632 139 31 föremål
960 633 53 31 för
1045 634 160 31 anmälan
1239 634 61 32 och
1334 635 235 42 efterföljande
1602 636 354 44 läkarundersökning
1978 649 43 21 av

563 671 126 38 läkare,
714 673 123 32 utsedd
860 684 43 21 av
926 674 249 32 vederbörande
1199 676 209 42 myndighet.

507 713 35 41 b)
565 713 259 34 Vederbörande
848 716 205 41 myndighet
1075 717 89 31 skall
1189 723 66 36 äga
1277 720 64 37 att,
1365 724 63 26 när
1452 719 62 32 den
1538 720 37 31 så
1598 720 108 32 finner
1729 721 126 42 nödigt,
1879 721 141 43 påkalla

562 755 355 44 läkarundersökning
940 769 43 20 av
1007 759 189 32 arbetarna.

421 795 60 33 IV.
506 797 33 41 a)
561 796 238 44 Anvisningar
821 801 172 40 angående
1016 801 38 31 de
1077 801 171 32 särskilda
1271 801 204 42 hygieniska
1498 803 336 41 försiktighetsmått,
1852 816 69 20 som
1938 805 83 32 böra

564 840 176 41 iakttagas
764 844 88 29 inom
875 842 229 43 måleriyrket,
1128 843 97 32 skola
1249 845 131 31 utdelas
1405 844 100 33 bland
1528 845 311 34 måleriarbetarna.

1180 921 18 38 8
1223 921 28 30 6.

545 965 70 32 Till
647 968 193 41 tryggande
874 978 42 21 av
943 968 254 33 efterlevnaden
1221 980 44 21 av
1287 970 39 32 de
1349 970 220 40 föreskrifter,
1593 982 70 22 som
1686 972 188 32 meddelats
1897 973 12 30 i
1932 974 85 31 före-

410 1007 130 41 gående
572 1009 210 41 paragrafer,
816 1009 91 32 skall
929 1011 249 32 vederbörande
1202 1012 201 47 myndighet
1426 1013 88 31 efter
1536 1014 135 31 samråd
1695 1015 74 30 med
1791 1015 228 32 intresserade

409 1049 227 41 arbetsgivar-
672 1051 60 31 och
767 1051 407 43 arbetarorganisationer
1207 1053 143 41 vidtaga
1383 1054 70 32 alla
1476 1054 39 32 de
1538 1056 167 41 åtgärder,
1733 1067 69 20 som
1826 1056 63 32 den
1912 1056 107 33 finner

410 1091 225 42 nödvändiga.

1179 1172 19 38 8
1222 1172 29 30 7.

544 1216 158 33 Rörande
725 1217 271 43 blyförgiftning
1018 1218 103 33 bland
1145 1220 276 33 måleriarbetare
1444 1221 91 33 skall
1559 1225 179 40 upprättas
1762 1224 171 31 statistik:

544 1260 33 40 a)
599 1259 215 33 beträffande
847 1260 198 43 sjuklighet,
1079 1263 44 41 på
1155 1263 114 41 grund
1291 1274 43 21 av
1357 1263 159 33 anmälan
1538 1275 51 21 om
1613 1265 60 31 och
1697 1266 254 42 undersökning
1974 1277 44 22 av

409 1298 70 34 alla
501 1301 298 42 förgiftningsfall,

544 1343 35 39 b)
615 1344 206 32 beträffande
854 1344 187 42 dödlighet,
1076 1346 109 41 enligt
1219 1357 40 21 en
1283 1347 118 39 metod,
1426 1358 68 21 som
1517 1348 170 42 godkänts
1710 1360 42 20 av
1775 1349 62 32 den
1860 1350 158 33 officiella

410 1385 194 32 statistiska
626 1385 243 43 myndigheten
892 1387 12 30 i
927 1387 96 43 varje
1046 1387 91 32 land.

1180 1466 18 38 8
1223 1465 28 31 8.

543 1510 50 33 De
615 1510 162 33 officiella
800 1512 298 33 ratifikationerna
1121 1525 43 20 av
1187 1515 110 31 denna
1319 1514 203 33 konvention
1546 1516 104 39 skola,
1674 1516 12 32 i
1708 1517 151 42 enlighet
1873 1519 75 31 med
1965 1519 53 31 be-

409 1553 257 31 stämmelserna
699 1553 13 31 i
743 1554 53 31 del
829 1554 92 33 XIII
945 1566 42 20 av
1010 1555 175 43 fördraget
1208 1556 12 31 i
1244 1557 185 32 Versailles
1452 1558 60 32 och
1537 1559 237 32 motsvarande
1796 1559 93 32 delar
1912 1571 42 21 av
1979 1561 39 31 de

409 1594 118 42 övriga
560 1594 284 43 fredsfördragen,
879 1597 154 42 delgivas
1066 1601 217 30 nationernas
1316 1599 161 33 förbunds
1510 1600 346 42 generalsekreterare
1890 1602 61 32 och
1975 1613 43 22 av

409 1635 121 33 honom
553 1636 250 42 inregistreras.

1178 1718 18 38 8
1221 1718 28 30 9.

544 1762 120 32 Denna
697 1763 206 33 konvention
938 1766 115 31 träder
1086 1766 11 31 i
1131 1767 104 39 kraft,
1271 1767 37 31 så
1337 1770 94 29 snart
1452 1767 297 33 ratifikationerna
1772 1769 53 32 för
1848 1770 59 31 två
1930 1770 88 32 med-

408 1803 143 32 lemmar
566 1814 42 21 av
623 1805 279 33 internationella
917 1808 390 41 arbetsorganisationen
1320 1810 252 40 inregistrerats
1585 1821 40 21 av
1637 1811 382 41 generalsekreteraren.

543 1846 73 32 Den
640 1852 38 26 är
702 1847 167 33 bindande
891 1849 148 32 allenast
1061 1852 51 30 för
1135 1851 40 31 de
1198 1851 223 39 medlemmar,
1445 1852 114 32 vilkas
1582 1853 254 33 ratifikationer
1857 1853 161 43 inregist-

408 1890 112 29 rerats
544 1888 58 32 hos
626 1889 247 33 sekretariatet.

543 1930 161 32 Därefter
740 1932 115 32 träder
887 1932 111 33 denna
1031 1933 205 33 konvention
1272 1936 12 30 i
1316 1935 93 32 kraft
1431 1936 52 32 för
1505 1936 95 43 varje
1624 1937 140 32 medlem
1789 1937 62 33 den
1875 1937 76 43 dag,
1976 1938 44 32 då

409 1970 74 33 dess
505 1972 215 33 ratifikation
743 1974 256 42 inregistrerats
1023 1975 58 33 hos
1104 1977 247 32 sekretariatet.

1167 2054 18 38 8
1211 2054 49 30 10.

544 2097 44 33 Så
622 2102 96 29 snart
755 2100 294 33 ratifikationerna
1082 2102 54 32 för
1169 2104 60 30 två
1263 2102 217 33 medlemmar
1513 2115 42 21 av
1587 2104 280 33 internationella
1890 2106 128 32 arbets-

408 2139 275 41 organisationen
706 2142 255 41 inregistrerats
984 2143 59 32 hos
1066 2144 251 39 sekretariatet,
1341 2145 90 32 skall
1454 2147 214 31 nationernas
1692 2147 160 32 förbunds
1867 2147 151 42 general-

408 2181 206 34 sekreterare
648 2183 116 32 därom
797 2185 176 32 notificera
995 2186 68 31 alla
1086 2186 261 33 medlemmarna
1369 2198 43 21 av
1434 2188 278 32 internationella
1735 2189 283 42 arbetsorganisa-
