2349 2747
615 264 219 41 Bevillnings-
843 262 174 34 Utskottets
1043 261 171 33 Memorial
1239 261 65 33 N:o
1326 262 52 31 17.
1738 264 18 27 5

297 349 15 30 I
353 347 152 33 afseende
539 346 70 32 åter
637 346 18 31 å
683 347 107 31 denna
818 345 117 32 artikel
963 345 60 31 har
1049 344 173 32 Utskottet
1248 342 172 41 föreslagit
1447 353 40 22 en
1514 342 63 32 tull
1605 341 34 33 af
1666 343 38 30 14
1730 344 67 38 öre,

199 411 72 21 men
311 400 118 31 Första
469 398 197 31 Kammaren
695 398 133 34 stadgat
855 407 39 20 en
923 395 100 32 sådan
1051 394 33 32 af
1112 395 84 37 14,40
1223 397 66 38 öre,
1319 395 60 31 allt
1406 404 57 30 per
1491 393 174 40 skålpund,
1696 392 103 32 under

199 453 55 30 det
293 451 109 32 Andra
443 450 196 31 Kammaren
682 448 133 40 afslagit
854 447 112 40 hvarje
1006 445 188 41 förhöjning
1223 446 10 31 i
1260 445 104 32 tullen
1396 444 19 32 å
1443 446 124 39 socker,
1597 442 200 42 raffineradt,

199 504 80 30 eller
320 500 222 36 oraffineradt,
585 500 72 31 icke
698 501 151 31 mörkare
889 502 41 28 än
970 497 61 32 N:o
1069 498 45 31 18.
1170 496 49 32 Då
1246 496 90 33 såväl
1363 494 189 34 Utskottets
1580 494 123 40 förslag
1732 504 66 22 som

201 554 115 31 Första
344 553 214 31 Kammarens
586 551 110 32 beslut
723 553 50 29 att
799 549 127 40 förhöja
953 549 105 31 tullen
1085 547 19 32 å
1131 548 56 31 det
1213 546 195 33 raffinerade
1437 547 130 31 sockret
1591 545 210 33 uteslutande

202 606 84 31 varit
325 603 167 33 föranledt
524 601 32 32 af
587 602 62 31 den
677 601 187 40 förhöjning
892 600 11 31 i
930 600 175 31 tullsatsen
1133 598 19 32 å
1179 598 56 32 det
1262 597 214 33 oraffinerade
1505 598 140 39 sockret,
1674 606 69 22 som
1772 596 33 32 af

202 656 172 32 Utskottet
413 653 111 33 blifvit
563 652 154 33 förordad
758 652 60 32 och
846 650 33 33 af
903 651 118 31 Första
1048 650 195 31 Kammaren
1273 649 167 41 beslutad;
1471 658 71 21 men
1569 648 111 31 Andra
1707 647 96 32 Kam-

201 717 120 21 maren.
366 715 68 23 som
475 703 174 33 bibehållit
689 703 204 33 sistnämnda
926 702 132 31 tullsats
1095 700 206 36 oförändrad,
1332 701 118 30 saknat
1477 700 43 30 all
1549 698 177 40 anledning
1755 701 49 28 att

203 757 75 40 ingå
313 758 7 30 i
354 755 154 42 pröfning
536 754 33 31 af
594 754 160 40 förslaget
781 764 51 21 om
860 752 252 40 tullförhöjning
1141 751 18 32 å
1187 752 55 31 det
1269 749 193 33 raffinerade
1491 751 141 39 sockret,
1661 749 59 31 har
1746 748 58 33 Ut-

202 811 126 31 skottet.
355 810 110 29 ansett
493 806 48 38 sig
570 805 49 32 för
648 805 201 32 närvarande
878 805 10 30 i
916 802 152 33 afseende
1096 802 18 31 å
1130 802 107 32 denna
1252 802 119 31 artikel
1387 802 116 31 endast
1517 802 79 30 röra
1611 800 190 32 hemställa:

603 860 59 36 att,
704 858 10 30 i
754 856 155 31 händelse
942 854 111 31 Andra
1080 854 214 31 Kammarens
1323 853 108 31 beslut
1458 855 49 29 att
1532 850 168 33 bibehålla
1728 851 74 31 tull-

603 912 109 28 satsen
754 905 18 32 å
813 907 115 31 socker
955 903 221 41 oraffineradt,
1207 904 149 31 mörkare
1384 906 41 28 än
1452 902 61 32 N:o
1545 903 48 40 18,
1621 902 55 32 vid
1704 902 18 31 8
1750 904 55 29 öre

603 969 58 30 per
701 957 164 41 skålpund
910 956 107 33 skulle
1059 954 101 34 blifva
1198 954 220 40 Riksdagens,
1459 954 118 31 Första
1609 953 196 32 Kammaren

603 1010 78 32 ville
722 1009 68 31 låta
830 1008 59 32 sitt
929 1007 111 32 beslut
1067 1017 51 21 om
1146 1005 187 41 förhöjning
1361 1005 49 32 till
1444 1006 83 39 14,40
1554 1007 54 29 öre
1636 1014 58 30 per
1722 1003 83 32 skål-

605 1060 87 40 pund
727 1059 33 32 af
785 1057 204 41 tullafgiften
1017 1056 19 32 å
1063 1058 114 30 socker
1205 1055 202 40 raffineradt,
1437 1056 59 31 och
1525 1053 221 40 oraffineradt,
1776 1054 27 38 ej

605 1112 150 31 mörkare
795 1113 41 28 än
876 1109 62 31 N:o
968 1109 48 40 18,
1046 1107 140 41 förfalla,
1216 1107 60 32 och
1303 1107 10 31 i
1340 1106 106 31 likhet
1474 1106 73 31 med
1574 1105 110 32 Andra
1711 1104 94 32 Kam-

606 1172 111 22 maren
745 1160 168 33 bibehålla
940 1159 106 32 tullen
1072 1158 50 32 för
1150 1158 107 32 denna
1284 1157 118 32 artikel
1431 1157 53 32 vid
1512 1167 43 21 nu
1583 1155 159 40 stadgade
1770 1156 38 30 12

606 1216 54 28 öre
701 1222 58 31 per
799 1210 180 41 skålpund;
1022 1213 84 28 samt
1146 1212 59 36 att,
1240 1218 52 22 om
1319 1207 71 33 åter
1416 1207 190 33 Utskottets
1634 1206 33 32 af
1691 1206 118 32 Första

606 1264 195 31 Kammaren
842 1265 144 36 antagna
1024 1259 123 40 förslag
1188 1262 49 29 att
1263 1258 127 41 förhöja
1416 1259 105 31 tullen
1549 1257 19 32 å
1595 1256 214 33 oraffineradt

605 1315 125 39 socker,
772 1313 150 31 mörkare
951 1315 40 27 än
1024 1309 62 33 N:o
1116 1310 48 41 18,
1194 1310 52 31 till
1275 1310 38 31 10
1340 1312 55 29 öre
1422 1318 59 31 per
1508 1307 164 41 skålpund
1701 1308 107 32 skulle

607 1364 102 33 blifva
737 1363 33 32 af
794 1363 191 39 Riksdagen
1013 1361 180 39 godkändt
1223 1360 110 31 Andra
1359 1360 196 31 Kammaren
1572 1358 42 32 då
1632 1359 77 32 ville
1725 1358 85 31 fatta

607 1416 111 32 beslut
756 1413 170 41 angående
960 1411 202 40 tullafgiften
1190 1411 50 32 för
1268 1411 124 40 socker,
1421 1409 192 33 raffineradt
1640 1409 58 32 och
1727 1408 81 33 oraf-

609 1466 149 33 fineradt,
788 1466 72 30 icke
889 1465 150 30 mörkare
1067 1466 41 28 än
1135 1462 62 32 N:o
1227 1462 46 31 18.

308 1520 117 31 Första
467 1519 194 30 Kammaren
701 1517 59 31 har
789 1516 149 39 godkänt
964 1513 190 32 Utskottets
1181 1512 123 40 förslag
1333 1516 49 27 att
1408 1511 128 40 förhöja
1563 1512 105 31 tullen
1696 1510 19 31 å
1742 1520 67 21 oar-

208 1571 99 32 betad
348 1571 101 31 tobak
489 1569 74 31 med
595 1571 12 29 1
637 1571 54 29 öre
720 1577 58 30 per
806 1565 175 41 skålpund,
1010 1574 74 22 men
1112 1564 110 31 Andra
1249 1564 197 30 Kammaren
1472 1562 147 32 beslutat
1645 1560 167 33 bibehålla

208 1623 63 30 den
298 1621 54 32 vid
380 1621 40 31 25
447 1624 56 28 öre
530 1630 59 29 per
617 1618 174 40 skålpund.
846 1617 174 31 Utskottet
1046 1614 50 32 får
1123 1614 138 32 sålunda
1287 1613 177 32 hemställa
1491 1613 56 31 det
1574 1612 110 32 Andra
1714 1612 97 31 Kam-

208 1682 112 21 maren
349 1672 76 32 ville
453 1670 94 32 äfven
577 1669 49 32 för
654 1670 49 31 sin
732 1669 51 31 del
813 1668 175 39 godkänna
1016 1665 188 32 Utskottets
1232 1664 134 40 förslag,
1396 1664 60 31 och
1484 1663 92 32 torde
1606 1664 8 29 i
1635 1667 100 27 annat
1753 1661 57 32 fall

209 1722 206 39 omröstning
442 1721 33 31 få
502 1722 57 31 ske
592 1720 151 32 sålunda:

1000 1835 28 33 5.

315 1925 80 38 Den,
438 1934 68 21 som
548 1922 129 32 bifaller
704 1922 189 31 Utskottets
926 1920 33 30 af
985 1919 115 32 Första
1129 1919 195 31 Kammaren
1354 1922 143 35 antagna
1524 1917 134 40 förslag,
1688 1920 48 28 att
1763 1917 52 31 be-

214 1979 141 28 stämma
382 1975 106 31 tullen
517 1974 19 31 å
564 1973 141 32 artikeln
735 1971 156 33 oarbetad
920 1971 100 31 tobak
1048 1970 51 31 till
1128 1970 39 31 26
1195 1972 55 29 öre
1279 1979 57 30 per
1364 1968 173 40 skålpund,
1568 1971 106 29 röstar

979 2053 49 37 Ja
1036 2062 14 39 sr

315 2129 84 40 Den,
429 2127 57 32 det
513 2127 27 41 ej
569 2127 68 39 vill,
666 2129 107 29 röstar

982 2205 88 49 Nej;

220 2280 115 31 vinner
375 2278 71 40 Nej,
489 2276 182 33 bibehålles
712 2276 49 31 för
802 2276 106 31 denna
949 2274 116 32 artikel
1108 2283 43 21 nu
1185 2272 153 40 gällande
1366 2271 161 40 tullafgift
1554 2271 33 31 af
1613 2271 40 31 25
1680 2273 55 29 öre
1763 2280 57 30 per

220 2329 173 40 skålpund.

304 2383 77 31 Bih.
405 2383 50 31 till
479 2382 113 31 Biksd.
620 2381 89 32 Prot.
733 2382 95 30 1867.
870 2381 20 30 5
915 2380 97 31 Saml.
1057 2381 18 28 1
1099 2378 79 41 Afd.
1205 2379 40 30 12
1268 2377 96 38 Häft.
1719 2375 19 30 2

1857 335 113 34 Socker,

1830 369 176 36 raffineradt,

1879 407 74 24 samt

1823 437 195 35 oraffineradt,

1819 471 58 29 icke
1886 471 131 29 mörkare

1819 510 38 23 än
1885 504 58 29 N:o
1968 505 47 28 18.

1878 1497 103 28 Tobak.
