2198 2640
666 207 235 42 Lagutskottets
933 207 170 33 Utlåtande
1125 206 67 33 N:o
1215 208 51 31 31.
1743 207 18 31 d

216 286 44 37 de
296 286 219 38 nuvarande
543 286 374 50 afbetalningslånen
947 286 237 48 derutinnan,
1214 291 54 33 att
1298 286 304 50 sparbankernas
1631 287 178 49 styrelser

216 339 110 48 länge
353 338 129 38 kunna
509 352 90 23 vara
627 339 12 37 i
667 338 237 50 okunnighet
933 352 60 23 om
1022 338 162 38 dödsfall
1212 339 114 37 bland
1351 338 195 49 låntagare
1567 338 93 38 eller
1677 338 130 38 löftes-

219 396 97 42 män,
345 391 122 37 under
495 391 64 37 det
588 391 103 37 detta
718 390 82 38 icke
829 391 122 37 skulle
981 391 127 36 kunna
1132 404 91 24 vara
1242 391 118 47 fallet,
1382 404 61 24 om
1463 403 76 36 nya
1557 390 251 38 förbindelser

217 446 118 34 måste
365 457 47 23 en
442 443 91 37 eller
556 443 90 37 flere
675 446 146 46 gånger
849 457 61 22 om
940 446 79 34 året
1047 443 192 46 aflemnas,
1268 446 41 33 så
1337 443 79 48 har,
1446 445 41 34 så
1514 442 80 37 vidt
1620 442 188 38 utskottet

216 495 68 36 har
324 495 63 49 sig
422 494 153 49 bekant,
604 497 126 47 någon
759 494 195 50 svårighet
982 495 58 37 för
1067 494 302 50 sparbankernas
1398 494 179 50 styrelser
1605 500 57 31 att
1689 495 119 37 skaffa

217 547 58 49 sig
315 547 246 49 tillförlitliga
594 546 296 38 underrättelser
917 560 59 23 om
1005 547 198 49 låntagare
1233 546 68 37 och
1329 546 205 37 löftesmän
1561 546 136 37 hittills
1725 546 83 38 icke

215 604 151 44 yppats,
409 599 71 37 och
508 598 120 37 skulle
656 602 128 45 någon
813 598 200 50 sparbank,
1041 598 114 37 hvars
1183 598 418 38 verksamhetsområde
1626 603 41 32 är
1699 604 108 43 stort,

217 664 88 24 anse
341 651 65 50 sig,
434 651 143 37 erhålla
606 656 121 32 större
755 651 184 49 trygghet
965 651 56 37 uti
1049 650 289 50 ifrågavarande
1368 650 177 37 afseende
1573 650 234 50 derigenom,

218 708 54 32 att
300 703 73 37 den
411 703 135 37 endast
580 703 163 49 beviljar
774 703 63 37 lån
865 706 49 46 på
943 703 149 37 kortare
1126 703 67 47 tid,
1226 703 130 36 hvilka
1389 702 117 37 sedan
1540 708 196 43 omsättas,
1766 706 41 34 så

217 755 134 48 finnes,
394 758 124 34 såsom
553 756 100 36 förut
688 755 198 50 påpekats,
915 755 95 37 intet
1037 754 136 38 hinder
1199 755 57 36 för
1283 768 45 24 en
1359 754 192 50 sparbank
1579 760 56 31 att
1663 758 41 34 så
1731 755 76 37 för-

217 808 93 36 fara.

344 859 52 37 På
423 859 126 49 grund
578 859 42 37 af
642 859 99 37 hvad
772 859 159 37 sålunda
960 859 157 48 anförts,
1149 859 56 37 får
1232 859 189 37 utskottet
1448 858 213 49 hemställa,

743 968 56 32 att
840 962 89 38 herr
971 962 225 50 Lundgrens
1237 962 288 49 ifrågavarande
1554 962 143 37 motion
1725 962 81 38 icke

614 1018 60 34 må
702 1015 57 37 till
786 1017 126 47 någon
941 1014 241 50 Riksdagens
1211 1015 136 50 åtgärd
1374 1014 208 38 föranleda.

344 1118 220 38 Stockholm
595 1120 74 36 den
698 1121 45 35 27
775 1132 100 24 mars
908 1120 108 36 1900.

735 1223 51 36 På
813 1222 274 49 lagutskottets
1116 1226 163 46 vägnar:

748 1325 131 38 CARL
909 1326 41 36 B.
980 1325 305 38 HASSELROT.

341 1532 99 36 Herr
483 1531 165 49 Husberg
690 1531 68 37 har
797 1530 136 50 begärt
968 1531 37 37 få
1034 1532 242 49 antecknadt,
1306 1537 56 33 att
1391 1533 76 37 han
1495 1532 84 38 icke
1607 1532 160 49 deltagit
1795 1533 12 36 i

216 1584 176 37 ärendets
420 1584 238 49 behandling
687 1584 102 36 inom
817 1584 196 37 utskottet.
