1896 2824
533 154 108 27 Andra
665 155 221 33 lagutskottets
908 158 162 30 utlåtande
1093 160 48 28 Nr
1167 165 46 25 19.
1587 167 37 29 31

163 233 65 33 Det
248 238 115 34 syntes
384 236 220 41 följdriktigt,
624 243 50 29 att
694 241 101 38 nödig
815 244 179 32 tomtmark
1014 246 11 31 i
1046 245 84 33 brist
1149 248 43 37 på
1212 248 173 39 möjlighet
1404 251 53 32 till
1479 252 146 40 frivillig

118 277 199 37 uppgörelse
346 278 100 33 borde
474 280 112 33 kunna
616 285 230 36 exproprieras
877 286 77 32 från
984 288 172 32 enahanda
1186 291 208 39 egendomar,
1424 294 76 31 från
1530 295 92 32 vilka

116 318 73 37 jord
212 318 111 34 kunde
347 322 256 38 tvångsavlösas
626 324 55 32 för
703 325 155 34 bildande
882 340 41 19 av
946 341 67 26 nya
1036 330 172 37 jordbruk.
1245 332 133 34 Således
1402 335 75 32 från
1502 336 120 39 fastig-

116 360 102 38 heter,
244 373 70 20 som
340 364 102 37 ägdes
469 376 41 19 av
535 365 109 39 bolag,
671 367 215 34 ekonomiska
914 370 193 39 föreningar
1133 374 59 30 och
1219 375 151 32 enskilda
1397 377 224 39 spekulanter,

117 407 85 27 samt
229 403 167 33 dessutom
425 405 76 32 från
529 410 105 29 större
661 409 153 32 enskilda
841 412 199 37 egendomar
1067 414 181 38 lämpligen
1275 416 180 40 bestämda,
1483 420 43 37 på
1554 425 67 27 sätt

116 443 201 39 ifrågasatts
336 447 12 31 i
367 446 165 40 förslaget
551 448 18 32 I
587 449 11 31 i
617 449 225 36 betänkandet
861 465 51 20 om
932 454 153 33 bildande
1106 468 42 20 av
1167 469 67 26 nya
1253 458 171 37 jordbruk.
1457 461 62 32 Att
1539 467 80 27 även

116 486 76 32 från
219 487 128 33 mindre
374 490 199 37 egendomar
599 492 43 38 på
669 492 114 33 landet
809 495 154 38 medgiva
990 499 247 37 expropriation
1265 513 41 19 av
1334 503 189 39 tomtmark,
1551 517 68 20 som

114 533 125 34 ägaren
265 532 148 37 vägrade
439 536 51 29 att
516 533 164 41 frivilligt
705 536 141 38 upplåta
873 538 60 32 och
960 540 145 33 önskade
1133 541 142 40 behålla,
1302 556 76 20 vore
1407 545 148 33 däremot
1582 560 37 19 en

114 571 131 38 ganska
270 573 175 40 betänklig
470 575 71 32 sak.
578 577 67 32 För
671 590 39 20 en
737 579 126 33 mindre
890 582 157 37 egendom
1073 583 110 32 kunde
1210 589 83 28 även
1320 586 116 38 dylika
1464 589 154 37 avstyck-

115 614 119 37 ningar
258 615 165 38 begränsa
449 619 216 37 egendomens
691 621 216 39 omfattning,
933 623 371 41 framtidsmöjligheter
1329 629 58 31 och
1413 631 138 31 trevnad
1576 632 42 37 på

112 659 47 29 ett
181 657 11 31 i
214 657 55 32 det
290 661 90 29 stora
401 659 75 32 hela
499 660 134 39 obilligt
654 665 79 30 sätt.
766 663 67 32 Det
854 664 85 33 hade
961 666 115 32 därför
1098 672 94 33 synts
1215 668 267 39 kommissionen,
1505 676 51 28 att
1578 685 39 20 en

114 699 336 37 expropriationsrätt
470 701 54 32 för
544 703 125 32 sådana
689 704 176 33 händelser
884 706 73 33 icke
977 707 183 40 lämpligen
1181 710 98 33 borde
1300 712 138 34 tillåtas.
1471 714 17 30 I
1510 718 107 29 rätten

112 740 52 31 till
183 742 251 37 expropriation
454 743 53 32 för
525 746 219 33 tomtområde
763 747 99 32 borde
881 749 192 39 inbegripas
1093 751 72 33 icke
1183 752 85 32 blott
1286 754 129 37 platsen
1436 756 53 31 för
1509 756 107 38 själva

111 782 98 33 huset
230 786 81 29 utan
334 789 93 34 även,
451 786 59 32 där
533 787 36 32 så
591 787 183 40 lämpligen
796 789 110 34 kunde
929 791 66 39 ske,
1020 805 38 19 en
1081 796 102 36 täppa
1207 795 81 32 eller
1310 800 46 28 ett
1379 798 125 32 mindre
1527 799 89 32 träd-

110 825 193 38 gårdsland.
339 826 153 34 Givetvis
517 829 100 33 borde
641 830 106 33 denna
770 833 339 38 expropriationsrätt
1131 848 81 20 vara
1237 837 183 34 förbunden
1445 841 71 31 med
1541 853 74 20 ena-

110 867 110 32 handa
240 870 172 36 garantier
432 870 53 32 för
504 871 211 39 jordägaren,
736 885 69 20 som
827 878 108 29 rätten
955 876 53 31 till
1029 879 248 37 expropriation
1298 892 42 19 av
1360 881 94 31 mark
1475 882 54 32 för
1549 895 65 25 nya

109 908 173 37 jordbruk.
321 910 73 33 Den
421 912 100 32 borde
548 918 67 28 mot
641 914 218 39 jordägarens
887 917 210 34 bestridande
1125 920 30 37 ej
1183 920 113 33 kunna
1323 927 97 33 göras
1447 924 167 38 gällande,

108 955 62 27 när
198 952 120 33 dennes
346 953 162 38 jordbruk
536 955 81 32 eller
657 956 189 39 skogsbruk
875 959 191 38 därigenom
1095 961 108 33 skulle
1244 963 203 39 tillskyndas
1475 977 136 27 synner-

108 993 63 39 ligt
194 1005 85 21 men.

152 1036 120 39 Enligt
293 1037 151 34 utkastet
466 1039 108 33 skulle
596 1041 71 38 den,
691 1054 67 20 som
781 1043 115 33 visade
919 1045 173 33 sannolika
1115 1046 74 33 skäl
1213 1048 53 32 för
1287 1053 50 28 att
1359 1050 253 34 tomtförvärvet

107 1090 77 20 vore
211 1091 41 20 av
278 1080 149 38 verkligt
453 1081 104 33 behov
582 1083 154 38 påkallat
763 1085 60 32 och
850 1086 146 34 saknade
1022 1088 207 40 tillräckliga
1258 1091 104 32 medel
1391 1092 52 32 för
1469 1097 142 29 tomtens

108 1120 224 34 förvärvande
363 1123 60 31 och
455 1124 230 40 bebyggande,
716 1126 114 33 kunna
862 1140 115 26 genom
1011 1133 125 30 statens
1169 1132 233 34 mellankomst
1433 1131 179 46 tillhanda-

106 1162 108 33 hållas
239 1165 191 32 tomtmark.
465 1165 224 35 Beträffande
714 1169 197 39 skyldighet
934 1175 50 28 att
1007 1173 96 31 avstå
1126 1174 95 31 mark
1247 1175 53 31 för
1323 1179 81 28 tomt
1429 1182 86 27 samt
1539 1178 71 32 ord-

105 1204 122 38 ningen
251 1206 54 31 för
327 1210 101 29 tomts
451 1208 201 40 utbrytning
676 1211 60 31 och
759 1211 62 32 vad
849 1212 134 33 därmed
1007 1218 80 34 äger
1111 1216 241 39 sammanhang
1376 1218 107 33 skulle
1506 1220 12 30 i
1543 1220 66 31 till-

105 1246 164 40 lämpliga
297 1248 92 32 delar
415 1249 94 38 gälla
534 1251 97 38 lagen
659 1264 50 19 om
738 1254 245 38 stlatsåtgärder
1010 1256 54 31 för
1091 1256 156 34 bildande
1274 1270 42 20 av
1343 1272 66 25 nya
1436 1260 172 38 Jordbruk.

107 1288 107 33 Lösen
239 1290 54 32 för
315 1294 125 29 tomten
465 1292 107 32 skulle
598 1293 84 32 dock
711 1296 84 37 utgå
819 1296 87 31 efter
930 1297 122 33 dennas
1077 1298 133 38 skäliga
1236 1300 185 33 saluvärde.
1468 1302 138 32 "Tomten

104 1330 108 33 skulle
235 1332 87 32 efter
343 1333 242 38 utbrytningen
608 1335 158 38 upplåtas
789 1337 20 32 å
832 1337 167 34 sökanden
1022 1340 73 32 med
1119 1344 163 36 tomträtt,
1306 1342 59 32 där
1387 1343 30 38 ej
1441 1344 167 32 särskilda

103 1373 284 38 omständigheter
407 1375 179 38 påkallade
608 1382 103 28 annat
733 1379 207 33 förfarande.

148 1439 60 33 Om
229 1441 92 32 detta
340 1442 131 39 förslag
489 1443 86 33 hava
594 1445 115 33 herrar
729 1446 208 40 Lindhagen,
958 1449 197 39 Ingeström,
1177 1451 189 33 Johansson
1386 1454 11 31 i
1418 1454 191 39 Uppmälby

103 1490 60 32 och
190 1490 192 34 Pettersson
409 1494 11 31 i
449 1493 209 34 Hällbacken
687 1496 132 33 förenat
847 1497 62 39 sig.
949 1495 126 43 Övriga
1103 1501 180 33 ledamöter
1310 1514 41 20 av
1378 1499 228 48 Jordkommis-

103 1540 112 32 sionen
234 1541 86 33 hava
339 1543 29 37 ej
386 1543 114 33 inlåtit
518 1544 53 39 sig
587 1546 44 37 på
648 1546 106 33 denna
774 1547 111 39 fråga.

147 1616 54 32 Av
225 1617 38 32 de
286 1619 244 42 myndigheter,
554 1633 68 19 som
647 1626 107 33 yttrat
777 1624 53 39 sig
853 1629 77 27 över
951 1625 348 37 jordkommissionens
1324 1629 205 34 betänkande
1554 1632 51 32 del

99 1666 62 37 VI,
180 1666 86 33 hava
285 1668 280 38 länsstyrelserna
583 1673 11 29 i
612 1671 144 33 Kalmar
775 1674 60 31 och
853 1674 212 40 Skaraborgs
1084 1677 56 32 län
1160 1678 167 33 förklarat
1351 1679 51 38 sig
1422 1680 72 32 icke
1514 1681 86 32 hava

101 1717 102 38 något
225 1721 50 28 att
299 1719 109 32 erinra
431 1725 68 28 mot
522 1733 44 19 nu
589 1721 261 39 ifrågavarande
874 1724 141 40 förslag.
1049 1723 96 36 Även
1170 1728 239 38 länsstyrelsen
1433 1733 11 29 i
1471 1731 133 33 Väster-

99 1767 176 33 norrlands
295 1768 54 32 län
369 1769 61 32 och
449 1770 440 42 hushållningssällskapets
908 1775 358 40 förvaltningsutskott
1286 1781 12 30 i
1317 1780 211 40 Jönköpings
1548 1782 53 32 län

99 1816 85 32 hava
210 1818 87 38 givit
323 1819 50 31 sin
401 1820 195 39 anslutning
621 1822 53 32 till
701 1823 195 34 detsamma.
945 1826 256 39 Länsstyrelsen
1229 1831 11 29 i
1269 1830 251 34 Västerbottens
1547 1833 53 31 län

98 1866 62 33 har
180 1867 199 40 framhållit,
399 1874 51 29 att
469 1870 121 39 frågan
612 1884 50 19 om
683 1873 228 34 anskaffande
931 1888 41 20 av
991 1878 181 31 tomtmark
1192 1879 54 31 till
1265 1879 154 34 bostäder
1437 1894 76 20 vore
1535 1888 67 27 sär-

99 1916 81 33 skilt
201 1917 139 40 aktuell,
361 1919 11 31 i
393 1920 64 32 vad
479 1921 143 39 anginge
643 1923 229 34 anskaffande
893 1937 42 20 av
956 1927 95 31 mark
1073 1928 76 32 från
1172 1929 235 34 ecklesiastika
1429 1932 173 33 boställen.

143 1967 298 39 Länsstyrelserna
461 1972 12 30 i
492 1971 262 41 Kristianstads,
776 1975 199 40 Malmöhus,
999 1976 208 41 Gävleborgs
1228 1980 59 32 och
1308 1981 218 34 Norrbottens
1547 1984 53 31 län

98 2028 69 20 sam
187 2017 449 42 hushållningssällskapens
655 2023 359 41 förvaltningsutskott
1033 2030 11 29 i
1065 2027 175 41 Gotlands,
1263 2031 258 35 Västmanlands
1540 2035 60 32 och

99 2068 208 40 Gävleborgs
328 2071 57 32 län
408 2072 87 33 hava
518 2073 148 35 däremot
689 2075 178 40 förklarat,
891 2082 50 28 att
964 2079 53 32 för
1041 2081 188 37 respektive
1253 2082 71 33 läns
1347 2084 254 34 vidkommande

97 2118 29 37 ej
149 2119 149 39 förelåge
320 2122 102 38 något
443 2122 104 33 behov
569 2136 41 19 av
633 2125 101 32 sådan
757 2126 231 40 lagstiftning.
1024 2129 166 40 Slutligen
1214 2132 85 32 hava
1322 2134 277 38 länsstyrelserna

96 2171 11 28 i
131 2165 266 45 Östergötlands,
422 2173 213 39 Jönköpings
660 2175 59 32 och
743 2176 195 34 Jämtlands
963 2179 54 32 län
1041 2191 41 20 av
1108 2181 211 39 principiella
1345 2183 72 32 skäl
1443 2186 157 38 avstyrkt

96 2218 174 40 förslaget.

139 2301 66 33 Vid
228 2304 84 31 1924
333 2304 55 32 års
409 2305 139 39 riksdag
569 2307 145 37 yrkades
735 2309 10 31 i
767 2309 216 39 likalydande
1003 2314 204 32 motionerna
1227 2328 39 19 nr
1287 2317 37 31 97
1348 2317 10 31 i
1380 2318 106 32 första
1506 2319 91 32 kam-

95 2363 112 21 maren
225 2365 42 20 av
285 2354 77 32 herr
380 2354 197 40 Lindhagen
597 2369 42 20 m.
660 2358 38 32 fl.
718 2359 60 31 och
797 2371 38 20 nr
857 2362 61 31 178
937 2362 10 30 i
968 2363 105 32 andra
1089 2363 193 35 kammaren
1302 2379 40 19 av
1362 2367 75 33 herr
1455 2368 141 34 Johans-

95 2413 56 20 son
172 2403 11 31 i
204 2402 193 41 Uppmälby
417 2417 43 20 m.
481 2406 50 38 fl.,
552 2410 51 29 att
624 2408 181 39 riksdagen
826 2411 102 31 måtte
950 2413 10 31 i
982 2412 161 34 skrivelse
1165 2415 53 32 till
1241 2416 126 40 Kungl.
1388 2418 100 38 Maj:t
1509 2420 87 32 hem-

93 2452 111 38 ställa,
227 2457 50 28 att
300 2454 128 39 Kungl.
453 2456 101 38 Maj:t
577 2457 78 33 ville
678 2459 200 38 skyndsamt
901 2461 68 33 låta
993 2464 11 30 i
1027 2467 325 32 överensstämmelse
1376 2469 72 32 med
1471 2470 90 32 vissa
1584 2472 11 30 i

1651 1631 136 26 Yttranden

1650 1668 56 21 över
1718 1666 69 31 jord-

1642 1698 156 26 kommissio-

1625 1740 63 16 nens
1704 1733 102 31 förslag.

1639 2327 144 31 Riksdagen

1672 2361 74 24 1924.
