1886 2780
431 174 122 29 Första
571 172 246 40 lagutskottets
837 171 179 30 utlåtande
1032 179 43 20 nr
1093 170 39 29 19
1149 170 39 29 år
1206 169 82 30 1957
1600 167 18 30 9

108 259 41 29 de
168 268 42 21 av
229 259 113 36 inlaga
361 258 82 30 eller
463 266 115 21 annan
598 256 119 37 åtgärd
738 256 54 29 för
813 255 222 36 fullföljande
1055 255 83 29 eller
1158 253 200 30 bevakande
1378 262 42 20 av
1439 252 93 30 talan
1552 261 59 20 an-

109 309 159 30 norledes
289 310 45 28 än
353 316 124 31 genom
495 307 144 30 särskilt
657 305 202 31 rättsmedel
879 305 112 29 skulle
1012 306 65 38 äga
1095 313 79 20 rum
1192 304 64 29 hos
1275 303 162 33 domstol,
1457 303 153 33 domare,

111 360 106 29 nedre
232 358 336 41 justitierevisionen
583 357 83 30 eller
683 356 261 31 överexekutor.
961 355 93 30 även
1071 356 48 28 ett
1139 354 112 40 dylikt
1268 353 236 30 förordnande
1521 353 89 29 kun-

111 410 42 30 de
178 419 79 21 avse
280 410 92 29 riket
394 409 11 29 i
428 409 77 29 dess
529 408 118 29 helhet
671 408 82 29 eller
775 407 71 29 viss
870 406 55 30 del
948 407 117 29 därav.

155 461 115 39 Lagen
287 459 156 30 innehöll
461 460 86 29 även
567 458 174 30 särskilda
758 458 111 39 regler
887 466 57 20 om
962 457 111 29 andra
1091 456 191 30 tidsfrister
1301 456 45 29 än
1365 455 41 30 de
1424 464 47 20 nu
1488 456 125 28 nämn-

111 512 44 29 da
176 512 54 32 (11
250 511 49 37 8).
318 512 70 28 Var
403 510 112 39 någon
532 510 138 39 skyldig
685 511 51 27 att
752 509 55 29 för
823 508 201 29 bevakande
1041 517 42 20 av
1099 507 54 30 sin
1170 506 160 30 enskilda
1346 507 69 29 rätt
1430 506 95 29 inom
1540 506 72 28 viss

113 562 9 28 i
148 562 56 39 lag
230 561 83 30 eHer
339 561 210 38 författning
576 560 218 30 föreskriven
822 559 50 29 tid
899 559 190 29 instämma
1117 558 96 29 talan
1239 557 83 30 eller
1348 556 140 40 påkalla
1513 557 101 39 pröv-

113 612 84 39 ning
216 612 11 29 i
245 621 119 20 annan
383 611 148 39 ordning
549 611 84 29 eller
651 610 93 30 inför
763 609 151 30 domstol
934 609 82 29 eller
1034 609 144 29 domare
1196 608 140 39 vidtaga
1355 616 117 21 annan
1492 607 121 39 åtgärd

112 662 66 30 och
196 662 148 29 befanns
363 662 71 29 han
451 661 44 40 på
516 662 114 38 grund
648 670 43 20 av
708 661 77 38 krig
804 660 83 29 eller
906 660 110 29 andra
1035 659 145 30 därmed
1199 658 205 40 jämställda
1424 658 191 29 förhållan-

113 713 68 29 den
208 713 46 29 ha
279 712 92 30 varit
397 721 41 20 ur
467 712 103 29 stånd
597 713 52 28 att
675 711 140 39 vidtaga
843 710 168 39 åtgärden
1038 710 98 29 inom
1163 710 67 29 den
1258 709 221 30 föreskrivna
1506 708 108 33 tiden,

113 763 113 29 skulle
241 763 160 39 reglerna
416 771 57 21 om
488 762 249 30 återställande
754 771 42 19 av
814 761 174 30 försutten
1005 761 51 29 tid
1072 761 11 28 i
1100 760 100 39 lagen
1217 760 68 29 den
1301 760 41 30 22
1358 759 78 40 juni
1454 759 83 30 1939
1556 768 58 20 om

113 814 174 29 särskilda
304 813 201 30 rättsmedel
523 813 109 29 vinna
650 812 232 40 tillämpning,
903 812 86 29 även
1007 820 58 21 om
1083 811 169 39 åtgärden
1269 811 77 28 icke
1364 819 61 20 var
1444 819 42 20 av
1504 810 109 29 sådan

111 864 248 29 beskaffenhet
380 872 74 21 som
473 863 179 39 åsyftades
672 863 72 30 där.
765 863 124 29 Denna
910 862 91 40 regel
1021 862 86 39 ägde
1127 861 246 30 motsvarande
1392 861 223 39 tillämpning

112 914 223 30 beträffande
363 914 322 39 resningsansökan
712 913 65 30 och
805 913 124 30 besvär
956 914 81 29 över
1066 912 176 30 domvilla.
1270 912 76 29 Den
1374 911 55 30 för
1456 911 158 30 återstäl-

113 965 103 30 lande
240 974 42 20 av
305 964 176 31 försutten
505 964 50 30 tid
580 964 104 39 givna
707 964 118 39 regeln
849 965 51 28 att
925 964 159 29 ansökan
1109 964 122 29 därom
1256 962 113 30 skulle
1394 963 99 38 göras
1517 962 98 29 inom

113 1017 49 27 ett
185 1015 38 30 år
245 1015 81 30 från
349 1015 67 29 den
441 1015 75 39 dag,
541 1015 44 29 då
609 1015 96 29 tiden
728 1015 129 39 utgick,
884 1015 85 38 ägde
992 1014 76 29 icke
1096 1013 231 40 tillämpning,
1352 1022 57 20 om
1434 1013 180 29 sökanden

112 1065 46 40 på
176 1066 112 38 grund
307 1075 43 20 av
368 1065 76 39 krig
463 1065 82 29 eller
563 1066 111 28 andra
691 1065 173 29 likartade
883 1064 257 34 förhållanden,
1159 1064 89 30 varit
1267 1073 42 20 ur
1328 1064 102 29 stånd
1449 1065 50 28 att
1517 1064 98 28 inom

113 1116 186 29 årsfristen
318 1117 83 38 göra
420 1116 109 29 sådan
547 1116 170 29 ansökan.

159 1166 166 40 Speciella
348 1166 330 39 delgivningsregler
703 1166 222 30 meddelades
949 1166 10 29 i
986 1166 38 30 12
1051 1165 28 38 $.
1104 1165 207 39 Delgivning
1335 1165 79 30 med
1437 1165 77 37 den,
1539 1174 77 20 som

112 1217 189 39 fullgjorde
323 1216 235 40 tjänstgöring
579 1217 58 29 vid
659 1216 253 40 krigsmakten,
936 1216 112 30 skulle
1072 1216 61 30 ske
1155 1223 124 32 genom
1303 1216 131 29 militär
1457 1216 158 39 myndig-

114 1267 75 30 hets
207 1267 147 40 försorg.
372 1268 99 38 Intyg
489 1277 42 19 av
549 1267 110 30 sådan
677 1267 204 40 myndighet
900 1267 111 39 gällde
1031 1276 77 20 som
1126 1267 80 29 fullt
1224 1266 105 34 bevis,
1349 1268 50 28 att
1416 1266 199 39 delgivning

113 1318 199 30 verkställts
336 1318 45 39 på
405 1319 68 28 sätt
496 1318 134 39 intyget
654 1318 168 30 utvisade.
848 1319 69 28 Var
941 1317 99 40 fråga
1063 1327 59 20 om
1145 1317 199 39 delgivning
1369 1326 42 20 av
1437 1317 178 39 stämning

112 1368 83 29 eller
218 1368 143 30 kallelse
385 1370 50 28 att
458 1368 140 30 infinna
622 1369 51 39 sig
696 1369 223 39 personligen
941 1368 57 30 vid
1021 1368 163 34 domstol,
1209 1368 113 29 skulle
1345 1368 132 39 intyget
1500 1368 113 29 tillika

113 1419 177 29 innehålla
316 1418 139 40 uppgift
479 1419 176 29 huruvida
680 1419 65 29 den
771 1419 139 29 kallade
936 1418 44 40 på
1004 1419 114 38 grund
1144 1427 43 20 av
1213 1418 54 29 sin
1293 1418 235 39 tjänstgöring
1552 1427 62 20 var

113 1469 151 29 hindrad
284 1471 51 27 att
356 1469 140 29 inställa
518 1469 61 39 sig.
602 1469 67 30 Om
690 1469 200 39 delgivning
913 1469 91 29 skett
1025 1469 44 39 på
1091 1470 109 28 annat
1222 1470 68 29 sätt
1313 1470 45 28 än
1379 1476 123 31 genom
1524 1469 90 28 mili-

115 1520 52 28 lär
193 1519 204 39 myndighet
423 1519 111 30 skulle
560 1519 245 40 delgivningen
831 1519 106 30 likväl
964 1519 100 39 gälla.
1093 1519 207 39 Delgivning
1326 1519 72 30 fick
1424 1519 88 30 dock
1537 1519 78 30 icke

114 1570 59 30 ske
200 1578 121 29 genom
346 1570 183 37 handlings
555 1570 183 30 införande
764 1571 10 29 i
799 1571 175 29 allmänna
1000 1570 221 37 tidningarna
1246 1571 82 29 eHer
1354 1571 77 29 dess
1456 1570 158 30 fästande

113 1620 20 29 å
155 1620 67 29 den
245 1620 116 29 söktes
384 1620 150 30 husdörr
557 1620 83 29 eller
663 1621 218 39 uppläsande
904 1620 54 30 för
980 1620 89 30 hans
1094 1620 145 30 husfolk
1260 1621 84 29 eHer
1366 1620 44 40 på
1432 1622 107 28 annat
1562 1621 54 29 så-

113 1671 86 29 dant
218 1672 78 28 sätt.

159 1721 168 39 Slutligen
345 1722 183 38 stadgades
547 1722 11 28 i
578 1723 38 29 13
637 1722 15 37 $
671 1723 51 28 att
739 1722 126 39 Kungl.
884 1721 105 40 Maj:t
1006 1722 86 39 ägde
1111 1722 158 30 meddela
1287 1722 41 29 de
1346 1723 161 29 närmare
1525 1722 90 30 före-

113 1771 154 34 skrifter,
290 1780 76 21 som
389 1771 221 30 erfordrades
633 1772 54 30 för
709 1772 269 40 tillämpningen
1000 1782 43 20 av
1065 1772 112 39 lagen.
1201 1772 137 30 Sådana
1359 1773 257 39 tillämpnings-

115 1821 222 30 föreskrifter
355 1822 203 29 utfärdades
580 1830 124 31 genom
722 1823 209 39 kungörelse
949 1823 67 29 den
1036 1823 38 30 10
1095 1823 71 39 maj
1190 1823 82 30 1940
1297 1823 58 34 (nr
1374 1823 93 33 313).

158 1872 173 39 Tilläggas
354 1871 72 34 bör,
449 1874 49 27 att
522 1872 83 31 1940
628 1873 56 29 års
707 1873 54 39 lag
782 1873 77 29 icke
880 1882 62 20 var
966 1873 186 39 tillämplig
1173 1873 44 39 på
1238 1873 290 39 krigsdomstolar
1550 1874 63 29 och

114 1922 227 39 rättegången
361 1922 57 29 vid
438 1922 78 29 dem
542 1922 33 30 (1
600 1922 49 37 $).

159 1972 65 29 Det
250 1972 57 30 må
332 1973 148 29 nämnas
506 1975 51 27 att
583 1982 42 20 en
655 1974 246 29 motsvarande
928 1973 221 39 lagstiftning
1175 1974 244 38 genomfördes
1447 1975 86 29 även
1560 1974 56 29 be-

114 2022 177 30 träffande
322 2022 493 40 förvaltningsdomstolarnas
846 2023 66 30 och
942 2024 543 39 förvaltningsmyndigheternas
1515 2025 101 29 verk-

114 2072 136 30 samhet
269 2073 58 29 vid
346 2073 77 39 krig
441 2073 82 30 eller
542 2074 185 38 krigsfara,
749 2074 48 30 På
816 2075 95 29 detta
930 2074 142 30 område
1092 2075 112 39 gällde
1224 2075 270 39 ursprungligen
1514 2076 101 39 lagen

113 2122 68 29 den
201 2123 14 28 1
236 2123 187 29 november
443 2124 81 30 1940
545 2124 79 29 med
643 2125 174 29 särskilda
835 2124 264 30 bestämmelser
1117 2125 178 39 angående
1315 2127 102 28 stats-
1436 2126 64 29 och
1518 2126 98 29 kom-

115 2173 413 39 munalmyndigheterna
551 2174 65 29 och
639 2174 101 30 deras
763 2175 224 29 verksamhet
1010 2176 58 29 vid
1092 2175 78 39 krig
1194 2176 82 29 eller
1300 2176 174 39 krigsfara
1499 2186 45 20 m.
1570 2186 45 19 m.

114 2222 66 29 Till
201 2223 111 38 grund
333 2223 55 29 för
408 2224 113 29 denna
541 2224 56 38 lag
617 2224 53 39 låg
689 2226 48 28 ett
757 2234 43 20 av
820 2225 143 30 särskilt
982 2226 193 29 tillkallade
1198 2226 222 38 sakkunniga
1441 2226 174 29 utarbetat

115 2272 130 39 förslag
271 2271 101 34 (SOU
396 2273 97 30 1940:
511 2273 72 31 23).
605 2275 116 37 Lagen
744 2275 113 28 skulle
879 2275 90 38 gälla
990 2276 51 28 till
1064 2275 65 29 och
1151 2276 78 29 med
1252 2276 67 29 den
1341 2277 37 29 31
1404 2285 92 20 mars
1520 2277 95 29 1942.

116 2321 65 30 Vid
204 2321 81 31 1942
307 2322 57 29 års
384 2322 141 40 riksdag
545 2324 190 29 framlades
756 2325 132 37 förslag
910 2325 51 29 till
982 2334 45 31 ny
1048 2325 56 39 lag
1129 2326 5 28 i
1155 2335 135 20 samma
1310 2327 103 28 ämne
1440 2326 112 39 (prop.
1575 2336 42 19 nr

115 2370 52 34 6).
187 2371 242 40 Anledningen
448 2373 49 28 till
517 2373 289 40 omarbetningen
825 2384 62 19 var
905 2375 44 29 bl.
969 2384 40 26 a.,
1030 2377 50 27 att
1099 2376 100 38 lagen
1218 2376 127 39 ansågs
1365 2376 82 29 böra
1467 2376 150 29 omfatta

115 2422 86 28 även
221 2422 93 29 vissa
336 2422 159 39 kyrkliga
516 2424 252 39 myndigheter.
790 2426 68 28 För
879 2425 114 29 denna
1014 2426 271 39 komplettering
1306 2436 42 20 av
1369 2427 99 38 lagen
1490 2427 127 38 ansågs

115 2471 178 30 allmänna
313 2472 241 39 kyrkomötets
579 2475 209 29 medverkan
812 2475 215 39 erforderlig.
1049 2476 48 30 På
1118 2477 168 38 grundval
1310 2487 42 19 av
1373 2477 64 29 den
1463 2478 154 29 nämnda
