2346 2743
691 189 269 30 Stats-Utskottets
988 188 169 30 Utlåtande
1183 187 60 30 N:o
1267 189 47 29 19.
1746 188 17 28 3

207 279 133 48 dagen,
368 277 57 38 för
455 276 292 50 möjliggörande
775 275 40 37 af
838 275 224 36 nordvestra
1094 274 240 37 stambanans
1368 273 201 51 öppnande
1589 272 58 38 för
1667 274 137 36 allmän

207 331 110 35 trafik
358 330 63 36 vid
463 330 91 35 eller
595 330 102 34 inom
739 328 105 36 detta
878 330 57 33 års
965 328 87 42 slut,
1081 330 115 32 måtte
1226 326 202 48 medgifva,
1457 331 54 30 att
1539 324 132 49 Kongl.
1701 325 104 48 Maj:t

207 384 61 32 må
296 381 39 36 af
360 381 63 36 det
451 381 141 47 anslag,
621 393 81 22 som
730 379 64 36 vid
823 379 124 35 denna
974 378 154 48 riksdag
1146 376 58 38 för
1223 381 41 32 år
1285 380 92 33 1871
1395 377 157 48 beviljas
1567 377 58 35 till
1641 376 166 36 nämnda

207 433 116 35 banas
351 431 280 44 fullbordande,
661 444 68 35 ega
757 436 55 30 att
840 429 117 37 redan
985 429 120 36 under
1133 428 254 37 innevarande
1417 432 40 32 år
1484 426 106 51 lyfta,
1606 428 81 35 icke
1707 428 99 35 blott

208 484 64 36 det
314 483 39 36 af
389 483 132 48 Kongl.
561 482 105 48 Maj:t
706 481 166 48 begärda
912 481 152 48 belopp,
1107 481 196 44 1,600,000
1336 479 102 44 R:dr,
1466 485 92 30 utan
1587 478 219 37 derutöfver

206 536 222 47 ytterligare
471 535 159 42 900,000
664 532 104 43 R:dr,
796 533 58 34 till
885 531 85 36 stöd
997 531 58 36 för
1084 531 151 35 hvilken
1263 531 277 45 framställning
1568 530 237 35 motionären

208 587 182 47 åberopat
431 584 73 37 den
546 583 330 48 omständigheten
919 587 65 38 att,
1027 582 47 35 då
1106 581 64 37 vid
1198 580 171 37 sistlidne
1397 580 167 48 riksdag,
1591 580 11 35 i
1631 579 174 36 ändamål

207 642 55 31 att
289 635 120 37 skaffa
437 635 231 36 nödlidande
697 633 315 48 arbetsförtjenst,
1034 633 64 36 det
1119 632 168 48 medgafs
1309 638 54 30 att
1383 645 45 23 en
1444 632 146 35 million
1606 631 200 36 Riksdaler

206 687 84 36 utaf
329 687 64 36 det
433 686 58 37 för
532 689 40 33 år
616 687 96 35 1870
745 686 58 35 till
836 684 245 46 fortsättning
1110 683 36 36 af
1174 684 180 35 arbetena
1387 686 21 32 å
1435 682 223 36 nordvestra
1690 688 115 29 stam-

206 739 125 35 banan
371 737 188 48 beviljade
601 737 131 47 anslag
771 737 99 47 finge
904 734 240 37 förskottsvis
1172 734 113 47 lyftas
1314 733 121 36 under
1464 736 40 32 år
1535 734 106 42 1869,
1671 736 40 32 så
1740 746 66 23 var

207 795 53 30 ett
303 789 39 36 af
380 790 179 43 motiven,
602 786 153 38 hvarför
784 785 352 48 arbetsförtjensten
1164 786 120 35 skulle
1313 785 143 35 lemnas
1481 784 82 48 just
1590 783 64 36 vid
1683 783 123 37 denna

206 841 110 43 bana,
359 840 262 48 önskligheten
668 838 110 36 deraf
814 843 55 31 att
909 837 122 36 banan
1071 835 124 38 blefve
1236 835 163 48 tidigare
1439 834 232 37 fullbordad.
1736 834 69 36 Att

208 896 40 32 så
277 893 67 34 ock
374 892 193 46 verkligen
596 891 121 35 skulle
746 890 152 35 komma
925 893 54 31 att
1006 888 64 35 ske
1093 888 69 35 och
1182 900 46 23 en
1248 886 214 48 väsendtlig
1476 886 178 35 tidsvinst
1669 898 135 35 genom

208 944 166 36 arbetets
415 940 272 51 påskyndande
722 943 120 41 ernås,
875 939 95 36 hade
1004 939 221 48 härigenom
1252 938 215 48 naturligen
1494 935 127 38 blifvit
1649 942 55 31 ett
1731 937 75 35 mål

207 995 58 36 för
292 993 406 50 Byggnadsstyrelsen,
726 1005 81 23 som
835 991 229 36 härutinnan
1092 988 126 38 blifvit
1245 988 40 37 af
1308 989 134 47 Kongl.
1461 987 104 49 Maj:t
1583 988 222 48 ytterligare

209 1044 251 44 understödd,
501 1045 11 34 i
554 1043 64 36 det
659 1049 55 30 att
747 1042 110 37 äfven
890 1041 82 36 från
1015 1040 175 36 handels-
1224 1040 70 36 och
1321 1038 295 49 sjöfartsfonden
1644 1038 163 37 förskott

207 1098 59 35 till
295 1097 166 36 arbetets
490 1094 248 50 pådrifvande
758 1094 170 36 lemnats.
957 1091 231 50 Arbetsplan
1208 1090 96 37 hade
1325 1089 126 38 derför
1470 1089 125 37 blifvit
1615 1089 192 49 uppgjord

208 1149 70 35 och
307 1148 73 35 alla
406 1145 277 38 förberedande
712 1144 177 49 åtgärder
904 1142 287 49 vidtagna
1089 1137 19 60 i
1130 1137 61 60 det
1206 1141 109 51 syfte,
1332 1146 55 32 att
1402 1141 224 36 nordvestra
1640 1141 166 36 stamba-

208 1213 74 22 nan
310 1199 123 35 skulle
462 1198 127 35 kunna
615 1197 104 35 inom
750 1198 94 34 1870
878 1198 57 33 års
964 1195 77 35 slut
1066 1201 142 41 öppnas
1228 1192 58 37 för
1305 1194 137 35 allmän
1462 1192 120 36 trafik.
1610 1191 74 36 För
1703 1192 105 36 detta

208 1250 175 36 ändamål
412 1249 96 36 hade
537 1249 86 35 hela
649 1246 182 37 behofvet
859 1245 40 37 af
921 1246 99 35 räler
1049 1245 68 35 och
1150 1245 117 47 rörlig
1285 1244 172 36 materiel
1476 1242 125 37 blifvit
1620 1242 188 36 beställda

209 1306 55 31 att
303 1300 115 48 tidigt
459 1299 105 37 detta
591 1302 41 33 år
658 1299 189 35 levereras
877 1297 69 35 och
975 1309 45 23 en
1049 1295 257 48 arbetsstyrka
1334 1294 40 36 af
1397 1293 159 49 ungefär
1584 1295 109 43 2,000
1722 1306 85 23 man

208 1352 219 36 bibehållits
468 1350 121 36 under
629 1350 150 35 vintern
811 1349 11 35 i
856 1348 70 36 och
959 1346 58 37 för
1049 1347 139 48 nödiga
1220 1345 362 49 bergsprängnings-
1611 1344 69 36 och
1709 1350 98 30 sten-

209 1404 168 35 arbeten.
431 1401 85 37 Men
541 1402 80 47 just
648 1399 58 37 för
734 1399 109 36 dessa
871 1398 267 47 anordningar,
1167 1397 139 44 hvilka,
1336 1409 60 23 om
1424 1396 125 35 banan
1577 1396 80 35 icke
1686 1395 121 36 skulle

209 1462 144 41 öppnas
393 1452 78 37 förr
492 1460 66 37 än
600 1451 122 36 under
762 1454 41 32 år
845 1451 108 42 1871,
986 1449 98 36 varit
1116 1449 60 35 till
1204 1461 46 23 en
1279 1447 61 36 del
1369 1446 224 48 obehöfliga,
1621 1449 118 33 måste
1768 1449 40 33 så

209 1511 104 30 stora
353 1505 362 48 penningesummor
755 1498 219 46 utbetalas,
998 1505 66 39 att,
1106 1512 61 23 om
1207 1499 81 35 icke
1321 1503 119 31 större
1473 1497 162 36 förskott
1663 1500 20 32 å
1713 1498 91 35 1871

210 1560 59 32 års
299 1557 129 46 anslag
456 1553 204 45 lemnades,
689 1561 48 28 än
765 1553 134 47 Kongl.
928 1551 104 47 Maj:t
1059 1551 144 47 begärt,
1233 1549 219 36 återstoden
1479 1549 82 35 icke
1589 1547 124 37 blefve
1734 1548 74 35 till-

209 1607 145 47 räcklig
381 1607 58 35 till
467 1606 165 35 arbetets
660 1603 177 37 fortsatta
863 1601 248 38 bedrifvande
1140 1600 86 37 med
1255 1599 225 47 erforderlig
1511 1599 140 50 styrka.

346 1657 238 36 Motionären
624 1656 68 35 har
732 1654 129 36 vidare
902 1654 58 35 till
1001 1652 85 37 stöd
1118 1652 58 36 för
1202 1652 58 36 sin
1287 1650 287 48 framställning,
1605 1650 80 36 dels
1714 1663 95 35 upp-

210 1710 101 48 gjort
339 1708 190 47 åtskilliga
557 1705 370 48 sifferberäkningar,
956 1703 80 37 dels
1065 1703 182 48 åberopat
1275 1716 46 22 en
1349 1701 85 37 utaf
1454 1700 133 37 chefen
1613 1700 55 37 för
1682 1700 127 50 Bygg-

210 1760 283 48 nadsstyrelsen
520 1758 140 35 honom
688 1756 151 36 lemnad
860 1754 161 50 uppgift,
1042 1755 119 47 enligt
1180 1754 152 36 hvilken
1354 1752 224 36 nordvestra
1597 1752 211 36 stanbanan

210 1811 121 36 skulle
351 1811 127 34 kunna
505 1808 120 36 under
652 1806 255 38 innevarande
929 1810 40 32 år
989 1813 154 40 öppnas,
1165 1818 71 31 om,
1256 1803 149 37 utöfver
1425 1803 46 36 de
1493 1802 40 37 af
1548 1803 134 48 Kongl.
1703 1802 107 48 Maj:t

209 1861 168 49 begärda
400 1861 195 43 1,600,000
610 1858 103 44 R:dr,
728 1859 221 48 ytterligare
967 1858 159 43 900,000
1141 1855 92 36 R:dr
1247 1856 99 48 finge
1362 1854 121 36 under
1498 1853 253 37 innevarande
1770 1857 40 32 år

211 1913 129 49 lyftas;
370 1912 68 35 och
468 1912 68 34 har
564 1911 237 35 motionären
829 1909 180 47 slutligen
1037 1907 155 44 erinrat,
1225 1906 79 36 dels
1334 1919 60 22 om
1422 1905 171 36 fördelen
1622 1904 109 36 deraf
1756 1909 54 31 att

212 1969 54 30 ett
307 1966 39 32 år
386 1962 161 48 tidigare
589 1964 89 33 ernå
712 1961 46 35 de
787 1960 178 48 politiska
994 1958 68 36 och
1092 1957 261 36 kommersiela
1383 1956 185 44 ändamål,
1596 1955 57 36 för
1681 1955 129 36 hvilka

212 2015 123 35 denna
376 2014 197 35 stambana
612 2011 127 36 blifvit
779 2010 149 48 anlagd,
969 2009 79 36 dels
1083 2014 55 30 att
1171 2008 63 36 det
1262 2007 111 37 äfven
1400 2020 44 23 ur
1474 2006 222 37 ekonomisk
1724 2019 85 36 syn-

212 2066 122 47 punkt
375 2077 89 23 vore
504 2062 231 48 förmånligt,
769 2075 61 23 om
863 2062 147 35 arbetet
1036 2058 199 38 bedrefves
1263 2058 86 36 med
1378 2057 199 37 oafbruten
1604 2056 86 44 fart,
1719 2064 90 29 enär

212 2121 55 31 ett
308 2114 95 37 halft
443 2118 59 32 års
536 2120 108 29 ränta
672 2117 20 32 å
720 2113 64 35 det
812 2112 122 36 under
962 2110 157 37 sednare
1150 2109 110 37 delen
1289 2108 38 37 af
1351 2112 41 33 år
1421 2110 108 42 1870,
1557 2109 11 34 i
1597 2109 128 35 stället
1750 2107 59 36 för

212 2166 122 36 under
374 2165 100 36 förra
516 2164 110 36 delen
667 2163 39 36 af
743 2167 39 32 år
826 2165 106 41 1871,
972 2162 189 46 behöfliga
1193 2162 180 47 beloppet
1402 2161 159 42 900,000
1589 2158 92 36 R:dr
1708 2159 101 35 blott

212 2216 86 49 föga
339 2215 210 49 öfverstege
592 2215 73 36 den
707 2215 117 47 årliga
864 2212 164 50 utgiften
1056 2212 58 35 till
1142 2211 147 37 Norska
1315 2210 237 37 Statsverket
1581 2208 57 38 för
1665 2208 143 37 bedrif-

212 2267 121 37 vande
363 2266 40 37 af
425 2267 188 36 bandelen
641 2264 338 38 Arvika—Norska
1011 2270 160 40 gränsen
1206 2262 69 36 och
1306 2261 118 37 borde
1453 2260 190 51 betydligt
1671 2260 137 36 under-
