2345 2744
694 206 97 30 Stats-
805 200 174 44 Utskottets
994 204 167 30 Utlåtande
1186 204 58 30 N:o
1268 206 47 28 19.
1747 203 17 30 5

608 292 253 37 fortsättande
903 291 39 37 af
979 293 178 35 arbetena
1198 295 20 33 å
1252 291 223 36 nordvestra
1502 291 221 35 stambanan
1750 289 57 37 för

608 344 255 36 innevarande
893 346 40 33 år
961 344 128 35 anvisa
1117 348 55 31 ett
1198 344 139 47 belopp
1358 342 39 37 af
1412 342 54 36 En
1484 342 145 36 million
1644 341 162 36 sexhun-

608 396 181 35 dratusen
816 394 210 45 Riksdaler,
1054 399 96 31 samt
1177 392 57 38 för
1262 398 40 32 år
1333 396 90 34 1871
1454 394 58 35 till
1538 392 268 37 fullbordande

608 446 40 36 af
677 460 142 22 samma
848 446 154 36 arbeten
1032 446 138 47 bevilja
1198 445 55 36 En
1282 446 146 35 million
1457 443 350 38 etthundrasextio-

609 504 109 29 tusen
746 497 207 36 Riksdaler.

345 566 108 35 Hvad
483 569 79 32 åter
591 570 115 43 angår
734 566 134 48 Kongl.
895 565 122 48 Maj:ts
1046 566 12 34 i
1086 566 269 45 sammanhang
1383 564 155 36 härmed
1571 563 237 36 framställda

208 617 182 48 yrkande,
420 622 54 31 att
503 623 54 30 ett
584 617 139 48 belopp
754 616 40 36 af
819 618 158 42 250,000
1005 616 199 37 Riksdaler
1231 620 116 32 måtte
1377 616 145 35 anvisas
1550 615 58 35 till
1638 614 72 36 den
1729 622 78 28 rör-

207 669 76 46 liga
323 669 241 35 materielens
605 669 213 45 tillökning,
859 672 40 32 så
936 668 185 35 inhemtas
1151 668 39 36 af
1214 668 64 36 det
1306 667 63 36 vid
1399 667 72 35 den
1499 665 134 48 Kongl.
1662 665 145 48 Propo-

208 720 165 35 sitionen
400 718 176 49 bifogade
606 718 401 49 Statsråds-protokoll
1043 724 67 38 att,
1139 720 118 47 enligt
1290 718 98 36 hvad
1416 717 194 50 Styrelsen
1638 716 57 37 för
1722 716 85 37 Sta-

209 777 84 30 tens
330 770 293 48 jernvägstrafik
664 771 11 35 i
719 770 302 48 underdånighet
1063 771 153 42 anmält,
1244 768 58 38 för
1328 770 118 47 rörlig
1474 768 172 36 materiel
1674 768 57 35 till
1761 767 46 36 de

210 821 185 37 särskilda
418 821 152 38 delarne
594 820 40 37 af
645 822 226 35 nordvestra
886 821 222 36 stambanan
1127 822 55 35 uti
1200 819 374 48 kostnadsförslagen
1588 819 218 35 beräknats:

210 872 57 37 för
295 874 117 35 linien
439 872 464 37 Laxå—Christinehamn
992 875 55 41 =5,6
1072 873 66 35 mil
1184 902 6 5 .
1246 901 6 6 .
1308 900 5 6 .
1368 899 6 6 .
1402 870 92 37 R:dr
1562 871 169 43 -295,700:
1760 890 48 3 —

235 937 12 17 »
339 936 14 17 »
432 923 343 37 Arvika—Norska
802 932 161 40 gränsen
994 926 53 41 3,8
1106 936 13 18 »
1185 953 7 5 .
1248 951 4 7 .
1307 952 6 6 .
1368 951 6 7 .
1442 935 13 16 »
1558 923 172 42 220,050:
1760 941 47 3 —

236 988 12 17 »
342 988 12 17 »
392 969 21 54 —
434 973 503 38 Christinehamn—Arvika
992 976 45 36 10
1103 987 13 18 >»
1183 1004 7 5 .
1244 1003 6 7 .
1304 1002 5 7 .
1367 1001 6 7 .
1441 985 14 18 »
1524 973 207 43 -1,000,000:
1760 992 49 5 —

1126 1044 249 35 tillsammans
1403 1041 92 37 R:dr
1524 1042 208 44 1,515,750:
1761 1061 49 4 —

208 1099 97 31 samt
333 1099 55 31 att
417 1093 315 49 Trafikstyrelsen
759 1094 58 36 för
845 1094 125 36 denna
1003 1095 191 36 materiels
1228 1092 243 38 anskaffande

210 1146 80 36 dels
319 1145 116 36 redan
463 1146 220 43 bekommit,
713 1145 78 36 dels
821 1144 93 49 egde
944 1151 55 30 att
1027 1146 166 48 påräkna
1211 1150 54 31 ett
1280 1158 186 23 samman-

210 1196 160 36 räknadt
397 1197 139 47 belopp
567 1196 39 36 af
656 1225 7 6 .
719 1225 7 6 .
782 1225 7 7 .
845 1225 7 6 sc
906 1225 6 7 s
971 1225 3 7 =
1031 1225 6 6 .—
1091 1225 6 6 -
1153 1225 6 6 so
1215 1225 6 6 .
1278 1225 7 6 .
1340 1225 7 7 .
1376 1195 92 36 Ridr
1523 1196 207 44 1,531,791:
1753 1197 55 34 89.

360 1256 55 35 Då
455 1256 115 36 likväl
612 1259 122 45 någon
778 1256 248 48 uppsättning
1067 1255 39 36 af
1142 1268 95 35 egna
1269 1255 320 49 transportmedel
1617 1257 48 45 på
1693 1255 117 35 linien

209 1307 339 37 Arvika—Norska
575 1314 162 40 gränsen
765 1307 81 36 icke
875 1305 237 38 erfordrades
1141 1306 88 45 förr,
1258 1314 46 28 än
1334 1306 84 35 hela
1446 1305 226 36 nordvestra
1696 1311 114 30 stam-

209 1360 124 35 banan
361 1358 123 36 blefve
513 1357 233 45 fullbordad,
777 1358 68 35 och
875 1358 63 36 det
965 1359 152 48 belopp,
1147 1371 80 23 som
1255 1356 125 37 blifvit
1407 1356 191 37 utbetaldt
1617 1355 58 37 för
1694 1356 115 36 linien

208 1408 473 45 Laxå—Christinehamn,
725 1409 209 47 utgörande
963 1410 11 34 i
1003 1409 114 36 rundt
1157 1410 52 35 tal
1251 1410 134 43 55,650
1412 1407 198 37 Riksdaler
1637 1420 68 36 per
1733 1408 77 43 mil,

208 1460 185 37 befunnes
422 1461 154 36 alldeles
605 1460 257 48 otillräckligt,
891 1459 96 37 hade
1017 1460 45 36 de
1091 1459 57 37 för
1180 1460 117 35 linien
1337 1458 339 37 Arvika—Norska
1702 1466 109 41 grän-

210 1526 64 23 sen
304 1512 213 36 beräknade
549 1513 159 43 220,050
748 1510 199 49 Riksdaler
988 1515 96 32 måst
1111 1516 104 44 tagas
1245 1511 11 35 i
1285 1511 160 48 anspråk
1485 1510 58 35 till
1579 1509 167 50 fyllande
1776 1508 39 37 af

209 1563 180 37 behofvet
416 1562 58 36 för
501 1564 117 34 linien
645 1561 474 45 Laxå—Christinehamn,
1148 1576 92 31 som,
1269 1561 109 37 äfven
1406 1560 87 37 med
1515 1560 106 37 detta
1635 1561 175 43 tillskott,

211 1615 81 35 icke
321 1615 209 35 bekommit
559 1627 103 23 mera
689 1621 46 28 än
764 1615 134 42 94,784
925 1613 200 36 Riksdaler
1151 1627 68 35 per
1244 1614 65 34 mil
1344 1613 69 35 och
1442 1612 145 36 således
1615 1612 80 35 icke
1723 1610 89 37 fullt

211 1666 64 36 det
302 1666 140 48 belopp
472 1665 39 35 af
537 1667 157 42 100,000
722 1664 201 37 Riksdaler
951 1678 66 35 per
1046 1665 75 44 mil,
1150 1665 156 43 hvilket,
1323 1663 95 36 efter
1433 1663 100 36 hvad
1549 1662 261 37 erfarenheten

210 1717 109 43 visat,
349 1715 239 37 erfordrades
617 1716 57 36 till
702 1715 117 37 första
846 1716 296 48 uppsättningen
1176 1715 38 36 af
1249 1714 320 49 transportmedel
1611 1718 47 43 på
1700 1719 112 30 stam-

211 1768 181 35 banorna.
447 1767 53 35 På
526 1766 126 49 grund
680 1766 111 36 häraf
815 1767 68 35 och
913 1766 95 36 efter
1036 1766 64 36 det
1127 1765 194 49 Styrelsen
1348 1765 176 46 framlagt
1544 1778 45 23 en
1605 1765 208 47 beräkning

212 1818 105 37 öfver
356 1818 181 36 behofvet
576 1817 40 36 af
650 1818 221 48 ytterligare
912 1818 381 47 transportmateriel,
1334 1815 135 37 hvaraf
1505 1815 129 37 visade
1663 1816 67 47 sig,
1760 1821 54 30 att

211 1870 58 36 för
295 1868 168 50 fyllande
505 1867 40 37 af
582 1868 104 36 detta
726 1868 120 36 behof
882 1868 239 36 erfordrades
1156 1874 54 30 ett
1255 1868 139 48 belopp
1440 1867 39 36 af
1517 1868 159 43 245,660
1704 1866 108 36 Riks-

213 1921 115 44 daler,
370 1920 152 36 hvartill
566 1919 122 36 medel
729 1919 195 44 saknades,
971 1920 67 35 har
1085 1918 206 49 Styrelsen,
1333 1931 80 23 som
1456 1922 136 44 ansåge
1632 1916 182 37 behofvet

213 1971 40 37 af
276 1971 317 37 rörelsemateriel
622 1969 57 37 för
708 1970 72 36 den
808 1976 187 30 närmaste
1024 1969 204 37 framtiden
1255 1970 129 35 kunna
1404 1969 183 49 afhjelpas
1608 1968 86 36 med
1710 1968 105 36 detta

213 2024 153 48 belopp,
408 2023 91 34 eller
527 2022 10 34 i
562 2021 172 47 jemnadt
761 2022 51 35 tal
844 2023 157 42 250,000
1030 2021 209 44 Riksdaler,
1268 2021 12 35 i
1308 2020 305 48 underdånighet
1645 2019 169 44 anhållit,

213 2079 56 32 att
296 2072 234 38 sistnämnda
557 2085 147 23 summa
731 2076 117 32 måtte
878 2073 146 35 anvisas
1051 2073 59 35 till
1139 2072 146 36 ökande
1320 2070 39 37 af
1386 2071 428 48 transportmaterielen,

214 2129 47 45 på
289 2130 75 31 sätt
391 2123 194 51 Styrelsen
612 2131 171 28 närmare
813 2122 208 50 uppgifvit;
1049 2123 220 48 hvarjemte,
1298 2123 12 35 i
1339 2121 176 37 afseende
1545 2124 48 45 på
1624 2126 115 31 sättet
1757 2120 58 37 för

215 2177 45 36 de
289 2175 140 48 nödiga
456 2174 168 37 medlens
654 2174 347 44 åstadkommande,
1028 2173 127 37 blifvit
1183 2173 215 45 hemstäldt,
1416 2178 54 31 att
1484 2172 195 48 Styrelsen
1699 2174 115 34 måtte

214 2228 143 36 erhålla
398 2226 131 48 nådigt
556 2225 306 49 bemyndigande
892 2231 54 30 att
973 2225 122 37 under
1124 2228 87 33 åren
1242 2226 94 35 1870
1374 2224 70 36 och
1484 2226 91 34 1871
1618 2222 197 37 förskotts-

213 2280 56 35 vis
308 2277 170 37 bestrida
518 2276 285 48 ifrågavarande
845 2276 156 49 utgifter
1042 2275 39 38 af
1120 2276 121 36 under
1282 2275 145 37 händer
1463 2274 187 37 hafvande
1679 2274 136 45 medel,
