2341 2754
575 192 17 27 6
1017 194 98 30 Stats-
1131 190 172 45 Utskottets
1317 195 168 31 Utlåtande
1509 196 60 30 N:o
1592 198 47 28 19.

534 281 91 37 eller
654 283 68 36 ock
750 287 55 31 att
833 282 178 37 särskildt
1039 285 129 48 anslag
1196 283 127 37 dertill
1351 286 116 35 måtte
1502 283 40 38 af
1577 284 215 49 Riksdagen
1834 286 146 35 anvisas
2008 288 122 33 såsom

532 332 148 51 fyllnad
707 335 12 35 i
747 334 143 38 bristen
920 334 39 38 af
982 334 57 38 för
1077 336 215 36 ändamålet
1332 336 216 48 disponibla
1587 337 203 48 tillgångar
1818 340 20 32 å
1866 336 265 51 byggnadsan-

534 387 120 48 slaget
681 386 57 36 för
766 386 46 36 de
841 386 94 37 först
962 386 242 37 fullbordade
1234 387 151 36 delarne
1415 386 39 37 af
1476 387 225 37 nordvestra
1728 389 234 35 stambanan.

683 437 130 37 Ehuru
829 438 145 37 således
990 439 335 36 sammanräknade
1338 439 180 49 beloppet
1533 439 40 36 af
1584 439 45 37 de
1646 439 134 44 medel,
1796 440 127 36 hvilka
1938 439 126 38 blifvit
2080 440 53 37 af-

534 488 118 37 sedda
672 488 58 37 för
746 489 243 38 anskaffande
1007 489 39 37 af
1058 490 73 36 den
1147 490 56 36 för
1217 490 223 37 nordvestra
1455 491 235 45 stambanan,
1706 468 85 60 med
1808 504 45 23 en
1869 492 115 46 längd
2001 491 42 37 af
2055 494 78 42 19,4

534 541 75 43 mil,
640 540 249 49 erforderliga
916 542 138 49 rörliga
1075 542 182 44 materiel,
1287 543 80 35 icke
1396 546 147 45 uppgår
1558 543 57 35 till
1632 556 102 23 mera
1751 550 46 29 än
1816 545 189 41 1,531,791
2025 544 109 36 Riks-

534 591 105 37 daler
660 594 44 35 89
722 600 76 37 öre,
828 595 91 35 eller
948 594 173 48 omkring
1151 594 134 43 79,000
1311 593 200 37 Riksdaler
1540 607 66 35 per
1626 595 78 44 mil,
1733 595 67 35 har
1827 594 96 36 dock
1940 594 195 38 Utskottet

534 649 122 31 ansett
683 644 131 49 frågan
844 659 59 21 om
932 645 350 58 tillökning
1141 640 18 67 i
1179 645 103 58 detta
1295 646 140 49 belopp
1452 645 127 37 kunna
1607 649 106 33 anstå
1741 647 99 35 intill
1869 645 83 37 dess
1968 648 167 36 rörelsen

495 724 3 2 »
534 699 47 54 på
609 696 223 37 nordvestra
873 697 221 36 stambanan
1128 697 136 36 vunnit
1293 697 72 36 den
1394 697 230 48 utveckling,
1654 703 54 31 att
1740 698 238 36 materielens
2007 699 127 35 tillök-

534 747 90 49 ning
650 748 100 36 visar
778 749 56 48 sig
861 762 90 23 vara
979 747 39 38 af
1041 747 179 38 behofvet
1247 748 187 49 påkallad.

684 799 54 36 Af
761 800 117 35 sådan
907 800 109 35 orsak
1045 800 68 34 och
1142 799 47 35 då
1217 807 101 28 ännu
1358 799 81 35 icke
1481 799 109 36 torde
1619 799 128 36 kunna
1775 798 159 50 afgöras,
1965 813 60 22 om
2053 800 81 37 icke

534 849 253 48 tilläfventyrs
835 850 139 36 sådana
1019 850 246 48 besparingar
1305 850 10 35 i
1357 850 414 50 byggnadskostnaden
1811 850 58 37 för
1910 851 225 37 nordvestra

533 901 222 35 stambanan
784 901 126 37 kunna
937 908 121 42 göras,
1088 907 54 31 att
1174 900 207 50 utgifterna
1421 901 58 37 för
1513 902 70 36 den
1626 901 247 49 erforderliga
1915 903 219 36 materielen

534 951 127 37 kunna
690 951 40 37 af
766 934 372 68 byggnadsanslaget
1178 952 198 45 bestridas,
1406 952 68 37 har
1501 952 209 45 Utskottet,
1745 934 121 56 under
1893 952 59 38 för
1985 953 151 37 handen

533 1003 165 37 varande
725 1003 274 46 förhållanden,
1028 1009 124 31 ansett
1180 1004 56 49 sig
1263 1004 94 36 böra
1384 1004 211 45 hemställa,

1300 1082 58 34 2:0

932 1147 56 30 att
1015 1145 116 44 några
1158 1140 124 36 medel
1309 1139 58 36 för
1393 1140 209 37 tillökande
1619 1139 40 38 af
1671 1140 72 37 den
1760 1143 140 47 rörliga
1916 1142 218 36 materielen

932 1206 51 22 nu
1012 1192 81 36 icke
1123 1195 60 32 må
1211 1190 40 37 af
1273 1191 216 48 Riksdagen
1518 1192 157 36 anvisas.

820 1289 235 52 Angående
1083 1290 139 41 Norra
1247 1290 84 40 och
1359 1276 130 55 Östra
1516 1290 327 41 stambanorna.

669 1363 65 36 Uti
767 1361 277 37 ofvanberörda
1076 1362 137 47 nådiga
1244 1361 245 49 Proposition
1522 1362 68 35 har
1618 1361 133 48 Kongl.
1781 1362 107 48 Maj:t
1915 1362 130 36 vidare
2074 1375 62 23 an-

533 1413 87 45 fört,
661 1419 65 39 att,
768 1413 115 36 sedan
923 1413 224 36 nordvestra
1175 1413 222 36 stambanan
1424 1411 126 37 blifvit
1582 1412 267 50 färdigbyggd,
1880 1413 192 36 återstode
2102 1413 40 35 af

535 1465 64 36 det
631 1465 119 36 redan
782 1464 57 37 för
872 1465 129 48 längre
1030 1464 56 36 tid
1114 1464 158 36 tillbaka
1307 1463 58 36 för
1401 1462 155 48 Sverige
1584 1464 214 48 uppgjorda
1826 1464 312 49 statsbanesyste-

535 1522 77 31 met
652 1520 122 32 såsom
817 1515 265 36 ofullbordade
1124 1527 112 23 norra
1278 1514 68 36 och
1389 1519 98 31 östra
1523 1516 273 43 stambanorna,
1834 1515 201 48 utgående,
2065 1515 72 37 den

534 1567 101 36 förra
662 1566 83 37 från
773 1565 235 45 Stockholm,
1038 1567 69 35 och
1137 1566 74 36 den
1238 1565 158 37 sednare
1424 1564 83 37 från
1534 1571 126 31 vestra
1685 1567 222 35 stambanan
1927 1566 65 35 vid
2011 1567 126 35 Katri-

535 1619 165 35 neholm.
754 1617 312 48 Fortsättningen
1095 1616 40 37 af
1158 1617 99 36 båda
1285 1616 108 36 dessa
1420 1617 121 35 banor
1570 1620 188 45 motsåges
1787 1617 86 36 med
1902 1623 80 30 stor
2002 1619 135 47 otålig-

534 1670 66 36 het
628 1668 40 37 af
692 1669 45 36 de
765 1669 230 43 landsdelar,
1037 1669 128 35 hvilka
1205 1673 114 31 vänta
1351 1673 55 31 att
1435 1667 110 36 deraf
1580 1674 168 30 närmast
1777 1668 115 49 draga
1919 1673 121 44 nytta,
2069 1669 68 36 och

535 1721 115 36 nekas
691 1720 127 37 kunde
848 1721 45 46 ej,
922 1725 56 30 att
1006 1720 46 35 de
1080 1719 98 36 båda
1206 1732 90 22 vore
1326 1717 39 37 af
1387 1723 80 31 stor
1500 1719 166 36 nationel
1695 1719 196 49 betydelse
1921 1726 97 29 samt
2046 1720 92 36 hvar

534 1771 59 37 för
620 1772 57 47 sig
706 1770 40 37 af
770 1771 73 36 den
871 1770 255 37 framstående
1154 1771 91 46 vigt,
1274 1775 67 38 att,
1371 1769 48 35 då
1446 1770 148 36 arbetet
1615 1772 20 33 å
1655 1769 86 37 dem
1769 1770 85 36 med
1882 1770 119 36 första
2019 1771 118 36 borde

534 1822 202 49 företagas,
777 1823 134 47 Kongl.
940 1821 106 48 Maj:t
1073 1822 81 35 icke
1188 1820 127 37 kunde
1344 1824 38 32 åt
1411 1821 140 35 endera
1580 1820 39 36 af
1643 1821 86 36 dem
1758 1821 163 37 tillmäta
1947 1820 190 38 företräde

534 1852 156 58 framför
719 1874 71 36 den
814 1854 128 62 andra,
959 1878 91 30 utan
1067 1875 135 46 ansåge
1219 1871 123 36 medel
1358 1870 58 37 för
1432 1871 85 36 dem
1533 1871 100 36 båda
1646 1872 93 35 böra
1754 1872 195 49 samtidigt
1964 1868 172 72 beviljas.

668 1924 17 37 I
713 1924 177 37 afseende
920 1928 20 32 å
967 1903 219 67 riktningen
1213 1922 58 37 för
1300 1922 73 36 den
1402 1928 101 30 östra
1530 1922 141 37 banans
1695 1921 247 51 fortsättning
1974 1924 96 35 hade
2091 1927 48 45 på

534 1977 158 35 sednare
721 1976 100 36 tider
849 1975 216 48 skiljaktiga
1094 1975 195 46 meningar
1316 1974 82 34 icke
1426 1973 197 48 försports,
1649 1978 91 31 utan
1760 1973 96 37 hade
1878 1974 64 36 det
1962 1975 175 47 antagits,

536 2033 55 31 att
620 2027 72 35 den
720 2026 84 36 från
831 2026 242 48 Norrköping
1112 2024 120 37 borde
1261 2023 105 38 öfver
1393 2023 214 49 Linköping
1636 2025 68 35 och
1732 2025 145 49 Mjölby
1906 2026 149 35 sträcka
2082 2026 56 47 sig

535 2079 58 35 till
622 2078 147 47 Nässjö,
813 2077 67 36 der
909 2076 71 36 den
1021 2076 113 36 södra
1161 2076 220 36 stambanan
1416 2080 130 31 möter.
1603 2075 134 47 Någon
1766 2076 205 48 anledning
2000 2077 58 35 till
2087 2076 50 36 af-

535 2130 143 35 vikelse
720 2127 166 36 härifrån
929 2127 94 37 hade
1053 2128 31 47 ej
1115 2127 119 36 heller
1261 2131 154 44 yppats;
1457 2126 70 35 och
1568 2139 89 24 vore
1691 2127 211 36 kostnaden
1929 2127 58 36 för
2015 2127 123 36 denna

537 2181 116 35 banas
680 2178 267 37 fullbordande
976 2178 194 37 beräknad
1198 2178 58 35 till
1286 2178 221 43 11,360,000
1536 2177 101 36 R:dr.

671 2230 90 36 Helt
789 2230 100 35 olika
915 2242 90 23 vore
1034 2228 255 37 förhållandet
1329 2205 86 59 med
1457 2228 72 36 den
1556 2242 113 22 norra
1696 2229 236 45 stambanan,
1960 2229 57 37 för
2044 2229 94 37 hvil-

537 2283 91 36 kens
669 2280 246 49 fortsättning
956 2281 188 47 åtskilliga
1180 2279 82 36 från
1290 2278 213 38 hvarandra
1531 2293 79 23 mer
1639 2280 91 36 eller
1758 2280 146 36 mindre
1933 2280 200 37 afvikande
