1918 2864
576 212 275 30 Bankoutskottets
875 214 162 30 utlåtande
1060 215 50 29 Nr
1134 215 50 29 45.
1611 219 19 28 1

807 559 60 39 Nr
895 559 65 41 43.

709 668 106 23 Ankom
835 668 40 23 till
895 669 158 31 riksdagens
1072 669 88 24 kansli
1181 671 52 23 den
1254 670 15 24 8
1290 671 54 31 maj
1367 671 68 25 1924
1454 672 37 23 kl.
1515 673 9 23 1
1546 679 23 17 e.
1590 680 36 17 m.

226 760 177 38 Utlåtande,
428 760 12 30 i
464 760 174 39 anledning
661 770 38 20 av
717 761 213 39 fullmäktiges
947 762 13 29 i
976 762 194 31 riksbanken
1186 763 240 41 framställning
1442 775 50 20 om
1510 767 114 30 under-

390 815 68 28 stöd
475 814 32 29 åt
525 814 86 38 förra
629 814 186 30 städerskan
833 815 153 30 Kristina
1007 816 162 30 Mathilda
1187 817 168 31 Eriksson.

177 920 17 28 I
214 928 41 20 en
275 920 53 29 till
346 920 260 29 bankutskottet
628 920 146 37 avlåten,
797 920 64 29 den
881 921 40 29 17
942 922 170 29 nästlidna
1133 923 85 36 april
1238 923 211 38 dagtecknad
1470 925 156 31 skrivelse

134 973 87 29 hava
248 972 210 38 fullmäktige
484 973 12 29 i
521 973 204 30 riksbanken
752 974 182 38 hemställt,
963 977 52 27 att
1042 975 283 31 bankoutskottet
1352 977 78 30 ville
1457 978 60 30 hos
1543 979 81 30 riks-

134 1026 107 38 dagen
256 1026 52 29 för
324 1026 88 29 förra
428 1026 196 30 städerskan
638 1026 59 29 vid
711 1027 275 30 huvudkontoret
1002 1028 111 30 änkan
1127 1029 152 30 Kristina
1292 1030 163 30 Mathilda
1467 1032 158 30 Eriksson

133 1079 105 29 under
259 1079 123 30 hennes
403 1078 211 31 återstående
634 1079 117 30 livstid
771 1081 143 29 utverka
935 1081 184 30 understöd
1140 1084 52 28 att
1213 1091 45 21 av
1277 1083 219 31 riksbankens
1518 1086 108 29 medel

132 1132 52 29 för
205 1131 37 30 år
263 1132 122 30 räknat
407 1132 82 38 utgå
510 1132 75 30 från
607 1133 62 29 och
692 1133 77 29 med
791 1133 64 30 den
878 1135 18 28 1
920 1135 85 36 april
1025 1136 84 28 1924
1131 1135 78 30 med
1231 1137 62 29 300
1315 1137 132 39 kronor,
1472 1137 35 31 så
1528 1139 97 38 länge

133 1186 66 29 hon
215 1185 158 30 förbliver
389 1186 11 28 i
418 1186 58 29 sitt
493 1186 195 30 nuvarande
706 1187 197 30 änkestånd.

176 1239 62 29 Till
261 1239 76 29 stöd
359 1239 51 29 för
434 1239 109 30 denna
565 1239 247 39 framställning
834 1241 88 29 hava
945 1241 209 39 fullmäktige
1178 1242 112 31 anfört
1312 1243 161 39 följande:

175 1332 75 29 »Uti
270 1341 41 20 en
331 1332 53 29 till
402 1332 210 39 fullmäktige
632 1333 11 29 i
663 1333 203 30 riksbanken
886 1334 134 38 ingiven
1040 1335 247 39 framställning
1307 1337 60 30 har
1387 1337 90 31 förra
1498 1339 124 29 städer-

132 1376 84 30 skan
239 1376 59 30 vid
321 1377 274 29 huvudkontoret
620 1378 112 29 änkan
756 1378 153 30 Kristina
932 1379 166 30 Mathilda
1122 1380 161 30 Eriksson
1307 1381 141 31 anhållit
1472 1384 52 28 att
1548 1383 75 30 från

131 1420 203 30 riksbanken
357 1421 124 30 erhålla
503 1421 110 38 någon
636 1422 186 38 ersättning
844 1422 12 29 i
877 1423 87 28 form
988 1432 42 21 av
1053 1424 149 37 pension.

175 1465 63 29 Till
257 1465 76 30 stöd
352 1465 51 30 för
423 1465 109 30 denna
551 1466 247 38 framställning
817 1466 161 38 åberopas
998 1468 148 38 följande
1165 1469 242 31 förhållanden.

174 1509 194 30 Sökandens
392 1519 88 28 man,
505 1510 112 30 Jakob
642 1511 170 37 Eriksson,
837 1511 83 30 född
944 1512 64 29 den
1032 1514 40 28 20
1097 1513 174 30 december
1295 1515 93 38 1860,
1414 1517 118 37 antogs
1557 1516 65 30 den

130 1555 39 28 20
187 1554 63 38 juli
266 1555 82 29 1887
367 1555 52 28 till
436 1556 95 28 extra
549 1555 164 30 ordinarie
730 1556 230 30 vaktmästare
977 1557 12 28 i
1005 1557 203 30 riksbanken
1226 1559 62 29 och
1305 1559 163 30 kvarstod
1484 1560 12 29 i
1513 1561 109 30 denna

129 1599 166 37 egenskap
315 1599 12 29 i
346 1599 218 30 riksbankens
584 1600 108 37 tjänst
712 1600 53 29 till
785 1600 50 29 sin
856 1600 67 30 död
943 1601 65 29 den
1028 1602 39 29 25
1089 1603 135 37 augusti
1243 1604 83 29 1895
1348 1606 87 28 samt
1456 1605 164 30 efterläm-

129 1643 86 29 nade
234 1643 44 29 då
297 1644 142 29 hustrun
458 1645 84 28 utan
561 1644 178 38 tillgångar
757 1645 77 29 med
853 1646 18 27 2
892 1645 221 39 minderåriga
1132 1647 84 29 barn
1236 1649 53 28 att
1307 1648 152 39 försörja,
1481 1649 57 30 det
1558 1659 63 21 ena

130 1688 18 27 4
171 1687 37 30 år
231 1688 61 29 och
316 1688 57 29 det
396 1688 105 29 andra
524 1690 18 27 2
566 1688 46 30 år.

171 1731 135 30 Samma
331 1732 36 30 år
391 1733 104 29 erhöll
518 1733 112 29 änkan
655 1733 203 38 anställning
882 1733 108 30 såsom
1016 1735 173 31 städerska
1212 1736 12 29 i
1247 1736 202 31 riksbanken
1474 1739 61 29 och
1559 1739 61 30 har

127 1775 138 31 fortsatt
284 1777 77 29 med
380 1777 95 30 detta
494 1777 114 30 arbete
627 1778 53 29 till
698 1778 102 29 slutet
819 1787 44 20 av
881 1787 88 21 mars
989 1779 124 30 månad
1131 1780 227 31 innevarande
1376 1782 47 38 år,
1441 1782 43 30 då
1497 1783 66 30 hon
1576 1783 44 38 på

127 1821 107 37 grund
259 1830 43 20 av
326 1821 157 30 nedsatta
506 1822 127 29 krafter
657 1822 103 38 enligt
784 1823 198 38 läkarbetyg
1005 1824 98 30 blivit
1129 1825 192 39 oförmögen
1345 1828 52 28 att
1421 1827 113 30 utföra
1559 1828 60 30 sitt

128 1864 126 30 arbete.

168 1909 53 30 Då
238 1919 145 20 mannen
399 1910 73 30 icke
488 1910 86 30 hade
591 1911 165 30 ordinarie
773 1911 204 39 anställning
993 1912 11 29 i
1019 1913 214 39 riksbanken,
1252 1914 150 39 åtnjuter
1418 1916 112 30 änkan
1546 1917 73 30 icke

125 1953 110 39 någon
251 1955 138 37 pension
406 1955 84 29 efter
506 1955 133 30 honom.
670 1956 41 38 Ej
730 1956 102 29 heller
848 1956 60 30 har
924 1957 67 29 hon
1007 1957 44 37 på
1067 1958 108 37 grund
1192 1967 43 21 av
1253 1960 50 29 sin
1319 1968 81 30 egen
1417 1962 202 38 anställning

126 1998 58 30 hos
205 1999 202 29 riksbanken
427 1999 110 38 någon
557 2001 70 28 rätt
647 2000 54 29 till
719 2001 151 37 pension;
893 2002 62 28 och
977 2001 43 31 då
1040 2002 67 30 hon
1127 2012 120 29 genom
1269 2004 59 30 sitt
1348 2005 115 30 arbete
1483 2006 28 38 ej
1533 2006 84 29 kun-

125 2044 60 28 nat
205 2045 79 35 göra
304 2043 103 38 några
427 2044 224 38 besparingar,
675 2045 69 29 står
764 2045 67 29 hon
851 2054 47 21 nu
918 2048 84 27 utan
1022 2047 108 30 medel
1149 2048 52 29 för
1222 2050 50 28 ett
1292 2049 203 39 nödtorftigt
1515 2060 101 28 uppe-

125 2088 96 29 hälle.

167 2132 194 29 Emellertid
381 2133 60 29 har
459 2132 117 39 frågan
596 2142 54 21 om
670 2134 189 29 beredande
878 2143 44 21 av
940 2135 139 37 pension
1099 2136 36 30 åt
1155 2136 41 30 de
1215 2146 165 30 personer,
1403 2147 70 21 som
1494 2139 121 39 stadig-

124 2177 147 29 varande
297 2177 88 30 varit
412 2178 194 37 sysselsatta
631 2178 78 29 med
735 2178 157 39 städning
917 2177 62 31 och
1004 2181 309 38 rengöringsarbete
1337 2183 60 30 hos
1422 2184 193 38 riksdagens

123 2222 91 37 verk,
236 2222 82 29 flera
338 2222 121 37 gånger
479 2223 88 29 varit
587 2222 140 30 föremål
746 2223 52 29 för
817 2223 193 39 riksdagens
1031 2225 213 39 behandling,
1267 2227 118 29 därvid
1404 2228 212 39 fullmäktige

124 2265 73 29 haft
221 2266 129 29 tillfälle
374 2268 51 28 att
448 2268 94 36 yttra
565 2267 58 38 sig.

165 2310 119 30 Första
299 2311 127 37 gången
440 2311 150 30 förekom
606 2312 95 30 detta
716 2312 36 30 år
766 2313 82 29 1917
864 2313 11 28 i
889 2313 179 39 anledning
1082 2323 44 21 av
1140 2324 41 20 en
1195 2315 91 30 inom
1301 2316 105 31 andra
1419 2317 195 31 kammaren

123 2363 42 20 av
186 2354 74 29 herr
280 2356 193 37 Lindhagen
493 2356 103 30 väckt
616 2357 129 29 motion
766 2357 171 38 angående
956 2358 189 31 beredande
1165 2369 44 21 av
1228 2360 68 31 fast
1316 2362 202 38 anställning
1537 2363 78 29 eller

122 2398 88 30 vissa
233 2400 104 29 andra
360 2400 167 30 förmåner
549 2401 36 29 åt
608 2401 255 38 ifrågavarande
885 2411 167 30 personer;
1078 2404 62 29 och
1163 2405 153 30 uttalade
1337 2406 210 39 fullmäktige
1571 2407 43 30 då

123 2443 11 28 i
155 2443 156 30 skrivelse
333 2445 51 28 till
405 2445 293 38 bankoutskottet,
722 2448 52 27 att
795 2446 117 38 frågan
935 2456 54 20 om
1005 2449 139 36 pension
1161 2451 114 36 syntes
1291 2450 191 40 lämpligast
1497 2452 116 29 kunna

121 2487 85 30 lösas
230 2488 43 37 på
297 2489 56 29 det
377 2492 78 34 sätt,
481 2491 52 28 att
555 2490 212 38 fullmäktige
789 2491 261 38 bemyndigades
1074 2495 63 36 att,
1162 2494 84 29 efter
1268 2496 165 38 prövning
1456 2505 42 21 av
1521 2497 94 38 varje

123 2550 103 28 Bihang
246 2551 39 22 till
305 2551 153 28 riksdagens
478 2552 127 29 protokoll
628 2552 75 24 1924.
735 2553 14 21 8
767 2554 76 22 saml.
876 2554 31 21 37
926 2554 64 30 häft.
1023 2554 50 30 (Nr
1095 2556 50 30 45.)
1600 2560 8 22 1
