1910 2846
545 182 292 30 Statsutskottets
863 181 183 31 memorial
1071 182 51 29 Nr
1147 180 51 29 40.
1563 180 17 29 5)

162 268 73 31 dels
270 268 174 35 medgiva,
479 268 52 30 att
566 267 232 31 kostnaderna
827 267 53 30 för
903 267 145 30 berörda
1070 265 394 36 övergångsanordning
1491 276 58 20 må
1573 266 51 30 be-

119 319 128 31 stridas
281 329 45 20 av
361 319 66 31 den
452 320 11 29 i
487 319 179 31 ordinarie
700 320 115 29 staten
850 319 54 30 för
928 318 258 31 vederbörande
1211 317 206 30 landsarkiv
1443 319 181 34 upptagna

119 371 264 35 anslagsposten
407 371 54 30 för
484 371 214 35 avlöningar
722 371 57 30 till
804 370 174 30 ordinarie
1003 370 229 35 tjänstemän;

162 422 73 31 dels
259 423 166 34 förklara,
449 423 53 30 att
527 423 11 29 i
562 423 125 34 övriga
710 432 44 20 av
781 422 186 35 riksdagen
993 422 11 29 i
1029 421 76 30 dess
1129 421 171 30 skrivelse
1324 421 65 30 den
1407 421 40 29 22
1465 420 154 31 februari

123 474 78 30 1921
227 484 42 20 nr
294 474 39 30 55
357 473 162 31 lämnade
543 473 256 35 medgivanden
823 473 12 30 i
858 473 195 34 anledning
1077 482 44 20 av
1145 472 66 30 den
1235 482 44 20 av
1304 471 190 35 riksdagen
1511 471 44 30 då
1570 471 54 30 ber

120 525 135 30 slutade
280 525 305 35 löneregleringen
609 525 53 29 för
685 524 326 35 statsdepartement
1035 523 75 30 med
1136 523 84 30 flera
1244 523 84 30 verk
1353 524 56 29 må
1433 523 12 29 1
1470 523 152 34 tillämp:

120 577 73 34 liga
217 576 96 31 delar
337 576 95 35 gälla
456 578 91 28 även
570 575 216 31 beträffande
810 575 267 34 landsarkiven;

163 628 74 31 dels
271 628 66 30 ock
364 628 106 30 under
495 628 199 30 riksstatens
716 627 136 31 åttonde
876 626 194 31 huvudtitel
1096 644 38 3 —
1159 625 76 31 med
1260 626 214 30 uteslutande
1500 636 44 20 av
1571 625 54 31 det

119 680 172 30 ordinarie
306 680 154 35 anslaget
476 680 55 30 till
548 679 241 31 landsarkiven
807 697 38 3 —
863 679 146 35 uppföra
1026 678 106 31 under
1149 678 163 30 rubriken
1328 677 294 31 »Landsarkiven»

119 732 69 30 dels
222 734 48 29 ett
301 732 171 31 ordinarie
508 732 275 35 förslagsanslag,
822 730 199 31 »Ordinarie
1055 730 316 36 avlöningsstater»,
1407 729 76 31 med
1508 730 117 35 85,600

120 785 123 30 kronor
267 784 61 31 och
352 784 70 31 dels
445 786 48 29 ett
517 784 173 31 ordinarie
713 783 131 36 anslag,
871 781 314 37 »Övergångsstat»,
1209 782 77 30 med
1311 783 94 34 2,400
1430 782 137 30 kronor.

163 837 17 29 I
203 846 41 21 en
267 837 94 30 inom
384 836 109 31 andra
518 836 198 30 kammaren
740 845 44 20 av
808 835 78 30 herr
910 835 44 30 M.
982 834 35 31 C.
1043 835 130 30 Jensen
1197 835 103 30 väckt
1324 835 128 30 motion
1469 836 55 35 (nr
1540 834 86 37 206),

121 889 84 30 hade
239 889 200 35 hemställts,
474 890 50 28 att
558 887 181 35 riksdagen
772 888 104 29 måtte
910 887 132 30 besluta
1073 886 149 36 följande
1245 886 190 35 ändringar
1458 886 12 29 1
1495 886 130 34 Kungl.

121 940 116 36 Maj:ts
261 940 224 30 förevarande
509 940 126 34 förslag
659 939 174 35 nämligen

164 993 74 30 dels
261 992 199 35 bestämma,
485 993 49 29 att
559 991 337 30 landsarkivarierna
919 991 96 29 skola
1039 990 137 30 tillhöra
1194 990 206 36 lönegraden
1415 991 29 29 B
1461 991 40 30 27
1519 990 40 37 (B
1573 991 53 36 17)

120 1046 89 29 samt
231 1043 382 37 expeditionsvakterna
636 1043 28 30 B
689 1044 18 30 7
732 1043 40 37 (B
798 1043 41 37 3),

164 1097 74 31 dels
262 1097 151 35 företaga
437 1097 109 30 härav
571 1095 201 34 föranledda
796 1095 188 36 ändringar
1008 1096 11 29 i
1044 1094 260 31 landsarkivens
1327 1095 297 35 avlöningsstater.

164 1201 17 30 I
203 1202 61 30 sitt
287 1201 176 31 utlåtande
486 1211 42 20 nr
553 1202 29 34 8,
605 1201 153 35 punkten
783 1201 28 35 5,
836 1200 86 31 hade
945 1200 248 30 statsutskottet
1216 1199 185 36 hemställt,

164 1255 49 29 att
236 1253 181 36 riksdagen
440 1254 106 30 måtte
570 1254 11 29 i
604 1252 187 36 anledning
815 1263 44 20 av
885 1252 131 36 Kungl.
1034 1252 115 36 Maj:ts
1164 1252 128 35 förslag
1308 1252 63 30 och
1388 1252 79 30 herr
1483 1252 144 30 Jensens

122 1305 209 31 ovanberörd
355 1306 128 30 motion

164 1359 32 35 a)
220 1357 161 36 förklara,
405 1359 50 29 att
478 1357 402 35 avlöningsreglementet
896 1356 52 30 för
964 1356 339 36 befattningshavare
1319 1356 58 30 vid
1394 1356 232 35 statsdeparte-

122 1411 92 29 ment
248 1409 62 30 och
344 1410 92 29 vissa
463 1408 108 31 andra
594 1409 94 35 verk,
712 1408 208 31 tillhörande
943 1408 66 31 den
1032 1408 106 30 civila
1160 1408 354 36 statsförvaltningen,
1539 1408 88 30 skall

122 1463 78 30 från
231 1462 62 30 och
326 1461 76 31 med
437 1461 65 31 den
538 1463 17 29 1
592 1461 64 36 juli
693 1461 83 30 1925
812 1463 64 33 äga
910 1461 222 35 tillämpning
1160 1461 20 29 å
1202 1460 342 36 befattningshavare
1568 1460 58 31 vid

121 1513 218 36 landsarkiv;

163 1567 34 37 b)
231 1566 187 31 bestämma
451 1566 128 30 antalet
607 1565 171 31 ordinarie
802 1566 234 35 befattningar
1060 1566 58 30 vid
1143 1565 242 31 landsarkiven
1408 1567 43 34 på
1475 1565 152 36 följande

122 1620 80 29 sätt:

121 1689 183 28 Befattningar.
1487 1688 129 29 Lonegrad
1625 1707 5 5 ,

123 1733 18 29 4
165 1732 445 30 landsarkivarier......o.ococcc
948 1756 22 2 ia
992 1726 16 46 wa
1012 1758 14 2 EE
1056 1758 2 2 TVI
1079 1726 18 46 VA
1132 1756 4 2 NERE
1166 1726 17 46 AN
1188 1756 44 4 Tie
1252 1758 36 2 era
1328 1758 2 2 da
1360 1758 14 2 DEN
1394 1758 24 2 NORNOR0n
1470 1758 36 2 ET
1532 1732 29 30 DD
1585 1732 40 30 DT

122 1786 18 29 1
164 1784 104 31 andre
290 1784 172 30 arkivarie
500 1808 90 4 ...........
718 1808 46 2 FRE
848 1808 46 2 IEEE
883 1780 19 41 mn
914 1808 12 2 a
948 1807 350 5 AAA
1532 1784 29 30 B
1586 1785 39 30 21

123 1838 18 29 4
164 1836 334 36 expeditionsvakter
526 1860 100 4 ..........
798 1860 36 4 a
1040 1859 274 5 RR
1530 1836 93 31 2:

163 1908 30 36 ec)
216 1906 169 31 fastställa
408 1905 153 37 följande
584 1905 169 31 ordinarie
776 1905 287 36 avlöningsstater
1086 1905 60 31 och
1169 1906 261 35 övergångsstat
1447 1906 54 30 för
1517 1905 109 31 lands-

121 1959 158 30 arkiven:

622 2046 181 28 Ordinarie
827 2047 299 34 avlöningsstater.

602 2132 299 31 Landsarkivet
924 2133 12 30 i
960 2132 188 36 Uppsala.

121 2193 218 35 Avlöningar
387 2193 54 30 till
485 2192 171 31 ordinarie
694 2192 221 36 tjänstemän,

164 2245 277 37 förslagsanslag
468 2270 242 4 ===
946 2246 126 31 kronor
1096 2246 180 36 12,350:
1248 2242 32 45 —

121 2298 420 35 Vikariatsersättningar,
565 2298 276 36 förslagsanslag
894 2324 2 2 -..
1004 2312 12 12 >
1120 2299 106 36 1,300:
1241 2316 38 3 —

122 2350 22 30 A
155 2350 186 35 vlöningar
355 2350 55 30 till
423 2349 257 31 icke-ordinarie
694 2350 222 36 befattnings-

164 2403 127 30 havare
315 2412 44 21 m.
384 2412 45 21 IM.
466 2428 112 4 .sosscc.c.
1003 2415 13 16 »
1120 2404 160 35 2,000:
1253 2400 31 44 —

122 2455 200 35 Ersättning
355 2454 53 31 för
439 2455 123 30 skötsel
592 2465 44 20 av
662 2455 256 36 värmeledning
999 2466 14 17 +»
1147 2455 126 31 300:
1252 2451 21 53 —
1300 2465 123 30 kronor
1446 2465 178 35 22,950:
1600 2451 27 53 —
