1904 2828
624 154 232 27 Stalsutskotltets
878 153 151 27 utlåtande
1051 152 44 28 Nr
1118 155 27 25 9.
1599 147 40 31 23

132 236 101 32 ställa
258 235 52 38 sig
336 235 127 32 mindre
488 233 327 39 tillfredsställande,
841 236 75 35 togs
941 233 11 31 i
976 232 219 32 betraktande
1221 231 101 32 redan
1348 231 42 32 då
1415 231 143 32 beslutet
1583 242 50 20 om

132 286 125 32 banans
278 286 210 37 anläggning
508 284 159 33 fattades.
711 283 208 38 Ytterligare
939 283 61 31 har
1019 282 184 32 emellertid
1225 294 44 20 nu
1289 294 42 20 av
1352 281 282 38 järnvägsstyrel-

132 349 56 20 sen
208 337 187 38 åberopats,
416 336 156 31 hurusom
595 346 116 26 genom
730 334 173 39 inverkan,
924 334 100 31 bland
1043 337 112 35 annat,
1175 344 42 20 av
1236 345 39 19 en
1295 332 201 37 tilltagande
1516 335 118 28 motor-

131 387 110 32 trafik
266 390 126 29 statens
418 386 200 38 järnvägars
645 385 151 31 finanser
820 385 43 37 på
889 384 83 32 sista
999 384 90 31 tiden
1116 386 156 29 avsevärt
1299 383 209 32 försämrats.
1557 381 77 32 Vad

131 438 244 31 inlandsbanan
396 436 170 32 beträffar
585 437 54 30 må
658 435 84 32 dock
763 434 210 40 framhållas,
995 438 51 27 att
1066 434 69 31 viss
1155 434 131 37 hänsyn
1307 432 106 38 tagits
1434 432 53 32 till
1509 432 55 31 det
1584 432 49 31 så-

133 488 102 31 lunda
256 488 156 31 inträdda
434 486 201 32 förändrade
659 485 227 32 förhållandet
908 496 116 26 genom
1047 487 51 28 att
1120 482 439 38 kapitalökningsanslagen
1582 481 53 32 till

133 538 195 37 banbygget
346 548 136 20 numera
501 536 134 31 anvisas
655 539 51 28 att
725 536 82 36 utgå
826 546 43 20 av
887 534 105 32 andra
1012 533 270 33 statsinkomster
1301 537 41 27 än
1363 531 181 32 lånemedel
1564 530 73 32 med

134 588 104 32 därav
262 587 149 38 följande
434 586 157 38 eftergift
614 598 42 19 av
678 585 126 32 kraven
828 585 44 38 på
896 584 110 32 direkt
1029 583 213 38 förräntning
1266 594 43 20 av
1332 581 138 38 nedlagt
1493 581 143 38 kapital.

133 638 67 32 Det
217 638 171 38 samband,
408 649 68 20 som
497 637 122 37 frågan
638 648 51 20 om
712 635 265 37 finansieringen
995 646 42 20 av
1056 633 389 36 inlandsbaneföretaget
1465 636 80 33 äger
1563 631 73 31 med

135 688 197 38 spörsmålet
354 700 51 20 om
427 687 255 38 användningen
704 698 42 20 av
768 686 39 32 de
829 685 130 38 årligen
980 683 193 39 inflytande
1196 682 279 33 statsintäkterna
1498 681 77 32 från
1599 680 38 32 de

133 738 251 33 norrbottniska
407 737 222 39 malmfälten,
652 737 59 32 bör
734 736 29 38 ej
786 736 105 32 heller
915 735 158 38 förbises;
1097 735 11 31 i
1133 734 91 32 detta
1248 733 161 32 avseende
1433 733 53 31 må
1510 732 126 31 erinras

134 801 52 20 om
205 793 47 29 ett
269 801 43 20 av
332 790 83 31 1927
436 789 54 31 års
511 788 139 37 riksdag
669 787 90 38 gjort
779 786 174 33 uttalande
973 797 51 20 om
1044 784 240 39 lämpligheten
1305 796 42 20 av
1367 787 51 28 att
1438 783 69 31 låta
1528 782 109 38 någon

132 840 52 32 del
205 852 41 20 av
267 840 96 32 dessa
383 839 183 32 inkomster
584 839 12 31 i
617 839 109 37 någon
748 838 86 31 form
853 837 133 31 komma
1008 839 126 29 statens
1154 835 184 37 järnvägar
1358 834 54 31 till
1433 833 95 38 godo.

180 889 172 33 Utskottet
371 890 61 31 har
450 892 109 28 ansett
577 889 54 31 det
648 900 81 20 vara
749 899 43 20 av
807 887 142 32 intresse
966 885 151 33 meddela
1137 884 164 38 följande:

486 963 351 38 Avståndsuppgifter
861 961 139 33 rörande
1023 960 266 33 Inlandsbanan:

129 1024 441 33 Kristinehamn—Brunflo
598 1050 5 4 .
640 1049 5 5 .
683 1049 4 4 oo
724 1049 47 4 ss
809 1049 4 3 os
851 1048 47 5 soc
935 1048 47 4 oo
1019 1047 47 5 cc
1104 1047 46 5 vv
1188 1046 46 5 vv
1272 1046 5 4 >«
1318 1020 59 30 028
1403 1019 64 31 km.

129 1069 371 38 Brunflo—Östersund
519 1100 4 5 .
559 1100 4 5 .
601 1100 4 5 .
685 1100 4 4 «so
727 1099 88 5 sco
853 1098 46 5 oc
938 1098 46 5 cc
1023 1098 46 4 ov
1106 1097 46 5 vv
1190 1096 89 5 vv.
1344 1070 37 30 15
1402 1065 4 49 -
1430 1079 12 15 2?
1494 1076 60 32 543
1578 1076 65 31 km.

130 1129 411 37 Östersund—Storuman
560 1159 5 5 .
600 1160 4 4 .
685 1159 4 4 ..
769 1158 46 5 oso
853 1158 46 4 soc
938 1157 88 5 sco
1064 1157 5 4 c
1106 1156 46 5 cc
1232 1156 5 4 >.
1275 1156 4 4 .
1320 1130 61 30 BI2
1431 1143 12 15 >

130 1179 209 48 Storuman—
355 1183 129 33 Sorsele
517 1210 5 5 .
559 1210 5 4 .
601 1210 5 4 .
769 1206 511 7 nr

130 1234 404 43 Gällivare—Porjus—J
536 1209 158 56 okkmokk
716 1209 20 55 .
772 1258 132 6 ses
1109 1256 174 6 osv.»
1311 1230 74 43 100
1430 1239 11 15 >
1497 1238 62 30 484
1603 1246 11 15 >

131 1292 377 43 Sorsele—Arvidsjaur
531 1290 53 35 (89
608 1291 81 35 km.)
705 1312 24 3 —
745 1258 201 64 Muskussel
987 1253 187 69 Jokkmokk
1233 1315 47 18 or
1499 1289 58 29 261
1604 1297 11 14 >

130 1343 258 52 Kristinehamn
408 1350 200 33 —Gällivare
630 1347 331 44 (Muskussellinjen)
1021 1375 5 5 .
1063 1375 5 5 .
1105 1375 5 4 .
1147 1374 47 5 os.
1231 1374 47 5 oo.
1466 1349 91 36 1,2x8
1581 1346 64 31 km.

132 1408 811 43 Sorsele—Kasker—Gubblijaure—Jokkmokk
980 1434 5 4 .
1022 1434 5 4 .
1065 1433 4 5 .
1107 1433 4 5 .
1148 1433 5 5 .
1190 1428 5 5 «
1233 1433 4 4 .
1275 1433 4 4 .
1321 1407 60 30 216
1404 1406 65 31 km.

333 1461 217 31 Tillkommer
573 1460 164 31 tvärbana

232 1509 501 45 Arvidsjaur—Gubblijaure
729 1503 19 55 .
770 1536 5 4 .
815 1503 32 55 so
855 1535 89 4 soc
1065 1534 47 5 oc
1192 1534 46 4 -0
1276 1534 5 5 >
1344 1509 37 29 71
1427 1516 11 15 2
1497 1516 60 31 287
1603 1524 11 15 >

181 1604 77 32 Vad
276 1604 107 38 angår
401 1603 61 32 den
482 1604 18 32 9
521 1602 58 32 mil
598 1602 102 38 långa
719 1601 157 33 sträckan
900 1595 144 51 Sorsele
1072 1600 217 39 Arvidsjaur,
1309 1612 52 20 om
1381 1612 77 20 vars
1479 1599 162 39 byggnad

138 1667 46 20 nu
210 1658 150 29 närmast
385 1659 38 27 är
449 1654 111 38 fråga,
586 1658 37 27 är
649 1653 105 32 denna
780 1652 138 32 bandels
944 1651 283 39 färdigställande
1254 1650 102 33 redan
1382 1649 260 33 trafiktekniskt

140 1708 67 29 sett
228 1704 179 32 motiverat
428 1704 74 32 med
524 1703 130 39 hänsyn
677 1703 54 32 till
754 1702 267 33 önskvärdheten
1044 1714 42 20 av
1107 1705 51 28 att
1181 1701 128 32 erhålla
1332 1713 39 20 en
1394 1699 249 39 sammanknyt-

138 1757 83 37 ning
245 1756 123 32 mellan
394 1755 98 33 södra
516 1754 262 33 inlandsbanans
805 1753 193 32 nuvarande
1025 1752 177 39 slutpunkt
1227 1752 57 33 vid
1311 1751 130 33 Sorsele
1467 1752 60 32 och
1553 1754 89 29 tvär-

139 1807 108 32 banan
268 1805 347 39 Jörn—Arvidsjaur.
658 1801 96 36 Även
773 1816 41 20 ur
833 1804 125 32 allmän
978 1802 378 39 samfärdselsynpunkt
1376 1814 98 27 synes
1496 1801 145 33 emeller-

138 1858 52 32 tid
206 1857 86 39 goda
309 1857 76 33 skäl
402 1857 114 32 kunna
533 1856 137 32 anföras
687 1856 54 32 för
758 1855 74 33 dess
850 1854 206 33 fullbordan.
1096 1854 118 32 Banan
1231 1865 156 27 passerar
1402 1853 12 32 i
1433 1853 50 32 sin
1501 1852 141 32 sålunda

140 1908 193 38 föreslagna
358 1907 196 38 sträckning
577 1906 188 39 betydande
790 1905 246 38 flottbarlagda
1060 1904 202 39 vattendrag
1286 1904 61 32 och
1371 1903 91 39 löper
1485 1908 83 27 nära
1592 1906 50 28 ut-

140 1959 73 32 med
232 1962 48 29 ett
296 1958 191 33 vidsträckt
504 1957 181 33 trafikerat
702 1960 254 35 vattensystem.
997 1956 117 32 Banan
1132 1955 109 33 skulle
1259 1954 102 33 också
1378 1954 133 32 komma
1529 1957 51 28 att
1600 1953 43 38 gå

140 2010 117 32 fram
244 2000 20 51 i
276 2009 188 33 omedelbar
483 2009 118 32 närhet
619 2008 54 32 till
692 2012 90 29 stora
801 2007 115 39 skogs-
936 2011 87 28 samt
1043 2005 349 40 myrmarksområden
1412 2005 60 32 och
1491 2004 151 38 mäktiga

139 2060 215 39 outnyttjade
376 2059 193 33 vattenfall.
614 2059 94 32 Inom
732 2058 259 33 trafikområdet
1014 2057 114 32 finnas
1150 2076 45 5 —
1218 2056 107 38 enligt
1346 2056 66 32 vad
1437 2067 68 20 som
1528 2054 116 32 vidare

139 2111 168 32 inhämtas
327 2123 43 20 av
389 2110 138 33 utförda
545 2108 325 34 trafikekonomiska
889 2108 220 38 utredningar
1127 2127 45 4 —
1190 2110 91 30 stora
1300 2106 129 33 arealer
1449 2105 195 38 odlingsbar

139 2162 85 38 jord,
243 2174 79 26 som,
340 2161 102 33 sedan
459 2161 62 32 den
539 2160 192 33 nuvarande
746 2159 202 39 isoleringen
964 2159 110 39 hävts,
1090 2158 101 33 borde
1208 2158 87 32 hava
1313 2157 87 38 goda
1417 2155 225 38 utvecklings-

139 2212 213 39 möjligheter
373 2212 74 33 med
471 2211 114 39 skogs-
609 2211 60 33 och
693 2210 295 38 flottningsarbete
1012 2221 69 21 som
1106 2208 167 38 binäring.
1320 2207 64 32 Att
1407 2206 236 33 trafikinkom-

141 2267 112 29 sterna
279 2263 77 32 från
381 2262 263 39 ifrågavarande
669 2261 202 33 bansträcka
894 2260 219 39 uppskattats
1138 2260 37 32 så
1199 2259 74 38 lågt
1296 2259 96 32 beror
1415 2257 101 33 bland
1542 2259 102 30 annat

140 2315 54 38 på,
211 2318 50 28 att
276 2326 77 20 man
371 2314 57 32 vid
444 2313 269 38 beräkningarna
729 2312 115 39 utgått
859 2312 93 32 ifrån
968 2310 209 33 konkurrens
1196 2310 75 32 med
1288 2307 267 40 motortrafiken,
1575 2311 67 28 sär-

140 2364 83 33 skilt
243 2365 77 32 från
341 2365 62 32 den
423 2365 101 32 redan
544 2363 181 39 befintliga
744 2362 328 40 postdiligenslinjen
1103 2353 179 53 Arjeploug
1321 2358 224 39 Arvidsjaur.
1576 2357 68 33 Det

141 2416 197 32 framhålles
357 2415 94 39 dock,
468 2418 52 29 att
538 2415 39 32 de
595 2414 118 39 gjorda
729 2413 203 39 kalkylerna
949 2424 79 21 avse
1046 2411 256 33 förhållandena
1321 2410 39 33 de
1379 2412 166 30 närmaste
1565 2409 78 31 åren

141 2467 87 32 efter
251 2466 127 32 banans
404 2465 172 39 öppnande
601 2466 54 32 för
679 2465 109 32 trafik
813 2464 61 33 och
897 2467 52 29 att
973 2463 55 33 det
1052 2462 185 38 föreligger
1261 2460 181 38 anledning
1466 2460 85 37 hysa
1577 2459 67 31 för-
