2184 2624
403 169 22 30 4
561 167 117 32 Andra
702 166 218 32 Kammarens
947 163 186 42 Tillfälliga
1165 163 143 33 Utskotts
1331 162 80 41 (N:o
1435 162 37 36 1)
1504 160 176 34 Utlåtande
1703 160 63 31 N:o
1790 161 52 30 34.

405 258 111 36 hafva
557 257 107 36 äfven
705 256 96 36 inom
843 256 114 35 andra
998 254 80 36 stift
1118 253 124 36 blifvit
1284 252 220 44 meddelade,
1544 251 67 35 och
1638 251 87 34 flera
1753 249 252 48 skolstyrelser

405 311 111 36 hafva
544 311 55 35 för
626 310 80 35 sina
734 309 198 36 folkskolor
959 307 155 47 vidtagit
1142 307 167 46 åtgärder
1336 305 14 36 i
1377 306 100 35 detta
1505 304 104 48 syfte.

514 364 68 35 Att
600 363 121 36 därför
741 361 222 47 ovillkorligt
983 362 126 46 ålägga
1127 360 71 35 alla
1217 359 200 36 folkskolor
1436 359 68 35 och
1524 358 181 35 allmänna
1719 356 167 35 läroverk
1905 355 100 35 vissa

406 430 28 23 8.
472 418 37 35 k.
546 416 336 48 planteringsdagar
916 415 89 35 eller
1031 414 145 35 utfärda
1204 424 121 24 annan
1353 412 178 35 liknande
1560 409 190 37 föreskrift
1776 408 229 37 beträffande

407 471 200 47 skogsvård
648 473 92 32 samt
781 469 122 35 därom
945 468 14 35 i
1001 467 335 45 folkskolestadgan
1364 465 87 35 eller
1478 463 338 46 läroverksstadgan
1845 461 162 48 påbjuda

407 536 110 36 synes
557 523 80 36 icke
671 523 178 35 utskottet
875 520 167 48 lämpligt
1068 521 86 34 eller
1181 518 138 48 nödigt.
1377 516 287 37 Skoldistrikten
1691 516 126 35 kunna
1845 516 161 34 däremot

406 577 15 36 i
462 577 81 36 sina
583 577 243 46 reglementen
866 574 120 36 införa
1027 573 268 36 bestämmelser
1335 584 55 23 om
1433 571 97 36 vissa
1557 569 350 48 planteringsdagar,
1938 568 68 35 och

407 632 122 46 någon
570 629 260 36 vidsträcktare
872 629 67 35 och
975 626 210 48 utförligare
1230 624 267 47 undervisning
1538 623 225 36 beträffande
1805 621 201 48 skogsvård

407 685 104 35 torde
540 682 179 48 svårligen
746 683 126 34 kunna
899 681 183 35 meddelas
1111 679 218 36 åtminstone
1358 677 281 37 folkskolebarn.

517 737 196 43 Utskottet,
758 747 73 24 som
874 735 106 35 alltså
1020 733 105 48 gillar
1153 733 72 35 den
1254 731 265 37 fosterländska
1546 730 121 43 tanke,
1698 728 182 37 motionen
1907 727 100 36 inne-

410 790 122 45 fattar,
575 802 82 25 men
684 801 117 32 anser,
831 792 53 32 att
911 787 215 43 ändamålet,
1156 786 93 35 efter
1276 786 96 35 hvad
1400 797 75 23 som
1503 783 124 44 visats,
1657 783 74 35 kan
1758 781 13 36 i
1799 781 208 37 hufvudsak

409 843 131 37 vinnas
568 846 46 44 på
641 855 122 23 annan
790 847 81 42 väg,
901 846 47 30 än
977 839 226 37 motionären
1231 838 155 44 anvisar,
1416 837 209 36 hemställer
1653 835 131 44 därför,

943 950 53 32 att
1032 947 83 34 herr
1148 946 141 35 Buréns
1317 944 275 47 ifrågavarande
1620 941 137 37 motion
1785 941 82 36 icke
1897 942 112 33 måtte

835 1000 56 37 till
919 1003 121 44 någon
1067 999 129 35 Andra
1223 999 237 35 Kammarens
1489 997 127 47 åtgärd
1644 995 195 36 föranleda.

520 1109 205 36 Stockholm
754 1108 70 35 den
853 1109 47 33 27
932 1105 94 48 april
1057 1107 113 34 1903.

990 1254 35 46 Å
1052 1264 197 36 utskottets
1278 1269 153 41 vägnar:

999 1424 243 36 FRIDTJUV
1284 1422 144 36 BERG.

521 1703 97 35 Herr
652 1702 37 35 J.
733 1701 160 44 Olofsson
931 1701 67 35 har
1034 1700 127 47 begärt
1195 1698 38 36 få
1262 1698 231 44 antecknadt,
1524 1700 52 33 att
1604 1697 72 35 han
1704 1696 82 36 icke
1816 1695 153 47 deltagit
1997 1695 13 35 i

412 1755 270 48 behandlingen
711 1755 40 35 af
777 1755 98 35 detta
903 1754 144 35 ärende.

834 2300 185 25 STOCKHOLM,
1035 2300 26 21 0.
1077 2300 23 20 L.
1115 2295 174 26 SVANBÄCKS
1303 2298 220 25 BOKTRYCKERI,
1539 2298 59 21 1903.
