1878 2786
268 162 36 30 12
636 167 283 31 Statsutskottets
943 169 178 31 utlåtande
1143 180 43 20 nr
1208 172 20 29 9
1249 172 39 30 år
1312 173 84 29 1955

267 248 238 30 mentschefen
531 249 190 41 föreslagit,
745 253 48 28 att
815 252 475 34 kommunikationsverkens
1313 257 377 42 investeringsutgifter
1712 261 54 30 för

268 298 101 30 nästa
390 298 167 40 budgetår
579 300 188 39 begränsas
789 302 51 30 till
862 305 49 27 ett
934 306 230 39 sammanlagt
1188 305 122 42 belopp
1333 317 41 20 av
1397 307 94 35 931,0
1514 309 87 40 milj.
1625 311 140 33 kronor,

265 354 104 22 varav
391 348 95 34 929,4
508 349 88 40 milj.
619 350 130 31 kronor
771 361 79 20 avse
871 354 255 38 ramreglerade
1148 355 261 41 investeringar.
1433 358 67 30 För
1522 360 243 38 genomföran-

268 397 40 30 de
331 408 42 20 av
395 399 92 30 detta
508 408 164 31 program
695 402 174 30 erfordras
895 404 106 40 enligt
1022 406 10 28 i
1055 407 455 40 statsverkspropositionen
1533 412 161 29 närmare
1717 421 50 20 re-

268 447 162 31 dovisade
453 449 234 41 beräkningar
711 461 66 30 nya
800 453 121 41 anslag
943 455 44 39 på
1010 455 145 41 tillhopa
1179 456 96 35 841,8
1298 458 87 40 milj.
1409 460 139 33 kronor,
1571 461 74 29 vari
1669 462 98 39 ingår

269 499 47 28 ett
336 500 242 41 reservbelopp
601 511 42 20 av
664 511 37 20 ca
724 502 73 34 58,0
819 504 88 40 milj.
930 505 138 31 kronor.

311 548 13 29 I
348 548 109 31 likhet
480 552 78 29 med
583 551 385 39 departementschefen
991 556 63 29 har
1078 556 171 30 utskottet
1273 557 148 31 kommit
1445 559 51 31 till
1521 561 66 29 den
1611 557 155 49 uppfatt-

263 597 138 39 ningen,
429 600 50 28 att
505 600 41 29 de
572 601 142 39 projekt
741 611 73 21 som
841 604 258 31 vederbörande
1126 607 269 39 verksstyrelser
1421 610 133 29 anmält
1581 611 55 29 för
1664 612 100 28 nästa

266 648 168 40 budgetår
458 651 79 30 över
561 651 54 40 lag
641 653 59 29 äro
724 654 52 29 väl
802 654 222 33 motiverade.
1049 657 74 30 Vad
1148 666 74 21 som
1248 658 105 41 enligt
1378 661 187 29 utskottets
1590 662 141 40 mening
1755 663 10 29 i

266 698 93 30 detta
383 701 254 41 sammanhang
661 703 140 30 särskilt
824 705 62 29 bör
909 707 330 38 uppmärksammas
1263 710 37 28 är
1324 709 65 30 den
1416 710 253 42 eftersläpning
1691 721 73 21 som

265 749 106 30 sedan
390 750 86 32 flera
494 751 37 29 år
550 752 145 32 tillbaka
714 754 261 31 kännetecknar
992 757 89 39 läget
1098 758 45 40 på
1161 759 228 30 förevarande
1407 761 151 31 område.
1577 762 66 29 Det
1661 771 101 31 synes

263 797 119 32 därför
404 802 206 38 uppenbart,
635 805 50 27 att
708 804 65 29 den
795 805 234 41 begränsning
1052 818 41 19 av
1116 808 474 32 kommunikationsverkens
1615 811 148 31 investe-

263 848 117 40 ringar
401 859 74 21 som
495 861 46 20 nu
563 851 160 32 förordas
745 863 40 21 av
805 855 125 39 Kungl.
952 856 104 40 Maj:t
1076 858 111 30 måste
1209 859 75 30 leda
1305 859 51 30 till
1378 860 220 41 olägenheter
1619 871 42 20 av
1682 863 80 29 skil-

264 899 42 30 da
334 900 83 40 slag.
445 901 64 30 Vid
536 902 256 40 behandlingen
820 914 42 21 av
893 906 66 29 den
985 907 10 29 i
1025 907 83 30 1954
1135 908 56 29 års
1219 910 409 40 statsverksproposition
1657 913 106 29 fram-

264 949 101 39 lagda
392 951 360 41 investeringsplanen
782 955 59 39 såg
871 955 51 41 sig
951 958 170 29 utskottet
1151 959 186 30 föranlåtet
1367 962 49 29 att
1445 961 169 40 ingående
1644 962 117 40 belysa

264 999 203 31 televerkets
489 1002 213 40 svårigheter
724 1004 225 32 härutinnan.
973 1007 216 30 Situationen
1211 1010 74 33 har,
1308 1010 103 30 såvitt
1433 1011 154 40 framgår
1608 1022 43 20 av
1672 1013 90 30 årets

264 1051 409 41 statsverksproposition
696 1055 63 29 och
780 1054 92 31 vissa
897 1065 41 21 av
960 1057 169 31 utskottet
1151 1060 109 29 under
1283 1061 93 28 hand
1398 1061 202 31 inhämtade
1622 1063 141 40 upplys-

261 1099 134 40 ningar,
419 1102 104 29 sedan
547 1103 79 29 dess
648 1105 199 39 ytterligare
870 1106 201 38 förvärrats,
1093 1108 108 30 vilket
1223 1110 44 29 bl.
1291 1120 27 22 a.
1343 1111 84 40 tagit
1450 1111 51 41 sig
1522 1114 142 38 uttryck
1687 1114 9 29 i
1719 1123 41 20 en

259 1151 166 29 avsevärd
447 1151 152 40 stegring
621 1162 42 21 av
684 1154 129 29 antalet
834 1155 214 32 abonnenter
1070 1167 75 20 som
1167 1158 76 30 icke
1264 1159 120 31 kunna
1406 1160 35 30 få
1462 1161 129 30 telefon
1614 1162 147 40 inkopp-

262 1200 56 30 lad
340 1200 95 31 inom
458 1202 114 41 rimlig
596 1204 60 30 tid.
680 1205 75 30 Med
778 1206 137 39 hänsyn
938 1207 51 30 till
1012 1209 65 28 den
1101 1210 113 29 starkt
1236 1211 110 29 ökade
1369 1211 213 41 efterfrågan
1604 1214 46 39 på
1672 1213 90 31 elek-

262 1250 88 30 trisk
371 1251 94 31 kraft
486 1254 60 28 äro
569 1255 86 28 även
678 1255 41 29 de
739 1254 298 43 inskränkningar
1060 1268 73 21 som
1157 1260 195 40 föreslagits
1374 1262 10 29 i
1406 1263 55 28 det
1483 1272 42 21 av
1543 1264 220 30 vattenfalls-

261 1301 169 38 styrelsen
454 1302 195 40 framlagda
675 1305 455 42 utbyggnadsprogrammet
1155 1311 132 39 ägnade
1312 1312 49 28 att
1385 1312 115 39 ingiva
1523 1313 238 41 betänklighe-

262 1351 58 30 ter.
344 1350 88 31 Över
453 1353 119 30 huvud
595 1356 92 37 taget
711 1355 105 38 gäller
838 1357 55 29 för
915 1357 475 33 kommunikationsverkens
1414 1363 63 33 del,
1501 1363 116 30 såsom
1640 1360 120 48 depar-

260 1402 273 30 tementschefen
560 1404 91 39 själv
677 1406 260 40 understryker,
965 1410 48 28 att
1039 1411 190 29 avsevärda
1255 1411 283 40 kapitalinsatser
1567 1415 112 30 måste
1705 1417 55 37 gö-

258 1458 67 28 ras,
350 1459 57 21 om
433 1452 263 31 servicekraven
722 1455 97 29 skola
846 1456 121 30 kunna
992 1457 211 40 tillgodoses.
1229 1460 175 30 Utskottet
1430 1471 101 20 anser
1556 1463 58 29 det
1640 1464 121 30 därför

256 1499 196 41 beklagligt,
479 1504 49 27 att
555 1504 57 29 det
638 1504 75 30 icke
739 1505 179 31 befunnits
945 1508 136 39 möjligt
1107 1511 50 27 att
1183 1510 10 28 i
1220 1510 64 29 full
1311 1511 211 41 omfattning
1548 1513 210 41 tillmötesgå

257 1550 40 29 de
328 1552 181 30 önskemål
540 1554 10 28 i
583 1554 99 39 fråga
714 1564 56 21 om
801 1556 500 41 investeringsverksamheten
1335 1570 74 20 som
1442 1563 316 39 verksstyrelserna

259 1603 132 29 anmält
415 1603 53 29 för
492 1606 100 28 nästa
619 1606 178 39 budgetår.

302 1652 181 40 Samtidigt
506 1656 38 28 är
566 1656 191 30 emellertid
780 1658 169 31 utskottet
972 1660 53 29 väl
1048 1661 172 30 medvetet
1242 1671 55 20 om
1319 1665 49 28 att
1392 1663 228 32 förevarande
1644 1668 113 37 Spörs-

256 1701 69 29 mål
348 1702 75 30 icke
445 1704 68 29 kan
535 1705 166 30 bedömas
724 1708 83 28 utan
829 1708 139 39 hänsyn
989 1710 51 29 till
1063 1710 65 30 den
1154 1712 226 30 ekonomiska
1403 1715 243 39 utvecklingen
1669 1716 10 29 i
1700 1718 56 28 öv-

256 1751 76 39 rigt.
353 1753 49 29 De
422 1754 110 29 risker
553 1764 75 21 som
649 1756 23 29 f.
691 1766 34 20 n.
746 1758 164 39 föreligga
933 1760 53 29 för
1007 1770 40 20 en
1069 1761 193 41 skärpning
1281 1772 41 20 av
1342 1764 314 41 konjunkturläget
1676 1767 10 28 i
1705 1768 51 28 in-

257 1800 228 32 flationistisk
513 1804 160 40 riktning
700 1807 99 29 träda
828 1808 122 30 därvid
978 1808 11 29 i
1016 1809 217 39 förgrunden
1263 1811 53 30 för
1344 1814 370 37 uppmärksamheten.
1745 1818 11 28 I

256 1852 113 31 denna
401 1854 165 30 situation
599 1857 120 33 måste,
751 1857 115 31 såsom
896 1860 385 39 departementschefen
1312 1864 203 35 framhållit,
1546 1867 92 29 ökad
1669 1867 88 30 åter-

254 1900 209 32 hållsamhet
485 1904 56 30 vid
566 1904 335 42 ianspråktagandet
925 1918 42 20 av
991 1909 214 41 tillgängliga
1228 1921 157 20 resurser
1408 1913 10 28 i
1443 1913 91 30 form
1559 1924 42 21 av
1625 1916 130 30 arbets-

254 1952 94 30 kraft
376 1955 64 28 och
467 1956 157 30 materiel
652 1966 100 20 anses
781 1959 142 30 särskilt
954 1961 174 38 påkallad.
1157 1962 48 30 De
1233 1963 182 40 offentliga
1443 1965 309 42 investeringarna,

253 2002 94 31 vilka
367 2004 110 30 under
498 2014 121 21 senare
641 2007 38 30 år
699 2008 81 30 ökat
803 2008 271 33 förhållandevis
1097 2022 95 20 mera
1214 2015 43 28 än
1279 2014 40 29 de
1339 2014 145 40 privata,
1507 2016 120 31 kunna
1650 2018 104 39 själv-

253 2051 96 31 fallet
375 2053 74 31 icke
476 2055 115 40 undgå
619 2059 49 28 att
695 2058 9 28 i
732 2058 204 42 erforderlig
960 2061 81 29 mån
1068 2063 140 29 beröras
1239 2063 116 30 härav.
1382 2064 85 31 Lika
1494 2068 196 38 uppenbart
1715 2070 38 29 är

253 2104 49 28 att
321 2103 95 31 inom
436 2105 63 29 den
521 2106 140 40 statliga
681 2108 141 29 sektorn
841 2111 87 28 även
948 2112 455 32 kommunikationsverken
1423 2116 44 29 ha
1487 2118 50 28 att
1555 2118 196 30 vidkännas

253 2153 52 29 sin
332 2155 101 30 andel
460 2156 10 28 i
497 2157 64 28 den
589 2157 235 42 begränsning
851 2169 42 21 av
920 2161 65 29 den
1016 2163 105 29 totala
1151 2162 499 41 investeringsverksamheten
1678 2178 73 20 som

251 2212 46 21 nu
321 2214 42 21 av
386 2205 398 34 samhällsekonomiska
807 2210 75 29 skäl
905 2211 178 30 befunnits
1108 2214 207 39 nödvändig.
1339 2215 63 29 Det
1426 2218 213 39 ansträngda
1662 2219 88 39 läget

251 2253 43 39 på
319 2254 353 40 kapitalmarknaden
699 2260 94 29 torde
820 2260 9 29 i
856 2260 92 30 detta
975 2264 255 40 sammanhang
1254 2265 130 39 jämväl
1410 2267 84 29 böra
1518 2268 154 32 beaktas.
1703 2269 47 29 De

252 2305 217 39 synpunkter
488 2308 63 28 och
572 2308 109 30 motiv
701 2318 73 20 som
792 2310 89 30 varit
901 2311 211 39 vägledande
1133 2314 54 29 för
1207 2314 124 40 Kungl.
1352 2316 105 39 Maj:t
1476 2317 55 29 vid
1552 2319 199 30 utarbetan-

251 2354 55 30 det
326 2365 41 20 av
386 2356 65 29 den
471 2366 46 21 nu
538 2357 197 40 framlagda
754 2359 358 43 investeringsplanen
1135 2363 53 31 för
1208 2365 456 32 kommunikationsverken
1685 2369 65 30 fin-

250 2412 60 22 ner
335 2406 168 30 utskottet
530 2408 120 30 därför
675 2409 83 29 böra
783 2409 168 31 tillmätas
977 2414 194 38 avgörande
1196 2415 184 38 betydelse.
1406 2417 175 30 Utskottet
1607 2418 142 40 tillstyr-

250 2454 60 30 ker
334 2455 147 33 sålunda
505 2459 49 28 att
579 2459 114 29 denna
717 2461 80 38 plan
821 2461 114 39 lägges
960 2462 51 29 till
1036 2464 112 39 grund
1173 2465 53 29 för
1251 2465 497 41 investeringsverksamheten

250 2505 111 30 under
381 2507 101 30 nästa
505 2507 180 40 budgetår.
709 2509 115 32 Härav
846 2511 104 40 följer
973 2514 49 28 att
1043 2514 170 30 utskottet
1236 2515 74 31 icke
1332 2516 70 29 kan
1424 2517 136 31 biträda
1583 2518 40 31 de
1646 2519 10 29 i
1678 2528 71 20 mo-
