2204 2642
683 194 265 34 Statsutskottets
978 190 178 33 Utlåtande
1183 189 59 29 N:o
1268 192 28 26 6.
1710 182 38 29 TT

195 291 154 36 verkets
378 286 188 39 ordinarie
596 289 76 32 stat
699 282 162 49 uppföra
888 292 76 36 nya
994 277 168 47 tjänster.
1219 273 105 36 Huru
1353 269 201 50 olämpligt
1583 268 64 36 det
1675 271 47 31 än
1751 270 41 30 är

194 347 59 32 att
280 342 75 36 låta
384 354 47 23 en
460 336 176 39 afgevärd
666 334 60 36 del
755 334 41 35 af
821 329 303 39 ämbetsverkets
1152 324 171 51 göromål
1343 323 130 37 skötas
1493 321 41 36 af
1550 321 243 48 tjänstemän,

198 408 81 23 som
306 393 83 36 icke
417 389 205 38 innehafva
650 387 82 36 sina
760 385 142 49 platser
923 385 20 33 å
962 380 189 37 ordinarie
1172 382 87 42 stat,
1280 388 115 36 synes
1416 373 97 37 dock
1533 372 124 35 denna
1676 373 119 43 utväg

198 459 90 24 vara
317 445 73 35 den
419 442 108 46 enda,
557 453 80 23 som
665 438 60 36 för
751 433 236 39 närvarande
1015 432 69 36 bör
1112 429 145 37 anlitas.

303 494 111 37 Hvad
441 492 181 38 beträffar
649 488 184 47 förslaget
861 499 58 22 om
950 481 234 39 anställande
1213 480 40 36 af
1277 477 221 50 ytterligare
1525 487 47 23 en
1592 472 85 37 civil
1695 471 102 37 leda-

202 553 77 32 mot
307 548 70 35 har
403 540 409 47 marinförvaltningen
841 536 90 49 själf
956 535 83 36 icke
1064 534 201 45 ifrågasatt
1285 533 116 32 annat
1419 533 48 30 än
1488 531 54 30 att
1561 525 123 36 denne
1703 522 94 36 tills-

203 600 129 36 vidare
370 596 122 37 skulle
529 593 182 49 uppföras
738 593 48 46 på
815 593 105 32 extra
950 591 86 31 stat.
1093 581 264 38 Anställandet
1385 579 41 36 af
1451 591 48 23 en
1528 576 129 45 sådan,
1686 575 113 35 äfven

202 665 62 23 om
307 649 64 36 det
410 647 97 36 blott
549 643 119 38 skulle
710 642 66 36 ske
806 643 46 46 på
889 643 107 32 extra
1029 640 88 42 stat,
1146 639 41 31 är
1216 630 209 39 emellertid
1454 642 48 24 en
1531 626 135 49 åtgärd
1694 626 41 35 af
1760 627 40 33 så

204 698 328 53 genomgripande
561 702 68 37 art,
659 699 53 32 att
740 694 74 35 den
834 704 126 35 synes,
981 702 59 23 om
1062 686 162 49 möjligt,
1244 684 83 36 icke
1347 683 92 35 böra
1458 681 245 47 ifrågasättas
1722 676 79 36 förr

201 760 52 31 än
280 754 13 35 i
322 751 275 46 sammanhang
625 746 85 37 med
738 741 263 40 fastställande
1031 740 41 36 af
1098 739 72 35 den
1197 749 75 36 nya
1300 732 258 51 organisation
1578 730 41 36 af
1640 728 162 37 ämbets-

206 806 147 46 verket,
395 802 169 46 hvilken,
607 802 122 34 såsom
759 797 70 48 jag
856 807 92 35 nyss
976 795 143 43 nämnt,
1150 802 114 36 synes
1292 788 93 36 böra
1413 785 153 35 komma
1595 781 57 36 till
1680 778 121 39 stånd.

207 856 228 38 Tillsvidare
472 852 109 37 torde
610 863 86 24 man
725 848 127 36 därför
880 847 92 35 böra
999 845 93 34 lätta
1122 837 351 41 amiralitetsrådets
1502 832 217 39 nuvarande
1748 844 56 22 ar-

207 907 206 39 betsbörda
442 905 135 37 endast
605 914 139 37 genom
765 904 56 31 att
840 897 110 37 ställa
968 896 92 36 flera
1079 891 274 39 arbetskrafter
1372 888 57 36 till
1448 888 96 35 hans
1564 882 240 49 förfogande.

211 959 130 39 Skulle
382 971 88 23 man
512 956 128 35 kunna
675 953 120 35 förmå
829 960 182 39 personer
1040 950 54 32 att
1122 944 80 36 helt
1230 947 99 43 ägna
1357 940 60 48 sig
1445 941 38 34 åt
1511 930 295 57 ämbetsverket,

206 1013 132 36 därest
374 1022 87 24 man
495 1005 156 50 erbjöde
680 1004 85 36 dem
794 1001 114 37 sådan
938 998 181 47 aflöning,
1149 1008 80 23 som
1259 993 40 37 af
1324 988 406 47 marinförvaltningen
1758 998 50 23 nu

212 1065 220 46 ifrågasatts
460 1060 61 36 för
549 1059 46 36 de
623 1055 219 48 föreslagna
870 1065 75 35 nya
972 1051 312 48 tjänstemännen
1318 1047 20 33 å
1367 1041 189 39 ordinarie
1585 1044 87 41 stat,
1701 1037 108 37 torde

208 1114 214 48 anledning
462 1108 229 40 förefunnits
731 1107 61 36 för
833 1109 54 32 ett
929 1102 123 49 dylikt
1093 1097 245 51 erbjudande,
1376 1108 89 23 men
1493 1094 46 35 då
1567 1092 111 36 dessa
1705 1090 106 36 löner

215 1167 134 38 endast
389 1163 122 38 skulle
551 1163 153 35 komma
746 1163 56 31 att
842 1155 181 50 uppföras
1067 1156 20 33 å
1124 1156 107 32 extra
1267 1153 85 41 stat,
1381 1147 100 36 lärer
1509 1145 118 48 ingen
1654 1136 158 58 lämplig

214 1232 143 38 person
384 1218 130 35 kunna
543 1214 140 36 förmås
713 1215 56 32 att
797 1209 97 36 afstå
921 1208 85 36 från
1034 1203 133 48 hvarje
1195 1201 121 37 utsikt
1343 1199 58 36 till
1428 1196 207 38 befordran
1663 1194 12 36 i
1695 1192 118 37 andra

210 1268 251 40 ämbetsverk
490 1267 72 36 och
598 1261 240 40 uteslutande
867 1265 100 43 ägna
995 1257 60 48 sig
1084 1259 37 33 åt
1149 1250 420 47 marinförvaltningen,
1599 1246 72 37 och
1699 1244 114 37 ända-

217 1323 116 36 målet
360 1320 87 37 med
476 1315 232 51 erbjudande
737 1315 41 35 af
802 1313 120 47 högre
950 1311 109 36 löner
1087 1312 48 31 än
1159 1306 46 36 de
1224 1304 156 48 vanliga
1398 1296 418 42 amanuensarfvodena

218 1374 122 37 skulle
369 1371 158 38 sålunda
555 1367 149 38 ändock
731 1366 83 36 icke
842 1363 121 37 blifva
990 1359 182 51 uppnådt.
1215 1356 76 37 Det
1319 1367 114 36 synes
1463 1352 129 36 därför
1620 1349 85 36 icke
1724 1348 92 36 böra

215 1427 245 46 ifrågasättas
502 1425 115 33 annat
658 1424 47 31 än
746 1422 55 32 att
837 1415 71 37 öka
943 1412 144 38 antalet
1115 1410 41 36 af
1181 1409 46 36 de
1256 1404 220 39 nuvarande
1506 1412 309 27 amanuenserna.

220 1478 123 37 Dessa
384 1481 64 31 äro
489 1475 60 35 för
585 1469 236 39 närvarande
850 1467 77 36 fem
956 1464 87 37 med
1070 1463 95 36 hvar
1195 1460 70 37 och
1294 1472 47 23 en
1369 1462 55 32 ett
1453 1455 114 48 årligt
1594 1452 157 38 arfvode
1780 1449 41 37 af

224 1530 112 48 1,200
377 1528 153 45 kronor,
569 1524 71 36 och
675 1523 214 48 tjänstgöra
925 1520 65 34 två
1018 1515 43 37 af
1085 1515 86 36 dem
1200 1515 20 34 å
1248 1508 338 47 civilafdelningen
1614 1504 70 37 och
1713 1508 57 31 tre
1799 1505 20 33 å

221 1580 177 39 kansliet.
454 1578 53 36 Af
547 1577 45 36 de
633 1574 86 37 utaf
756 1567 409 48 marinförvaltningen
1201 1562 219 49 föreslagna
1448 1557 188 39 ordinarie
1664 1555 155 49 tjänste-

223 1638 165 32 männen
417 1631 68 35 har
514 1643 47 23 en
599 1628 134 36 afsetts
760 1625 60 36 för
847 1619 265 40 förstnämnda
1139 1615 197 48 afdelning
1364 1613 72 36 och
1463 1614 65 33 två
1555 1610 60 37 för
1645 1602 175 58 kansliet,

223 1685 214 49 hvarjämte
479 1679 177 39 anhållits
698 1691 61 23 om
795 1674 223 50 ytterligare
1056 1684 47 23 en
1131 1680 216 26 amanuens.
1403 1664 88 37 Med
1518 1663 150 47 hänsyn
1695 1657 128 39 härtill

223 1737 77 37 och
326 1735 58 37 till
412 1734 74 37 den
515 1732 144 47 ökning
687 1729 40 37 af
752 1726 234 51 göromålen,
1017 1736 83 24 som
1127 1720 122 37 under
1276 1719 47 36 de
1352 1729 132 25 senare
1514 1717 92 33 åren
1634 1716 67 44 ägt
1728 1723 94 33 rum,

221 1801 121 38 synes
370 1787 81 48 mig
479 1793 321 28 amanuensernas
829 1777 102 38 antal
958 1777 94 37 böra
1080 1774 94 37 ökas
1203 1771 85 38 med
1315 1768 224 51 ytterligare
1560 1771 69 40 tre,
1650 1762 110 38 däraf
1777 1775 47 23 en

228 1842 60 36 för
329 1836 337 48 civilafdelningen
703 1832 70 37 och
801 1833 65 34 två
896 1830 60 36 för
982 1826 177 38 kansliet.
1215 1819 267 41 Anställandet
1510 1817 41 37 af
1576 1821 56 32 ett
1660 1818 40 34 så
1729 1818 97 33 stort

224 1892 109 38 antal
365 1901 248 27 amanuenser
640 1899 81 24 som
751 1887 78 33 åtta
856 1882 76 36 kan
960 1878 217 48 naturligen
1206 1874 134 38 endast
1366 1872 120 37 blifva
1514 1882 49 24 en
1590 1864 237 54 provisorisk

229 1943 149 50 åtgärd,
407 1955 88 23 men
522 1939 110 37 torde
661 1936 119 38 under
800 1935 59 36 för
878 1932 150 38 handen
1047 1929 167 38 varande
1233 1923 264 40 förhållanden
1515 1934 91 23 vara
1625 1919 73 37 den
1718 1917 108 46 enda,

231 2010 84 24 som
356 1993 209 50 lämpligen
597 1991 76 36 kan
700 1988 176 48 vidtagas
904 1986 61 36 för
992 1983 167 37 arbetets
1195 1977 185 48 behöriga
1409 1973 183 39 skötande
1621 1972 103 36 inom
1752 1974 76 32 äm-

231 2047 233 39 betsverket.

339 2097 110 38 Hvad
495 2095 178 48 slutligen
714 2090 180 38 beträffar
935 2084 333 48 framställningen
1309 2094 61 24 om
1410 2078 148 48 ökning
1599 2075 40 37 af
1677 2072 154 38 vaktbe-

234 2151 202 50 tjäningen
476 2149 104 35 inom
617 2141 421 47 marinförvaltningen,
1080 2136 108 37 torde
1216 2133 87 38 med
1338 2133 152 47 hänsyn
1517 2127 59 38 till
1603 2127 46 36 de
1676 2138 76 36 nya
1779 2124 53 36 af-

232 2203 206 48 delningar
465 2201 102 36 inom
596 2194 292 47 ämbetsverket,
919 2205 81 23 som
1027 2189 122 37 under
1176 2199 132 25 senare
1336 2187 40 34 år
1403 2180 229 46 tillkommit,
1658 2178 71 36 och
1748 2175 86 38 med

238 2254 144 39 fästadt
409 2251 179 39 afseende
618 2249 100 47 därå,
748 2252 55 32 att
830 2240 433 49 marinförvaltningens
1291 2235 145 38 lokaler
1451 2239 65 31 äro
1532 2229 196 51 belägna
1711 2224 20 60 i
1752 2228 83 49 fyra
