2330 2759
766 263 250 43 Log-Utskottets
1045 262 163 32 Utlåtande
1229 260 63 33 N:o
1320 262 24 30 7.
1809 258 16 30 1

978 679 84 39 N:o
1091 679 38 40 7.

786 870 81 30 Ank.
892 870 48 29 till
963 869 105 30 Riksd.
1093 869 109 29 Kansli
1225 869 27 29 d.
1280 869 37 28 10
1341 868 89 29 Febr.
1458 868 91 35 1870,
1574 866 40 30 kl.
1640 866 16 29 5
1683 876 24 19 e.
1732 876 36 18 m.

447 1054 198 43 Utlåtande,
671 1054 14 34 i
712 1052 187 44 anledning
927 1051 45 44 af
992 1051 125 36 väckta
1142 1050 167 35 motioner
1328 1060 52 24 om
1400 1048 151 44 ändring
1568 1047 14 35 i
1596 1046 165 45 gällande
1779 1047 94 34 stad-

591 1114 141 44 ganden
758 1113 13 34 i
789 1111 115 46 fråga
932 1122 52 25 om
1011 1111 192 46 skyldighet
1229 1111 51 34 att
1307 1109 109 45 bygga
1443 1108 62 35 och
1531 1106 207 37 underhålla
1764 1110 110 41 vägar

595 1174 61 35 och
684 1173 105 36 broar
815 1174 90 36 samt
922 1170 137 44 färjor.

391 1327 132 32 Genom
558 1325 169 33 särskilda
759 1325 93 31 inom
885 1323 118 32 Andra
1030 1322 208 32 Kammaren
1271 1321 122 33 väckta
1425 1320 174 38 motioner,
1623 1319 117 32 hvilka
1763 1318 113 33 blifvit

237 1372 53 31 till
313 1370 270 42 Lag-Utskottet
602 1368 225 38 remitterade,
853 1367 100 32 hafva
975 1366 130 32 Herrar
1129 1367 42 30 B.
1197 1366 174 42 Bengtsson
1392 1363 77 33 från
1490 1362 219 33 Wermlands
1731 1363 59 31 län
1813 1362 62 32 och

235 1414 160 32 Johannes
419 1414 180 31 Andersson
622 1412 75 31 från
719 1411 213 40 Jönköpings
955 1410 58 31 län
1035 1408 180 42 föreslagit,

387 1458 59 30 den
470 1456 92 42 förre
596 1455 187 42 (motionen
816 1454 61 31 N:o
912 1453 91 41 161):
1041 1456 68 27 "att
1143 1452 117 40 hvarje
1290 1451 175 31 hemmans
1487 1448 281 40 taxeringsvärde
1793 1448 83 32 eller

235 1510 115 22 annan
373 1499 206 41 benämning
601 1502 44 37 på
661 1496 122 43 jorden
805 1497 115 41 lägges
943 1496 53 31 till
1018 1495 109 41 grund
1151 1495 52 31 för
1227 1500 90 35 väg-,
1344 1494 74 31 bro-
1435 1493 62 31 och
1512 1491 261 42 färjbyggnader
1789 1496 87 27 samt

239 1543 98 32 deras
360 1542 186 38 underhåll,
572 1545 37 29 så
630 1542 59 31 väl
711 1541 128 32 vinter-
863 1550 74 21 som
960 1538 250 38 sommartiden,
1235 1537 174 32 äfvensom
1426 1536 52 31 för
1492 1535 232 41 indelningen;
1749 1534 62 32 och
1827 1537 50 28 att

237 1587 152 40 grufvor,
413 1586 127 41 hyttor,
561 1586 94 39 jern-
679 1584 61 32 och
764 1583 146 42 sågverk
934 1585 88 29 samt
1045 1590 155 31 qvarnar,
1223 1580 119 33 hvilka
1364 1590 94 21 mera
1481 1584 44 26 än
1547 1578 157 32 hemman
1727 1578 149 40 begagna

236 1630 51 40 sig
310 1629 35 31 af
365 1634 106 35 vägar
494 1628 62 31 och
580 1627 122 42 dylikt,
726 1627 135 41 åläggas
885 1629 50 28 att
958 1625 111 32 deruti
1092 1625 132 41 deltaga
1247 1623 85 32 efter
1355 1633 128 22 samma
1505 1621 157 42 grunder,
1681 1621 82 31 eller
1777 1620 98 33 deras

236 1671 313 42 taxeringsvärde";
574 1675 88 27 samt

386 1715 161 31 Johannes
580 1714 181 31 Andersson
795 1710 187 43 (motionen
1009 1713 60 29 N:o
1094 1711 89 40 121):
1221 1712 69 29 "att
1319 1709 123 40 Kongl.
1466 1707 258 41 Förordningen
1748 1706 64 32 den
1836 1707 41 31 13

238 1757 201 41 September
473 1757 83 32 1790
589 1759 106 29 måtte
719 1758 36 29 så
777 1754 187 38 förändras,
988 1757 49 28 att
1059 1754 117 40 hvarje
1199 1753 164 31 kommun
1385 1754 53 29 må
1462 1762 62 30 ega
1547 1755 69 27 rätt
1638 1756 150 34 uppgöra
1810 1749 66 32 för-

238 1802 72 40 slag
344 1801 54 31 till
431 1800 137 41 ploglag
603 1799 52 32 för
689 1799 282 39 vintervägarnes
1004 1796 187 38 underhåll,
1214 1795 133 33 hvilket
1376 1794 125 41 förslag
1530 1796 56 29 må
1608 1793 38 32 af
1664 1793 213 41 Konungens

238 1843 382 42 Befallningshafvande
644 1842 137 41 pröfvas
813 1842 61 31 och
897 1840 193 36 fastställas,
1115 1842 86 29 samt
1224 1842 50 28 att
1298 1837 232 41 ersättningen
1553 1837 51 31 för
1626 1842 166 35 vägarnes
1815 1847 61 20 un-

239 1887 130 32 derhaåll
392 1887 88 30 skall
503 1886 178 38 debiteras,
706 1885 167 41 uppbäras
897 1883 62 32 och
981 1883 54 31 till
1056 1883 178 40 ploglagen
1256 1881 172 33 redovisas
1452 1881 35 30 af
1507 1879 370 32 kommunalnämnden

238 1929 94 32 inom
354 1929 116 40 hvarjo
495 1929 156 31 socken".

394 1971 133 32 Genom
549 1969 210 41 underdånig
783 1968 178 33 skrifvelse
988 1968 67 32 den
1069 1968 19 32 7
1105 1967 99 42 April
1228 1967 83 32 1866
1333 1966 102 32 hafva
1458 1965 121 32 Rikets
1597 1964 155 39 Ständer,
1770 1964 107 32 under

241 2014 172 32 uttalande
448 2015 35 31 af
515 2014 65 31 den
614 2014 96 40 åsigt,
734 2016 50 28 att
818 2012 239 41 skyldigheten
1090 2015 50 27 att
1168 2010 130 41 deltaga
1320 2010 12 31 i
1354 2008 396 42 väghållningsbesväret
1772 2007 104 32 borde

240 2057 78 31 med
340 2058 92 32 vissa
454 2057 276 31 modifikationer
753 2055 194 32 utsträckas
968 2055 28 39 ej
1015 2054 141 31 allonast
1171 2053 53 31 till
1239 2053 197 40 fastigheter
1453 2051 35 32 af
1501 2051 65 31 alla
1582 2051 78 40 slag,
1677 2054 80 28 utan
1776 2051 102 30 äfven

241 2101 52 31 till
316 2111 42 21 en
380 2100 85 32 hvar
487 2100 54 31 till
565 2098 196 42 deltagande
783 2098 6 31 i
805 2097 376 41 kommunalutskylder
1203 2095 181 42 förpligtad
1406 2105 123 31 person
1552 2094 61 31 och
1636 2097 135 37 utgöras
1793 2094 86 30 efter

240 2153 128 22 samma
401 2143 108 41 grund
544 2154 71 20 som
649 2141 149 33 nämnda
831 2140 189 42 utskylder,
1043 2140 61 31 hos
1127 2139 123 41 Kongl.
1273 2139 95 40 Maj:t
1391 2138 149 37 anhållit,
1564 2140 49 28 att
1634 2136 124 41 Kongl.
1782 2136 97 41 Maj:t

239 2185 144 37 täcktes,
413 2186 6 31 i
441 2185 352 33 öfverensstämmelse
826 2183 151 39 härmed,
1001 2183 68 32 låta
1101 2183 157 32 utarbeta
1291 2182 61 32 och
1385 2181 55 32 till
1473 2180 196 41 Riksdagen
1691 2179 187 41 framlägga

240 2229 102 42 nådig
364 2229 217 41 Proposition
603 2229 12 31 1
639 2232 123 28 ämnet.

393 2272 18 31 I
435 2272 181 42 anledning
643 2272 100 31 häraf
764 2270 61 33 och
848 2269 103 33 sedan
972 2268 125 42 Kongl.
1128 2267 366 41 Kammar-kollegium
1524 2265 134 42 afgifvit
1690 2265 189 32 infordradt

244 2314 225 42 underdånigt
491 2315 174 32 utlåtande
688 2315 12 31 i
723 2315 128 40 frågan,
876 2313 80 32 aflät
978 2312 123 41 Kongl.
1125 2311 94 41 Maj:t
1242 2312 52 31 till
1311 2310 83 32 1868
1410 2313 54 29 års
1479 2309 138 42 riksdag
1632 2308 102 41 nådig
1748 2308 130 41 Propo-

240 2359 111 38 sition,
378 2358 97 33 hvari
497 2358 176 39 förklaras,
698 2362 50 28 att
770 2356 90 34 hvad
882 2356 141 41 anginge
1046 2355 118 42 frågan
1180 2353 167 35 huruvida
1363 2353 254 42 vägrödjnings-
1634 2352 62 32 och
1710 2352 169 43 brobygg-

344 2410 75 35 Bih.
445 2410 47 32 till
515 2410 109 32 Riksd.
649 2410 86 32 Prot.
759 2410 96 31 1870.
906 2409 16 30 7
948 2407 97 33 Saml.
1069 2408 19 30 4
1112 2406 89 42 Höft.
