2200 2568
690 74 103 33 Stats-
804 73 165 35 Utskottets
991 74 172 34 Memorial
1184 75 66 33 N:o
1273 77 51 31 49.
1740 79 18 32 7

202 150 64 47 ligt
305 151 122 48 anslag
467 152 39 35 af
544 155 158 44 150,000
742 153 88 37 R:dr
870 154 67 37 ”för
973 155 292 48 sjöexpeditioner
1292 155 52 37 till
1371 155 171 38 handelns
1570 157 232 49 skyddande”,

204 214 78 24 men
310 202 138 48 afslagit
474 203 92 37 hvad
594 204 178 37 Utskottet
798 206 11 35 i
837 207 93 36 detta
956 211 154 32 moment
1136 208 12 35 i
1175 207 105 48 öfrigt
1306 207 184 37 hemställt.

330 254 70 36 För
441 257 337 48 sammanjemkning
818 258 39 36 af
892 259 42 36 de
974 259 146 37 sålunda
1161 259 202 49 skiljaktiga
1389 260 238 49 meningarne,
1654 262 53 36 får
1736 262 65 37 Ut-

202 305 129 36 skottet
358 306 135 47 föreslå,

658 365 50 30 att
728 361 104 35 ofvan
856 362 227 36 omförmälda
1102 362 123 47 anslag
1253 363 105 36 måtte
1378 363 35 35 få
1431 363 112 36 under
1561 364 238 39 Riks-statens

659 411 120 36 Femte
807 411 220 38 Hufvudtitel
1054 414 166 48 uppföras
1247 415 112 35 under
1385 414 153 49 följande
1566 416 137 37 rubrik:

661 461 199 49 Sjövapnets
886 464 175 49 öfningar,
1088 465 371 49 reservationsanslag:

709 514 147 37 Exercis
870 517 45 42 af
925 516 160 37 Flottans
1100 517 202 47 bemanning
1317 520 172 45 480,000:
1504 541 42 5 —

698 562 304 51 "Sjöexpeditioner
1040 569 55 34 till
1131 569 167 36 handelns

797 619 198 44 skyddande
1036 647 80 8 rs
1221 648 81 9 KA
1321 618 169 54 150,000:
1506 643 42 5 —
1569 641 173 46 630,000:
1758 660 42 9 —

741 818 145 52 Sjette
915 819 345 44 Hufvudtiteln.

795 889 205 46 (Utlåtande
1029 891 67 36 N:o
1127 894 74 45 37.)

329 991 64 33 9:0.
447 989 51 36 På
525 993 65 32 sätt
617 990 132 49 Kongl.
778 993 101 48 Maj:t
905 995 188 47 föreslagit,
1121 996 90 36 hade
1239 996 178 37 Utskottet
1443 998 11 35 i
1481 998 139 39 åttonde
1640 1004 158 43 punkten

198 1040 176 47 tillstyrkt,
417 1045 50 31 att
506 1041 51 35 för
603 1045 95 33 1870
727 1044 57 36 års
821 1045 245 37 omkostnader
1098 1047 59 35 vid
1180 1048 318 47 jernvägstrafiken
1525 1051 105 37 måtte
1658 1054 138 37 anvisas

198 1095 48 32 ett
274 1091 271 48 förslagsanslag
572 1093 38 35 af
634 1096 198 45 4,300,000
861 1096 85 36 R:dr
973 1102 50 31 att
1050 1098 39 35 af
1113 1099 242 36 trafikmedlen
1382 1100 114 36 direkt
1523 1103 93 47 utgå.
1671 1104 126 38 Denna

196 1143 122 47 punkt,
359 1143 142 35 hvilken
528 1143 111 37 blifvit
664 1146 39 35 af
726 1147 124 36 Första
883 1148 214 37 Kammaren
1124 1150 152 47 bifallen,
1304 1154 38 32 är
1369 1151 39 36 af
1429 1152 125 37 Andra
1581 1154 216 40 Kammaren

196 1193 52 35 till
275 1194 178 36 Utskottet
479 1195 274 38 återremitterad
780 1199 12 34 i
820 1199 154 48 syftning
1001 1204 50 32 att
1078 1202 145 35 ärendet
1249 1202 105 36 måtte
1382 1203 38 35 af
1442 1203 179 39 Utskottet
1639 1207 155 38 behand-

197 1245 50 35 las
289 1246 10 34 i
340 1246 251 48 sammanhang
630 1250 80 35 med
738 1250 67 35 den
833 1251 129 47 nådiga
989 1251 222 49 Proposition
1238 1255 148 35 rörande
1414 1256 203 46 grunderna
1642 1259 54 36 för
1723 1259 70 38 för-

196 1296 204 48 valtningen
441 1298 63 34 och
541 1300 167 36 särskildt
735 1301 53 35 för
815 1302 198 47 aflöningen
1041 1304 39 35 af
1103 1304 67 35 den
1197 1304 58 36 vid
1278 1306 319 47 jernvägstrafiken
1624 1312 172 37 anställda

196 1348 172 46 personal,
409 1360 73 23 som
524 1349 89 36 lärer
653 1351 139 36 komma
829 1357 50 30 att
904 1353 53 35 för
984 1353 206 48 Riksdagen
1216 1355 222 49 framläggas.
1492 1359 56 35 Då
1575 1361 42 35 de
1644 1362 151 37 bestäm-

195 1398 136 47 melser,
373 1411 74 24 som
489 1399 11 36 i
541 1400 190 49 anledning
758 1403 39 35 af
824 1404 153 36 nämnda
1003 1404 223 49 Proposition
1253 1407 107 37 blifva
1387 1409 38 35 af
1448 1409 204 50 Riksdagen
1678 1413 116 37 beslu-

195 1450 90 45 tade,
326 1450 189 36 emellertid
556 1452 139 36 komma
735 1458 50 32 att
825 1455 45 47 på
910 1455 41 36 de
985 1457 160 47 verkliga
1172 1458 189 47 utgifterna
1387 1460 119 37 utöfva
1533 1474 133 25 samma
1691 1461 102 57 infly-

195 1501 115 46 tande,
351 1501 113 36 ehvad
491 1503 67 35 den
584 1503 202 48 förslagsvis
813 1506 198 36 beräknade
1040 1520 159 25 summan
1225 1510 53 35 för
1306 1511 57 36 det
1389 1511 80 36 hela
1495 1514 164 47 uppföres
1687 1516 107 48 något

195 1551 110 48 högre
348 1553 84 35 eller
472 1553 104 48 lägre,
617 1564 88 27 samt
746 1557 56 36 vid
830 1557 325 50 förslagsanslagets
1188 1561 225 38 beräknande
1441 1562 137 50 hänsyn
1605 1566 63 36 bör
1695 1571 99 44 tagas

194 1604 124 45 dertill,
359 1608 50 32 att
444 1604 202 49 Riksdagen
686 1609 158 47 upptagit
888 1611 96 35 1870
1018 1611 56 35 års
1110 1611 191 37 inkomster
1328 1614 39 35 af
1383 1615 411 48 jernvägstrafikmedlen

194 1654 51 36 till
288 1658 197 44 6,500,000
514 1657 84 36 R:dr
626 1658 83 36 eller
741 1662 158 45 100,000
927 1661 87 36 R:dr
1042 1662 109 48 högre
1180 1667 46 32 än
1254 1665 42 35 de
1323 1665 53 36 för
1394 1667 245 38 innevarande
1667 1670 39 36 år
1733 1671 59 36 be-

194 1707 154 36 räknade
376 1707 236 38 inkomsterna
639 1710 38 35 af
699 1712 152 35 nämnda
878 1713 111 47 trafik,
1018 1714 38 35 så
1083 1714 64 36 har
1175 1715 179 37 Utskottet
1376 1717 77 38 icke
1473 1724 113 32 ansett
1605 1721 189 48 utgifterna

194 1759 87 35 böra
308 1766 170 40 upptagas
506 1760 94 47 lägre
628 1766 45 31 än
700 1763 52 35 till
781 1765 197 45 4,300,000
1008 1765 94 36 R:dr.

322 1809 178 38 Utskottet
526 1811 198 38 hemställer
752 1815 146 47 derföre,

601 1868 49 32 att
676 1866 124 36 Andra
827 1866 215 38 Kammaren
1069 1869 105 36 måtte
1204 1870 9 35 i
1241 1874 116 33 ämnet
1384 1873 86 36 fatta
1496 1874 123 37 beslut.

326 1949 86 35 10:0.
469 1948 173 38 Utskottet
669 1950 90 37 hade
787 1952 49 35 uti
863 1952 119 46 23:dje
1002 1955 159 45 punkten
1187 1967 97 24 mom.
1312 1959 44 44 c),
1385 1958 45 47 på
1457 1962 67 33 sätt
1542 1959 130 49 Kongl.
1693 1962 100 48 Maj:t

192 1999 132 46 begärt,
365 1999 174 49 tillstyrkt,
578 2005 50 32 att
667 2002 204 48 Riksdagen
911 2005 105 35 måtte
1057 2005 53 36 för
1143 2007 39 34 år
1213 2009 95 34 1870
1337 2009 121 35 anvisa
1486 2012 110 44 3,000
1623 2013 87 35 R:dr
1737 2013 51 36 till

191 2049 169 37 arfvoden
386 2050 53 36 för
465 2052 292 45 ingeniörelevers
786 2055 254 37 undervisande
1069 2057 58 35 vid
1155 2057 314 48 Krigshögskolan.
1524 2061 105 37 Detta
1647 2059 144 56 tillstyr-

191 2100 114 36 kande
347 2104 38 33 är
426 2102 130 36 bifallet
595 2103 38 36 af
669 2104 125 37 Första
820 2105 224 49 Kammaren,
1072 2120 81 24 men
1180 2108 146 49 afslaget
1354 2110 38 36 af
1414 2111 125 37 Andra
1565 2110 225 41 Kammaren.

192 2151 55 36 Då
288 2152 133 37 således
458 2155 214 48 omröstning
700 2156 11 35 i
739 2157 116 36 denna
880 2157 100 49 fråga
1007 2158 91 37 lärer
1125 2160 87 36 böra
1238 2161 174 48 anställas,
1440 2163 146 37 föreslår
1613 2165 179 38 Utskottet

193 2203 9 33 i
231 2204 94 35 detta
354 2204 197 38 hänseende
579 2207 152 47 följande
760 2209 405 49 voteringsproposition:
