1888 2780
507 155 123 39 Tredje
653 154 245 39 lagutskottets
922 153 179 30 utlåtande
1124 163 42 20 nr
1188 154 30 29 6.
1590 154 20 29 9

158 234 46 30 År
228 235 82 30 1930
332 235 173 30 förelades
525 235 187 39 riksdagen
734 244 47 30 ny
800 234 218 40 proposition
1038 235 11 29 i
1071 235 128 29 ämnet.
1221 234 117 39 Enligt
1358 233 117 31 denna
1495 233 113 30 skulle

115 289 205 38 Konungen,
345 288 118 30 därest
486 288 268 30 förhållandena
779 288 125 29 sådant
926 287 185 40 påkallade
1136 287 52 30 till
1214 287 253 30 förhindrande
1492 296 42 21 av
1558 289 51 27 att

115 342 119 38 lingon
257 341 189 40 plockades
468 341 109 29 innan
599 341 41 30 de
664 341 150 39 uppnått
837 340 143 40 lämplig
1004 340 161 40 mognad,
1190 341 64 38 äga
1277 342 51 28 att
1350 340 45 40 på
1418 340 192 30 framställ-

115 395 84 39 ning
218 404 43 21 av
277 395 404 39 hushållningssällskap
700 395 65 29 och
783 394 177 39 landsting
979 393 179 35 förordna,
1178 395 51 28 att
1247 393 96 30 inom
1361 393 88 31 visst
1466 393 142 30 område

115 448 190 40 plockning
334 458 42 20 av
403 448 129 38 lingon,
561 448 63 29 där
652 448 102 29 dessa
783 447 30 39 ej
845 447 215 30 omedelbart
1088 446 174 30 förtärdes
1290 447 12 29 i
1330 447 172 30 samband
1529 447 80 29 med

115 501 245 40 plockningen,
384 501 76 29 icke
485 501 93 39 finge
602 502 64 38 äga
689 509 80 21 rum
794 501 73 28 före
892 500 77 39 dag,
994 509 76 21 som
1094 509 42 21 av
1159 500 252 39 länsstyrelsen
1434 500 96 30 bleve
1553 500 57 30 be-

116 554 125 30 stämd.

159 608 372 29 Jordbruksutskottet
558 607 147 30 anförde
733 607 12 29 i
773 607 134 39 avgivet
936 606 181 31 utlåtande
1146 607 81 29 över
1255 606 274 40 propositionen,
1559 609 51 27 att

115 662 172 29 utskottet
310 661 11 29 i
345 661 187 30 huvudsak
555 661 77 29 icke
655 660 90 30 hade
770 660 105 39 något
899 662 50 28 att
974 660 116 30 erinra
1114 662 73 28 mot
1212 660 216 34 densamma,
1454 669 81 20 men
1558 662 51 28 att

115 715 108 38 enligt
241 715 190 29 utskottets
448 714 141 39 mening
607 714 233 39 markägaren
858 715 64 28 och
940 713 206 30 arrendator
1164 713 106 30 borde
1290 713 221 39 undantagas
1529 713 81 30 från

116 768 164 30 förbudet
309 768 12 29 i
352 768 109 39 fråga.
493 768 177 30 Utskottet
700 767 207 30 hemställde
939 767 231 34 fördenskull,
1201 768 51 28 att
1282 767 189 39 riksdagen
1501 766 108 30 måtte

116 821 118 30 lämna
256 821 265 40 propositionen
542 822 87 28 utan
649 820 100 31 bifall
772 830 80 20 men
875 820 151 35 anhålla,
1049 822 51 28 att
1122 820 127 40 Kungl.
1271 820 107 39 Maj:t
1399 820 108 30 måtte
1530 820 80 29 med

115 875 196 29 beaktande
331 884 42 21 av
392 875 57 29 det
469 874 148 30 anförda
637 874 160 30 utarbeta
817 876 76 37 nytt
913 874 130 39 förslag
1063 874 10 29 i
1094 874 154 30 ärendet.

160 928 67 30 Vid
246 928 353 30 utskottsutlåtandet
617 927 106 30 fanns
741 928 107 29 bland
867 929 108 28 annat
993 927 104 39 fogad
1115 936 43 21 en
1176 927 225 33 reservation,
1421 927 74 29 däri
1514 927 96 29 hem-

117 981 154 34 ställdes,
293 983 50 28 att
363 981 189 40 riksdagen
572 982 123 29 enbart
715 981 108 29 måtte
846 981 95 30 avslå
961 980 275 40 propositionen.

160 1035 125 29 Första
303 1034 209 30 kammaren
529 1034 99 30 biföll
648 1034 190 29 utskottets
857 1033 221 35 hemställan,
1098 1035 157 28 varemot
1275 1033 110 30 andra
1403 1033 208 29 kammaren

117 1087 115 30 anslöt
257 1087 49 39 sig
330 1087 53 30 till
407 1088 241 39 nyssnämnda
671 1087 225 30 reservation.
921 1086 269 40 Propositionen
1212 1086 90 30 hade
1328 1085 149 31 sålunda
1500 1086 112 29 avsla-

117 1141 67 38 gits
203 1142 86 28 utan
307 1142 50 28 att
374 1140 188 40 riksdagen
579 1141 149 39 begärde
747 1142 77 38 nytt
842 1140 131 40 förslag
990 1140 12 29 i
1020 1141 128 29 ämnet.

162 1225 123 30 Såsom
300 1234 90 21 ovan
404 1226 136 29 berörts
555 1227 150 38 upptogs
720 1225 125 39 frågan
859 1225 11 29 i
885 1234 43 21 en
942 1225 59 30 vid
1019 1225 82 30 1935
1117 1224 58 30 års
1190 1224 142 40 riksdag
1347 1224 104 31 väckt
1466 1223 144 30 motion.

117 1278 131 30 Därvid
263 1279 227 29 hemställdes
506 1279 11 29 i
532 1288 48 20 nu
595 1279 230 29 förevarande
842 1278 179 34 avseende,
1038 1280 50 28 att
1104 1277 188 39 riksdagen
1307 1277 80 31 ville
1403 1277 65 30 hos
1483 1277 127 39 Kungl.

117 1332 107 38 Maj:t
242 1332 187 29 hemställa
448 1341 57 20 om
524 1331 209 40 vidtagande
754 1341 41 20 av
814 1331 161 39 åtgärder
994 1331 11 29 i
1026 1340 135 21 samma
1182 1331 90 39 syfte
1294 1340 75 20 som
1388 1330 123 39 avsågs
1531 1330 79 29 med

119 1384 106 30 »1930
247 1385 57 29 års
324 1384 218 41 proposition
563 1385 52 29 till
636 1385 188 39 riksdagen
845 1384 178 40 angående
1043 1384 265 30 bestämmelser
1328 1392 58 21 om
1407 1383 127 30 förbud
1556 1383 56 29 för

117 1437 190 40 plockning
329 1447 42 20 av
392 1446 150 31 omogna
564 1438 200 39 skogsbär».

162 1491 13 28 I
199 1490 60 30 sitt
281 1491 96 29 förut
398 1491 215 29 omnämnda
635 1491 181 29 utlåtande
844 1490 58 33 (nr
925 1490 58 33 21)
1009 1490 12 29 i
1043 1490 144 30 ärendet
1208 1490 137 39 yttrade
1368 1489 112 30 första
1501 1489 111 38 lagut-

119 1544 130 29 skottet
270 1544 222 30 beträffande
515 1544 115 29 denna
652 1544 100 39 fråga
774 1543 172 40 följande:

162 1606 257 30 Erfarenheten
438 1606 65 29 har
523 1606 83 39 givit
626 1606 58 30 vid
704 1606 151 34 handen,
877 1608 50 28 att
947 1605 271 30 konkurrensen
1239 1614 57 20 om
1315 1605 109 29 bären
1446 1604 166 29 föranlett

117 1652 51 28 att
197 1650 41 30 de
268 1650 10 29 i
308 1652 72 28 stor
409 1651 245 39 utsträckning
684 1650 147 30 skördas
860 1650 95 39 långt
984 1650 109 29 innan
1122 1650 42 29 de
1193 1649 99 30 blivit
1321 1657 138 31 mogna.
1489 1648 122 29 Denna

117 1694 184 39 olägenhet
324 1695 112 30 skulle
457 1695 56 30 väl
534 1696 11 28 i
565 1695 71 29 viss
658 1695 84 29 mån
763 1695 225 33 förminskas,
1011 1695 117 29 därest
1149 1694 45 40 på
1217 1695 68 28 sätt
1307 1693 172 30 utskottet
1501 1692 111 30 förut-

120 1741 68 27 satt
208 1740 114 28 rätten
341 1740 52 28 till
413 1740 107 29 bären
538 1740 12 28 i
569 1740 115 39 någon
704 1740 244 37 utsträckning
968 1739 210 29 förbehölles
1196 1738 221 39 jordägaren.
1438 1737 65 29 Det
1522 1736 91 29 lärer

118 1783 193 30 emellertid
336 1785 88 28 även
448 1784 11 28 i
483 1784 110 38 övrigt
617 1793 83 21 vara
726 1783 221 39 synnerligen
972 1783 168 30 önskvärt
1165 1785 50 27 att
1240 1792 83 20 man
1348 1782 102 29 söker
1474 1781 138 39 ingripa

117 1829 73 28 mot
220 1828 67 28 den
317 1828 143 29 särskilt
489 1828 222 29 beträffande
741 1828 164 38 lingonen
935 1827 170 30 utbredda
1135 1827 129 30 oseden
1294 1828 50 28 att
1374 1826 128 30 skörda
1531 1826 80 29 dem

118 1872 140 38 mycket
280 1872 55 29 för
357 1872 112 38 tidigt.
492 1873 12 28 I
527 1872 98 38 fråga
646 1882 58 20 om
726 1872 269 39 möjligheterna
1019 1872 53 29 för
1094 1873 49 27 ett
1166 1871 125 29 sådant
1312 1870 207 39 ingripande
1540 1870 72 28 kan

118 1916 58 29 det
192 1916 55 29 väl
265 1925 82 20 vara
366 1916 137 29 förenat
520 1917 79 29 med
616 1916 93 30 vissa
728 1916 212 38 svårigheter
959 1918 49 27 att
1027 1916 115 29 såsom
1160 1915 146 39 tidigare
1325 1914 198 39 föreslagits
1541 1914 68 29 låta

118 1960 163 38 offentlig
302 1960 204 39 myndighet
525 1961 194 29 bestämma
738 1960 71 29 viss
829 1960 49 29 tid
899 1960 74 29 före
993 1960 116 29 vilken
1130 1959 164 39 lingonen
1314 1959 19 29 å
1353 1967 42 21 en
1414 1958 71 30 viss
1505 1960 53 27 ort
1577 1958 31 39 ej

119 2005 57 28 må
195 2004 157 29 skördas.
372 2005 58 29 Ett
448 2004 126 30 förbud
593 2006 50 28 att
660 2005 44 39 på
723 2005 195 38 uppenbart
937 2005 53 28 för
1008 2004 101 38 tidigt
1128 2004 153 28 stadium
1301 2003 128 29 skörda
1448 2003 161 38 lingonen

119 2048 113 29 skulle
257 2048 88 29 dock
371 2048 99 29 alltid
495 2049 43 39 på
563 2048 115 30 denna
703 2050 64 37 väg
792 2049 121 29 kunna
938 2048 161 29 erhållas.
1126 2048 94 29 Även
1245 2048 109 28 andra
1380 2048 146 38 utvägar
1551 2048 60 27 äro

119 2092 193 29 emellertid
336 2093 183 29 tänkbara.
544 2093 153 29 Sålunda
722 2092 116 29 finner
862 2093 169 30 utskottet
1055 2092 75 29 icke
1155 2091 165 30 uteslutet
1345 2093 50 27 att
1418 2091 57 29 det
1499 2091 112 28 skulle

118 2136 122 29 kunna
259 2136 177 30 meddelas
454 2146 43 19 en
514 2136 244 30 bestämmelse
778 2136 106 38 enligt
902 2137 117 28 vilken
1036 2136 212 38 jordägaren
1267 2135 111 29 skulle
1398 2136 63 37 äga
1479 2137 49 27 att
1547 2135 65 28 hos

119 2180 257 29 landsfiskalen
394 2181 11 28 i
423 2182 99 27 orten
541 2181 146 28 utverka
706 2180 127 29 förbud
852 2182 50 27 att
921 2180 126 29 skörda
1067 2188 149 29 omogna
1235 2180 119 37 lingon
1373 2179 16 29 å
1410 2179 70 29 viss
1500 2179 111 28 mark.

118 2224 68 28 För
211 2224 232 29 överträdelse
469 2233 41 20 av
534 2224 163 29 förbudet
720 2224 106 29 borde
851 2224 140 37 stadgas
1015 2226 44 26 ett
1088 2224 69 37 lågt
1182 2223 215 32 bötesstraff,
1423 2232 74 20 som
1522 2222 86 29 dock

119 2267 76 29 icke
223 2267 111 29 skulle
361 2269 62 36 äga
450 2267 222 39 tillämpning
696 2268 11 28 i
733 2268 109 28 andra
869 2267 59 29 fall
956 2268 44 28 än
1025 2267 62 29 där
1113 2267 115 37 någon
1253 2267 88 29 efter
1365 2267 58 28 det
1449 2266 162 29 förbudet

119 2311 99 29 blivit
234 2311 210 38 exempelvis
460 2319 123 29 genom
600 2312 121 36 anslag
737 2310 170 39 kungjort
923 2311 221 38 uppsåtligen
1162 2311 83 28 eller
1261 2318 124 29 genom
1401 2310 210 37 oursäktligt

120 2354 219 30 förbiseende
366 2355 170 29 åsidosatt
561 2355 206 29 detsamma.
794 2355 130 29 Genom
951 2357 50 27 att
1028 2356 80 35 göra
1136 2354 163 29 förbudet
1325 2355 72 28 mot
1423 2354 189 38 plockning

119 2408 42 20 av
183 2407 149 29 omogna
356 2399 119 38 lingon
497 2399 171 29 beroende
691 2408 42 20 av
755 2399 229 38 jordägarens
1007 2398 151 29 initiativ
1183 2398 111 29 skulle
1318 2398 195 29 detsamma
1537 2398 74 28 icke

120 2443 132 29 behöva
271 2443 47 29 bli
338 2452 73 20 mer
430 2443 217 29 omfattande
667 2444 45 28 än
731 2443 145 29 behovet
895 2443 135 29 kräver.
1049 2443 67 29 För
1135 2452 42 19 en
1198 2442 108 29 sådan
1327 2442 87 38 regel
1435 2442 69 29 kan
1526 2443 86 28 även

121 2487 144 29 anföras
283 2488 49 28 att
350 2488 49 28 ett
418 2487 125 29 förbud
562 2496 41 20 av
621 2486 267 38 ifrågavarande
907 2486 73 39 slag
999 2486 110 39 aldrig
1128 2486 89 30 lärer
1235 2487 120 28 kunna
1375 2486 45 29 bli
1439 2486 173 33 effektivt,
