2198 2618
155 1491 203 33 Justitiedepar-

184 1525 139 29 tementet.

152 1579 106 34 Kungl.
263 1578 95 32 Maj:ts

199 1614 113 33 förslag.

401 168 20 30 6
845 161 253 33 Statsutskottets
1119 157 163 33 utlåtande
1305 157 51 31 Nr
1381 157 49 30 18.

360 245 86 36 från
487 246 80 33 åtta
607 241 59 36 till
708 241 62 35 nio
812 239 71 36 och
917 235 463 39 statsrådsledamöternas
1409 233 106 37 antal
1542 232 107 48 höjas
1680 232 83 35 från
1791 232 82 36 elva
1900 228 59 37 till

360 297 90 45 tolv,
480 307 117 23 varav
625 314 50 5 —
703 294 124 33 såsom
855 303 50 23 nu
934 310 51 5 —
1013 293 58 31 tre
1097 286 258 37 konsultativa
1382 283 175 38 statsråd.

492 343 263 38 Omförmälda
781 340 235 51 proposition
1043 339 126 36 bifölls
1194 351 48 24 av
1261 337 220 48 riksdagen,
1511 347 80 24 som
1611 333 97 37 dock
1727 333 132 37 därvid
1878 333 82 38 icke

361 397 150 51 yttrade
539 396 63 48 sig
629 408 60 23 om
726 394 74 36 den
828 393 12 36 i
867 391 280 48 motiveringen
1187 389 57 37 till
1270 388 285 50 propositionen
1582 385 214 48 framlagda
1823 385 138 49 planen

362 450 57 36 till
446 447 258 50 organisation
745 458 47 23 av
832 443 414 49 statsdepartementen.
1306 440 82 36 Den
1424 441 45 34 19
1498 437 85 50 juni
1606 438 97 35 1919
1745 436 216 37 utfärdades

363 501 87 36 med
479 498 208 49 anledning
714 497 116 36 härav
858 496 65 47 lag
942 508 61 23 om
1024 493 404 50 statsdepartementen
1449 489 79 50 (Sv.
1548 488 230 37 Förf.-saml.
1798 501 44 23 nr
1861 487 100 48 340).

363 552 133 48 Enligt
538 551 122 36 denna
700 549 76 48 lag,
805 548 222 47 varigenom
1056 546 111 47 lagen
1200 557 61 24 om
1303 542 401 49 statsdepartementen
1734 553 46 22 av
1811 539 72 36 den
1914 539 49 35 20

361 604 85 49 juni
470 604 96 35 1918
586 600 234 51 upphävdes,
862 599 69 36 har
972 597 223 46 förordnats,
1224 601 56 30 att
1308 594 403 48 statsdepartementen
1740 591 105 36 skola
1871 603 92 22 vara

365 656 64 36 nio
458 655 70 36 och
558 654 96 36 hava
681 652 167 48 följande
877 649 278 47 huvudsakliga
1181 644 453 47 verksamhetsområden,
1664 642 206 49 nämligen:

497 706 432 44 utrikesdepartementet:
956 701 143 35 utrikes
1127 699 181 44 ärenden;
1340 736 2 3 .

492 759 441 43 fjustitiedepartementet:
960 751 228 49 lagärenden
1217 751 70 35 och
1311 747 446 51 justitieförvaltningen;

494 809 462 45 försvarsdepartementet:
985 802 349 38 försvarsväsendet
1362 801 56 35 till
1446 800 110 35 lands
1584 798 70 36 och
1687 798 111 47 sjöss;

497 861 407 44 socialdepartementet:
932 855 165 37 ärenden
1126 868 45 22 av
1195 853 115 36 social
1328 858 121 40 natur,
1471 854 40 33 så
1531 851 69 35 ock
1619 849 164 37 ärenden
1806 847 161 37 rörande

372 914 71 35 den
472 912 82 36 inre
584 911 111 36 civila
722 908 287 48 förvaltningen
1038 912 96 30 samt
1162 905 137 36 allmän
1327 904 120 36 hälso-
1479 903 70 35 och
1578 900 198 50 sjukvård;

502 962 624 43 kommunikationsdepartementet:
1167 956 167 37 ärenden
1375 954 160 36 rörande
1564 950 405 38 samfärdselanstalter

373 1016 70 36 och
473 1015 190 36 allmänna
691 1013 167 42 arbeten;

498 1067 427 44 finansdepartementet:
954 1060 407 47 finansförvaltningen
1389 1057 70 36 och
1490 1055 321 44 skatteväsendet;

505 1117 517 45 ecklesiastikdepartementet:
1049 1111 286 51 kyrkoärenden
1355 1115 97 31 samt
1473 1108 163 36 ärenden
1654 1107 160 36 rörande
1834 1106 135 36 under-

374 1171 167 47 visning,
569 1168 209 48 vetenskap
806 1166 69 37 och
903 1165 130 43 konst;

499 1221 497 45 jordbruksdepartementet:
1037 1215 163 36 ärenden
1244 1213 159 37 rörande
1440 1211 197 49 jordbruk,
1680 1211 179 36 domäner
1900 1209 71 36 och

375 1274 161 48 skogar;
566 1277 98 31 samt

507 1325 447 44 handelsdepartementet:
990 1318 163 37 ärenden
1181 1316 162 37 rörande
1371 1315 150 46 handel,
1550 1314 161 36 industri
1731 1313 72 37 och
1824 1312 145 48 sjöfart.

505 1376 83 36 Den
616 1373 159 38 sålunda
804 1371 194 37 beslutade
1027 1369 306 49 organisationen
1361 1380 67 23 var
1457 1365 139 37 avsedd
1625 1370 55 31 att
1709 1365 106 36 träda
1841 1365 13 35 i
1873 1364 99 37 kraft

376 1429 73 36 den
480 1431 18 33 1
525 1427 73 50 juli
629 1427 108 35 1920.

507 1479 17 36 I
552 1476 244 39 förevarande
837 1474 236 50 proposition
1113 1473 67 36 har
1220 1471 139 48 Kungl.
1401 1470 107 48 Maj:t
1545 1483 50 22 nu
1624 1468 179 49 framlagt
1830 1467 145 49 förslag

377 1532 57 37 till
462 1529 329 51 organisationens
819 1524 307 51 genomförande.

508 1635 56 35 De
592 1632 275 48 förändringar,
896 1643 82 23 som
1008 1642 45 23 av
1082 1628 70 36 den
1194 1640 77 35 nya
1298 1624 524 51 departementsindelningen
1851 1623 125 36 föran-

377 1687 105 37 ledas
511 1686 84 36 med
624 1683 186 38 avseende
839 1685 20 34 å
881 1680 468 51 justitiedepartementets
1390 1675 311 47 ämbetsområde,
1731 1679 64 31 äro
1823 1674 32 49 ej
1887 1687 90 36 syn-

379 1738 173 49 nerligen
578 1735 224 50 betydande.
857 1734 16 36 I
900 1734 158 35 främsta
1084 1736 163 31 rummet
1275 1742 87 23 avse
1390 1728 111 36 dessa
1520 1727 267 47 förändringar
1806 1721 172 57 departe-

380 1795 160 32 mentets
581 1785 473 51 lagstiftningsuppgifter,
1097 1796 85 23 men
1223 1787 93 30 även
1344 1780 103 36 vissa
1475 1778 142 37 mindre
1641 1778 247 48 jämkningar
1914 1776 64 37 be-

379 1841 186 37 träffande
594 1840 86 36 dess
709 1835 410 50 förvaltningsområde
1147 1834 98 36 hava
1273 1836 142 32 ansetts
1443 1831 93 36 böra
1563 1830 76 36 ske.

512 1890 237 39 Beträffande
779 1888 431 47 lagstiftningsfrågorna
1238 1883 157 37 innebär
1424 1882 145 48 Kungl.
1598 1881 126 48 Maj:ts
1753 1880 143 48 förslag
1925 1885 55 30 att

382 1945 160 36 flertalet
584 1942 166 37 ärenden
792 1955 47 22 av
880 1940 125 36 denna
1032 1944 56 30 art
1115 1935 230 38 fortfarande
1374 1935 106 35 skola
1507 1933 239 48 handläggas
1775 1935 20 32 å
1817 1931 164 49 justitie-

382 1997 307 48 departementet.
746 1993 55 36 De
828 1993 142 46 frågor,
1000 2003 80 23 som
1119 1988 106 37 skola
1252 1986 206 37 behandlas
1488 1999 46 22 av
1562 1984 117 36 andra
1707 1983 273 49 departement,

382 2048 68 36 där
478 2045 203 38 förändrad
710 2043 374 47 ärendesfördelning
1111 2041 230 46 ifrågasatts,
1362 2038 147 47 framgå
1527 2037 13 35 i
1559 2035 197 37 huvudsak
1777 2048 44 23 av
1841 2034 140 37 nedan-

383 2098 155 38 stående
566 2095 368 47 sammanställning:

513 2151 411 44 Socialdepartementet:
966 2145 139 36 allmän
1146 2144 123 35 hälso-
1311 2142 69 36 och
1422 2139 190 49 sjukvård,
1655 2139 137 35 allmän
1820 2137 164 48 ordning

384 2202 71 36 och
498 2201 185 45 säkerhet,
726 2195 463 50 kommunallagstiftning
1217 2195 12 35 i
1259 2195 106 47 fråga
1406 2205 61 23 om
1496 2192 45 35 de
1568 2190 219 49 borgerliga
1813 2189 171 36 kommu-

385 2267 128 32 nerna,
543 2253 140 35 arbets-
714 2251 70 36 och
812 2247 296 47 kollektivavtal,
1146 2246 264 42 arbetstvister,
1442 2242 280 48 arbetarskydd,
1753 2240 230 37 arbetstiden
