2289 2753
683 139 98 32 Stuts-
793 140 158 33 Utskottets
987 143 163 33 Utlåtande
1182 144 60 33 N:o
1273 147 51 31 28.
1700 155 38 30 k7

199 224 92 32 hörer
320 225 106 31 blifvit
456 226 244 43 vederbörligen
740 228 199 43 öfvervägdt.
996 230 46 32 Af
1071 231 105 32 denna
1205 234 179 43 anledning
1413 235 57 32 har
1493 238 58 42 jag
1578 239 95 41 yrkat
1704 239 90 33 bifall

199 276 45 31 till
275 277 60 31 den
365 288 134 28 summa,
534 278 156 40 231,400
719 278 93 41 R:dr,
841 280 122 44 Kongl.
993 282 92 43 Maj:t
1112 284 127 32 äskat."

331 329 63 32 Vid
425 330 41 30 13
489 330 148 42 punkten,
653 342 89 20 mom.
773 344 18 18 a
819 332 183 43 (angående
1032 335 112 44 anslag
1173 337 48 32 för
1241 337 194 46 Carlsborgs
1458 342 334 45 fästningsbyggnad)

197 382 31 29 af
269 380 84 32 Herr
397 382 39 30 4.
478 382 42 30 W.
552 382 128 43 Björck:
740 384 84 32 "Vid
868 385 171 45 riksdagen
1070 390 74 30 åren
1193 390 246 34 1862—1863
1479 394 149 42 åtföljdes
1670 395 123 45 Kongl.

197 431 107 44 Maj:te
335 433 119 44 nådiga
483 433 207 43 Proposition
722 448 48 19 om
803 436 218 33 Statsverkets
1052 440 142 32 tillstånd
1225 443 58 31 och
1314 443 96 32 behof
1440 446 32 30 af
1499 453 41 25 ett
1572 448 68 30 utaf
1668 446 125 34 Chefen

196 485 49 30 för
285 485 270 32 Fortifikationen
600 488 177 42 uppgjordt
822 489 118 44 förslag
983 492 136 33 rörande
1150 492 193 43 Carlsborgs
1374 497 330 44 fästningsbyggnad,
1735 513 56 19 en-

195 537 58 42 ligt
296 537 124 32 hvilket
450 539 47 30 för
526 538 194 33 slutvärnets
751 540 183 33 fullbordan
966 544 103 31 under
1098 547 74 29 åren
1207 548 104 33 1864,
1347 550 91 30 1865
1472 550 58 30 och
1568 552 91 31 1866
1691 551 101 33 borde

196 589 127 31 anvisas
366 590 134 42 tillhopa
544 591 156 37 390,000
746 592 96 34 R:dr;
886 593 174 43 hvarjemte
1105 596 53 31 det
1187 600 149 42 uppgafs,
1367 609 43 22 att
1441 601 183 43 fästningen
1655 604 137 32 sålunda

195 640 104 32 skulle
328 644 108 40 uppnå
466 643 99 30 första
594 644 140 31 stadium
765 646 31 29 af
825 646 262 33 försvarsbarhet.
1145 648 51 32 Då
1226 651 95 40 likväl
1352 652 70 32 icke
1453 665 84 20 mera
1567 660 38 26 än
1637 656 154 38 100,000

195 692 80 32 R:dr
316 694 121 42 årligen
474 695 31 30 af
534 694 186 42 Riksdagen
752 696 184 41 beviljades,
980 700 206 32 meddelades
1229 704 52 29 vid
1329 705 246 33 1865—1866
1619 710 50 28 års
1712 708 79 32 riks-

196 745 73 41 dag,
312 752 57 32 att,
397 746 101 31 ehuru
542 747 177 32 slutvärnet
763 748 135 33 kommit
941 752 102 31 under
1085 753 53 30 tak
1182 754 51 31 vid
1265 756 94 32 slutet
1390 759 32 29 af
1449 760 35 29 år
1518 759 104 39 1865,
1652 762 34 29 så
1719 761 74 32 vida

196 797 190 32 väderleken
432 798 69 32 icke
545 799 104 31 blefve
692 800 108 32 alltför
843 814 188 30 ogynnsam,
1077 806 49 30 för
1163 806 52 31 det
1245 808 208 41 fullständiga
1485 810 245 33 fullbordandet
1761 816 32 29 af

195 848 194 44 byggnaden
419 850 101 32 likväl
549 852 162 32 återstode
742 865 36 18 en
811 853 144 42 betydlig
984 856 50 31 del
1066 857 32 30 af
1127 858 67 30 inre
1223 859 210 42 hvälfningen
1465 862 58 32 och
1552 863 239 44 inredningen;

193 901 8 30 i
229 902 235 43 sammanhang
493 903 153 32 hvarmed
676 904 206 33 hemställdes
912 919 50 19 om
993 909 111 42 anslag
1134 910 31 30 af
1196 912 157 32 200.000
1387 913 75 31 RB:dr
1491 914 121 43 årligen
1644 916 44 31 till
1711 917 80 31 fort-

192 954 147 31 sättande
382 955 32 31 af
456 955 373 43 fästningsbyggnaden.
890 958 109 32 Rikets
1044 959 140 34 Ständer
1220 962 157 42 beviljade
1408 966 50 30 för
1486 968 34 29 år
1553 968 91 31 1867
1677 968 115 32 endast

196 1005 158 38 100,000
392 1006 90 39 R:dr,
512 1007 60 32 och
603 1008 53 31 vid
687 1009 148 31 sistlidne
877 1010 133 40 riksdag
1052 1013 170 33 anvisades
1252 1015 48 31 väl
1332 1017 48 30 för
1410 1018 213 31 fortsättande
1652 1021 31 30 af
1713 1022 77 30 fäst-

193 1057 293 43 ningsbyggnaden
531 1060 49 31 för
620 1060 223 33 innevarande
886 1064 33 29 år
960 1070 41 24 ett
1047 1064 112 44 anslag
1188 1068 31 29 af
1251 1067 134 37 530,000
1417 1069 87 39 R:dr,
1536 1082 69 19 men
1637 1071 153 42 derjemte

194 1107 156 44 begärdes
391 1111 258 44 undersökning,
693 1112 158 33 huruvida
882 1114 60 31 den
974 1117 185 41 uppgjorda
1187 1118 114 43 planen
1333 1131 75 21 vore
1437 1122 32 30 af
1498 1121 221 34 beskaffenhet
1747 1131 45 25 att

196 1159 78 33 böra
314 1162 94 32 äfven
444 1163 160 43 framgent
634 1164 101 42 följas.
795 1165 229 44 Anledningen
1055 1168 46 32 ill
1131 1169 103 33 denna
1266 1171 187 33 hemställan
1486 1186 56 18 var
1571 1175 44 31 till
1646 1175 142 33 hufvud-

194 1212 105 44 saklig
328 1214 51 31 del
407 1214 130 33 hemtad
568 1216 154 38 derifrån,
752 1225 54 30 att,
823 1219 98 31 sedan
952 1220 179 31 slutvärnet
1161 1223 114 31 vunnit
1305 1223 197 41 fullbordan,
1533 1225 132 34 arbeten
1696 1236 92 24 utan-

196 1265 50 31 för
273 1265 88 32 detta
389 1266 104 33 skulle
522 1267 129 32 komma
680 1275 43 24 att
755 1269 139 43 vidtaga,
924 1271 58 31 och
1013 1271 53 32 det
1095 1284 65 28 var,
1182 1274 96 31 innan
1301 1275 92 32 dessa
1414 1276 203 43 påbörjades,
1639 1291 67 20 som
1729 1293 60 19 un-

195 1316 239 45 dersökningen
463 1322 118 41 ansågs
609 1320 101 44 nödig
739 1321 59 32 och
829 1321 100 33 borde
959 1336 59 30 ega
1048 1336 79 20 rum.
1168 1326 75 32 Icke
1272 1328 91 31 desto
1394 1330 126 31 mindre
1549 1331 158 32 inhemtas
1736 1336 50 28 så-

195 1369 51 31 väl
276 1371 32 30 af
335 1370 63 33 den
427 1371 123 43 Kongl.
580 1372 251 44 Propositionen
861 1386 67 20 som
959 1376 31 31 af
1018 1376 51 31 det
1103 1377 214 41 betänkande,
1345 1380 123 32 hvilket
1496 1382 145 38 afoifvits
1676 1385 31 30 af
1727 1384 61 32 den

196 1420 48 32 för
285 1422 117 32 sådant
444 1424 149 31 ändamål
633 1424 246 33 tillförordnade
908 1427 129 41 komité,
1067 1435 45 25 att
1140 1436 44 25 ett
1212 1433 35 28 så
1274 1431 124 32 kalladt
1427 1433 68 32 inre
1533 1435 257 33 retranchement

196 1472 107 33 blifvit
331 1474 173 44 påbörjadt
532 1483 45 24 att
604 1477 156 43 uppföras
793 1479 127 31 utanför
949 1480 197 41 slutvärnet;
1176 1482 71 37 och,
1277 1483 102 33 ehuru
1409 1485 159 34 komitéen
1598 1494 113 31 ansett,
1743 1495 46 25 att

197 1525 375 45 fästningsbyggnadens
611 1529 99 31 första
752 1530 138 32 stadium
926 1531 80 34 icke,
1050 1535 103 30 såsom
1191 1535 361 35 fortifikations-chefen
1581 1540 87 31 förut
1697 1546 90 25 anta-

196 1577 56 42 git,
294 1577 101 34 borde
423 1591 91 20 anses
544 1580 183 33 fulländadt
757 1582 72 32 med
859 1583 186 42 slutvärnet,
1074 1591 75 26 utan
1180 1593 43 24 att
1253 1588 84 31 detta
1368 1589 140 32 stadium
1535 1591 118 39 jemväl
1685 1592 104 32 skulle

196 1636 143 37 upptaga
383 1632 54 30 det
472 1632 246 43 ifrågavarande
746 1635 70 30 inre
845 1636 299 40 retranchementet,
1174 1638 61 31 kan
1266 1650 121 22 samma
1418 1642 257 33 retranchement
1705 1644 84 32 dock

197 1681 70 32 icke
309 1694 76 20 vara
426 1684 105 32 afsedt
559 1685 45 31 till
635 1686 171 31 utförande
836 1687 70 31 med
938 1688 39 31 de
1006 1689 112 38 medel,
1148 1701 67 21 som
1247 1691 154 43 anslagits
1431 1694 114 31 endast
1575 1695 45 31 till
1650 1696 136 31 slutvär-

198 1740 54 25 net
291 1734 76 32 eller
408 1736 45 30 till
498 1736 369 43 fästningsbyggnaden,
911 1740 102 30 under
1042 1740 155 32 förbehåll
1240 1749 45 24 att
1314 1744 246 41 undersökning
1589 1746 102 32 skulle
1720 1747 66 37 ske,

198 1784 96 33 innan
338 1786 123 32 arbetet
501 1788 140 43 fortgick
684 1795 88 25 utom
803 1790 185 32 slutvärnet.
1048 1792 50 31 Då
1126 1805 41 19 nu
1198 1801 41 24 ett
1269 1796 186 41 ytterligare
1484 1798 112 42 anslag
1624 1799 32 31 af
1685 1800 103 31 medel

198 1836 50 31 för
276 1838 356 44 fästningsbyggnaden
663 1840 58 32 och
752 1847 75 25 utan
856 1842 56 31 allt
939 1843 156 33 förbehåll
1125 1847 99 31 måste
1252 1846 129 32 komma
1411 1856 44 23 att
1485 1850 175 39 användas,
1682 1853 105 31 såsom

198 1888 61 32 ock
305 1889 61 32 den
395 1890 121 44 Kongl.
546 1892 250 43 Propositionen
827 1894 186 40 innehåller,
1045 1896 45 31 till
1122 1898 210 44 fortsättning
1360 1901 31 30 af
1421 1900 54 32 det
1503 1901 67 31 inre
1601 1903 184 33 retranche-

199 1947 129 33 mentet,
370 1942 114 32 hvaraf
524 1943 63 32 kan
624 1956 92 20 anses
746 1944 86 42 följa,
862 1952 44 24 att
935 1947 111 42 anslag
1075 1949 199 32 fortfarande
1304 1953 98 29 måste
1444 1951 142 44 beviljas,
1629 1954 158 33 intilldegs

200 1991 195 44 byggnaden
439 1998 136 40 uppnått
605 1996 53 32 det
686 1996 151 41 stadium,
868 2010 66 20 som
968 1999 159 33 komitéen
1159 2001 171 33 betecknat
1358 2006 103 30 sågom
1493 2005 53 31 det
1575 2006 108 38 första,
1716 2020 68 19 men

199 2043 122 45 Kongl.
362 2045 94 43 Maj:t
496 2053 87 26 ännu
624 2048 71 32 icke
736 2050 127 43 pröfvat
892 2050 178 33 komitéens
1107 2053 122 44 förslag
1258 2055 7 29 i
1297 2055 106 32 denna
1431 2056 61 39 del,
1523 2057 59 32 och
1612 2057 172 35 Stats-Ut-

200 2096 119 33 skottet
355 2098 120 41 jemväl
517 2099 116 32 saknat
674 2100 176 44 anledning
888 2109 44 25 att
961 2103 75 44 ingå
1064 2105 7 30 i
1102 2104 212 41 bedömande,
1344 2119 50 21 om
1426 2109 51 31 det
1506 2109 68 32 inre
1603 2111 181 32 retranche-

201 2155 119 25 mentet
360 2150 60 32 bör
449 2151 122 32 utföras
599 2152 77 32 eller
703 2153 89 38 icke;
821 2153 58 32 har
902 2155 57 42 jag
987 2155 108 33 funnit
1124 2157 65 43 mig
1217 2157 76 34 böra
1322 2159 77 32 härå
1428 2161 82 31 fästa
1538 2162 246 43 uppmärksam-

199 2199 104 40 heten,
346 2205 42 40 på
429 2203 51 31 det
524 2210 45 25 att
610 2204 198 44 Riksdagen,
853 2207 51 31 vid
948 2208 152 43 pröfning
1136 2210 33 31 af
1196 2209 53 33 det
1277 2211 246 43 ifrågavarande
1552 2214 154 43 anslaget,
1736 2217 51 29 må

201 2251 93 41 tillse,
329 2254 161 33 huruvida
520 2256 177 32 detsamma
726 2257 61 31 kan
818 2258 58 32 och
907 2258 58 32 bör
992 2259 134 44 beviljas
1154 2261 9 31 i
1193 2263 147 31 ändamål
1371 2271 45 24 att
1444 2265 184 41 sysselsätta
1656 2267 54 31 det
1739 2268 48 30 för

304 2305 73 32 Bih.
407 2306 46 32 till
481 2307 110 32 Riksd.
622 2308 86 32 Prot.
739 2309 90 33 1868.
885 2311 19 30 4
935 2310 97 33 Saml.
1064 2314 14 29 1
1108 2312 77 44 Afd.
1218 2316 34 30 14
1286 2314 88 42 Häft.
1714 2319 19 30 3
