1864 2778
246 180 43 29 24
640 177 252 27 Statsutskottets
917 177 162 27 utlåtande
1101 185 39 18 nr
1161 177 16 27 6
1201 177 36 27 år
1261 176 74 27 1959

303 257 74 29 Vad
412 257 387 38 departementschefen
836 257 116 29 anfört
989 257 148 29 rörande
1174 256 194 39 höjningen
1406 265 42 20 av
1487 255 246 39 investerings-

248 319 164 20 ramarna
433 310 56 30 för
509 310 516 39 vägbyggnadsverksamheten
1049 310 108 29 under
1181 310 84 29 åren
1290 309 83 29 1958
1396 309 65 29 och
1486 309 83 29 1959
1594 309 52 29 till
1670 308 62 30 320

249 373 89 29 resp.
359 364 61 29 355
441 364 88 38 milj.
550 364 51 29 kr.
622 364 63 29 har
705 364 30 39 ej
759 364 108 29 heller
887 364 82 39 givit
991 364 169 29 utskottet
1181 363 189 39 anledning
1390 363 53 29 till
1464 363 152 29 erinran.
1638 363 12 28 I
1674 363 59 29 sitt

248 426 43 20 av
314 417 186 39 riksdagen
524 426 145 20 numera
693 417 186 39 godkända
902 417 180 29 utlåtande
1107 426 40 19 nr
1173 416 40 29 18
1244 417 48 38 (p.
1320 416 33 33 1)
1382 416 64 29 har
1472 416 169 29 utskottet
1665 416 68 29 till-

249 471 113 38 styrkt
389 470 197 39 beviljande
613 480 41 19 av
681 470 123 30 härför
831 470 204 39 erforderlig
1064 470 317 38 medelsanvisning
1408 479 57 19 om
1494 469 40 29 25
1564 469 87 39 milj.
1680 470 53 28 kr.

248 524 45 39 på
316 524 218 39 tilläggsstat.

306 578 12 28 I
347 577 150 39 enlighet
527 578 78 29 med
633 577 405 39 departementschefens
1068 577 129 39 förslag
1226 577 63 29 bör
1319 577 56 29 det
1405 576 36 29 få
1471 576 189 29 ankomma
1689 576 45 39 på

249 631 125 39 Kungl.
395 631 105 38 Maj:t
520 633 50 27 att
589 649 44 2 —
652 631 117 29 därest
790 631 401 38 arbetsmarknadsläget
1213 630 39 30 så
1274 630 174 39 medgiver
1470 630 83 29 eller
1574 629 160 40 påkallar

247 702 44 3 —
315 684 209 39 bemyndiga
549 685 78 38 väg-
653 684 64 29 och
742 684 472 39 vattenbyggnadsstyrelsen
1242 686 51 27 att
1320 683 107 29 utöka
1454 683 280 39 byggnadsverk-

249 738 180 29 samheten
450 746 125 30 genom
596 740 50 27 att
666 738 112 29 under
799 737 203 39 budgetåret
1024 739 10 28 i
1056 737 119 39 förväg
1197 739 80 37 taga
1299 737 11 28 i
1331 736 153 39 anspråk
1506 736 228 39 erforderliga

247 791 126 39 belopp
394 800 41 20 av
455 791 41 29 de
518 791 110 29 medel
649 791 44 39 på
714 791 42 29 de
778 791 425 29 kalenderårsberäknade
1226 790 175 39 anslagen,
1426 799 75 20 som
1524 791 38 28 är
1584 790 149 29 avsedda

249 844 55 30 för
327 845 65 29 den
415 844 176 30 ordinarie
613 844 268 30 verksamheten
904 845 111 28 under
1039 844 110 29 andra
1170 844 159 29 halvåret
1354 843 93 29 1960.

303 898 280 29 Vidkommande
608 898 350 39 ställningstagandet
982 898 53 29 till
1061 898 40 29 de
1125 898 10 28 i
1159 897 196 39 vägplanen
1379 897 148 29 berörda
1553 897 182 29 standard-

248 951 166 39 frågorna
433 951 118 29 finner
572 951 169 29 utskottet
763 952 94 28 detta
877 951 84 29 böra
982 952 101 38 göras
1104 951 171 29 beroende
1298 959 40 20 av
1360 951 40 28 de
1422 950 165 29 fortsatta
1609 950 126 29 under-

249 1005 199 39 sökningar,
479 1014 76 20 som
583 1005 62 29 bör
674 1005 191 28 ankomma
893 1004 44 39 på
965 1005 80 38 väg-
1075 1004 63 29 och
1166 1003 485 40 vattenbyggnadsstyrelsen.
1681 1004 55 28 En

248 1058 152 39 enhetlig
424 1058 349 39 bärighetsstandard
800 1058 54 29 för
877 1059 164 38 vägnätet
1067 1059 37 28 är
1129 1067 42 19 av
1197 1059 72 28 stor
1295 1057 175 39 betydelse
1497 1057 54 29 för
1577 1057 159 39 närings-

248 1111 101 30 livets
376 1112 63 28 och
466 1112 68 29 den
561 1112 117 38 övriga
705 1111 274 39 nyttotrafikens
1007 1111 302 39 transportbehov.
1337 1110 50 29 Av
1415 1110 152 30 särskild
1594 1110 74 29 vikt
1697 1112 38 28 är

249 1165 122 29 därvid
401 1167 49 27 att
479 1165 151 29 broarna
660 1165 108 29 redan
799 1165 79 29 från
906 1164 127 39 början
1065 1172 56 31 ges
1151 1174 43 20 en
1226 1172 200 31 gemensam
1458 1163 277 39 ändamålsenlig

249 1219 177 28 standard.
449 1219 79 28 Med
550 1218 136 39 hänsyn
708 1218 120 29 härtill
850 1218 63 29 har
935 1218 170 29 utskottet
1128 1217 119 30 funnit
1271 1217 119 30 starka
1413 1217 76 29 skäl
1513 1217 71 29 tala
1606 1217 55 29 för
1685 1218 50 28 att

248 1272 212 39 vägplanens
486 1272 131 38 förslag
641 1272 52 29 till
718 1271 175 39 enhetliga
917 1271 320 39 bärighetsnormer
1262 1271 11 28 i
1300 1270 196 39 möjligaste
1524 1270 81 29 mån
1631 1270 104 39 följes

248 1325 59 29 vid
334 1325 279 39 upprustningen
640 1334 42 20 av
707 1325 78 29 vårt
813 1325 98 29 lands
937 1324 222 30 brobestånd.
1186 1324 228 29 Beträffande
1443 1324 112 39 själva
1582 1325 154 37 vägarna

250 1388 103 30 synes
374 1378 123 39 frågan
518 1388 57 20 om
596 1378 151 39 enhetlig
771 1378 165 29 standard
959 1378 55 29 för
1036 1378 77 29 hela
1134 1379 163 37 vägnätet
1319 1377 82 30 böra
1424 1379 163 28 närmare
1608 1378 127 38 prövas

248 1432 11 28 i
279 1432 167 29 samband
466 1432 79 29 med
563 1432 213 38 vägplanens
796 1431 240 39 uppföljande.
1056 1431 12 28 I
1088 1431 65 29 den
1173 1431 83 29 mån
1276 1440 41 20 av
1336 1431 56 29 det
1412 1430 149 30 anförda
1580 1430 156 39 framgår

248 1485 154 30 biträder
425 1486 172 28 utskottet
621 1485 133 29 således
779 1485 57 29 det
859 1485 11 28 i
895 1485 219 29 motionerna
1139 1484 27 29 I:
1184 1484 62 29 225
1273 1484 65 29 och
1363 1484 44 29 II:
1425 1484 63 29 284
1514 1484 221 29 framställda

247 1539 173 39 yrkandet
437 1539 11 28 i
466 1538 135 39 frågan.

303 1592 227 30 Beträffande
550 1601 187 20 normerna
757 1592 56 29 för
832 1592 40 29 de
892 1591 326 29 dimensionerande
1238 1590 263 39 hastigheterna
1520 1590 59 29 vill
1601 1591 134 29 utskot-

247 1647 50 28 tet
318 1646 169 39 begränsa
510 1647 51 37 sig
583 1646 51 29 till
656 1647 50 27 att
729 1645 235 38 understryka
986 1645 120 29 dessas
1129 1646 94 28 stora
1246 1644 174 39 betydelse
1443 1653 41 20 ur
1507 1644 228 29 trafiksäker-

247 1699 261 40 hetssynpunkt
536 1701 90 28 samt
653 1699 190 29 framhålla
869 1698 281 30 önskvärdheten
1177 1707 41 20 av
1246 1700 51 27 att
1324 1698 94 29 detta
1443 1698 58 29 vid
1529 1707 206 20 normernas

249 1753 243 30 fastställande
517 1752 261 39 vederbörligen
803 1752 153 30 beaktas.

305 1807 66 29 Vid
390 1808 47 28 ett
456 1806 101 29 bifall
577 1806 51 29 till
648 1806 65 29 vad
733 1806 171 29 utskottet
923 1806 11 28 i
954 1806 58 29 det
1033 1805 206 39 föregående
1262 1805 116 30 anfört
1398 1806 98 29 torde
1518 1805 42 29 de
1582 1806 9 28 i
1613 1805 123 29 motio-

249 1869 109 20 nerna
389 1860 27 29 I:
435 1860 62 28 118
528 1860 64 29 och
623 1859 44 29 II:
686 1859 62 29 144
779 1859 195 29 framförda
1005 1859 227 30 önskemålen
1264 1859 147 29 rörande
1443 1861 48 27 ett
1523 1858 212 39 principiellt

250 1914 216 38 godtagande
488 1922 42 20 av
550 1913 194 39 vägplanen
766 1913 11 28 i
799 1913 66 29 den
887 1912 81 30 mån
990 1922 42 20 av
1054 1913 57 29 det
1132 1912 95 30 förut
1250 1912 106 39 sagda
1377 1912 156 39 framgår
1554 1912 92 29 bliva
1668 1911 68 30 till-

250 1967 206 39 godosedda.
478 1967 176 29 Utskottet
675 1966 118 30 finner
816 1966 49 39 sig
887 1966 88 29 dock
996 1966 76 29 icke
1094 1966 121 29 kunna
1237 1966 151 33 förorda,
1412 1967 50 28 att
1485 1967 48 28 ett
1556 1965 180 30 uttalande

249 2029 48 20 nu
322 2021 97 38 göres
443 2020 80 29 från
548 2020 204 38 riksdagens
778 2020 75 29 sida
877 2020 148 29 rörande
1050 2020 56 29 det
1130 2019 225 39 tidsmässiga
1380 2019 289 39 genomförandet
1694 2027 42 21 av

248 2074 58 29 det
327 2074 197 39 föreslagna
544 2074 469 38 investeringsprogrammet
1033 2073 11 29 i
1066 2073 77 29 dess
1164 2073 118 29 helhet
1303 2072 65 29 och
1390 2072 181 39 avstyrker
1593 2072 143 39 följakt-

250 2127 91 39 ligen
359 2127 97 29 bifall
476 2127 52 29 till
549 2127 219 29 motionerna
787 2128 11 28 i
817 2127 113 29 denna
949 2127 66 29 del.
1035 2127 74 29 Vad
1128 2127 118 29 vidare
1266 2126 170 29 beträffar
1457 2126 279 30 motionärernas

248 2181 167 39 yrkande,
443 2183 50 27 att
520 2180 35 30 åt
584 2180 82 30 1953
693 2180 57 30 års
779 2180 298 39 trafikutredning
1104 2180 197 39 uppdrages
1329 2181 49 28 att
1405 2180 124 29 utreda
1557 2180 179 28 formerna

250 2234 55 30 för
333 2234 231 39 finansiering
592 2243 41 20 av
660 2235 78 38 väg-
767 2233 65 30 och
859 2233 208 40 brobyggen,
1097 2233 115 29 finner
1241 2233 170 29 utskottet
1440 2233 115 39 någon
1585 2232 151 30 särskild

250 2288 121 39 åtgärd
400 2288 216 29 härutinnan
645 2287 79 29 från
753 2287 205 39 riksdagens
989 2287 76 29 sida
1094 2287 73 29 icke
1197 2286 215 39 erforderlig.
1442 2286 117 39 Enligt
1587 2286 67 29 vad
1684 2288 52 27 ut-

251 2341 129 29 skottet
406 2341 174 29 inhämtat
606 2340 106 39 pågår
739 2340 175 39 nämligen
940 2340 109 29 redan
1076 2340 94 29 inom
1196 2340 156 29 nämnda
1378 2340 184 29 kommitté
1588 2358 44 3 —
1657 2339 79 30 med

251 2395 78 29 stöd
357 2404 40 19 av
424 2394 127 39 Kungl.
579 2394 122 38 Maj:ts
730 2394 159 39 uppdrag
915 2411 44 3 —
987 2393 132 30 arbetet
1147 2393 78 29 med
1255 2393 186 39 utredning
1470 2393 148 30 rörande
1646 2393 90 29 bl.a.

249 2448 180 29 bilismens
452 2448 129 29 skatte-
602 2447 64 29 och
687 2446 382 39 finansieringsfrågor.
1091 2446 92 30 Även
1205 2447 10 28 i
1238 2447 115 29 denna
1375 2447 54 29 del
1452 2447 181 38 avstyrkes
1656 2446 81 38 följ-

251 2502 153 39 aktligen
425 2501 99 29 bifall
547 2501 50 29 till
621 2500 219 30 motionerna
862 2501 10 28 i
894 2500 108 39 fråga.
