2239 2676
456 170 38 30 20
906 165 262 33 Statsutskottets
1196 164 173 33 Utlåtande
1394 164 61 32 N:o
1477 166 49 31 26.

1033 266 365 41 Reservationer:

547 375 38 35 af
622 375 124 35 herrar
778 375 149 35 friherre
962 374 42 35 B.
1045 373 44 36 A.
1125 372 267 44 Leijonhufvud,
1421 372 43 36 F.
1493 373 169 43 Boström,
1697 372 38 36 V.
1765 371 46 36 N.
1840 371 182 36 Ekenman

413 428 60 34 och
504 427 47 35 K.
581 427 208 43 Bohnstedt;

545 513 59 34 vid
624 513 155 44 punkten
807 508 56 41 ÅA:

546 581 39 35 af
621 581 124 34 herrar
780 581 122 45 grefve
939 580 41 35 G.
1012 580 139 46 Sparre,
1184 580 35 35 C.
1248 579 44 35 E.
1326 580 221 44 Casparsson,
1575 578 44 35 E.
1656 578 38 35 V.
1724 578 44 34 RB.
1797 577 43 35 L.
1870 577 147 45 Kömgs-

402 632 108 46 feldt,
556 633 37 35 O.
635 632 38 36 V.
703 632 174 45 Odelberg,
906 632 122 45 grefve
1055 632 44 35 E.
1132 631 34 36 C.
1195 632 44 34 A.
1270 631 117 45 Piper,
1417 630 40 35 P.
1485 630 36 35 J.
1551 640 63 25 von
1641 629 210 35 Elhrenheim
1878 629 63 35 och
1968 628 46 36 RB.

416 685 41 34 G.
500 696 64 22 von
604 684 214 44 Hedenberg,
860 685 122 34 hvilka
1021 685 119 42 yrkat,
1182 686 53 31 att
1270 684 192 33 utskottets
1489 682 207 34 hemställan
1724 682 12 33 i
1764 682 112 33 denna
1903 681 112 43 punkt

410 733 109 36 måtte
548 733 133 35 erhålla
709 734 153 45 följande
890 735 146 43 lydelse:
1541 737 2 2 |

868 823 75 31 »att
982 820 215 43 Riksdagen,
1238 820 55 33 för
1333 819 65 33 den
1435 818 164 34 händelse
1628 819 53 32 att
1708 817 189 34 kamrarne
1925 817 91 34 fatta

813 871 371 35 sammanstämmande
1211 870 112 34 beslut
1352 870 77 33 med
1456 868 188 44 anledning
1671 868 39 34 af
1733 867 130 45 Kongl.
1892 867 126 45 Maj:ts

814 924 61 33 hos
902 923 188 44 riksdagen
1118 921 123 46 gjorda
1268 920 260 44 framställning
1555 931 52 24 om
1635 919 150 45 ändring
1812 919 39 35 af
1879 921 29 41 1,
1931 920 87 42 3,6,

815 977 44 32 27
889 975 63 34 och
982 976 44 33 52
1055 973 46 46 S$
1129 974 11 33 i
1167 973 300 43 värnpligtslagen
1496 972 64 34 den
1591 973 20 32 5
1627 971 79 45 juni
1728 972 105 42 1885,
1854 968 66 45 må,
1940 970 77 34 med

814 1026 114 44 afslag
960 1024 20 36 å
1012 1026 124 34 herrar
1162 1024 47 35 H.
1239 1023 233 43 Anderssons,
1500 1022 42 35 L.
1571 1020 173 46 Pålssons,
1773 1021 36 36 J.
1838 1021 179 35 Eliassons

813 1078 62 34 och
920 1076 46 36 ÅA.
1014 1076 38 36 P.
1094 1075 226 36 Danielssons
1360 1086 43 24 m.
1444 1074 47 43 f.,
1533 1074 258 36 ofvannämnda
1832 1073 181 43 motioner,

815 1130 108 32 under
964 1128 253 43 förutsättning
1256 1127 39 34 af
1331 1126 246 35 motsvarande
1617 1125 225 44 nedsättning
1881 1125 12 34 i
1929 1125 41 33 de
1997 1121 21 37 å

813 1180 70 33 viss
908 1180 80 42 jord
1016 1180 162 33 hvilande
1205 1179 263 43 grundskatter,
1496 1178 147 42 besluta,

864 1233 54 32 att
962 1232 16 33 1
1017 1230 63 35 och
1109 1231 19 33 6
1157 1228 46 47 $$
1231 1229 12 34 i
1269 1229 104 44 lagen
1400 1225 179 47 angående
1606 1227 154 45 lindring
1787 1227 11 34 i
1825 1226 191 45 rustnings-

814 1282 61 34 och
923 1281 344 44 roteringsbesvären
1314 1281 66 33 den
1428 1281 19 33 5
1490 1279 77 45 juni
1611 1280 93 33 1885
1745 1279 98 34 skola
1884 1275 132 37 erhålla

813 1332 154 45 följande
1007 1332 209 35 förändrade
1256 1332 130 44 lydelse
1427 1333 53 32 att
1520 1328 78 36 från
1638 1330 64 34 och
1728 1330 77 34 med
1837 1331 91 33 1891
1950 1329 66 34 till-

813 1385 148 42 lämpas:

1428 1503 29 33 I.

1374 1501 22 45 LP

864 1587 18 35 I
909 1587 190 45 rustnings-
1129 1588 62 33 och
1215 1586 344 44 roteringsbesvären
1579 1584 90 35 skall
1687 1582 152 45 lindring
1856 1593 65 34 ega
1940 1592 77 25 rum

813 1640 76 34 med
916 1639 107 44 fyrtio
1050 1641 143 41 procent
1220 1638 39 34 af
1283 1638 99 34 dessa
1409 1638 143 35 besvärs
1579 1635 235 45 uppskattade
1832 1634 120 44 värde,
1972 1631 46 47 på

814 1693 71 31 sätt
917 1693 91 31 samt
1033 1690 110 34 under
1169 1689 231 44 iakttagande
1428 1688 39 34 af
1491 1688 41 34 de
1559 1687 172 35 särskilda
1758 1685 260 35 bestämmelser

814 1742 62 34 och
904 1742 191 43 undantag,
1124 1751 70 24 som
1222 1741 64 34 här
1312 1740 114 34 nedan
1452 1740 12 34 i
1491 1740 112 33 denna
1630 1738 60 44 lag
1716 1736 231 36 omförmälas.

1374 1824 22 45 S
1426 1827 31 32 6.

868 1894 68 34 Vid
977 1894 257 34 bestämmande
1271 1893 38 34 af
1334 1893 58 34 det
1418 1893 134 43 belopp,
1580 1890 169 36 hvarmed
1775 1890 153 43 lindring
1954 1890 62 33 bör

814 1943 149 37 rusthall
991 1946 83 33 eller
1100 1949 75 30 rote
1204 1945 293 43 tillgodokomma,
1526 1943 90 34 skall
1643 1941 154 45 följande
1819 1941 195 43 iakttagas:

963 2097 47 35 A.
1065 2097 230 43 Beträffande
1322 2097 156 42 effektiva
1505 2096 146 34 rusthåll
1678 2095 57 34 och
1761 2097 104 32 rotar.

863 2198 163 37 Rusthåll
1055 2200 83 34 eller
1165 2202 86 40 rote,
1281 2209 70 24 som
1376 2198 76 35 icke
1471 2196 157 47 åtnjuter
1646 2198 199 43 understöd,
1866 2194 151 37 erhåller

813 2251 154 46 lindring
1006 2251 76 34 med
1118 2250 107 46 fyrtio
1261 2253 144 41 procent
1436 2250 40 33 af
1500 2250 86 33 fulla
1613 2249 125 35 värdet
1764 2247 21 36 å
1811 2248 207 45 rustningen
