2216 2626
760 165 234 43 Logutskottets
1017 167 165 32 utlåtande
1204 169 53 31 Nr
1279 171 51 30 22.
1741 173 57 31 131

448 242 109 39 Kungl.
582 243 105 37 Maj:ts
709 245 124 38 förslag.
1298 249 157 30 Utskottets
1476 251 124 37 förslag.

977 336 68 34 131
1077 335 30 45 8.

370 397 218 36 Innefattar
627 399 242 48 förbrytelse,
913 414 80 24 som
1022 402 13 36 i
1067 406 70 33 129
1170 404 92 36 eller
1292 407 70 33 130
1392 404 19 46 $
1440 410 98 42 sägs,
1566 406 130 36 tillika
1724 411 118 32 annat

239 448 219 47 uppsåtligt
498 450 110 36 brott
649 451 94 36 eller
783 453 138 36 sådant
961 455 190 46 vållande,
1189 459 94 32 varå
1323 456 113 36 straff
1473 456 98 37 efter
1598 458 124 36 denna
1750 460 92 35 eller

241 500 144 35 allmän
426 500 65 47 lag
532 502 71 35 bör
642 503 110 46 följa;
796 507 126 45 gånge
963 518 82 24 som
1073 507 13 34 i
1115 510 23 32 4
1166 507 91 47 kap.
1289 510 19 33 2
1339 507 18 47 $
1386 508 197 36 allmänna
1619 510 222 48 strafflagen

238 551 168 47 stadgas.

974 645 70 33 132
1075 643 30 46 8.

366 724 79 35 Där
480 727 140 44 någon,
652 738 83 24 som
762 729 96 34 utan
886 731 61 33 att
974 742 95 23 vara
1096 730 200 47 krigsman
1323 731 109 47 lyder
1459 733 123 35 under
1610 733 124 36 denna
1762 733 75 47 lag,

235 775 181 37 beträdes
456 777 89 35 med
585 778 253 48 vårdslöshet,
874 780 274 48 försummelse,
1185 783 198 36 oförstånd
1417 784 94 35 eller
1538 785 260 47 oskicklighet
1825 786 13 35 i

237 827 59 35 sin
337 827 381 49 tjänstebefattning,
763 832 71 35 och
864 831 32 47 ej
926 832 13 35 i
968 833 125 36 denna
1121 834 94 35 eller
1243 847 127 23 annan
1398 835 65 46 lag
1503 836 157 36 särskilt
1701 849 137 24 ansvar

235 883 44 30 är
307 881 22 32 å
356 878 206 37 förseelsen
590 884 90 43 satt,
710 885 97 33 utan
835 884 222 35 densamma
1084 885 100 36 skall
1210 886 200 35 bestraffas
1439 886 98 36 efter
1565 890 47 33 25
1641 888 87 47 kap.
1754 891 42 32 17
1818 888 19 46 $

236 929 197 37 allmänna
460 931 240 48 strafflagen;
730 936 64 33 må
822 935 74 35 den
925 934 187 49 felaktige
1140 937 183 47 beläggas
1352 938 86 35 med
1466 939 301 47 disciplinstraff,
1797 942 40 33 så

235 980 120 37 framt
382 982 205 37 förseelsen
617 997 70 22 var
712 985 114 47 ringa
854 986 72 36 och
955 987 33 46 ej
1017 988 243 36 innefattade
1288 989 52 36 fel
1367 989 13 35 i
1408 990 175 36 domare-
1603 991 92 35 eller
1712 995 124 43 präst-

235 1034 174 35 ämbetet
437 1034 93 36 eller
557 1036 75 35 vad
661 1037 157 35 därmed
846 1038 72 35 har
945 1040 236 47 gemenskap
1211 1041 93 35 eller
1330 1041 13 34 i
1372 1044 131 42 annat,
1533 1042 61 35 för
1621 1055 85 23 vars
1725 1046 111 33 utöv-

234 1084 96 47 ning
356 1085 123 36 insikt
507 1087 13 34 i
548 1087 166 36 särskild
741 1090 212 47 vetenskap
983 1091 202 36 erfordras.

364 1138 84 35 Vad
490 1138 13 35 i
544 1139 126 36 denna
712 1140 18 46 8
773 1146 43 30 är
849 1142 157 47 stadgat
1034 1143 99 36 skall
1163 1149 95 30 även
1286 1144 114 47 gälla,
1431 1145 49 35 då
1507 1146 121 45 brott,
1658 1158 80 24 som
1765 1146 71 36 här

235 1193 98 42 sägs,
363 1189 117 47 begås
508 1203 48 22 av
584 1191 90 36 civil
703 1193 164 36 ämbets-
896 1194 94 35 eller
1017 1194 248 47 tjänsteman,
1295 1208 81 24 som
1396 1197 136 35 tillhör
1551 1197 285 48 krigsmaktens

234 1251 184 36 reserver,
448 1242 100 36 ändå
576 1246 61 33 att
665 1244 125 36 denna
818 1245 65 47 lag
911 1246 87 36 icke
1027 1246 109 47 eljest
1157 1247 123 36 skulle
1299 1260 93 24 vara
1413 1251 21 33 å
1453 1249 142 36 honom
1614 1250 218 47 tillämplig.

905 1451 128 48 Tredje
1060 1452 111 37 delen.

863 1551 336 49 Krigsartiklar.

945 1695 45 33 10
1020 1693 107 36 KAP.

259 1788 63 33 Om
346 1788 192 43 förräderi,
560 1791 274 35 blottställande
858 1803 42 23 av
922 1793 262 43 krigsmakten,
1208 1795 125 41 feghet
1353 1797 67 32 och
1436 1797 134 40 olovlig
1585 1799 215 41 gemenskap

901 1846 82 32 med
1005 1846 153 33 fienden.

959 1937 70 34 133
1059 1935 31 46 8.

355 1999 185 36 Beträdes
568 2000 200 47 krigsman
795 2003 88 35 med
910 2004 121 46 brott,
1061 2017 83 24 som
1172 2005 243 37 omförmäles
1433 2006 13 36 i
1467 2009 21 34 8
1517 2007 90 47 kap.
1637 2008 192 37 allmänna

226 2049 240 48 strafflagen;
508 2064 91 23 vare
641 2053 78 46 det,
749 2054 71 36 där
847 2054 33 47 ej
910 2054 61 37 för
998 2056 75 36 den
1101 2057 166 47 gärning
1294 2058 156 36 särskilt
1478 2059 120 46 högre
1626 2072 137 24 ansvar
1786 2067 44 30 är

225 2100 13 36 i
266 2101 128 36 denna
434 2102 65 47 lag
540 2106 137 43 utsatt,
710 2105 67 36 vid
804 2107 168 36 straffets
1000 2108 291 36 bestämmande
1319 2109 98 37 efter
1445 2110 143 36 allmän
1615 2111 65 47 lag
1706 2115 122 33 såsom

225 2151 250 39 försvårande
505 2156 291 48 omständighet
823 2161 145 43 ansett;
1003 2160 73 35 och
1104 2163 74 43 må,
1208 2161 71 35 där
1306 2162 244 36 straffarbete
1575 2163 185 48 antingen
1778 2168 51 43 på

224 2203 133 38 livstid
387 2205 125 37 eller
492 2199 21 65 i
539 2207 57 37 tio
626 2210 44 33 år
697 2214 44 30 är
767 2212 127 34 utsatt
922 2213 124 34 såsom
1075 2212 140 47 högsta
1243 2213 113 36 straff
1378 2213 61 36 för
1465 2215 163 45 brottet,
1657 2216 130 36 dömas
1815 2217 13 35 i

223 2255 107 37 förra
370 2257 111 37 fallet
521 2259 62 35 till
620 2260 211 37 dödsstraff
857 2262 72 36 och
957 2263 13 35 i
998 2264 66 35 det
1092 2276 134 24 senare
1255 2265 62 36 till
1344 2265 243 37 straffarbete
1615 2270 50 44 på
1684 2268 141 36 livstid.
