2214 2626
731 161 235 45 Lagutskottets
987 162 164 35 utlåtande
1176 163 50 34 Nr
1248 165 52 33 22.
1706 166 61 35 227

345 240 73 36 Till
446 253 47 24 en
521 241 105 49 dylik
655 242 234 50 anordnings
917 242 206 50 belysande
1152 247 60 33 må
1241 244 166 49 följande
1435 245 151 37 schema
1614 247 117 49 tjäna:

314 361 181 25 Divisionens
515 362 154 25 ledamöter
745 361 123 35 Måndag
961 365 104 32 Tisdag
1115 396 2 11 |
1164 365 115 33 Onsdag
1324 349 3 59 |
1366 366 125 34 Torsdag
1534 349 3 60 |
1589 363 107 41 Fredag

311 448 101 27 Civila
532 449 141 27 Militära
695 468 2 12 |
793 450 25 26 A
1002 452 25 25 A
1114 418 3 42 |
1208 452 26 26 A
1417 453 25 26 A
1629 453 22 26 B

345 517 25 26 A
390 517 68 26 ordf.
581 496 30 61 Xx
790 501 22 27 B
999 502 23 26 1
1210 503 22 27 C
1417 504 24 26 /
1629 505 115 32 Doo

345 569 22 26 -
584 536 29 65 Nr
790 555 22 25 c
999 554 21 27 C
1210 555 22 27 E
1324 574 2 25 |
1420 557 21 26 E
1628 557 21 26 E
1739 544 5 68 |

345 622 21 26 c
784 602 30 40 Xx
1000 606 24 27 D
1211 608 21 26 F
1419 609 21 26 F
1628 610 21 27 F

344 674 24 26 D
789 658 25 27 Y

344 725 21 27 E

344 777 20 27 F

341 866 137 38 Därest
519 866 213 49 framdeles,
775 870 121 35 såsom
939 868 96 37 efter
1075 869 300 49 genomförande
1417 883 47 24 av
1496 884 51 36 ny
1576 870 233 52 härordning

211 918 75 36 kan
314 932 89 22 vara
431 924 54 31 att
515 924 125 40 vänta,
670 919 45 37 de
744 920 163 36 militära
935 921 143 36 målens
1121 922 101 36 antal
1264 922 120 36 skulle
1418 925 41 34 så
1488 923 104 47 ökas,
1622 929 52 31 att
1702 930 107 30 extra

211 970 243 49 sessionsdag
482 984 80 23 mer
591 970 89 37 eller
722 970 146 38 mindre
909 972 77 36 ofta
1015 975 121 34 måste
1164 973 200 49 inskjutas,
1398 974 251 50 kompliceras
1677 975 131 37 visser-

210 1021 104 49 ligen
359 1022 11 35 i
416 1022 79 36 viss
541 1024 88 34 mån
666 1022 222 50 problemet,
931 1025 40 34 så
1004 1030 55 30 att
1087 1024 184 49 möjligen
1300 1025 117 36 andra
1444 1026 364 49 hjälpanordningar

211 1075 119 34 måste
358 1073 189 49 vidtagas.
603 1073 87 37 Men
718 1074 63 36 det
821 1079 41 31 är
897 1075 61 35 väl
1001 1081 54 30 att
1097 1076 141 47 märka,
1267 1081 55 31 att
1350 1076 63 37 det
1442 1077 131 48 kungl.
1604 1077 203 49 förslagets

210 1124 275 49 krigshovrätt,
514 1125 108 48 långt
649 1125 97 36 ifrån
776 1131 54 31 att
858 1126 227 37 härutinnan
1114 1131 72 45 äga
1214 1130 117 45 något
1359 1128 198 48 företräde,
1587 1133 159 32 tvärtom
1766 1135 42 31 är

211 1188 100 24 mera
356 1176 180 49 vansklig
582 1182 54 31 att
677 1190 160 36 anpassa
877 1178 94 36 efter
1007 1191 45 24 en
1083 1178 105 50 dylik
1215 1179 229 49 utveckling.
1502 1180 117 37 Extra
1649 1180 157 38 föredra-

209 1227 126 48 gande
370 1228 120 50 jämte
533 1228 389 50 krigshovrättsrådet
958 1229 110 38 bleve
1097 1231 204 37 eventuellt
1329 1231 233 51 erforderlig,
1592 1232 69 37 och
1690 1233 117 49 presi-

209 1278 159 38 dentens
414 1279 296 38 sessionsarbete
755 1281 107 37 bleve
908 1281 188 50 utvidgat,
1140 1283 54 36 till
1234 1283 222 50 ytterligare
1498 1297 84 24 men
1627 1284 56 37 för
1710 1284 94 37 hans

209 1331 195 50 egentliga
431 1332 161 37 ämbete.

338 1383 82 37 Den
444 1383 89 50 plan
575 1384 57 37 för
673 1385 431 49 krigsöverdomstolens
1146 1386 269 50 organisation,
1458 1400 81 24 som
1568 1401 97 23 ovan
1694 1389 112 36 föror-

209 1434 95 48 dats,
351 1435 159 37 innebär
549 1435 44 50 ju
639 1435 12 36 i
698 1437 120 49 själva
858 1438 129 36 verket
1017 1443 55 31 att
1099 1442 96 33 även
1225 1439 72 36 den
1321 1438 153 49 ringare
1501 1439 94 48 grad
1624 1453 45 23 av
1697 1441 108 48 själv-

209 1486 229 49 ständighet,
474 1501 81 23 som
592 1488 306 48 krigshovrätten
940 1489 121 49 enligt
1102 1490 62 37 det
1205 1490 131 49 kungl.
1379 1491 184 49 förslaget
1591 1491 213 47 bibehåller,

209 1537 122 38 skulle
359 1539 173 49 upphöra
559 1539 72 37 och
660 1540 124 37 denna
811 1541 180 37 domstols
1031 1541 218 37 funktioner
1284 1542 158 37 likasom
1472 1542 120 50 enligt
1622 1545 94 35 1881
1747 1546 58 34 års

209 1590 144 49 förslag
382 1591 242 49 fullständigt
653 1592 218 49 överflyttas
908 1596 48 46 på
998 1592 97 38 Svea
1135 1594 162 47 hovrätt,
1326 1593 52 38 låt
1406 1608 90 23 vara
1525 1600 55 31 att
1607 1595 197 37 hovrätten

208 1642 64 36 vid
301 1642 295 50 handläggning
623 1657 47 23 av
699 1644 162 37 militära
888 1645 74 36 mål
992 1645 119 37 skulle
1140 1659 91 23 vara
1258 1649 48 46 på
1338 1646 153 37 särskilt
1518 1651 75 32 sätt
1621 1660 184 24 samman-

209 1698 88 31 satt.
353 1693 74 38 Det
456 1694 125 37 kunde
624 1696 46 36 då
712 1709 114 36 synas
868 1710 90 23 vara
986 1697 63 36 det
1077 1697 140 49 riktiga
1245 1704 53 30 att
1325 1698 75 36 låta
1429 1698 102 37 detta
1560 1698 245 49 förhållande,

208 1745 159 37 likasom
422 1747 120 49 enligt
583 1746 64 38 det
675 1748 165 36 nämnda
868 1748 195 50 förslaget,
1093 1748 153 38 komma
1266 1750 55 36 till
1342 1749 121 37 direkt
1482 1750 148 50 uttryck
1649 1751 11 36 i
1680 1751 124 49 lagen,

209 1797 181 50 antingen
419 1801 41 34 så
488 1804 56 31 att
572 1798 210 51 begreppet
809 1800 259 48 krigshovrätt
1096 1801 102 49 finge
1225 1816 44 22 ur
1296 1802 113 49 lagen
1444 1802 242 50 fullständigt
1712 1805 93 46 utgå

207 1848 91 38 eller
325 1850 11 37 i
366 1850 64 37 allt
458 1851 64 36 fall
552 1854 41 34 så
626 1857 54 31 att
707 1852 11 36 i
748 1852 245 37 förevarande
1021 1852 21 50 &
1073 1854 47 35 25
1150 1854 198 47 uttalades,
1378 1860 53 31 att
1460 1852 99 39 Svea
1586 1854 151 38 hovrätt
1765 1860 40 31 är

207 1901 273 49 krigshovrätt.
535 1903 87 36 Men
664 1908 90 32 enär
795 1903 63 37 det
899 1904 167 49 påvisats
1107 1905 101 37 vissa
1236 1927 49 5 —
1313 1906 225 48 visserligen
1581 1906 89 49 föga
1698 1920 104 23 avse-

206 1953 118 36 värda
350 1975 51 5 —
428 1954 196 49 praktiska
653 1955 256 48 olägenheter,
938 1968 82 24 som
1049 1955 12 37 i
1089 1959 116 46 något
1247 1956 65 37 fall
1353 1957 125 37 kunde
1506 1960 146 47 uppstå,
1681 1958 123 37 därest

207 2004 46 36 de
282 2004 11 36 i
322 2005 282 48 krigsrättsmål
633 2006 220 38 meddelade
895 2006 123 38 beslut
1060 2008 121 37 skulle
1222 2009 216 49 expedieras
1472 2010 11 35 i
1513 2007 95 39 Svea
1636 2009 167 37 hovrätts

207 2069 127 34 namn,
363 2057 69 36 har
459 2057 166 37 alltifrån
658 2058 86 49 Nya
771 2058 347 50 lagberedningens
1147 2060 143 49 förslag
1320 2062 98 35 1894
1446 2073 88 24 man
1563 2061 85 36 sökt
1675 2061 128 48 undgå

206 2106 123 38 denna
358 2113 183 32 stötesten
568 2122 140 35 genom
751 2115 54 31 att
845 2110 175 49 uttrycka
1057 2111 250 37 förhållandet
1335 2115 51 45 så,
1416 2118 53 30 att
1496 2112 307 49 krigshovrätten

206 2163 42 32 är
275 2172 47 24 en
350 2159 64 37 vid
444 2159 98 38 Svea
570 2160 151 38 hovrätt
762 2160 125 38 bildad
930 2162 163 37 särskild
1136 2162 216 50 avdelning,
1381 2163 70 37 och
1481 2164 219 49 därigenom
1730 2164 73 36 låta

206 2210 414 50 krigsöverdomstolen
647 2212 189 38 bibehålla
864 2227 46 23 en
938 2214 147 37 formell
1114 2214 330 51 självständighet.
1500 2214 78 39 Och
1600 2216 60 36 vid
1681 2216 122 37 denna

206 2263 217 51 anordning
450 2278 113 37 synes
592 2266 130 37 kunna
749 2265 101 38 bero.
