<?xml version="1.0" encoding="UTF-8"?>
<alto xmlns="http://www.loc.gov/standards/alto/ns-v3#" xmlns:xlink="http://www.w3.org/1999/xlink" xmlns:xsi="http://www.w3.org/2001/XMLSchema-instance" xsi:schemaLocation="http://www.loc.gov/standards/alto/ns-v3# http://www.loc.gov/alto/v3/alto-3-0.xsd">
	<Description>
		<MeasurementUnit>pixel</MeasurementUnit>
		<sourceImageInformation>
			<fileName>/tmp/tess_e9ggy45n_input.PNG</fileName>
		</sourceImageInformation>
		<OCRProcessing ID="OCR_0">
			<ocrProcessingStep>
				<processingSoftware>
					<softwareName>tesseract 5.3.0</softwareName>
				</processingSoftware>
			</ocrProcessingStep>
		</OCRProcessing>
	</Description>
	<Layout>
		<Page WIDTH="2192" HEIGHT="2624" PHYSICAL_IMG_NR="0" ID="page_0">
			<PrintSpace HPOS="0" VPOS="0" WIDTH="2192" HEIGHT="2624">
				<ComposedBlock ID="cblock_0" HPOS="717" VPOS="141" WIDTH="1046" HEIGHT="42">
					<TextBlock ID="block_0" HPOS="717" VPOS="141" WIDTH="1046" HEIGHT="42">
						<TextLine ID="line_0" HPOS="717" VPOS="141" WIDTH="1046" HEIGHT="42">
							<String ID="string_0" HPOS="717" VPOS="141" WIDTH="236" HEIGHT="42" WC="0.91" CONTENT="Lagutskottets"/><SP WIDTH="23" VPOS="141" HPOS="953"/>
							<String ID="string_1" HPOS="976" VPOS="143" WIDTH="165" HEIGHT="32" WC="0.96" CONTENT="utlåtande"/><SP WIDTH="23" VPOS="143" HPOS="1141"/>
							<String ID="string_2" HPOS="1164" VPOS="143" WIDTH="52" HEIGHT="31" WC="0.95" CONTENT="Nr"/><SP WIDTH="23" VPOS="143" HPOS="1216"/>
							<String ID="string_3" HPOS="1239" VPOS="144" WIDTH="53" HEIGHT="31" WC="0.95" CONTENT="22."/><SP WIDTH="411" VPOS="144" HPOS="1292"/>
							<String ID="string_4" HPOS="1703" VPOS="145" WIDTH="60" HEIGHT="30" WC="0.96" CONTENT="179"/>
						</TextLine>
					</TextBlock>
				</ComposedBlock>
				<ComposedBlock ID="cblock_1" HPOS="196" VPOS="219" WIDTH="1609" HEIGHT="464">
					<TextBlock ID="block_1" HPOS="198" VPOS="219" WIDTH="1607" HEIGHT="205">
						<TextLine ID="line_1" HPOS="406" VPOS="219" WIDTH="1155" HEIGHT="41">
							<String ID="string_5" HPOS="406" VPOS="219" WIDTH="112" HEIGHT="38" WC="0.95" CONTENT="Kungl."/><SP WIDTH="24" VPOS="219" HPOS="518"/>
							<String ID="string_6" HPOS="542" VPOS="220" WIDTH="107" HEIGHT="36" WC="0.95" CONTENT="Maj:ts"/><SP WIDTH="22" VPOS="220" HPOS="649"/>
							<String ID="string_7" HPOS="671" VPOS="221" WIDTH="124" HEIGHT="37" WC="0.95" CONTENT="förslag."/><SP WIDTH="462" VPOS="221" HPOS="795"/>
							<String ID="string_8" HPOS="1257" VPOS="221" WIDTH="158" HEIGHT="30" WC="0.96" CONTENT="Utskottets"/><SP WIDTH="23" VPOS="221" HPOS="1415"/>
							<String ID="string_9" HPOS="1438" VPOS="223" WIDTH="123" HEIGHT="37" WC="0.96" CONTENT="förslag."/>
						</TextLine>
						<TextLine ID="line_2" HPOS="198" VPOS="272" WIDTH="1607" HEIGHT="50">
							<String ID="string_10" HPOS="198" VPOS="272" WIDTH="136" HEIGHT="36" WC="0.96" CONTENT="därom"/><SP WIDTH="29" VPOS="272" HPOS="334"/>
							<String ID="string_11" HPOS="363" VPOS="272" WIDTH="203" HEIGHT="36" WC="0.95" CONTENT="meddelad"/><SP WIDTH="26" VPOS="272" HPOS="566"/>
							<String ID="string_12" HPOS="592" VPOS="273" WIDTH="268" HEIGHT="36" WC="0.95" CONTENT="bestämmelse"/><SP WIDTH="28" VPOS="273" HPOS="860"/>
							<String ID="string_13" HPOS="888" VPOS="274" WIDTH="109" HEIGHT="46" WC="0.96" CONTENT="lyder"/><SP WIDTH="28" VPOS="274" HPOS="997"/>
							<String ID="string_14" HPOS="1025" VPOS="274" WIDTH="122" HEIGHT="36" WC="0.96" CONTENT="under"/><SP WIDTH="20" VPOS="274" HPOS="1147"/>
							<String ID="string_15" HPOS="1167" VPOS="274" WIDTH="74" HEIGHT="36" WC="0.93" CONTENT="viss"/><SP WIDTH="19" VPOS="274" HPOS="1241"/>
							<String ID="string_16" HPOS="1260" VPOS="278" WIDTH="235" HEIGHT="44" WC="0.91" CONTENT="regements-"/><SP WIDTH="20" VPOS="278" HPOS="1495"/>
							<String ID="string_17" HPOS="1515" VPOS="275" WIDTH="93" HEIGHT="36" WC="0.92" CONTENT="eller"/><SP WIDTH="18" VPOS="275" HPOS="1608"/>
							<String ID="string_18" HPOS="1626" VPOS="276" WIDTH="179" HEIGHT="36" WC="0.92" CONTENT="stations-"/>
						</TextLine>
						<TextLine ID="line_3" HPOS="198" VPOS="323" WIDTH="1607" HEIGHT="50">
							<String ID="string_19" HPOS="198" VPOS="323" WIDTH="203" HEIGHT="47" WC="0.96" CONTENT="krigsrätt,"/><SP WIDTH="30" VPOS="323" HPOS="401"/>
							<String ID="string_20" HPOS="431" VPOS="324" WIDTH="94" HEIGHT="36" WC="0.96" CONTENT="eller"/><SP WIDTH="27" VPOS="324" HPOS="525"/>
							<String ID="string_21" HPOS="552" VPOS="328" WIDTH="65" HEIGHT="32" WC="0.96" CONTENT="rör"/><SP WIDTH="28" VPOS="328" HPOS="617"/>
							<String ID="string_22" HPOS="645" VPOS="325" WIDTH="120" HEIGHT="36" WC="0.96" CONTENT="målet"/><SP WIDTH="28" VPOS="325" HPOS="765"/>
							<String ID="string_23" HPOS="793" VPOS="325" WIDTH="110" HEIGHT="47" WC="0.95" CONTENT="eljest"/><SP WIDTH="27" VPOS="325" HPOS="903"/>
							<String ID="string_24" HPOS="930" VPOS="326" WIDTH="119" HEIGHT="35" WC="0.96" CONTENT="sådan"/><SP WIDTH="29" VPOS="326" HPOS="1049"/>
							<String ID="string_25" HPOS="1078" VPOS="326" WIDTH="218" HEIGHT="47" WC="0.96" CONTENT="avdelning,"/><SP WIDTH="33" VPOS="326" HPOS="1296"/>
							<String ID="string_26" HPOS="1329" VPOS="326" WIDTH="240" HEIGHT="37" WC="0.96" CONTENT="tillkommer"/><SP WIDTH="28" VPOS="326" HPOS="1569"/>
							<String ID="string_27" HPOS="1597" VPOS="329" WIDTH="66" HEIGHT="35" WC="0.96" CONTENT="det"/><SP WIDTH="19" VPOS="329" HPOS="1663"/>
							<String ID="string_28" HPOS="1682" VPOS="329" WIDTH="123" HEIGHT="35" WC="0.96" CONTENT="denna"/>
						</TextLine>
						<TextLine ID="line_4" HPOS="198" VPOS="375" WIDTH="688" HEIGHT="49">
							<String ID="string_29" HPOS="198" VPOS="375" WIDTH="192" HEIGHT="47" WC="0.96" CONTENT="krigsrätt"/><SP WIDTH="28" VPOS="375" HPOS="390"/>
							<String ID="string_30" HPOS="418" VPOS="378" WIDTH="61" HEIGHT="34" WC="0.96" CONTENT="att"/><SP WIDTH="27" VPOS="378" HPOS="479"/>
							<String ID="string_31" HPOS="506" VPOS="376" WIDTH="222" HEIGHT="48" WC="0.96" CONTENT="handlägga"/><SP WIDTH="28" VPOS="376" HPOS="728"/>
							<String ID="string_32" HPOS="756" VPOS="378" WIDTH="130" HEIGHT="35" WC="0.95" CONTENT="målet."/>
						</TextLine>
					</TextBlock>
					<TextBlock ID="block_2" HPOS="196" VPOS="427" WIDTH="1609" HEIGHT="256">
						<TextLine ID="line_5" HPOS="328" VPOS="427" WIDTH="1476" HEIGHT="51">
							<String ID="string_33" HPOS="328" VPOS="427" WIDTH="173" HEIGHT="37" WC="0.91" CONTENT="Tilltalas"/><SP WIDTH="34" VPOS="427" HPOS="501"/>
							<String ID="string_34" HPOS="535" VPOS="431" WIDTH="140" HEIGHT="44" WC="0.96" CONTENT="någon,"/><SP WIDTH="32" VPOS="431" HPOS="675"/>
							<String ID="string_35" HPOS="707" VPOS="441" WIDTH="82" HEIGHT="24" WC="0.96" CONTENT="som"/><SP WIDTH="27" VPOS="441" HPOS="789"/>
							<String ID="string_36" HPOS="816" VPOS="429" WIDTH="33" HEIGHT="47" WC="0.95" CONTENT="ej"/><SP WIDTH="30" VPOS="429" HPOS="849"/>
							<String ID="string_37" HPOS="879" VPOS="428" WIDTH="136" HEIGHT="37" WC="0.95" CONTENT="tillhör"/><SP WIDTH="27" VPOS="428" HPOS="1015"/>
							<String ID="string_38" HPOS="1042" VPOS="429" WIDTH="280" HEIGHT="47" WC="0.96" CONTENT="krigsmakten,"/><SP WIDTH="31" VPOS="429" HPOS="1322"/>
							<String ID="string_39" HPOS="1353" VPOS="430" WIDTH="72" HEIGHT="36" WC="0.96" CONTENT="och"/><SP WIDTH="29" VPOS="430" HPOS="1425"/>
							<String ID="string_40" HPOS="1454" VPOS="436" WIDTH="44" HEIGHT="30" WC="0.96" CONTENT="är"/><SP WIDTH="27" VPOS="436" HPOS="1498"/>
							<String ID="string_41" HPOS="1525" VPOS="431" WIDTH="47" HEIGHT="47" WC="0.96" CONTENT="ej,"/><SP WIDTH="30" VPOS="431" HPOS="1572"/>
							<String ID="string_42" HPOS="1602" VPOS="434" WIDTH="49" HEIGHT="44" WC="0.96" CONTENT="på"/><SP WIDTH="27" VPOS="434" HPOS="1651"/>
							<String ID="string_43" HPOS="1678" VPOS="433" WIDTH="126" HEIGHT="45" WC="0.96" CONTENT="grund"/>
						</TextLine>
						<TextLine ID="line_6" HPOS="199" VPOS="480" WIDTH="1606" HEIGHT="50">
							<String ID="string_44" HPOS="199" VPOS="492" WIDTH="48" HEIGHT="23" WC="0.96" CONTENT="av"/><SP WIDTH="41" VPOS="492" HPOS="247"/>
							<String ID="string_45" HPOS="288" VPOS="480" WIDTH="76" HEIGHT="36" WC="0.96" CONTENT="vad"/><SP WIDTH="40" VPOS="480" HPOS="364"/>
							<String ID="string_46" HPOS="404" VPOS="492" WIDTH="54" HEIGHT="23" WC="0.96" CONTENT="nu"/><SP WIDTH="42" VPOS="492" HPOS="458"/>
							<String ID="string_47" HPOS="500" VPOS="485" WIDTH="43" HEIGHT="31" WC="0.96" CONTENT="är"/><SP WIDTH="41" VPOS="485" HPOS="543"/>
							<String ID="string_48" HPOS="584" VPOS="483" WIDTH="99" HEIGHT="45" WC="0.96" CONTENT="sagt,"/><SP WIDTH="43" VPOS="483" HPOS="683"/>
							<String ID="string_49" HPOS="726" VPOS="481" WIDTH="76" HEIGHT="36" WC="0.96" CONTENT="viss"/><SP WIDTH="40" VPOS="481" HPOS="802"/>
							<String ID="string_50" HPOS="842" VPOS="481" WIDTH="192" HEIGHT="47" WC="0.96" CONTENT="krigsrätt"/><SP WIDTH="36" VPOS="481" HPOS="1034"/>
							<String ID="string_51" HPOS="1070" VPOS="481" WIDTH="163" HEIGHT="48" WC="0.96" CONTENT="behörig"/><SP WIDTH="28" VPOS="481" HPOS="1233"/>
							<String ID="string_52" HPOS="1261" VPOS="485" WIDTH="60" HEIGHT="33" WC="0.96" CONTENT="att"/><SP WIDTH="28" VPOS="485" HPOS="1321"/>
							<String ID="string_53" HPOS="1349" VPOS="482" WIDTH="222" HEIGHT="48" WC="0.96" CONTENT="handlägga"/><SP WIDTH="27" VPOS="482" HPOS="1571"/>
							<String ID="string_54" HPOS="1598" VPOS="483" WIDTH="129" HEIGHT="47" WC="0.96" CONTENT="målet,"/><SP WIDTH="29" VPOS="483" HPOS="1727"/>
							<String ID="string_55" HPOS="1756" VPOS="484" WIDTH="49" HEIGHT="35" WC="0.95" CONTENT="då"/>
						</TextLine>
						<TextLine ID="line_7" HPOS="196" VPOS="531" WIDTH="1606" HEIGHT="51">
							<String ID="string_56" HPOS="196" VPOS="531" WIDTH="112" HEIGHT="46" WC="0.95" CONTENT="skall,"/><SP WIDTH="40" VPOS="531" HPOS="308"/>
							<String ID="string_57" HPOS="348" VPOS="532" WIDTH="70" HEIGHT="35" WC="0.95" CONTENT="där"/><SP WIDTH="28" VPOS="532" HPOS="418"/>
							<String ID="string_58" HPOS="446" VPOS="531" WIDTH="33" HEIGHT="47" WC="0.96" CONTENT="ej"/><SP WIDTH="32" VPOS="531" HPOS="479"/>
							<String ID="string_59" HPOS="511" VPOS="535" WIDTH="120" HEIGHT="33" WC="0.96" CONTENT="annat"/><SP WIDTH="29" VPOS="535" HPOS="631"/>
							<String ID="string_60" HPOS="660" VPOS="545" WIDTH="47" HEIGHT="23" WC="0.96" CONTENT="av"/><SP WIDTH="29" VPOS="545" HPOS="707"/>
							<String ID="string_61" HPOS="736" VPOS="535" WIDTH="48" HEIGHT="34" WC="0.93" CONTENT="44"/><SP WIDTH="29" VPOS="535" HPOS="784"/>
							<String ID="string_62" HPOS="813" VPOS="533" WIDTH="20" HEIGHT="46" WC="0.48" CONTENT="$&amp;"/><SP WIDTH="26" VPOS="533" HPOS="833"/>
							<String ID="string_63" HPOS="859" VPOS="533" WIDTH="229" HEIGHT="46" WC="0.92" CONTENT="föranledes,"/><SP WIDTH="30" VPOS="533" HPOS="1088"/>
							<String ID="string_64" HPOS="1118" VPOS="534" WIDTH="120" HEIGHT="35" WC="0.96" CONTENT="målet"/><SP WIDTH="27" VPOS="534" HPOS="1238"/>
							<String ID="string_65" HPOS="1265" VPOS="538" WIDTH="193" HEIGHT="43" WC="0.96" CONTENT="upptagas"/><SP WIDTH="28" VPOS="538" HPOS="1458"/>
							<String ID="string_66" HPOS="1486" VPOS="535" WIDTH="64" HEIGHT="35" WC="0.96" CONTENT="vid"/><SP WIDTH="30" VPOS="535" HPOS="1550"/>
							<String ID="string_67" HPOS="1580" VPOS="536" WIDTH="72" HEIGHT="35" WC="0.93" CONTENT="den"/><SP WIDTH="28" VPOS="536" HPOS="1652"/>
							<String ID="string_68" HPOS="1680" VPOS="535" WIDTH="122" HEIGHT="47" WC="0.92" CONTENT="krigs-"/>
						</TextLine>
						<TextLine ID="line_8" HPOS="196" VPOS="583" WIDTH="1607" HEIGHT="51">
							<String ID="string_69" HPOS="196" VPOS="585" WIDTH="95" HEIGHT="44" WC="0.96" CONTENT="rätt,"/><SP WIDTH="42" VPOS="585" HPOS="291"/>
							<String ID="string_70" HPOS="333" VPOS="595" WIDTH="82" HEIGHT="24" WC="0.96" CONTENT="som"/><SP WIDTH="42" VPOS="595" HPOS="415"/>
							<String ID="string_71" HPOS="457" VPOS="583" WIDTH="72" HEIGHT="36" WC="0.96" CONTENT="har"/><SP WIDTH="41" VPOS="583" HPOS="529"/>
							<String ID="string_72" HPOS="570" VPOS="586" WIDTH="61" HEIGHT="33" WC="0.96" CONTENT="att"/><SP WIDTH="41" VPOS="586" HPOS="631"/>
							<String ID="string_73" HPOS="672" VPOS="584" WIDTH="222" HEIGHT="47" WC="0.96" CONTENT="handlägga"/><SP WIDTH="41" VPOS="584" HPOS="894"/>
							<String ID="string_74" HPOS="935" VPOS="585" WIDTH="78" HEIGHT="35" WC="0.96" CONTENT="mål"/><SP WIDTH="41" VPOS="585" HPOS="1013"/>
							<String ID="string_75" HPOS="1054" VPOS="586" WIDTH="166" HEIGHT="35" WC="0.95" CONTENT="rörande"/><SP WIDTH="42" VPOS="586" HPOS="1220"/>
							<String ID="string_76" HPOS="1262" VPOS="586" WIDTH="73" HEIGHT="35" WC="0.96" CONTENT="den"/><SP WIDTH="34" VPOS="586" HPOS="1335"/>
							<String ID="string_77" HPOS="1369" VPOS="586" WIDTH="208" HEIGHT="47" WC="0.96" CONTENT="avdelning"/><SP WIDTH="29" VPOS="586" HPOS="1577"/>
							<String ID="string_78" HPOS="1606" VPOS="600" WIDTH="47" HEIGHT="22" WC="0.93" CONTENT="av"/><SP WIDTH="27" VPOS="600" HPOS="1653"/>
							<String ID="string_79" HPOS="1680" VPOS="587" WIDTH="123" HEIGHT="47" WC="0.91" CONTENT="krigs-"/>
						</TextLine>
						<TextLine ID="line_9" HPOS="196" VPOS="634" WIDTH="1039" HEIGHT="49">
							<String ID="string_80" HPOS="196" VPOS="634" WIDTH="176" HEIGHT="47" WC="0.96" CONTENT="makten,"/><SP WIDTH="30" VPOS="634" HPOS="372"/>
							<String ID="string_81" HPOS="402" VPOS="635" WIDTH="70" HEIGHT="36" WC="0.96" CONTENT="där"/><SP WIDTH="28" VPOS="635" HPOS="472"/>
							<String ID="string_82" HPOS="500" VPOS="635" WIDTH="74" HEIGHT="36" WC="0.96" CONTENT="den"/><SP WIDTH="28" VPOS="635" HPOS="574"/>
							<String ID="string_83" HPOS="602" VPOS="635" WIDTH="194" HEIGHT="37" WC="0.93" CONTENT="tilltalade"/><SP WIDTH="28" VPOS="635" HPOS="796"/>
							<String ID="string_84" HPOS="824" VPOS="636" WIDTH="129" HEIGHT="47" WC="0.92" CONTENT="gripes"/><SP WIDTH="29" VPOS="636" HPOS="953"/>
							<String ID="string_85" HPOS="982" VPOS="636" WIDTH="93" HEIGHT="36" WC="0.95" CONTENT="eller"/><SP WIDTH="27" VPOS="636" HPOS="1075"/>
							<String ID="string_86" HPOS="1102" VPOS="637" WIDTH="133" HEIGHT="36" WC="0.96" CONTENT="finnes."/>
						</TextLine>
					</TextBlock>
				</ComposedBlock>
				<ComposedBlock ID="cblock_2" HPOS="953" VPOS="773" WIDTH="109" HEIGHT="50">
					<TextBlock ID="block_3" HPOS="953" VPOS="773" WIDTH="109" HEIGHT="50">
						<TextLine ID="line_10" HPOS="953" VPOS="773" WIDTH="109" HEIGHT="50">
							<String ID="string_87" HPOS="953" VPOS="777" WIDTH="45" HEIGHT="33" WC="0.96" CONTENT="41"/><SP WIDTH="33" VPOS="777" HPOS="998"/>
							<String ID="string_88" HPOS="1031" VPOS="773" WIDTH="31" HEIGHT="50" WC="0.92" CONTENT="8."/>
						</TextLine>
					</TextBlock>
				</ComposedBlock>
				<ComposedBlock ID="cblock_3" HPOS="195" VPOS="860" WIDTH="1608" HEIGHT="202">
					<TextBlock ID="block_4" HPOS="195" VPOS="860" WIDTH="1608" HEIGHT="202">
						<TextLine ID="line_11" HPOS="327" VPOS="860" WIDTH="1476" HEIGHT="50">
							<String ID="string_89" HPOS="327" VPOS="860" WIDTH="123" HEIGHT="44" WC="0.96" CONTENT="Brott,"/><SP WIDTH="31" VPOS="860" HPOS="450"/>
							<String ID="string_90" HPOS="481" VPOS="860" WIDTH="194" HEIGHT="46" WC="0.96" CONTENT="begånget"/><SP WIDTH="27" VPOS="860" HPOS="675"/>
							<String ID="string_91" HPOS="702" VPOS="860" WIDTH="123" HEIGHT="37" WC="0.93" CONTENT="under"/><SP WIDTH="27" VPOS="860" HPOS="825"/>
							<String ID="string_92" HPOS="852" VPOS="860" WIDTH="138" HEIGHT="47" WC="0.92" CONTENT="sjötåg,"/><SP WIDTH="30" VPOS="860" HPOS="990"/>
							<String ID="string_93" HPOS="1020" VPOS="861" WIDTH="134" HEIGHT="46" WC="0.95" CONTENT="åtalas,"/><SP WIDTH="29" VPOS="861" HPOS="1154"/>
							<String ID="string_94" HPOS="1183" VPOS="862" WIDTH="70" HEIGHT="35" WC="0.96" CONTENT="där"/><SP WIDTH="27" VPOS="862" HPOS="1253"/>
							<String ID="string_95" HPOS="1280" VPOS="861" WIDTH="32" HEIGHT="47" WC="0.96" CONTENT="ej"/><SP WIDTH="31" VPOS="861" HPOS="1312"/>
							<String ID="string_96" HPOS="1343" VPOS="862" WIDTH="119" HEIGHT="36" WC="0.96" CONTENT="målet"/><SP WIDTH="32" VPOS="862" HPOS="1462"/>
							<String ID="string_97" HPOS="1494" VPOS="862" WIDTH="99" HEIGHT="35" WC="0.96" CONTENT="skall"/><SP WIDTH="20" VPOS="862" HPOS="1593"/>
							<String ID="string_98" HPOS="1613" VPOS="865" WIDTH="190" HEIGHT="45" WC="0.96" CONTENT="upptagas"/>
						</TextLine>
						<TextLine ID="line_12" HPOS="196" VPOS="911" WIDTH="1606" HEIGHT="50">
							<String ID="string_99" HPOS="196" VPOS="922" WIDTH="48" HEIGHT="24" WC="0.96" CONTENT="av"/><SP WIDTH="41" VPOS="922" HPOS="244"/>
							<String ID="string_100" HPOS="285" VPOS="911" WIDTH="165" HEIGHT="36" WC="0.95" CONTENT="särskild"/><SP WIDTH="39" VPOS="911" HPOS="450"/>
							<String ID="string_101" HPOS="489" VPOS="911" WIDTH="194" HEIGHT="47" WC="0.96" CONTENT="krigsrätt"/><SP WIDTH="40" VPOS="911" HPOS="683"/>
							<String ID="string_102" HPOS="723" VPOS="912" WIDTH="94" HEIGHT="37" WC="0.93" CONTENT="eller"/><SP WIDTH="41" VPOS="912" HPOS="817"/>
							<String ID="string_103" HPOS="858" VPOS="913" WIDTH="275" HEIGHT="47" WC="0.92" CONTENT="fältkrigsrätt,"/><SP WIDTH="30" VPOS="913" HPOS="1133"/>
							<String ID="string_104" HPOS="1163" VPOS="913" WIDTH="102" HEIGHT="35" WC="0.93" CONTENT="inför"/><SP WIDTH="27" VPOS="913" HPOS="1265"/>
							<String ID="string_105" HPOS="1292" VPOS="913" WIDTH="241" HEIGHT="48" WC="0.91" CONTENT="krigsrätten"/><SP WIDTH="28" VPOS="913" HPOS="1533"/>
							<String ID="string_106" HPOS="1561" VPOS="915" WIDTH="64" HEIGHT="35" WC="0.96" CONTENT="vid"/><SP WIDTH="28" VPOS="915" HPOS="1625"/>
							<String ID="string_107" HPOS="1653" VPOS="915" WIDTH="73" HEIGHT="35" WC="0.96" CONTENT="den"/><SP WIDTH="29" VPOS="915" HPOS="1726"/>
							<String ID="string_108" HPOS="1755" VPOS="927" WIDTH="47" HEIGHT="23" WC="0.96" CONTENT="av"/>
						</TextLine>
						<TextLine ID="line_13" HPOS="196" VPOS="962" WIDTH="1607" HEIGHT="51">
							<String ID="string_109" HPOS="196" VPOS="962" WIDTH="158" HEIGHT="37" WC="0.95" CONTENT="flottans"/><SP WIDTH="28" VPOS="962" HPOS="354"/>
							<String ID="string_110" HPOS="382" VPOS="963" WIDTH="201" HEIGHT="47" WC="0.96" CONTENT="stationer,"/><SP WIDTH="30" VPOS="963" HPOS="583"/>
							<String ID="string_111" HPOS="613" VPOS="964" WIDTH="59" HEIGHT="36" WC="0.96" CONTENT="dit"/><SP WIDTH="27" VPOS="964" HPOS="672"/>
							<String ID="string_112" HPOS="699" VPOS="964" WIDTH="183" HEIGHT="48" WC="0.96" CONTENT="fartyget,"/><SP WIDTH="29" VPOS="964" HPOS="882"/>
							<String ID="string_113" HPOS="911" VPOS="977" WIDTH="81" HEIGHT="24" WC="0.95" CONTENT="som"/><SP WIDTH="29" VPOS="977" HPOS="992"/>
							<String ID="string_114" HPOS="1021" VPOS="966" WIDTH="75" HEIGHT="35" WC="0.93" CONTENT="den"/><SP WIDTH="28" VPOS="966" HPOS="1096"/>
							<String ID="string_115" HPOS="1124" VPOS="966" WIDTH="203" HEIGHT="47" WC="0.90" CONTENT="brottslige"/><SP WIDTH="21" VPOS="966" HPOS="1327"/>
							<String ID="string_116" HPOS="1348" VPOS="966" WIDTH="141" HEIGHT="47" WC="0.96" CONTENT="åtföljt,"/><SP WIDTH="21" VPOS="966" HPOS="1489"/>
							<String ID="string_117" HPOS="1510" VPOS="967" WIDTH="72" HEIGHT="35" WC="0.96" CONTENT="hör"/><SP WIDTH="14" VPOS="967" HPOS="1582"/>
							<String ID="string_118" HPOS="1596" VPOS="967" WIDTH="92" HEIGHT="36" WC="0.96" CONTENT="eller"/><SP WIDTH="19" VPOS="967" HPOS="1688"/>
							<String ID="string_119" HPOS="1707" VPOS="966" WIDTH="96" HEIGHT="37" WC="0.96" CONTENT="först"/>
						</TextLine>
						<TextLine ID="line_14" HPOS="195" VPOS="1014" WIDTH="162" HEIGHT="48">
							<String ID="string_120" HPOS="195" VPOS="1014" WIDTH="162" HEIGHT="48" WC="0.92" CONTENT="inlöper."/>
						</TextLine>
					</TextBlock>
				</ComposedBlock>
				<ComposedBlock ID="cblock_4" HPOS="943" VPOS="1137" WIDTH="111" HEIGHT="50">
					<TextBlock ID="block_5" HPOS="943" VPOS="1137" WIDTH="111" HEIGHT="50">
						<TextLine ID="line_15" HPOS="943" VPOS="1137" WIDTH="111" HEIGHT="50">
							<String ID="string_121" HPOS="943" VPOS="1141" WIDTH="48" HEIGHT="33" WC="0.93" CONTENT="42"/><SP WIDTH="30" VPOS="1141" HPOS="991"/>
							<String ID="string_122" HPOS="1021" VPOS="1137" WIDTH="33" HEIGHT="50" WC="0.51" CONTENT="8."/>
						</TextLine>
					</TextBlock>
				</ComposedBlock>
				<ComposedBlock ID="cblock_5" HPOS="195" VPOS="1240" WIDTH="1606" HEIGHT="306">
					<TextBlock ID="block_6" HPOS="195" VPOS="1240" WIDTH="1606" HEIGHT="141">
						<TextLine ID="line_16" HPOS="325" VPOS="1240" WIDTH="1473" HEIGHT="51">
							<String ID="string_123" HPOS="325" VPOS="1240" WIDTH="118" HEIGHT="36" WC="0.91" CONTENT="Käres"/><SP WIDTH="41" VPOS="1240" HPOS="443"/>
							<String ID="string_124" HPOS="484" VPOS="1241" WIDTH="158" HEIGHT="37" WC="0.93" CONTENT="särskilt"/><SP WIDTH="28" VPOS="1241" HPOS="642"/>
							<String ID="string_125" HPOS="670" VPOS="1244" WIDTH="22" HEIGHT="33" WC="0.91" CONTENT="å"/><SP WIDTH="28" VPOS="1244" HPOS="692"/>
							<String ID="string_126" HPOS="720" VPOS="1242" WIDTH="244" HEIGHT="46" WC="0.93" CONTENT="skadestånd,"/><SP WIDTH="43" VPOS="1242" HPOS="964"/>
							<String ID="string_127" HPOS="1007" VPOS="1244" WIDTH="397" HEIGHT="46" WC="0.90" CONTENT="rättegångskostnad"/><SP WIDTH="36" VPOS="1244" HPOS="1404"/>
							<String ID="string_128" HPOS="1440" VPOS="1245" WIDTH="93" HEIGHT="36" WC="0.96" CONTENT="eller"/><SP WIDTH="28" VPOS="1245" HPOS="1533"/>
							<String ID="string_129" HPOS="1561" VPOS="1249" WIDTH="129" HEIGHT="42" WC="0.96" CONTENT="annat,"/><SP WIDTH="30" VPOS="1249" HPOS="1690"/>
							<String ID="string_130" HPOS="1720" VPOS="1258" WIDTH="78" HEIGHT="23" WC="0.96" CONTENT="som"/>
						</TextLine>
						<TextLine ID="line_17" HPOS="196" VPOS="1291" WIDTH="1605" HEIGHT="53">
							<String ID="string_131" HPOS="196" VPOS="1303" WIDTH="48" HEIGHT="23" WC="0.96" CONTENT="av"/><SP WIDTH="27" VPOS="1303" HPOS="244"/>
							<String ID="string_132" HPOS="271" VPOS="1291" WIDTH="252" HEIGHT="36" WC="0.96" CONTENT="huvudsaken"/><SP WIDTH="28" VPOS="1291" HPOS="523"/>
							<String ID="string_133" HPOS="551" VPOS="1292" WIDTH="124" HEIGHT="47" WC="0.96" CONTENT="flyter,"/><SP WIDTH="30" VPOS="1292" HPOS="675"/>
							<String ID="string_134" HPOS="705" VPOS="1294" WIDTH="98" HEIGHT="36" WC="0.96" CONTENT="skall"/><SP WIDTH="28" VPOS="1294" HPOS="803"/>
							<String ID="string_135" HPOS="831" VPOS="1295" WIDTH="119" HEIGHT="36" WC="0.93" CONTENT="målet"/><SP WIDTH="28" VPOS="1295" HPOS="950"/>
							<String ID="string_136" HPOS="978" VPOS="1295" WIDTH="310" HEIGHT="48" WC="0.91" CONTENT="anhängiggöras"/><SP WIDTH="27" VPOS="1295" HPOS="1288"/>
							<String ID="string_137" HPOS="1315" VPOS="1297" WIDTH="65" HEIGHT="35" WC="0.96" CONTENT="vid"/><SP WIDTH="27" VPOS="1297" HPOS="1380"/>
							<String ID="string_138" HPOS="1407" VPOS="1297" WIDTH="75" HEIGHT="36" WC="0.96" CONTENT="den"/><SP WIDTH="19" VPOS="1297" HPOS="1482"/>
							<String ID="string_139" HPOS="1501" VPOS="1297" WIDTH="198" HEIGHT="47" WC="0.96" CONTENT="krigsrätt,"/><SP WIDTH="21" VPOS="1297" HPOS="1699"/>
							<String ID="string_140" HPOS="1720" VPOS="1309" WIDTH="81" HEIGHT="25" WC="0.96" CONTENT="som"/>
						</TextLine>
						<TextLine ID="line_18" HPOS="195" VPOS="1342" WIDTH="441" HEIGHT="39">
							<String ID="string_141" HPOS="195" VPOS="1343" WIDTH="13" HEIGHT="34" WC="0.96" CONTENT="i"/><SP WIDTH="28" VPOS="1343" HPOS="208"/>
							<String ID="string_142" HPOS="236" VPOS="1342" WIDTH="252" HEIGHT="37" WC="0.96" CONTENT="huvudsaken"/><SP WIDTH="28" VPOS="1342" HPOS="488"/>
							<String ID="string_143" HPOS="516" VPOS="1344" WIDTH="120" HEIGHT="37" WC="0.96" CONTENT="dömt."/>
						</TextLine>
					</TextBlock>
					<TextBlock ID="block_7" HPOS="195" VPOS="1395" WIDTH="1606" HEIGHT="151">
						<TextLine ID="line_19" HPOS="325" VPOS="1395" WIDTH="1476" HEIGHT="53">
							<String ID="string_144" HPOS="325" VPOS="1395" WIDTH="78" HEIGHT="36" WC="0.96" CONTENT="Mål"/><SP WIDTH="28" VPOS="1395" HPOS="403"/>
							<String ID="string_145" HPOS="431" VPOS="1397" WIDTH="198" HEIGHT="46" WC="0.96" CONTENT="angående"/><SP WIDTH="27" VPOS="1397" HPOS="629"/>
							<String ID="string_146" HPOS="656" VPOS="1397" WIDTH="287" HEIGHT="48" WC="0.96" CONTENT="förolämpning"/><SP WIDTH="27" VPOS="1397" HPOS="943"/>
							<String ID="string_147" HPOS="970" VPOS="1399" WIDTH="102" HEIGHT="36" WC="0.96" CONTENT="inför"/><SP WIDTH="27" VPOS="1399" HPOS="1072"/>
							<String ID="string_148" HPOS="1099" VPOS="1399" WIDTH="191" HEIGHT="47" WC="0.93" CONTENT="krigsrätt"/><SP WIDTH="26" VPOS="1399" HPOS="1290"/>
							<String ID="string_149" HPOS="1316" VPOS="1403" WIDTH="203" HEIGHT="44" WC="0.92" CONTENT="upptages,"/><SP WIDTH="20" VPOS="1403" HPOS="1519"/>
							<String ID="string_150" HPOS="1539" VPOS="1401" WIDTH="70" HEIGHT="36" WC="0.96" CONTENT="där"/><SP WIDTH="19" VPOS="1401" HPOS="1609"/>
							<String ID="string_151" HPOS="1628" VPOS="1401" WIDTH="31" HEIGHT="47" WC="0.96" CONTENT="ej"/><SP WIDTH="22" VPOS="1401" HPOS="1659"/>
							<String ID="string_152" HPOS="1681" VPOS="1404" WIDTH="120" HEIGHT="33" WC="0.96" CONTENT="annat"/>
						</TextLine>
						<TextLine ID="line_20" HPOS="195" VPOS="1445" WIDTH="1603" HEIGHT="54">
							<String ID="string_153" HPOS="195" VPOS="1445" WIDTH="217" HEIGHT="38" WC="0.91" CONTENT="föranledes"/><SP WIDTH="32" VPOS="1445" HPOS="412"/>
							<String ID="string_154" HPOS="444" VPOS="1459" WIDTH="47" HEIGHT="24" WC="0.89" CONTENT="av"/><SP WIDTH="43" VPOS="1459" HPOS="491"/>
							<String ID="string_155" HPOS="534" VPOS="1448" WIDTH="233" HEIGHT="48" WC="0.89" CONTENT="stadgandet"/><SP WIDTH="27" VPOS="1448" HPOS="767"/>
							<String ID="string_156" HPOS="794" VPOS="1451" WIDTH="122" HEIGHT="36" WC="0.93" CONTENT="under"/><SP WIDTH="28" VPOS="1451" HPOS="916"/>
							<String ID="string_157" HPOS="944" VPOS="1450" WIDTH="76" HEIGHT="45" WC="0.92" CONTENT="4:0)"/><SP WIDTH="29" VPOS="1450" HPOS="1020"/>
							<String ID="string_158" HPOS="1049" VPOS="1451" WIDTH="13" HEIGHT="35" WC="0.96" CONTENT="i"/><SP WIDTH="29" VPOS="1451" HPOS="1062"/>
							<String ID="string_159" HPOS="1091" VPOS="1454" WIDTH="47" HEIGHT="34" WC="0.93" CONTENT="46"/><SP WIDTH="31" VPOS="1454" HPOS="1138"/>
							<String ID="string_160" HPOS="1169" VPOS="1451" WIDTH="31" HEIGHT="48" WC="0.84" CONTENT="&amp;,"/><SP WIDTH="31" VPOS="1451" HPOS="1200"/>
							<String ID="string_161" HPOS="1231" VPOS="1464" WIDTH="46" HEIGHT="24" WC="0.96" CONTENT="av"/><SP WIDTH="28" VPOS="1464" HPOS="1277"/>
							<String ID="string_162" HPOS="1305" VPOS="1453" WIDTH="74" HEIGHT="35" WC="0.96" CONTENT="den"/><SP WIDTH="28" VPOS="1453" HPOS="1379"/>
							<String ID="string_163" HPOS="1407" VPOS="1452" WIDTH="178" HEIGHT="47" WC="0.96" CONTENT="domstol,"/><SP WIDTH="27" VPOS="1452" HPOS="1585"/>
							<String ID="string_164" HPOS="1612" VPOS="1454" WIDTH="69" HEIGHT="35" WC="0.93" CONTENT="där"/><SP WIDTH="18" VPOS="1454" HPOS="1681"/>
							<String ID="string_165" HPOS="1699" VPOS="1453" WIDTH="99" HEIGHT="37" WC="0.92" CONTENT="föro-"/>
						</TextLine>
						<TextLine ID="line_21" HPOS="195" VPOS="1497" WIDTH="396" HEIGHT="49">
							<String ID="string_166" HPOS="195" VPOS="1497" WIDTH="252" HEIGHT="49" WC="0.91" CONTENT="lämpningen"/><SP WIDTH="28" VPOS="1497" HPOS="447"/>
							<String ID="string_167" HPOS="475" VPOS="1499" WIDTH="116" HEIGHT="38" WC="0.96" CONTENT="skett."/>
						</TextLine>
					</TextBlock>
				</ComposedBlock>
				<ComposedBlock ID="cblock_6" HPOS="942" VPOS="1640" WIDTH="109" HEIGHT="50">
					<TextBlock ID="block_8" HPOS="942" VPOS="1640" WIDTH="109" HEIGHT="50">
						<TextLine ID="line_22" HPOS="942" VPOS="1640" WIDTH="109" HEIGHT="50">
							<String ID="string_168" HPOS="942" VPOS="1644" WIDTH="47" HEIGHT="34" WC="0.88" CONTENT="43"/><SP WIDTH="31" VPOS="1644" HPOS="989"/>
							<String ID="string_169" HPOS="1020" VPOS="1640" WIDTH="31" HEIGHT="50" WC="0.50" CONTENT="8."/>
						</TextLine>
					</TextBlock>
				</ComposedBlock>
				<ComposedBlock ID="cblock_7" HPOS="194" VPOS="1723" WIDTH="1605" HEIGHT="204">
					<TextBlock ID="block_9" HPOS="194" VPOS="1723" WIDTH="1605" HEIGHT="204">
						<TextLine ID="line_23" HPOS="324" VPOS="1723" WIDTH="1475" HEIGHT="51">
							<String ID="string_170" HPOS="324" VPOS="1723" WIDTH="109" HEIGHT="36" WC="0.92" CONTENT="Hava"/><SP WIDTH="41" VPOS="1723" HPOS="433"/>
							<String ID="string_171" HPOS="474" VPOS="1727" WIDTH="67" HEIGHT="34" WC="0.96" CONTENT="två"/><SP WIDTH="42" VPOS="1727" HPOS="541"/>
							<String ID="string_172" HPOS="583" VPOS="1726" WIDTH="94" HEIGHT="36" WC="0.94" CONTENT="eller"/><SP WIDTH="40" VPOS="1726" HPOS="677"/>
							<String ID="string_173" HPOS="717" VPOS="1726" WIDTH="93" HEIGHT="36" WC="0.94" CONTENT="flera"/><SP WIDTH="40" VPOS="1726" HPOS="810"/>
							<String ID="string_174" HPOS="850" VPOS="1728" WIDTH="255" HEIGHT="36" WC="0.90" CONTENT="tillsammans"/><SP WIDTH="33" VPOS="1728" HPOS="1105"/>
							<String ID="string_175" HPOS="1138" VPOS="1729" WIDTH="153" HEIGHT="36" WC="0.90" CONTENT="förövat"/><SP WIDTH="27" VPOS="1729" HPOS="1291"/>
							<String ID="string_176" HPOS="1318" VPOS="1731" WIDTH="119" HEIGHT="43" WC="0.96" CONTENT="brott,"/><SP WIDTH="31" VPOS="1731" HPOS="1437"/>
							<String ID="string_177" HPOS="1468" VPOS="1730" WIDTH="130" HEIGHT="36" WC="0.96" CONTENT="därför"/><SP WIDTH="29" VPOS="1730" HPOS="1598"/>
							<String ID="string_178" HPOS="1627" VPOS="1731" WIDTH="78" HEIGHT="36" WC="0.96" CONTENT="åtal"/><SP WIDTH="29" VPOS="1731" HPOS="1705"/>
							<String ID="string_179" HPOS="1734" VPOS="1732" WIDTH="65" HEIGHT="35" WC="0.96" CONTENT="vid"/>
						</TextLine>
						<TextLine ID="line_24" HPOS="196" VPOS="1774" WIDTH="1600" HEIGHT="55">
							<String ID="string_180" HPOS="196" VPOS="1774" WIDTH="194" HEIGHT="47" WC="0.96" CONTENT="krigsrätt"/><SP WIDTH="45" VPOS="1774" HPOS="390"/>
							<String ID="string_181" HPOS="435" VPOS="1777" WIDTH="71" HEIGHT="35" WC="0.96" CONTENT="bör"/><SP WIDTH="41" VPOS="1777" HPOS="506"/>
							<String ID="string_182" HPOS="547" VPOS="1778" WIDTH="79" HEIGHT="45" WC="0.96" CONTENT="ske,"/><SP WIDTH="43" VPOS="1778" HPOS="626"/>
							<String ID="string_183" HPOS="669" VPOS="1778" WIDTH="73" HEIGHT="36" WC="0.96" CONTENT="och"/><SP WIDTH="40" VPOS="1778" HPOS="742"/>
							<String ID="string_184" HPOS="782" VPOS="1779" WIDTH="90" HEIGHT="46" WC="0.96" CONTENT="lyda"/><SP WIDTH="41" VPOS="1779" HPOS="872"/>
							<String ID="string_185" HPOS="913" VPOS="1780" WIDTH="46" HEIGHT="36" WC="0.95" CONTENT="de"/><SP WIDTH="42" VPOS="1780" HPOS="959"/>
							<String ID="string_186" HPOS="1001" VPOS="1781" WIDTH="209" HEIGHT="46" WC="0.95" CONTENT="brottsliga"/><SP WIDTH="40" VPOS="1781" HPOS="1210"/>
							<String ID="string_187" HPOS="1250" VPOS="1781" WIDTH="122" HEIGHT="36" WC="0.96" CONTENT="under"/><SP WIDTH="41" VPOS="1781" HPOS="1372"/>
							<String ID="string_188" HPOS="1413" VPOS="1782" WIDTH="106" HEIGHT="35" WC="0.93" CONTENT="olika"/><SP WIDTH="34" VPOS="1782" HPOS="1519"/>
							<String ID="string_189" HPOS="1553" VPOS="1782" WIDTH="243" HEIGHT="47" WC="0.92" CONTENT="krigsrätter,"/>
						</TextLine>
						<TextLine ID="line_25" HPOS="194" VPOS="1827" WIDTH="1604" HEIGHT="53">
							<String ID="string_190" HPOS="194" VPOS="1827" WIDTH="237" HEIGHT="36" WC="0.90" CONTENT="bestämmer"/><SP WIDTH="40" VPOS="1827" HPOS="431"/>
							<String ID="string_191" HPOS="471" VPOS="1828" WIDTH="434" HEIGHT="50" WC="0.90" CONTENT="krigsöverdomstolen,"/><SP WIDTH="42" VPOS="1828" HPOS="905"/>
							<String ID="string_192" HPOS="947" VPOS="1832" WIDTH="65" HEIGHT="36" WC="0.96" CONTENT="vid"/><SP WIDTH="28" VPOS="1832" HPOS="1012"/>
							<String ID="string_193" HPOS="1040" VPOS="1832" WIDTH="131" HEIGHT="36" WC="0.96" CONTENT="vilken"/><SP WIDTH="30" VPOS="1832" HPOS="1171"/>
							<String ID="string_194" HPOS="1201" VPOS="1845" WIDTH="47" HEIGHT="24" WC="0.96" CONTENT="av"/><SP WIDTH="28" VPOS="1845" HPOS="1248"/>
							<String ID="string_195" HPOS="1276" VPOS="1833" WIDTH="106" HEIGHT="36" WC="0.93" CONTENT="dessa"/><SP WIDTH="37" VPOS="1833" HPOS="1382"/>
							<String ID="string_196" HPOS="1419" VPOS="1833" WIDTH="233" HEIGHT="47" WC="0.92" CONTENT="krigsrätter"/><SP WIDTH="27" VPOS="1833" HPOS="1652"/>
							<String ID="string_197" HPOS="1679" VPOS="1835" WIDTH="119" HEIGHT="36" WC="0.96" CONTENT="målet"/>
						</TextLine>
						<TextLine ID="line_26" HPOS="195" VPOS="1878" WIDTH="333" HEIGHT="49">
							<String ID="string_198" HPOS="195" VPOS="1878" WIDTH="100" HEIGHT="36" WC="0.95" CONTENT="skall"/><SP WIDTH="28" VPOS="1878" HPOS="295"/>
							<String ID="string_199" HPOS="323" VPOS="1882" WIDTH="205" HEIGHT="45" WC="0.96" CONTENT="upptagas."/>
						</TextLine>
					</TextBlock>
				</ComposedBlock>
				<ComposedBlock ID="cblock_8" HPOS="940" VPOS="2005" WIDTH="108" HEIGHT="47">
					<TextBlock ID="block_10" HPOS="940" VPOS="2005" WIDTH="108" HEIGHT="47">
						<TextLine ID="line_27" HPOS="940" VPOS="2005" WIDTH="108" HEIGHT="47">
							<String ID="string_200" HPOS="940" VPOS="2007" WIDTH="49" HEIGHT="34" WC="0.95" CONTENT="44"/><SP WIDTH="28" VPOS="2007" HPOS="989"/>
							<String ID="string_201" HPOS="1017" VPOS="2005" WIDTH="31" HEIGHT="47" WC="0.93" CONTENT="8."/>
						</TextLine>
					</TextBlock>
				</ComposedBlock>
				<ComposedBlock ID="cblock_9" HPOS="194" VPOS="2087" WIDTH="1602" HEIGHT="207">
					<TextBlock ID="block_11" HPOS="194" VPOS="2087" WIDTH="1602" HEIGHT="207">
						<TextLine ID="line_28" HPOS="324" VPOS="2087" WIDTH="1470" HEIGHT="52">
							<String ID="string_202" HPOS="324" VPOS="2087" WIDTH="80" HEIGHT="35" WC="0.95" CONTENT="Har"/><SP WIDTH="36" VPOS="2087" HPOS="404"/>
							<String ID="string_203" HPOS="440" VPOS="2088" WIDTH="121" HEIGHT="46" WC="0.95" CONTENT="brott,"/><SP WIDTH="38" VPOS="2088" HPOS="561"/>
							<String ID="string_204" HPOS="599" VPOS="2101" WIDTH="82" HEIGHT="23" WC="0.96" CONTENT="som"/><SP WIDTH="33" VPOS="2101" HPOS="681"/>
							<String ID="string_205" HPOS="714" VPOS="2090" WIDTH="71" HEIGHT="35" WC="0.96" CONTENT="bör"/><SP WIDTH="28" VPOS="2090" HPOS="785"/>
							<String ID="string_206" HPOS="813" VPOS="2090" WIDTH="123" HEIGHT="36" WC="0.96" CONTENT="åtalas"/><SP WIDTH="28" VPOS="2090" HPOS="936"/>
							<String ID="string_207" HPOS="964" VPOS="2091" WIDTH="65" HEIGHT="35" WC="0.96" CONTENT="vid"/><SP WIDTH="27" VPOS="2091" HPOS="1029"/>
							<String ID="string_208" HPOS="1056" VPOS="2091" WIDTH="202" HEIGHT="46" WC="0.96" CONTENT="krigsrätt,"/><SP WIDTH="31" VPOS="2091" HPOS="1258"/>
							<String ID="string_209" HPOS="1289" VPOS="2092" WIDTH="31" HEIGHT="47" WC="0.95" CONTENT="ej"/><SP WIDTH="31" VPOS="2092" HPOS="1320"/>
							<String ID="string_210" HPOS="1351" VPOS="2093" WIDTH="114" HEIGHT="36" WC="0.93" CONTENT="blivit"/><SP WIDTH="29" VPOS="2093" HPOS="1465"/>
							<String ID="string_211" HPOS="1494" VPOS="2094" WIDTH="135" HEIGHT="43" WC="0.92" CONTENT="åtalat,"/><SP WIDTH="29" VPOS="2094" HPOS="1629"/>
							<String ID="string_212" HPOS="1658" VPOS="2094" WIDTH="136" HEIGHT="35" WC="0.96" CONTENT="medan"/>
						</TextLine>
						<TextLine ID="line_29" HPOS="194" VPOS="2138" WIDTH="1602" HEIGHT="52">
							<String ID="string_213" HPOS="194" VPOS="2138" WIDTH="75" HEIGHT="35" WC="0.89" CONTENT="den"/><SP WIDTH="36" VPOS="2138" HPOS="269"/>
							<String ID="string_214" HPOS="305" VPOS="2139" WIDTH="206" HEIGHT="47" WC="0.89" CONTENT="brottslige"/><SP WIDTH="37" VPOS="2139" HPOS="511"/>
							<String ID="string_215" HPOS="548" VPOS="2140" WIDTH="114" HEIGHT="46" WC="0.96" CONTENT="lydde"/><SP WIDTH="38" VPOS="2140" HPOS="662"/>
							<String ID="string_216" HPOS="700" VPOS="2141" WIDTH="122" HEIGHT="35" WC="0.95" CONTENT="under"/><SP WIDTH="41" VPOS="2141" HPOS="822"/>
							<String ID="string_217" HPOS="863" VPOS="2142" WIDTH="225" HEIGHT="47" WC="0.95" CONTENT="strafflagen"/><SP WIDTH="37" VPOS="2142" HPOS="1088"/>
							<String ID="string_218" HPOS="1125" VPOS="2143" WIDTH="60" HEIGHT="35" WC="0.96" CONTENT="för"/><SP WIDTH="36" VPOS="2143" HPOS="1185"/>
							<String ID="string_219" HPOS="1221" VPOS="2144" WIDTH="279" HEIGHT="46" WC="0.96" CONTENT="krigsmakten,"/><SP WIDTH="36" VPOS="2144" HPOS="1500"/>
							<String ID="string_220" HPOS="1536" VPOS="2146" WIDTH="114" HEIGHT="35" WC="0.95" CONTENT="varde"/><SP WIDTH="28" VPOS="2146" HPOS="1650"/>
							<String ID="string_221" HPOS="1678" VPOS="2146" WIDTH="118" HEIGHT="35" WC="0.96" CONTENT="målet"/>
						</TextLine>
						<TextLine ID="line_30" HPOS="194" VPOS="2191" WIDTH="1600" HEIGHT="52">
							<String ID="string_222" HPOS="194" VPOS="2192" WIDTH="193" HEIGHT="45" WC="0.96" CONTENT="upptaget"/><SP WIDTH="37" VPOS="2192" HPOS="387"/>
							<String ID="string_223" HPOS="424" VPOS="2203" WIDTH="47" HEIGHT="23" WC="0.93" CONTENT="av"/><SP WIDTH="36" VPOS="2203" HPOS="471"/>
							<String ID="string_224" HPOS="507" VPOS="2191" WIDTH="240" HEIGHT="47" WC="0.92" CONTENT="krigsrätten"/><SP WIDTH="36" VPOS="2191" HPOS="747"/>
							<String ID="string_225" HPOS="783" VPOS="2193" WIDTH="64" HEIGHT="35" WC="0.96" CONTENT="vid"/><SP WIDTH="37" VPOS="2193" HPOS="847"/>
							<String ID="string_226" HPOS="884" VPOS="2194" WIDTH="73" HEIGHT="36" WC="0.96" CONTENT="den"/><SP WIDTH="34" VPOS="2194" HPOS="957"/>
							<String ID="string_227" HPOS="991" VPOS="2194" WIDTH="208" HEIGHT="48" WC="0.96" CONTENT="avdelning"/><SP WIDTH="27" VPOS="2194" HPOS="1199"/>
							<String ID="string_228" HPOS="1226" VPOS="2208" WIDTH="48" HEIGHT="23" WC="0.96" CONTENT="av"/><SP WIDTH="27" VPOS="2208" HPOS="1274"/>
							<String ID="string_229" HPOS="1301" VPOS="2195" WIDTH="280" HEIGHT="48" WC="0.95" CONTENT="krigsmakten,"/><SP WIDTH="32" VPOS="2195" HPOS="1581"/>
							<String ID="string_230" HPOS="1613" VPOS="2209" WIDTH="81" HEIGHT="24" WC="0.96" CONTENT="som"/><SP WIDTH="28" VPOS="2209" HPOS="1694"/>
							<String ID="string_231" HPOS="1722" VPOS="2198" WIDTH="72" HEIGHT="35" WC="0.96" CONTENT="den"/>
						</TextLine>
						<TextLine ID="line_31" HPOS="198" VPOS="2241" WIDTH="1146" HEIGHT="53">
							<String ID="string_232" HPOS="198" VPOS="2241" WIDTH="194" HEIGHT="37" WC="0.96" CONTENT="tilltalade"/><SP WIDTH="28" VPOS="2241" HPOS="392"/>
							<String ID="string_233" HPOS="420" VPOS="2242" WIDTH="184" HEIGHT="37" WC="0.96" CONTENT="tillhörde"/><SP WIDTH="28" VPOS="2242" HPOS="604"/>
							<String ID="string_234" HPOS="632" VPOS="2243" WIDTH="64" HEIGHT="36" WC="0.96" CONTENT="vid"/><SP WIDTH="25" VPOS="2243" HPOS="696"/>
							<String ID="string_235" HPOS="721" VPOS="2245" WIDTH="73" HEIGHT="35" WC="0.96" CONTENT="den"/><SP WIDTH="29" VPOS="2245" HPOS="794"/>
							<String ID="string_236" HPOS="823" VPOS="2245" WIDTH="69" HEIGHT="45" WC="0.96" CONTENT="tid,"/><SP WIDTH="29" VPOS="2245" HPOS="892"/>
							<String ID="string_237" HPOS="921" VPOS="2246" WIDTH="50" HEIGHT="35" WC="0.96" CONTENT="då"/><SP WIDTH="27" VPOS="2246" HPOS="971"/>
							<String ID="string_238" HPOS="998" VPOS="2246" WIDTH="151" HEIGHT="36" WC="0.96" CONTENT="brottet"/><SP WIDTH="27" VPOS="2246" HPOS="1149"/>
							<String ID="string_239" HPOS="1176" VPOS="2247" WIDTH="168" HEIGHT="47" WC="0.96" CONTENT="begicks."/>
						</TextLine>
					</TextBlock>
				</ComposedBlock>
			</PrintSpace>
		</Page>
	</Layout>
</alto>
