2212 2626
202 400 131 24 Utskottet.

180 1948 69 23 Herr
267 1948 78 24 Jacob

163 1983 127 24 Larssons
297 1992 33 14 m.
340 1984 27 30 fl.

188 2021 67 20 samt
273 2019 60 23 herr

179 2053 141 24 Karlssons
337 2053 10 23 i

180 2088 63 30 Fjäl
260 2096 32 15 m.
312 2089 25 29 fl.

196 2123 132 23 motioner.

435 158 39 31 10
897 155 238 41 Lagutskottets
1157 154 165 32 utlåtande
1344 154 53 31 Nr
1420 156 51 29 22.

389 236 89 49 giva
518 235 63 37 vid
623 235 161 46 handen,
827 239 54 31 att
921 239 96 31 även
1059 232 190 50 åtskilliga
1290 246 46 23 av
1374 232 110 37 dessa
1511 232 199 37 förseelser
1738 232 91 37 böra
1857 232 131 37 kunna

389 287 178 37 bedömas
595 288 122 47 enligt
744 287 137 35 allmän
909 286 96 48 lag.»

521 390 187 37 Utskottet
743 389 120 36 finner
895 388 64 37 det
985 388 82 37 icke
1094 388 59 36 för
1179 387 234 36 närvarande
1441 387 128 36 kunna
1596 387 254 48 ifrågasättas,
1880 392 65 42 att,
1974 386 13 36 i

388 442 170 49 enlighet
598 440 83 38 med
723 440 74 37 vad
838 440 127 37 herrar
1004 439 228 49 Lindhagen
1272 438 70 37 och
1383 438 161 37 Persson
1576 439 12 36 i
1616 438 244 51 Norrköping
1887 439 13 36 i
1928 439 56 36 sin

387 495 143 37 motion
571 494 203 47 hemställt,
816 493 49 37 all
899 491 385 51 speciallagstiftning
1319 493 49 47 på
1395 491 288 49 ifrågavarande
1710 491 152 37 område
1891 490 95 37 skall

387 547 172 49 upphöra
599 547 71 36 och
710 546 13 36 i
764 545 122 37 stället
926 543 396 38 straffbestämmelser
1354 556 60 23 om
1442 544 102 35 vissa
1572 543 163 36 militära
1762 543 103 36 brott
1891 556 96 36 upp-

388 605 109 42 tagas
529 599 13 35 i
574 598 190 35 allmänna
792 596 232 48 strafflagen.
1080 596 17 35 I
1126 595 124 35 denna
1277 594 249 48 uppfattning
1554 594 146 49 styrkes
1729 594 182 36 utskottet
1939 607 46 22 av

388 650 72 36 den
501 649 217 47 utredning,
760 660 82 23 som
871 647 225 36 kommittén
1130 646 143 36 lämnat
1306 645 161 36 rörande
1504 645 45 36 de
1585 657 168 37 grupper
1789 658 47 23 av
1872 644 115 48 brott,

388 714 80 24 som
497 700 205 50 lämpligen
730 699 92 37 böra
850 703 112 44 göras
991 698 55 36 till
1073 697 157 37 föremål
1258 697 58 36 för
1343 709 47 24 en
1409 696 160 37 särskild
1590 696 393 50 militärlagstiftning.

387 753 58 37 En
486 756 41 34 så
568 751 326 50 genomgripande
935 749 267 49 omarbetning
1243 762 46 23 av
1323 749 73 36 den
1425 749 188 36 allmänna
1641 748 232 49 strafflagen,
1903 761 82 24 som

388 805 72 37 den
497 805 277 36 motionärerna
808 803 212 47 ifrågasatt,
1049 802 96 36 lärer
1171 801 82 36 icke
1279 800 119 36 heller
1424 800 129 36 kunna
1586 800 281 49 åvägabringas
1894 804 92 32 utan

388 862 54 30 att
470 861 54 31 ett
551 855 207 47 väsentligt
785 854 175 48 uppskov
979 858 91 43 äger
1095 866 82 22 rum
1197 851 84 37 med
1301 851 84 36 hela
1404 852 404 48 krigslagsreformens
1828 864 158 35 genom-

389 907 167 47 förande,
585 906 117 36 vilket
730 905 119 48 enligt
876 905 206 35 utskottets
1110 903 156 48 mening
1292 902 82 37 icke
1401 902 76 37 kan
1504 915 90 23 vara
1621 902 191 36 önskvärt.

516 984 203 47 Utskottet,
762 996 82 24 som
885 995 131 24 senare
1057 982 12 36 i
1112 986 114 32 annat
1267 980 278 49 sammanhang
1585 979 65 37 vill
1690 984 103 45 yttra
1838 980 59 48 sig
1925 993 61 23 om

388 1037 298 37 motionärernas
714 1035 146 48 förslag
888 1040 54 31 att
971 1034 45 37 de
1043 1034 164 36 militära
1235 1033 123 36 målen
1387 1031 107 37 skola
1522 1031 219 49 överflyttas
1770 1032 55 36 till
1854 1032 45 37 de
1919 1032 66 36 all-

388 1094 137 31 männa
553 1088 267 46 domstolarna,
848 1087 69 35 har
944 1086 63 36 vid
1035 1085 239 49 granskning
1302 1097 46 23 av
1372 1084 46 35 de
1437 1083 263 48 föreliggande
1725 1083 260 49 lagförslagen

388 1141 125 36 funnit
553 1139 108 37 dessa
702 1151 90 23 vara
830 1151 45 23 av
903 1136 261 38 beskaffenhet
1191 1141 65 41 att,
1286 1135 83 36 med
1398 1135 46 36 de
1472 1134 206 49 ändringar
1704 1134 187 37 utskottet
1918 1135 68 36 här

387 1192 123 37 nedan
539 1190 207 49 föreslagit,
775 1189 92 37 böra
896 1202 45 23 av
969 1188 205 49 riksdagen
1202 1187 234 49 godkännas.

517 1269 74 36 För
630 1267 204 37 innehållet
871 1267 12 35 i
925 1266 129 36 herrar
1094 1265 245 47 Lindhagens
1380 1263 71 37 och
1492 1263 180 36 Perssons
1700 1262 12 36 i
1740 1263 247 49 Norrköping

389 1322 155 46 motion,
584 1320 113 36 såvitt
725 1319 219 35 densamma
967 1316 207 37 behandlar
1198 1315 184 37 särskilda
1410 1314 236 49 stadganden
1673 1313 13 36 i
1714 1314 269 48 lagförslagen,

388 1378 179 30 ävensom
610 1371 58 36 för
708 1370 134 47 övriga
882 1369 13 35 i
937 1368 206 48 anledning
1183 1381 48 22 av
1272 1366 71 36 den
1376 1366 129 47 kungl.
1537 1365 284 50 propositionen
1849 1365 138 36 väckta

388 1424 185 37 motioner
612 1422 147 37 lämnar
799 1421 186 36 utskottet
1024 1419 244 49 redogörelse
1310 1418 67 36 här
1404 1417 123 37 nedan
1555 1418 11 35 i
1596 1415 182 38 samband
1807 1417 85 36 med
1920 1417 63 36 be-

387 1476 234 48 handlingen
650 1488 44 22 av
724 1473 45 37 de
797 1473 100 36 delar
928 1486 46 22 av
1002 1471 267 49 lagförslagen,
1299 1483 80 24 som
1408 1469 290 49 ifrågavarande
1721 1469 187 36 motioner
1928 1469 58 37 för

386 1528 105 47 varje
520 1526 149 37 särskilt
699 1526 64 35 fall
791 1538 101 23 avse.

516 1578 17 36 I
562 1578 72 36 den
663 1577 165 49 följande
856 1574 331 49 framställningen
1214 1574 69 35 har
1310 1573 182 36 utskottet
1511 1573 12 35 i
1543 1573 185 35 avseende
1748 1575 21 33 å
1787 1572 197 49 paragraf-

385 1630 278 47 beteckningen
705 1628 85 48 följt
830 1627 142 48 Kungl.
1001 1626 127 48 Maj:ts
1156 1624 245 51 proposition,
1431 1624 66 36 där
1525 1623 74 37 den
1626 1623 12 36 i
1668 1624 102 36 detta
1799 1624 187 36 avseende

387 1682 129 49 skiljer
543 1681 60 49 sig
631 1681 82 36 från
741 1679 204 37 utskottets
973 1678 154 48 förslag.

772 1782 188 40 Förslaget
983 1781 61 33 till
1066 1780 164 41 strafflag
1252 1779 58 33 för
1332 1778 259 41 krigsmakten.

1142 1866 21 50 8
1182 1866 43 50 1.

515 1940 97 37 Herr
651 1941 110 36 Jacob
802 1940 159 35 Larsson
1002 1951 45 23 m.
1071 1938 44 45 fl.
1146 1943 97 30 samt
1270 1936 85 36 herr
1383 1935 179 36 Karlsson
1591 1934 12 36 1
1631 1933 83 49 Fjäl
1742 1946 45 23 m.
1811 1934 45 45 fl.
1885 1933 100 37 hava

386 1993 13 36 i
426 1993 81 36 sina
536 1991 260 38 ovanberörda
824 1991 186 35 motioner
1037 1988 203 47 hemställt,
1270 1993 55 31 att
1352 1987 117 36 sådan
1492 1986 163 48 ändring
1674 1988 115 33 måtte
1807 1985 176 49 vidtagas

386 2045 12 36 i
426 2045 73 36 den
531 2044 129 48 kungl.
692 2043 297 49 propositionen,
1023 2046 55 31 att
1110 2041 173 36 eleverna
1314 2039 65 36 vid
1408 2037 432 51 skeppsgosseskolorna
1868 2040 116 33 måtte

386 2096 238 47 undantagas
667 2095 81 36 från
790 2099 53 31 att
883 2093 180 36 hänföras
1104 2092 57 36 till
1192 2092 195 48 krigsmän
1416 2090 72 36 och
1516 2089 143 37 således
1688 2089 31 48 ej
1750 2088 88 49 lyda
1865 2089 119 36 under

387 2147 219 48 strafflagen
634 2147 59 36 för
721 2145 271 48 krigsmakten.

514 2198 72 36 Till
628 2198 85 36 stöd
755 2197 58 36 för
848 2196 66 37 sitt
941 2195 171 50 yrkande
1142 2195 97 36 hava
1267 2193 277 37 motionärerna
1572 2190 114 37 bland
1714 2196 116 31 annat
1859 2191 127 36 anfört

385 2250 183 49 följande:

515 2301 152 49 sEnligt
707 2303 67 34 vår
815 2299 156 48 mening
1003 2299 68 37 bör
1098 2296 401 51 krigslagstiftningen
1527 2294 83 38 icke
1638 2299 72 44 äga
1743 2294 241 49 tillämpning
