1860 2788
499 162 389 33 Jordbruksutskottets
910 161 179 31 utlåtande
1110 170 44 20 nr
1177 159 49 30 13.
1576 155 39 30 13

153 253 126 40 Kungl.
296 252 123 40 Maj:ts
437 251 131 39 förslag
584 249 221 30 beträffande
822 246 340 40 lånegarantiramen
1182 245 90 29 samt
1288 242 118 39 övriga
1423 242 10 29 i
1452 242 56 29 det
1524 240 90 30 före-

108 305 132 40 gående
263 304 29 39 ej
321 302 144 31 särskilt
486 301 146 31 berörda
656 300 96 30 delar
775 298 192 39 tillstyrkes
991 306 42 21 av
1056 296 181 29 utskottet.
1261 294 65 30 Vid
1349 293 101 30 bifall
1472 291 53 30 till
1547 291 67 30 vad

109 356 172 30 utskottet
304 354 148 30 sålunda
474 352 157 31 förordat
653 350 98 31 torde
774 351 57 29 det
853 349 37 30 få
913 348 189 30 ankomma
1124 346 45 41 på
1192 345 125 39 Kungl.
1340 344 107 39 Maj:t
1470 344 50 28 att
1541 341 73 31 vid-

111 409 81 37 taga
218 407 40 29 de
285 403 422 40 författningsändringar
735 401 63 30 och
825 399 143 31 utfärda
997 399 40 30 de
1063 396 262 31 bestämmelser
1353 395 11 28 i
1392 393 120 39 övrigt,
1541 401 74 21 som

110 457 203 40 därigenom
334 457 72 29 kan
426 455 49 30 bli
496 452 237 40 erforderliga.

156 508 116 30 Under
287 506 219 41 åberopande
523 515 41 20 av
579 506 57 29 det
653 503 148 31 anförda
816 501 203 30 hemställer
1035 500 181 33 utskottet,

466 558 50 29 att
538 555 187 39 riksdagen
747 554 66 34 må,
836 553 79 29 med
936 551 99 31 bifall
1057 551 52 29 till
1133 549 125 38 Kungl.
1280 547 124 40 Maj:ts
1427 545 189 30 framställ-

422 608 84 39 ning
529 608 90 28 samt
641 606 79 29 med
743 605 117 38 avslag
883 604 20 29 å
925 602 219 30 motionerna
1168 599 86 31 1:74
1277 599 63 30 och
1364 598 45 29 II:
1429 597 71 34 101,
1523 596 93 29 med-

425 659 78 40 giva

469 709 36 34 a)
540 709 50 29 att
618 706 226 41 jordbrukets
874 703 251 41 lagerhusfond
1156 702 59 29 må
1244 699 183 31 avvecklas
1456 699 79 29 med
1565 698 54 28 ut-

426 760 133 39 gången
588 768 42 21 av
658 757 204 39 budgetåret
893 753 149 41 1953/54
1071 754 64 29 och
1164 752 147 29 ersättas
1341 760 42 20 av
1411 751 49 28 ett
1489 749 128 39 system

424 812 80 29 med
523 809 116 39 statlig
658 807 216 40 lånegaranti
897 806 5 29 i
920 804 236 39 huvudsaklig
1174 800 346 33 överensstämmelse
1540 799 79 29 med

426 863 41 29 de
491 861 161 40 grunder,
678 869 74 20 som
777 857 149 40 angivits
949 856 11 29 i
984 856 56 29 det
1064 854 222 39 föregående;

470 912 37 34 b)
536 913 50 28 att
610 911 110 29 under
743 908 204 40 budgetåret
973 905 147 40 1954/55
1146 904 116 39 statlig
1285 900 253 41 kreditgaranti
1562 900 57 29 må

426 962 147 40 beviljas
592 962 54 30 för
663 959 220 41 uppförande
901 968 42 20 av
960 957 161 39 lagerhus
1139 965 45 21 m.
1202 964 45 20 m.
1264 954 91 29 intill
1373 954 49 29 ett
1437 952 124 39 belopp
1579 960 43 20 av

426 1014 19 29 4
459 1013 62 30 000
537 1012 62 30 000
618 1013 141 28 kronor.

163 1116 202 31 Stockholm
384 1117 68 29 den
472 1114 18 29 6
510 1114 87 39 april
619 1111 93 30 1954.

560 1215 48 31 På
626 1212 383 42 jordbruksutskottets
1029 1211 146 38 vägnar:

621 1314 210 30 HJALMAR
856 1310 269 32 GUSTAFSON.

418 1528 64 29 Vid
499 1528 93 29 detta
613 1525 146 30 ärendes
777 1522 285 38 slutbehandling
1079 1521 65 29 har
1162 1518 171 31 närvarit:

169 1590 80 29 från
285 1589 166 29 första
491 1586 220 29 kammaren:
742 1584 119 28 herrar
890 1580 210 37 Anderberg,
1131 1579 88 37 Lage
1250 1577 180 37 Svedberg,
1458 1574 168 32 Näslund,

120 1632 71 30 Jon
218 1632 161 32 Jonsson,
406 1628 107 30 Bertil
541 1627 211 32 Andersson,
781 1624 190 37 Sundberg,
1000 1621 192 33 Eskilsson,
1221 1619 103 33 Nord,
1352 1619 86 28 Bror
1465 1616 157 29 Nilsson”

124 1675 65 29 och
211 1672 127 40 Sigfrid
356 1670 191 34 Larsson”;
571 1670 91 29 samt

170 1733 81 30 från
281 1732 152 30 andra
453 1730 222 28 kammaren:
698 1727 121 29 herrar
839 1724 192 30 Gustafson
1051 1725 11 29 i
1083 1721 163 39 Dädesjö,
1269 1720 201 29 Andersson
1490 1718 12 29 i
1523 1718 106 38 Hyss-

127 1776 75 35 na”,
231 1774 210 39 Heggblom,
468 1771 147 38 Antby",
641 1770 152 29 Jonsson
817 1768 11 29 i
854 1766 208 31 Strömsund
1089 1764 64 30 och
1181 1764 198 28 Pettersson
1406 1762 10 28 i
1444 1761 99 33 Dahl,
1571 1760 57 29 fru

126 1818 170 29 Eriksson
320 1818 10 29 i
354 1815 310 31 Hallstahammar,
689 1812 120 29 herrar
834 1808 179 33 Ahlsten”,
1039 1805 238 31 Mårtensson”
1303 1804 67 30 och
1394 1803 200 30 Johansson
1618 1800 12 30 i

126 1859 194 30 Västervik.

161 1936 10 10 +"
194 1935 34 31 Ej
252 1933 180 26 närvarande
454 1932 49 24 vid
524 1931 192 31 justeringen.

362 2480 107 23 547296.
508 2474 165 25 Stockholm
698 2472 74 24 1954.
795 2472 79 23 Isaac
896 2471 112 23 Marcus
1029 2467 185 31 Boktryckeri
1239 2465 169 30 Aktiebolag
