1934 2814
521 158 380 33 Jordbruksutskottets
926 154 177 33 utlåtande
1127 153 49 31 Nr
1201 153 28 29 2.
1608 143 19 30 9

121 248 121 36 bidrag
265 247 51 30 till
340 242 472 40 gödselvårdsanläggningar
837 240 55 30 för
915 240 99 30 nästa
1037 236 169 37 budgetår
1229 236 11 30 i
1264 235 150 36 enlighet
1437 233 79 30 med
1541 233 85 30 lant-

120 297 295 36 bruksstyrelsens
436 295 129 36 förslag
583 293 156 31 förordat
759 290 213 32 oförändrad
991 286 315 37 medelsanvisning
1326 295 42 21 av
1389 283 140 36 200,000
1550 283 77 30 kro-

123 358 72 27 nor,
217 348 65 30 har
304 347 58 37 jag
384 345 109 37 ulgått
514 344 81 31 från
617 347 49 27 att
688 343 56 31 det
766 341 20 32 å
809 342 184 30 riksstaten
1017 339 56 31 för
1096 337 234 32 innevarande
1351 333 168 38 budgetår
1541 342 86 27 upp-

123 399 101 31 förda
247 398 154 35 anslaget
424 397 10 29 i
457 395 189 36 anledning
668 403 42 21 av
733 393 67 31 vad
823 393 58 36 jag
905 401 47 21 nu
974 390 117 32 anfört
1114 389 107 30 borde
1244 387 124 31 utökas
1391 386 79 30 med
1494 388 46 27 ett
1563 384 65 30 till-

124 449 215 37 läggsanslag
360 447 20 31 å
400 446 195 37 betydande
614 445 136 36 belopp.
773 443 169 35 Anslaget,
966 450 74 22 som
1061 440 64 31 bör
1145 438 169 37 uppföras
1334 436 21 32 å
1376 437 203 35 tilläggsstat
1599 434 30 30 II

125 499 49 32 till
202 499 185 31 riksstaten
414 497 55 31 för
493 494 203 39 budgetåret
725 490 152 39 1940/41,
906 493 96 30 torde
1028 492 86 30 böra
1139 490 211 31 bestämmas
1378 487 50 31 till
1457 485 174 37 1,000,000

125 552 158 30 kronor.»

169 650 256 38 Tillstyrkande
449 646 299 37 framställningen
771 644 198 31 hemställer
992 643 176 34 utskottet,

479 743 48 28 att
547 740 185 35 riksdagen
753 737 57 31 må
830 737 51 30 till
901 736 127 36 Bidrag
1048 735 50 30 till
1119 731 472 40 gödselvårdsanläggningar
1612 728 20 31 å

436 791 203 37 tilläggsstat
661 789 29 30 II
711 789 49 30 till
780 788 185 30 riksstaten
986 786 55 30 för
1061 783 202 38 budgetåret
1286 778 136 43 1940/41
1445 780 122 31 anvisa
1586 781 47 29 ett

436 841 350 35 reservationsanslag
806 838 63 37 (B)
891 847 42 21 av
956 836 172 36 1,000,000
1151 835 139 30 kronor.

174 1003 66 40 7:o)
293 1002 131 37 Bidrag
448 1002 51 30 till
523 998 457 39 ladugårdsförbättringar,
1004 994 360 37 reservationsanslag.
1392 993 98 30 Detta
1517 991 119 35 anslag

129 1057 38 30 är
190 1056 54 30 för
267 1054 234 30 innevarande
523 1051 168 37 budgetår
713 1051 144 36 uppfört
880 1049 78 30 med
981 1048 141 35 250,000
1146 1047 139 29 kronor.
1311 1044 130 30 Genom
1465 1041 171 32 särskilda

130 1107 111 30 beslut
268 1106 65 29 har
362 1104 121 36 Kungl.
512 1102 103 37 Maj:t
643 1101 78 31 från
749 1099 265 38 ifrågavarande
1043 1098 120 36 anslag
1189 1096 147 30 tilldelat
1363 1094 90 30 vissa
1482 1091 154 32 hushåll-

130 1157 255 37 ningssällskap
408 1154 189 31 understöd
621 1155 48 28 att
691 1162 42 20 av
757 1152 214 35 sällskapens
996 1147 363 36 förvaltningsutskott
1383 1144 179 31 användas
1586 1142 51 31 till

130 1209 121 35 bidrag
270 1207 51 30 till
341 1203 436 38 ladugårdsförbättringar
796 1202 96 30 inom
912 1200 131 31 sådana
1064 1197 176 36 områden,
1263 1197 63 30 där
1346 1196 145 30 behovet
1513 1204 42 20 av
1576 1194 61 36 dy-

132 1259 70 30 lika
223 1257 248 36 förbättringar
492 1257 37 29 är
550 1254 139 31 särskilt
709 1253 191 37 trängande
921 1254 88 28 samt
1030 1249 121 37 bidrag
1172 1249 51 30 till
1244 1248 100 30 deras
1365 1245 185 31 utförande
1572 1244 66 30 fin-

132 1319 60 21 nes
219 1308 155 38 påkallat
401 1307 79 30 med
506 1307 139 35 hänsyn
670 1305 51 30 till
746 1303 156 31 rådande
928 1301 228 31 arbetslöshet
1184 1299 80 30 eller
1292 1297 176 31 bristande
1496 1294 142 38 tillgång

133 1360 45 38 på
201 1359 157 37 lämpligt
381 1358 106 35 virke,
511 1356 103 37 långa
638 1354 145 32 avstånd
808 1354 81 31 eller
913 1352 113 37 dåliga
1049 1349 354 32 kommunikationer.
1435 1348 7 29 I
1468 1345 171 32 samband

132 1411 144 30 härmed
293 1410 47 29 ha
356 1408 130 37 jämväl
503 1406 190 31 meddelats
711 1405 171 31 särskilda
899 1402 217 31 föreskrifter
1132 1400 222 31 beträffande
1372 1397 268 36 användningen

133 1471 42 21 av
194 1460 262 36 statsbidragen.
476 1458 124 36 Kungl.
621 1455 100 37 Maj:t
738 1456 64 29 har
821 1455 117 29 vidare
955 1453 139 37 jämlikt
1113 1452 202 34 riksdagens
1334 1449 111 30 beslut
1465 1457 42 21 av
1527 1447 112 30 ansla-

135 1515 52 34 get
211 1512 199 35 disponerat
434 1508 218 36 erforderligt
674 1507 125 36 belopp
824 1506 55 29 för
902 1507 48 27 att
973 1502 204 37 möjliggöra
1201 1500 241 31 utarbetandet
1467 1507 41 21 av
1534 1498 106 30 ända-

134 1561 203 36 målsenliga
360 1560 129 36 förslag
509 1559 52 30 till
583 1558 118 37 dylika
725 1555 368 37 förbättringsarbeten
1116 1553 81 30 eller
1220 1550 221 36 vidtagandet
1465 1558 42 20 av
1531 1548 111 30 andra

134 1613 169 37 åtgärder,
331 1604 132 43 ägnade
489 1612 48 28 att
563 1608 163 31 befordra
752 1605 265 38 ifrågavarande
1043 1603 231 30 verksamhet.
1301 1598 340 38 Anslagsdispositio-

136 1673 64 21 nen
220 1663 54 30 för
292 1661 234 31 innevarande
544 1658 168 37 budgetår
730 1658 78 30 sker
826 1657 11 30 i
856 1654 340 33 överensstämmelse
1215 1653 79 30 med
1312 1654 47 28 ett
1378 1660 42 21 av
1439 1649 202 37 jordbruks-

136 1715 165 30 utskottet
322 1713 58 30 vid
405 1712 83 30 1940
508 1710 56 32 års
586 1710 141 37 lagtima
748 1708 141 36 riksdag
911 1707 10 30 i
942 1705 181 32 memorial
1144 1714 40 20 nr
1210 1704 38 29 19
1272 1702 99 38 gjort,
1395 1711 41 21 av
1457 1701 185 35 riksdagen

138 1766 152 36 godkänt
317 1763 80 39 (skr.
419 1772 40 21 nr
479 1761 53 40 90)
559 1760 179 31 uttalande
758 1769 42 20 av
821 1757 179 35 innebörd,
1023 1759 49 27 att
1091 1755 132 36 bidrag,
1245 1762 122 22 varom
1388 1753 63 29 här
1473 1753 39 28 är
1533 1750 109 37 fråga,

136 1816 107 30 borde
257 1813 83 38 utgå
355 1814 11 29 i
383 1814 107 29 första
506 1812 96 30 hand
619 1811 95 30 inom
730 1811 41 29 de
787 1808 231 31 norrländska
1035 1807 103 29 länen
1155 1806 66 29 och
1239 1804 186 35 Göteborgs
1443 1802 65 30 och
1526 1801 117 30 Bohus

139 1867 58 30 län
220 1868 89 28 samt
333 1865 96 29 inom
452 1863 109 30 andra
586 1863 58 29 län
667 1861 120 30 endast
812 1860 9 29 i
845 1858 130 31 sådana
1000 1857 72 35 fall,
1098 1856 63 30 där
1185 1854 266 31 förhållandena
1475 1861 81 21 vore
1581 1851 62 30 lik-

139 1917 119 30 artade
280 1915 79 30 med
383 1915 78 29 dem
483 1915 9 29 i
515 1912 155 30 nämnda
693 1911 57 29 län
774 1910 65 30 och
863 1908 170 36 därjämte
1056 1906 171 30 särskilda
1251 1903 292 36 omständigheter
1568 1902 76 36 prö-

138 1968 104 29 vades
259 1965 176 36 föreligga.

185 2017 153 29 Nämnas
362 2014 67 36 må,
455 2017 50 27 att
528 2013 56 30 för
609 2010 266 37 ifrågavarande
899 2007 162 32 ändamål
1087 2005 176 38 upptagits
1287 2008 47 27 ett
1359 2003 289 35 förskottsanslag

140 2077 43 21 av
205 2066 175 37 5,000,000
402 2066 127 29 kronor
553 2063 21 31 å
596 2063 129 31 allmän
747 2061 281 35 beredskapsstat
1052 2058 56 30 för
1129 2056 203 37 budgetåret
1358 2051 150 39 1939/40,
1531 2053 116 30 vilken

140 2118 283 35 beredskapsstat
442 2115 138 36 jämlikt
600 2114 112 30 beslut
733 2122 42 21 av
799 2112 83 29 1940
905 2110 54 31 års
982 2109 143 36 lagtima
1146 2108 140 35 riksdag
1307 2106 129 37 jämväl
1458 2105 39 30 är
1518 2104 129 37 gällan-

142 2170 42 29 de
201 2169 56 30 för
276 2166 233 31 innevarande
528 2163 178 37 budgetår.

187 2216 390 39 Departementschefen
599 2215 64 29 har
685 2213 116 30 anfört
823 2212 65 30 och
911 2209 176 36 föreslagit
1109 2208 169 36 följande:

190 2269 96 30 »Med
312 2268 136 35 hänsyn
471 2265 50 30 till
545 2265 67 29 den
636 2262 274 31 hittillsvarande
934 2261 65 29 och
1023 2260 55 28 för
1102 2258 187 30 framtiden
1314 2256 171 36 antagliga
1509 2255 139 29 utveck-

144 2319 112 36 lingen
278 2318 45 36 på
345 2315 239 36 näringslivets
607 2313 141 31 område
769 2312 97 30 torde
887 2310 74 30 vårt
983 2310 83 29 land
1089 2308 55 30 för
1166 2308 52 30 sin
1239 2304 411 36 livsmedelsförsörjning

144 2369 47 30 bli
210 2369 10 29 i
241 2367 181 36 väsentligt
443 2367 105 34 högre
569 2364 84 37 grad
673 2364 44 29 än
738 2362 153 30 tillförne
909 2360 171 30 beroende
1102 2368 43 21 av
1165 2357 222 36 jordbrukets
1409 2356 65 30 och
1496 2355 42 30 de
1558 2355 92 29 detta

145 2418 206 32 närstående
373 2416 329 35 näringsgrenarnas
723 2412 158 36 förmåga
905 2414 48 27 att
973 2408 239 38 upprätthålla
1233 2417 42 21 en
1296 2406 182 36 tillräcklig
1499 2405 151 36 produk-

146 2471 81 29 tion.
264 2469 69 30 För
349 2466 266 32 underlättande
632 2474 42 21 av
692 2464 99 30 dessa
809 2462 180 35 näringars
1007 2459 218 36 möjligheter
1242 2457 117 31 härtill
1378 2457 96 30 torde
1494 2456 57 30 det
1570 2463 82 22 vara

1679 643 128 25 Utskottet.
