2206 2661
618 153 389 33 Konstitutionsutskottets
1030 152 162 31 utlåtande
1215 151 52 31 Nr
1289 152 54 30 23.
1702 149 37 31 11

178 248 135 41 märka,
357 251 52 30 att
449 249 120 44 någon
610 244 194 47 möjlighet
845 248 53 30 att
937 254 133 35 genom
1099 242 227 49 upplösning
1353 241 66 35 och
1448 239 180 48 vädjande
1655 239 57 35 till
1741 239 43 35 de

178 298 262 48 ursprungliga
466 296 162 48 väljarna
655 295 153 37 förvissa
836 296 55 46 sig
919 307 58 23 om
1007 298 54 31 att
1089 296 38 33 så
1154 300 40 29 är
1221 291 244 37 förhållandet
1492 292 32 47 ej
1558 289 226 38 beträffande

179 350 105 36 dessa
311 349 333 48 representationer
671 346 208 48 föreligger.

312 400 187 37 Utskottet
538 412 107 24 anser
684 398 57 48 sig
782 398 88 35 böra
911 398 116 35 erinra
1070 396 137 44 därom,
1249 400 52 31 att
1343 395 70 35 den
1440 408 49 22 nu
1517 392 170 51 gällande
1713 393 71 35 lik-

178 452 248 48 formigheten
480 451 83 35 med
609 449 170 36 afseende
819 452 46 43 på
905 447 293 36 funktionstiden
1241 447 59 34 för
1340 447 171 46 samtliga
1551 445 235 35 kommunala

179 504 336 48 representationer
555 502 76 35 helt
670 501 151 48 nyligen
862 498 122 37 blifvit
1020 497 133 36 införd.
1208 497 124 36 Redan
1362 496 62 36 vid
1452 496 44 36 de
1525 495 261 49 ursprungliga

181 552 547 49 kommunalförfattningarnas
766 550 221 36 utfärdande
1015 549 221 36 fastställdes
1265 548 295 36 funktionstiden
1588 546 56 36 för
1672 546 114 36 stads-

181 606 234 47 fullmäktige
444 606 12 34 i
476 605 171 45 samtliga
666 603 122 36 städer
807 607 103 30 utom
931 600 220 45 Stockholm,
1173 600 59 36 för
1251 598 449 47 kommunalfullmäktige
1719 597 67 36 och

182 655 395 38 kommunalnämnder
617 656 58 34 till
712 653 82 50 fyra
835 656 49 40 år,
914 651 58 36 för
999 651 235 48 landstingen
1261 650 162 36 infördes
1451 650 111 36 sådan
1591 649 157 47 ordning
1775 650 11 33 i

183 709 264 47 sammanhang
488 706 84 37 med
612 706 70 35 den
724 710 142 31 senaste
907 702 355 37 rösträttsreformen
1303 705 38 32 år
1372 703 93 34 1909
1495 701 66 35 och
1590 700 55 36 för
1673 699 112 36 stads-

182 760 235 47 fullmäktige
458 760 12 33 i
512 757 209 37 Stockholm
762 755 94 37 först
897 767 132 37 genom
1057 756 103 45 lagen
1192 753 68 36 den
1291 756 19 33 9
1336 754 85 47 juni
1452 754 106 34 1911.
1612 750 177 49 Samtliga

184 812 103 35 dessa
314 811 334 47 representationer
676 808 163 47 undergå
867 806 90 35 dock
985 807 162 34 succesiv
1175 806 238 46 omsättning,
1442 804 46 35 då
1511 802 122 37 halfva
1652 803 137 35 antalet

184 862 200 36 ledamöter
411 862 219 35 hvartannat
658 862 39 33 år
724 866 40 28 är
791 856 265 38 underkastadt
1083 857 130 35 omval.
1255 856 72 35 Till
1355 854 93 49 följd
1477 853 38 37 af
1540 854 69 36 den
1630 854 158 36 bestäm-

184 915 137 34 melsen
364 918 52 30 att
455 913 100 34 inom
596 911 44 35 de
680 911 98 34 olika
816 908 405 48 landstingsområdena
1261 908 246 35 valkretsarna
1535 912 61 29 äro
1624 904 166 37 delade
1770 900 23 60 i

183 970 134 30 tvenne
357 976 174 35 grupper,
566 975 76 22 som
670 963 117 33 turvis
815 963 46 45 gå
888 960 58 34 till
974 960 67 42 val,
1071 958 243 36 förekommer
1342 959 98 34 inom
1470 970 139 22 samma
1636 956 169 36 valkrets.

184 1017 59 35 val
284 1014 41 37 af
362 1014 294 48 landstingsmän
697 1012 131 35 endast
854 1011 106 35 hvart
987 1008 117 49 fjärde
1132 1012 50 42 år,
1210 1009 13 35 i
1251 1009 123 35 stället
1400 1007 59 37 för
1486 1011 118 33 såsom
1634 1006 77 36 förr
1729 1019 62 23 var

184 1066 248 36 förhållandet
459 1066 127 46 hvarje
614 1068 50 37 år,
694 1063 153 36 emedan
876 1062 46 35 då
940 1060 124 37 halfva
1082 1062 136 34 antalet
1236 1060 291 46 landstingsmän
1548 1059 99 35 inom
1668 1057 123 47 hvarje

187 1118 161 36 valkrets
376 1130 63 22 var
467 1114 265 37 underkastadt
759 1114 120 35 omval
907 1113 219 42 hvartannat
1153 1115 49 31 år.
1256 1111 80 35 Den
1365 1109 38 36 af
1429 1112 226 33 motionären
1684 1112 107 45 påpe-

187 1168 93 36 kade
320 1167 241 49 olägenheten
602 1165 39 37 af
679 1164 125 37 alltför
843 1169 71 31 tätt
946 1167 45 45 på
1022 1162 207 36 hvarandra
1269 1161 162 48 följande
1463 1162 57 34 val
1548 1161 67 35 och
1644 1159 149 36 därmed

187 1219 174 37 förenade
401 1217 194 38 valstrider
622 1224 39 28 är
688 1217 107 35 alltså
822 1215 172 36 särskildt
1022 1214 93 36 hvad
1143 1215 105 34 valen
1275 1214 59 34 till
1360 1212 234 48 landstingen
1621 1209 173 37 beträffar

186 1271 112 36 redan
326 1272 11 33 i
365 1271 182 46 väsentlig
574 1272 84 32 mån
686 1266 218 48 undanröjd.
933 1266 71 35 Val
1031 1266 58 35 till
1109 1263 334 47 stadsfullmäktige
1471 1263 225 36 förekomma
1722 1262 71 35 vis-

188 1323 157 47 serligen
378 1319 228 37 fortfarande
633 1319 217 36 hvartannat
878 1320 40 33 år
944 1317 100 35 inom
1072 1328 139 23 samma
1237 1315 167 43 valkrets,
1434 1314 45 35 då
1507 1312 123 37 halfva
1657 1313 136 35 antalet

188 1373 39 36 af
265 1374 82 35 dess
382 1376 295 44 representanter
704 1370 91 35 skall
822 1368 162 49 förnyas,
1014 1381 83 22 men
1125 1367 104 36 dessa
1252 1368 57 34 val
1337 1366 110 36 hafva
1475 1364 127 37 endast
1629 1366 11 33 i
1668 1363 125 37 Stock-

189 1426 99 34 holm
329 1424 67 35 och
436 1424 13 34 i
492 1422 118 48 öfriga
641 1421 83 49 fyra
756 1421 132 43 städer,
918 1432 77 23 som
1023 1418 109 36 hafva
1158 1423 53 30 att
1231 1422 82 31 utse
1342 1430 91 35 egna
1462 1420 293 44 representanter
1781 1415 12 34 i

187 1476 126 36 Första
340 1476 224 41 kammaren,
593 1476 122 45 någon
743 1471 150 50 politisk
921 1470 175 36 karaktär.

324 1526 54 36 Då
419 1525 138 36 således
585 1523 259 48 förändringar
871 1524 12 33 i
924 1522 70 35 den
1021 1521 176 47 riktning,
1226 1520 228 36 motionären
1482 1517 151 50 åsyftar,
1663 1520 38 33 så
1728 1530 67 35 ny-

188 1579 99 47 ligen
317 1576 126 36 blifvit
465 1576 188 47 vidtagna,
684 1580 52 30 att
764 1577 122 45 någon
915 1572 205 36 erfarenhet
1148 1584 59 23 om
1235 1572 268 44 verkningarna
1522 1569 107 35 däraf
1645 1569 29 46 ej
1697 1575 98 28 ännu

189 1630 70 34 kan
302 1628 190 48 föreligga,
533 1627 66 34 har
640 1626 177 36 utskottet
843 1624 115 36 redan
984 1626 47 45 på
1059 1623 119 35 denna
1204 1621 122 49 grund
1354 1621 123 35 funnit
1505 1621 57 47 sig
1590 1620 114 35 sakna
1732 1632 63 22 an-

189 1679 153 48 ledning
382 1683 54 31 att
468 1677 133 36 föreslå
642 1690 44 22 en
712 1676 216 49 ytterligare
956 1673 237 49 förlängning
1221 1672 39 36 af
1284 1671 277 50 valperioderna
1588 1670 57 36 för
1671 1669 124 36 lands-

190 1731 188 47 tingsmän
405 1730 67 35 och
501 1728 343 47 stadsfullmäktige.

326 1780 50 36 På
403 1780 121 47 grund
553 1778 39 37 af
617 1778 95 37 hvad
741 1777 154 37 sålunda
922 1776 150 44 anförts,
1101 1776 209 35 hemställer
1338 1774 189 43 utskottet,

729 1884 53 31 att
818 1880 83 35 herr
928 1877 149 37 Clasons
1104 1876 279 49 ifrågavarande
1411 1877 139 34 motion
1579 1875 79 35 icke
1686 1877 111 33 måtte

594 1933 57 34 till
680 1934 121 43 någon
830 1929 226 49 Riksdagens
1084 1928 127 49 åtgärd
1238 1927 197 36 föranleda.

328 2035 209 37 Stockholm
567 2034 69 36 den
666 2036 19 33 9
716 2033 71 47 maj
820 2033 106 35 1912.

768 2135 50 36 På
847 2135 197 35 utskottets
1071 2140 151 41 vägnar:

710 2237 126 36 CARL
864 2234 226 38 CARLSON
1120 2233 171 37 BONDE.
