1914 2818
276 174 41 30 24
748 168 231 29 Statsutskottets
1003 166 145 28 utlåtande
1169 164 49 27 Nr
1240 161 51 31 39.

953 441 61 40 Nr
1046 440 64 40 39.

709 554 126 27 Ankom
858 552 47 28 till
930 551 188 36 riksdagens
1142 549 104 27 kansli
1271 548 61 27 den
1357 548 16 27 9
1398 547 80 36 april
1505 545 78 28 1929
1607 544 41 28 kl.
1676 545 36 26 12
1737 554 39 17 m.

596 646 194 36 Utlåtande
816 645 14 35 i
857 643 193 47 anledning
1079 655 43 22 av
1150 640 135 49 Kungl.
1316 639 126 48 Maj:ts
1462 637 224 48 proposition
1715 649 64 21 an-

689 698 138 48 gående
855 695 161 49 befrielse
1037 695 65 47 för
1119 691 366 48 stärbhusdelägarna
1505 690 86 48 efter
1610 689 169 47 kaptenen

692 750 37 35 J.
760 751 43 34 A.
835 747 146 48 Byding
1003 746 94 49 från
1125 746 70 34 viss
1224 741 420 50 ersättningsskyldighet.

1542 811 70 42 (1:a
1638 810 90 37 avd.)

336 930 60 33 Uti
434 940 41 20 en
512 928 52 31 till
600 926 183 41 riksdagen
816 923 142 38 avlåten,
990 922 65 31 den
1086 921 45 31 25
1160 919 150 32 februari
1342 918 94 31 1929
1467 915 211 43 dagtecknad
1706 926 74 31 pro-

284 982 163 42 position,
474 979 52 41 (nr
557 977 94 42 139),
673 978 113 31 vilken
816 976 51 31 till
894 972 247 34 förberedande
1169 970 210 41 behandling
1406 969 175 31 hänvisats
1609 967 52 31 till
1682 969 99 29 stats-

286 1035 177 36 utskottet,
492 1032 61 31 har
589 1030 126 42 Kungl.
755 1028 109 42 Maj:t,
895 1026 109 31 under
1040 1023 215 42 åberopande
1284 1033 39 20 av
1352 1021 57 31 det
1436 1020 57 31 vid
1520 1018 261 43 propositionen

285 1086 120 42 fogade
433 1081 379 43 statsrådsprotokollet
844 1081 78 29 över
949 1075 299 34 försvarsärenden
1277 1074 52 31 för
1357 1084 127 20 samma
1512 1072 74 41 dag,
1607 1070 176 41 föreslagit

286 1138 180 41 riksdagen
495 1135 164 41 medgiva,
681 1136 50 29 att
758 1133 170 40 kaptenen
947 1130 32 31 J.
1002 1130 40 30 A.
1063 1128 155 42 Rydings
1238 1126 88 31 änka
1345 1124 106 32 Hilda
1471 1123 143 33 Oktavia
1633 1122 148 42 Ryding,

286 1191 83 31 född
406 1189 137 37 Olsson,
575 1186 62 32 och
675 1185 178 31 makarnas
889 1183 113 30 dotter
1040 1180 91 32 Sofia
1166 1178 162 32 Johanna
1364 1176 179 32 Elisabeth
1571 1174 137 42 Ryding
1731 1175 53 30 må

287 1242 125 32 befrias
448 1242 71 30 från
559 1239 75 31 dem
671 1235 178 43 åliggande
886 1233 195 42 skyldighet
1116 1233 49 30 att
1197 1230 53 32 till
1277 1230 129 30 kronan
1435 1228 115 42 utgiva
1577 1226 57 32 det
1661 1237 122 30 genom

287 1294 292 42 krigshovrättens
611 1288 222 33 förenämnda
860 1286 113 41 utslag
1004 1284 66 31 den
1102 1284 42 30 10
1174 1281 145 33 oktober
1350 1281 94 31 1919
1474 1278 165 33 utdömda
1666 1279 118 30 ersätt-

288 1345 230 43 ningsbelopp
546 1354 39 20 av
616 1342 70 31 353
716 1341 126 30 kronor
871 1339 44 31 66
946 1339 69 36 öre,
1037 1337 87 30 samt
1150 1336 49 30 att
1226 1332 255 42 ifrågavarande
1508 1331 127 41 belopp
1663 1331 54 29 må
1746 1340 39 20 ur

288 1397 234 40 vederbörliga
548 1393 230 41 räkenskaper
805 1390 181 32 avskrivas.

341 1447 218 34 Beträffande
594 1445 229 40 utredningen
850 1443 11 30 i
890 1440 139 33 ärendet
1064 1439 50 31 får
1145 1437 170 32 utskottet
1342 1435 142 32 hänvisa
1512 1434 52 32 till
1592 1432 193 42 åberopade

290 1498 386 44 statsrådsprotokollet.

344 1606 131 31 Genom
504 1603 113 40 utslag
648 1601 66 31 den
745 1600 19 30 2
793 1598 63 41 juli
887 1596 95 32 1919
1012 1592 204 43 förpliktade
1236 1591 197 32 Bohusläns
1452 1591 211 39 regementes
1683 1587 103 41 krigs-

292 1660 67 29 rätt
390 1658 170 40 kaptenen
587 1653 57 31 vid
671 1651 209 42 regementet
906 1648 33 31 J.
970 1647 39 30 A.
1040 1645 136 42 Ryding
1203 1646 50 29 att
1282 1645 112 29 såsom
1423 1641 189 41 ersättning
1639 1640 52 31 för
1718 1639 70 31 viss

293 1709 108 32 under
428 1704 403 45 regementsövningarna
858 1703 36 29 år
925 1699 95 31 1918
1050 1697 210 31 förkommen
1290 1693 262 33 servismateriel
1579 1692 53 31 till
1659 1692 129 30 kronan

294 1762 114 41 utgiva
435 1762 49 30 ett
510 1759 128 40 belopp
666 1767 40 20 av
737 1755 71 31 353
837 1753 125 31 kronor
991 1750 46 31 66
1068 1751 66 29 öre.

347 1807 89 37 Över
471 1810 223 42 krigsrättens
731 1806 114 41 utslag
880 1802 140 33 anförde
1056 1800 137 42 Ryding
1229 1798 131 36 besvär,
1391 1808 76 20 men
1504 1797 80 30 fann
1616 1794 173 42 krigshov-

294 1867 111 30 rätten
442 1863 106 40 enligt
583 1861 113 40 utslag
732 1859 67 31 den
839 1857 43 31 10
920 1853 143 33 oktober
1094 1852 93 32 1919
1222 1851 74 31 icke
1325 1850 72 31 skäl
1425 1850 49 30 att
1501 1850 81 40 göra
1609 1846 144 41 ändring
1780 1845 11 30 i

295 1914 222 43 överklagade
546 1913 156 41 utslaget.
759 1910 76 31 Mot
862 1906 290 42 krigshovrättens
1180 1903 114 40 utslag
1320 1902 65 31 fick
1411 1900 133 42 jimlikt
1565 1900 45 30 30
1630 1898 76 41 kap.
1731 1898 19 30 6
1771 1895 21 42 $

296 1966 319 44 rättegångsbalken
644 1964 92 31 talan
766 1962 28 41 ej
824 1972 40 20 av
891 1958 138 43 Ryding
1056 1955 173 41 fullföljas.

347 2020 137 42 Byding
511 2017 97 32 avled
637 2016 65 31 den
734 2014 43 31 17
808 2012 64 41 maj
906 2010 108 32 1922.
1070 2008 118 31 Ehuru
1216 2004 326 43 bouppteckningen
1562 2003 84 31 efter
1664 2001 127 31 honom

298 2072 154 32 utvisade
489 2081 42 20 en
567 2068 87 32 brist
690 2067 11 31 i
737 2066 82 31 boet
855 2075 40 20 av
933 2061 110 39 5,036
1081 2059 125 31 kronor
1236 2058 20 31 6
1287 2059 68 35 öre,
1385 2055 180 32 avträddes
1592 2053 73 32 ieke
1692 2053 100 31 boets

298 2124 165 43 egendom
491 2121 53 32 till
570 2119 162 33 konkurs.

349 2176 19 31 I
396 2187 41 20 en
465 2174 53 32 till
546 2171 126 42 Kungl.
703 2169 101 41 Maj:t
833 2165 111 38 ställd,
975 2164 66 31 den
1072 2163 19 31 9
1121 2161 62 32 och
1212 2160 67 32 den
1312 2160 44 31 10
1385 2157 184 33 november
1600 2156 94 32 1928
1716 2155 76 40 dag-

299 2227 144 33 tecknad
481 2225 98 33 skrift
614 2224 86 31 hava
736 2219 155 44 Rydings
928 2216 87 32 änka
1051 2213 106 32 Hilda
1193 2212 146 32 Oktavia
1366 2210 146 43 Ryding,
1542 2208 82 32 född
1653 2207 138 36 Olsson,

300 2280 64 32 och
405 2278 177 32 makarnas
623 2275 113 31 dotter
778 2272 91 32 Sofia
905 2268 160 33 Johanna
1100 2264 180 33 Elisabeth
1308 2262 136 43 Ryding
1480 2260 152 37 anhållit,
1662 2260 50 30 att
1740 2253 52 51 de,

301 2343 73 21 som
402 2332 12 30 i
441 2329 171 43 egenskap
645 2338 39 20 av
713 2321 318 40 stärbhusdelägare
1060 2318 83 31 efter
1170 2316 139 42 Ryding
1336 2325 78 21 vore
1441 2314 210 41 gemensamt
1678 2320 115 21 ansvar

300 2385 72 40 riga
399 2383 173 42 gentemot
599 2380 129 30 kronan
756 2377 53 31 för
837 2371 200 43 erläggande
1066 2381 39 20 av
1133 2369 57 31 det
1218 2366 165 33 utdömda
1410 2363 383 43 ersättningsbeloppet,

302 2437 103 30 måtte
442 2445 39 20 av
518 2432 67 32 nåd
612 2430 91 33 bliva
731 2426 151 33 befriade
909 2425 73 31 från
1012 2423 76 31 dem
1116 2419 178 43 åliggande
1322 2415 400 44 betalningsskyldighet.
1778 2413 18 30 I

302 2486 233 41 ansökningen
564 2484 60 30 har
651 2482 141 36 anförts,
822 2480 49 30 att
898 2476 108 32 änkan
1035 2473 136 43 Ryding
1198 2472 73 31 icke
1300 2470 86 32 hade
1415 2480 110 21 annan
1553 2469 66 30 fast
1646 2466 151 31 inkomst
