2244 2658
739 234 241 36 Statsutskottets
1001 236 170 36 Memorial
1191 239 66 34 N:o
1277 242 50 31 37.
1815 247 22 36 3

551 381 241 53 Angående
814 382 476 56 Riksgäldskontorets
1312 388 198 45 skulder.

988 493 21 41 8
1032 494 31 33 2.

355 573 49 33 De
433 573 36 33 af
499 573 344 43 Riksgäldskontoret
869 575 53 34 för
944 579 171 40 upptagna
1136 577 55 34 lån
1214 578 177 35 utfärdade
1416 580 64 34 och
1503 581 90 34 förut
1614 582 74 35 icke
1711 584 124 35 inlösta

222 623 83 33 eller
328 624 108 42 eljest,
459 625 133 42 jemlikt
618 626 142 43 behörig
782 627 183 41 föreskrift,
988 639 39 22 ur
1050 628 275 44 räkenskaperna
1346 631 129 34 afförda
1497 633 211 44 obligationer,
1723 635 109 34 äfven-

222 685 71 22 som
321 674 41 34 de
391 676 236 42 obligationer,
657 678 112 34 hvilka
797 679 202 33 hädanefter
1029 680 105 33 varda
1161 681 37 33 af
1218 681 93 33 detta
1334 682 79 33 verk
1436 684 140 40 utgifna,
1600 684 96 42 böra,
1719 688 38 31 så
1779 687 51 33 till

221 724 127 43 kapital
371 737 70 22 som
463 727 170 42 upplupna
655 732 126 38 räntor,
806 731 104 41 enligt
933 730 188 34 desammas
1144 732 211 43 ordalydelse
1379 734 126 33 infrias.

353 777 69 33 Der
448 779 283 41 preskriptionstid
760 781 11 32 i
805 781 158 33 afseende
986 783 44 40 på
1058 784 110 40 någon
1192 783 145 33 särskild
1368 784 55 33 del
1446 785 35 33 af
1501 785 330 44 Riksgäldskontorets

219 827 126 33 skulder
366 828 73 34 icke
463 829 109 33 blifvit
595 830 153 42 stadgad,
770 831 133 35 komma
926 832 191 41 skulderna,
1142 834 87 32 intill
1253 834 76 33 dess
1345 836 212 34 annorlunda
1572 837 188 42 förordnas,
1780 844 49 29 att

218 878 11 32 i
252 878 213 43 vederbörlig
493 880 140 42 ordning
654 882 193 41 liqvideras,
869 887 81 29 utan
974 883 159 34 afseende
1156 886 21 31 å
1201 885 65 33 den
1289 885 60 42 tid,
1369 887 90 32 inom
1482 887 134 34 hvilken
1639 885 190 51 fordringar

217 928 62 34 hos
317 929 151 35 enskilde
503 931 83 33 eller
612 932 60 33 hos
699 933 121 43 Kongl.
853 934 94 43 Maj:t
978 934 65 34 och
1070 936 139 33 Kronan
1232 936 98 34 skola
1352 948 43 23 nu
1418 938 85 33 eller
1524 939 183 35 framdeles
1728 944 100 39 göras

223 980 167 41 gällande.

351 1031 205 35 Härförutan
579 1033 61 34 har
662 1034 195 43 Riksdagen
885 1036 190 45 medgifvit:

350 1085 32 40 a)
406 1087 49 30 att
477 1084 50 33 till
554 1085 239 35 innehafvaren
817 1087 88 33 stäld
930 1088 189 42 obligation
1142 1090 62 39 må,
1228 1089 44 33 då
1289 1089 115 34 derom
1417 1090 62 34 hos
1491 1091 222 44 Fullmäktige
1728 1096 98 39 göres

217 1133 256 43 framställning,
507 1137 43 40 på
583 1137 64 32 viss
672 1137 207 43 namngifven
900 1149 120 31 person
1048 1138 185 44 öfverlåtas,
1257 1140 52 33 för
1332 1145 50 29 att
1409 1142 121 34 endast
1552 1143 10 33 i
1587 1144 127 34 dennes
1738 1145 88 34 hand

218 1195 79 23 vara
326 1185 166 42 gällande,
530 1190 96 37 samt,
663 1187 111 34 derest
808 1200 124 30 egaren
968 1190 193 33 sedermera
1195 1191 58 33 det
1287 1192 132 40 önskar,
1450 1195 21 31 å
1498 1205 64 32 nyo
1592 1194 113 44 kunna
1726 1200 99 40 göras

217 1234 156 42 gällande
397 1236 10 32 i
430 1236 114 43 hvarje
567 1238 235 34 innehafvares
832 1239 101 40 hand,
966 1240 61 33 allt
1049 1240 109 33 under
1181 1241 40 32 de
1244 1242 139 44 vilkor
1372 1230 20 61 i
1407 1242 160 36 afseende
1590 1245 43 42 på
1661 1245 164 43 behöriga

215 1286 241 42 anteckningar
478 1289 20 31 å
521 1288 116 42 sjelfva
655 1288 226 43 obligationen
905 1295 85 29 samt
1010 1292 11 32 i
1044 1292 186 33 Kontorets
1253 1291 240 45 räkebskaper,
1519 1306 70 23 som
1604 1296 220 43 Fullmäktige

218 1347 66 31 ega
307 1337 214 41 föreskrifva;

316 1387 35 43 b)
377 1391 48 30 att
447 1389 218 43 Fullmäktige
689 1392 63 38 må,
777 1395 60 29 när
864 1392 123 33 sådant
1008 1392 76 34 icke
1108 1392 52 33 för
1181 1393 341 42 Riksgäldskontoret
1544 1397 130 33 medför
1689 1398 135 42 olägen-

214 1438 68 40 het,
306 1438 111 34 kunna
444 1440 166 42 medgifva
637 1442 174 33 omedelbar
838 1443 123 33 inlösen
982 1443 11 32 i
1016 1444 342 41 Riksgäldskontoret
1381 1446 35 33 af
1429 1446 169 43 förfallna
1621 1444 203 51 obligationer

215 1489 64 33 och
301 1490 259 43 räntekuponger,
585 1491 112 34 fastän
721 1492 169 34 desamma
913 1494 105 41 enligt
1042 1495 287 42 obligationernas
1351 1497 127 42 lydelse
1502 1499 65 32 och
1592 1500 231 41 stadgandena

213 1541 10 31 i
250 1540 280 35 lånekontrakten
554 1542 84 33 böra
670 1545 21 31 å
725 1544 109 34 deruti
858 1545 136 42 angifna
1016 1546 127 33 utrikes
1168 1549 91 30 orter
1281 1547 132 42 infrias;
1447 1549 52 32 för
1521 1550 124 33 hvilket
1667 1551 155 34 ändamål

171 1618 4 4 .
214 1590 219 43 Fullmäktige
457 1594 55 31 må
533 1593 99 33 träffa
656 1594 221 42 erforderliga
901 1596 356 35 öfverenskommelser
1268 1598 76 34 med
1368 1599 41 34 de
1433 1599 303 44 låneöfvertagare,
1750 1613 71 22 som

214 1641 286 45 kontraktsenligt
523 1644 96 33 skola
643 1645 191 43 ombesörja
857 1647 112 33 denna
991 1648 146 40 inlösen;
1163 1652 85 29 samt

314 1695 31 40 c)
382 1696 62 37 att,
473 1694 43 33 då
550 1706 24 21 s.
599 1695 28 31 k.
651 1696 264 42 riksgäldssedlar
942 1699 11 31 i
982 1698 338 41 Riksgäldskontoret
1348 1701 49 32 till
1419 1701 130 34 inlösen
1573 1702 136 42 företes,
1732 1704 89 32 Full-

213 1743 143 41 mäktige
392 1755 62 30 ega
489 1748 60 36 att,
586 1745 112 33 derest
722 1747 155 34 sedlarne
900 1747 154 34 befinnas
1078 1749 134 42 rigtiga,
1235 1750 70 33 låta
1329 1751 171 34 desamma
1528 1753 75 33 med
1626 1754 195 42 Riksgälds-

212 1793 174 33 kontorets
410 1794 108 34 medel
541 1796 108 32 infria.
1576 1803 2 2 |

345 1845 216 34 Beträffande
597 1847 127 33 antalet
754 1848 217 43 egenhändiga
1004 1850 235 43 underskrifter
1271 1853 19 31 å
1319 1851 352 43 Riksgäldskontorets
1693 1855 127 42 obliga-

211 1895 111 33 tioner
355 1896 61 32 har
443 1896 194 43 Riksdagen
670 1898 213 41 föreskrifvit,
907 1904 50 29 att
986 1900 237 42 obligationer,
1248 1913 69 22 som
1341 1903 132 34 komma
1496 1908 51 30 att
1569 1906 35 33 af
1624 1906 196 42 Riksgälds-

211 1945 158 34 kontoret
391 1947 174 41 utlemnas,
590 1948 83 34 böra
695 1961 78 22 vara
796 1950 169 41 försedda,
990 1951 43 33 då
1057 1952 97 33 deras
1182 1953 93 33 valör
1300 1954 28 41 ej
1353 1957 129 40 uppgår
1504 1957 51 32 till
1581 1959 90 37 1,000
1694 1957 125 33 kronor

212 1996 82 33 eller
317 1999 235 33 motsvarande
576 1999 122 43 belopp
732 2001 10 32 i
776 2001 174 33 utländskt
978 2003 175 41 myntslag,
1184 2004 77 32 med
1285 2004 98 33 minst
1406 2017 52 28 en,
1489 2006 44 34 då
1555 2008 137 32 valören
1718 2012 100 36 utgör

213 2050 91 36 1,000
326 2047 123 34 kronor
472 2050 83 32 eller
581 2050 103 41 högre
709 2051 119 42 belopp
852 2052 50 32 till
932 2052 65 33 och
1027 2054 76 32 med
1133 2056 94 37 2,000
1250 2054 122 34 kronor
1395 2056 83 33 eller
1501 2058 233 33 motsvarande
1759 2059 58 33 be-

208 2097 79 41 lopp
310 2098 10 31 i
343 2098 172 33 utländskt
538 2100 173 41 myntslag,
733 2101 76 33 med
832 2103 100 32 minst
955 2104 55 31 två
1034 2107 95 36 samt,
1154 2104 42 32 då
1218 2105 136 33 valören
1379 2106 197 42 öfverstiger
1588 2111 93 36 2,000
1695 2108 122 34 kronor

209 2147 83 34 eller
314 2149 234 33 motsvarande
572 2150 123 42 belopp
724 2152 11 32 i
763 2151 176 34 utländskt
966 2154 176 42 myntslag,
1166 2155 76 32 med
1266 2155 100 34 minst
1387 2160 50 30 tre
1461 2157 218 34 handskrifna
1701 2170 115 22 namn-

209 2198 208 42 teckningar.

341 2250 15 31 I
379 2250 160 34 afseende
563 2253 44 40 på
630 2251 355 42 Riksgäldskontorets
1013 2254 136 43 skulder,
1175 2266 52 23 om
1250 2256 112 34 hvilka
1383 2258 182 34 Kontorets
1587 2259 229 44 räkenskaper

211 2298 63 35 och
300 2298 197 46 bandlingar
519 2302 111 36 lemna
652 2303 195 44 fullständig
870 2305 211 44 upplysning,
1106 2306 62 33 och
1192 2307 129 35 hvilkas
1344 2308 123 46 belopp
1491 2310 53 33 vid
1569 2311 168 34 nästlidna
1760 2314 54 34 års
