2126 2639
722 182 287 34 Banko-Utskottets
1038 180 162 31 Utlåtande
1219 177 65 32 N:o
1307 178 30 31 9.
1792 174 37 29 13

226 274 101 37 riket
354 271 162 50 präglas,
546 276 41 29 är
615 268 12 36 i
655 270 39 33 så
722 268 118 33 måtto
871 261 258 48 ofullständig,
1159 263 55 33 att
1241 259 12 35 i
1280 263 115 31 noten
1423 256 83 37 icke
1534 256 119 35 finnas
1679 253 153 47 intagna

228 326 47 36 de
304 336 137 36 genom
468 320 136 48 Kongl.
632 317 253 49 kungörelsen
914 314 72 36 den
1008 316 43 34 25
1072 311 91 37 Juni
1185 312 93 35 1881
1301 308 221 37 meddelade
1547 305 286 38 bestämmelser

228 378 11 35 i
269 376 106 48 fråga
412 385 62 25 om
509 368 376 48 femkronestyckens
914 364 247 50 gångbarhet,
1191 367 96 31 samt
1316 360 47 36 då
1390 359 198 36 införande
1617 356 39 37 af
1680 356 154 48 upplys-

229 424 92 50 ning
349 427 11 33 i
388 425 251 46 reglementet
667 421 11 35 i
706 419 106 47 fråga
840 431 59 21 om
928 415 284 48 gångbarheten
1241 412 39 36 af
1304 412 108 47 guld-
1441 411 70 35 och
1540 409 218 47 skiljemynt
1777 420 58 35 sy-

230 491 67 23 nes
324 476 198 37 Utskottet
550 471 209 48 obehöfligt
787 468 85 36 med
902 465 176 38 afseende
1107 465 90 35 derå
1225 468 55 31 att
1303 460 246 38 förenämnda
1569 460 62 47 lag
1652 459 69 35 och
1741 458 94 34 kun-

231 528 147 48 görelse
417 527 119 34 finnas
570 525 11 34 i
611 523 108 36 deras
756 520 129 36 helhet
921 519 154 45 intagna
1112 515 115 36 bland
1260 514 196 47 bilagorna
1484 512 59 35 till
1571 511 263 46 reglementet,

232 580 199 37 Utskottet
459 576 126 36 funnit
612 575 11 35 i
653 573 115 48 sagda
796 577 67 29 not
891 569 132 36 endast
1050 568 93 35 böra
1170 567 141 34 lemnas
1341 563 226 47 hänvisning
1594 562 59 36 till
1673 559 163 37 berörda

233 630 266 46 förändringar
529 626 69 36 och
627 626 142 34 lemnat
796 623 12 35 i
837 622 104 35 detta
970 618 213 37 hänseende
1213 616 249 46 erforderliga
1490 611 253 45 föreskrifter;

335 680 146 37 hvilket
509 678 67 36 allt
604 676 196 37 Utskottet
828 677 123 32 ansett
979 671 56 48 sig
1064 669 132 37 endast
1223 668 93 36 böra
1345 670 47 44 på
1420 666 105 35 detta
1552 670 76 30 sätt

996 827 81 34 12:0

737 930 58 36 för
823 928 213 37 Riksdagen
1066 926 159 37 anmäla.

967 960 21 17 SoS

338 1241 198 37 Utskottet
576 1238 175 47 öfvergår
787 1250 49 22 nu
873 1236 59 36 till
960 1233 214 50 afgifvande
1204 1231 38 37 af
1267 1231 141 47 förslag
1436 1230 58 36 till
1523 1229 45 36 de
1598 1229 205 47 ändringar
1833 1228 9 34 i

238 1293 177 47 gällande
457 1291 262 46 aflöningsstat
760 1288 58 35 för
857 1287 253 42 Riksbanken,
1148 1297 79 22 som
1259 1282 83 36 från
1377 1281 241 47 fullmäktige
1647 1279 197 36 derstädes

239 1344 202 36 inkommit
483 1343 92 35 eller
615 1342 101 34 inom
758 1339 196 36 Utskottet
995 1336 205 36 framstälts
1238 1334 69 36 och
1343 1341 63 28 äro
1437 1331 39 37 af
1501 1330 260 37 beskaffenhet
1789 1336 55 29 att

237 1396 201 36 Utskottet
466 1398 123 30 ansett
618 1393 56 46 sig
702 1391 92 35 böra
823 1390 45 35 de
898 1387 244 48 ifrågastälda
1170 1385 313 47 förändringarne
1512 1382 200 49 tillstyrka.

337 1445 17 36 I
382 1444 269 47 sammanhang
678 1442 86 35 med
793 1441 64 35 det
885 1441 67 34 här
981 1438 110 36 ofvan
1122 1438 119 35 under
1270 1436 213 48 punkterna
1512 1437 58 33 7:o
1596 1434 70 35 och
1688 1435 58 34 8:o
1768 1445 78 23 om-

239 1496 185 38 förmälda
463 1495 142 47 förslag
646 1507 59 22 om
748 1491 292 49 öfverflyttande
1085 1488 81 37 från
1208 1487 260 47 fullmäktiges
1511 1484 233 49 deputerade
1787 1484 59 35 till

240 1547 292 49 inspekterande
573 1545 264 46 fullmäktigen
875 1542 106 36 öfver
1008 1540 259 37 Riksbankens
1296 1537 262 49 pappersbruk
1595 1536 40 35 af
1667 1536 178 47 tillsynen

240 1599 106 36 öfver
387 1597 324 48 sedeltryckeriet,
754 1593 110 37 hafva
892 1593 240 46 fullmäktige
1169 1590 136 43 anfört,
1336 1590 181 34 hurusom
1546 1587 64 35 det
1638 1599 102 22 mera
1767 1586 81 34 vid-

240 1650 169 36 sträckta
438 1649 186 47 uppdrag,
653 1659 80 23 som
761 1658 137 35 genom
928 1657 44 22 en
1001 1643 115 36 sådan
1154 1641 161 46 ändring
1342 1639 150 36 komme
1521 1643 54 30 att
1603 1638 152 47 åläggas
1784 1636 63 35 be-

242 1701 123 36 mälde
393 1699 229 47 fullmäktig,
653 1698 69 35 och
752 1696 144 36 hvilket
925 1695 185 47 uppdrag,
1140 1693 117 47 enligt
1284 1689 235 37 föreskrifter
1540 1688 39 36 af
1596 1688 252 45 fullmäktige,

242 1752 120 36 borde
391 1750 157 36 omfatta
572 1749 142 47 jemväl
743 1745 305 48 ombesörjandet
1077 1743 39 37 af
1141 1744 72 35 alla
1241 1741 121 49 öfriga
1390 1739 380 49 tryckningsarbeten
1790 1738 59 35 för

241 1802 262 36 Riksbankens
541 1800 160 47 räkning
738 1804 96 29 samt
868 1796 269 47 föredragning
1165 1793 98 36 inför
1291 1792 238 46 fullmäktige
1559 1791 38 35 af
1623 1789 226 36 dithörande

243 1854 141 47 frågor,
426 1852 185 47 billigtvis
651 1849 118 36 borde
810 1847 195 37 föranleda
1047 1845 161 48 höjande
1246 1843 38 37 af
1314 1844 64 35 det
1405 1843 59 35 för
1493 1854 139 23 samma
1661 1840 188 48 inspekte-

244 1904 117 36 rande
389 1902 219 47 fullmäktig
635 1899 197 37 bestämda
860 1898 172 43 arfvode;
1062 1897 70 35 och
1162 1895 110 36 hafva
1300 1894 84 35 med
1413 1893 205 46 anledning
1638 1891 110 36 häraf
1765 1890 85 36 full-

244 1955 179 47 mäktige,
465 1953 126 35 hvilka
636 1954 93 34 1878
773 1950 166 36 uttalade
976 1948 71 36 den
1071 1947 142 48 jemväl
1241 1945 40 36 af
1305 1943 213 37 dåvarande
1548 1942 305 36 Banko-Utskott

244 2005 203 50 godkända
475 2004 162 46 mening,
666 2008 56 30 att
755 2000 154 37 arfvode
938 1999 59 36 för
1025 1995 450 51 deputeradebefattning
1504 2000 145 29 ensamt
1677 1992 57 36 för
1763 2005 90 34 pap-

246 2056 228 48 persbruket
514 2054 118 36 borde
673 2054 226 34 bestämmas
941 2051 57 35 till
1029 2052 107 41 1,000
1175 2050 151 41 kronor,
1360 2046 206 47 föreslagit,
1595 2050 56 30 att
1680 2043 174 36 arfvodet

246 2108 58 35 för
341 2104 497 50 deputeradebefattningen
875 2102 58 35 för
968 2100 301 49 pappersbruket
1299 2098 69 36 och
1397 2096 313 48 sedeltryckeriet
1737 2097 116 32 måtte

248 2159 228 35 bestämmas
504 2157 60 35 till
592 2156 112 35 minst
735 2157 107 42 1,000
871 2153 151 35 kronor.

347 2208 16 36 I
400 2206 389 38 öfverensstämmelse
818 2204 86 36 med
934 2203 94 36 hvad
1058 2202 238 47 fullmäktige
1325 2199 157 36 sålunda
1511 2198 208 47 föreslagit,
1755 2197 101 35 hem-

247 2260 131 36 ställer
404 2259 210 44 Utskottet,
