1880 2848
279 137 38 30 16
744 140 231 28 Statsutskottets
997 141 149 27 utlåtande
1168 141 48 27 Nr
1241 142 69 27 162.

279 212 11 30 i
312 212 143 31 fredstid
475 213 138 31 rustade
635 214 174 40 fartygens
831 214 90 31 antal
942 214 63 31 och
1027 214 73 31 dels
1121 215 12 29 i
1154 214 94 41 fråga
1270 225 55 20 om
1347 213 429 42 fartygsbesättningarnas

278 254 216 31 kontinuitet.

331 298 18 31 I
380 299 92 41 fråga
505 309 54 20 om
592 298 50 32 de
673 298 203 31 rustade
907 299 259 40 fartygens
1197 299 135 30 antal
1364 298 59 30 vill
1444 298 56 41 jag
1521 298 111 31 erinra
1653 309 54 20 om
1729 300 51 29 att

277 340 108 41 enligt
408 341 65 30 den
497 340 267 41 rustningsplan,
791 351 72 20 som
887 340 93 31 lades
1005 340 54 30 till
1084 340 108 40 grund
1217 340 53 30 för
1296 340 80 31 1936
1399 342 53 29 års
1478 340 266 31 försvarsbeslut
1768 340 11 29 i

279 383 94 31 detta
390 383 177 36 avseende,
586 382 102 31 bland
708 382 106 31 andra
834 382 150 40 följande
1005 383 113 40 fartyg
1137 382 109 31 skuile
1266 393 79 19 vara
1365 382 136 30 rustade
1524 382 106 30 under
1671 393 105 20 som-

277 425 339 36 marhalvåret,
660 425 172 40 nämligen
854 425 18 30 2
894 435 102 30 nyare
1021 425 62 30 och
1109 426 14 28 1
1148 424 93 31 äldre
1264 424 241 41 pansarskepp,
1530 424 246 41 flygplankrys-

276 477 99 20 saren
395 466 159 36 Gotland,
575 466 251 41 minkryssaren
847 466 77 30 Clas
944 466 165 41 Fleming,
1129 467 19 29 4
1167 477 103 29 nyare
1290 466 121 41 jagare,
1426 466 18 30 6
1457 477 102 29 nyare
1574 466 62 31 och
1651 468 13 28 1
1680 466 93 30 äldre

277 509 220 30 vedettbåtar.
533 508 118 32 Under
680 508 402 31 vinterhalvåret
1113 508 108 31 skulle
1243 508 105 31 bland
1369 508 103 31 andra
1493 508 152 41 följande
1667 509 112 40 fartyg

276 561 79 20 vara
375 550 146 31 rustade:
544 550 18 30 2
582 561 100 29 nyare
701 549 242 42 pansarskepp,
964 549 338 41 flygplankryssaren
1322 549 158 38 Gotland,
1500 551 20 29 4
1538 559 102 31 nyare
1660 550 114 40 jagare

277 596 88 29 samt
385 594 18 30 5
424 592 350 32 undervattensbåtar.
808 592 18 30 I
848 592 300 31 försvarsbeslutet
1170 592 178 31 framhölls
1371 592 198 37 emellertid,
1593 594 49 29 att
1665 593 112 30 denna

277 636 81 40 plan
379 636 28 40 ej
429 635 106 31 borde
555 635 129 37 hindra,
705 637 59 35 att,
786 635 44 30 då
849 636 37 29 så
906 646 38 19 ur
965 634 321 41 övningssynpunkt
1307 634 111 31 kunde
1440 634 158 31 befinnas
1621 635 155 40 lämpligt

278 678 63 30 och
359 678 141 40 möjligt,
520 679 109 29 större
648 678 90 30 antal
759 677 113 41 fartyg
890 688 40 19 av
948 679 49 28 ett
1016 677 86 31 visst
1122 677 206 40 fartygsslag
1347 677 155 30 rustades
1522 679 43 38 på
1585 677 191 31 bekostnad

276 731 42 20 av
349 721 102 30 andra
482 722 130 38 fartygs
643 719 167 41 rustning,
842 719 194 41 varigenom
1069 719 372 41 fartygsrustningarna
1472 719 113 31 kunde
1617 719 90 31 olika
1739 721 37 29 år

276 762 130 31 variera
420 764 42 39 på
478 762 343 40 ändamålsenligaste
838 763 75 35 sätt,
930 761 146 41 givetvis
1093 762 91 29 inom
1199 772 116 20 ramen
1331 772 39 20 av
1386 761 160 31 anvisade
1563 761 125 41 anslag.

329 806 127 31 Chefen
481 806 53 29 för
559 804 272 32 försvarsstaben
854 804 59 30 har
936 805 11 29 i
970 803 222 31 förevarande
1216 803 124 31 ärende
1370 803 206 41 (Utredning
1599 804 49 39 IT)
1679 804 96 30 fram-

275 848 110 36 hållit,
407 850 48 28 att
477 847 108 41 enligt
607 847 83 31 hans
714 847 221 40 uppfattning
958 846 41 31 de
1022 845 194 31 nuvarande
1239 845 211 41 begränsade
1474 845 301 41 fartygsrustning-

276 901 82 19 arna
382 890 71 30 icke
479 900 81 20 vore
585 889 204 41 tillräckliga
814 889 54 30 för
893 888 63 31 den
983 887 223 41 erforderliga
1231 888 129 31 marina
1385 887 234 41 beredskapen
1645 888 11 30 i
1682 888 96 41 fråga

276 943 55 20 om
352 931 226 32 neutralitets-
599 931 61 31 och
681 930 215 42 kuppskydd.
929 930 68 31 Det
1019 930 106 31 borde
1147 931 229 35 eitersträvas,
1399 932 49 28 att
1470 932 37 29 så
1529 933 72 28 stor
1624 930 54 30 del
1701 941 74 19 som

273 973 135 42 möjligt
428 985 39 19 av
488 973 55 31 för
564 974 26 30 1.
612 973 106 41 linjen
745 972 229 41 (kustflottan)
1000 972 148 31 avsedda
1170 972 113 41 fartyg
1303 972 151 40 ständigt
1473 983 80 20 vore
1574 972 116 31 rustad
1713 972 62 31 och

274 1016 89 31 övad
381 1018 11 29 i
410 1016 156 30 fredstid.
597 1017 50 29 Av
666 1015 224 31 kustflottans
910 1015 112 40 fartyg
1041 1025 79 20 vore
1141 1014 52 30 för
1213 1014 208 30 närvarande
1442 1014 138 31 rustade
1601 1014 18 30 2
1640 1025 134 30 pansar-

274 1058 118 41 skepp,
414 1057 336 42 flygplankryssaren
773 1057 160 37 Gotland,
955 1057 19 30 3
996 1057 115 40 jagare
1134 1056 61 31 och
1217 1056 20 31 5
1260 1056 349 31 undervattensbåtar.
1645 1056 128 31 Härtill

273 1100 133 30 komme
425 1100 10 29 i
456 1100 106 30 slutet
582 1110 39 19 av
640 1099 86 41 april
748 1100 15 29 1
786 1099 122 40 jagare,
938 1100 7 28 1
967 1097 304 32 undervattensbåt
1291 1101 88 28 samt
1396 1098 19 30 3
1434 1109 103 30 nyare
1557 1098 63 31 och
1639 1098 18 30 3
1677 1098 94 31 äldre

274 1142 222 32 vedettbåtar.
526 1142 69 30 Det
612 1152 77 20 vore
708 1153 40 19 ur
765 1140 386 41 beredskapssynpunkt
1169 1140 170 37 önskvärt,
1359 1142 49 29 att
1426 1140 157 41 samtliga
1601 1143 50 28 tre
1670 1151 104 30 nyare

274 1184 233 42 pansarskepp
523 1184 111 30 hölles
651 1184 138 30 rustade
806 1185 72 29 året
893 1184 86 30 runt.
1008 1183 83 31 Med
1107 1183 132 40 hänsyn
1255 1183 55 30 till
1327 1183 91 30 vissa
1434 1183 182 40 planerade
1634 1183 140 31 arbeten

274 1229 20 28 å
316 1226 269 41 pansarskeppet
608 1226 138 41 Sverige
769 1226 113 30 kunde
904 1226 93 30 detta
1020 1225 174 31 önskemål
1218 1225 86 30 dock
1327 1225 72 31 icke
1422 1227 81 28 utan
1527 1227 92 28 stora
1642 1225 132 40 olägen-

273 1269 98 31 heter
392 1269 203 40 tillgodoses
617 1268 106 31 under
746 1268 42 30 de
812 1269 167 29 närmaste
1003 1269 89 29 åren.
1128 1267 257 40 Minkryssaren
1409 1267 77 31 Clas
1511 1267 164 41 Fleming,
1700 1278 74 20 som

274 1311 108 41 enligt
408 1322 44 19 nu
479 1310 157 41 gällande
661 1310 80 41 plan
768 1310 87 31 skall
881 1320 78 20 vara
985 1309 119 31 rustad
1131 1309 107 31 under
1265 1309 308 37 sommarhalvåret,
1600 1309 105 31 borde
1734 1321 40 19 ur

273 1352 385 41 beredskapssynpunkt
678 1363 79 19 vara
779 1351 118 31 rustad
918 1353 83 29 även
1024 1351 108 31 under
1153 1351 273 31 vinterhalvåret.
1460 1351 82 30 Med
1564 1352 131 40 hänsyn
1719 1352 54 30 till

274 1397 154 38 översyn,
449 1394 231 42 reparationer
700 1405 41 20 m.
765 1405 41 19 m.
829 1393 111 31 kunde
960 1393 180 31 rustandet
1160 1404 40 20 av
1222 1392 158 42 samtliga
1401 1393 18 31 8
1440 1404 103 29 nyare
1565 1394 112 40 jagare
1700 1393 73 31 icke

274 1438 70 30 låta
364 1438 52 40 sig
436 1438 89 40 göra.
560 1437 161 30 Däremot
743 1447 80 20 vore
846 1447 38 19 ur
904 1435 386 41 beredskapssynpunkt
1312 1446 42 20 en
1376 1435 126 41 ökning
1524 1446 41 20 av
1587 1436 56 30 det
1666 1436 108 31 under

273 1479 301 31 sommarhalvåret
591 1479 135 30 rustade
745 1478 128 31 antalet
890 1478 113 41 jagare
1021 1478 77 30 med
1116 1478 18 30 2
1150 1478 53 30 till
1231 1478 9 30 6
1258 1477 169 31 önskvärd
1445 1478 63 30 och
1526 1478 127 40 möjlig.
1684 1478 89 31 Slut-

274 1521 93 41 ligen
393 1521 114 37 borde,
537 1521 54 30 för
618 1523 47 29 att
692 1521 116 30 kunna
835 1520 90 31 hålla
953 1531 42 20 en
1023 1520 71 31 viss
1123 1519 450 42 minsvepningsberedskap
1603 1520 52 31 för
1683 1520 90 31 kust-

274 1564 142 31 flottans
438 1563 144 41 räkning
603 1565 83 29 även
708 1563 110 31 under
839 1562 273 37 vinterhalvåret,
1135 1562 104 31 minst
1260 1562 19 30 2
1302 1573 102 29 nyare
1428 1562 213 31 vedettbåtar
1663 1562 110 32 hållas

274 1606 138 30 rustade
436 1605 108 31 under
569 1605 109 31 denna
702 1605 56 31 del
784 1616 41 19 av
850 1606 78 29 året.
966 1604 84 31 Som
1075 1604 119 41 tillägg
1218 1604 54 30 till
1298 1604 66 31 den
1389 1605 11 30 i
1426 1605 81 30 1936
1533 1606 53 29 års
1612 1605 161 31 försvars-

272 1647 116 32 beslut
408 1649 173 39 upptagna
602 1647 301 41 rustningsplanen
923 1647 169 40 föreslogs
1115 1646 153 31 sålunda:
1292 1647 107 30 under
1442 1647 331 31 sommarhalv-

273 1692 105 29 året
417 1690 17 30 2
453 1701 103 29 nyare
576 1690 112 41 jagare
708 1690 62 30 och
792 1689 107 31 under
938 1689 403 31 vinterhalvåret
1383 1690 16 29 1
1420 1688 228 41 minkryssare
1670 1689 62 31 och
1754 1689 19 30 2

271 1742 105 30 nyare
394 1732 222 31 vedettbåtar.
646 1732 75 31 Den
741 1732 193 40 föreslagna
952 1731 172 41 ökningen
1142 1733 123 39 ansågs
1284 1731 113 31 kunna
1415 1731 58 31 ske
1494 1731 186 31 successivt
1699 1731 75 31 från

272 1773 64 31 och
360 1773 74 31 med
456 1774 125 30 hösten
607 1773 86 32 1939.

325 1816 75 30 Den
419 1815 167 41 utökning
605 1826 39 20 av
663 1815 158 41 gällande
840 1815 296 41 rustningsplaner
1155 1815 53 30 för
1228 1814 143 32 flottans
1393 1815 120 41 fartyg,
1536 1826 73 20 som
1628 1816 144 31 sålunda

273 1858 204 40 föreslagits,
494 1869 100 19 anser
609 1859 82 29 även
706 1857 57 41 jag
778 1868 79 20 vara
872 1868 40 20 av
927 1859 72 29 stor
1013 1857 178 40 betydelse
1208 1857 53 31 för
1277 1857 180 31 stärkande
1473 1868 41 20 av
1530 1858 65 31 den
1612 1858 159 31 försvars-

272 1900 199 40 beredskap,
487 1911 75 20 som
578 1900 56 30 det
649 1900 139 31 särskilt
803 1899 193 31 ankommer
1011 1902 44 38 på
1070 1899 123 31 flottan
1209 1901 49 30 att
1273 1899 240 41 upprätthålla.
1541 1900 65 41 Jag
1621 1900 151 31 ansluter

273 1942 70 41 mig
371 1942 113 31 därför
512 1942 55 31 till
595 1942 57 31 det
680 1942 234 41 föreliggande
942 1942 165 41 förslaget
1137 1953 52 19 om
1219 1941 203 42 utvidgning
1450 1953 40 20 av
1520 1942 66 31 den
1614 1943 157 40 gällande

272 1984 312 41 rustningsplanen.

327 2026 80 31 Med
434 2026 302 41 rustningsplanen
764 2027 54 30 för
845 2027 141 30 flottans
1015 2027 113 40 fartyg
1155 2026 279 41 sammanhänger
1461 2027 11 30 i
1500 2026 71 32 viss
1600 2029 76 28 mån
1705 2027 66 31 den

272 2068 480 42 depåorganisation
801 2079 73 21 som
900 2069 239 40 genomfördes
1167 2080 121 29 genom
1318 2069 79 31 1936
1424 2070 53 30 års
1506 2069 265 31 försvarsbeslut

272 2111 65 30 och
360 2121 71 21 som
453 2110 152 37 innebär,
629 2113 48 29 att
700 2111 92 31 vissa
816 2111 118 41 fartyg,
959 2111 108 31 ehuru
1091 2111 72 31 icke
1188 2111 112 31 direkt
1324 2111 136 31 rustade
1485 2111 54 30 för
1564 2111 205 41 expedition,

272 2152 110 32 hållas
401 2153 106 31 under
524 2153 83 31 vård
625 2153 62 31 och
704 2153 163 31 försedda
885 2153 75 31 med
979 2153 71 31 viss
1070 2153 107 31 starkt
1196 2153 186 31 reducerad
1400 2153 213 41 bemanning.
1645 2154 126 40 Dylika

272 2194 360 42 depåorganisationer
652 2196 113 31 finnas
788 2196 194 31 anordnade
1004 2196 11 30 i
1039 2195 207 38 Stockholm,
1269 2196 210 31 Karlskrona
1500 2196 63 30 och
1585 2196 184 41 Göteborg.

271 2236 19 31 I
307 2237 54 30 sin
378 2238 194 30 nuvarande
590 2238 205 40 omfattning
812 2238 180 41 möjliggör
1010 2238 278 40 organisationen
1306 2238 212 31 utsändande
1537 2249 41 20 av
1597 2249 41 20 en
1656 2239 114 40 jagare

272 2279 64 30 och
366 2290 40 20 en
435 2280 304 31 undervattensbåt
770 2281 75 30 från
875 2281 139 30 vardera
1046 2281 109 40 depån
1184 2281 12 30 i
1227 2280 207 37 Stockholm,
1465 2280 211 32 Karlskrona
1707 2280 63 31 och

272 2320 176 42 Göteborg
471 2324 88 29 samt
582 2324 56 29 två
660 2322 213 41 minsvepare
898 2323 73 30 från
997 2334 41 20 en
1064 2334 58 19 var
1145 2334 39 19 av
1209 2322 41 31 de
1275 2325 56 28 två
1356 2323 210 31 sistnämnda
1591 2323 177 40 depåerna.

325 2365 128 32 Chefen
472 2367 54 30 för
546 2366 273 31 försvarsstaben
838 2366 60 31 har
916 2366 11 30 i
946 2365 195 41 Utredning
1159 2365 38 30 II
1216 2365 123 37 anfört,
1358 2367 49 30 att
1425 2376 41 20 en
1486 2364 166 41 utökning
1670 2376 40 20 av
1730 2364 42 32 de

270 2408 194 31 nuvarande
487 2408 405 41 depåorganisationerna
912 2410 118 38 syntes
1052 2406 195 41 nödvändig
1269 2407 54 31 för
1343 2409 48 29 att
1412 2407 91 31 vissa
1526 2418 40 20 av
1588 2407 41 31 de
1651 2406 120 37 behov,

271 2460 74 20 som
373 2450 210 31 omedelbart
608 2452 79 39 göra
713 2450 54 41 sig
794 2449 155 41 gällande
976 2449 58 31 vid
1062 2460 41 20 en
1131 2448 271 42 uppkommande
1429 2448 341 37 stormaktskonflikt,
