1884 2846
256 144 19 31 2
725 144 229 28 Statsutskottets
976 144 148 28 utlåtande
1145 144 48 27 Nr
1217 144 67 28 162.

312 219 54 32 till
389 219 145 37 bränsle,
575 219 82 41 lyse,
697 221 124 35 vatten,
862 218 216 40 renhållning
1116 218 63 31 och
1217 219 87 30 tvätt
1344 219 48 30 ett
1421 217 267 41 förslagsanslag
1717 227 39 20 av

259 270 167 37 3,650,000
445 269 137 37 kronor;

312 320 54 30 till
390 319 298 32 skrivmaterialier
707 319 62 31 och
788 329 166 30 expenser
973 321 48 29 ett
1040 316 349 42 reservationsanslag
1408 328 39 20 av
1468 317 135 38 700,000
1621 317 136 37 kronor;

310 370 55 31 till
388 369 382 42 tryckningskostnader
792 371 49 29 ett
864 368 266 41 förslagsanslag
1152 379 39 20 av
1215 368 134 36 115,000
1371 367 135 37 kronor;

313 419 54 32 till
391 419 196 41 furagering
608 421 48 29 ett
676 418 266 41 förslagsanslag
961 429 40 20 av
1021 418 166 38 2,850,000
1207 418 137 37 kronor;

314 470 55 31 till
392 469 252 32 veterinärvård
667 471 48 29 ett
737 468 349 40 reservationsanslag
1108 479 40 20 av
1172 468 132 37 112,000
1328 467 134 38 kronor;

311 519 55 31 till
389 519 427 41 undervisningsmateriel,
856 518 345 40 undervisningsverk
1237 518 63 31 och
1338 517 336 41 utbildningskurser
1711 519 47 29 ett

260 569 350 41 reservationsanslag
628 580 40 20 av
688 568 163 39 1,060,000
869 568 136 37 kronor;

315 620 52 31 till
390 619 312 42 truppförbandens
728 619 165 40 övningar
918 620 48 30 ett
991 617 349 41 reservationsanslag
1365 628 40 21 av
1430 617 167 38 3,190,000
1623 617 135 37 kronor;

314 670 54 31 till
395 670 71 31 fält-
492 670 63 31 och
583 669 336 41 fälttjänstövningar
945 670 48 29 ett
1019 668 349 40 reservationsanslag
1394 678 40 20 av
1461 667 135 38 775,000
1622 667 137 37 kronor;

313 720 54 31 till
391 720 161 41 sjukvård
571 722 49 29 ett
639 719 347 40 reservationsanslag
1004 729 40 21 av
1064 718 134 38 690,000
1217 718 136 37 kronor;

314 770 54 31 till
391 781 107 30 vapen
515 770 64 31 och
595 769 223 32 ammunition
834 780 42 20 m.
894 780 40 19 m.
953 771 48 29 ett
1017 768 349 41 reservationsanslag
1383 779 40 20 av
1439 767 167 38 6,400,000
1623 767 136 38 kronor;

314 820 54 32 till
392 820 220 40 anskaffning
639 820 62 31 och
728 819 181 31 underhåll
936 830 40 20 av
1003 818 235 32 motorfordon
1266 820 50 29 ett
1343 817 349 41 reservationsanslag
1719 828 41 20 av

262 871 166 37 1,050,000
447 870 137 37 kronor;

313 920 55 32 till
391 920 220 41 anskaffning
634 920 62 31 och
719 919 179 32 underhåll
920 930 40 20 av
982 918 312 41 ingenjörmateriel
1317 929 41 20 m.
1383 929 41 20 m.
1449 920 49 29 ett
1521 917 239 32 reservations-

261 971 119 40 anslag
397 982 39 20 av
453 970 136 38 900,000
606 970 135 37 kronor;

312 1021 55 31 till
380 1020 206 42 byggnader,
601 1019 208 41 övningsfält
823 1019 63 31 och
901 1019 202 40 skjutbanor
1116 1021 48 29 ett
1178 1018 348 40 reservationsanslag
1540 1029 41 20 av
1595 1017 167 38 3,500,000

260 1071 137 38 kronor;

262 1163 151 31 under
446 1163 348 41 sjöförsvaret:

314 1222 55 31 till
392 1222 170 31 marinens
582 1221 275 41 reservpersonal
877 1223 48 30 ett
944 1221 266 40 förslagsanslag
1229 1232 40 20 av
1289 1220 135 38 315,000
1443 1220 137 38 kronor;

314 1271 55 32 till
393 1272 40 31 de
449 1271 247 41 värnpliktigas
713 1271 160 40 avlöning
890 1273 48 29 ett
955 1271 266 40 förslagsanslag
1237 1281 40 21 av
1295 1270 135 38 685,000
1446 1270 138 37 kronor;

316 1322 53 31 till
391 1321 253 41 inskrivnings-,
670 1320 220 40 mönstrings-
915 1321 62 31 och
1001 1320 261 31 färdkostnader
1286 1331 42 20 m.
1354 1331 42 19 m.
1422 1322 48 29 ett
1494 1319 268 41 förslagsanslag

262 1383 41 20 av
322 1372 132 37 170,000
471 1371 137 38 kronor;

315 1422 55 30 till
392 1421 225 41 mathållning
634 1422 49 30 ett
700 1420 266 41 förslagsanslag
983 1431 40 20 av
1040 1420 166 37 3,300,000
1223 1419 137 37 kronor;

315 1472 55 31 till
386 1471 192 32 beklädnad
596 1473 49 30 ett
661 1470 347 40 reservationsanslag
1025 1481 40 20 av
1084 1469 163 38 1,580,000
1264 1469 137 37 kronor;

315 1522 55 31 till
392 1522 131 31 kasern-
539 1522 64 31 och
618 1520 404 42 förplägnadsutredning
1037 1522 88 29 samt
1139 1520 193 40 sängservis
1347 1531 41 19 m.
1404 1530 40 20 m.
1461 1521 49 30 ett
1524 1520 238 31 reservations-

262 1572 120 41 anslag
398 1583 40 20 av
454 1572 135 37 200,000
606 1571 134 37 kronor;

315 1623 55 30 till
390 1622 145 37 bränsle,
557 1622 84 40 lyse,
662 1623 123 35 vatten,
807 1620 216 41 renhållning
1044 1620 64 32 och
1129 1622 85 29 tvätt
1235 1631 41 20 m.
1299 1631 42 19 m.
1364 1622 49 29 ett
1434 1619 268 42 förslagsanslag
1722 1630 40 20 av

264 1673 136 37 935,000
417 1672 136 37 kronor;

316 1723 54 30 till
394 1723 141 31 flottans
551 1721 285 42 krigsberedskap
854 1721 63 31 och
933 1720 164 41 övningar
1114 1722 48 30 ett
1178 1719 348 41 reservationsanslag
1541 1730 41 20 av
1598 1718 166 39 5,380,000

264 1773 138 37 kronor;

316 1822 55 31 till
393 1821 278 33 kustartilleriets
695 1820 284 42 krigsberedskap
1003 1820 63 32 och
1092 1820 162 40 övningar
1279 1822 48 29 ett
1352 1819 348 41 reservationsanslag
1724 1830 39 20 av

264 1873 135 38 9260,000
414 1873 136 37 kronor;

317 1923 55 31 till
396 1923 160 41 sjukvård
575 1925 49 29 ett
642 1921 348 41 reservationsanslag
1007 1932 41 20 av
1066 1921 134 38 218,000
1218 1920 136 38 kronor;

317 1973 55 31 till
395 1972 179 32 underhåll
591 1983 41 20 av
649 1972 140 31 flottans
807 1972 113 40 fartyg
936 1971 62 31 och
1015 1970 197 42 byggnader
1228 1982 41 19 m.
1288 1982 42 19 m.
1350 1972 49 30 ett
1415 1970 350 41 reservationsanslag

265 2035 40 20 av
322 2023 166 38 6,875,000
505 2023 138 37 kronor;

318 2073 54 31 till
395 2073 277 31 kustartilleriets
691 2072 152 31 materiel
862 2083 41 19 m.
922 2083 41 19 m.
983 2073 48 30 ett
1049 2071 349 40 reservationsanslag
1416 2081 40 20 av
1474 2070 136 38 745,000
1628 2070 135 37 kronor,

311 2123 56 31 till
390 2122 228 41 anskaffning,
633 2122 178 32 underhåll
826 2122 64 31 och
904 2121 82 32 drift
1000 2132 40 20 av
1054 2121 240 40 sjöförsvarets
1308 2120 235 31 motorfordon
1558 2122 50 30 ett
1621 2130 144 22 reserva-

267 2173 213 41 tionsanslag
498 2184 41 20 av
557 2173 115 38 52,000
690 2172 136 38 kronor;

266 2265 151 31 under
445 2265 302 42 flygvapnet:

318 2324 55 31 till
396 2324 217 42 flygvapnets
633 2324 274 41 reservpersonal
927 2325 48 30 ett
994 2323 266 41 förslagsanslag
1279 2334 41 20 av
1340 2323 112 38 95,000
1471 2323 137 37 kronor;

321 2374 53 31 till
397 2374 41 32 de
455 2374 246 42 värnpliktigas
717 2373 161 41 avlöning
896 2373 62 32 och
975 2373 113 31 färder
1105 2384 41 20 m.
1165 2384 41 20 m.
1224 2375 49 29 ett
1290 2373 267 41 förslagsanslag
1574 2383 41 21 av
1632 2371 134 38 350,000

266 2425 137 37 kronor;
