1901 2827
430 133 451 32 Konstitutionsutskottets
903 137 178 29 utlåtande
1101 147 43 19 nr
1163 138 42 29 27
1225 139 38 28 år
1285 138 84 30 1967
1628 144 13 28 1

835 436 50 36 Nr
914 438 49 34 27

482 537 450 34 Konstitutionsutskottets
958 541 177 31 utlåtande
1161 542 10 29 i
1193 542 189 41 anledning
1405 553 42 20 av
1470 544 173 28 motioner

599 601 55 21 om
680 593 90 30 vissa
793 593 190 40 ändringar
1007 596 10 28 i
1040 596 307 31 bestämmelserna
1371 598 178 38 angående
1572 598 71 38 för-

597 646 162 38 farandet
780 647 55 30 vid
855 647 277 41 valförrättning.

201 752 12 28 I
232 752 42 30 de
290 752 223 41 likalydande
531 755 218 30 motionerna
767 765 42 20 nr
826 756 62 30 467
907 757 11 29 i
935 756 111 31 första
1063 757 205 30 kammaren
1287 768 42 20 av
1345 759 80 29 herr
1442 759 199 40 Blomquist

156 806 64 29 och
241 815 41 20 nr
303 807 61 29 601
387 808 11 28 i
418 808 110 29 andra
548 808 205 30 kammaren
776 818 41 21 av
837 810 79 29 herr
937 810 157 40 Sjöholm
1117 821 45 20 m.
1184 811 37 40 fl.
1243 812 192 35 hemställs,
1460 815 69 28 »att
1551 814 89 30 riks-

156 859 110 39 dagen
289 860 108 30 måtte
418 861 136 30 besluta
578 864 49 28 att
650 863 63 29 hos
738 863 124 39 Kungl.
886 864 105 39 Maj:t
1016 865 140 30 anhålla
1179 875 57 20 om
1260 866 132 30 sådana
1415 867 190 40 ändringar
1629 868 10 29 i

154 912 229 32 kommunala
403 915 157 39 vallagen
582 916 63 29 och
667 917 11 29 i
698 916 99 39 lagen
818 925 58 21 om
895 918 55 29 val
971 918 51 30 till
1043 918 186 40 riksdagen
1252 921 50 28 att
1323 920 203 40 därigenom
1547 922 92 30 stad-

154 974 59 32 gas
236 969 51 28 att
307 968 172 30 valurnan
503 969 88 30 skall
614 970 168 39 förseglas
805 981 42 20 av
867 971 235 31 valnämnden
1125 973 76 30 före
1221 974 110 30 valets
1352 974 126 40 början
1500 976 66 29 och
1588 978 49 27 att

154 1020 137 40 sigillen
313 1021 77 31 icke
412 1022 55 30 får
488 1023 118 39 brytas
631 1023 119 30 förrän
774 1025 88 29 efter
884 1025 108 31 valets
1016 1025 80 36 slut,
1119 1029 51 27 att
1192 1027 137 39 platsen
1353 1028 55 30 för
1431 1029 113 30 skilda
1567 1030 71 30 val-

154 1074 233 40 sedelstypers
407 1076 178 41 placering
605 1078 11 28 i
638 1078 203 40 anslutning
861 1079 52 29 till
935 1079 196 30 vallokalen
1154 1081 89 29 skall
1265 1091 42 20 av
1327 1082 236 30 valnämnden
1585 1086 53 26 ut-

153 1129 143 29 märkas
323 1137 124 32 genom
474 1131 195 39 respektive
694 1132 190 30 valsedlars
913 1133 237 40 anbringande
1178 1135 20 29 å
1224 1135 67 29 box
1319 1136 82 29 eller
1428 1136 89 35 låda,
1546 1139 90 28 samt

152 1183 51 28 att
222 1183 227 30 innerkuvert
469 1185 10 29 i
499 1185 273 30 valförsändelse
793 1186 167 30 avseende
982 1188 81 30 äkta
1083 1188 103 30 make
1206 1189 81 29 eller
1308 1199 117 20 annan
1445 1190 55 30 för
1519 1191 117 29 vilken

152 1236 177 40 personlig
352 1236 190 32 inställelse
566 1239 29 39 ej
623 1238 176 31 erfordras
825 1240 88 30 skall
937 1240 119 40 brytas
1080 1251 42 20 av
1146 1243 491 40 sammanräkningsmyndig-

152 1289 136 32 heten>.

196 1343 131 30 Texten
345 1344 52 30 till
416 1345 220 31 motionerna
654 1347 39 29 är
710 1347 116 39 tryckt
844 1348 12 29 i
873 1348 110 30 andra
1002 1349 215 31 kammaren,
1236 1368 45 4 —
1299 1351 116 39 Lagen
1433 1361 57 20 om
1509 1353 55 29 val
1583 1353 52 29 till

151 1396 187 40 riksdagen
359 1398 177 31 förkortas
556 1400 114 29 nedan
691 1400 103 35 ValL,
815 1401 228 31 kommunala
1062 1403 158 39 vallagen
1242 1404 98 30 KVL.

571 1565 139 43 Frågan
726 1578 60 20 om
801 1566 193 44 försegling
1010 1580 44 20 av
1069 1568 150 34 valurna

194 1665 209 40 Vallagarna
427 1667 193 31 innehåller
644 1668 156 40 följande
823 1670 262 31 bestämmelser
1110 1681 58 21 om
1190 1672 156 31 valurna.
1372 1673 13 29 I
1411 1674 40 30 60
1478 1674 15 37 $
1519 1674 115 40 fjärde

151 1719 134 40 stycket
307 1720 92 30 ValL
420 1722 65 29 och
506 1721 40 30 26
571 1722 15 37 $
609 1722 116 40 fjärde
747 1724 133 39 stycket
902 1724 90 30 KVL
1013 1726 139 38 stadgas
1175 1728 49 27 att
1245 1727 57 29 vid
1324 1728 55 29 val
1402 1727 89 30 skall
1512 1729 122 39 begag-

149 1781 64 20 nas
230 1773 148 30 valurna
395 1774 55 29 för
467 1775 236 39 nedläggande
722 1786 41 20 av
780 1777 124 30 kuvert
923 1779 65 28 och
1005 1780 50 28 att
1073 1779 236 30 ordföranden
1328 1781 212 30 omedelbart
1559 1782 74 29 före

149 1826 223 39 röstningens
390 1827 127 40 början
536 1828 89 30 skall
644 1829 74 30 visa
737 1830 42 29 de
797 1831 218 30 närvarande
1034 1834 50 27 att
1104 1841 113 21 urnan
1237 1834 38 29 är
1296 1836 81 28 tom.
1398 1835 126 30 Vidare
1544 1835 89 30 före-

149 1879 113 30 skrivs
284 1880 11 29 i
317 1881 40 30 66
382 1881 14 36 $
421 1881 92 29 ValL
535 1883 65 28 och
622 1882 41 30 32
687 1883 14 36 8
726 1883 110 30 första
858 1885 135 39 stycket
1015 1886 89 30 KVL
1126 1888 49 29 att
1197 1888 181 34 valurnan,
1402 1888 44 30 då
1468 1885 164 48 uppehåll

149 1932 80 30 sker
249 1934 11 29 i
278 1934 327 40 valförrättningen,
627 1936 89 30 skall
736 1938 241 39 omsorgsfullt
998 1938 167 40 förseglas
1187 1941 111 29 under
1318 1941 58 30 två
1397 1943 235 30 närvarandes

150 1986 90 39 sigill
258 1990 90 27 samt
365 1988 153 30 därefter
536 1990 109 29 sättas
662 1991 11 28 i
691 1991 117 29 säkert
825 1991 127 35 förvar,
971 1995 90 27 samt
1080 1995 49 28 att
1146 1994 270 31 valförrättaren
1433 1996 72 34 bör,
1524 1997 110 30 innan

149 2039 233 41 förseglingen
412 2042 57 30 vid
500 2042 274 41 förrättningens
805 2045 232 31 fortsättande
1066 2047 144 35 borttas,
1241 2048 93 30 inför
1365 2050 115 39 öppna
1510 2051 122 29 dörrar

149 2092 149 31 förvissa
320 2095 51 39 sig
391 2104 57 21 om
470 2098 50 27 att
542 2096 135 39 sigillen
700 2098 37 29 är
759 2098 159 31 obrutna.

192 2147 50 29 De
265 2148 154 30 nämnda
441 2149 311 32 bestämmelserna
774 2152 65 29 har
862 2153 79 29 med
965 2153 214 32 oförändrad
1202 2155 129 40 lydelse
1356 2157 137 30 funnits
1517 2158 80 30 med
1621 2159 12 29 i

148 2200 201 40 vallagarna
365 2202 170 31 alltsedan
551 2204 100 30 deras
667 2205 182 31 tillkomst.
865 2207 121 40 Någon
1003 2208 109 30 sådan
1129 2209 206 41 utvidgning
1351 2221 41 20 av
1409 2212 223 40 sigillerings-

147 2254 144 39 plikten,
320 2265 75 20 som
421 2256 133 40 åsyftas
582 2259 11 28 i
619 2258 229 32 förevarande
875 2261 180 35 motioner,
1082 2262 65 30 har
1172 2264 187 39 veterligen
1387 2265 71 30 inte
1484 2266 147 40 tidigare

147 2307 208 40 föreslagits.
382 2309 87 30 Över
494 2311 121 30 huvud
639 2312 64 29 har
729 2313 269 32 föreskrifterna
1022 2316 10 29 i
1059 2316 99 39 fråga
1182 2317 71 30 inte
1278 2318 98 30 blivit
1402 2319 147 30 föremål
1576 2320 56 30 för

147 2361 174 32 särskilda
340 2363 222 32 reformkrav
582 2366 12 29 i
614 2365 197 41 riksdagen.

190 2415 65 31 Det
275 2416 63 30 bör
359 2418 12 29 i
392 2418 291 40 sammanhanget
705 2421 191 30 antecknas
917 2424 50 28 att
989 2423 201 40 vallagarna
1211 2426 122 29 utöver
1353 2426 278 32 bestämmelser-

146 2478 46 20 na
210 2479 57 21 om
285 2469 189 42 försegling
492 2482 42 20 av
550 2473 148 30 valurna
716 2476 127 38 upptar
861 2478 47 27 ett
927 2476 116 30 flertal
1062 2479 110 29 andra
1190 2478 221 32 föreskrifter
1429 2490 57 21 om
1506 2482 124 39 sigille-

178 2543 16 24 1
233 2541 112 32 Bihang
360 2542 47 24 till
420 2543 170 31 riksdagens
603 2546 148 29 protokoll
766 2546 75 25 1967.
855 2547 14 24 5
884 2549 83 23 saml.
978 2552 13 21 2
1006 2549 63 24 avd.
1086 2550 37 23 Nr
1138 2553 31 21 27
