2228 2616
423 134 18 30 2
875 137 280 32 Bankoutskottets
1178 139 162 32 utlåtande
1366 140 49 31 Nr
1438 142 50 30 16.

378 212 250 45 främmande,
660 214 85 35 med
774 227 58 22 oss
866 216 299 36 affärsdrivande
1193 218 202 36 ländernas
1424 220 81 35 sida
1534 224 59 32 att
1621 234 137 34 genom
1779 227 193 47 åtskilliga

378 264 12 33 i
428 264 183 35 samband
654 265 85 35 med
782 267 249 46 varuutbytet
1070 270 157 34 stående
1255 270 414 38 finanstransaktioner
1697 275 92 36 söka
1819 279 12 33 i
1860 279 115 45 görli-

378 318 108 43 gaste
515 319 86 31 mån
632 322 177 41 uppväga
841 319 72 33 den
942 320 252 46 nedsättning
1222 322 8 34 i
1261 321 241 38 förhållande
1532 325 57 35 till
1617 328 67 32 vår
1704 327 141 46 valuta,
1868 331 108 36 deras

379 378 93 35 egen
515 368 121 34 under
677 368 147 46 krigets
867 370 183 36 inverkan
1080 372 100 36 lidit.
1237 374 13 33 I
1281 374 53 34 sin
1367 375 172 36 enklaste
1569 390 83 22 men
1684 379 71 34 ock
1785 384 97 32 mest
1911 386 65 42 på-

378 418 145 47 tagliga
566 419 99 35 form
707 420 69 35 har
818 421 120 35 denna
984 426 155 32 strävan
1183 426 99 44 tagit
1316 426 58 45 sig
1401 428 160 45 uttryck
1591 429 12 34 i
1632 441 45 23 en
1706 430 156 36 fordran
1891 433 83 36 från

378 470 106 35 dessa
530 471 150 36 länders
722 472 78 35 sida
846 476 58 32 att
947 475 59 34 vid
1053 475 76 46 köp
1174 488 45 23 av
1260 477 160 35 svenska
1449 491 114 23 varor
1592 481 144 36 erhålla
1766 495 80 23 mer
1885 485 90 35 eller

377 522 147 35 mindre
566 523 203 46 långvarig
810 525 139 35 kredit.
1009 526 198 46 Därjämte
1248 528 70 34 har
1359 532 44 42 på
1450 530 91 35 sista
1579 532 104 35 tiden
1727 534 97 36 krav
1860 536 114 35 fram-

377 574 126 34 ställts
550 577 59 32 att
655 575 63 34 vid
755 576 142 46 import
941 578 56 34 till
1043 578 153 47 Sverige
1238 592 46 22 av
1326 593 112 23 varor
1479 581 84 36 från
1606 584 236 38 främmande
1886 589 87 34 land

376 628 107 32 utom
526 626 73 35 den
642 627 175 35 avtalade
848 628 309 48 köpeskillingen
1187 631 128 36 kredit
1344 632 70 35 här
1442 634 11 33 i
1483 633 153 48 Sverige
1666 636 120 36 skulle
1818 640 157 37 beredas

376 677 65 35 det
471 679 281 44 exporterande
782 679 142 44 landet,
955 681 120 35 vilket
1106 683 84 34 med
1212 684 69 33 den
1305 685 159 34 sålunda
1485 698 128 23 vunna
1634 688 177 36 krediten
1832 690 140 38 kunde.

377 729 214 35 oberoende
635 742 47 23 av
735 731 232 46 växlingarna
1001 733 8 33 i
1042 733 70 35 den
1156 746 97 34 egna
1287 736 169 45 valutan,
1488 738 187 36 likvidera
1705 741 44 34 de
1779 742 119 47 inköp
1929 757 45 21 av

376 781 160 35 svenska
579 793 123 32 varor,
748 794 77 23 som
869 783 59 34 för
968 784 132 36 landet
1129 786 11 33 i
1170 786 104 45 fråga
1315 787 127 36 kunde
1473 795 70 40 äga
1574 803 94 22 rum.
1724 792 110 36 Såväl
1864 795 10 33 i
1904 808 65 22 ena

375 843 81 24 som
498 833 119 35 andra
658 832 109 36 fallet
809 835 135 35 bindas
974 835 223 47 härigenom
1240 841 91 32 våra
1374 852 96 33 egna
1511 842 349 47 betalningsmedel.
1894 847 75 35 ofta

375 884 120 34 under
536 884 164 36 särdeles
729 886 123 35 ovissa
881 887 149 36 villkor.
1088 889 72 34 Det
1190 895 42 29 är
1260 892 229 44 uppenbart,
1520 896 60 32 att
1609 906 44 22 en
1683 896 116 35 sådan
1828 897 143 37 kredit-

374 935 161 47 givning
581 937 9 33 i
635 939 122 33 större
808 939 271 46 utsträckning
1122 941 70 34 och
1237 942 9 33 i
1283 942 165 46 längden
1496 945 85 34 icke
1627 947 70 34 kan
1742 949 129 45 undgå
1914 954 56 32 att

375 987 161 46 menligt
564 988 161 35 inverka
753 992 49 43 på
831 990 233 46 köpkraften
1095 992 94 35 eller
1216 994 70 34 den
1317 994 311 38 internationella
1659 998 139 36 kursen
1828 1003 47 44 på
1905 1005 68 32 vår

375 1050 95 35 egen
511 1039 145 46 valuta,
685 1040 12 35 i
726 1041 73 34 den
842 1045 84 31 mån
967 1043 35 34 vi
1040 1043 87 35 icke
1155 1056 138 34 genom
1321 1046 184 36 liknande
1536 1051 180 43 åtgärder
1745 1054 18 31 å
1810 1055 53 32 vår
1892 1054 77 34 sida

376 1090 131 36 kunna
536 1092 202 35 motverka
768 1093 65 35 det
862 1093 91 35 eller
982 1095 68 34 den
1082 1098 220 34 nuvarande
1332 1097 188 37 kristiden
1550 1101 199 47 förlänges.

504 1143 130 35 Under
674 1144 207 36 kristidens
923 1146 134 46 början
1098 1160 67 22 var
1193 1149 72 34 den
1294 1149 276 49 affärsmässiga
1602 1153 294 50 finansieringen
1926 1171 44 21 av

375 1196 86 32 vårt
498 1196 233 45 varuutbyte
765 1197 84 34 med
881 1197 176 35 utlandet
1086 1199 82 35 helt
1196 1201 242 36 överlämnad
1471 1206 39 32 åt
1540 1205 68 34 den
1641 1203 177 38 enskilda
1843 1209 128 36 affärs-

374 1245 307 37 verksamheten.
738 1247 121 36 Sedan
888 1249 71 34 den
989 1250 213 36 emellertid
1224 1253 82 34 med
1330 1254 44 34 de
1396 1254 68 35 allt
1485 1255 163 36 hårdare
1668 1257 151 46 former,
1841 1261 129 34 vartill

371 1296 144 45 Jämväl
556 1298 61 35 för
658 1299 186 36 handelns
887 1301 58 34 del
989 1302 129 45 kriget
1158 1307 160 41 urartat,
1350 1309 126 42 syntes
1506 1311 139 42 antaga
1678 1322 94 22 ovan
1805 1312 163 45 angivna

373 1349 222 47 riktningar
624 1351 70 34 och
724 1350 84 36 från
837 1352 91 35 flera
957 1353 77 34 håll
1064 1356 194 35 varnande
1287 1360 124 32 röster
1440 1358 102 46 höjts
1570 1364 79 30 mot
1672 1365 58 30 att
1750 1362 126 36 lämna
1899 1365 70 34 den

373 1400 293 47 ifrågavarande
699 1402 294 47 finansieringen
1029 1404 155 37 alldeles
1214 1408 198 46 oreglerad
1441 1410 84 35 från
1556 1414 144 32 statens
1729 1413 90 45 sida,
1853 1416 116 34 utfär-

374 1452 114 35 dades
516 1453 12 34 i
558 1453 136 45 början
737 1466 45 22 av
824 1456 193 34 nästlidna
1059 1457 88 35 höst
1188 1458 81 35 från
1305 1460 470 50 riksbanksfullmäktiges
1804 1467 80 35 sida
1914 1472 54 31 ett

374 1503 180 46 cirkulär,
600 1505 132 41 vilket,
776 1507 86 34 med
904 1506 144 46 hänsyn
1092 1509 61 34 till
1195 1510 164 36 behovet
1395 1516 57 31 att
1483 1514 11 33 i
1524 1518 141 32 största
1694 1517 157 46 möjliga
1881 1523 88 31 mån

372 1556 93 34 råda
506 1556 69 35 bot
617 1559 48 44 på
706 1557 46 35 de
796 1558 258 46 olägenheter,
1098 1560 102 35 vilka
1241 1565 159 43 ansågos
1428 1563 214 38 förbundna
1676 1569 83 34 med
1788 1581 45 23 en
1863 1571 105 45 dylik

373 1607 199 47 oreglerad
614 1608 292 48 kreditgivning
942 1610 59 35 till
1031 1611 189 46 utlandet,
1250 1614 59 34 till
1339 1615 157 47 ledning
1523 1617 60 34 för
1612 1624 235 42 exportörer,
1878 1624 90 34 ban-

372 1658 71 35 ker
484 1659 71 35 och
599 1660 118 35 andra
750 1660 262 47 kreditgivare
1043 1663 161 36 allmänt
1233 1678 124 34 angav
1386 1668 45 34 de
1460 1668 372 49 betalningsvillkor,
1863 1674 105 36 vilka

372 1711 117 34 borde
518 1711 149 36 fordras
694 1712 65 35 vid
788 1713 226 47 försäljning
1044 1727 46 22 av
1119 1716 161 35 svenska
1308 1730 114 23 varor
1449 1720 61 34 till
1530 1721 188 37 utlandet.
1762 1724 204 48 Samtidigt

371 1760 92 36 fann
506 1763 117 35 Eders
664 1764 138 46 Kungl.
848 1765 108 45 Maj:t
988 1769 87 42 gott
1104 1767 147 36 inrätta
1281 1772 56 32 ett
1365 1770 203 37 finansråd,
1600 1774 56 34 till
1689 1775 121 36 vilket
1837 1776 131 47 frågor

373 1825 59 23 om
461 1813 300 49 tillämpningen
791 1829 47 22 av
867 1817 141 35 sådana
1037 1818 143 36 villkor
1207 1820 11 34 i
1247 1820 66 35 fall
1343 1833 45 23 av
1416 1823 125 35 behov
1570 1824 128 36 kunde
1727 1827 238 47 hänskjutas.

372 1865 115 35 Detta
528 1865 193 37 finansråd
763 1867 70 36 har
862 1869 213 35 sedermera
1104 1872 102 34 varit
1235 1872 11 34 i
1276 1873 212 36 oavbruten
1518 1877 254 46 verksamhet,
1804 1881 72 34 och
1900 1881 68 46 jag

372 1928 109 24 anser
513 1917 81 47 mig
626 1918 131 36 kunna
791 1921 125 34 uttala
945 1921 71 35 den
1045 1922 168 47 mening,
1245 1927 58 32 att
1330 1936 138 34 genom
1498 1927 82 36 dess
1610 1930 129 34 arbete
1769 1931 11 33 i
1809 1933 157 34 samför-

371 1969 112 34 stånd
525 1971 85 34 med
655 1974 88 32 våra
785 1975 121 32 större
941 1973 173 36 enskilda
1144 1976 444 49 penninginrättningar,
1620 1980 103 36 vilka
1747 1982 44 45 ju
1819 1983 147 36 huvud-

371 2020 173 46 sakligen
575 2022 98 34 hava
702 2025 58 33 att
791 2023 99 46 sörja
918 2024 58 35 för
1003 2024 297 49 finansieringen
1330 2041 46 22 av
1400 2032 252 45 varuutbytet
1672 2034 84 34 med
1777 2035 188 45 utlandet,

371 2072 198 47 åtskilliga
598 2073 249 46 olägenheter
876 2088 45 22 av
950 2089 43 22 en
1024 2077 110 44 eljest
1163 2080 198 44 oreglerad
1392 2081 288 48 kreditgivning
1709 2085 55 34 till
1789 2087 175 36 utlandet

370 2122 151 37 kunnat
549 2125 185 46 avvärjas.

500 2175 121 36 Sedan
663 2178 210 36 emellertid
921 2180 342 47 varuknappheten
1306 2185 83 33 med
1433 2187 275 46 världskrigets
1750 2191 214 35 oavbrutna

370 2225 258 38 fortsättande
671 2229 176 36 alltmera
885 2235 163 41 stegrats
1078 2233 72 34 och
1180 2233 269 48 fordringarna
1480 2238 9 33 i
1520 2240 181 34 samband
1731 2241 154 36 därmed
1916 2247 44 42 på
