2178 2624
364 213 19 30 2
560 213 117 32 Andra
701 214 200 31 kammarens
925 215 142 31 andra
1091 214 170 42 tillfälliga
1284 217 136 31 utskotts
1443 217 167 31 utlåtande
1633 217 53 31 Nr
1710 221 51 28 11.

364 295 66 35 och
458 294 13 35 i
499 294 173 35 samband
701 295 144 34 därmed
873 298 52 32 ett
952 295 332 36 tillfredsställande
1313 298 183 34 ordnande
1525 309 43 24 av
1597 299 197 36 anstaltens
1822 301 136 36 lokaler

364 348 65 35 har
472 350 89 33 stått
602 350 45 44 på
680 348 270 47 dagordningen
986 352 98 32 snart
1113 352 79 44 sagt
1220 349 158 36 alltifrån
1407 351 157 35 nämnda
1592 352 149 35 anstalts
1769 353 187 38 tillkomst.

471 400 126 48 Enligt
632 402 69 34 den
737 414 44 23 av
809 403 134 46 Kungl.
976 403 106 48 Maj:t
1109 402 13 34 i
1150 403 466 47 statsverkspropositionen
1647 408 99 33 1907
1778 407 80 35 med
1885 408 72 35 led-

363 454 90 46 ning
494 466 45 23 av
581 455 75 34 dels
698 455 60 35 det
798 456 197 43 utlåtande,
1040 468 72 23 som
1142 456 155 47 avgivits
1325 469 44 23 av
1397 469 45 22 en
1470 457 57 35 för
1555 460 201 35 ändamålet
1784 461 39 33 år
1857 463 98 33 1897

362 507 131 35 tillsatt
530 507 198 45 kommitté,
759 509 74 34 dels
862 509 43 34 de
934 510 204 47 yttranden,
1169 522 75 23 som
1273 511 148 34 däröver
1449 510 82 35 från
1560 512 117 36 skilda
1704 512 254 48 myndigheter

362 561 208 42 inhämtats,
600 562 277 46 ursprungligen
905 562 202 47 föreslagna
1135 564 130 45 planen
1293 563 117 36 skulle
1439 566 311 36 statsmedicinska
1778 567 179 36 anstalten

363 614 101 35 bestå
493 626 43 24 av
555 614 81 48 fyra
661 615 247 47 avdelningar:
932 629 45 22 en
997 616 504 48 medicinsk-bakteriologisk,
1524 630 44 23 en
1587 620 369 35 veterinär-bakterio-

363 667 128 47 logisk,
522 680 45 23 en
594 668 193 48 hygienisk
816 669 65 35 och
911 682 44 22 en
984 670 301 36 rättsmedicinsk.
1328 670 137 36 Genom
1494 671 212 48 riksdagens
1734 674 118 35 beslut
1870 674 84 35 kom

362 721 201 35 emellertid
604 723 178 35 anstalten
818 722 56 35 till
915 725 53 33 att
1004 723 99 48 börja
1130 724 82 34 med
1241 727 51 32 att
1319 724 149 36 omfatta
1497 726 125 34 endast
1653 729 20 32 2
1704 727 249 48 avdelningar:

362 787 45 22 en
450 774 493 48 medicinsk-bakteriologisk
971 777 66 42 och
1065 789 45 23 en
1138 777 243 36 rättskemisk.
1439 779 83 34 Den
1549 779 405 37 veterinär-bakteriolo-

362 827 105 47 giska
495 828 238 47 avdelningen
761 829 197 36 inrättades
987 833 45 44 på
1059 831 118 46 grund
1202 844 44 22 av
1271 834 96 32 1908
1389 834 58 33 års
1466 832 165 47 riksdags
1650 833 119 36 beslut
1787 835 66 34 och
1871 835 83 35 blev

361 881 141 47 förlagd
531 881 61 36 vid
619 883 371 36 veterinärinstitutet.
1046 883 102 36 Efter
1176 884 266 47 framställning
1469 898 45 23 av
1543 886 124 47 kungl.
1690 886 263 50 medicinalsty-

362 935 117 35 relsen
516 935 173 35 framlade
717 937 133 45 Kungl.
882 937 108 47 Maj:t
1016 937 56 35 till
1105 940 99 32 1914
1234 940 57 32 års
1319 951 124 22 senare
1471 939 148 47 riksdag
1646 940 220 47 proposition
1894 954 57 22 om

362 988 207 35 inrättande
597 1001 43 23 av
669 992 51 32 ett
748 990 272 35 farmaceutiskt
1048 991 342 35 statslaboratorium
1411 992 62 35 vid
1493 993 311 35 statsmedicinska
1824 995 129 34 anstal-

361 1045 72 40 ten,
478 1041 123 37 vilken
642 1043 265 47 framställning
944 1044 107 35 också
1079 1056 96 24 vann
1203 1044 211 48 riksdagens
1442 1045 114 36 bifall.
1612 1047 194 35 Anstalten
1833 1047 121 35 består

362 1095 151 35 sålunda
554 1095 56 35 för
646 1097 223 35 närvarande
904 1110 44 22 av
976 1100 54 32 tre
1058 1098 234 46 avdelningar
1319 1099 155 35 förutom
1504 1100 69 34 den
1601 1112 91 24 ovan
1720 1101 234 35 omförmälda

362 1148 497 49 veterinär-bakteriologiska
887 1151 239 47 avdelningen
1155 1151 61 37 vid
1245 1152 371 37 veterinärinstitutet.

468 1202 103 35 Efter
606 1203 63 35 allt
698 1206 52 32 att
778 1205 103 34 döma
908 1204 101 35 torde
1038 1204 197 36 emellertid
1262 1205 224 37 inrättandet
1514 1219 44 23 av
1585 1207 208 48 ytterligare
1821 1220 45 23 en
1894 1221 57 22 av-

362 1255 148 47 delning
551 1255 96 36 inom
684 1269 45 23 en
770 1257 79 36 icke
878 1257 122 36 alltför
1029 1259 167 46 avlägsen
1225 1259 145 35 framtid
1399 1272 86 23 vara
1514 1262 53 33 att
1593 1260 147 45 förutse,
1770 1261 181 46 nämligen

362 1321 45 22 en
448 1309 365 48 hygienisk-teknisk.
870 1311 19 34 I
930 1324 86 34 nyss
1045 1311 148 36 anförda
1222 1312 264 48 framställning
1514 1326 44 24 av
1587 1314 368 49 medicinalstyrelsen

361 1362 93 35 hade
493 1362 134 47 jämväl
668 1363 126 47 frågan
837 1365 123 35 därom
1003 1365 195 36 framförts.
1257 1366 158 36 Behovet
1450 1379 46 23 av
1525 1380 44 22 en
1598 1367 354 49 hygienisk-teknisk

362 1415 195 47 avdelning
584 1416 96 35 inom
708 1418 178 35 anstalten
915 1418 93 35 lärer
1036 1422 98 32 snart
1161 1431 72 34 nog
1261 1425 85 41 göra
1374 1419 56 47 sig
1457 1425 47 29 än
1534 1433 95 23 mera
1655 1421 192 35 kännbart.
1895 1422 57 34 En

361 1468 103 49 dylik
493 1469 193 47 avdelning
714 1476 39 29 är
780 1471 181 47 nämligen
989 1484 45 22 en
1062 1473 243 46 oundgänglig
1332 1473 261 48 förutsättning
1619 1474 55 35 för
1702 1477 53 32 ett
1773 1475 182 35 rationellt

361 1522 183 35 ordnande
581 1523 55 35 för
670 1523 192 36 framtiden
891 1537 43 23 av
963 1524 406 37 livsmedelskontrollen
1396 1526 14 35 i
1437 1529 82 33 vårt
1545 1527 85 35 land
1671 1549 52 4 —
1766 1540 44 23 en
1838 1528 113 46 fråga,

361 1588 75 23 som
478 1576 71 35 blir
590 1576 136 35 aktuell
754 1577 89 35 efter
871 1577 221 36 slutförande
1120 1591 45 24 av
1193 1580 70 34 den
1291 1580 194 46 utredning
1513 1593 55 22 om
1597 1581 356 47 livsmedelslagstift-

360 1629 146 46 ningen,
537 1641 74 24 som
639 1630 56 35 för
722 1631 222 35 närvarande
972 1634 121 44 pågår.

469 1683 249 36 Ovanstående
756 1684 181 36 överblick
970 1697 44 23 av
1046 1683 273 49 ifrågavarande
1347 1686 150 35 ärendes
1525 1687 210 47 utveckling
1763 1688 105 44 visar,
1898 1691 54 32 att

360 1736 119 35 denna
520 1736 199 47 otvetydigt
759 1738 163 35 tenderat
963 1741 53 32 att
1056 1742 46 43 gå
1142 1739 13 34 i
1197 1740 70 34 den
1300 1739 175 47 riktning,
1507 1752 74 23 som
1609 1753 135 35 angavs
1772 1741 13 35 i
1812 1742 135 46 Kungl.

359 1789 124 47 Maj:ts
511 1790 134 48 förslag
677 1793 110 33 1907.

468 1843 159 47 Styrkan
668 1843 13 35 i
723 1845 97 34 detta
856 1845 134 46 förslag
1018 1845 123 47 ligger,
1172 1848 115 33 såsom
1317 1846 220 36 motionären
1566 1848 78 34 med
1673 1851 92 32 rätta
1793 1848 156 45 betonat,

360 1895 89 45 däri,
480 1899 52 32 att
561 1897 60 35 det
648 1902 136 42 upptog
811 1898 69 35 alla
908 1898 282 47 avdelningarna
1217 1902 45 43 på
1282 1912 44 22 en
1344 1902 96 44 gång
1459 1901 66 34 och
1546 1903 43 44 på
1608 1912 42 24 en
1668 1902 143 44 anstalt,
1833 1905 120 33 varest

360 1950 45 34 de
446 1949 118 35 skilda
606 1950 277 36 laboratorierna
924 1951 123 36 kunde
1088 1952 142 36 komma
1263 1953 13 35 i
1303 1952 213 48 åtnjutande
1545 1967 43 23 av
1616 1955 234 35 samarbetets
1881 1956 71 35 alla

360 2002 167 35 fördelar.
586 2004 66 34 Om
682 2004 103 35 dessa
813 2005 182 48 riktlinjer
1023 2018 106 34 synes
1157 2006 107 35 också
1292 2007 93 35 ända
1413 2007 57 34 till
1498 2010 46 43 på
1571 2007 87 37 sista
1685 2008 101 35 tiden
1805 2009 148 46 enighet

359 2056 13 34 i
401 2059 91 32 stort
520 2059 69 33 sett
617 2057 94 36 varit
738 2058 157 36 rådande
925 2059 131 35 mellan
1084 2060 44 34 de
1158 2060 252 47 myndigheter
1429 2061 65 34 och
1515 2061 240 47 sakkunniga,
1777 2074 74 23 som
1871 2062 80 35 haft

359 2111 55 33 att
441 2112 98 45 yttra
569 2110 54 47 sig
650 2111 13 34 i
691 2112 157 35 ärendet.

467 2163 128 36 Likväl
637 2170 60 29 äro
726 2165 43 35 de
797 2165 196 44 önskemål,
1024 2178 82 23 man
1133 2167 175 46 uppställt
1335 2167 224 36 beträffande
1586 2171 52 33 ett
1666 2168 179 36 rationellt
1873 2168 78 36 ord-

359 2217 120 35 nande
507 2229 44 23 av
580 2217 69 35 den
677 2218 312 36 statsmedicinska
1016 2220 196 35 anstaltens
1236 2221 241 44 verksamhet,
1498 2227 97 29 ännu
1613 2221 13 35 i
1645 2224 91 33 stort
1754 2224 69 33 sett
1842 2234 109 35 oupp-

358 2270 127 47 fyllda.
536 2271 163 35 Orsaken
727 2272 121 35 härtill
876 2272 115 48 ligger
1020 2273 248 48 förnämligast
1296 2273 88 45 däri,
1414 2277 54 32 att
1496 2275 81 35 dess
1600 2275 95 36 olika
1714 2275 238 48 avdelningar
