1926 2824
524 163 109 26 Första
654 161 216 34 lagutskottets
892 158 157 28 utlåtande
1071 158 42 26 Nr
1134 159 45 25 25.
1583 155 13 28 1

773 514 69 40 Nr
874 512 64 41 25.

609 627 112 24 Ankom
741 626 42 25 till
805 626 170 31 riksdagens
996 624 94 25 kansli
1111 624 54 23 den
1186 623 32 23 22
1240 629 78 17 mars
1343 620 64 24 1938
1429 619 36 23 kl.
1486 618 15 24 5
1523 625 21 17 e.
1565 625 36 16 m.

316 721 180 31 Utlåtande
519 722 10 28 i
547 719 185 38 anledning
755 728 41 19 av
820 717 102 30 väckt
943 716 130 30 motion
1096 724 55 20 om
1174 712 153 31 ändrade
1350 709 254 32 bestämmelser

513 782 146 30 rörande
686 780 206 39 försäljning
921 789 40 19 av
991 777 162 37 samfälld
1179 775 174 39 fastighet.

160 895 11 29 I
191 904 42 21 en
252 894 97 30 inom
368 892 108 30 första
494 892 203 29 kammaren
717 889 111 35 väckt,
849 888 50 29 till
916 886 189 40 lagutskotl
1122 883 171 31 hänvisad
1310 882 141 37 motion,
1472 890 39 20 nr
1534 880 70 34 173,

117 948 113 30 vilken
256 946 206 31 behandlats
490 954 42 21 av
558 944 108 30 första
692 943 234 39 lagutskottet,
951 940 65 30 har
1041 939 79 31 herr
1150 937 168 30 Velander
1344 934 185 35 hemställt,
1557 935 49 28 att

117 1001 183 39 riksdagen
326 1000 78 30 ville
427 999 11 30 i
463 998 162 30 skrivelse
648 996 51 31 till
723 995 124 39 Kungl.
872 993 100 39 Maj:t
995 991 140 32 anbålla
1158 1001 57 21 om
1239 989 185 38 utredning
1448 987 65 31 och
1537 986 68 31 för-

117 1056 71 39 slag
211 1053 179 40 angående
412 1052 132 31 sådana
564 1050 258 31 bestämmelser
842 1047 148 31 rörande
1011 1044 206 40 försäljning
1239 1053 43 21 av
1306 1042 161 31 samfälld
1488 1040 117 39 fastig-

116 1109 67 35 het,
205 1111 49 28 att
276 1108 112 30 beslut
412 1116 56 21 om
492 1105 96 39 dylik
610 1103 206 39 försäljning
840 1102 76 30 icke
938 1100 156 31 eluderas
1117 1106 123 32 genom
1263 1095 189 39 förefintlig
1474 1094 131 31 överin-

117 1162 161 39 teckning
300 1171 43 20 av
365 1160 101 30 andel
487 1159 11 30 i
520 1158 215 39 fastigheten.

163 1270 115 39 Lagen
302 1269 67 30 den
391 1269 42 29 30
457 1266 191 40 september
673 1266 83 30 1904
780 1275 56 20 om
860 1262 279 40 samäganderätt
1162 1270 97 21 avser
1280 1259 45 30 bl.
1349 1268 29 20 a.
1401 1258 41 30 de
1466 1256 72 36 fall,
1564 1254 44 31 då

119 1323 56 31 två
197 1323 80 30 eller
299 1322 87 30 flera
409 1321 153 31 samfällt
586 1321 59 30 äro
667 1320 102 39 ägare
792 1328 42 20 av
857 1317 163 39 fastighet
1043 1315 79 31 eller
1143 1315 51 30 lös
1218 1314 72 30 sak.
1312 1312 66 30 För
1401 1309 207 40 förfogande

119 1378 79 29 över
219 1377 56 30 det
294 1375 184 31 samfällda
497 1374 118 39 godset
633 1373 11 30 i
663 1373 76 30 dess
758 1372 117 30 helhet
895 1371 79 30 eller
993 1370 54 30 för
1068 1367 208 40 vidtagande
1296 1376 42 20 av
1358 1364 121 40 åtgärd
1500 1363 10 30 i
1528 1363 80 39 god-

120 1434 66 27 sets
206 1429 212 39 förvaltning
439 1428 173 30 erfordras
633 1427 10 29 i
664 1426 91 39 regel
777 1424 159 39 samtliga
957 1423 176 38 delägares
1156 1420 179 38 samtycke
1362 1418 29 39 (2
1415 1416 51 41 8);
1489 1417 120 29 kunna

120 1484 185 38 delägarna
325 1482 30 39 ej
378 1491 82 21 enas
480 1480 149 31 rörande
651 1480 135 38 godsets
808 1476 212 39 förvaltning
1041 1475 80 30 eller
1142 1473 191 40 nyttjande,
1355 1470 58 31 må
1433 1471 112 30 rätten
1565 1468 45 40 på

121 1538 155 29 ansökan
301 1545 42 21 av
368 1535 158 38 delägare
552 1533 166 31 förordna
742 1534 50 28 att
818 1531 118 39 godset
962 1529 88 31 skall
1076 1526 302 32 omhänderhavas
1404 1534 41 20 av
1473 1522 138 31 särskilt

123 1590 119 31 utsedd
266 1590 67 38 god
355 1598 82 20 man
465 1587 31 39 (3
519 1585 47 41 8).
589 1586 102 39 Varje
713 1585 159 39 delägare
895 1584 89 38 äger,
1007 1592 57 21 om
1086 1581 30 39 ej
1141 1583 107 27 annat
1272 1580 37 29 är
1332 1578 128 30 avtalat
1482 1576 128 31 mellan

121 1644 196 39 delägarna,
340 1643 63 29 hos
428 1642 112 30 rätten
564 1641 94 34 söka,
685 1642 48 27 att
759 1638 119 40 godset
902 1637 54 30 för
981 1644 197 31 gemensam
1204 1632 149 39 räkning
1375 1630 162 40 utbjudes
1561 1629 50 30 till

121 1697 206 39 försäljning
357 1695 20 31 å
407 1694 158 39 offentlig
594 1693 156 35 auktion;
782 1692 90 30 dock
900 1689 59 31 må
986 1687 235 33 förordnande
1250 1696 58 21 om
1336 1684 216 39 utbjudande
1580 1682 30 39 ej

122 1751 185 34 meddelas,
326 1750 62 30 där
405 1758 117 21 annan
540 1748 157 38 delägare
713 1746 92 30 visar
822 1743 196 40 synnerliga
1034 1742 75 31 skäl
1128 1741 53 30 för
1199 1739 150 32 anstånd
1372 1738 31 39 (6
1422 1736 47 41 85).
1497 1737 7 29 I
1523 1746 88 21 sam-

122 1804 177 38 manhang
328 1803 79 30 med
431 1800 235 32 förordnande
691 1809 58 21 om
776 1797 159 39 offentlig
963 1795 144 32 auktion
1134 1794 87 31 skall
1248 1794 122 33 rätten,
1399 1792 62 29 där
1489 1789 124 31 sådant

123 1867 41 21 av
181 1856 116 40 någon
315 1856 158 38 delägare
488 1855 115 38 yrkas,
622 1854 193 29 bestämma
832 1854 46 28 ett
894 1850 80 40 pris,
992 1849 172 31 varunder
1183 1847 118 39 godset
1317 1845 30 39 ej
1363 1844 58 31 må
1436 1843 175 39 försäljas;

123 1910 44 31 då
188 1909 99 40 fråga
308 1910 37 29 är
366 1918 57 21 om
444 1906 206 40 försäljning
672 1915 42 21 av
735 1904 174 39 fastighet,
930 1903 73 30 vari
1025 1900 165 40 omyndig
1210 1900 65 29 har
1296 1899 63 35 del,
1380 1898 87 29 skall
1490 1895 123 31 sådant

124 1963 68 40 pris
215 1963 146 31 utsättas
383 1962 85 29 även
489 1963 84 28 utan
597 1959 147 31 särskild
765 1958 153 38 begäran
947 1955 30 39 (9
1001 1953 48 41 $).

169 2017 66 30 För
259 2016 67 30 den
351 2014 181 39 offentliga
558 2012 188 31 auktionen
772 2011 89 39 gälla
886 2010 43 30 bl.
958 2018 29 21 a.
1014 2007 155 39 följande
1192 2004 259 32 bestämmelser
1481 2002 53 40 (12
1562 2000 51 41 8):

126 2070 65 31 Om
210 2069 158 39 samtliga
390 2068 158 38 delägare
568 2067 59 29 äro
648 2065 166 30 tillstädes
834 2063 56 30 vid
913 2062 189 31 auktionen
1121 2060 66 31 och
1207 2060 42 30 de
1268 2058 107 31 varda
1397 2058 142 30 överens
1558 2065 57 21 om

125 2123 195 40 antagande
344 2122 80 30 eller
448 2119 225 32 förkastande
697 2128 42 20 av
764 2117 83 30 visst
871 2116 128 35 anbud,
1026 2115 87 30 skall
1139 2114 99 30 deras
1262 2112 112 30 beslut
1396 2111 93 30 bliva
1514 2110 101 38 avgö-

126 2177 120 35 rande;
274 2175 44 31 då
344 2174 165 39 omyndig
535 2173 63 29 har
626 2173 54 29 del
707 2172 9 29 i
744 2170 173 39 fastighet,
946 2168 53 31 får
1029 2168 88 30 dock
1144 2166 207 38 försäljning
1379 2164 30 39 ej
1438 2164 69 36 ske,
1537 2162 79 30 med

127 2230 134 30 mindre
279 2229 66 29 den
366 2226 202 40 omyndiges
589 2225 101 30 andel
709 2224 66 30 blir
796 2223 116 31 betald
933 2222 85 30 efter
1039 2221 55 30 det
1115 2230 41 20 av
1177 2220 111 29 rätten
1309 2217 179 31 bestämda
1507 2217 110 38 lägsta

128 2282 111 39 priset.
270 2281 126 30 Kunna
422 2280 186 38 delägarna
635 2278 30 38 ej
692 2287 92 26 enas,
814 2276 87 29 skall
927 2275 122 38 högsta
1076 2272 152 31 anbudet
1254 2280 100 21 anses
1382 2272 148 35 antaget,
1556 2269 61 29 där

128 2336 55 30 det
201 2335 31 38 ej
252 2333 214 38 understiger
484 2332 56 29 det
558 2331 108 38 lägsta
685 2330 70 39 pris
774 2339 74 20 som
867 2329 111 29 rätten
997 2327 69 29 kan
1087 2326 45 29 ha
1150 2327 115 28 utsatt.
1287 2319 43 34 Är
1350 2323 61 30 lott
1427 2322 10 30 i
1456 2320 161 31 samfälld

130 2388 161 38 fastighet
320 2385 137 31 särskilt
484 2384 185 30 intecknad
697 2383 65 29 och
790 2379 134 41 uppgår
953 2380 64 30 den
1046 2378 44 40 på
1118 2379 106 29 lotten
1251 2376 192 39 belöpande
1472 2374 147 30 andelen

129 2442 9 29 i
159 2442 65 29 den
243 2439 132 39 bjudna
398 2437 272 40 köpeskillingen
693 2435 74 30 icke
788 2434 50 30 till
861 2433 158 39 beloppet
1040 2441 42 20 av
1104 2431 66 29 den
1191 2430 89 38 gäld,
1303 2429 54 29 för
1378 2428 115 30 vilken
1512 2427 105 30 lotten

131 2494 41 39 på
194 2493 110 40 grund
326 2502 41 20 av
389 2490 199 38 inteckning
609 2489 124 31 häftar.
757 2487 55 31 må
833 2486 151 31 anbudet
1007 2485 30 38 cj
1059 2486 153 36 antagas,
1234 2482 80 31 med
1334 2481 134 30 mindre
1491 2481 126 36 ägarna

170 2554 119 34 Bihang
309 2554 44 26 till
374 2552 179 33 riksdagens
574 2549 154 36 protokoll
753 2549 82 25 1938.
866 2549 15 24 9
903 2547 86 26 saml.
1025 2548 9 24 tb
1056 2545 66 27 avd.
1155 2545 41 26 Nr
1218 2545 124 25 25-26.
1607 2542 6 26 1
