1910 2835
460 165 451 32 Konstitutionsutskottets
932 167 183 30 memorial
1134 177 42 21 nr
1195 169 20 29 3
1235 168 38 30 år
1296 169 83 30 1969
1642 169 18 29 5

333 246 226 35 (Nuvarande
585 247 147 41 lydelse)

174 309 116 40 pågår,
328 309 205 41 riksdagens
569 311 70 29 rätt
673 311 217 31 härutinnan

175 364 122 29 utövas
316 373 125 31 genom
462 364 41 31 de
523 374 42 20 av
584 364 186 41 riksdagen
792 366 97 30 valde

173 416 222 41 fullmäktige
429 418 11 29 i
468 418 215 31 riksbanken
714 420 63 29 och
809 419 81 40 full-

174 471 153 40 mäktige
359 472 11 29 i
398 471 347 41 riksgäldskontoret.

1080 249 83 35 (Det
1186 250 135 30 vilande
1342 250 185 41 förslaget)

735 553 363 38 Riksdagsordningen

874 617 15 37 8
916 617 51 30 68.

219 678 217 40 Riksdagens
455 679 233 31 ombudsmän
705 680 112 39 väljas
836 680 54 29 för

174 732 96 30 tiden
294 733 79 29 från
396 733 89 30 valet
509 734 52 29 till
586 734 78 30 dess
688 734 124 30 sådant
835 735 54 29 val

175 786 111 31 under
303 787 116 40 fjärde
436 788 72 29 året
526 787 153 31 därefter
697 788 192 40 försiggått.

220 894 62 30 Val
299 903 42 21 av
360 895 234 29 ombudsmän
615 896 202 29 verkställes
837 904 53 32 ge-

174 957 82 21 nom
279 948 181 40 fyrtioåtta
484 949 53 30 för
560 949 153 30 tillfället
736 950 154 29 nämnda

172 1002 151 34 valmän,
345 1012 42 20 av
406 1003 95 29 vilka
519 1003 146 30 vardera
685 1004 205 29 kammaren

174 1055 95 30 inom
291 1056 51 40 sig
362 1059 95 27 utser
477 1057 194 39 tjugufyra.
692 1058 109 29 Dessa
821 1058 69 30 val-

174 1110 82 29 män
280 1110 99 30 skola
403 1111 262 30 sammanträda
688 1112 52 29 till
764 1112 126 29 valför-

173 1164 201 39 rättningen
399 1167 115 27 senast
538 1165 19 29 å
580 1165 177 30 femtonde
780 1165 111 40 dagen

174 1217 88 30 efter
286 1218 76 34 den,
388 1218 44 30 då
457 1218 40 30 de
521 1218 98 30 blivit
643 1219 157 30 utsedda.
824 1220 66 30 Vid

174 1272 90 29 valet
296 1272 87 39 gälle
415 1272 183 30 enahanda
628 1273 262 30 bestämmelser

176 1334 74 21 som
279 1326 54 29 för
360 1327 54 28 val
443 1336 41 20 av
511 1327 207 30 kamrarnas
746 1328 143 29 talmän.

221 1379 216 30 Valmännen
467 1381 82 29 böra
578 1380 57 30 vid
661 1390 134 21 samma
825 1381 65 29 till-

175 1433 91 40 fälle,
295 1433 43 31 då
364 1434 233 29 ombudsman
626 1436 103 35 utses,
756 1435 63 29 och
846 1436 44 38 på

174 1487 184 30 enahanda
383 1488 69 29 sätt
478 1488 92 40 välja
596 1498 41 20 en
662 1489 228 40 ställföreträ-

174 1541 82 30 dare
276 1542 56 39 för
351 1542 140 29 honom.
513 1542 303 40 Ställföreträdare
839 1545 51 27 ut-

174 1603 55 21 ses
248 1595 56 39 för
324 1595 93 30 tiden
439 1595 51 30 till
509 1596 78 29 dess
606 1597 77 38 nytt
704 1597 54 29 val
776 1606 41 20 av
838 1606 53 20 ve-

175 1648 215 31 derbörande
424 1650 231 30 ombudsman
689 1651 80 39 äger
800 1660 89 20 rum.

219 1703 13 29 I
249 1703 167 30 händelse
432 1704 233 30 ombudsman
681 1706 144 38 avsäger
841 1705 50 39 sig

176 1756 56 29 det
266 1757 158 29 erhållna
456 1757 215 30 förtroendet
705 1759 81 28 eller
820 1767 70 20 om-

175 1810 193 30 budsmans
385 1811 135 29 ämbete
536 1811 100 38 eljest
651 1812 109 29 bliver
774 1812 115 39 ledigt,

175 1863 158 40 övertage
376 1863 324 41 ställföreträdaren
743 1864 148 30 omedel-

177 1917 76 29 bart
285 1918 166 36 ämbetet;
485 1919 63 28 och
581 1919 92 29 skall
704 1918 186 40 riksdagen

176 1971 152 30 därefter
360 1972 38 29 så
429 1974 95 27 snart
555 1973 61 29 ske
645 1973 80 34 kan,
757 1973 55 29 för
840 1973 51 29 tid

176 2025 65 29 och
270 2026 45 39 på
345 2027 67 29 sätt
443 2035 88 21 ovan
563 2026 148 40 stadgas,
744 2027 147 30 förrätta

176 2081 77 37 nytt
269 2080 55 29 val
342 2089 41 20 av
400 2080 243 30 ombudsman.
663 2080 116 31 Skulle
798 2081 93 29 ställ-

176 2132 215 31 företrädare
419 2135 126 38 avsäga
573 2134 50 40 sig
651 2135 56 29 det
734 2134 157 30 erhållna

176 2186 215 31 förtroendet
422 2188 82 29 eller
532 2188 64 29 har
624 2188 71 30 han
724 2188 168 40 övertagit

176 2241 405 30 ombudsmansämbetet
607 2243 81 29 eller
713 2243 108 29 bliver
847 2243 45 29 el-

175 2295 69 39 jest
269 2295 90 30 hans
382 2296 196 39 befattning
603 2296 100 40 ledig,
730 2297 60 39 äge
815 2298 77 38 nytt

176 2349 55 29 val
259 2358 43 20 av
329 2349 297 31 ställföreträdare
652 2359 80 21 rum
761 2350 53 30 för
841 2351 51 29 tid

176 2402 65 29 och
261 2402 45 40 på
325 2403 67 29 sätt
413 2412 89 20 ovan
522 2404 39 28 är
580 2403 216 35 föreskrivet,
819 2413 74 20 var-

177 2455 58 30 vid
258 2455 169 41 iakttages
452 2458 59 35 att,
536 2465 55 21 om
615 2457 126 30 sådant
765 2457 55 30 val
842 2466 51 21 er-

176 2510 139 40 fordras
340 2510 110 30 under
474 2510 58 37 tid,
556 2510 44 31 då
622 2511 133 30 session
778 2512 35 38 ej
834 2512 59 39 på-

991 681 216 40 Riksdagens
1226 682 233 31 ombudsmän
1478 683 62 29 och
1561 683 100 30 deras

946 735 298 40 ställföreträdare
1260 737 112 39 väljas
1390 745 60 21 var
1466 738 64 28 och
1547 747 42 20 en
1607 738 54 30 för

945 790 96 29 tiden
1065 790 81 30 från
1168 791 90 29 valet
1279 790 53 30 till
1356 791 78 30 dess
1458 791 125 30 sådant
1606 791 55 30 val

947 843 110 30 under
1075 844 115 39 fjärde
1207 844 73 30 året
1297 844 152 30 därefter
1467 845 193 40 försiggått.

992 896 106 30 Valen
1116 896 205 31 verkställas
1338 905 124 32 genom
1479 898 182 39 fyrtioåtta

947 951 53 29 för
1021 951 152 30 tillfället
1194 952 154 30 nämnda
1367 953 150 35 valmän,
1539 963 42 20 av
1600 953 61 30 vil-

946 1005 46 29 ka
1014 1005 145 30 vardera
1184 1006 204 29 kammaren
1412 1006 96 30 inom
1534 1007 51 39 sig
1608 1008 53 28 ut-

948 1068 52 20 ser
1028 1059 195 40 tjugufyra.
1254 1060 108 30 Dessa
1391 1061 140 29 valmän
1563 1061 98 29 skola

947 1113 261 30 sammanträda
1251 1114 52 29 till
1346 1114 314 40 valförrättningen

947 1168 116 28 senast
1088 1167 20 30 å
1133 1167 177 30 femtonde
1336 1168 110 40 dagen
1471 1168 86 30 efter
1583 1169 76 34 den,

946 1221 44 30 då
1012 1221 40 29 de
1074 1221 97 30 blivit
1194 1221 156 30 utsedda.
1373 1222 66 30 Vid
1461 1223 89 29 valet
1573 1223 88 39 gälle

946 1275 183 30 enahanda
1150 1276 261 30 bestämmelser
1434 1285 74 21 som
1530 1276 54 30 för
1605 1277 55 29 val

946 1338 42 20 av
1014 1329 206 30 kamrarnas
1248 1330 142 29 talmän.

991 1705 13 29 I
1020 1705 166 30 händelse
1202 1706 232 30 ombudsman
1451 1707 142 38 avsäger
1610 1706 51 40 sig

947 1759 56 29 det
1037 1759 157 30 erhållna
1227 1760 214 29 förtroendet
1475 1761 81 28 eller
1590 1769 71 20 om-

946 1812 193 30 budsmans
1174 1814 134 29 ämbete
1342 1814 100 38 eljest
1474 1814 108 29 bliver
1616 1814 45 29 le-

947 1866 81 39 digt,
1060 1867 177 39 övertages
1267 1867 151 29 ämbetet
1448 1867 213 30 omedelbart

946 1929 42 20 av
1015 1920 66 29 den
1108 1920 297 40 ställföreträdare
1432 1929 75 21 som
1537 1923 124 27 utsetts

946 1973 90 40 först
1063 1974 90 37 eller,
1182 1983 55 20 om
1267 1975 55 30 två
1350 1975 81 29 eller
1457 1975 88 39 flera
1573 1976 87 29 valts

947 2027 188 40 samtidigt,
1171 2038 41 20 av
1247 2028 65 29 den
1348 2028 51 30 till
1433 2029 228 30 levnadsåren

947 2082 121 30 äldste.
1097 2082 198 39 Riksdagen
1323 2083 91 29 skall
1443 2083 152 29 därefter
1625 2083 37 30 så

949 2138 96 27 snart
1073 2136 61 29 ske
1161 2136 79 34 kan,
1270 2136 54 30 för
1351 2136 50 30 tid
1429 2136 65 30 och
1520 2137 45 39 på
1593 2137 68 29 sätt

948 2198 88 21 ovan
1068 2189 148 41 stadgas,
1249 2190 147 30 förrätta
1428 2192 76 38 nytt
1534 2191 55 29 val
1621 2200 41 20 av

947 2242 243 31 ombudsman.
1220 2244 117 30 Skulle
1365 2244 296 30 ställföreträdare

948 2298 127 39 avsäga
1102 2298 51 39 sig
1179 2297 56 30 det
1263 2298 158 29 erhållna
1448 2298 214 30 förtroendet

948 2351 82 30 eller
1048 2350 108 31 bliver
1175 2351 100 39 eljest
1294 2352 89 30 hans
1402 2352 197 40 befattning
1617 2353 45 29 le-

948 2404 66 40 dig,
1039 2405 61 39 äge
1122 2406 77 38 nytt
1222 2405 54 30 val
1301 2414 42 21 av
1366 2405 296 30 ställföreträdare

950 2468 78 19 rum
1062 2459 53 29 för
1147 2459 51 29 tid
1230 2459 65 29 och
1326 2459 44 40 på
1404 2460 66 28 sätt
1504 2469 88 20 ovan
1625 2461 38 28 är

950 2512 216 30 föreskrivet.
