1938 2818
321 186 120 31 Första
464 185 205 31 kammarens
684 184 136 39 första
843 183 172 41 tillfälliga
1035 183 135 31 utskotts
1194 182 166 32 utlåtande
1382 181 52 31 Nr
1455 184 28 28 2.
1645 184 13 27 1

868 484 58 40 Nr
953 484 39 40 2.

489 587 129 31 Ankom
641 586 50 30 till
714 585 188 39 riksdagens
925 586 105 30 kansli
1053 586 62 30 den
1139 587 39 29 26
1201 586 140 30 februari
1366 586 79 29 1926
1468 585 42 30 kl.
1534 586 19 29 4
1577 596 24 19 e.
1626 595 42 20 m.

330 682 131 35 Första
497 682 219 34 kammarens
744 679 148 44 första
928 679 180 46 tillfälliga
1149 681 147 35 wutskotts
1322 680 177 35 utlåtande
1526 691 43 23 nr
1594 682 35 41 2,
1659 681 11 33 i

483 732 188 44 anledning
707 743 43 23 av
787 732 100 34 väckt
922 732 128 34 motion
1086 732 177 44 angående
1297 730 187 44 införande
1520 742 42 23 av
1589 742 24 23 s.
1638 731 30 34 k.

482 783 213 34 sommartid.

263 883 17 30 I
296 892 40 22 en
351 883 89 30 inom
455 882 108 31 första
576 882 190 30 kammaren
781 881 107 38 väckt,
905 882 52 30 till
972 881 72 31 dess
1060 881 106 31 första
1181 881 171 37 tillfälliga
1367 880 123 30 utskott
1505 879 161 31 hänvisad

178 936 126 31 motion
323 946 43 20 nr
387 936 61 29 221
478 935 228 38 (likalydande
726 935 75 30 med
822 935 125 30 motion
969 945 42 20 nr
1032 935 61 29 348
1114 935 11 29 i
1149 934 107 31 andra
1275 934 204 37 kammaren)
1506 934 62 29 har
1588 933 78 30 herr

179 988 200 38 Enhörning
398 989 176 36 hemställt,
601 989 75 30 ”att
696 988 177 38 riksdagen
894 989 10 29 i
924 988 155 30 skrivelse
1098 988 53 30 till
1172 987 123 37 Kungl.
1316 987 104 37 Maj:t
1440 986 155 37 anhåller,
1616 989 51 27 att

180 1042 124 38 Kungl.
323 1042 105 38 Maj:t
447 1042 104 30 måtte
568 1041 138 38 vidtaga
725 1041 156 38 åtgärder
900 1042 11 29 i
931 1040 87 38 syfte
1036 1044 50 27 att
1106 1040 191 31 sommartid
1317 1041 109 35 måtte,
1446 1041 37 30 så
1501 1043 93 26 snart
1612 1038 54 31 ske

178 1096 77 42 kan,
270 1096 131 30 komma
417 1095 54 31 till
488 1095 214 38 tillämpning
719 1095 87 30 inom
825 1095 95 37 riket,
938 1094 84 31 helst
1040 1095 11 29 i
1069 1094 156 38 förening
1243 1094 73 30 med
1333 1094 40 30 de
1390 1094 105 30 andra
1511 1092 155 31 nordiska

179 1149 202 32 länderna””.

263 1202 225 32 Beträffande
508 1202 241 37 motiveringen
770 1201 56 31 får
848 1202 161 30 utskottet
1029 1201 137 31 hänvisa
1189 1201 53 31 till
1265 1201 173 30 motionen.

264 1300 243 38 Föreliggande
523 1300 97 37 fråga
635 1299 62 31 har
712 1299 145 38 tidigare
870 1299 89 31 varit
976 1299 138 30 föremål
1131 1299 54 30 för
1202 1298 191 38 riksdagens
1409 1297 257 38 handläggning,

179 1354 169 38 nämligen
365 1354 91 37 1917,
471 1353 46 31 då
531 1353 12 30 i
559 1363 40 21 en
615 1353 89 30 inom
719 1353 108 31 andra
840 1353 191 30 kammaren
1044 1352 97 31 väckt
1156 1352 134 37 motion,
1306 1362 42 20 nr
1363 1352 69 37 312,
1449 1350 217 32 hemställdes,

186 1407 76 32 ”att
284 1407 178 38 riksdagen
486 1406 11 31 i
519 1406 156 31 skrivelse
697 1406 52 31 till
774 1406 124 38 Kungl.
922 1405 104 39 Maj:t
1049 1406 102 30 måtte
1176 1405 141 42 anhålla,
1343 1409 49 27 att
1415 1405 123 38 Kungl.
1563 1405 104 37 Maj:t

179 1460 104 32 måtte
297 1460 167 31 bibehålla
477 1460 11 30 i
504 1459 214 39 tillämpning
733 1460 107 30 under
855 1459 74 31 hela
946 1459 223 31 innevarande
1187 1460 38 30 år
1240 1459 112 37 kungl.
1370 1459 216 36 kungörelsen
1602 1458 66 30 den

182 1514 41 31 16
244 1514 76 38 juni
343 1513 81 31 1899
447 1513 170 38 angående
638 1512 187 38 antagande
848 1523 41 20 av
911 1522 56 28 ny,
990 1513 54 30 för
1066 1512 66 31 alla
1154 1515 90 27 orter
1267 1512 87 29 inom
1378 1511 83 30 riket
1485 1520 182 28 gemensam

181 1567 235 38 tidräkning?”

234 1612 201 40 "Motionen
449 1631 63 20 var
526 1619 178 32 föranledd
719 1630 41 21 av
777 1620 49 37 de,
843 1616 104 41 enligt
964 1618 260 32 motionärernas
1237 1618 231 38 uppfattning,
1487 1618 54 31 för
1557 1628 41 21 en
1614 1628 54 21 av-

181 1674 118 32 sevärd
321 1674 54 31 del
396 1685 42 20 av
458 1674 246 38 befolkningen,
729 1673 257 38 enkannerligen
1008 1672 213 38 jordbrukets
1242 1673 146 36 utövare,
1413 1671 142 39 menliga
1576 1671 92 30 verk-

180 1728 167 38 ningarna
369 1738 43 21 av
434 1728 66 31 den
522 1736 116 30 genom
659 1727 114 38 kungl.
796 1727 218 38 kungörelsen
1036 1727 65 30 den
1125 1727 39 29 12
1187 1727 68 37 maj
1282 1727 79 29 1916
1384 1725 202 31 förordnade
1607 1724 60 31 och

181 1790 25 22 8.
230 1782 28 31 å.
283 1781 79 31 från
382 1781 67 31 den
473 1781 39 30 15
534 1781 67 38 maj
625 1780 54 31 till
701 1780 64 31 den
788 1781 40 30 30
850 1780 184 38 september
1055 1779 195 38 tillämpade
1274 1790 23 20 s.
1322 1779 29 30 k.
1375 1778 200 31 sommartid.
1600 1778 67 30 Mo-

181 1834 114 31 tionen
312 1834 199 31 hänvisades
526 1833 54 31 till
595 1833 208 31 kammarens
820 1832 111 38 tredje
947 1832 173 38 tillfälliga
1138 1832 135 36 utskott,
1291 1842 70 20 som
1380 1832 11 29 i
1408 1832 59 30 sitt
1484 1830 182 36 utlåtande,

181 1897 42 21 nr
247 1888 29 37 2,
301 1887 76 31 med
400 1887 242 31 instämmande
666 1896 42 21 av
730 1887 42 30 de
795 1887 11 29 i
829 1887 167 29 motionen
1021 1885 142 32 anförda
1187 1885 208 38 synpunkter
1418 1884 158 38 enhälligt
1603 1883 64 31 till-

181 1940 130 38 styrkte
329 1940 198 31 densamma.
557 1940 201 29 Kammaren
776 1938 98 32 biföll
894 1942 82 27 utan
995 1938 114 31 debatt
1129 1938 177 31 utskottets
1324 1937 202 31 hemställan.

266 1993 110 31 Sedan
397 1993 138 31 ärendet
555 1993 219 30 överlämnats
793 1992 53 30 till
867 1992 106 30 första
992 1992 189 29 kammaren
1201 1991 59 30 och
1280 1991 73 30 dess
1373 1991 104 30 första
1497 1990 172 37 tillfälliga

181 2047 129 31 utskott
333 2047 142 31 däröver
499 2046 126 39 avgivit
649 2045 182 38 utlåtande,
857 2055 44 20 nr
924 2046 48 36 13,
998 2045 72 30 vari
1095 2045 210 30 hemställdes
1330 2054 50 21 om
1404 2044 197 31 biträdande
1627 2054 41 20 av

181 2100 108 31 andra
310 2100 208 31 kammarens
539 2100 10 30 i
572 2099 138 31 ärendet
730 2099 132 31 fattade
882 2099 117 37 beslut,
1021 2098 97 31 biföll
1141 2099 82 30 även
1247 2098 105 30 första
1374 2098 188 29 kammaren
1586 2100 83 27 utan

181 2153 117 31 debatt
318 2153 61 31 sitt
402 2153 146 31 utskotts
568 2152 205 31 hemställan.
809 2153 16 29 I
850 2152 52 30 sin
925 2161 43 21 av
990 2152 194 30 kamrarnas
1204 2150 245 38 samstämmiga
1472 2150 107 31 beslut
1602 2150 67 30 för-

182 2207 142 31 anledda
342 2206 156 32 skrivelse
514 2207 54 31 till
585 2206 188 38 Konungen
790 2206 11 30 i
819 2206 137 31 ärendet
974 2205 99 31 anför
1089 2205 177 37 riksdagen
1283 2205 11 30 i
1311 2204 172 31 huvudsak
1502 2203 167 38 följande:

266 2260 246 31 Erfarenheten
525 2270 42 21 av
582 2259 253 31 sommartidens
850 2258 214 38 tillämpning
1078 2262 86 27 samt
1181 2259 10 29 i
1208 2258 67 30 viss
1291 2259 76 29 mån
1383 2257 146 31 ändrade
1547 2256 122 31 förhål-

183 2313 121 32 landen
328 2317 115 35 syntes
465 2314 81 31 böra
569 2313 75 31 leda
669 2312 137 38 därhän,
830 2316 52 28 att
906 2312 69 31 icke
999 2312 115 38 längre
1137 2321 41 21 en
1204 2311 187 38 avgöramde
1411 2310 166 38 betydelse
1603 2310 66 31 till-

182 2367 120 32 mättes
326 2367 41 31 de
390 2367 81 38 skäl,
496 2376 70 22 som
589 2366 200 39 föregående
815 2367 39 30 år
879 2366 159 31 föranlett
1061 2365 252 31 sommartidens
1338 2364 183 32 införande.
1561 2365 16 28 TI
1603 2364 65 30 till-

182 2420 143 39 räckligt
348 2420 63 39 god
435 2420 51 31 tid
508 2420 102 31 borde
630 2420 187 31 kännedom
839 2420 114 30 kunna
975 2418 165 31 inhämtas
1164 2428 50 21 om
1238 2418 283 38 grannländernas
1545 2417 124 30 tidräk-

259 2481 136 41 Bihang
419 2481 52 32 till
492 2481 191 40 riksdagens
700 2480 158 41 protokoll
879 2482 91 29 1926.
1015 2482 44 29 12
1078 2479 89 32 saml.
1212 2482 18 28 1
1255 2479 70 31 avd.
1368 2480 24 30 2
1413 2478 79 40 häft.
1539 2478 67 39 (Nr
1628 2478 46 39 2)

1706 1305 158 33 Riksdagen

1744 1341 77 25 1917.
