<?xml version="1.0" encoding="UTF-8"?>
<alto xmlns="http://www.loc.gov/standards/alto/ns-v3#" xmlns:xlink="http://www.w3.org/1999/xlink" xmlns:xsi="http://www.w3.org/2001/XMLSchema-instance" xsi:schemaLocation="http://www.loc.gov/standards/alto/ns-v3# http://www.loc.gov/alto/v3/alto-3-0.xsd">
	<Description>
		<MeasurementUnit>pixel</MeasurementUnit>
		<sourceImageInformation>
			<fileName>/tmp/tess_ckygwscx_input.PNG</fileName>
		</sourceImageInformation>
		<OCRProcessing ID="OCR_0">
			<ocrProcessingStep>
				<processingSoftware>
					<softwareName>tesseract 5.3.0</softwareName>
				</processingSoftware>
			</ocrProcessingStep>
		</OCRProcessing>
	</Description>
	<Layout>
		<Page WIDTH="1872" HEIGHT="2782" PHYSICAL_IMG_NR="0" ID="page_0">
			<PrintSpace HPOS="0" VPOS="0" WIDTH="1872" HEIGHT="2782">
				<ComposedBlock ID="cblock_0" HPOS="481" VPOS="153" WIDTH="1126" HEIGHT="31">
					<TextBlock ID="block_0" HPOS="481" VPOS="153" WIDTH="1126" HEIGHT="31">
						<TextLine ID="line_0" HPOS="481" VPOS="153" WIDTH="1126" HEIGHT="31">
							<String ID="string_0" HPOS="481" VPOS="153" WIDTH="286" HEIGHT="29" WC="0.91" CONTENT="Statsutskottets"/><SP WIDTH="21" VPOS="153" HPOS="767"/>
							<String ID="string_1" HPOS="788" VPOS="153" WIDTH="180" HEIGHT="30" WC="0.96" CONTENT="utlåtande"/><SP WIDTH="18" VPOS="153" HPOS="968"/>
							<String ID="string_2" HPOS="986" VPOS="163" WIDTH="42" HEIGHT="20" WC="0.96" CONTENT="nr"/><SP WIDTH="18" VPOS="163" HPOS="1028"/>
							<String ID="string_3" HPOS="1046" VPOS="154" WIDTH="19" HEIGHT="29" WC="0.96" CONTENT="3"/><SP WIDTH="18" VPOS="154" HPOS="1065"/>
							<String ID="string_4" HPOS="1083" VPOS="153" WIDTH="39" HEIGHT="30" WC="0.95" CONTENT="år"/><SP WIDTH="21" VPOS="153" HPOS="1122"/>
							<String ID="string_5" HPOS="1143" VPOS="153" WIDTH="83" HEIGHT="30" WC="0.96" CONTENT="1957"/><SP WIDTH="344" VPOS="153" HPOS="1226"/>
							<String ID="string_6" HPOS="1570" VPOS="154" WIDTH="37" HEIGHT="30" WC="0.96" CONTENT="17"/>
						</TextLine>
					</TextBlock>
				</ComposedBlock>
				<ComposedBlock ID="cblock_1" HPOS="97" VPOS="236" WIDTH="1510" HEIGHT="1044">
					<TextBlock ID="block_1" HPOS="99" VPOS="236" WIDTH="1508" HEIGHT="381">
						<TextLine ID="line_1" HPOS="144" VPOS="236" WIDTH="1463" HEIGHT="41">
							<String ID="string_7" HPOS="144" VPOS="236" WIDTH="400" HEIGHT="30" WC="0.91" CONTENT="Svensk-amerikanska"/><SP WIDTH="29" VPOS="236" HPOS="544"/>
							<String ID="string_8" HPOS="573" VPOS="237" WIDTH="249" HEIGHT="40" WC="0.82" CONTENT="nyhetsbyrån,"/><SP WIDTH="28" VPOS="237" HPOS="822"/>
							<String ID="string_9" HPOS="850" VPOS="246" WIDTH="76" HEIGHT="20" WC="0.96" CONTENT="som"/><SP WIDTH="27" VPOS="246" HPOS="926"/>
							<String ID="string_10" HPOS="953" VPOS="238" WIDTH="55" HEIGHT="29" WC="0.96" CONTENT="för"/><SP WIDTH="25" VPOS="238" HPOS="1008"/>
							<String ID="string_11" HPOS="1033" VPOS="238" WIDTH="237" HEIGHT="29" WC="0.95" CONTENT="innevarande"/><SP WIDTH="28" VPOS="238" HPOS="1270"/>
							<String ID="string_12" HPOS="1298" VPOS="237" WIDTH="170" HEIGHT="40" WC="0.93" CONTENT="budgetår"/><SP WIDTH="27" VPOS="237" HPOS="1468"/>
							<String ID="string_13" HPOS="1495" VPOS="238" WIDTH="112" HEIGHT="29" WC="0.92" CONTENT="erhål-"/>
						</TextLine>
						<TextLine ID="line_2" HPOS="101" VPOS="286" WIDTH="1505" HEIGHT="40">
							<String ID="string_14" HPOS="101" VPOS="286" WIDTH="39" HEIGHT="30" WC="0.96" CONTENT="lit"/><SP WIDTH="23" VPOS="286" HPOS="140"/>
							<String ID="string_15" HPOS="163" VPOS="288" WIDTH="48" HEIGHT="27" WC="0.96" CONTENT="ett"/><SP WIDTH="23" VPOS="288" HPOS="211"/>
							<String ID="string_16" HPOS="234" VPOS="286" WIDTH="212" HEIGHT="40" WC="0.96" CONTENT="statsbidrag"/><SP WIDTH="22" VPOS="286" HPOS="446"/>
							<String ID="string_17" HPOS="468" VPOS="296" WIDTH="42" HEIGHT="20" WC="0.95" CONTENT="av"/><SP WIDTH="20" VPOS="296" HPOS="510"/>
							<String ID="string_18" HPOS="530" VPOS="287" WIDTH="64" HEIGHT="29" WC="0.96" CONTENT="444"/><SP WIDTH="16" VPOS="287" HPOS="594"/>
							<String ID="string_19" HPOS="610" VPOS="286" WIDTH="61" HEIGHT="30" WC="0.96" CONTENT="000"/><SP WIDTH="23" VPOS="286" HPOS="671"/>
							<String ID="string_20" HPOS="694" VPOS="288" WIDTH="139" HEIGHT="33" WC="0.95" CONTENT="kronor,"/><SP WIDTH="23" VPOS="288" HPOS="833"/>
							<String ID="string_21" HPOS="856" VPOS="287" WIDTH="203" HEIGHT="30" WC="0.95" CONTENT="hemställer"/><SP WIDTH="24" VPOS="287" HPOS="1059"/>
							<String ID="string_22" HPOS="1083" VPOS="297" WIDTH="56" HEIGHT="20" WC="0.96" CONTENT="om"/><SP WIDTH="23" VPOS="297" HPOS="1139"/>
							<String ID="string_23" HPOS="1162" VPOS="290" WIDTH="47" HEIGHT="27" WC="0.96" CONTENT="ett"/><SP WIDTH="23" VPOS="290" HPOS="1209"/>
							<String ID="string_24" HPOS="1232" VPOS="289" WIDTH="79" HEIGHT="28" WC="0.96" CONTENT="med"/><SP WIDTH="23" VPOS="289" HPOS="1311"/>
							<String ID="string_25" HPOS="1334" VPOS="288" WIDTH="39" HEIGHT="29" WC="0.95" CONTENT="97"/><SP WIDTH="17" VPOS="288" HPOS="1373"/>
							<String ID="string_26" HPOS="1390" VPOS="288" WIDTH="62" HEIGHT="30" WC="0.95" CONTENT="600"/><SP WIDTH="23" VPOS="288" HPOS="1452"/>
							<String ID="string_27" HPOS="1475" VPOS="288" WIDTH="131" HEIGHT="29" WC="0.96" CONTENT="kronor"/>
						</TextLine>
						<TextLine ID="line_3" HPOS="101" VPOS="336" WIDTH="1505" HEIGHT="41">
							<String ID="string_28" HPOS="101" VPOS="336" WIDTH="83" HEIGHT="30" WC="0.96" CONTENT="ökat"/><SP WIDTH="19" VPOS="336" HPOS="184"/>
							<String ID="string_29" HPOS="203" VPOS="336" WIDTH="132" HEIGHT="40" WC="0.93" CONTENT="bidrag."/><SP WIDTH="21" VPOS="336" HPOS="335"/>
							<String ID="string_30" HPOS="356" VPOS="337" WIDTH="396" HEIGHT="39" WC="0.92" CONTENT="Departementschefen"/><SP WIDTH="22" VPOS="337" HPOS="752"/>
							<String ID="string_31" HPOS="774" VPOS="337" WIDTH="117" HEIGHT="29" WC="0.95" CONTENT="finner"/><SP WIDTH="21" VPOS="337" HPOS="891"/>
							<String ID="string_32" HPOS="912" VPOS="338" WIDTH="51" HEIGHT="39" WC="0.95" CONTENT="sig"/><SP WIDTH="23" VPOS="338" HPOS="963"/>
							<String ID="string_33" HPOS="986" VPOS="339" WIDTH="123" HEIGHT="29" WC="0.95" CONTENT="endast"/><SP WIDTH="22" VPOS="339" HPOS="1109"/>
							<String ID="string_34" HPOS="1131" VPOS="338" WIDTH="173" HEIGHT="30" WC="0.96" CONTENT="såtillvida"/><SP WIDTH="21" VPOS="338" HPOS="1304"/>
							<String ID="string_35" HPOS="1325" VPOS="339" WIDTH="119" HEIGHT="29" WC="0.93" CONTENT="kunna"/><SP WIDTH="20" VPOS="339" HPOS="1444"/>
							<String ID="string_36" HPOS="1464" VPOS="339" WIDTH="142" HEIGHT="36" WC="0.92" CONTENT="tillstyr-"/>
						</TextLine>
						<TextLine ID="line_4" HPOS="101" VPOS="386" WIDTH="1505" HEIGHT="42">
							<String ID="string_37" HPOS="101" VPOS="386" WIDTH="44" HEIGHT="29" WC="0.96" CONTENT="ka"/><SP WIDTH="18" VPOS="386" HPOS="145"/>
							<String ID="string_38" HPOS="163" VPOS="388" WIDTH="115" HEIGHT="28" WC="0.96" CONTENT="denna"/><SP WIDTH="17" VPOS="388" HPOS="278"/>
							<String ID="string_39" HPOS="295" VPOS="387" WIDTH="223" HEIGHT="34" WC="0.96" CONTENT="hemställan,"/><SP WIDTH="18" VPOS="387" HPOS="518"/>
							<String ID="string_40" HPOS="536" VPOS="390" WIDTH="51" HEIGHT="27" WC="0.96" CONTENT="att"/><SP WIDTH="18" VPOS="390" HPOS="587"/>
							<String ID="string_41" HPOS="605" VPOS="387" WIDTH="110" HEIGHT="39" WC="0.96" CONTENT="byrån"/><SP WIDTH="20" VPOS="387" HPOS="715"/>
							<String ID="string_42" HPOS="735" VPOS="388" WIDTH="61" HEIGHT="29" WC="0.96" CONTENT="bör"/><SP WIDTH="18" VPOS="388" HPOS="796"/>
							<String ID="string_43" HPOS="814" VPOS="388" WIDTH="145" HEIGHT="30" WC="0.96" CONTENT="beredas"/><SP WIDTH="19" VPOS="388" HPOS="959"/>
							<String ID="string_44" HPOS="978" VPOS="389" WIDTH="70" HEIGHT="29" WC="0.96" CONTENT="viss"/><SP WIDTH="19" VPOS="389" HPOS="1048"/>
							<String ID="string_45" HPOS="1067" VPOS="389" WIDTH="193" HEIGHT="39" WC="0.96" CONTENT="ersättning"/><SP WIDTH="22" VPOS="389" HPOS="1260"/>
							<String ID="string_46" HPOS="1282" VPOS="389" WIDTH="55" HEIGHT="29" WC="0.96" CONTENT="för"/><SP WIDTH="18" VPOS="389" HPOS="1337"/>
							<String ID="string_47" HPOS="1355" VPOS="389" WIDTH="108" HEIGHT="29" WC="0.93" CONTENT="redan"/><SP WIDTH="18" VPOS="389" HPOS="1463"/>
							<String ID="string_48" HPOS="1481" VPOS="389" WIDTH="125" HEIGHT="30" WC="0.92" CONTENT="inträf-"/>
						</TextLine>
						<TextLine ID="line_5" HPOS="100" VPOS="436" WIDTH="1506" HEIGHT="41">
							<String ID="string_49" HPOS="100" VPOS="436" WIDTH="79" HEIGHT="30" WC="0.96" CONTENT="fade"/><SP WIDTH="20" VPOS="436" HPOS="179"/>
							<String ID="string_50" HPOS="199" VPOS="437" WIDTH="65" HEIGHT="29" WC="0.93" CONTENT="och"/><SP WIDTH="20" VPOS="437" HPOS="264"/>
							<String ID="string_51" HPOS="284" VPOS="437" WIDTH="221" HEIGHT="30" WC="0.92" CONTENT="förutsebara"/><SP WIDTH="22" VPOS="437" HPOS="505"/>
							<String ID="string_52" HPOS="527" VPOS="438" WIDTH="269" HEIGHT="39" WC="0.91" CONTENT="lönehöjningar"/><SP WIDTH="21" VPOS="438" HPOS="796"/>
							<String ID="string_53" HPOS="817" VPOS="441" WIDTH="91" HEIGHT="28" WC="0.96" CONTENT="samt"/><SP WIDTH="20" VPOS="441" HPOS="908"/>
							<String ID="string_54" HPOS="928" VPOS="439" WIDTH="112" HEIGHT="29" WC="0.96" CONTENT="ökade"/><SP WIDTH="19" VPOS="439" HPOS="1040"/>
							<String ID="string_55" HPOS="1059" VPOS="439" WIDTH="250" HEIGHT="30" WC="0.96" CONTENT="omkostnader"/><SP WIDTH="21" VPOS="439" HPOS="1309"/>
							<String ID="string_56" HPOS="1330" VPOS="440" WIDTH="78" HEIGHT="29" WC="0.93" CONTENT="med"/><SP WIDTH="23" VPOS="440" HPOS="1408"/>
							<String ID="string_57" HPOS="1431" VPOS="449" WIDTH="175" HEIGHT="20" WC="0.92" CONTENT="samman-"/>
						</TextLine>
						<TextLine ID="line_6" HPOS="102" VPOS="487" WIDTH="1504" HEIGHT="43">
							<String ID="string_58" HPOS="102" VPOS="487" WIDTH="69" HEIGHT="39" WC="0.96" CONTENT="lagt"/><SP WIDTH="27" VPOS="487" HPOS="171"/>
							<String ID="string_59" HPOS="198" VPOS="487" WIDTH="40" HEIGHT="30" WC="0.93" CONTENT="35"/><SP WIDTH="16" VPOS="487" HPOS="238"/>
							<String ID="string_60" HPOS="254" VPOS="487" WIDTH="62" HEIGHT="31" WC="0.93" CONTENT="000"/><SP WIDTH="26" VPOS="487" HPOS="316"/>
							<String ID="string_61" HPOS="342" VPOS="488" WIDTH="141" HEIGHT="29" WC="0.93" CONTENT="kronor."/><SP WIDTH="27" VPOS="488" HPOS="483"/>
							<String ID="string_62" HPOS="510" VPOS="488" WIDTH="395" HEIGHT="40" WC="0.90" CONTENT="Departementschefen"/><SP WIDTH="27" VPOS="488" HPOS="905"/>
							<String ID="string_63" HPOS="932" VPOS="489" WIDTH="148" HEIGHT="30" WC="0.96" CONTENT="föreslår"/><SP WIDTH="26" VPOS="489" HPOS="1080"/>
							<String ID="string_64" HPOS="1106" VPOS="490" WIDTH="129" HEIGHT="34" WC="0.96" CONTENT="därför,"/><SP WIDTH="28" VPOS="490" HPOS="1235"/>
							<String ID="string_65" HPOS="1263" VPOS="492" WIDTH="51" HEIGHT="28" WC="0.96" CONTENT="att"/><SP WIDTH="27" VPOS="492" HPOS="1314"/>
							<String ID="string_66" HPOS="1341" VPOS="490" WIDTH="116" HEIGHT="30" WC="0.96" CONTENT="såsom"/><SP WIDTH="26" VPOS="490" HPOS="1457"/>
							<String ID="string_67" HPOS="1483" VPOS="490" WIDTH="123" HEIGHT="40" WC="0.96" CONTENT="bidrag"/>
						</TextLine>
						<TextLine ID="line_7" HPOS="101" VPOS="537" WIDTH="1505" HEIGHT="44">
							<String ID="string_68" HPOS="101" VPOS="537" WIDTH="52" HEIGHT="29" WC="0.95" CONTENT="till"/><SP WIDTH="29" VPOS="537" HPOS="153"/>
							<String ID="string_69" HPOS="182" VPOS="537" WIDTH="129" HEIGHT="39" WC="0.96" CONTENT="byråns"/><SP WIDTH="29" VPOS="537" HPOS="311"/>
							<String ID="string_70" HPOS="340" VPOS="538" WIDTH="226" HEIGHT="29" WC="0.96" CONTENT="verksamhet"/><SP WIDTH="30" VPOS="538" HPOS="566"/>
							<String ID="string_71" HPOS="596" VPOS="539" WIDTH="111" HEIGHT="29" WC="0.95" CONTENT="under"/><SP WIDTH="32" VPOS="539" HPOS="707"/>
							<String ID="string_72" HPOS="739" VPOS="539" WIDTH="206" HEIGHT="39" WC="0.93" CONTENT="budgetåret"/><SP WIDTH="33" VPOS="539" HPOS="945"/>
							<String ID="string_73" HPOS="978" VPOS="540" WIDTH="149" HEIGHT="34" WC="0.53" CONTENT="1937/58"/><SP WIDTH="31" VPOS="540" HPOS="1127"/>
							<String ID="string_74" HPOS="1158" VPOS="541" WIDTH="139" HEIGHT="29" WC="0.96" CONTENT="anvisas"/><SP WIDTH="31" VPOS="541" HPOS="1297"/>
							<String ID="string_75" HPOS="1328" VPOS="543" WIDTH="49" HEIGHT="27" WC="0.96" CONTENT="ett"/><SP WIDTH="32" VPOS="543" HPOS="1377"/>
							<String ID="string_76" HPOS="1409" VPOS="541" WIDTH="123" HEIGHT="40" WC="0.96" CONTENT="belopp"/><SP WIDTH="31" VPOS="541" HPOS="1532"/>
							<String ID="string_77" HPOS="1563" VPOS="551" WIDTH="43" HEIGHT="20" WC="0.96" CONTENT="av"/>
						</TextLine>
						<TextLine ID="line_8" HPOS="99" VPOS="586" WIDTH="301" HEIGHT="31">
							<String ID="string_78" HPOS="99" VPOS="586" WIDTH="64" HEIGHT="30" WC="0.96" CONTENT="479"/><SP WIDTH="14" VPOS="586" HPOS="163"/>
							<String ID="string_79" HPOS="177" VPOS="587" WIDTH="61" HEIGHT="30" WC="0.96" CONTENT="000"/><SP WIDTH="20" VPOS="587" HPOS="238"/>
							<String ID="string_80" HPOS="258" VPOS="587" WIDTH="142" HEIGHT="30" WC="0.95" CONTENT="kronor."/>
						</TextLine>
					</TextBlock>
					<TextBlock ID="block_2" HPOS="98" VPOS="637" WIDTH="1508" HEIGHT="341">
						<TextLine ID="line_9" HPOS="145" VPOS="637" WIDTH="1460" HEIGHT="45">
							<String ID="string_81" HPOS="145" VPOS="637" WIDTH="155" HEIGHT="39" WC="0.96" CONTENT="Sveriges"/><SP WIDTH="23" VPOS="637" HPOS="300"/>
							<String ID="string_82" HPOS="323" VPOS="638" WIDTH="180" HEIGHT="30" WC="0.93" CONTENT="allmänna"/><SP WIDTH="22" VPOS="638" HPOS="503"/>
							<String ID="string_83" HPOS="525" VPOS="639" WIDTH="286" HEIGHT="41" WC="0.92" CONTENT="exportförening"/><SP WIDTH="22" VPOS="639" HPOS="811"/>
							<String ID="string_84" HPOS="833" VPOS="640" WIDTH="65" HEIGHT="28" WC="0.93" CONTENT="har"/><SP WIDTH="22" VPOS="640" HPOS="898"/>
							<String ID="string_85" HPOS="920" VPOS="640" WIDTH="189" HEIGHT="35" WC="0.91" CONTENT="hemställt,"/><SP WIDTH="24" VPOS="640" HPOS="1109"/>
							<String ID="string_86" HPOS="1133" VPOS="643" WIDTH="50" HEIGHT="27" WC="0.96" CONTENT="att"/><SP WIDTH="23" VPOS="643" HPOS="1183"/>
							<String ID="string_87" HPOS="1206" VPOS="642" WIDTH="57" HEIGHT="29" WC="0.96" CONTENT="det"/><SP WIDTH="23" VPOS="642" HPOS="1263"/>
							<String ID="string_88" HPOS="1286" VPOS="642" WIDTH="140" HEIGHT="39" WC="0.96" CONTENT="statliga"/><SP WIDTH="22" VPOS="642" HPOS="1426"/>
							<String ID="string_89" HPOS="1448" VPOS="642" WIDTH="157" HEIGHT="40" WC="0.96" CONTENT="bidraget"/>
						</TextLine>
						<TextLine ID="line_10" HPOS="101" VPOS="687" WIDTH="1505" HEIGHT="46">
							<String ID="string_90" HPOS="101" VPOS="687" WIDTH="50" HEIGHT="29" WC="0.93" CONTENT="till"/><SP WIDTH="25" VPOS="687" HPOS="151"/>
							<String ID="string_91" HPOS="176" VPOS="688" WIDTH="435" HEIGHT="31" WC="0.91" CONTENT="Svensk-internationella"/><SP WIDTH="23" VPOS="688" HPOS="611"/>
							<String ID="string_92" HPOS="634" VPOS="690" WIDTH="222" HEIGHT="38" WC="0.96" CONTENT="pressbyrån,"/><SP WIDTH="28" VPOS="690" HPOS="856"/>
							<String ID="string_93" HPOS="884" VPOS="699" WIDTH="76" HEIGHT="20" WC="0.96" CONTENT="som"/><SP WIDTH="24" VPOS="699" HPOS="960"/>
							<String ID="string_94" HPOS="984" VPOS="691" WIDTH="54" HEIGHT="29" WC="0.96" CONTENT="för"/><SP WIDTH="24" VPOS="691" HPOS="1038"/>
							<String ID="string_95" HPOS="1062" VPOS="691" WIDTH="237" HEIGHT="30" WC="0.96" CONTENT="innevarande"/><SP WIDTH="24" VPOS="691" HPOS="1299"/>
							<String ID="string_96" HPOS="1323" VPOS="692" WIDTH="169" HEIGHT="39" WC="0.93" CONTENT="budgetår"/><SP WIDTH="27" VPOS="692" HPOS="1492"/>
							<String ID="string_97" HPOS="1519" VPOS="702" WIDTH="87" HEIGHT="31" WC="0.93" CONTENT="upp-"/>
						</TextLine>
						<TextLine ID="line_11" HPOS="99" VPOS="736" WIDTH="1505" HEIGHT="44">
							<String ID="string_98" HPOS="99" VPOS="736" WIDTH="61" HEIGHT="40" WC="0.96" CONTENT="går"/><SP WIDTH="22" VPOS="736" HPOS="160"/>
							<String ID="string_99" HPOS="182" VPOS="737" WIDTH="51" HEIGHT="29" WC="0.96" CONTENT="till"/><SP WIDTH="25" VPOS="737" HPOS="233"/>
							<String ID="string_100" HPOS="258" VPOS="738" WIDTH="60" HEIGHT="29" WC="0.96" CONTENT="132"/><SP WIDTH="16" VPOS="738" HPOS="318"/>
							<String ID="string_101" HPOS="334" VPOS="738" WIDTH="63" HEIGHT="29" WC="0.96" CONTENT="000"/><SP WIDTH="22" VPOS="738" HPOS="397"/>
							<String ID="string_102" HPOS="419" VPOS="738" WIDTH="141" HEIGHT="34" WC="0.93" CONTENT="kronor,"/><SP WIDTH="22" VPOS="738" HPOS="560"/>
							<String ID="string_103" HPOS="582" VPOS="739" WIDTH="100" HEIGHT="39" WC="0.92" CONTENT="höjes"/><SP WIDTH="24" VPOS="739" HPOS="682"/>
							<String ID="string_104" HPOS="706" VPOS="741" WIDTH="78" HEIGHT="28" WC="0.96" CONTENT="med"/><SP WIDTH="24" VPOS="741" HPOS="784"/>
							<String ID="string_105" HPOS="808" VPOS="741" WIDTH="234" HEIGHT="39" WC="0.95" CONTENT="sammanlagt"/><SP WIDTH="22" VPOS="741" HPOS="1042"/>
							<String ID="string_106" HPOS="1064" VPOS="742" WIDTH="40" HEIGHT="29" WC="0.96" CONTENT="26"/><SP WIDTH="16" VPOS="742" HPOS="1104"/>
							<String ID="string_107" HPOS="1120" VPOS="741" WIDTH="61" HEIGHT="30" WC="0.96" CONTENT="009"/><SP WIDTH="23" VPOS="741" HPOS="1181"/>
							<String ID="string_108" HPOS="1204" VPOS="742" WIDTH="130" HEIGHT="29" WC="0.96" CONTENT="kronor"/><SP WIDTH="24" VPOS="742" HPOS="1334"/>
							<String ID="string_109" HPOS="1358" VPOS="743" WIDTH="50" HEIGHT="29" WC="0.96" CONTENT="till"/><SP WIDTH="24" VPOS="743" HPOS="1408"/>
							<String ID="string_110" HPOS="1432" VPOS="743" WIDTH="172" HEIGHT="30" WC="0.96" CONTENT="täckande"/>
						</TextLine>
						<TextLine ID="line_12" HPOS="99" VPOS="787" WIDTH="1506" HEIGHT="45">
							<String ID="string_111" HPOS="99" VPOS="796" WIDTH="42" HEIGHT="21" WC="0.96" CONTENT="av"/><SP WIDTH="24" VPOS="796" HPOS="141"/>
							<String ID="string_112" HPOS="165" VPOS="787" WIDTH="73" HEIGHT="30" WC="0.96" CONTENT="dels"/><SP WIDTH="24" VPOS="787" HPOS="238"/>
							<String ID="string_113" HPOS="262" VPOS="788" WIDTH="112" HEIGHT="30" WC="0.96" CONTENT="ökade"/><SP WIDTH="24" VPOS="788" HPOS="374"/>
							<String ID="string_114" HPOS="398" VPOS="789" WIDTH="271" HEIGHT="30" WC="0.96" CONTENT="lönekostnader"/><SP WIDTH="24" VPOS="789" HPOS="669"/>
							<String ID="string_115" HPOS="693" VPOS="790" WIDTH="54" HEIGHT="30" WC="0.96" CONTENT="för"/><SP WIDTH="23" VPOS="790" HPOS="747"/>
							<String ID="string_116" HPOS="770" VPOS="791" WIDTH="163" HEIGHT="38" WC="0.96" CONTENT="personal"/><SP WIDTH="31" VPOS="791" HPOS="933"/>
							<String ID="string_117" HPOS="964" VPOS="791" WIDTH="55" HEIGHT="37" WC="0.60" CONTENT="(+"/><SP WIDTH="19" VPOS="791" HPOS="1019"/>
							<String ID="string_118" HPOS="1038" VPOS="791" WIDTH="38" HEIGHT="30" WC="0.84" CONTENT="15"/><SP WIDTH="15" VPOS="791" HPOS="1076"/>
							<String ID="string_119" HPOS="1091" VPOS="791" WIDTH="95" HEIGHT="35" WC="0.96" CONTENT="000),"/><SP WIDTH="26" VPOS="791" HPOS="1186"/>
							<String ID="string_120" HPOS="1212" VPOS="792" WIDTH="73" HEIGHT="30" WC="0.96" CONTENT="dels"/><SP WIDTH="26" VPOS="792" HPOS="1285"/>
							<String ID="string_121" HPOS="1311" VPOS="793" WIDTH="143" HEIGHT="39" WC="0.96" CONTENT="utgifter"/><SP WIDTH="24" VPOS="793" HPOS="1454"/>
							<String ID="string_122" HPOS="1478" VPOS="794" WIDTH="10" HEIGHT="29" WC="0.93" CONTENT="i"/><SP WIDTH="26" VPOS="794" HPOS="1488"/>
							<String ID="string_123" HPOS="1514" VPOS="803" WIDTH="91" HEIGHT="21" WC="0.91" CONTENT="sam-"/>
						</TextLine>
						<TextLine ID="line_13" HPOS="98" VPOS="836" WIDTH="1507" HEIGHT="49">
							<String ID="string_124" HPOS="98" VPOS="836" WIDTH="93" HEIGHT="31" WC="0.96" CONTENT="band"/><SP WIDTH="19" VPOS="836" HPOS="191"/>
							<String ID="string_125" HPOS="210" VPOS="838" WIDTH="78" HEIGHT="30" WC="0.96" CONTENT="med"/><SP WIDTH="21" VPOS="838" HPOS="288"/>
							<String ID="string_126" HPOS="309" VPOS="838" WIDTH="127" HEIGHT="39" WC="0.96" CONTENT="vidgad"/><SP WIDTH="20" VPOS="838" HPOS="436"/>
							<String ID="string_127" HPOS="456" VPOS="839" WIDTH="227" HEIGHT="30" WC="0.96" CONTENT="distribution"/><SP WIDTH="20" VPOS="839" HPOS="683"/>
							<String ID="string_128" HPOS="703" VPOS="850" WIDTH="41" HEIGHT="19" WC="0.96" CONTENT="av"/><SP WIDTH="20" VPOS="850" HPOS="744"/>
							<String ID="string_129" HPOS="764" VPOS="841" WIDTH="224" HEIGHT="30" WC="0.96" CONTENT="ekonomiskt"/><SP WIDTH="21" VPOS="841" HPOS="988"/>
							<String ID="string_130" HPOS="1009" VPOS="842" WIDTH="65" HEIGHT="29" WC="0.92" CONTENT="och"/><SP WIDTH="20" VPOS="842" HPOS="1074"/>
							<String ID="string_131" HPOS="1094" VPOS="842" WIDTH="428" HEIGHT="42" WC="0.92" CONTENT="tekniskt-vetenskapligt"/><SP WIDTH="22" VPOS="842" HPOS="1522"/>
							<String ID="string_132" HPOS="1544" VPOS="854" WIDTH="61" HEIGHT="31" WC="0.91" CONTENT="ny-"/>
						</TextLine>
						<TextLine ID="line_14" HPOS="99" VPOS="886" WIDTH="1506" HEIGHT="48">
							<String ID="string_133" HPOS="99" VPOS="886" WIDTH="250" HEIGHT="36" WC="0.92" CONTENT="hetsmaterial,"/><SP WIDTH="30" VPOS="886" HPOS="349"/>
							<String ID="string_134" HPOS="379" VPOS="888" WIDTH="201" HEIGHT="40" WC="0.96" CONTENT="utbyggnad"/><SP WIDTH="27" VPOS="888" HPOS="580"/>
							<String ID="string_135" HPOS="607" VPOS="899" WIDTH="43" HEIGHT="20" WC="0.92" CONTENT="av"/><SP WIDTH="25" VPOS="899" HPOS="650"/>
							<String ID="string_136" HPOS="675" VPOS="890" WIDTH="232" HEIGHT="40" WC="0.91" CONTENT="bildtjänsten"/><SP WIDTH="27" VPOS="890" HPOS="907"/>
							<String ID="string_137" HPOS="934" VPOS="895" WIDTH="92" HEIGHT="28" WC="0.96" CONTENT="samt"/><SP WIDTH="27" VPOS="895" HPOS="1026"/>
							<String ID="string_138" HPOS="1053" VPOS="902" WIDTH="68" HEIGHT="30" WC="0.95" CONTENT="nya"/><SP WIDTH="28" VPOS="902" HPOS="1121"/>
							<String ID="string_139" HPOS="1149" VPOS="893" WIDTH="171" HEIGHT="30" WC="0.95" CONTENT="editioner"/><SP WIDTH="26" VPOS="893" HPOS="1320"/>
							<String ID="string_140" HPOS="1346" VPOS="894" WIDTH="45" HEIGHT="40" WC="0.97" CONTENT="på"/><SP WIDTH="26" VPOS="894" HPOS="1391"/>
							<String ID="string_141" HPOS="1417" VPOS="895" WIDTH="188" HEIGHT="30" WC="0.96" CONTENT="italienska"/>
						</TextLine>
						<TextLine ID="line_15" HPOS="98" VPOS="937" WIDTH="719" HEIGHT="41">
							<String ID="string_142" HPOS="98" VPOS="937" WIDTH="65" HEIGHT="29" WC="0.96" CONTENT="och"/><SP WIDTH="20" VPOS="937" HPOS="163"/>
							<String ID="string_143" HPOS="183" VPOS="937" WIDTH="211" HEIGHT="30" WC="0.96" CONTENT="holländska"/><SP WIDTH="21" VPOS="937" HPOS="394"/>
							<String ID="string_144" HPOS="415" VPOS="938" WIDTH="152" HEIGHT="40" WC="0.96" CONTENT="språken"/><SP WIDTH="26" VPOS="938" HPOS="567"/>
							<String ID="string_145" HPOS="593" VPOS="939" WIDTH="56" HEIGHT="38" WC="0.80" CONTENT="(+"/><SP WIDTH="19" VPOS="939" HPOS="649"/>
							<String ID="string_146" HPOS="668" VPOS="941" WIDTH="36" HEIGHT="28" WC="0.94" CONTENT="11"/><SP WIDTH="17" VPOS="941" HPOS="704"/>
							<String ID="string_147" HPOS="721" VPOS="940" WIDTH="96" HEIGHT="34" WC="0.96" CONTENT="000)."/>
						</TextLine>
					</TextBlock>
					<TextBlock ID="block_3" HPOS="98" VPOS="987" WIDTH="1507" HEIGHT="184">
						<TextLine ID="line_16" HPOS="143" VPOS="987" WIDTH="1460" HEIGHT="40">
							<String ID="string_148" HPOS="143" VPOS="987" WIDTH="394" HEIGHT="40" WC="0.91" CONTENT="Departementschefen"/><SP WIDTH="28" VPOS="987" HPOS="537"/>
							<String ID="string_149" HPOS="565" VPOS="990" WIDTH="148" HEIGHT="30" WC="0.96" CONTENT="föreslår"/><SP WIDTH="25" VPOS="990" HPOS="713"/>
							<String ID="string_150" HPOS="738" VPOS="992" WIDTH="10" HEIGHT="29" WC="0.96" CONTENT="i"/><SP WIDTH="27" VPOS="992" HPOS="748"/>
							<String ID="string_151" HPOS="775" VPOS="992" WIDTH="350" HEIGHT="30" WC="0.96" CONTENT="överensstämmelse"/><SP WIDTH="27" VPOS="992" HPOS="1125"/>
							<String ID="string_152" HPOS="1152" VPOS="994" WIDTH="77" HEIGHT="29" WC="0.96" CONTENT="med"/><SP WIDTH="28" VPOS="994" HPOS="1229"/>
							<String ID="string_153" HPOS="1257" VPOS="995" WIDTH="67" HEIGHT="29" WC="0.96" CONTENT="vad"/><SP WIDTH="27" VPOS="995" HPOS="1324"/>
							<String ID="string_154" HPOS="1351" VPOS="1004" WIDTH="89" HEIGHT="21" WC="0.96" CONTENT="ovan"/><SP WIDTH="27" VPOS="1004" HPOS="1440"/>
							<String ID="string_155" HPOS="1467" VPOS="996" WIDTH="136" HEIGHT="30" WC="0.96" CONTENT="anförts"/>
						</TextLine>
						<TextLine ID="line_17" HPOS="99" VPOS="1037" WIDTH="1506" HEIGHT="46">
							<String ID="string_156" HPOS="99" VPOS="1037" WIDTH="148" HEIGHT="30" WC="0.93" CONTENT="rörande"/><SP WIDTH="23" VPOS="1037" HPOS="247"/>
							<String ID="string_157" HPOS="270" VPOS="1038" WIDTH="400" HEIGHT="31" WC="0.92" CONTENT="Svensk-amerikanska"/><SP WIDTH="26" VPOS="1038" HPOS="670"/>
							<String ID="string_158" HPOS="696" VPOS="1041" WIDTH="250" HEIGHT="40" WC="0.96" CONTENT="nyhetsbyrån,"/><SP WIDTH="24" VPOS="1041" HPOS="946"/>
							<String ID="string_159" HPOS="970" VPOS="1044" WIDTH="50" HEIGHT="29" WC="0.96" CONTENT="att"/><SP WIDTH="22" VPOS="1044" HPOS="1020"/>
							<String ID="string_160" HPOS="1042" VPOS="1043" WIDTH="158" HEIGHT="40" WC="0.96" CONTENT="bidraget"/><SP WIDTH="23" VPOS="1043" HPOS="1200"/>
							<String ID="string_161" HPOS="1223" VPOS="1045" WIDTH="52" HEIGHT="29" WC="0.93" CONTENT="till"/><SP WIDTH="26" VPOS="1045" HPOS="1275"/>
							<String ID="string_162" HPOS="1301" VPOS="1045" WIDTH="304" HEIGHT="32" WC="0.91" CONTENT="Svensk-interna-"/>
						</TextLine>
						<TextLine ID="line_18" HPOS="98" VPOS="1086" WIDTH="1505" HEIGHT="50">
							<String ID="string_163" HPOS="98" VPOS="1086" WIDTH="142" HEIGHT="31" WC="0.90" CONTENT="tionella"/><SP WIDTH="30" VPOS="1086" HPOS="240"/>
							<String ID="string_164" HPOS="270" VPOS="1088" WIDTH="231" HEIGHT="40" WC="0.92" CONTENT="pressbyråns"/><SP WIDTH="29" VPOS="1088" HPOS="501"/>
							<String ID="string_165" HPOS="530" VPOS="1090" WIDTH="225" HEIGHT="31" WC="0.96" CONTENT="verksamhet"/><SP WIDTH="29" VPOS="1090" HPOS="755"/>
							<String ID="string_166" HPOS="784" VPOS="1092" WIDTH="56" HEIGHT="29" WC="0.96" CONTENT="för"/><SP WIDTH="29" VPOS="1092" HPOS="840"/>
							<String ID="string_167" HPOS="869" VPOS="1092" WIDTH="207" HEIGHT="40" WC="0.93" CONTENT="budgetåret"/><SP WIDTH="33" VPOS="1092" HPOS="1076"/>
							<String ID="string_168" HPOS="1109" VPOS="1094" WIDTH="149" HEIGHT="35" WC="0.92" CONTENT="1957/58"/><SP WIDTH="31" VPOS="1094" HPOS="1258"/>
							<String ID="string_169" HPOS="1289" VPOS="1097" WIDTH="204" HEIGHT="39" WC="0.96" CONTENT="uppräknas"/><SP WIDTH="31" VPOS="1097" HPOS="1493"/>
							<String ID="string_170" HPOS="1524" VPOS="1098" WIDTH="79" HEIGHT="30" WC="0.97" CONTENT="med"/>
						</TextLine>
						<TextLine ID="line_19" HPOS="99" VPOS="1136" WIDTH="667" HEIGHT="35">
							<String ID="string_171" HPOS="99" VPOS="1136" WIDTH="39" HEIGHT="31" WC="0.95" CONTENT="10"/><SP WIDTH="15" VPOS="1136" HPOS="138"/>
							<String ID="string_172" HPOS="153" VPOS="1137" WIDTH="62" HEIGHT="30" WC="0.96" CONTENT="000"/><SP WIDTH="21" VPOS="1137" HPOS="215"/>
							<String ID="string_173" HPOS="236" VPOS="1137" WIDTH="132" HEIGHT="31" WC="0.96" CONTENT="kronor"/><SP WIDTH="21" VPOS="1137" HPOS="368"/>
							<String ID="string_174" HPOS="389" VPOS="1139" WIDTH="53" HEIGHT="29" WC="0.96" CONTENT="till"/><SP WIDTH="24" VPOS="1139" HPOS="442"/>
							<String ID="string_175" HPOS="466" VPOS="1139" WIDTH="61" HEIGHT="30" WC="0.96" CONTENT="142"/><SP WIDTH="15" VPOS="1139" HPOS="527"/>
							<String ID="string_176" HPOS="542" VPOS="1140" WIDTH="62" HEIGHT="30" WC="0.96" CONTENT="000"/><SP WIDTH="22" VPOS="1140" HPOS="604"/>
							<String ID="string_177" HPOS="626" VPOS="1141" WIDTH="140" HEIGHT="30" WC="0.95" CONTENT="kronor."/>
						</TextLine>
					</TextBlock>
					<TextBlock ID="block_4" HPOS="97" VPOS="1186" WIDTH="1507" HEIGHT="94">
						<TextLine ID="line_20" HPOS="142" VPOS="1186" WIDTH="1462" HEIGHT="50">
							<String ID="string_178" HPOS="142" VPOS="1186" WIDTH="396" HEIGHT="41" WC="0.90" CONTENT="Departementschefen"/><SP WIDTH="22" VPOS="1186" HPOS="538"/>
							<String ID="string_179" HPOS="560" VPOS="1190" WIDTH="158" HEIGHT="36" WC="0.96" CONTENT="föreslår,"/><SP WIDTH="22" VPOS="1190" HPOS="718"/>
							<String ID="string_180" HPOS="740" VPOS="1194" WIDTH="51" HEIGHT="28" WC="0.96" CONTENT="att"/><SP WIDTH="20" VPOS="1194" HPOS="791"/>
							<String ID="string_181" HPOS="811" VPOS="1194" WIDTH="126" HEIGHT="38" WC="0.96" CONTENT="posten"/><SP WIDTH="23" VPOS="1194" HPOS="937"/>
							<String ID="string_182" HPOS="960" VPOS="1193" WIDTH="66" HEIGHT="31" WC="0.96" CONTENT="Till"/><SP WIDTH="20" VPOS="1193" HPOS="1026"/>
							<String ID="string_183" HPOS="1046" VPOS="1194" WIDTH="204" HEIGHT="31" WC="0.96" CONTENT="ministerns"/><SP WIDTH="20" VPOS="1194" HPOS="1250"/>
							<String ID="string_184" HPOS="1270" VPOS="1197" WIDTH="57" HEIGHT="39" WC="0.96" CONTENT="för"/><SP WIDTH="23" VPOS="1197" HPOS="1327"/>
							<String ID="string_185" HPOS="1350" VPOS="1197" WIDTH="132" HEIGHT="31" WC="0.93" CONTENT="utrikes"/><SP WIDTH="22" VPOS="1197" HPOS="1482"/>
							<String ID="string_186" HPOS="1504" VPOS="1199" WIDTH="100" HEIGHT="30" WC="0.92" CONTENT="ären-"/>
						</TextLine>
						<TextLine ID="line_21" HPOS="97" VPOS="1237" WIDTH="1330" HEIGHT="43">
							<String ID="string_187" HPOS="97" VPOS="1237" WIDTH="90" HEIGHT="31" WC="0.96" CONTENT="dena"/><SP WIDTH="22" VPOS="1237" HPOS="187"/>
							<String ID="string_188" HPOS="209" VPOS="1239" WIDTH="210" HEIGHT="40" WC="0.96" CONTENT="förfogande"/><SP WIDTH="23" VPOS="1239" HPOS="419"/>
							<String ID="string_189" HPOS="442" VPOS="1241" WIDTH="205" HEIGHT="39" WC="0.96" CONTENT="uppräknas"/><SP WIDTH="23" VPOS="1241" HPOS="647"/>
							<String ID="string_190" HPOS="670" VPOS="1243" WIDTH="79" HEIGHT="30" WC="0.96" CONTENT="med"/><SP WIDTH="25" VPOS="1243" HPOS="749"/>
							<String ID="string_191" HPOS="774" VPOS="1243" WIDTH="39" HEIGHT="30" WC="0.96" CONTENT="10"/><SP WIDTH="15" VPOS="1243" HPOS="813"/>
							<String ID="string_192" HPOS="828" VPOS="1243" WIDTH="63" HEIGHT="31" WC="0.96" CONTENT="000"/><SP WIDTH="23" VPOS="1243" HPOS="891"/>
							<String ID="string_193" HPOS="914" VPOS="1244" WIDTH="131" HEIGHT="30" WC="0.96" CONTENT="kronor"/><SP WIDTH="24" VPOS="1244" HPOS="1045"/>
							<String ID="string_194" HPOS="1069" VPOS="1246" WIDTH="52" HEIGHT="29" WC="0.96" CONTENT="till"/><SP WIDTH="24" VPOS="1246" HPOS="1121"/>
							<String ID="string_195" HPOS="1145" VPOS="1246" WIDTH="40" HEIGHT="30" WC="0.95" CONTENT="50"/><SP WIDTH="15" VPOS="1246" HPOS="1185"/>
							<String ID="string_196" HPOS="1200" VPOS="1246" WIDTH="62" HEIGHT="31" WC="0.95" CONTENT="000"/><SP WIDTH="24" VPOS="1246" HPOS="1262"/>
							<String ID="string_197" HPOS="1286" VPOS="1247" WIDTH="141" HEIGHT="31" WC="0.95" CONTENT="kronor."/>
						</TextLine>
					</TextBlock>
				</ComposedBlock>
				<ComposedBlock ID="cblock_2" HPOS="94" VPOS="1389" WIDTH="1508" HEIGHT="588">
					<TextBlock ID="block_5" HPOS="94" VPOS="1389" WIDTH="1508" HEIGHT="391">
						<TextLine ID="line_22" HPOS="140" VPOS="1389" WIDTH="1462" HEIGHT="49">
							<String ID="string_198" HPOS="140" VPOS="1389" WIDTH="186" HEIGHT="30" WC="0.95" CONTENT="Utskottet."/><SP WIDTH="25" VPOS="1389" HPOS="326"/>
							<String ID="string_199" HPOS="351" VPOS="1391" WIDTH="67" HEIGHT="29" WC="0.96" CONTENT="Vid"/><SP WIDTH="24" VPOS="1391" HPOS="418"/>
							<String ID="string_200" HPOS="442" VPOS="1391" WIDTH="55" HEIGHT="29" WC="0.96" CONTENT="sin"/><SP WIDTH="24" VPOS="1391" HPOS="497"/>
							<String ID="string_201" HPOS="521" VPOS="1391" WIDTH="213" HEIGHT="41" WC="0.96" CONTENT="behandling"/><SP WIDTH="24" VPOS="1391" HPOS="734"/>
							<String ID="string_202" HPOS="758" VPOS="1403" WIDTH="42" HEIGHT="21" WC="0.96" CONTENT="av"/><SP WIDTH="24" VPOS="1403" HPOS="800"/>
							<String ID="string_203" HPOS="824" VPOS="1396" WIDTH="248" HEIGHT="30" WC="0.96" CONTENT="motsvarande"/><SP WIDTH="24" VPOS="1396" HPOS="1072"/>
							<String ID="string_204" HPOS="1096" VPOS="1397" WIDTH="122" HEIGHT="39" WC="0.96" CONTENT="anslag"/><SP WIDTH="24" VPOS="1397" HPOS="1218"/>
							<String ID="string_205" HPOS="1242" VPOS="1398" WIDTH="209" HEIGHT="40" WC="0.96" CONTENT="föregående"/><SP WIDTH="24" VPOS="1398" HPOS="1451"/>
							<String ID="string_206" HPOS="1475" VPOS="1400" WIDTH="39" HEIGHT="30" WC="0.93" CONTENT="år"/><SP WIDTH="24" VPOS="1400" HPOS="1514"/>
							<String ID="string_207" HPOS="1538" VPOS="1410" WIDTH="64" HEIGHT="20" WC="0.92" CONTENT="un-"/>
						</TextLine>
						<TextLine ID="line_23" HPOS="97" VPOS="1438" WIDTH="1505" HEIGHT="47">
							<String ID="string_208" HPOS="97" VPOS="1438" WIDTH="161" HEIGHT="31" WC="0.91" CONTENT="derströk"/><SP WIDTH="21" VPOS="1438" HPOS="258"/>
							<String ID="string_209" HPOS="279" VPOS="1440" WIDTH="173" HEIGHT="30" WC="0.93" CONTENT="utskottet"/><SP WIDTH="22" VPOS="1440" HPOS="452"/>
							<String ID="string_210" HPOS="474" VPOS="1442" WIDTH="296" HEIGHT="39" WC="0.90" CONTENT="angelägenheten"/><SP WIDTH="22" VPOS="1442" HPOS="770"/>
							<String ID="string_211" HPOS="792" VPOS="1453" WIDTH="42" HEIGHT="21" WC="0.96" CONTENT="av"/><SP WIDTH="22" VPOS="1453" HPOS="834"/>
							<String ID="string_212" HPOS="856" VPOS="1444" WIDTH="78" HEIGHT="40" WC="0.96" CONTENT="höjt"/><SP WIDTH="20" VPOS="1444" HPOS="934"/>
							<String ID="string_213" HPOS="954" VPOS="1445" WIDTH="122" HEIGHT="40" WC="0.96" CONTENT="bidrag"/><SP WIDTH="22" VPOS="1445" HPOS="1076"/>
							<String ID="string_214" HPOS="1098" VPOS="1447" WIDTH="52" HEIGHT="29" WC="0.96" CONTENT="till"/><SP WIDTH="23" VPOS="1447" HPOS="1150"/>
							<String ID="string_215" HPOS="1173" VPOS="1448" WIDTH="154" HEIGHT="31" WC="0.96" CONTENT="Svenska"/><SP WIDTH="22" VPOS="1448" HPOS="1327"/>
							<String ID="string_216" HPOS="1349" VPOS="1450" WIDTH="176" HEIGHT="30" WC="0.96" CONTENT="institutet"/><SP WIDTH="22" VPOS="1450" HPOS="1525"/>
							<String ID="string_217" HPOS="1547" VPOS="1451" WIDTH="55" HEIGHT="30" WC="0.96" CONTENT="för"/>
						</TextLine>
						<TextLine ID="line_24" HPOS="96" VPOS="1488" WIDTH="1506" HEIGHT="54">
							<String ID="string_218" HPOS="96" VPOS="1488" WIDTH="182" HEIGHT="31" WC="0.96" CONTENT="kulturellt"/><SP WIDTH="26" VPOS="1488" HPOS="278"/>
							<String ID="string_219" HPOS="304" VPOS="1490" WIDTH="120" HEIGHT="40" WC="0.96" CONTENT="utbyte"/><SP WIDTH="25" VPOS="1490" HPOS="424"/>
							<String ID="string_220" HPOS="449" VPOS="1492" WIDTH="79" HEIGHT="29" WC="0.96" CONTENT="med"/><SP WIDTH="25" VPOS="1492" HPOS="528"/>
							<String ID="string_221" HPOS="553" VPOS="1493" WIDTH="160" HEIGHT="31" WC="0.95" CONTENT="utlandet"/><SP WIDTH="25" VPOS="1493" HPOS="713"/>
							<String ID="string_222" HPOS="738" VPOS="1495" WIDTH="143" HEIGHT="30" WC="0.96" CONTENT="särskilt"/><SP WIDTH="25" VPOS="1495" HPOS="881"/>
							<String ID="string_223" HPOS="906" VPOS="1495" WIDTH="11" HEIGHT="29" WC="0.96" CONTENT="i"/><SP WIDTH="27" VPOS="1495" HPOS="917"/>
							<String ID="string_224" HPOS="944" VPOS="1496" WIDTH="91" HEIGHT="39" WC="0.96" CONTENT="syfte"/><SP WIDTH="25" VPOS="1496" HPOS="1035"/>
							<String ID="string_225" HPOS="1060" VPOS="1499" WIDTH="51" HEIGHT="28" WC="0.96" CONTENT="att"/><SP WIDTH="26" VPOS="1499" HPOS="1111"/>
							<String ID="string_226" HPOS="1137" VPOS="1498" WIDTH="68" HEIGHT="30" WC="0.96" CONTENT="öka"/><SP WIDTH="25" VPOS="1498" HPOS="1205"/>
							<String ID="string_227" HPOS="1230" VPOS="1499" WIDTH="190" HEIGHT="40" WC="0.95" CONTENT="tillgången"/><SP WIDTH="25" VPOS="1499" HPOS="1420"/>
							<String ID="string_228" HPOS="1445" VPOS="1501" WIDTH="45" HEIGHT="39" WC="0.93" CONTENT="på"/><SP WIDTH="25" VPOS="1501" HPOS="1490"/>
							<String ID="string_229" HPOS="1515" VPOS="1510" WIDTH="87" HEIGHT="32" WC="0.91" CONTENT="upp-"/>
						</TextLine>
						<TextLine ID="line_25" HPOS="94" VPOS="1538" WIDTH="1507" HEIGHT="58">
							<String ID="string_230" HPOS="94" VPOS="1538" WIDTH="249" HEIGHT="40" WC="0.91" CONTENT="lysningsfilm."/><SP WIDTH="24" VPOS="1538" HPOS="343"/>
							<String ID="string_231" HPOS="367" VPOS="1541" WIDTH="74" HEIGHT="29" WC="0.96" CONTENT="Den"/><SP WIDTH="24" VPOS="1541" HPOS="441"/>
							<String ID="string_232" HPOS="465" VPOS="1551" WIDTH="43" HEIGHT="20" WC="0.96" CONTENT="av"/><SP WIDTH="20" VPOS="1551" HPOS="508"/>
							<String ID="string_233" HPOS="528" VPOS="1543" WIDTH="127" HEIGHT="39" WC="0.94" CONTENT="Kungl."/><SP WIDTH="23" VPOS="1543" HPOS="655"/>
							<String ID="string_234" HPOS="678" VPOS="1544" WIDTH="106" HEIGHT="40" WC="0.96" CONTENT="Maj:t"/><SP WIDTH="23" VPOS="1544" HPOS="784"/>
							<String ID="string_235" HPOS="807" VPOS="1554" WIDTH="48" HEIGHT="20" WC="0.96" CONTENT="nu"/><SP WIDTH="24" VPOS="1554" HPOS="855"/>
							<String ID="string_236" HPOS="879" VPOS="1545" WIDTH="199" HEIGHT="41" WC="0.96" CONTENT="föreslagna"/><SP WIDTH="23" VPOS="1545" HPOS="1078"/>
							<String ID="string_237" HPOS="1101" VPOS="1548" WIDTH="111" HEIGHT="30" WC="0.96" CONTENT="ökade"/><SP WIDTH="24" VPOS="1548" HPOS="1212"/>
							<String ID="string_238" HPOS="1236" VPOS="1546" WIDTH="365" HEIGHT="50" WC="0.92" CONTENT="medelsanvisningen"/>
						</TextLine>
						<TextLine ID="line_26" HPOS="95" VPOS="1588" WIDTH="1506" HEIGHT="50">
							<String ID="string_239" HPOS="95" VPOS="1588" WIDTH="51" HEIGHT="30" WC="0.82" CONTENT="till"/><SP WIDTH="20" VPOS="1588" HPOS="146"/>
							<String ID="string_240" HPOS="166" VPOS="1589" WIDTH="175" HEIGHT="31" WC="0.96" CONTENT="institutet"/><SP WIDTH="20" VPOS="1589" HPOS="341"/>
							<String ID="string_241" HPOS="361" VPOS="1592" WIDTH="186" HEIGHT="39" WC="0.96" CONTENT="möjliggör"/><SP WIDTH="18" VPOS="1592" HPOS="547"/>
							<String ID="string_242" HPOS="565" VPOS="1593" WIDTH="45" HEIGHT="29" WC="0.96" CONTENT="bl."/><SP WIDTH="20" VPOS="1593" HPOS="610"/>
							<String ID="string_243" HPOS="630" VPOS="1603" WIDTH="29" HEIGHT="21" WC="0.96" CONTENT="a."/><SP WIDTH="22" VPOS="1603" HPOS="659"/>
							<String ID="string_244" HPOS="681" VPOS="1603" WIDTH="42" HEIGHT="21" WC="0.96" CONTENT="en"/><SP WIDTH="20" VPOS="1603" HPOS="723"/>
							<String ID="string_245" HPOS="743" VPOS="1597" WIDTH="238" HEIGHT="39" WC="0.96" CONTENT="upprustning"/><SP WIDTH="18" VPOS="1597" HPOS="981"/>
							<String ID="string_246" HPOS="999" VPOS="1598" WIDTH="45" HEIGHT="39" WC="0.96" CONTENT="på"/><SP WIDTH="19" VPOS="1598" HPOS="1044"/>
							<String ID="string_247" HPOS="1063" VPOS="1598" WIDTH="268" HEIGHT="40" WC="0.96" CONTENT="ifrågavarande"/><SP WIDTH="21" VPOS="1598" HPOS="1331"/>
							<String ID="string_248" HPOS="1352" VPOS="1602" WIDTH="152" HEIGHT="36" WC="0.93" CONTENT="område,"/><SP WIDTH="21" VPOS="1602" HPOS="1504"/>
							<String ID="string_249" HPOS="1525" VPOS="1612" WIDTH="76" HEIGHT="21" WC="0.90" CONTENT="var-"/>
						</TextLine>
						<TextLine ID="line_27" HPOS="96" VPOS="1639" WIDTH="1506" HEIGHT="48">
							<String ID="string_250" HPOS="96" VPOS="1639" WIDTH="55" HEIGHT="30" WC="0.96" CONTENT="för"/><SP WIDTH="16" VPOS="1639" HPOS="151"/>
							<String ID="string_251" HPOS="167" VPOS="1640" WIDTH="172" HEIGHT="30" WC="0.96" CONTENT="utskottet"/><SP WIDTH="16" VPOS="1640" HPOS="339"/>
							<String ID="string_252" HPOS="355" VPOS="1642" WIDTH="193" HEIGHT="40" WC="0.96" CONTENT="tillstyrker"/><SP WIDTH="19" VPOS="1642" HPOS="548"/>
							<String ID="string_253" HPOS="567" VPOS="1644" WIDTH="126" HEIGHT="39" WC="0.96" CONTENT="Kungl."/><SP WIDTH="17" VPOS="1644" HPOS="693"/>
							<String ID="string_254" HPOS="710" VPOS="1646" WIDTH="124" HEIGHT="39" WC="0.96" CONTENT="Maj:ts"/><SP WIDTH="18" VPOS="1646" HPOS="834"/>
							<String ID="string_255" HPOS="852" VPOS="1646" WIDTH="133" HEIGHT="41" WC="0.96" CONTENT="förslag"/><SP WIDTH="16" VPOS="1646" HPOS="985"/>
							<String ID="string_256" HPOS="1001" VPOS="1648" WIDTH="8" HEIGHT="29" WC="0.96" CONTENT="i"/><SP WIDTH="19" VPOS="1648" HPOS="1009"/>
							<String ID="string_257" HPOS="1028" VPOS="1649" WIDTH="115" HEIGHT="30" WC="0.96" CONTENT="denna"/><SP WIDTH="16" VPOS="1649" HPOS="1143"/>
							<String ID="string_258" HPOS="1159" VPOS="1650" WIDTH="65" HEIGHT="29" WC="0.95" CONTENT="del."/><SP WIDTH="17" VPOS="1650" HPOS="1224"/>
							<String ID="string_259" HPOS="1241" VPOS="1651" WIDTH="71" HEIGHT="30" WC="0.96" CONTENT="Mot"/><SP WIDTH="18" VPOS="1651" HPOS="1312"/>
							<String ID="string_260" HPOS="1330" VPOS="1652" WIDTH="41" HEIGHT="30" WC="0.96" CONTENT="de"/><SP WIDTH="16" VPOS="1652" HPOS="1371"/>
							<String ID="string_261" HPOS="1387" VPOS="1653" WIDTH="215" HEIGHT="31" WC="0.96" CONTENT="verkställda"/>
						</TextLine>
						<TextLine ID="line_28" HPOS="95" VPOS="1688" WIDTH="1506" HEIGHT="51">
							<String ID="string_262" HPOS="95" VPOS="1688" WIDTH="284" HEIGHT="42" WC="0.95" CONTENT="beräkningarna"/><SP WIDTH="21" VPOS="1688" HPOS="379"/>
							<String ID="string_263" HPOS="400" VPOS="1692" WIDTH="10" HEIGHT="29" WC="0.96" CONTENT="i"/><SP WIDTH="21" VPOS="1692" HPOS="410"/>
							<String ID="string_264" HPOS="431" VPOS="1693" WIDTH="112" HEIGHT="39" WC="0.96" CONTENT="övrigt"/><SP WIDTH="20" VPOS="1693" HPOS="543"/>
							<String ID="string_265" HPOS="563" VPOS="1695" WIDTH="112" HEIGHT="29" WC="0.96" CONTENT="under"/><SP WIDTH="23" VPOS="1695" HPOS="675"/>
							<String ID="string_266" HPOS="698" VPOS="1705" WIDTH="47" HEIGHT="20" WC="0.96" CONTENT="nu"/><SP WIDTH="22" VPOS="1705" HPOS="745"/>
							<String ID="string_267" HPOS="767" VPOS="1696" WIDTH="231" HEIGHT="32" WC="0.96" CONTENT="förevarande"/><SP WIDTH="22" VPOS="1696" HPOS="998"/>
							<String ID="string_268" HPOS="1020" VPOS="1700" WIDTH="114" HEIGHT="39" WC="0.96" CONTENT="punkt"/><SP WIDTH="21" VPOS="1700" HPOS="1134"/>
							<String ID="string_269" HPOS="1155" VPOS="1700" WIDTH="64" HEIGHT="29" WC="0.96" CONTENT="har"/><SP WIDTH="21" VPOS="1700" HPOS="1219"/>
							<String ID="string_270" HPOS="1240" VPOS="1702" WIDTH="172" HEIGHT="30" WC="0.96" CONTENT="utskottet"/><SP WIDTH="20" VPOS="1702" HPOS="1412"/>
							<String ID="string_271" HPOS="1432" VPOS="1703" WIDTH="76" HEIGHT="30" WC="0.93" CONTENT="icke"/><SP WIDTH="21" VPOS="1703" HPOS="1508"/>
							<String ID="string_272" HPOS="1529" VPOS="1705" WIDTH="72" HEIGHT="29" WC="0.93" CONTENT="hel-"/>
						</TextLine>
						<TextLine ID="line_29" HPOS="95" VPOS="1739" WIDTH="396" HEIGHT="41">
							<String ID="string_273" HPOS="95" VPOS="1739" WIDTH="51" HEIGHT="30" WC="0.96" CONTENT="ler"/><SP WIDTH="20" VPOS="1739" HPOS="146"/>
							<String ID="string_274" HPOS="166" VPOS="1740" WIDTH="104" HEIGHT="40" WC="0.96" CONTENT="något"/><SP WIDTH="22" VPOS="1740" HPOS="270"/>
							<String ID="string_275" HPOS="292" VPOS="1744" WIDTH="50" HEIGHT="28" WC="0.95" CONTENT="att"/><SP WIDTH="22" VPOS="1744" HPOS="342"/>
							<String ID="string_276" HPOS="364" VPOS="1743" WIDTH="127" HEIGHT="30" WC="0.95" CONTENT="erinra."/>
						</TextLine>
					</TextBlock>
					<TextBlock ID="block_6" HPOS="138" VPOS="1790" WIDTH="411" HEIGHT="39">
						<TextLine ID="line_30" HPOS="138" VPOS="1790" WIDTH="411" HEIGHT="39">
							<String ID="string_277" HPOS="138" VPOS="1790" WIDTH="176" HEIGHT="32" WC="0.96" CONTENT="Utskottet"/><SP WIDTH="22" VPOS="1790" HPOS="314"/>
							<String ID="string_278" HPOS="336" VPOS="1792" WIDTH="213" HEIGHT="37" WC="0.96" CONTENT="hemställer,"/>
						</TextLine>
					</TextBlock>
					<TextBlock ID="block_7" HPOS="404" VPOS="1845" WIDTH="1196" HEIGHT="132">
						<TextLine ID="line_31" HPOS="449" VPOS="1845" WIDTH="1151" HEIGHT="45">
							<String ID="string_279" HPOS="449" VPOS="1846" WIDTH="51" HEIGHT="27" WC="0.95" CONTENT="att"/><SP WIDTH="27" VPOS="1846" HPOS="500"/>
							<String ID="string_280" HPOS="527" VPOS="1845" WIDTH="186" HEIGHT="40" WC="0.96" CONTENT="riksdagen"/><SP WIDTH="30" VPOS="1845" HPOS="713"/>
							<String ID="string_281" HPOS="743" VPOS="1847" WIDTH="56" HEIGHT="30" WC="0.96" CONTENT="må"/><SP WIDTH="29" VPOS="1847" HPOS="799"/>
							<String ID="string_282" HPOS="828" VPOS="1848" WIDTH="52" HEIGHT="29" WC="0.93" CONTENT="till"/><SP WIDTH="30" VPOS="1848" HPOS="880"/>
							<String ID="string_283" HPOS="910" VPOS="1849" WIDTH="464" HEIGHT="41" WC="0.90" CONTENT="Upplysningsverksamhet"/><SP WIDTH="29" VPOS="1849" HPOS="1374"/>
							<String ID="string_284" HPOS="1403" VPOS="1855" WIDTH="11" HEIGHT="29" WC="0.96" CONTENT="i"/><SP WIDTH="28" VPOS="1855" HPOS="1414"/>
							<String ID="string_285" HPOS="1442" VPOS="1856" WIDTH="158" HEIGHT="30" WC="0.96" CONTENT="utlandet"/>
						</TextLine>
						<TextLine ID="line_32" HPOS="404" VPOS="1894" WIDTH="1196" HEIGHT="52">
							<String ID="string_286" HPOS="404" VPOS="1894" WIDTH="179" HEIGHT="39" WC="0.96" CONTENT="angående"/><SP WIDTH="26" VPOS="1894" HPOS="583"/>
							<String ID="string_287" HPOS="609" VPOS="1896" WIDTH="138" HEIGHT="40" WC="0.95" CONTENT="Sverige"/><SP WIDTH="26" VPOS="1896" HPOS="747"/>
							<String ID="string_288" HPOS="773" VPOS="1897" WIDTH="55" HEIGHT="30" WC="0.96" CONTENT="för"/><SP WIDTH="24" VPOS="1897" HPOS="828"/>
							<String ID="string_289" HPOS="852" VPOS="1898" WIDTH="206" HEIGHT="40" WC="0.93" CONTENT="budgetåret"/><SP WIDTH="27" VPOS="1898" HPOS="1058"/>
							<String ID="string_290" HPOS="1085" VPOS="1901" WIDTH="149" HEIGHT="35" WC="0.92" CONTENT="1957/58"/><SP WIDTH="25" VPOS="1901" HPOS="1234"/>
							<String ID="string_291" HPOS="1259" VPOS="1904" WIDTH="122" HEIGHT="29" WC="0.96" CONTENT="anvisa"/><SP WIDTH="25" VPOS="1904" HPOS="1381"/>
							<String ID="string_292" HPOS="1406" VPOS="1907" WIDTH="48" HEIGHT="27" WC="0.96" CONTENT="ett"/><SP WIDTH="24" VPOS="1907" HPOS="1454"/>
							<String ID="string_293" HPOS="1478" VPOS="1907" WIDTH="122" HEIGHT="39" WC="0.96" CONTENT="anslag"/>
						</TextLine>
						<TextLine ID="line_33" HPOS="404" VPOS="1944" WIDTH="397" HEIGHT="33">
							<String ID="string_294" HPOS="404" VPOS="1952" WIDTH="43" HEIGHT="20" WC="0.96" CONTENT="av"/><SP WIDTH="22" VPOS="1952" HPOS="447"/>
							<String ID="string_295" HPOS="469" VPOS="1944" WIDTH="94" HEIGHT="30" WC="0.90" CONTENT="1554"/><SP WIDTH="14" VPOS="1944" HPOS="563"/>
							<String ID="string_296" HPOS="577" VPOS="1946" WIDTH="63" HEIGHT="29" WC="0.95" CONTENT="500"/><SP WIDTH="21" VPOS="1946" HPOS="640"/>
							<String ID="string_297" HPOS="661" VPOS="1946" WIDTH="140" HEIGHT="31" WC="0.96" CONTENT="kronor."/>
						</TextLine>
					</TextBlock>
				</ComposedBlock>
				<ComposedBlock ID="cblock_3" HPOS="92" VPOS="2082" WIDTH="1507" HEIGHT="333">
					<TextBlock ID="block_8" HPOS="92" VPOS="2082" WIDTH="1507" HEIGHT="149">
						<TextLine ID="line_34" HPOS="136" VPOS="2082" WIDTH="1462" HEIGHT="47">
							<String ID="string_298" HPOS="136" VPOS="2082" WIDTH="95" HEIGHT="34" WC="0.92" CONTENT="16:0)"/><SP WIDTH="28" VPOS="2082" HPOS="231"/>
							<String ID="string_299" HPOS="259" VPOS="2084" WIDTH="224" HEIGHT="32" WC="0.92" CONTENT="Bestridande"/><SP WIDTH="23" VPOS="2084" HPOS="483"/>
							<String ID="string_300" HPOS="506" VPOS="2095" WIDTH="41" HEIGHT="21" WC="0.96" CONTENT="av"/><SP WIDTH="23" VPOS="2095" HPOS="547"/>
							<String ID="string_301" HPOS="570" VPOS="2089" WIDTH="263" HEIGHT="30" WC="0.96" CONTENT="resekostnader"/><SP WIDTH="22" VPOS="2089" HPOS="833"/>
							<String ID="string_302" HPOS="855" VPOS="2091" WIDTH="56" HEIGHT="29" WC="0.96" CONTENT="för"/><SP WIDTH="22" VPOS="2091" HPOS="911"/>
							<String ID="string_303" HPOS="933" VPOS="2092" WIDTH="94" HEIGHT="30" WC="0.96" CONTENT="inom"/><SP WIDTH="25" VPOS="2092" HPOS="1027"/>
							<String ID="string_304" HPOS="1052" VPOS="2094" WIDTH="147" HEIGHT="29" WC="0.96" CONTENT="Förenta"/><SP WIDTH="22" VPOS="2094" HPOS="1199"/>
							<String ID="string_305" HPOS="1221" VPOS="2095" WIDTH="211" HEIGHT="32" WC="0.96" CONTENT="Nationerna"/><SP WIDTH="23" VPOS="2095" HPOS="1432"/>
							<String ID="string_306" HPOS="1455" VPOS="2101" WIDTH="143" HEIGHT="28" WC="0.96" CONTENT="utsedda"/>
						</TextLine>
						<TextLine ID="line_35" HPOS="92" VPOS="2133" WIDTH="1507" HEIGHT="51">
							<String ID="string_307" HPOS="92" VPOS="2133" WIDTH="147" HEIGHT="29" WC="0.96" CONTENT="svenska"/><SP WIDTH="21" VPOS="2133" HPOS="239"/>
							<String ID="string_308" HPOS="260" VPOS="2135" WIDTH="235" HEIGHT="34" WC="0.96" CONTENT="stipendiater."/><SP WIDTH="23" VPOS="2135" HPOS="495"/>
							<String ID="string_309" HPOS="518" VPOS="2137" WIDTH="11" HEIGHT="28" WC="0.96" CONTENT="I"/><SP WIDTH="22" VPOS="2137" HPOS="529"/>
							<String ID="string_310" HPOS="551" VPOS="2138" WIDTH="149" HEIGHT="36" WC="0.95" CONTENT="enlighet"/><SP WIDTH="20" VPOS="2138" HPOS="700"/>
							<String ID="string_311" HPOS="720" VPOS="2140" WIDTH="76" HEIGHT="29" WC="0.96" CONTENT="med"/><SP WIDTH="22" VPOS="2140" HPOS="796"/>
							<String ID="string_312" HPOS="818" VPOS="2140" WIDTH="124" HEIGHT="38" WC="0.95" CONTENT="Kungl."/><SP WIDTH="22" VPOS="2140" HPOS="942"/>
							<String ID="string_313" HPOS="964" VPOS="2142" WIDTH="120" HEIGHT="37" WC="0.96" CONTENT="Maj:ts"/><SP WIDTH="22" VPOS="2142" HPOS="1084"/>
							<String ID="string_314" HPOS="1106" VPOS="2144" WIDTH="130" HEIGHT="38" WC="0.96" CONTENT="förslag"/><SP WIDTH="25" VPOS="2144" HPOS="1236"/>
							<String ID="string_315" HPOS="1261" VPOS="2146" WIDTH="128" HEIGHT="37" WC="0.95" CONTENT="(punkt"/><SP WIDTH="23" VPOS="2146" HPOS="1389"/>
							<String ID="string_316" HPOS="1412" VPOS="2148" WIDTH="46" HEIGHT="34" WC="0.92" CONTENT="17,"/><SP WIDTH="22" VPOS="2148" HPOS="1458"/>
							<String ID="string_317" HPOS="1480" VPOS="2158" WIDTH="26" HEIGHT="20" WC="0.91" CONTENT="s."/><SP WIDTH="23" VPOS="2158" HPOS="1506"/>
							<String ID="string_318" HPOS="1529" VPOS="2149" WIDTH="70" HEIGHT="35" WC="0.96" CONTENT="23),"/>
						</TextLine>
						<TextLine ID="line_36" HPOS="92" VPOS="2181" WIDTH="1270" HEIGHT="50">
							<String ID="string_319" HPOS="92" VPOS="2181" WIDTH="238" HEIGHT="32" WC="0.96" CONTENT="innebärande"/><SP WIDTH="25" VPOS="2181" HPOS="330"/>
							<String ID="string_320" HPOS="355" VPOS="2185" WIDTH="214" HEIGHT="31" WC="0.96" CONTENT="oförändrad"/><SP WIDTH="27" VPOS="2185" HPOS="569"/>
							<String ID="string_321" HPOS="596" VPOS="2189" WIDTH="329" HEIGHT="41" WC="0.91" CONTENT="medelsanvisning,"/><SP WIDTH="28" VPOS="2189" HPOS="925"/>
							<String ID="string_322" HPOS="953" VPOS="2192" WIDTH="201" HEIGHT="31" WC="0.96" CONTENT="hemställer"/><SP WIDTH="27" VPOS="2192" HPOS="1154"/>
							<String ID="string_323" HPOS="1181" VPOS="2196" WIDTH="181" HEIGHT="35" WC="0.96" CONTENT="utskottet,"/>
						</TextLine>
					</TextBlock>
					<TextBlock ID="block_9" HPOS="402" VPOS="2237" WIDTH="1197" HEIGHT="178">
						<TextLine ID="line_37" HPOS="448" VPOS="2237" WIDTH="1151" HEIGHT="52">
							<String ID="string_324" HPOS="448" VPOS="2238" WIDTH="50" HEIGHT="27" WC="0.95" CONTENT="att"/><SP WIDTH="30" VPOS="2238" HPOS="498"/>
							<String ID="string_325" HPOS="528" VPOS="2237" WIDTH="186" HEIGHT="39" WC="0.96" CONTENT="riksdagen"/><SP WIDTH="32" VPOS="2237" HPOS="714"/>
							<String ID="string_326" HPOS="746" VPOS="2240" WIDTH="56" HEIGHT="29" WC="0.95" CONTENT="må"/><SP WIDTH="33" VPOS="2240" HPOS="802"/>
							<String ID="string_327" HPOS="835" VPOS="2241" WIDTH="48" HEIGHT="29" WC="0.93" CONTENT="till"/><SP WIDTH="30" VPOS="2241" HPOS="883"/>
							<String ID="string_328" HPOS="913" VPOS="2242" WIDTH="229" HEIGHT="31" WC="0.91" CONTENT="Bestridande"/><SP WIDTH="30" VPOS="2242" HPOS="1142"/>
							<String ID="string_329" HPOS="1172" VPOS="2254" WIDTH="42" HEIGHT="20" WC="0.96" CONTENT="av"/><SP WIDTH="32" VPOS="2254" HPOS="1214"/>
							<String ID="string_330" HPOS="1246" VPOS="2247" WIDTH="268" HEIGHT="32" WC="0.96" CONTENT="resekostnader"/><SP WIDTH="28" VPOS="2247" HPOS="1514"/>
							<String ID="string_331" HPOS="1542" VPOS="2251" WIDTH="57" HEIGHT="38" WC="0.96" CONTENT="för"/>
						</TextLine>
						<TextLine ID="line_38" HPOS="403" VPOS="2285" WIDTH="1196" HEIGHT="51">
							<String ID="string_332" HPOS="403" VPOS="2285" WIDTH="93" HEIGHT="29" WC="0.96" CONTENT="inom"/><SP WIDTH="27" VPOS="2285" HPOS="496"/>
							<String ID="string_333" HPOS="523" VPOS="2287" WIDTH="150" HEIGHT="30" WC="0.96" CONTENT="Förenta"/><SP WIDTH="25" VPOS="2287" HPOS="673"/>
							<String ID="string_334" HPOS="698" VPOS="2289" WIDTH="214" HEIGHT="30" WC="0.96" CONTENT="Nationerna"/><SP WIDTH="29" VPOS="2289" HPOS="912"/>
							<String ID="string_335" HPOS="941" VPOS="2293" WIDTH="145" HEIGHT="29" WC="0.96" CONTENT="utsedda"/><SP WIDTH="26" VPOS="2293" HPOS="1086"/>
							<String ID="string_336" HPOS="1112" VPOS="2295" WIDTH="150" HEIGHT="30" WC="0.95" CONTENT="svenska"/><SP WIDTH="26" VPOS="2295" HPOS="1262"/>
							<String ID="string_337" HPOS="1288" VPOS="2297" WIDTH="230" HEIGHT="39" WC="0.96" CONTENT="stipendiater"/><SP WIDTH="26" VPOS="2297" HPOS="1518"/>
							<String ID="string_338" HPOS="1544" VPOS="2300" WIDTH="55" HEIGHT="30" WC="0.96" CONTENT="för"/>
						</TextLine>
						<TextLine ID="line_39" HPOS="402" VPOS="2334" WIDTH="1195" HEIGHT="54">
							<String ID="string_339" HPOS="402" VPOS="2334" WIDTH="205" HEIGHT="39" WC="0.93" CONTENT="budgetåret"/><SP WIDTH="29" VPOS="2334" HPOS="607"/>
							<String ID="string_340" HPOS="636" VPOS="2338" WIDTH="148" HEIGHT="36" WC="0.92" CONTENT="1957/58"/><SP WIDTH="25" VPOS="2338" HPOS="784"/>
							<String ID="string_341" HPOS="809" VPOS="2341" WIDTH="122" HEIGHT="29" WC="0.96" CONTENT="anvisa"/><SP WIDTH="25" VPOS="2341" HPOS="931"/>
							<String ID="string_342" HPOS="956" VPOS="2344" WIDTH="48" HEIGHT="27" WC="0.96" CONTENT="ett"/><SP WIDTH="26" VPOS="2344" HPOS="1004"/>
							<String ID="string_343" HPOS="1030" VPOS="2345" WIDTH="358" HEIGHT="43" WC="0.92" CONTENT="reservationsanslag"/><SP WIDTH="25" VPOS="2345" HPOS="1388"/>
							<String ID="string_344" HPOS="1413" VPOS="2358" WIDTH="41" HEIGHT="19" WC="0.95" CONTENT="av"/><SP WIDTH="27" VPOS="2358" HPOS="1454"/>
							<String ID="string_345" HPOS="1481" VPOS="2350" WIDTH="116" HEIGHT="30" WC="0.94" CONTENT="12500"/>
						</TextLine>
						<TextLine ID="line_40" HPOS="403" VPOS="2384" WIDTH="140" HEIGHT="31">
							<String ID="string_346" HPOS="403" VPOS="2384" WIDTH="140" HEIGHT="31" WC="0.96" CONTENT="kronor."/>
						</TextLine>
					</TextBlock>
				</ComposedBlock>
				<ComposedBlock ID="cblock_4" HPOS="120" VPOS="2446" WIDTH="890" HEIGHT="37">
					<TextBlock ID="block_10" HPOS="120" VPOS="2446" WIDTH="890" HEIGHT="37">
						<TextLine ID="line_41" HPOS="120" VPOS="2446" WIDTH="890" HEIGHT="37">
							<String ID="string_347" HPOS="120" VPOS="2446" WIDTH="17" HEIGHT="25" WC="0.75" CONTENT="2"/><SP WIDTH="40" VPOS="2446" HPOS="137"/>
							<String ID="string_348" HPOS="177" VPOS="2448" WIDTH="110" HEIGHT="30" WC="0.46" CONTENT="Bihang"/><SP WIDTH="14" VPOS="2448" HPOS="287"/>
							<String ID="string_349" HPOS="301" VPOS="2450" WIDTH="47" HEIGHT="23" WC="0.96" CONTENT="till"/><SP WIDTH="10" VPOS="2450" HPOS="348"/>
							<String ID="string_350" HPOS="358" VPOS="2450" WIDTH="170" HEIGHT="31" WC="0.95" CONTENT="riksdagens"/><SP WIDTH="11" VPOS="2450" HPOS="528"/>
							<String ID="string_351" HPOS="539" VPOS="2454" WIDTH="149" HEIGHT="28" WC="0.94" CONTENT="protokoll"/><SP WIDTH="14" VPOS="2454" HPOS="688"/>
							<String ID="string_352" HPOS="702" VPOS="2456" WIDTH="71" HEIGHT="23" WC="0.94" CONTENT="1957."/><SP WIDTH="22" VPOS="2456" HPOS="773"/>
							<String ID="string_353" HPOS="795" VPOS="2457" WIDTH="15" HEIGHT="22" WC="0.96" CONTENT="6"/><SP WIDTH="12" VPOS="2457" HPOS="810"/>
							<String ID="string_354" HPOS="822" VPOS="2457" WIDTH="84" HEIGHT="24" WC="0.95" CONTENT="saml."/><SP WIDTH="22" VPOS="2457" HPOS="906"/>
							<String ID="string_355" HPOS="928" VPOS="2459" WIDTH="38" HEIGHT="22" WC="0.95" CONTENT="Nr"/><SP WIDTH="30" VPOS="2459" HPOS="966"/>
							<String ID="string_356" HPOS="996" VPOS="2461" WIDTH="14" HEIGHT="22" WC="0.95" CONTENT="3"/>
						</TextLine>
					</TextBlock>
				</ComposedBlock>
			</PrintSpace>
		</Page>
	</Layout>
</alto>
