1878 2836
277 157 19 30 4
716 165 273 34 Statsutskottets
1015 169 176 32 utlåtande
1214 171 49 31 Nr
1283 173 50 29 13.

953 456 60 40 Nr
1041 457 60 39 13.

765 575 110 23 Ankom
894 576 42 23 till
955 576 155 30 riksdagens
1128 578 88 23 kansli
1235 579 51 22 den
1305 576 32 26 26
1354 579 109 29 januari
1483 578 65 26 1937
1566 580 36 23 kl.
1623 579 30 24 11
1673 581 18 23 f.
1711 588 36 16 m.

502 674 184 33 Utlåtande
706 678 11 29 i
735 677 186 38 anledning
942 689 41 20 av
1005 679 124 38 Kungl.
1152 681 119 36 Maj:ts
1292 684 215 35 proposition
1528 683 178 37 angående
1729 684 60 30 lån

722 727 55 38 för
801 729 226 31 anordnande
1051 740 42 20 av
1117 734 194 34 sportstuga
1335 733 58 38 för
1414 733 206 36 personalen
1645 733 20 31 å
1687 743 100 28 gene-

722 778 313 37 ralpoststyrelsens
1064 780 288 39 bankavdelning.

1553 850 67 40 (4:e
1646 850 90 39 avd.)

324 940 13 30 I
358 950 42 20 en
421 941 66 30 den
508 943 38 29 15
565 943 139 37 januari
727 945 80 30 1937
830 945 216 37 dagtecknad
1064 948 224 37 proposition,
1310 959 41 20 nr
1370 950 52 35 45,
1442 950 65 30 har
1529 950 123 36 Kungl.
1673 946 112 46 Maj:t,

278 990 111 30 under
403 989 219 40 åberopande
641 1003 43 21 av
701 995 258 35 propositionen
979 997 107 36 bilagt
1105 998 123 36 utdrag
1248 1009 41 20 av
1309 998 376 39 statsrådsprotokollet
1705 1002 82 29 över

277 1040 477 34 kommunikationsärenden
782 1045 54 30 för
862 1055 133 22 samma
1025 1048 75 35 dag,
1128 1047 176 38 föreslagit
1331 1049 184 37 riksdagen
1541 1050 168 36 medgiva,
1737 1053 49 28 att

277 1090 51 30 till
355 1091 226 32 anordnande
607 1103 43 21 av
674 1097 194 34 sportstuga
894 1096 55 31 för
973 1098 204 35 personalen
1203 1097 20 31 å
1248 1100 404 36 generalpoststyrelsens
1676 1101 108 29 bank-

279 1141 185 37 avdelning
491 1141 58 31 må
578 1153 44 20 av
653 1146 386 35 postsparbanksmedel
1070 1147 145 37 beviljas
1246 1152 47 27 ett
1322 1149 175 31 räntefritt
1527 1148 58 31 lån
1616 1148 21 32 å
1666 1151 121 35 50,000

276 1190 130 31 kronor
427 1192 109 30 under
557 1192 10 30 i
587 1193 184 31 huvudsak
792 1195 42 30 de
855 1195 133 37 villkor,
1011 1206 75 21 som
1108 1197 10 30 i
1140 1198 376 38 statsrådsprotokollet
1538 1200 157 37 angivits.

323 1282 116 32 Under
459 1282 222 40 åberopande
703 1296 42 21 av
766 1297 42 20 en
828 1297 43 21 av
892 1290 384 37 generalpoststyrelsen
1296 1291 101 37 gjord
1419 1292 267 37 framställning,
1709 1302 75 21 var-

277 1332 51 31 till
352 1334 246 32 statskontoret
614 1336 33 37 ej
673 1337 89 30 velat
783 1338 162 31 motsätta
968 1339 51 36 sig
1042 1339 111 37 bifall,
1177 1341 63 30 har
1262 1341 383 37 departementschefen
1669 1342 116 31 anfört

277 1382 170 37 följande:

321 1440 49 32 På
397 1443 67 30 sätt
489 1444 385 37 generalpoststyrelsen
903 1447 65 30 och
994 1449 245 30 statskontoret
1266 1448 194 32 framhållit
1485 1451 90 29 hava
1602 1452 183 29 statsmak-

276 1485 98 29 terna
394 1485 57 30 vid
468 1485 92 31 olika
578 1486 148 31 tilfällen
745 1489 64 29 och
829 1487 43 38 på
891 1489 110 31 skilda
1022 1491 65 29 sätt
1108 1491 192 30 understött
1321 1493 208 29 strävanden
1550 1491 80 31 från
1650 1493 135 36 statliga

274 1524 550 41 tjänstemannaorganisationers
841 1531 74 30 sida
934 1535 49 27 att
1001 1540 124 28 genom
1146 1534 225 30 anordnande
1391 1544 42 21 av
1454 1536 245 30 semesterhem
1718 1536 65 30 och

275 1568 112 36 dylikt
413 1570 125 31 bereda
563 1570 180 37 möjlighet
768 1573 50 30 till
844 1575 231 30 semestervila
1100 1575 55 30 för
1182 1576 109 36 skälig
1317 1577 150 30 kostnad
1493 1577 55 30 för
1574 1577 89 31 vissa
1691 1579 93 29 kate-

275 1611 112 35 gorier
412 1622 42 20 av
478 1612 351 38 befattningshavare.
867 1616 120 31 Senast
1009 1618 64 29 har
1098 1616 38 31 så
1160 1619 97 35 skett,
1282 1617 44 31 då
1352 1620 83 29 1936
1460 1618 56 32 års
1539 1620 140 37 riksdag
1705 1620 79 31 med

275 1652 99 32 bifall
398 1654 50 30 till
472 1655 122 37 Kungl.
620 1656 118 36 Maj:ts
762 1659 8 28 i
788 1658 214 36 proposition
1027 1669 40 20 nr
1091 1660 41 30 32
1158 1660 218 31 framställda
1401 1661 130 37 förslag
1556 1663 155 35 medgav,
1735 1666 49 27 att

275 1695 50 31 till
346 1698 145 30 svenska
510 1698 336 37 järnvägsmännens
865 1701 329 38 vilohemsförening
1214 1713 31 20 u.
1268 1713 30 27 p.
1319 1713 29 21 a.
1370 1704 93 37 finge
1482 1714 42 20 av
1544 1708 127 27 statens
1691 1705 91 37 järn-

275 1738 123 36 vägars
420 1739 220 32 trafikmedel
659 1741 80 36 utgå
760 1745 45 28 ett
826 1743 122 36 bidrag
970 1754 42 20 av
1031 1745 101 36 högst
1153 1746 118 35 40,000
1294 1746 130 31 kronor
1444 1747 51 30 till
1515 1747 204 37 utvidgning
1741 1757 42 21 av

274 1779 222 38 föreningens
516 1784 245 30 semesterhem
785 1784 20 31 å
831 1785 194 32 Hällekind.

319 1823 75 30 Den
418 1833 46 22 nu
487 1824 236 37 föreliggande
744 1826 300 38 framställningen
1069 1839 98 20 avser
1191 1833 49 27 att
1261 1840 42 20 av
1325 1832 387 35 postsparbanksmedel
1736 1835 48 27 ett

273 1863 58 32 lån
353 1866 51 30 till
424 1866 124 39 belopp
570 1877 43 21 av
636 1868 118 35 50,000
775 1870 129 29 kronor
925 1871 109 30 skulle
1054 1871 144 37 beviljas
1220 1872 54 30 för
1296 1872 232 32 förvärvande
1550 1884 42 20 av
1613 1874 168 31 erforder-

274 1906 45 38 lig
339 1910 187 29 tomtmark
546 1911 65 29 och
632 1911 225 31 anordnande
877 1922 42 20 av
937 1922 42 20 en
1000 1914 220 36 sportstuga
1207 1902 21 53 i
1242 1914 242 37 Saltsjöbaden
1504 1916 55 30 för
1577 1918 205 35 personalen

276 1948 20 32 å
329 1952 404 37 generalpoststyrelsens
767 1954 290 37 bankavdelning.
1114 1955 108 32 Lånet
1256 1958 110 30 skulle
1399 1958 78 37 löpa
1511 1959 174 30 räntefritt
1716 1960 65 29 och

274 1996 190 27 amorteras
488 1995 79 30 med
592 1996 95 34 1,000
711 1997 127 30 kronor
860 2006 59 27 per
943 1996 37 31 år
1004 1998 110 30 under
1138 1999 40 30 50
1201 1998 47 31 år.
1296 2000 52 29 En
1370 2010 42 20 av
1435 2001 205 36 personalen
1664 2002 119 29 bildad

274 2036 206 35 sportklubb
503 2037 65 30 har
596 2038 107 29 sedan
733 2037 105 37 några
868 2038 38 31 år
935 2040 137 36 förhyrt
1101 2050 42 21 en
1173 2041 79 31 villa
1280 2042 190 36 därstädes,
1503 2043 64 30 och
1597 2043 184 36 meningen

273 2077 38 30 är
331 2087 47 21 nu
395 2081 58 32 att,
474 2088 56 21 om
550 2080 154 30 nämnda
723 2079 56 31 lån
798 2081 153 36 beviljas,
971 2082 128 37 inköpa
1119 2083 105 30 villan
1243 2085 79 29 med
1341 2084 208 31 tillhörande
1569 2089 86 27 tomt
1675 2086 106 36 jämte

272 2128 43 21 en
338 2121 242 35 angränsande
605 2122 178 37 obebyggd
808 2127 86 27 tomt
919 2128 88 27 samt
1030 2128 49 27 att
1103 2126 116 30 utföra
1242 2126 147 37 ändring
1412 2137 42 20 av
1478 2128 64 29 och
1568 2128 213 37 tillbyggnad

273 2161 51 31 till
346 2163 106 30 villan
473 2163 54 31 för
549 2167 50 27 att
614 2165 126 30 bereda
763 2169 173 33 utrymme
959 2167 54 30 för
1036 2168 194 36 ytterligare
1253 2169 199 36 sovplatser.
1500 2170 115 36 Enligt
1637 2171 66 30 vad
1725 2171 57 36 jag

272 2204 121 31 erfarit
423 2206 38 29 är
491 2206 157 30 avsikten
678 2210 49 27 att
754 2208 54 30 för
838 2211 363 34 sportstugerörelsens
1230 2211 258 31 handhavande
1516 2212 94 30 bilda
1640 2222 42 21 en
1710 2214 69 29 sär-

273 2247 90 30 skild
400 2247 167 37 förening,
607 2249 198 37 förslagsvis
841 2252 176 30 benämnd
1053 2252 402 38 generalpoststyrelsens
1482 2255 299 36 bankavdelnings

272 2290 365 37 sportstugeförening.

316 2331 79 31 Med
417 2333 136 36 hänsyn
576 2334 50 29 till
648 2335 66 29 vad
736 2335 384 37 generalpoststyrelsen
1143 2337 115 31 anfört
1281 2338 65 30 och
1371 2337 44 31 då
1437 2347 124 27 genom
1583 2339 198 37 beviljande

272 2382 41 21 av
335 2372 265 37 ifrågavarande
621 2374 58 31 lån
700 2377 155 36 varaktig
871 2377 179 37 möjlighet
1073 2379 50 30 till
1146 2380 193 30 rekreation
1361 2380 55 31 för
1436 2382 344 35 bankavdelningens

272 2415 103 32 tidvis
399 2416 77 31 hårt
497 2418 211 36 ansträngda
731 2421 159 34 personal
912 2421 109 30 skulle
1043 2421 155 36 beredas,
1221 2422 64 30 har
1304 2422 59 37 jag
1386 2423 55 30 för
1463 2424 72 30 min
1560 2424 54 30 del
1639 2424 9 30 i
1674 2424 107 29 likhet

272 2459 80 30 med
381 2460 246 31 statskontoret
656 2460 116 32 funnit
801 2462 70 36 mig
897 2463 85 30 böra
1012 2463 171 37 tillstyrka
1211 2465 402 37 generalpoststyrelsens
1643 2465 136 36 förelig-
