1910 2824
557 167 102 28 Andra
683 167 197 36 lagutskottets
902 167 149 28 utlåtande
1073 166 49 29 Nr
1144 163 51 34 20.
1611 162 17 31 7

180 241 167 33 Gällande
369 242 123 31 svensk
514 242 217 41 lagstiftning
751 242 135 31 anvisar
907 242 222 41 hyresgästen
1163 243 49 29 att
1235 251 121 31 genom
1378 240 172 40 stämning
1572 239 53 31 till

128 283 148 32 domstol
296 286 80 40 göra
396 285 74 31 sina
491 285 188 41 erinringar
698 285 155 41 gällande
874 287 70 28 mot
964 284 257 31 åsidosättande
1241 294 40 20 av
1301 283 137 40 lagarna
1458 283 75 30 från
1552 282 75 31 hus-

128 328 140 40 ägarens
292 327 83 31 sida.
410 327 149 31 Därmed
583 327 91 31 bliva
697 328 100 30 dessa
819 326 258 32 bestämmelser
1100 327 10 30 i
1136 326 90 41 regel
1249 325 185 31 värdelösa.
1470 325 68 31 Det
1561 324 67 31 blir

129 380 40 20 en
194 369 170 42 besvärlig
389 369 62 31 och
476 369 124 41 dyrbar
627 371 143 39 omgång
795 369 74 31 med
895 369 92 31 oviss
1013 370 135 40 utgång.
1187 367 135 32 Samma
1348 370 103 38 tunga
1475 366 86 32 vilar
1585 368 42 40 på

127 411 199 42 husägaren.
363 412 120 31 Denne
509 414 36 29 är
571 411 189 31 emellertid
787 411 189 31 merendels
1003 410 66 32 den
1095 409 213 32 ekonomiskt
1333 409 150 32 starkare
1508 411 119 39 parten

128 454 62 31 och
211 454 65 31 han
297 454 60 31 har
378 454 53 31 till
452 454 60 31 sitt
533 454 200 41 förfogande
755 453 167 32 särskilda
942 453 198 31 rättsmedel
1162 463 121 30 genom
1304 451 211 42 lagsökning,
1537 451 90 31 kvar-

128 497 76 30 stad
229 497 63 31 och
316 496 172 41 vräkning.
527 496 68 31 Till
618 496 105 31 bådas
748 495 171 41 omistliga
944 495 111 31 fördel
1079 495 63 31 bör
1167 497 48 29 ett
1239 495 168 31 förenklat
1432 494 195 31 förfarande

127 539 139 31 införas.

179 616 179 31 Utskottet
374 616 128 31 erinrar
517 627 56 26 nu,
589 617 49 30 att
654 615 80 32 1936
750 617 53 29 års
819 614 228 41 sakkunnigas
1064 613 214 33 betänkande
1296 614 52 31 för
1363 625 41 20 en
1420 613 207 32 reformerad

127 666 321 42 hyreslagstiftning
467 666 107 31 borde
599 666 85 31 först
705 665 168 37 avvaktas,
897 665 42 31 då
960 676 41 20 av
1023 665 57 31 det
1101 667 84 29 även
1207 664 113 31 kunde
1342 664 174 31 förväntas
1538 665 89 30 över-

128 717 151 41 vägande
306 717 11 31 i
342 717 193 31 motionens
562 717 98 41 syfte.
698 716 49 31 På
772 716 109 41 grund
906 727 41 20 av
973 715 303 41 parlamentariska
1303 714 230 32 erfarenheter
1557 716 71 29 tror

128 768 55 42 jag
201 768 169 42 knappast
389 770 48 29 att
456 768 11 30 i
487 769 58 30 vår
564 767 87 41 epok
670 769 47 29 ett
737 767 121 31 sådant
878 766 233 41 övervägande
1130 766 152 31 kommer
1300 767 49 29 att
1367 765 59 32 ske
1446 765 11 31 i
1477 765 65 32 den
1564 776 63 20 om-

128 818 148 42 fattning
297 819 174 31 motionen
492 818 186 41 ifrågasatt.
713 817 81 31 Men
816 828 121 30 genom
959 816 186 32 utskottets
1167 816 175 31 uttalande
1364 816 67 31 blir
1453 816 56 41 jag
1530 815 11 31 i
1563 814 65 32 till-

129 870 79 31 fälle
237 872 58 35 att,
324 869 77 31 med
430 868 422 42 riksdagshandlingarnas
881 867 261 32 överlämnande
1171 866 219 42 petitionsvis
1418 866 55 31 till
1500 866 126 41 Kungl.

127 921 109 40 Maj:t,
260 921 113 31 kunna
396 920 62 31 hos
483 920 41 31 de
550 919 246 41 »sakkunniga»
824 918 82 31 eller
930 918 123 31 efteråt
1076 918 63 31 hos
1163 917 200 42 regeringen
1387 917 160 42 påminna
1572 927 54 21 om

127 971 66 31 alla
217 971 41 31 de
282 971 11 31 i
316 970 175 32 motionen
514 970 176 42 påkallade
715 970 208 41 åtgärderna.

868 1037 16 17 +

180 1106 75 32 Vad
273 1108 103 40 angår
393 1106 192 31 motionens
604 1105 158 42 yrkande,
781 1107 48 29 att
846 1107 42 39 på
907 1104 143 32 anförda
1068 1104 82 37 skäl,
1169 1104 90 31 vilka
1275 1104 61 31 här
1353 1103 175 42 åberopas,
1548 1104 80 40 göra

127 1157 365 42 hyreslagstiftningen
529 1157 54 31 till
620 1156 140 31 föremål
787 1156 53 31 för
865 1155 213 41 väsentligen
1106 1154 355 32 överensstämmande
1486 1153 141 32 nordisk

129 1207 216 41 lagstiftning
380 1208 11 30 i
428 1207 194 41 möjligaste
657 1208 85 36 mån,
770 1208 37 29 så
832 1206 51 31 får
907 1206 55 31 väl
987 1216 109 27 anses,
1122 1207 50 30 att
1197 1205 168 31 utskottet
1387 1224 43 3 —
1454 1206 87 29 trots
1567 1204 60 31 sitt

128 1258 214 31 erkännande
360 1270 46 19 nu
424 1258 12 31 i
454 1258 57 31 det
529 1258 172 41 justerade
719 1256 229 32 betänkandet
968 1267 40 20 av
1026 1256 118 31 värdet
1162 1258 79 29 utav
1260 1267 41 20 en
1319 1255 151 41 enhetlig
1487 1254 140 32 nordisk

128 1308 217 42 lagstiftning
370 1311 42 39 på
437 1308 91 31 olika
553 1308 247 31 rättsområden
824 1327 42 2 —
890 1307 153 41 avstyrkt
1068 1307 63 31 och
1156 1307 53 30 för
1234 1306 54 32 sin
1313 1306 55 31 del
1394 1305 233 42 omöjliggjort

128 1360 105 31 sådan
254 1360 156 31 omtanke
432 1359 12 31 i
465 1359 57 31 det
544 1358 231 42 föreliggande
797 1358 105 37 fallet,
924 1359 87 30 trots
1033 1359 49 29 att
1103 1358 113 30 såsom
1236 1357 12 30 1
1269 1356 174 31 motionen
1465 1356 161 31 skildrats

127 1411 99 41 läget,
253 1410 103 31 såvitt
380 1410 55 41 jag
462 1409 134 37 förstår,
623 1408 204 42 uppfordrar
851 1408 54 31 till
931 1419 41 20 en
998 1407 106 31 sådan
1130 1407 160 41 framsyn.

179 1461 99 31 Inom
298 1460 166 32 utskottet
484 1459 160 31 anfördes
666 1470 40 20 av
726 1470 42 20 en
787 1458 104 31 bland
913 1458 81 31 1936
1014 1460 54 28 års
1091 1457 259 41 »sakkunnige»,
1372 1458 49 30 att
1441 1457 42 31 de
1503 1455 124 32 hunnit

127 1513 37 29 så
185 1511 94 41 långt
300 1511 76 30 med
399 1511 60 30 sitt
480 1509 223 37 betänkande,
727 1511 48 28 att
797 1509 11 30 i
830 1509 57 30 det
908 1508 126 31 stadiet
1057 1508 29 41 ej
1110 1507 113 32 kunde
1246 1507 155 32 förordas
1422 1509 104 39 något
1547 1518 79 30 upp-

127 1562 83 31 skov
232 1562 77 31 med
332 1561 207 41 uppdragets
564 1559 226 41 fullföljande,
814 1558 105 32 vilket
942 1559 36 40 ju
1001 1558 65 31 kan
1090 1569 78 20 vara
1192 1558 118 41 riktigt
1333 1568 75 21 men
1432 1557 30 41 ej
1487 1557 140 31 hindrar

126 1613 132 41 hänsyn
277 1612 54 31 till
350 1611 210 32 önskemålet
579 1622 70 19 mer
669 1610 82 31 eller
771 1609 130 31 mindre
920 1609 58 31 vid
997 1608 241 41 efterföljande
1258 1608 236 41 beredningar.
1528 1607 99 32 »Sak-

126 1663 167 41 kunnige»
317 1662 86 32 hade
426 1662 53 31 för
500 1661 110 41 övrigt
631 1663 83 29 även
735 1660 84 41 tagit
841 1660 55 31 del
918 1671 40 20 av
981 1670 111 20 annan
1114 1659 242 31 skandinavisk
1377 1658 218 41 lagstiftning
1615 1658 11 30 i

127 1716 121 29 ämnet.
280 1714 51 30 Av
352 1713 103 31 andra
476 1712 186 31 ledamöter
682 1711 202 31 framfördes
906 1710 273 41 betänkligheter
1200 1712 70 29 mot
1290 1712 49 29 att
1358 1709 163 31 inblanda
1543 1711 83 29 även

127 1764 147 31 Finland
293 1764 11 31 i
323 1763 274 37 samförståndet,
617 1762 172 31 erinrades
808 1763 48 29 att
875 1761 41 31 de
935 1761 177 41 påkallade
1134 1760 256 32 föreskrifterna
1409 1760 11 30 i
1438 1759 189 42 byggnads-

128 1817 103 29 sättet
247 1815 109 31 skulle
373 1814 138 41 fördyra
526 1814 107 41 hyran
650 1814 52 30 för
719 1812 130 31 mindre
866 1811 200 32 bemedlade
1085 1811 62 31 och
1163 1811 216 41 ifrågasattes
1395 1812 50 29 att
1462 1822 42 20 en
1521 1810 105 32 sådan

126 1878 57 19 ren
213 1866 104 31 social
344 1864 217 42 lagstiftning
588 1875 71 19 som
685 1862 374 42 hyreslagstiftningen,
1086 1861 123 31 bakom
1236 1861 113 31 vilken
1376 1860 99 32 rörde
1503 1861 53 40 sig
1583 1871 41 20 en

127 1916 183 41 böljegång
327 1926 39 20 av
383 1915 143 40 stridiga
543 1915 169 30 intressen
731 1913 61 31 och
810 1913 183 40 meningar,
1012 1912 168 41 knappast
1197 1912 154 40 lämpade
1369 1911 52 41 sig
1439 1911 54 31 till
1510 1910 116 32 försök

127 1967 11 30 i
162 1965 242 32 skandinavisk
427 1964 207 32 samverkan.

180 2017 68 30 För
269 2016 69 31 min
361 2016 54 30 del
437 2015 188 30 framhölls:
649 2017 48 28 att
719 2025 41 20 en
783 2024 192 31 gemensam
998 2012 218 41 lagstiftning
1236 2011 72 32 icke
1330 2011 127 32 uteslöt
1480 2011 62 32 och
1565 2011 61 31 hit-

128 2068 90 30 intill
239 2067 30 41 ej
290 2066 107 31 heller
418 2066 166 36 uteslutit,
606 2068 48 28 att
673 2065 10 31 i
704 2065 90 30 vissa
814 2063 145 42 punkter
979 2063 41 31 de
1040 2063 110 31 skilda
1171 2063 179 31 ländernas
1372 2062 254 41 lagstiftningar

128 2119 101 41 gingo
247 2118 53 31 sin
319 2129 83 29 egen
420 2119 74 38 väg;
513 2119 48 28 att
579 2115 304 40 överkomligheter
899 2115 52 30 för
969 2114 132 30 mindre
1118 2112 199 32 bemedlade
1334 2115 49 29 att
1400 2113 34 30 få
1450 2112 44 31 bo
1511 2114 115 39 någor-

128 2169 103 30 lunda
255 2168 137 31 ostörda
415 2178 39 19 av
477 2177 145 30 grannar
644 2166 51 30 väl
718 2165 111 31 kunde
853 2164 214 31 ekonomiskt
1091 2163 213 41 organiseras
1327 2163 123 31 likaväl
1474 2174 72 20 som
1570 2162 56 31 det

128 2230 99 20 anses
250 2221 41 39 gå
314 2219 51 30 för
387 2218 52 40 sig
460 2219 49 29 att
531 2216 154 31 anskaffa
707 2215 154 41 billigare
884 2214 162 32 bostäder
1068 2216 34 29 åt
1122 2214 158 30 barnrika
1302 2213 158 41 familjer;
1485 2216 48 28 att
1556 2213 70 40 just

129 2272 48 28 ett
203 2270 208 39 gemensamt
436 2267 250 30 framträdande
711 2266 76 30 med
812 2265 169 40 riktlinjer
1007 2264 53 31 för
1085 2266 49 28 att
1159 2266 80 38 göra
1264 2265 84 29 även
1373 2266 48 28 ett
1445 2263 180 40 hyreshem

129 2318 312 39 människovärdigt
467 2328 80 19 vore
575 2327 40 20 en
645 2315 177 39 förnämlig
849 2314 137 41 uppgift
1013 2314 52 30 för
1090 2313 156 31 nordiskt
1273 2313 352 41 lagstiftningsarbete

129 2371 52 30 till
199 2369 179 31 ländernas
396 2370 75 38 eget
488 2377 87 30 gagn
593 2366 60 31 och
671 2365 82 31 stolt
772 2364 145 31 förebild
935 2364 10 30 i
962 2364 237 30 bemödanden
1217 2364 52 30 för
1286 2365 127 29 rättens
1431 2363 195 31 universali-

129 2423 60 34 tet;
210 2422 86 29 samt
316 2422 47 27 att
384 2417 189 31 samarbete
593 2416 74 31 med
687 2417 48 29 ett
760 2415 83 31 färre
864 2414 91 31 antal
975 2413 117 31 länder
1111 2415 84 29 även
1216 2424 79 20 vore
1316 2413 158 40 önskligt,
1496 2424 53 20 om
1570 2413 57 31 det

129 2473 107 29 stöter
259 2472 42 40 på
325 2467 238 42 omöjligheter
587 2467 51 30 för
662 2465 73 32 alla.
