2176 2624
693 214 255 32 Statsutskottets
970 215 166 31 utlåtande
1159 215 52 30 Nr
1237 218 48 28 72.
1777 215 6 29 1

905 462 66 38 Nr
1004 461 76 40 72.

700 551 125 26 Ankom
849 550 49 27 till
922 550 187 36 riksdagens
1134 551 102 27 kansli
1261 551 60 27 den
1347 551 38 27 20
1409 551 79 36 april
1517 551 77 27 1920
1619 551 40 27 kl.
1688 551 36 27 12
1748 559 41 19 m.

510 625 192 36 Utlåtande
742 625 15 35 i
796 624 195 48 anledning
1032 637 44 23 av
1117 625 100 35 väckt
1251 624 133 37 motion
1413 638 55 23 om
1495 625 223 36 statsinlösen
1747 638 43 22 av

605 684 118 37 Södra
751 685 183 35 Dalarnes
954 685 160 49 järnväg
1143 686 60 35 och
1231 685 172 36 bandelen
1423 685 308 37 Rättvik—Mora
1747 698 43 23 av

609 744 265 37 Göävle—Dala
895 745 171 49 järnväg.
1488 761 71 50 (4:e
1588 760 100 50 avd.)

295 848 65 36 Uti
389 860 47 24 en
463 848 101 36 inom
592 848 118 36 andra
738 848 214 36 kammaren
981 848 126 46 väckt,
1135 848 57 36 till
1220 848 287 37 statsutskottet
1535 848 58 36 för
1620 848 170 37 förbere-

194 899 122 36 dande
344 899 233 49 behandling
604 899 185 37 hänvisad
818 899 147 36 motion
993 899 58 48 (nr
1080 899 87 49 205)
1196 900 68 36 har
1291 900 89 35 herr
1400 900 48 35 H.
1470 900 321 36 Hansson
1654 895 18 57 i
1693 900 98 36 Rätt-

193 951 64 36 vik
286 951 207 48 hemställt,
522 956 55 31 att
604 950 208 50 riksdagen
840 954 117 33 måtte
977 950 146 37 besluta
1143 956 55 31 att
1217 951 11 36 i
1249 950 184 37 skrivelse
1452 950 56 37 till
1527 951 141 49 Kungl.
1687 952 105 48 Maj:t

192 1003 142 48 begära
375 1002 228 49 vidtagande
645 1016 47 23 av
734 1002 240 37 omedelbara
1015 1003 175 48 åtgärder
1231 1003 57 36 för
1323 1002 243 38 statsinlösen
1596 1016 47 23 av
1673 1003 119 37 Södra

192 1055 188 37 Dalarnes
404 1055 166 49 järnväg
598 1055 71 37 och
696 1055 187 36 bandelen
911 1054 314 38 Rättvik—Mora
1253 1069 47 22 av
1329 1054 270 38 Gävle—Dala
1613 1055 177 49 järnväg.

295 1107 18 36 I
341 1106 110 50 fråga
478 1120 61 24 om
567 1107 46 36 de
643 1107 82 36 skäl
753 1107 239 36 motionären
1020 1107 125 37 anfört
1173 1107 54 36 till
1249 1107 85 37 stöd
1355 1108 58 36 för
1433 1107 57 36 sin
1510 1107 282 49 framställning

194 1159 56 36 får
277 1159 189 37 utskottet
495 1159 159 36 hänvisa
682 1159 56 36 till
767 1159 203 37 motionen.

296 1236 240 37 Motionären
572 1237 68 36 har
680 1236 216 48 framhållit,
933 1237 178 36 hurusom
1139 1249 140 37 genom
1308 1237 74 36 den
1410 1237 119 36 redan
1557 1237 236 37 verkställda

194 1288 247 37 statsinlösen
481 1302 47 23 av
564 1288 461 37 Mora—Vänernsbanan
1055 1288 68 37 och
1153 1287 377 51 Orsa—Sveglinjen
1558 1294 97 31 samt
1682 1290 111 36 dessa

193 1339 267 38 bansträckors
490 1340 328 37 sammanförande
847 1341 87 36 med
962 1341 280 36 Inlandsbanan
1271 1340 65 36 det
1358 1341 107 36 torde
1486 1341 37 36 få
1541 1354 113 23 anses
1674 1341 116 49 givet,

194 1396 55 32 att
277 1405 47 24 en
353 1392 295 37 förbindelseled
677 1395 118 34 måste
825 1392 114 37 sökas
968 1393 81 36 från
1078 1392 104 36 Mora
1210 1391 58 37 till
1295 1392 161 49 lämplig
1474 1393 120 48 punkt
1613 1395 48 47 på
1679 1406 113 23 norra

194 1444 234 48 stambanan,
471 1444 231 49 exempelvis
732 1444 156 37 Storvik
917 1444 90 37 eller
1035 1444 157 49 Krylbo.
1248 1443 150 38 Sådana
1426 1444 253 37 förbindelser
1706 1445 84 36 fun-

194 1509 68 23 nes
303 1496 118 37 redan
461 1496 57 36 till
558 1496 128 50 bägge
728 1497 46 36 de
814 1496 164 37 nämnda
1014 1496 191 49 platserna
1232 1496 12 36 i
1274 1496 271 37 GävleDala
1573 1497 71 36 och
1674 1496 118 38 Södra

194 1548 186 37 Dalarnes
404 1549 218 49 järnvägar.
678 1548 87 38 Men
794 1551 42 34 så
863 1549 116 48 länge
1008 1548 109 37 dessa
1146 1561 89 24 vore
1265 1548 173 37 enskilda
1466 1549 133 49 bolags
1628 1550 162 48 företag,

194 1600 96 37 hade
332 1601 38 47 ju
403 1606 125 32 staten
557 1601 92 37 liten
677 1601 91 37 eller
795 1601 119 49 ingen
943 1600 200 49 möjlighet
1171 1605 55 32 att
1253 1605 71 32 öva
1352 1600 206 49 inflytande
1587 1604 47 46 på
1662 1601 129 37 trafik-

194 1652 287 38 förhållandena
522 1655 20 34 å
583 1653 109 37 dessa
726 1653 120 49 linjer.
902 1653 75 36 Det
1004 1653 96 36 hade
1128 1652 114 37 också
1270 1653 100 36 visat
1398 1653 71 48 sig,
1498 1658 55 32 att
1581 1653 67 37 allt
1676 1653 116 37 sedan

196 1704 120 37 Södra
348 1705 184 36 Dalarnes
555 1705 166 49 järnväg
749 1705 216 48 framdrogs
992 1704 56 37 till
1076 1705 167 47 Rättvik,
1272 1705 111 36 dessa
1410 1705 97 37 båda
1535 1705 114 49 bolag
1675 1706 13 36 i
1717 1706 74 36 för-

194 1755 155 38 blindad
386 1757 80 37 iver
494 1762 54 31 att
576 1756 98 38 vålla
702 1757 186 37 varandra
917 1757 164 37 avbräck
1110 1759 41 34 så
1177 1761 85 44 gott
1291 1770 80 24 som
1401 1756 241 50 fullständigt
1669 1757 122 37 åsido-

195 1813 75 33 satt
311 1808 277 37 allmänhetens
629 1809 238 49 berättigade
895 1809 94 37 krav
1017 1812 48 46 på
1093 1809 92 36 lätta
1214 1809 69 37 och
1311 1809 187 36 bekväma
1525 1809 264 37 förbindelser.

195 1860 114 37 Detta
337 1861 216 49 framginge
582 1861 84 37 med
695 1861 49 37 all
772 1861 189 37 önskvärd
990 1860 189 50 tydlighet
1207 1874 46 23 av
1272 1874 47 23 en
1339 1860 99 37 blick
1457 1864 48 46 på
1523 1861 267 37 tidtabellerna

195 1913 56 36 för
288 1913 45 36 de
363 1913 96 37 båda
481 1912 270 50 järnvägarna.
807 1913 74 37 Vid
908 1913 168 48 Rättvik,
1106 1926 79 23 som
1214 1917 114 45 utgör
1355 1913 435 48 förbindelsestationen,

194 1965 230 37 framträdde
465 1965 347 38 missförhållandet
852 1965 173 38 starkast.
1080 1964 122 50 Ingen
1244 1978 80 23 som
1361 1965 99 37 helst
1488 1966 187 49 förnuftig
1702 1966 89 49 plan

193 2017 58 36 vis
280 2018 22 36 å
329 2017 59 37 vis
416 2018 213 49 tågtiderna
657 2021 20 33 å
705 2018 46 36 de
780 2017 96 38 båda
900 2021 253 45 järnvägarna
1173 2018 148 36 funnes.
1359 2018 74 36 Det
1453 2018 169 37 förefölle
1642 2023 148 42 nästan,

194 2082 81 24 som
304 2082 60 24 om
392 2069 219 50 respektive
639 2070 392 48 trafikförvaltningar
1058 2069 238 37 uteslutande
1326 2069 133 37 drivits
1487 2083 47 24 av
1562 2070 147 37 önskan
1736 2075 56 32 att

194 2121 120 37 ordna
342 2121 286 38 förhållandena
656 2121 56 37 till
740 2122 288 37 trafikanternas
1056 2121 221 49 förargelse.
1334 2121 82 37 Vad
1444 2122 60 36 för
1523 2123 127 48 övrigt
1672 2122 119 37 Södra

194 2173 183 37 Dalarnes
401 2174 162 49 järnväg
598 2174 181 49 anginge,
809 2179 130 45 syntes
968 2174 73 47 det,
1071 2187 79 24 som
1180 2187 59 23 om
1268 2173 154 50 bolaget
1450 2174 34 49 ej
1514 2174 119 37 skulle
1661 2188 90 23 vara
1779 2175 12 35 i

194 2225 211 49 besittning
444 2239 47 24 av
533 2226 172 50 förmåga
746 2231 55 32 att
833 2231 91 32 över
951 2225 129 37 huvud
1109 2226 117 37 ordna
1254 2225 158 38 trafiken
1441 2226 191 49 nöjaktigt
1661 2227 57 36 för
1745 2226 45 37 de

193 2278 159 49 bygder,
394 2277 71 38 den
507 2278 120 37 berör.
681 2279 100 36 Från
810 2278 293 50 befolkningens
1131 2278 81 37 sida
1239 2283 112 32 växte
1379 2278 113 37 också
1519 2279 65 36 allt
1612 2292 80 24 mer
1721 2279 69 37 och

194 2343 80 24 mer
302 2330 133 37 kravet
462 2333 48 47 på
538 2336 53 31 ett
619 2335 142 33 statens
788 2330 227 51 ingripande
1043 2331 12 36 i
1084 2331 93 37 form
1207 2344 46 24 av
1280 2331 161 36 inlösen.

236 2392 117 37 Bihang
375 2392 44 29 till
441 2392 168 38 riksdagens
626 2394 147 36 protokoll
797 2394 89 28 1920.
934 2395 18 27 6
973 2393 83 29 saml.
1101 2394 41 28 40
1164 2393 72 36 häft.
1282 2391 63 39 (Nr
1368 2390 148 37 72—74.)
1590 2400 53 20 1387.
1660 2401 25 19 20
1733 2394 13 27 1
