2204 2602
185 1886 169 28 Utskottets

194 1922 154 33 yttrande.

396 200 19 30 6
893 201 251 33 Statsutskottets
1166 203 165 31 utlåtande
1354 203 52 31 Nr
1428 206 49 28 44.

397 285 161 46 700,000
600 285 144 37 kronor
784 286 57 37 för
882 289 39 34 år
967 289 96 35 1922
1097 288 72 36 och
1198 289 217 36 återstoden
1444 288 58 37 för
1530 292 40 34 år
1602 291 110 36 1923.
1768 290 221 51 Riksdagen

393 336 175 37 nedsatte
597 337 210 37 emellertid
836 338 44 37 de
911 338 58 37 för
998 342 88 34 åren
1118 342 96 35 1921
1246 340 70 37 och
1348 343 96 34 1922
1474 341 218 50 föreslagna
1711 342 188 49 beloppen
1918 342 69 49 till,

394 391 125 34 såsom
549 389 99 37 förut
676 395 163 43 nämnts,
870 392 164 46 500,000
1062 391 145 37 kronor
1241 392 57 37 för
1326 392 172 37 vartdera
1518 396 89 34 året.
1656 394 50 36 På
1726 394 126 49 grund
1870 395 119 37 härav

393 453 111 24 anser
534 441 75 49 jag
650 441 81 49 mig
771 442 82 37 icke
894 442 128 37 kunna
1062 443 192 50 tillstyrka
1296 444 213 49 beviljande
1538 459 47 23 av
1613 446 120 48 högre
1762 446 139 50 belopp
1930 447 59 36 för

393 492 105 37 tiden
528 495 17 33 1
571 494 254 48 januari—30
852 495 83 48 juni
967 497 95 35 1923
1093 500 46 32 än
1169 497 163 47 250,000
1361 497 151 48 kronor,
1541 498 266 37 motsvarande
1824 500 165 45 500,000

393 544 140 37 kronor
561 545 58 36 för
647 546 79 36 helt
755 549 71 34 år.»

495 630 240 39 Beträffande
779 632 62 37 det
868 632 12 36 i
910 632 163 38 särskild
1113 634 239 49 proposition
1389 634 211 50 framlagda
1628 636 187 49 förslaget
1845 649 61 24 om
1935 641 55 32 ett

393 683 231 37 omedelbart
664 685 295 48 igångsättande
997 699 47 23 av
1072 685 180 38 arbetena
1281 689 20 34 å
1328 688 220 36 Barsebäcks
1576 687 115 36 hamn
1719 688 69 36 har
1816 688 173 49 departe-

391 735 265 37 mentschefen
686 737 127 36 anfört
841 736 186 50 följande:

498 787 82 36 »Av
620 788 74 36 vad
722 789 11 36 i
763 788 155 37 ärendet
946 789 244 37 förekommit
1218 790 177 49 framgår,
1430 795 53 32 att
1510 790 238 38 Barsebäcks
1777 791 115 37 hamn
1920 805 68 23 nu-

393 851 103 23 mera
523 839 169 38 befinner
721 840 60 49 sig
808 841 10 35 i
847 846 55 31 ett
931 841 133 36 sådant
1093 842 119 48 skick,
1243 847 55 31 att
1325 855 88 24 man
1432 842 84 38 icke
1536 848 90 32 utan
1645 843 82 37 fara
1746 843 59 37 för
1823 848 55 32 att
1898 843 90 37 den-

392 903 143 24 samma
576 892 95 37 skall
714 893 238 48 fullständigt
996 894 182 36 förstöras
1207 907 113 36 synes
1349 894 127 37 kunna
1504 895 164 36 avvakta
1696 894 74 38 den
1797 895 190 49 tidpunkt,

392 942 47 36 då
467 943 123 37 medel
619 944 59 36 för
705 945 186 36 hamnens
919 945 301 37 iståndsättånde
1249 945 101 38 bliva
1377 946 242 49 tillgängliga
1639 947 84 36 från
1742 947 144 49 anslag,
1907 961 81 23 som

392 994 170 37 anvisats
591 995 92 38 eller
712 997 128 36 äskats
868 997 61 36 för
958 996 46 38 de
1033 997 55 36 till
1115 997 363 51 fiskehamnsgrupp
1506 999 16 35 I
1550 999 169 36 hörande
1747 999 241 50 hamnbygg-

391 1046 128 37 nader.
575 1047 72 37 Det
690 1061 115 36 synes
846 1049 128 36 därför
1006 1049 236 48 nödvändigt
1271 1054 54 31 att
1353 1050 138 37 bereda
1519 1051 123 36 medel
1672 1051 57 36 för
1757 1051 231 49 påbörjande

392 1111 47 23 av
467 1098 291 49 ifrågavarande
788 1100 154 36 arbeten
972 1106 148 31 snarast
1149 1101 149 49 möjligt
1327 1102 117 36 under
1471 1102 257 37 innevarande
1755 1105 79 46 vår,
1856 1103 130 37 därvid

391 1150 58 36 till
490 1152 121 47 grund
654 1151 61 37 för
756 1152 199 37 arbetenag
998 1152 231 37 bedrivande
1266 1153 107 36 torde
1402 1154 127 36 kunna
1557 1154 135 49 läggas
1721 1154 73 37 den
1822 1168 47 23 av
1896 1160 93 44 väg-

393 1202 71 36 och
505 1203 527 50 vattenbyggnadsstyrelsen
1073 1205 215 49 uppgjorda
1329 1205 150 49 planen.
1549 1206 73 35 Till
1663 1206 245 37 undvikande
1942 1220 47 23 av

393 1258 54 32 att
489 1252 85 51 nytt
615 1256 136 48 anslag
792 1256 94 36 skall
927 1256 149 37 behöva
1117 1257 111 36 äskas
1271 1257 119 47 torde,
1433 1260 123 34 såsom
1598 1262 93 44 väg-
1733 1259 71 36 och
1841 1264 148 32 vatten-

391 1306 396 50 byggnadsstyrelsen
827 1308 218 37 alternativt
1087 1308 211 49 föreslagit,
1341 1308 46 37 de
1430 1309 133 48 medel,
1602 1323 81 23 som
1711 1310 190 37 erfordras
1930 1312 59 36 för

391 1358 199 37 arbetenas
630 1359 228 37 bedrivande
900 1360 257 37 innevarande
1199 1363 50 44 år,
1279 1361 207 48 lämpligen
1513 1361 127 37 kunna
1668 1361 208 50 förskjutas
1905 1363 83 36 från

391 1410 247 37 förenämnda
679 1425 48 22 av
763 1413 93 34 1921
891 1415 60 33 års
978 1412 159 48 riksdag
1165 1412 57 37 till
1253 1412 153 37 arbeten
1434 1413 101 36 inom
1563 1413 361 50 fiskehamnsgrupp
1952 1414 36 36 II

391 1461 189 50 beviljade
620 1462 136 49 anslag
783 1466 20 33 å
830 1463 159 50 tillhopa
1020 1465 202 46 1,000,000
1250 1464 153 48 kronor,
1432 1464 120 37 vilket
1580 1464 140 52 belopp
1749 1466 12 36 i
1789 1466 105 49 varje
1921 1465 67 38 fall

389 1513 84 37 icke
502 1514 12 36 i
542 1514 57 36 sin
627 1514 131 37 helhet
784 1515 109 37 lärer:
909 1516 150 36 komma
1087 1520 55 32 att
1170 1520 112 45 tagas
1302 1516 11 36 i
1333 1516 165 50 anspråk
1518 1516 57 37 för
1591 1516 66 37 sitt
1676 1517 172 37 ändamål
1868 1518 119 37 under

390 1566 257 37 innevarande
677 1570 51 33 år.
784 1567 82 37 Vad
886 1567 157 37 sålunda
1062 1568 215 49 förskjutits
1297 1568 107 37 torde
1426 1568 200 37 framdeles
1647 1569 93 37 böra
1760 1570 228 37 återbetalas

391 1618 83 36 från
503 1618 144 49 anslag,
678 1632 80 23 som
787 1619 149 37 komme
965 1624 56 33 att
1040 1620 159 49 beviljas
1218 1620 58 36 till
1295 1620 150 49 företag
1464 1621 101 36 inom
1584 1621 357 51 fiskehamnsgrupp
1957 1622 28 36 I.

391 1670 58 36 Då
477 1670 208 37 emellertid
716 1684 46 23 en
791 1671 103 49 dylik
923 1672 218 49 anordning
1170 1672 121 36 skulle
1319 1672 182 38 innebära
1530 1686 46 23 en
1605 1673 164 50 ändring
1797 1675 9 35 i
1829 1673 158 51 disposi-

390 1722 130 36 tionen
549 1736 44 22 av
622 1723 261 48 omförmälda,
913 1737 47 23 av
987 1724 209 49 riksdagen
1225 1724 178 37 anvisade
1424 1725 143 48 anslag,
1588 1725 69 36 har
1671 1726 72 49 jag
1762 1731 127 32 ansett
1908 1726 79 49 mig

391 1773 92 37 böra
510 1774 233 38 underställa
771 1775 293 49 ifrågavarande
1093 1776 141 37 ärende
1261 1776 228 49 riksdagens
1517 1777 224 49 prövning.»

494 1877 108 38 Efter
643 1878 226 49 tidpunkten
910 1879 61 36 för
1012 1878 309 50 framläggandet
1362 1893 45 23 av
1435 1880 551 38 fiskehamnskommissionens

392 1928 144 49 förslag
562 1930 67 36 har
657 1930 56 36 till
738 1931 198 36 utförande
963 1945 48 22 av
1030 1931 254 38 fiskehamnar
1303 1932 166 36 anvisats
1489 1932 252 49 sammanlagt
1759 1935 226 47 12,768,000

389 1981 153 37 kronor.
597 1982 17 35 I
656 1982 125 37 denna
822 1996 143 23 summa
1005 1983 110 49 ingår
1157 1983 98 37 dock
1290 1984 82 37 icke
1400 1984 72 36 vad
1503 1997 80 23 som
1611 1985 121 36 under
1761 1985 45 37 de
1835 1991 151 31 senaste

391 2036 90 34 åren
510 2033 176 49 beviljats
724 2035 58 36 till
810 2035 393 48 muddringshamnar,
1232 2035 160 50 tillhopa
1423 2038 201 46 1,000,000
1653 2037 151 36 kronor.
1859 2037 128 37 Först-

389 2086 165 36 nämnda
591 2086 59 37 för
683 2089 92 34 åren
806 2088 251 36 1912—1922
1086 2087 189 50 beviljade
1304 2088 150 49 belopp,
1486 2090 227 45 12,768,000
1741 2089 152 48 kronor,
1922 2089 64 37 be-

389 2136 138 37 räknas
564 2151 89 23 vara
687 2138 221 48 tillräckligt
939 2139 59 36 för
1025 2139 189 37 täckande
1242 2153 47 23 av
1316 2140 476 49 byggnadskostnaderna,
1821 2141 165 37 förutom

392 2188 59 36 för
479 2189 114 36 redan
622 2190 82 36 helt
732 2190 90 37 eller
850 2191 229 36 åtminstone
1099 2191 12 36 i
1130 2192 200 36 huvudsak
1350 2192 118 36 redan
1488 2192 264 49 färdigställda
1773 2195 21 34 9
1815 2193 170 47 hamnar,

346 2251 6 6 "
389 2240 59 36 till
475 2241 221 48 ytterligare
726 2245 20 33 2
777 2243 21 36 å
826 2245 20 33 3
876 2242 410 51 hamnanläggningar.
1340 2244 132 49 Enligt
1500 2244 71 37 den
1600 2245 214 49 uppgjorda
1846 2245 140 49 planen

390 2295 141 34 återstå
571 2293 124 48 alltså,
739 2294 428 48 muddringshamnarna
1208 2296 203 47 oräknade,
1444 2296 83 37 icke
1555 2296 147 37 mindre
1731 2301 48 32 än
1809 2296 178 50 omkring

393 2346 45 35 15
469 2345 410 50 hamnanläggningar,
908 2346 127 38 vartill
1062 2347 135 49 anslag
1226 2353 97 31 ännu
1353 2347 83 37 icke
1465 2348 178 37 anvisats.
