2129 2665
407 179 39 30 86
793 185 208 47 Bevillnings-
1009 190 157 35 Utskottets
1190 193 200 37 Betänkande
1412 199 62 33 N:o
1496 203 49 30 16.

364 262 62 34 den
462 265 129 34 franska
629 268 316 38 handelstraktatens
974 275 209 43 förlängande
1213 280 81 33 eller
1318 283 185 42 förnyande,
1529 286 121 34 föreslå
1672 289 192 36 alternativa
1888 294 75 32 tull-

363 318 103 30 satser
489 319 18 30 å
530 329 38 21 en
594 319 50 33 del
667 321 10 31 i
700 322 158 34 tulltaxan
881 330 165 38 upptagna
1072 330 144 33 artiklar.

497 369 111 34 Såsom
643 373 71 33 skäl
748 375 49 32 för
818 377 91 33 dessa
937 379 189 35 alternativa
1150 383 164 34 tullsatser
1336 386 60 33 har
1419 387 166 34 Utskottet
1611 410 40 4 —
1679 392 101 33 ehuru
1804 394 60 32 den
1888 397 73 31 med

360 418 178 35 Frankrike
562 423 103 33 under
688 426 60 31 den
775 430 36 29 14
834 429 157 34 Februari
1017 434 78 31 1865
1119 434 160 34 afslutade
1304 437 267 43 handelstraktat,
1597 441 125 34 hvilken
1738 444 134 34 sednast
1884 447 75 33 blif-

361 470 44 33 vit
444 472 146 43 förlängd
627 475 49 33 för
698 488 38 22 en
761 479 45 31 tid
830 491 66 22 som
920 482 83 33 skall
1026 484 111 43 utlöpa
1160 497 56 22 sex
1244 489 155 33 månader
1423 490 82 33 efter
1529 492 207 36 utfärdandet
1759 497 34 32 af
1814 497 59 32 den
1899 510 59 32 nya

358 522 164 35 allmänna
555 527 159 42 tulltariff,
751 530 127 35 hvilken
914 537 37 29 är
979 536 197 33 underställd
1201 539 131 34 franska
1355 542 180 41 kamrarne,
1560 544 70 32 icke
1654 549 77 30 utan
1756 559 40 31 ny
1818 550 138 33 särskild

357 574 323 38 öfverenskommelse
716 581 62 33 kan
815 586 182 33 utsträckas
1030 589 128 32 utöfver
1188 590 60 33 den
1280 595 10 29 1
1317 593 135 33 Januari
1480 598 76 30 1881
1591 616 38 4 —
1657 598 97 33 likväl
1780 604 107 30 ansett
1909 603 47 41 sig

357 625 76 34 böra
461 631 73 38 taga
557 630 122 44 hänsyn
704 633 48 33 till
776 636 206 42 möjligheten
1007 639 35 33 af
1068 640 70 33 dess
1160 642 204 44 förlängning
1377 650 77 28 utan
1472 650 47 29 att
1531 647 182 44 Riksdagen
1731 650 223 37 dessförinnan

354 677 49 33 får
430 679 128 34 tillfälle
581 686 49 29 att
651 687 84 38 yttra
758 687 49 40 sig
831 688 154 33 deröfver.
1031 692 66 39 Mig
1121 704 92 30 synes
1237 695 141 33 deremot
1403 698 62 31 alla
1488 699 69 31 skäl
1580 701 65 31 tala
1668 702 53 31 för
1744 707 48 27 att
1818 705 135 32 Riksda-

352 738 71 30 gen,
449 730 134 34 alldeles
608 733 182 35 oberoende
814 738 35 32 af
873 739 130 33 franska
1026 742 317 37 handelstraktatens
1366 747 208 44 förlängning
1597 751 77 32 eller
1697 752 80 41 icke,
1808 753 143 35 faststäl-

350 779 48 32 ler
424 781 119 34 sådana
565 784 163 35 tullsatser
750 788 10 31 i
783 789 76 40 allo,
888 802 68 22 som
979 793 182 43 Riksdagen
1185 797 102 33 finner
1309 799 51 32 för
1384 802 69 30 vårt
1475 801 74 32 land
1568 803 155 42 lämpliga
1739 806 60 32 och
1813 808 135 41 nyttiga.

349 831 75 32 Man
452 833 58 32 har
532 837 103 31 såsom
659 838 67 33 skäl
750 840 50 32 för
826 842 114 41 Kongl.
965 844 108 42 Maj:ts
1096 850 64 29 rätt
1182 852 57 37 att,
1255 853 78 29 utan
1348 851 197 40 Riksdagens
1561 854 153 41 hörande,
1733 857 120 33 afsluta
1872 860 78 31 eller

348 883 185 42 ytterligare
556 886 147 43 förlänga
727 890 106 44 dylika
856 893 293 37 handelstraktater
1171 899 157 43 åberopat
1352 902 66 33 dels
1446 903 60 33 den
1533 907 37 30 12
1597 909 19 38 8
1633 907 313 44 Regeringsformen,

348 933 67 34 dels
438 935 199 37 förfarandet
659 941 51 32 vid
734 943 180 34 afslutande
941 947 36 32 af
996 959 43 21 nu
1062 950 151 40 gällande
1241 953 130 33 traktat.
1418 955 73 33 Men
1515 956 111 33 härvid
1650 959 138 33 erinras:

481 991 47 30 att
563 990 60 32 den
660 995 37 30 12
733 996 17 41 8
784 996 301 43 Regeringsformen
1120 1003 113 32 endast
1266 1005 84 31 talar
1384 1017 50 21 om
1470 1005 230 47 afhandlingar
1723 1012 60 31 och
1801 1011 147 43 förbund

347 1047 73 23 men
442 1038 70 34 icke
536 1052 50 21 om
611 1043 302 46 handelstraktater,
937 1050 107 33 hvilka
1068 1052 109 34 kunna
1200 1056 129 32 inverka
1352 1060 41 39 på
1415 1059 203 42 Riksdagens
1645 1063 10 30 i
1683 1073 121 22 samma
1826 1066 118 39 grund-

346 1088 53 41 lag
435 1090 141 34 erkända
611 1095 370 46 sjelfbeskattningsrätt,
1017 1104 59 31 och
1110 1108 49 29 att
1180 1107 199 42 grundlagen
1403 1110 11 31 i
1438 1110 108 43 hvarje
1570 1112 57 32 fall
1650 1113 58 32 bör
1731 1115 104 33 tolkas
1860 1116 84 33 efter

346 1139 71 33 dess
453 1143 211 43 ordalydelse.
710 1149 57 32 Att
798 1150 245 42 ifrågavarande
1075 1156 226 43 afhandlingar
1324 1161 60 31 och
1403 1161 140 33 förbund
1568 1164 162 33 dessutom
1753 1166 190 35 förutsättas

343 1201 75 22 vara
452 1193 36 31 af
514 1206 86 22 mera
623 1198 130 40 politisk
776 1204 41 28 än
845 1202 187 35 ekonomisk
1055 1211 96 28 natur
1172 1208 139 42 framgår
1334 1212 92 31 deraf
1446 1216 48 28 att
1516 1213 304 44 Utrikesministern,
1844 1219 97 42 jemte

342 1243 102 40 någon
467 1255 107 23 annan
602 1248 158 35 tillkallad
783 1251 319 47 Statsrådsledamot,
1128 1259 149 34 deröfver
1299 1262 83 33 skall
1406 1264 105 40 höras,
1539 1277 71 21 men
1635 1267 53 32 det
1710 1268 65 33 kan
1794 1269 61 32 lätt
1869 1273 71 29 tän-

341 1292 57 33 kas
435 1298 48 29 att
517 1297 173 41 ingendera
719 1302 35 32 af
785 1303 92 34 dessa
911 1305 133 35 besitter
1062 1310 69 41 just
1158 1311 38 33 de
1221 1314 198 41 egenskaper
1443 1316 59 31 och
1526 1317 60 32 den
1611 1318 195 41 erfarenhet,
1832 1321 107 33 hvilka

340 1346 162 34 erfordras
530 1349 52 32 för
605 1354 48 29 att
679 1353 118 34 afsluta
821 1366 39 21 en
884 1357 271 44 handelstraktat,
1179 1363 130 42 lämpad
1337 1365 84 33 efter
1444 1368 135 32 svenska
1597 1369 241 43 förhållanden;
1856 1377 84 28 samt

474 1402 48 29 att
547 1401 114 42 Kongl.
689 1404 93 43 Maj:t
808 1407 186 42 visserligen
1018 1411 60 33 den
1105 1416 38 29 14
1165 1414 155 34 Februari
1347 1419 77 30 1865
1448 1419 98 33 afslöt
1573 1420 63 33 den
1660 1422 131 33 franska
1815 1424 122 33 trakta-

338 1449 53 30 ten
415 1452 78 30 utan
515 1455 48 30 att
586 1454 81 32 först
689 1456 150 34 deröfver
862 1460 94 33 hafva
980 1462 73 32 hört
1077 1464 179 35 dåvarande
1284 1468 136 33 Riksens
1445 1470 137 34 Ständer
1603 1474 52 31 må
1671 1484 76 22 vara
1766 1478 81 36 sant,
1864 1487 71 21 men

339 1498 109 34 dervid
472 1501 58 33 bör
551 1504 71 33 icke
645 1506 207 41 förglömmas
880 1511 67 33 dels
970 1517 48 29 att
1040 1516 134 33 svenska
1196 1517 120 34 folkets
1340 1520 180 34 dåvarande
1539 1529 262 36 representanter
1821 1527 116 33 endast

336 1555 258 32 sammanträdde
628 1557 92 33 hvart
748 1561 100 41 tredje
871 1564 45 38 år,
942 1565 47 31 till
1016 1565 81 42 följd
1119 1567 112 33 hvaraf
1252 1571 161 40 svårighet
1439 1573 67 32 ofta
1529 1585 63 31 nog
1615 1575 107 33 kunde
1746 1580 118 42 uppstå
1887 1581 48 30 att

334 1601 131 35 afvakta
492 1616 38 21 en
548 1605 192 44 föregående
762 1612 154 42 pröfning
943 1615 35 32 af
997 1617 191 42 Riksdagen,
1214 1620 66 33 dels
1304 1623 96 32 också
1426 1628 48 28 att
1496 1625 115 42 Kongl.
1636 1628 92 41 Maj:t
1750 1629 10 31 i
1784 1629 58 32 allt
1864 1630 68 39 fall,

333 1653 46 31 uti
402 1654 60 32 den
489 1658 36 30 16
548 1659 136 33 artikeln
708 1663 35 31 af
762 1665 140 32 nämnda
925 1667 119 33 traktat
1066 1669 160 35 förbehöll
1246 1674 181 33 traktatens
1440 1676 265 34 underställande
1723 1680 61 31 den
1796 1681 137 32 svenska

330 1722 50 6 —
401 1706 59 32 och
482 1708 92 33 äfven
597 1711 119 34 norska
739 1733 49 5 —
810 1715 322 43 Representationens
1155 1723 232 40 godkännande
1410 1726 11 32 i
1443 1727 47 32 sin
1509 1728 119 45 helhet,
1655 1730 113 33 hvaraf
1780 1732 151 40 temligen

329 1757 183 40 uppenbart
534 1760 140 42 framgår
696 1767 48 29 att
766 1766 114 42 Kongl.
906 1769 91 41 Maj:t
1019 1773 99 40 ansåg
1141 1774 203 43 erforderligt
1370 1780 49 29 att
1440 1779 51 31 för
1512 1780 180 33 traktatens
1706 1782 150 41 giltighet
1870 1784 59 32 och

329 1805 134 35 bestånd
487 1811 123 34 erhålla
636 1814 202 43 Riksdagens
863 1818 98 34 bifall.

460 1861 258 36 Förhållandena
740 1871 55 29 äro
820 1880 43 21 nu
886 1872 211 34 annorlunda.
1143 1875 15 32 I
1181 1876 173 43 anledning
1377 1879 33 31 af
1430 1890 38 22 en
1493 1881 36 31 af
1548 1882 84 32 Herr
1654 1883 81 33 Sääf
1753 1885 87 32 inom
1862 1887 64 31 An-

327 1909 58 32 dra
407 1911 192 35 Kammaren
623 1916 49 32 vid
700 1920 78 31 1879
803 1921 52 32 års
878 1922 130 42 riksdag
1030 1926 92 31 väckt
1146 1928 119 32 motion
1296 1933 46 28 1:0
1366 1941 50 21 om
1441 1934 225 39 uppgörandet
1688 1935 35 31 af
1742 1936 119 41 förslag
1876 1938 50 32 till

326 1972 40 30 ny
399 1963 137 34 tulltaxa
570 1967 60 31 och
668 1971 50 30 2:o
750 1973 48 29 att
825 1974 104 39 någon
953 1975 261 35 handelstraktat
1237 1980 71 32 med
1330 1981 198 35 främmande
1554 1985 87 32 makt
1663 1986 69 32 icke
1757 1989 97 31 måtte
1877 1989 48 32 af-

325 2012 100 32 slutas
448 2015 66 32 förr
536 2020 42 28 än
602 2018 178 42 Riksdagen
805 2022 104 34 blifvit
931 2026 10 30 i
965 2027 126 32 tillfälle
1115 2032 47 29 att
1184 2030 113 41 pröfva
1311 2033 59 31 och
1383 2033 172 40 godkänna
1569 2039 215 39 nyssnämnda
1798 2039 124 42 förslag

323 2063 49 31 till
396 2065 145 42 tulltaxa,
568 2068 104 34 beslöt
695 2073 137 32 nämnda
855 2075 170 34 Kammare
1048 2078 60 33 den
1133 2083 17 29 2
1173 2081 91 41 April
1287 2084 97 39 sagda
1407 2086 45 38 år,
1483 2087 83 31 efter
1588 2098 38 21 en
1651 2088 109 33 sakrik
1778 2091 57 31 och
1856 2102 66 21 om-

322 2113 144 35 fattande
500 2118 251 45 öfverläggning,
793 2127 46 29 att
872 2126 182 43 Riksdagen
1095 2131 9 31 i
1140 2132 200 43 underdånig
1377 2136 167 34 skrifvelse
1568 2139 102 33 skulle
1699 2141 137 40 anhålla,
1868 2143 54 32 det

320 2165 114 42 Kongl.
459 2169 94 42 Maj:t
574 2173 98 31 måtte
695 2175 34 30 åt
751 2185 39 22 en
814 2176 119 35 komité
955 2180 34 31 af
1009 2180 198 44 sakkunnige
1231 2189 71 28 män
1326 2188 166 41 uppdraga
1515 2200 39 21 en
1577 2191 121 39 ganska
1722 2193 197 33 omfattande

320 2217 60 32 och
420 2230 163 31 noggrann
618 2223 242 46 undersökning
897 2230 10 31 i
942 2231 151 34 afseende
1128 2236 18 30 &
1175 2235 38 32 de
1236 2238 135 32 svenska
1394 2240 209 41 näringarnes
1629 2243 146 33 tillstånd
1799 2256 40 20 m.
1864 2257 52 29 m.,

319 2268 75 34 dock
427 2274 54 39 att,
518 2273 14 31 i
558 2273 145 35 händelse
718 2276 78 42 före
818 2279 194 42 afslutandet
1034 2284 41 41 af
1093 2285 149 34 komiténs
1265 2289 132 43 arbeten,
1416 2289 102 44 fråga
1543 2294 97 32 skulle
1662 2298 117 39 uppstå
1801 2307 49 21 om
1872 2293 51 51 af-
