2119 2661
112 2251 176 31 Vindrufvor.

358 215 41 30 70
738 212 379 44 Bevillnings-Utskottets
1140 212 203 35 Betänkande
1365 216 64 32 N:o
1450 219 47 29 16.

310 298 121 39 kanna,
470 298 169 33 äfvensom
673 298 52 32 för
758 298 64 33 Vin
850 299 35 31 af
911 298 104 42 högre
1039 298 217 40 alkoholhalt,
1279 300 43 40 på
1348 300 159 41 fastager,
1531 300 49 33 till
1604 303 38 30 28
1667 304 58 30 öre
1748 312 61 31 per
1832 301 87 33 skål-

312 349 89 42 pund
428 349 61 33 och
512 352 42 40 på
581 349 145 43 buteljer
748 349 50 33 till
820 352 18 30 2
862 350 125 32 kronor
1016 352 39 31 50
1079 353 55 30 öre
1162 362 60 30 per
1244 350 118 35 kanna.

444 402 15 31 I
493 402 148 40 enlighet
679 401 76 33 med
779 402 86 32 hvad
894 401 175 33 Utskottet
1091 402 10 31 i
1127 402 212 41 inledningen
1361 403 50 31 till
1435 403 94 33 detta
1551 403 212 33 betänkande
1791 404 11 32 i
1824 404 95 41 fråga

312 463 53 21 om
388 453 211 40 vigtenheten
622 453 52 32 för
696 452 286 43 tullberäkningen
1006 456 112 39 yttrat,
1142 453 61 33 har
1225 453 172 34 Utskottet
1420 454 110 43 utbytt
1554 455 61 32 den
1637 455 34 33 af
1689 455 120 42 Kongl.
1826 455 92 42 Maj:t

311 504 51 32 för
384 504 60 32 Vin
469 507 43 39 på
534 505 150 41 fastager
706 504 190 41 föreslagna
921 505 172 41 vigtenhet
1118 508 57 29 100
1198 505 161 41 kilogram
1382 510 67 28 mot
1474 517 40 22 en
1538 506 172 41 vigtenhet
1738 507 34 33 af
1796 510 13 29 1
1835 506 83 33 kilo-

312 566 100 30 gram.
456 556 15 32 I
495 556 238 41 sammanhang
761 556 136 32 härmed
925 556 63 33 och
1013 557 42 32 då
1077 557 60 31 Vin
1163 557 36 32 af
1218 557 104 41 högre
1347 557 208 33 alkoholhalt
1578 561 40 29 än
1644 561 36 29 21
1706 561 141 39 procent
1866 558 52 32 vid

310 607 147 33 sistlidne
489 609 53 31 års
571 608 137 40 riksdag
736 607 185 42 undergick
946 619 39 21 en
1009 608 72 32 icke
1106 608 170 43 obetydlig
1299 608 259 43 tullförhöjning,
1581 609 62 33 har
1665 609 172 34 Utskottet
1861 621 57 21 an-

310 662 67 29 sett
415 659 40 33 de
498 659 34 33 af
566 659 117 42 Kongl.
712 659 91 42 Maj:t
824 659 50 32 för
901 660 61 32 Vin
986 660 35 32 af
1040 671 70 21 mer
1133 663 41 29 än
1198 662 36 30 21
1261 664 157 38 procents
1441 660 50 33 till
1515 661 63 32 och
1602 661 73 32 med
1702 664 38 30 25
1765 664 153 39 procents

310 710 207 31 alkoholhalt
552 711 193 39 föreslagna
772 710 183 39 tullsatser,
983 713 40 29 47
1061 710 123 32 kronor
1206 721 61 30 per
1297 714 59 28 100
1383 711 162 39 kilogram
1571 712 62 31 och
1652 714 38 29 76
1715 715 55 28 öre
1798 723 60 29 per
1880 712 37 31 li-

309 764 51 28 ter
394 760 179 42 lämpligen
601 760 113 33 kunna
738 760 160 42 afjemnas
927 760 49 33 till
999 760 188 42 respektive
1211 764 38 30 45
1274 764 55 29 öre
1354 773 60 30 per
1437 761 160 42 kilogram
1622 762 64 33 och
1711 765 40 30 80
1776 766 55 29 öre
1860 773 58 31 per

308 811 85 33 liter.
446 812 160 32 Deremot
628 812 61 32 har
712 811 172 33 Utskottet
907 812 36 33 af
968 812 81 39 skäl,
1075 823 70 21 som
1168 812 106 34 finnas
1298 813 134 41 angifna
1447 815 47 31 uti
1507 813 410 42 Bevillnings-Utskottets

309 862 53 32 vid
401 865 133 30 senaste
567 863 137 41 riksdag
737 863 125 41 afgifna
899 863 212 33 betänkande
1148 864 174 41 angående
1360 864 284 42 tullbevillningen
1674 867 19 30 å
1724 865 64 33 Vin
1813 865 35 33 af
1869 865 49 32 till

309 913 63 32 och
395 914 75 32 med
495 917 36 29 21
558 917 158 38 procents
741 914 207 33 alkoholhalt
972 917 111 30 ansett
1107 915 49 40 sig
1179 915 82 32 böra
1288 915 123 33 föreslå
1438 917 110 41 någon
1575 916 183 42 förhöjning
1781 917 11 31 i
1820 917 39 32 de
1884 917 36 32 af

308 965 118 41 Kongl.
450 965 93 42 Maj:t
565 965 190 41 föreslagna
777 965 179 40 tullsatser,
981 965 49 32 för
1055 965 62 33 den
1142 966 158 33 händelse
1326 970 49 29 att
1398 967 154 40 gällande
1565 967 125 33 traktat
1704 967 73 33 med
1792 967 125 33 Frank-

308 1015 71 33 rike
407 1015 73 33 icke
505 1015 128 34 komme
658 1020 49 29 att
729 1016 52 32 för
804 1016 276 34 nästkommande
1110 1018 36 31 år
1172 1017 144 42 förnyas.

441 1067 250 34 Hemställande
714 1067 182 40 Utskottet,
922 1078 68 22 som
1016 1069 10 31 i
1050 1068 97 41 öfrigt
1173 1068 70 33 icke
1272 1069 61 33 har
1361 1070 102 40 något
1487 1073 49 29 att
1560 1070 110 32 erinra
1693 1072 66 30 mot
1782 1070 41 32 de
1851 1069 66 32 för-

309 1118 181 41 ändringar
511 1118 118 42 Kongl.
658 1119 91 40 Maj:t
775 1119 10 31 i
809 1118 159 33 afseende
994 1121 19 31 å
1034 1118 155 33 rubriken
1213 1120 61 32 Vin
1297 1120 180 41 föreslagit,

639 1171 36 41 a)
720 1172 59 36 att,
820 1170 114 31 derest
970 1170 63 32 den
1072 1170 75 32 med
1186 1170 182 34 Frankrike
1405 1183 44 20 nu
1488 1171 153 41 gällande
1682 1171 235 32 handelstrak-

704 1223 50 29 tat
793 1220 148 33 kommer
977 1223 49 30 att
1059 1219 51 33 för
1137 1221 274 33 nästkommande
1436 1223 37 31 år
1495 1222 147 42 förnyas,
1667 1221 160 33 rubriken
1856 1222 63 33 Vin

705 1273 52 30 må
785 1271 126 32 erhålla
933 1271 146 42 följande
1103 1271 201 34 förändrade
1328 1273 145 42 lydelse:

707 1322 73 39 Vin,
809 1322 66 33 alla
897 1322 86 41 slag:

778 1374 34 32 af
833 1373 49 32 till
910 1373 62 32 och
996 1374 76 33 med
1095 1376 36 30 21
1157 1377 157 39 procents
1339 1374 222 33 alkoholhalt:

841 1426 44 40 på
907 1424 149 41 fastager
1064 1454 364 9 issn
1455 1428 13 29 1
1494 1426 163 41 kilogram
1684 1444 48 5 —
1759 1428 64 37 16,5
1850 1428 68 38 öre,

841 1477 41 40 på
905 1475 142 42 buteljer
1064 1505 363 9 ma.....emsenmsssmn
1455 1479 13 29 1
1493 1477 78 32 liter
1680 1496 47 5 —
1751 1479 36 30 21
1816 1480 71 38 öre,

785 1526 36 33 af
845 1537 91 22 mera
965 1530 43 29 än
1031 1530 36 29 21
1093 1531 158 37 procents
1275 1528 49 31 till
1349 1528 64 32 och
1436 1528 75 32 med

830 1580 38 30 25
892 1580 156 39 procents
1072 1578 221 33 alkoholhalt:

830 1630 44 40 på
895 1628 150 41 fastager
1459 1632 13 30 1
1499 1630 162 41 kilogram
1685 1650 47 4 —
1756 1632 39 29 45
1821 1632 68 37 öre,

830 1681 43 40 på
899 1679 145 42 buteljer
1068 1709 366 8 m..s.ieemsmmrmemnsn
1461 1684 12 28 1
1499 1681 77 32 liter
1682 1700 43 4 —
1753 1683 40 30 80
1818 1684 68 34 öre,

786 1730 34 32 af
858 1730 104 41 högre
1002 1730 207 33 alkoholhalt
1245 1734 41 29 än
1316 1734 38 30 25
1378 1735 156 38 procent;

830 1781 248 32 tullbehandlas
1104 1784 109 30 såsom
1236 1782 115 40 Likör;
1375 1793 74 21 men

652 1831 34 41 b)
733 1834 49 30 att
809 1832 10 31 i
850 1834 138 30 motsatt
1015 1832 57 32 fall
1100 1832 201 42 tullafgiften
1329 1835 19 31 å
1375 1833 51 32 vin
1458 1832 34 33 af
1513 1833 50 32 till
1588 1832 63 33 och
1674 1832 76 32 med
1774 1834 34 30 21
1841 1842 76 31 pro-

709 1885 93 29 cents
837 1882 208 33 alkoholhalt
1080 1883 106 42 höjes,
1221 1884 53 32 för
1308 1884 52 32 vin
1396 1885 41 40 på
1466 1884 151 41 fastager
1639 1883 51 32 till
1714 1886 38 29 25
1778 1885 55 30 öre
1858 1893 60 30 per

708 1933 163 41 kilogram
895 1934 63 32 och
981 1934 52 32 för
1059 1934 53 32 vin
1135 1936 43 40 på
1201 1934 144 42 buteljer
1368 1935 49 32 till
1441 1937 40 30 30
1495 1938 57 29 öre
1569 1945 60 31 per
1641 1935 88 38 liter,
1745 1934 174 32 hvaremot

708 1984 156 32 rubriken
901 1985 9 31 i
949 1984 100 41 öfrigt
1084 1984 188 34 bibehålles
1312 1985 102 33 sådan
1451 1985 193 33 densamma
1672 1984 107 34 blifvit
1803 1984 36 33 af
1860 1983 59 34 Ut-

709 2035 127 32 skottet
858 2035 62 33 här
944 2036 96 33 ofvan
1063 2036 202 42 föreslagen.

1069 1647 363 28 LETETETTYTTTTYETSYETETYTTETETTTET

1075 2158 84 30 99:0.

445 2239 153 32 Friherre
633 2239 275 33 Klinckowström
937 2240 141 32 föreslår
1102 2242 19 30 å
1150 2239 196 42 Vindrufvor
1369 2250 40 22 en
1433 2239 198 32 införseltull
1659 2238 33 32 af
1715 2241 40 29 20
1779 2241 56 29 öre
1860 2248 59 31 per

313 2288 174 43 skålpund.
