2107 2653
601 207 375 42 Bevillnings-Utskottets
997 205 200 34 Betänkande
1222 207 62 32 N:o
1307 209 49 30 16.
1707 207 38 30 69

948 293 82 29 97:0.

316 379 122 33 Vantar
468 377 36 33 af
529 376 70 34 hel-
624 376 62 33 och
709 375 166 33 halfsiden
899 378 56 29 äro
983 375 52 32 för
1057 374 206 33 närvarande
1292 374 248 33 underkastade
1566 386 41 21 en
1634 374 153 33 införsel-

175 431 61 32 tull
260 431 36 32 af
318 433 13 28 1
358 430 105 31 krona
492 431 39 29 50
556 431 69 35 öre,
651 431 85 28 samt
759 430 126 35 vantar,
909 426 104 32 andra
1036 426 82 40 slag,
1143 437 39 21 en
1206 426 59 31 tull
1288 427 35 31 af
1345 428 39 29 50
1408 429 55 28 öre
1488 437 59 29 per
1575 425 174 41 skålpund.

310 480 118 41 Kongl.
454 479 92 41 Maj:t
569 478 152 39 föreslår,
737 480 49 30 att
808 477 200 41 tullafgiften
1023 477 51 32 för
1090 480 115 29 vantar
1220 477 35 32 af
1265 477 84 32 först
1360 476 145 32 nämnda
1521 476 69 42 slag
1603 478 102 31 måtte
1721 476 67 32 för-

176 532 124 32 ändras
335 532 49 31 till
420 534 17 28 3
473 531 124 31 kronor
620 531 39 29 50
685 532 56 28 öre
771 532 85 29 samt
878 529 52 31 för
952 531 127 37 vantar,
1103 528 106 32 andra
1232 527 81 41 slag,
1341 527 48 32 till
1416 531 12 28 1
1455 528 105 31 krona
1583 530 39 29 20
1647 531 57 28 öre
1728 538 60 30 per

176 583 171 41 kilogram.

309 633 166 42 Derjemte
510 632 193 34 hemställer
738 632 152 33 Friherre
921 630 284 38 Klinckowström,
1231 633 49 29 att
1303 629 70 32 hel-
1397 629 62 32 och
1483 629 304 32 halfsiden-vantar

177 687 101 31 måtte
317 687 128 30 åsättas
476 695 39 20 en
550 684 200 32 införseltull
778 684 36 33 af
833 686 19 29 4
874 683 124 31 kronor
1026 683 39 30 50
1090 684 55 28 öre
1171 684 85 29 samt
1278 683 127 37 vantar,
1428 680 104 32 andra
1556 680 81 41 slag,
1663 692 41 20 en
1728 680 59 32 tull

176 737 35 32 at
233 740 13 28 I
277 736 118 39 krona,
419 735 59 33 allt
500 746 58 30 per
581 734 173 43 skålpund.

309 788 14 31 I
360 787 346 32 öfverensstämmelse
748 786 76 32 med
859 785 86 32 hvad
981 783 175 33 Utskottet
1185 783 144 32 rörande
1361 782 64 33 den
1451 782 166 32 likartade
1644 782 141 32 artikeln

176 839 173 41 Strumpor
386 838 62 31 här
486 837 97 32 ofvan
616 838 120 38 anfört,
765 836 193 33 hemställer
981 834 184 39 Utskottet,
1188 834 75 32 med
1287 833 127 32 fästadt
1437 833 159 32 afseende
1622 833 91 38 derå,
1738 836 48 29 att

174 901 44 20 nu
250 888 256 42 ifrågavarande
542 888 138 33 artiklar
716 891 57 29 äro
808 889 11 30 i
852 888 96 39 fråga
978 897 52 21 om
1052 885 216 32 tullsatserna
1291 884 171 33 beroende
1488 884 38 33 af
1545 883 135 33 franska
1703 884 83 32 han-

176 940 251 38 delstraktaten,
452 939 199 39 alternativt,

507 990 37 43 a)
590 993 49 29 att
672 989 157 32 rubriken
868 989 121 32 Vantar
1026 988 53 30 må
1113 985 127 33 erhålla
1274 985 64 33 den
1377 985 34 32 af
1441 985 118 41 Kongl.
1584 985 94 41 Maj:t
1701 985 84 32 före-

574 1041 117 40 slagna
724 1040 138 41 lydelse,
899 1040 112 31 derest
1044 1038 63 31 den
1138 1037 75 32 med
1241 1036 181 33 Frankrike
1453 1047 43 21 nu
1524 1036 155 40 gällande
1703 1036 81 32 han-

575 1091 199 32 delstraktat
797 1090 147 32 kommer
968 1091 48 30 att
1042 1088 52 32 för
1117 1087 274 33 nästkommande
1417 1088 36 31 år
1479 1087 149 42 förnyas;
1652 1097 76 22 men

507 1142 33 42 b)
569 1145 66 39 att
669 1142 11 32 i
717 1144 139 30 motsatt
884 1140 58 33 fall
971 1139 201 41 tullafgiften
1205 1139 53 31 för
1295 1138 126 32 Vantar
1454 1138 36 32 af
1517 1138 71 32 hel-
1617 1137 62 34 och
1702 1137 83 33 half-

575 1193 92 32 siden
695 1193 96 41 höjes
813 1192 50 32 till
890 1194 17 30 5
931 1191 123 32 kronor
1081 1201 59 31 per
1163 1190 172 40 kilogram.

939 1329 81 30 98:0.

309 1412 114 40 Enligt
446 1412 154 41 gällande
625 1415 78 29 taxa
730 1415 97 37 utgör
850 1411 102 32 tullen
976 1411 52 32 för
1056 1410 69 39 Vin,
1154 1411 66 32 alla
1243 1410 81 41 slag,
1349 1409 34 34 af
1403 1409 50 32 till
1477 1409 63 32 och
1558 1409 74 32 med
1655 1411 35 29 21
1709 1419 77 30 pro-

178 1466 95 30 cents
311 1463 219 38 alkoholhalt,
570 1464 44 40 på
646 1463 150 40 fastager
830 1465 18 29 7
887 1466 56 28 öre
979 1474 60 30 per
1074 1461 163 42 skålpund
1263 1461 60 33 och
1347 1462 44 40 på
1409 1460 145 42 buteljer
1577 1462 38 30 55
1646 1462 57 29 öre
1726 1470 60 31 per

176 1515 112 32 kanna
324 1516 86 30 samt
443 1514 52 32 för
523 1514 62 32 Vin
617 1513 38 33 af
675 1514 104 41 högre
809 1513 217 40 alkoholhalt,
1049 1514 42 40 på
1114 1513 160 41 fastager,
1299 1514 39 31 20
1363 1515 56 29 öre
1448 1522 60 31 per
1531 1511 165 41 skålpund
1722 1510 62 33 och

176 1568 43 39 på
246 1565 144 41 buteljer
413 1568 18 29 2
459 1565 123 32 kronor
604 1576 62 30 per
688 1565 121 32 kanna.

309 1615 120 41 Kongl.
464 1615 92 42 Maj:t
588 1616 59 31 har
679 1615 144 33 rörande
853 1615 109 32 denna
991 1614 120 33 artikel
1133 1614 176 40 föreslagit
1330 1612 148 42 följande
1501 1611 202 34 förändrade
1727 1611 58 33 be-

178 1666 225 32 stämmelser:

177 1716 73 39 Vin,
275 1717 66 32 alla
368 1717 87 39 slag:

279 1768 36 31 af
334 1767 48 32 till
407 1768 62 31 och
492 1768 76 32 med
593 1771 35 28 21
655 1770 159 38 procents
837 1766 220 32 alkoholhalt:

313 1819 43 40 på
378 1818 148 41 fastagerl
550 1847 601 8 missen
1179 1818 57 30 100
1260 1816 159 41 kilogram
1446 1815 36 32 16
1505 1815 123 32 kronor
1652 1816 39 30 50
1716 1817 68 36 öre,

313 1870 43 41 på
379 1865 142 51 buteljer
548 1876 290 38 AEA
890 1898 83 7 arsa
987 1898 8 7 FS
999 1876 52 38 FSS
1075 1897 78 8 SS
1223 1870 13 29 1
1261 1867 77 32 liter
1443 1886 49 4 —
1647 1868 35 29 21
1733 1890 13 15 »

280 1920 35 32 af
342 1931 71 21 mer
442 1924 41 29 än
506 1923 34 30 21
572 1924 158 38 procents
758 1920 49 32 till
832 1920 62 32 och
917 1919 76 32 med
1016 1922 38 29 25
1078 1930 76 30 pro-

338 1974 93 29 cents
455 1971 222 33 alkoholhalt:

312 2024 43 39 På
377 2023 148 40 fAStäger
539 2051 597 8 mosssessesessersressersrstersrirnrrrnsrenerennrr
1111 2018 28 54 son
1162 2023 59 30 100
1243 2020 163 41 kilogram
1428 2022 40 29 47
1491 2019 123 32 kronor

314 2075 42 39 på
383 2073 142 43 buteljer
541 2104 47 6 ma.
594 2102 540 8 ..semmsieemsmeurseumrnrssurssnnn
1203 2075 13 28 1
1241 2071 76 33 liter
1430 2067 44 57 -—
1655 2071 38 30 76
1715 2072 69 37 öre,

282 2123 36 33 af
337 2124 103 41 högre
465 2125 207 33 alkoholhalt
696 2128 42 29 än
765 2127 38 30 25
827 2127 153 39 procent;
1004 2122 246 34 tullbehandlas
1275 2124 109 31 såsom
1407 2121 110 32 Likör.

314 2175 169 42 Derjemte
518 2175 143 33 föreslår
693 2176 152 32 Friherre
868 2175 277 32 Klinckowström
1167 2175 48 31 uti
1239 2174 49 32 sin
1313 2174 69 31 ofta
1409 2172 143 32 nämnda
1574 2172 136 38 motion,
1735 2174 50 29 att

181 2226 244 33 införseltullen
460 2228 102 31 måtte
598 2226 202 33 bestämmas
837 2226 51 32 för
917 2226 60 32 Vin
1005 2226 35 32 af
1059 2225 50 33 till
1133 2225 62 33 och
1222 2224 74 33 med
1319 2227 37 30 21
1381 2226 158 39 procents
1564 2221 217 40 alkoholhalt,

182 2278 44 40 på
260 2277 159 41 fastager,
459 2277 50 33 till
549 2280 35 29 14
625 2281 54 29 öre
713 2289 60 30 per
806 2276 171 43 skålpund,
1013 2276 62 33 och
1105 2278 42 40 på
1175 2276 143 41 buteljer
1341 2275 49 32 till
1423 2278 5 29 I
1454 2274 105 33 krona
1582 2276 38 30 75
1645 2276 56 29 öre
1725 2284 60 30 per

1841 381 112 23 Vantar.

1868 1413 58 23 Vin.
