2212 2604
425 125 38 30 10
826 125 354 31 Jordbrulksutskottets
1206 127 166 29 utlatande
1400 127 47 29 Nr
1478 129 64 29 111.

509 201 111 40 Enligt
660 201 149 40 gällande
844 201 54 41 lag
933 213 52 20 om
1008 202 241 41 nyttjanderätt
1286 203 50 32 till
1371 204 66 31 fast
1472 205 155 38 egendom
1660 206 18 30 2
1706 205 74 41 kap.
1820 208 36 30 17
1890 209 17 39 8
1941 213 36 26 är

378 245 199 38 arrendator,
613 255 69 21 som
718 245 19 30 å
770 244 200 41 fastigheten
1004 246 83 31 låter
1121 246 179 32 verkställa
1338 247 213 40 täckdikning
1585 249 73 31 med
1691 250 211 32 användande
1936 263 40 20 av

376 288 143 40 tegelrör
557 288 84 31 efter
674 288 85 41 plan,
795 299 68 20 som
900 288 169 42 uppgjorts
1104 300 40 20 av
1179 291 125 31 statens
1336 290 321 43 lantbruksingenjör
1691 293 78 31 eller
1802 293 97 32 blivit
1935 306 41 20 av

373 331 198 40 jordägaren
603 331 160 40 godkänd,
787 332 186 40 berättigad
1009 334 59 36 att,
1093 333 99 31 sedan
1216 334 126 31 arbetet
1365 334 96 31 blivit
1484 334 176 41 behörigen
1683 337 112 38 utfört,
1821 347 42 21 av
1884 337 91 40 jord-

376 379 120 35 ägaren
531 374 123 32 erhålla
689 375 183 40 ersättning
906 376 50 31 för
991 377 36 30 så
1061 377 68 30 stor
1164 376 51 32 del
1239 388 40 20 av
1302 377 190 38 kostnaden,
1518 388 66 21 som
1610 381 184 31 motsvarar
1817 381 117 31 värdet
1957 383 19 29 å

376 422 103 27 rören.
526 418 51 31 Då
604 418 116 32 värdet
744 429 40 20 av
808 423 96 27 rören
926 419 66 31 kan
1015 430 93 21 anses
1132 422 167 30 motsvara
1322 421 138 40 ungefär
1482 421 98 31 halva
1603 422 180 33 kostnaden
1806 424 52 32 för
1880 424 95 32 täck-

375 461 185 40 dikningen,
585 462 104 31 skulle
714 472 38 22 en
777 462 199 39 arrendator,
1001 473 69 21 som
1093 463 121 32 erhölle
1238 464 202 40 statsbidrag
1456 464 101 41 enligt
1573 475 85 21 ovan
1674 466 185 41 föreslagna
1875 478 99 30 grun-

375 505 65 36 der,
466 507 142 29 ersättas
642 505 73 32 med
750 506 219 40 sammanlagt
1002 506 65 32 fem
1102 507 192 41 sjättedelar
1317 519 41 20 av
1382 508 462 41 täckdikningskostnaderna,
1870 522 104 21 varav

375 549 193 40 jordägaren
584 548 104 32 skulle
705 559 80 21 vara
801 549 167 32 nödsakad
983 549 135 41 bidraga
1134 551 72 31 med
1222 551 97 31 halva
1336 551 190 32 kostnaden.
1562 552 101 32 Detta
1680 563 96 29 synes
1792 555 183 32 emellertid

374 592 72 31 icke
470 603 80 20 vara
579 592 136 32 rättvist
738 593 72 31 med
833 592 127 42 hänsyn
983 593 51 31 till
1057 594 54 31 det
1134 604 96 30 gagn,
1255 595 241 31 vederbörande
1519 595 213 33 intressenter
1755 596 110 33 kunna
1888 598 86 32 hava

373 646 41 20 av
449 635 273 41 täckdikningens
741 636 266 39 "verkställande,
1032 636 10 31 i
1066 637 43 31 all
1133 638 176 39 synnerhet
1332 638 55 31 vid
1410 639 113 40 längre
1547 640 206 31 återstående
1779 642 193 31 arrendetid.

377 679 132 40 Rimligt
532 680 92 31 torde
647 680 110 31 därför
780 690 89 28 vara,
895 682 50 29 att
969 680 200 41 statsbidrag
1191 681 54 42 vid
1268 681 124 32 mindre
1412 682 360 41 täckdikningsföretag
1788 685 97 39 utgår
1900 686 74 30 med

372 722 90 40 lägre
496 722 116 42 belopp
642 723 51 31 för
718 723 226 32 arrendatorer
968 728 40 27 än
1033 723 102 41 eljest.
1183 725 29 30 A
1257 725 100 32 andra
1381 725 92 32 sidan
1496 737 96 29 synes
1612 727 196 40 jordägaren
1831 727 11 31 i
1866 728 108 41 dylikt

372 766 67 37 fall,
464 766 137 32 framför
629 767 59 31 allt
711 767 72 31 med
806 767 128 41 hänsyn
957 767 50 32 till
1031 768 38 31 de
1092 768 151 40 stegrade
1267 768 148 41 priserna
1438 770 19 30 å
1480 770 151 39 tegelrör,
1657 770 78 31 böra
1758 770 215 33 tillerkännas

371 810 107 39 någon
513 809 183 41 ersättning
730 821 41 20 av
795 812 118 37 staten,
939 811 157 31 svarande
1120 814 69 29 mot
1213 811 196 33 åtminstone
1433 823 39 21 en
1496 813 50 32 del
1570 824 41 21 av
1635 813 38 32 de
1697 814 185 39 kostnader,
1908 815 65 32 han

370 855 106 29 måste
499 853 181 31 vidkännas
702 853 51 32 för
769 858 104 27 rören.
909 854 189 41 Lämpligen
1129 866 97 29 synes
1243 855 100 41 enligt
1362 856 212 32 kommitténs
1590 857 131 40 mening
1737 858 236 41 statsbidraget

371 897 108 31 kunna
513 897 142 31 fördelas
689 898 46 36 så,
760 899 50 30 att
832 897 127 32 hälften
982 898 146 31 tillfaller
1147 899 196 40 jordägaren
1367 900 61 31 och
1453 900 123 32 hälften
1600 902 212 31 arrendatorn
1836 902 61 32 och
1923 904 49 30 att

369 940 137 31 sålunda
528 941 139 31 vardera
691 941 139 32 erhåller
854 941 151 40 omkring
1027 952 39 21 en
1090 942 152 41 sjättedel
1267 953 40 21 av
1331 943 462 41 täckdikningskostnaderna.

500 984 49 31 Då
573 984 10 31 i
606 984 152 32 liknande
781 985 59 31 fall
862 985 55 31 lån
941 985 161 32 utlämnas
1125 985 52 32 till
1193 984 199 40 arrendator,
1411 997 69 21 som
1498 987 87 32 utför
1601 990 106 29 större
1724 988 247 41 täckdiknings-

369 1027 138 40 företag,
532 1038 97 30 synes
653 1028 10 31 i
687 1028 144 40 enlighet
853 1028 135 32 härmed
1011 1029 225 42 lånebeloppet
1258 1030 79 32 böra
1360 1030 196 32 inskränkas
1572 1031 51 32 till
1641 1032 230 32 arrendatorns
1888 1043 83 29 egna

368 1071 186 33 kostnader,
580 1071 100 31 under
705 1072 53 31 det
778 1072 207 40 jordägaren,
1010 1072 83 32 efter
1116 1073 111 32 därom
1251 1073 94 41 gjord
1369 1074 250 41 framställning,
1644 1076 54 30 må
1723 1076 99 31 under
1845 1086 126 21 samma

369 1113 119 32 villkor
522 1118 62 36 äga
620 1115 123 31 erhålla
776 1115 54 31 lån
864 1115 52 32 till
947 1116 115 41 belopp
1086 1118 229 31 motsvarande
1338 1118 183 31 kostnaden
1543 1118 51 32 för
1617 1123 113 27 rörens
1754 1119 213 40 anskaffning.

369 1158 60 30 Om
452 1157 116 32 härvid
592 1158 60 31 den
675 1158 55 31 vid
753 1158 105 32 lånets
882 1158 183 41 beviljande
1089 1160 206 32 återstående
1313 1161 226 32 arrendetiden
1554 1162 105 32 skulle
1676 1162 188 41 understiga
1879 1163 90 31 låne-

368 1200 98 39 tiden,
491 1201 29 31 d.
544 1212 30 21 v.
600 1212 24 20 s.
650 1201 50 41 sju
733 1202 44 37 år,
803 1212 96 31 synes
932 1202 55 32 det
1008 1203 79 31 böra
1112 1203 171 31 ankomma
1307 1205 42 39 på
1373 1205 315 33 överenskommelse
1713 1206 118 31 mellan
1854 1207 116 31 veder-

367 1244 142 32 börande
530 1245 175 41 jordägare
729 1246 60 31 och
814 1246 213 31 arrendatorn
1051 1257 52 20 om
1126 1247 106 31 lånets
1256 1248 248 41 återbetalning.

502 1288 11 30 [
547 1289 156 31 samband
737 1289 134 31 härmed
905 1289 57 31 vill
996 1289 194 33 kommittén
1213 1290 173 32 framhålla
1410 1292 262 32 önskvärdheten
1696 1304 41 20 av
1762 1295 57 36 att,
1845 1294 36 30 så
1905 1293 64 32 vitt

367 1331 138 40 möjligt,
531 1336 82 27 även
648 1332 197 32 innehavare
880 1344 41 20 av
957 1333 229 32 ecklesiastika
1214 1334 159 32 boställen
1398 1335 87 32 bliva
1508 1336 168 40 delaktiga
1700 1348 40 20 av
1763 1336 59 31 här
1845 1336 124 41 ifråga-

366 1375 144 32 varande
545 1375 114 40 bidrag
694 1376 59 31 och
787 1376 63 38 lån,
876 1376 105 32 vilket
1014 1377 83 31 dock
1120 1377 93 32 torde
1236 1378 78 31 böra
1338 1378 168 40 medgivas
1530 1380 83 31 först
1637 1380 84 31 efter
1743 1380 161 41 prövning
1929 1391 40 20 av

367 1418 118 40 Kungl.
511 1419 93 40 Maj:t
627 1419 10 31 i
662 1419 91 40 varje
776 1419 136 32 särskilt
936 1420 66 31 fall.

497 1462 65 32 Det
595 1463 59 30 bör
677 1462 11 31 i
711 1463 104 31 första
846 1463 87 31 hand
956 1463 183 32 tillkomma
1163 1464 38 31 de
1226 1464 291 40 odlingsnämnder,
1542 1477 52 20 om
1618 1466 108 32 vilkas
1748 1467 187 32 inrättande
1959 1467 10 31 i

367 1505 91 40 varje
493 1505 248 32 landskommun
775 1506 196 32 kommittén
1005 1507 178 31 framställt
1212 1507 124 40 förslag
1358 1508 11 31 i
1393 1509 159 31 skrivelse
1575 1510 61 31 den
1662 1511 18 30 9
1704 1510 142 32 februari
1874 1512 93 30 1918,

366 1550 51 29 att
433 1549 150 31 samråda
599 1549 73 31 med
689 1549 240 32 vederbörande
943 1550 215 40 jordbrukare
1175 1550 85 32 inom
1277 1551 197 32 kommunen
1491 1553 165 39 angående
1670 1554 38 31 de
1721 1553 247 41 täckdiknings-

365 1592 139 40 företag,
530 1603 69 20 som
623 1593 109 30 kunna
757 1593 144 31 befinnas
924 1593 155 41 lämpliga
1104 1596 49 29 att
1177 1594 197 40 igångsätta,
1400 1597 86 30 samt
1509 1595 202 42 tillhandagå
1736 1597 71 31 med
1831 1597 58 31 råd
1907 1598 60 31 och

366 1635 235 41 upplysningar
637 1637 164 39 angående
836 1637 210 31 anskaffande
1079 1648 41 20 av
1144 1642 54 27 rör
1221 1638 60 31 och
1305 1639 247 32 arbetskrafter.
1599 1640 120 31 Likaså
1742 1641 58 31 bör
1824 1640 143 41 odlings-

366 1679 159 32 nämnden
548 1679 10 31 i
582 1680 265 31 förekommande
881 1680 58 31 fall
974 1685 79 35 göra
1087 1681 151 31 anmälan
1271 1682 114 31 härom
1420 1682 59 32 hos
1514 1683 53 31 det
1598 1694 41 20 av
1662 1684 193 31 kommittén
1880 1684 86 32 före-

365 1722 114 41 slagna
514 1722 221 40 odlingsrådet
763 1724 73 31 med
859 1723 243 41 framställning
1125 1736 52 20 om
1201 1725 215 32 förordnande
1440 1736 42 21 av
1505 1726 300 41 förrättningsman.
1853 1727 113 32 Givet-

365 1765 50 31 vis
450 1766 57 31 bör
543 1766 221 40 odlingsrådet
798 1771 62 36 äga
896 1769 50 30 att
981 1772 81 27 även
1097 1770 79 30 utan
1199 1768 89 40 dylik
1312 1769 152 31 anmälan
1487 1769 153 33 förordna
1663 1771 302 39 förrättningsman.

365 1809 12 30 I
402 1809 139 31 främsta
564 1812 141 29 rummet
728 1821 96 29 synes
848 1811 172 40 ledningen
1042 1811 55 31 vid
1120 1812 405 41 täckdikningsplanernas
1548 1815 217 40 upprättande
1790 1814 60 32 och
1870 1815 96 31 täck-

364 1852 192 40 dikningens
588 1853 181 37 utförande,
793 1854 186 32 kontrollen
1014 1859 77 27 över
1126 1855 128 32 arbetet
1287 1867 41 20 m.
1353 1867 42 20 m.
1421 1856 79 32 böra
1532 1857 165 32 anförtros
1721 1859 34 30 åt
1777 1858 188 32 lantbruks-

364 1896 237 42 ingenjörerna.
648 1897 68 31 Där
739 1898 37 30 så
798 1898 177 40 lämpligen
998 1898 150 37 befinnes,
1173 1899 59 31 bör
1255 1899 180 32 emellertid
1459 1900 83 32 efter
1565 1901 237 40 odlingsrådets
1822 1902 143 31 bestäm-

366 1940 116 31 mande
506 1940 106 40 dylikt
636 1941 147 40 uppdrag
805 1941 110 32 kunna
939 1942 124 33 lämnas
1087 1946 82 28 även
1194 1943 35 31 åt
1249 1943 359 40 jordbrukskonsulent,
1634 1945 229 40 länsagronom
1887 1945 80 31 eller

365 1993 106 21 annan
498 1983 135 41 lämplig
655 1994 126 31 person.
829 1985 61 31 Att
914 1985 128 41 slutligt
1064 1986 144 39 granska
1231 1986 159 41 uppgjord
1412 1987 85 41 plan,
1522 1987 96 32 innan
1643 1989 133 31 ärendet
1799 1989 167 39 företages

363 2026 50 31 till
449 2027 184 40 avgörande
669 2038 42 20 av
745 2027 230 41 odlingsrådet,
1000 2040 97 30 synes
1128 2030 79 31 böra
1241 2029 184 33 tillkomma
1448 2031 320 42 lantbruksingenjör
1791 2032 78 31 eller
1893 2032 70 38 den,

368 2070 222 40 odlingsrådet
613 2071 111 31 därtill
747 2071 180 33 förordnar.

494 2114 61 31 Att
589 2114 86 32 fatta
710 2115 107 31 beslut
840 2126 51 20 om
916 2115 115 41 bidrag
1054 2116 60 32 och
1137 2117 54 31 lån
1215 2116 49 32 till
1288 2117 363 42 täckdikningsföretag
1674 2129 97 31 synes
1794 2119 80 31 böra
1896 2118 68 32 till-

362 2156 133 33 komma
518 2158 241 32 vederbörande
783 2158 186 42 odlingsråd
992 2159 11 32 i
1026 2160 61 32 den
1111 2159 197 42 omfattning
1332 2161 60 32 och
1409 2161 103 41 enligt
1526 2162 39 32 de
1581 2167 149 27 närmare
1746 2162 217 38 föreskrifter,
