<?xml version="1.0" encoding="UTF-8"?>
<alto xmlns="http://www.loc.gov/standards/alto/ns-v3#" xmlns:xlink="http://www.w3.org/1999/xlink" xmlns:xsi="http://www.w3.org/2001/XMLSchema-instance" xsi:schemaLocation="http://www.loc.gov/standards/alto/ns-v3# http://www.loc.gov/alto/v3/alto-3-0.xsd">
	<Description>
		<MeasurementUnit>pixel</MeasurementUnit>
		<sourceImageInformation>
			<fileName>/tmp/tess_7ci69b6r_input.PNG</fileName>
		</sourceImageInformation>
		<OCRProcessing ID="OCR_0">
			<ocrProcessingStep>
				<processingSoftware>
					<softwareName>tesseract 5.3.0</softwareName>
				</processingSoftware>
			</ocrProcessingStep>
		</OCRProcessing>
	</Description>
	<Layout>
		<Page WIDTH="1894" HEIGHT="2840" PHYSICAL_IMG_NR="0" ID="page_0">
			<PrintSpace HPOS="0" VPOS="0" WIDTH="1894" HEIGHT="2840">
				<ComposedBlock ID="cblock_0" HPOS="515" VPOS="145" WIDTH="1084" HEIGHT="45">
					<TextBlock ID="block_0" HPOS="515" VPOS="145" WIDTH="1084" HEIGHT="45">
						<TextLine ID="line_0" HPOS="515" VPOS="145" WIDTH="1084" HEIGHT="45">
							<String ID="string_0" HPOS="515" VPOS="157" WIDTH="307" HEIGHT="33" WC="0.91" CONTENT="Bankoutskottets"/><SP WIDTH="25" VPOS="157" HPOS="822"/>
							<String ID="string_1" HPOS="847" VPOS="153" WIDTH="176" HEIGHT="33" WC="0.95" CONTENT="utlåtande"/><SP WIDTH="25" VPOS="153" HPOS="1023"/>
							<String ID="string_2" HPOS="1048" VPOS="152" WIDTH="49" HEIGHT="32" WC="0.96" CONTENT="Nr"/><SP WIDTH="23" VPOS="152" HPOS="1097"/>
							<String ID="string_3" HPOS="1120" VPOS="154" WIDTH="50" HEIGHT="30" WC="0.96" CONTENT="10."/><SP WIDTH="412" VPOS="154" HPOS="1170"/>
							<String ID="string_4" HPOS="1582" VPOS="145" WIDTH="17" HEIGHT="28" WC="0.96" CONTENT="9"/>
						</TextLine>
					</TextBlock>
				</ComposedBlock>
				<ComposedBlock ID="cblock_1" HPOS="96" VPOS="234" WIDTH="1505" HEIGHT="402">
					<TextBlock ID="block_1" HPOS="96" VPOS="234" WIDTH="1505" HEIGHT="402">
						<TextLine ID="line_1" HPOS="139" VPOS="234" WIDTH="1458" HEIGHT="49">
							<String ID="string_5" HPOS="139" VPOS="248" WIDTH="74" HEIGHT="31" WC="0.96" CONTENT="Vad"/><SP WIDTH="26" VPOS="248" HPOS="213"/>
							<String ID="string_6" HPOS="239" VPOS="247" WIDTH="158" HEIGHT="36" WC="0.96" CONTENT="slutligen"/><SP WIDTH="25" VPOS="247" HPOS="397"/>
							<String ID="string_7" HPOS="422" VPOS="243" WIDTH="108" HEIGHT="38" WC="0.96" CONTENT="angår"/><SP WIDTH="25" VPOS="243" HPOS="530"/>
							<String ID="string_8" HPOS="555" VPOS="243" WIDTH="164" HEIGHT="35" WC="0.96" CONTENT="förslaget"/><SP WIDTH="25" VPOS="243" HPOS="719"/>
							<String ID="string_9" HPOS="744" VPOS="250" WIDTH="56" HEIGHT="21" WC="0.96" CONTENT="om"/><SP WIDTH="25" VPOS="250" HPOS="800"/>
							<String ID="string_10" HPOS="825" VPOS="239" WIDTH="196" HEIGHT="31" WC="0.95" CONTENT="beredande"/><SP WIDTH="23" VPOS="239" HPOS="1021"/>
							<String ID="string_11" HPOS="1044" VPOS="247" WIDTH="42" HEIGHT="21" WC="0.96" CONTENT="av"/><SP WIDTH="26" VPOS="247" HPOS="1086"/>
							<String ID="string_12" HPOS="1112" VPOS="236" WIDTH="180" HEIGHT="36" WC="0.96" CONTENT="möjlighet"/><SP WIDTH="25" VPOS="236" HPOS="1292"/>
							<String ID="string_13" HPOS="1317" VPOS="234" WIDTH="55" HEIGHT="30" WC="0.91" CONTENT="för"/><SP WIDTH="36" VPOS="234" HPOS="1372"/>
							<String ID="string_14" HPOS="1408" VPOS="234" WIDTH="189" HEIGHT="29" WC="0.90" CONTENT="statsut-"/>
						</TextLine>
						<TextLine ID="line_2" HPOS="96" VPOS="284" WIDTH="1502" HEIGHT="46">
							<String ID="string_15" HPOS="96" VPOS="300" WIDTH="179" HEIGHT="30" WC="0.96" CONTENT="skottet"/><SP WIDTH="26" VPOS="300" HPOS="275"/>
							<String ID="string_16" HPOS="301" VPOS="300" WIDTH="47" HEIGHT="28" WC="0.95" CONTENT="att"/><SP WIDTH="18" VPOS="300" HPOS="348"/>
							<String ID="string_17" HPOS="366" VPOS="297" WIDTH="10" HEIGHT="29" WC="0.95" CONTENT="i"/><SP WIDTH="18" VPOS="297" HPOS="376"/>
							<String ID="string_18" HPOS="394" VPOS="296" WIDTH="110" HEIGHT="30" WC="0.96" CONTENT="likhet"/><SP WIDTH="17" VPOS="296" HPOS="504"/>
							<String ID="string_19" HPOS="521" VPOS="295" WIDTH="79" HEIGHT="29" WC="0.96" CONTENT="med"/><SP WIDTH="17" VPOS="295" HPOS="600"/>
							<String ID="string_20" HPOS="617" VPOS="293" WIDTH="118" HEIGHT="35" WC="0.96" CONTENT="övriga"/><SP WIDTH="20" VPOS="293" HPOS="735"/>
							<String ID="string_21" HPOS="755" VPOS="291" WIDTH="157" HEIGHT="35" WC="0.96" CONTENT="ständiga"/><SP WIDTH="18" VPOS="291" HPOS="912"/>
							<String ID="string_22" HPOS="930" VPOS="290" WIDTH="131" HEIGHT="30" WC="0.96" CONTENT="utskott"/><SP WIDTH="18" VPOS="290" HPOS="1061"/>
							<String ID="string_23" HPOS="1079" VPOS="287" WIDTH="147" HEIGHT="31" WC="0.93" CONTENT="anställa"/><SP WIDTH="29" VPOS="287" HPOS="1226"/>
							<String ID="string_24" HPOS="1255" VPOS="288" WIDTH="135" HEIGHT="27" WC="0.88" CONTENT="notar"/><SP WIDTH="11" VPOS="288" HPOS="1390"/>
							<String ID="string_25" HPOS="1401" VPOS="284" WIDTH="76" HEIGHT="35" WC="0.90" CONTENT="ier,"/><SP WIDTH="55" VPOS="284" HPOS="1477"/>
							<String ID="string_26" HPOS="1532" VPOS="290" WIDTH="66" HEIGHT="22" WC="0.95" CONTENT="som"/>
						</TextLine>
						<TextLine ID="line_3" HPOS="96" VPOS="332" WIDTH="1503" HEIGHT="56">
							<String ID="string_27" HPOS="96" VPOS="351" WIDTH="39" HEIGHT="37" WC="0.96" CONTENT="ej"/><SP WIDTH="37" VPOS="351" HPOS="135"/>
							<String ID="string_28" HPOS="172" VPOS="350" WIDTH="118" HEIGHT="29" WC="0.95" CONTENT="hava"/><SP WIDTH="33" VPOS="350" HPOS="290"/>
							<String ID="string_29" HPOS="323" VPOS="350" WIDTH="66" HEIGHT="29" WC="0.96" CONTENT="att"/><SP WIDTH="35" VPOS="350" HPOS="389"/>
							<String ID="string_30" HPOS="424" VPOS="346" WIDTH="208" HEIGHT="30" WC="0.96" CONTENT="förrätta"/><SP WIDTH="35" VPOS="346" HPOS="632"/>
							<String ID="string_31" HPOS="667" VPOS="337" WIDTH="498" HEIGHT="39" WC="0.90" CONTENT="sekreterargöromål,"/><SP WIDTH="37" VPOS="337" HPOS="1165"/>
							<String ID="string_32" HPOS="1202" VPOS="338" WIDTH="63" HEIGHT="29" WC="0.95" CONTENT="har"/><SP WIDTH="28" VPOS="338" HPOS="1265"/>
							<String ID="string_33" HPOS="1293" VPOS="336" WIDTH="165" HEIGHT="30" WC="0.96" CONTENT="utskottet"/><SP WIDTH="26" VPOS="336" HPOS="1458"/>
							<String ID="string_34" HPOS="1484" VPOS="332" WIDTH="115" HEIGHT="31" WC="0.95" CONTENT="funnit"/>
						</TextLine>
						<TextLine ID="line_4" HPOS="97" VPOS="384" WIDTH="1503" HEIGHT="54">
							<String ID="string_35" HPOS="97" VPOS="402" WIDTH="48" HEIGHT="36" WC="0.96" CONTENT="sig"/><SP WIDTH="18" VPOS="402" HPOS="145"/>
							<String ID="string_36" HPOS="163" VPOS="402" WIDTH="86" HEIGHT="30" WC="0.96" CONTENT="böra"/><SP WIDTH="18" VPOS="402" HPOS="249"/>
							<String ID="string_37" HPOS="267" VPOS="400" WIDTH="136" HEIGHT="30" WC="0.96" CONTENT="biträda"/><SP WIDTH="19" VPOS="400" HPOS="403"/>
							<String ID="string_38" HPOS="422" VPOS="399" WIDTH="94" HEIGHT="30" WC="0.96" CONTENT="detta"/><SP WIDTH="20" VPOS="399" HPOS="516"/>
							<String ID="string_39" HPOS="536" VPOS="397" WIDTH="139" HEIGHT="35" WC="0.93" CONTENT="förslag."/><SP WIDTH="21" VPOS="397" HPOS="675"/>
							<String ID="string_40" HPOS="696" VPOS="413" WIDTH="44" HEIGHT="4" WC="0.92" CONTENT="—"/><SP WIDTH="20" VPOS="413" HPOS="740"/>
							<String ID="string_41" HPOS="760" VPOS="395" WIDTH="12" HEIGHT="29" WC="0.96" CONTENT="I"/><SP WIDTH="22" VPOS="395" HPOS="772"/>
							<String ID="string_42" HPOS="794" VPOS="393" WIDTH="170" HEIGHT="31" WC="0.96" CONTENT="samband"/><SP WIDTH="19" VPOS="393" HPOS="964"/>
							<String ID="string_43" HPOS="983" VPOS="391" WIDTH="144" HEIGHT="30" WC="0.96" CONTENT="härmed"/><SP WIDTH="20" VPOS="391" HPOS="1127"/>
							<String ID="string_44" HPOS="1147" VPOS="390" WIDTH="65" HEIGHT="30" WC="0.96" CONTENT="har"/><SP WIDTH="21" VPOS="390" HPOS="1212"/>
							<String ID="string_45" HPOS="1233" VPOS="389" WIDTH="163" HEIGHT="29" WC="0.96" CONTENT="utskottet"/><SP WIDTH="20" VPOS="389" HPOS="1396"/>
							<String ID="string_46" HPOS="1416" VPOS="385" WIDTH="115" HEIGHT="31" WC="0.96" CONTENT="funnit"/><SP WIDTH="20" VPOS="385" HPOS="1531"/>
							<String ID="string_47" HPOS="1551" VPOS="384" WIDTH="49" HEIGHT="36" WC="0.96" CONTENT="sig"/>
						</TextLine>
						<TextLine ID="line_5" HPOS="96" VPOS="431" WIDTH="1504" HEIGHT="54">
							<String ID="string_48" HPOS="96" VPOS="454" WIDTH="86" HEIGHT="29" WC="0.91" CONTENT="böra"/><SP WIDTH="20" VPOS="454" HPOS="182"/>
							<String ID="string_49" HPOS="202" VPOS="452" WIDTH="21" HEIGHT="31" WC="0.91" CONTENT="å"/><SP WIDTH="20" VPOS="452" HPOS="223"/>
							<String ID="string_50" HPOS="243" VPOS="450" WIDTH="263" HEIGHT="35" WC="0.96" CONTENT="förteckningen"/><SP WIDTH="20" VPOS="450" HPOS="506"/>
							<String ID="string_51" HPOS="526" VPOS="449" WIDTH="81" HEIGHT="29" WC="0.96" CONTENT="över"/><SP WIDTH="21" VPOS="449" HPOS="607"/>
							<String ID="string_52" HPOS="628" VPOS="445" WIDTH="236" HEIGHT="36" WC="0.96" CONTENT="befattningar"/><SP WIDTH="19" VPOS="445" HPOS="864"/>
							<String ID="string_53" HPOS="883" VPOS="445" WIDTH="64" HEIGHT="29" WC="0.93" CONTENT="hos"/><SP WIDTH="20" VPOS="445" HPOS="947"/>
							<String ID="string_54" HPOS="967" VPOS="442" WIDTH="252" HEIGHT="31" WC="0.90" CONTENT="staisutskottet"/><SP WIDTH="20" VPOS="442" HPOS="1219"/>
							<String ID="string_55" HPOS="1239" VPOS="441" WIDTH="153" HEIGHT="34" WC="0.92" CONTENT="upptaga"/><SP WIDTH="22" VPOS="441" HPOS="1392"/>
							<String ID="string_56" HPOS="1414" VPOS="446" WIDTH="42" HEIGHT="21" WC="0.97" CONTENT="en"/><SP WIDTH="22" VPOS="446" HPOS="1456"/>
							<String ID="string_57" HPOS="1478" VPOS="431" WIDTH="122" HEIGHT="45" WC="0.92" CONTENT="befatt-"/>
						</TextLine>
						<TextLine ID="line_6" HPOS="97" VPOS="488" WIDTH="1503" HEIGHT="52">
							<String ID="string_58" HPOS="97" VPOS="504" WIDTH="83" HEIGHT="36" WC="0.96" CONTENT="ning"/><SP WIDTH="17" VPOS="504" HPOS="180"/>
							<String ID="string_59" HPOS="197" VPOS="503" WIDTH="115" HEIGHT="31" WC="0.93" CONTENT="såsom"/><SP WIDTH="19" VPOS="503" HPOS="312"/>
							<String ID="string_60" HPOS="331" VPOS="498" WIDTH="360" HEIGHT="34" WC="0.91" CONTENT="vaktmästarbiträde."/><SP WIDTH="41" VPOS="498" HPOS="691"/>
							<String ID="string_61" HPOS="732" VPOS="495" WIDTH="211" HEIGHT="36" WC="0.92" CONTENT="Härigenom"/><SP WIDTH="19" VPOS="495" HPOS="943"/>
							<String ID="string_62" HPOS="962" VPOS="493" WIDTH="110" HEIGHT="31" WC="0.96" CONTENT="skulle"/><SP WIDTH="17" VPOS="493" HPOS="1072"/>
							<String ID="string_63" HPOS="1089" VPOS="493" WIDTH="56" HEIGHT="29" WC="0.96" CONTENT="det"/><SP WIDTH="19" VPOS="493" HPOS="1145"/>
							<String ID="string_64" HPOS="1164" VPOS="491" WIDTH="92" HEIGHT="30" WC="0.96" CONTENT="bliva"/><SP WIDTH="19" VPOS="491" HPOS="1256"/>
							<String ID="string_65" HPOS="1275" VPOS="488" WIDTH="135" HEIGHT="37" WC="0.96" CONTENT="möjligt"/><SP WIDTH="18" VPOS="488" HPOS="1410"/>
							<String ID="string_66" HPOS="1428" VPOS="488" WIDTH="55" HEIGHT="30" WC="0.93" CONTENT="för"/><SP WIDTH="20" VPOS="488" HPOS="1483"/>
							<String ID="string_67" HPOS="1503" VPOS="489" WIDTH="97" HEIGHT="28" WC="0.91" CONTENT="stats-"/>
						</TextLine>
						<TextLine ID="line_7" HPOS="98" VPOS="533" WIDTH="1503" HEIGHT="52">
							<String ID="string_68" HPOS="98" VPOS="555" WIDTH="167" HEIGHT="30" WC="0.96" CONTENT="utskottet"/><SP WIDTH="22" VPOS="555" HPOS="265"/>
							<String ID="string_69" HPOS="287" VPOS="556" WIDTH="48" HEIGHT="27" WC="0.96" CONTENT="att"/><SP WIDTH="25" VPOS="556" HPOS="335"/>
							<String ID="string_70" HPOS="360" VPOS="552" WIDTH="10" HEIGHT="30" WC="0.96" CONTENT="i"/><SP WIDTH="22" VPOS="552" HPOS="370"/>
							<String ID="string_71" HPOS="392" VPOS="552" WIDTH="109" HEIGHT="29" WC="0.96" CONTENT="likhet"/><SP WIDTH="23" VPOS="552" HPOS="501"/>
							<String ID="string_72" HPOS="524" VPOS="550" WIDTH="79" HEIGHT="30" WC="0.96" CONTENT="med"/><SP WIDTH="25" VPOS="550" HPOS="603"/>
							<String ID="string_73" HPOS="628" VPOS="548" WIDTH="118" HEIGHT="36" WC="0.96" CONTENT="övriga"/><SP WIDTH="24" VPOS="548" HPOS="746"/>
							<String ID="string_74" HPOS="770" VPOS="545" WIDTH="157" HEIGHT="36" WC="0.96" CONTENT="ständiga"/><SP WIDTH="26" VPOS="545" HPOS="927"/>
							<String ID="string_75" HPOS="953" VPOS="544" WIDTH="130" HEIGHT="30" WC="0.96" CONTENT="utskott"/><SP WIDTH="24" VPOS="544" HPOS="1083"/>
							<String ID="string_76" HPOS="1107" VPOS="541" WIDTH="148" HEIGHT="32" WC="0.95" CONTENT="anställa"/><SP WIDTH="24" VPOS="541" HPOS="1255"/>
							<String ID="string_77" HPOS="1279" VPOS="539" WIDTH="131" HEIGHT="32" WC="0.96" CONTENT="sådana"/><SP WIDTH="23" VPOS="539" HPOS="1410"/>
							<String ID="string_78" HPOS="1433" VPOS="533" WIDTH="168" HEIGHT="45" WC="0.92" CONTENT="biträden,"/>
						</TextLine>
						<TextLine ID="line_8" HPOS="100" VPOS="599" WIDTH="616" HEIGHT="37">
							<String ID="string_79" HPOS="100" VPOS="616" WIDTH="57" HEIGHT="20" WC="0.95" CONTENT="om"/><SP WIDTH="22" VPOS="616" HPOS="157"/>
							<String ID="string_80" HPOS="179" VPOS="605" WIDTH="40" HEIGHT="31" WC="0.95" CONTENT="så"/><SP WIDTH="19" VPOS="605" HPOS="219"/>
							<String ID="string_81" HPOS="238" VPOS="604" WIDTH="111" HEIGHT="31" WC="0.93" CONTENT="skulle"/><SP WIDTH="18" VPOS="604" HPOS="349"/>
							<String ID="string_82" HPOS="367" VPOS="602" WIDTH="162" HEIGHT="31" WC="0.92" CONTENT="befinnas"/><SP WIDTH="20" VPOS="602" HPOS="529"/>
							<String ID="string_83" HPOS="549" VPOS="599" WIDTH="167" HEIGHT="37" WC="0.96" CONTENT="lämpligt."/>
						</TextLine>
					</TextBlock>
				</ComposedBlock>
				<ComposedBlock ID="cblock_2" HPOS="102" VPOS="691" WIDTH="1508" HEIGHT="508">
					<TextBlock ID="block_2" HPOS="102" VPOS="691" WIDTH="1504" HEIGHT="253">
						<TextLine ID="line_9" HPOS="145" VPOS="691" WIDTH="1460" HEIGHT="49">
							<String ID="string_84" HPOS="145" VPOS="707" WIDTH="15" HEIGHT="30" WC="0.96" CONTENT="I"/><SP WIDTH="24" VPOS="707" HPOS="160"/>
							<String ID="string_85" HPOS="184" VPOS="704" WIDTH="198" HEIGHT="36" WC="0.96" CONTENT="anslutning"/><SP WIDTH="22" VPOS="704" HPOS="382"/>
							<String ID="string_86" HPOS="404" VPOS="703" WIDTH="53" HEIGHT="31" WC="0.96" CONTENT="till"/><SP WIDTH="25" VPOS="703" HPOS="457"/>
							<String ID="string_87" HPOS="482" VPOS="702" WIDTH="64" HEIGHT="30" WC="0.95" CONTENT="vad"/><SP WIDTH="23" VPOS="702" HPOS="546"/>
							<String ID="string_88" HPOS="569" VPOS="701" WIDTH="167" HEIGHT="30" WC="0.95" CONTENT="utskottet"/><SP WIDTH="22" VPOS="701" HPOS="736"/>
							<String ID="string_89" HPOS="758" VPOS="698" WIDTH="11" HEIGHT="31" WC="0.96" CONTENT="i"/><SP WIDTH="24" VPOS="698" HPOS="769"/>
							<String ID="string_90" HPOS="793" VPOS="698" WIDTH="56" HEIGHT="30" WC="0.96" CONTENT="det"/><SP WIDTH="23" VPOS="698" HPOS="849"/>
							<String ID="string_91" HPOS="872" VPOS="695" WIDTH="207" HEIGHT="37" WC="0.96" CONTENT="föregående"/><SP WIDTH="24" VPOS="695" HPOS="1079"/>
							<String ID="string_92" HPOS="1103" VPOS="693" WIDTH="117" HEIGHT="31" WC="0.95" CONTENT="anfört"/><SP WIDTH="22" VPOS="693" HPOS="1220"/>
							<String ID="string_93" HPOS="1242" VPOS="693" WIDTH="65" HEIGHT="30" WC="0.96" CONTENT="har"/><SP WIDTH="22" VPOS="693" HPOS="1307"/>
							<String ID="string_94" HPOS="1329" VPOS="691" WIDTH="167" HEIGHT="31" WC="0.93" CONTENT="utskottet"/><SP WIDTH="22" VPOS="691" HPOS="1496"/>
							<String ID="string_95" HPOS="1518" VPOS="697" WIDTH="87" HEIGHT="29" WC="0.92" CONTENT="upp-"/>
						</TextLine>
						<TextLine ID="line_10" HPOS="102" VPOS="737" WIDTH="1503" HEIGHT="54">
							<String ID="string_96" HPOS="102" VPOS="758" WIDTH="105" HEIGHT="30" WC="0.96" CONTENT="rättat"/><SP WIDTH="24" VPOS="758" HPOS="207"/>
							<String ID="string_97" HPOS="231" VPOS="756" WIDTH="129" HEIGHT="35" WC="0.96" CONTENT="förslag"/><SP WIDTH="24" VPOS="756" HPOS="360"/>
							<String ID="string_98" HPOS="384" VPOS="754" WIDTH="52" HEIGHT="30" WC="0.96" CONTENT="till"/><SP WIDTH="25" VPOS="754" HPOS="436"/>
							<String ID="string_99" HPOS="461" VPOS="762" WIDTH="68" HEIGHT="27" WC="0.93" CONTENT="nya"/><SP WIDTH="26" VPOS="762" HPOS="529"/>
							<String ID="string_100" HPOS="555" VPOS="747" WIDTH="441" HEIGHT="39" WC="0.90" CONTENT="avlöningsbestämmelser"/><SP WIDTH="25" VPOS="747" HPOS="996"/>
							<String ID="string_101" HPOS="1021" VPOS="745" WIDTH="55" HEIGHT="31" WC="0.96" CONTENT="för"/><SP WIDTH="25" VPOS="745" HPOS="1076"/>
							<String ID="string_102" HPOS="1101" VPOS="744" WIDTH="201" HEIGHT="35" WC="0.95" CONTENT="riksdagens"/><SP WIDTH="26" VPOS="744" HPOS="1302"/>
							<String ID="string_103" HPOS="1328" VPOS="741" WIDTH="170" HEIGHT="38" WC="0.93" CONTENT="personal."/><SP WIDTH="50" VPOS="741" HPOS="1498"/>
							<String ID="string_104" HPOS="1548" VPOS="737" WIDTH="57" HEIGHT="32" WC="0.89" CONTENT="Så-"/>
						</TextLine>
						<TextLine ID="line_11" HPOS="104" VPOS="787" WIDTH="1502" HEIGHT="52">
							<String ID="string_105" HPOS="104" VPOS="817" WIDTH="74" HEIGHT="22" WC="0.96" CONTENT="som"/><SP WIDTH="17" VPOS="817" HPOS="178"/>
							<String ID="string_106" HPOS="195" VPOS="817" WIDTH="43" HEIGHT="20" WC="0.96" CONTENT="av"/><SP WIDTH="17" VPOS="817" HPOS="238"/>
							<String ID="string_107" HPOS="255" VPOS="807" WIDTH="56" HEIGHT="30" WC="0.96" CONTENT="det"/><SP WIDTH="16" VPOS="807" HPOS="311"/>
							<String ID="string_108" HPOS="327" VPOS="814" WIDTH="89" HEIGHT="22" WC="0.96" CONTENT="ovan"/><SP WIDTH="17" VPOS="814" HPOS="416"/>
							<String ID="string_109" HPOS="433" VPOS="803" WIDTH="149" HEIGHT="31" WC="0.96" CONTENT="anförda"/><SP WIDTH="19" VPOS="803" HPOS="582"/>
							<String ID="string_110" HPOS="601" VPOS="799" WIDTH="175" HEIGHT="38" WC="0.96" CONTENT="framgått,"/><SP WIDTH="19" VPOS="799" HPOS="776"/>
							<String ID="string_111" HPOS="795" VPOS="798" WIDTH="140" HEIGHT="32" WC="0.96" CONTENT="avviker"/><SP WIDTH="18" VPOS="798" HPOS="935"/>
							<String ID="string_112" HPOS="953" VPOS="797" WIDTH="93" HEIGHT="30" WC="0.96" CONTENT="detta"/><SP WIDTH="17" VPOS="797" HPOS="1046"/>
							<String ID="string_113" HPOS="1063" VPOS="795" WIDTH="129" HEIGHT="36" WC="0.96" CONTENT="förslag"/><SP WIDTH="19" VPOS="795" HPOS="1192"/>
							<String ID="string_114" HPOS="1211" VPOS="792" WIDTH="79" HEIGHT="32" WC="0.96" CONTENT="från"/><SP WIDTH="17" VPOS="792" HPOS="1290"/>
							<String ID="string_115" HPOS="1307" VPOS="787" WIDTH="299" HEIGHT="46" WC="0.91" CONTENT="utredningsmän-"/>
						</TextLine>
						<TextLine ID="line_12" HPOS="103" VPOS="840" WIDTH="1503" HEIGHT="53">
							<String ID="string_116" HPOS="103" VPOS="869" WIDTH="84" HEIGHT="20" WC="0.96" CONTENT="nens"/><SP WIDTH="22" VPOS="869" HPOS="187"/>
							<String ID="string_117" HPOS="209" VPOS="858" WIDTH="129" HEIGHT="35" WC="0.96" CONTENT="förslag"/><SP WIDTH="19" VPOS="858" HPOS="338"/>
							<String ID="string_118" HPOS="357" VPOS="856" WIDTH="123" HEIGHT="31" WC="0.93" CONTENT="endast"/><SP WIDTH="19" VPOS="856" HPOS="480"/>
							<String ID="string_119" HPOS="499" VPOS="853" WIDTH="222" HEIGHT="35" WC="0.91" CONTENT="därutinnan,"/><SP WIDTH="22" VPOS="853" HPOS="721"/>
							<String ID="string_120" HPOS="743" VPOS="854" WIDTH="48" HEIGHT="28" WC="0.96" CONTENT="att"/><SP WIDTH="21" VPOS="854" HPOS="791"/>
							<String ID="string_121" HPOS="812" VPOS="850" WIDTH="91" HEIGHT="30" WC="0.96" CONTENT="vissa"/><SP WIDTH="20" VPOS="850" HPOS="903"/>
							<String ID="string_122" HPOS="923" VPOS="848" WIDTH="188" HEIGHT="36" WC="0.96" CONTENT="ändringar"/><SP WIDTH="19" VPOS="848" HPOS="1111"/>
							<String ID="string_123" HPOS="1130" VPOS="847" WIDTH="66" HEIGHT="30" WC="0.96" CONTENT="och"/><SP WIDTH="21" VPOS="847" HPOS="1196"/>
							<String ID="string_124" HPOS="1217" VPOS="845" WIDTH="116" HEIGHT="35" WC="0.96" CONTENT="tillägg"/><SP WIDTH="20" VPOS="845" HPOS="1333"/>
							<String ID="string_125" HPOS="1353" VPOS="842" WIDTH="108" HEIGHT="38" WC="0.93" CONTENT="gjorts"/><SP WIDTH="19" VPOS="842" HPOS="1461"/>
							<String ID="string_126" HPOS="1480" VPOS="840" WIDTH="126" HEIGHT="32" WC="0.92" CONTENT="beträf-"/>
						</TextLine>
						<TextLine ID="line_13" HPOS="105" VPOS="907" WIDTH="352" HEIGHT="37">
							<String ID="string_127" HPOS="105" VPOS="910" WIDTH="106" HEIGHT="31" WC="0.92" CONTENT="fande"/><SP WIDTH="24" VPOS="910" HPOS="211"/>
							<String ID="string_128" HPOS="235" VPOS="910" WIDTH="15" HEIGHT="29" WC="0.96" CONTENT="1"/><SP WIDTH="24" VPOS="910" HPOS="250"/>
							<String ID="string_129" HPOS="274" VPOS="909" WIDTH="65" HEIGHT="29" WC="0.96" CONTENT="och"/><SP WIDTH="22" VPOS="909" HPOS="339"/>
							<String ID="string_130" HPOS="361" VPOS="908" WIDTH="20" HEIGHT="29" WC="0.96" CONTENT="8"/><SP WIDTH="24" VPOS="908" HPOS="381"/>
							<String ID="string_131" HPOS="405" VPOS="907" WIDTH="52" HEIGHT="37" WC="0.93" CONTENT="$$."/>
						</TextLine>
					</TextBlock>
					<TextBlock ID="block_3" HPOS="106" VPOS="943" WIDTH="1504" HEIGHT="209">
						<TextLine ID="line_14" HPOS="149" VPOS="943" WIDTH="1459" HEIGHT="56">
							<String ID="string_132" HPOS="149" VPOS="961" WIDTH="50" HEIGHT="30" WC="0.96" CONTENT="De"/><SP WIDTH="30" VPOS="961" HPOS="199"/>
							<String ID="string_133" HPOS="229" VPOS="969" WIDTH="70" HEIGHT="30" WC="0.91" CONTENT="nya"/><SP WIDTH="29" VPOS="969" HPOS="299"/>
							<String ID="string_134" HPOS="328" VPOS="954" WIDTH="489" HEIGHT="39" WC="0.91" CONTENT="avlöningsbestämmelserna"/><SP WIDTH="31" VPOS="954" HPOS="817"/>
							<String ID="string_135" HPOS="848" VPOS="960" WIDTH="103" HEIGHT="30" WC="0.95" CONTENT="synas"/><SP WIDTH="29" VPOS="960" HPOS="951"/>
							<String ID="string_136" HPOS="980" VPOS="950" WIDTH="86" HEIGHT="29" WC="0.96" CONTENT="böra"/><SP WIDTH="28" VPOS="950" HPOS="1066"/>
							<String ID="string_137" HPOS="1094" VPOS="948" WIDTH="175" HEIGHT="35" WC="0.96" CONTENT="tillämpas"/><SP WIDTH="31" VPOS="948" HPOS="1269"/>
							<String ID="string_138" HPOS="1300" VPOS="944" WIDTH="80" HEIGHT="32" WC="0.96" CONTENT="från"/><SP WIDTH="31" VPOS="944" HPOS="1380"/>
							<String ID="string_139" HPOS="1411" VPOS="943" WIDTH="125" HEIGHT="36" WC="0.96" CONTENT="början"/><SP WIDTH="31" VPOS="943" HPOS="1536"/>
							<String ID="string_140" HPOS="1567" VPOS="952" WIDTH="41" HEIGHT="21" WC="0.96" CONTENT="av"/>
						</TextLine>
						<TextLine ID="line_15" HPOS="106" VPOS="994" WIDTH="1504" HEIGHT="48">
							<String ID="string_141" HPOS="106" VPOS="1010" WIDTH="233" HEIGHT="32" WC="0.96" CONTENT="innevarande"/><SP WIDTH="18" VPOS="1010" HPOS="339"/>
							<String ID="string_142" HPOS="357" VPOS="1008" WIDTH="55" HEIGHT="31" WC="0.96" CONTENT="års"/><SP WIDTH="19" VPOS="1008" HPOS="412"/>
							<String ID="string_143" HPOS="431" VPOS="1007" WIDTH="150" HEIGHT="35" WC="0.96" CONTENT="riksdag,"/><SP WIDTH="20" VPOS="1007" HPOS="581"/>
							<String ID="string_144" HPOS="601" VPOS="1005" WIDTH="90" HEIGHT="30" WC="0.96" CONTENT="dock"/><SP WIDTH="19" VPOS="1005" HPOS="691"/>
							<String ID="string_145" HPOS="710" VPOS="1007" WIDTH="49" HEIGHT="27" WC="0.96" CONTENT="att"/><SP WIDTH="16" VPOS="1007" HPOS="759"/>
							<String ID="string_146" HPOS="775" VPOS="1004" WIDTH="66" HEIGHT="29" WC="0.96" CONTENT="den"/><SP WIDTH="19" VPOS="1004" HPOS="841"/>
							<String ID="string_147" HPOS="860" VPOS="1002" WIDTH="10" HEIGHT="30" WC="0.96" CONTENT="i"/><SP WIDTH="20" VPOS="1002" HPOS="870"/>
							<String ID="string_148" HPOS="890" VPOS="1003" WIDTH="15" HEIGHT="28" WC="0.93" CONTENT="1"/><SP WIDTH="21" VPOS="1003" HPOS="905"/>
							<String ID="string_149" HPOS="926" VPOS="1001" WIDTH="18" HEIGHT="37" WC="0.83" CONTENT="8"/><SP WIDTH="19" VPOS="1001" HPOS="944"/>
							<String ID="string_150" HPOS="963" VPOS="1000" WIDTH="109" HEIGHT="31" WC="0.96" CONTENT="under"/><SP WIDTH="17" VPOS="1000" HPOS="1072"/>
							<String ID="string_151" HPOS="1089" VPOS="997" WIDTH="166" HEIGHT="32" WC="0.96" CONTENT="rubriken"/><SP WIDTH="19" VPOS="997" HPOS="1255"/>
							<String ID="string_152" HPOS="1274" VPOS="994" WIDTH="187" HEIGHT="37" WC="0.96" CONTENT="Tillfälliga"/><SP WIDTH="18" VPOS="994" HPOS="1461"/>
							<String ID="string_153" HPOS="1479" VPOS="994" WIDTH="131" HEIGHT="30" WC="0.96" CONTENT="utskott"/>
						</TextLine>
						<TextLine ID="line_16" HPOS="106" VPOS="1044" WIDTH="1503" HEIGHT="54">
							<String ID="string_154" HPOS="106" VPOS="1064" WIDTH="141" HEIGHT="34" WC="0.95" CONTENT="intagna"/><SP WIDTH="32" VPOS="1064" HPOS="247"/>
							<String ID="string_155" HPOS="279" VPOS="1059" WIDTH="224" HEIGHT="32" WC="0.96" CONTENT="föreskriften"/><SP WIDTH="30" VPOS="1059" HPOS="503"/>
							<String ID="string_156" HPOS="533" VPOS="1056" WIDTH="179" HEIGHT="37" WC="0.96" CONTENT="angående"/><SP WIDTH="32" VPOS="1056" HPOS="712"/>
							<String ID="string_157" HPOS="744" VPOS="1051" WIDTH="330" HEIGHT="34" WC="0.91" CONTENT="arvodesreduktion"/><SP WIDTH="33" VPOS="1051" HPOS="1074"/>
							<String ID="string_158" HPOS="1107" VPOS="1049" WIDTH="57" HEIGHT="30" WC="0.92" CONTENT="vid"/><SP WIDTH="31" VPOS="1049" HPOS="1164"/>
							<String ID="string_159" HPOS="1195" VPOS="1045" WIDTH="289" HEIGHT="39" WC="0.92" CONTENT="tjänsteförening"/><SP WIDTH="29" VPOS="1045" HPOS="1484"/>
							<String ID="string_160" HPOS="1513" VPOS="1044" WIDTH="96" HEIGHT="30" WC="0.96" CONTENT="torde"/>
						</TextLine>
						<TextLine ID="line_17" HPOS="106" VPOS="1098" WIDTH="1218" HEIGHT="54">
							<String ID="string_161" HPOS="106" VPOS="1115" WIDTH="86" HEIGHT="29" WC="0.96" CONTENT="böra"/><SP WIDTH="17" VPOS="1115" HPOS="192"/>
							<String ID="string_162" HPOS="209" VPOS="1112" WIDTH="175" HEIGHT="35" WC="0.96" CONTENT="tillämpas"/><SP WIDTH="18" VPOS="1112" HPOS="384"/>
							<String ID="string_163" HPOS="402" VPOS="1110" WIDTH="88" HEIGHT="30" WC="0.96" CONTENT="först"/><SP WIDTH="12" VPOS="1110" HPOS="490"/>
							<String ID="string_164" HPOS="502" VPOS="1108" WIDTH="85" HEIGHT="44" WC="0.96" CONTENT="från"/><SP WIDTH="20" VPOS="1108" HPOS="587"/>
							<String ID="string_165" HPOS="607" VPOS="1108" WIDTH="66" HEIGHT="29" WC="0.96" CONTENT="och"/><SP WIDTH="20" VPOS="1108" HPOS="673"/>
							<String ID="string_166" HPOS="693" VPOS="1106" WIDTH="79" HEIGHT="30" WC="0.96" CONTENT="med"/><SP WIDTH="20" VPOS="1106" HPOS="772"/>
							<String ID="string_167" HPOS="792" VPOS="1102" WIDTH="290" HEIGHT="32" WC="0.96" CONTENT="nästkommande"/><SP WIDTH="19" VPOS="1102" HPOS="1082"/>
							<String ID="string_168" HPOS="1101" VPOS="1100" WIDTH="55" HEIGHT="31" WC="0.96" CONTENT="års"/><SP WIDTH="20" VPOS="1100" HPOS="1156"/>
							<String ID="string_169" HPOS="1176" VPOS="1098" WIDTH="148" HEIGHT="36" WC="0.96" CONTENT="riksdag."/>
						</TextLine>
					</TextBlock>
					<TextBlock ID="block_4" HPOS="152" VPOS="1153" WIDTH="913" HEIGHT="46">
						<TextLine ID="line_18" HPOS="152" VPOS="1153" WIDTH="913" HEIGHT="46">
							<String ID="string_170" HPOS="152" VPOS="1158" WIDTH="226" HEIGHT="41" WC="0.92" CONTENT="Åberopande"/><SP WIDTH="26" VPOS="1158" HPOS="378"/>
							<String ID="string_171" HPOS="404" VPOS="1161" WIDTH="58" HEIGHT="29" WC="0.96" CONTENT="det"/><SP WIDTH="28" VPOS="1161" HPOS="462"/>
							<String ID="string_172" HPOS="490" VPOS="1158" WIDTH="147" HEIGHT="31" WC="0.96" CONTENT="anförda"/><SP WIDTH="27" VPOS="1158" HPOS="637"/>
							<String ID="string_173" HPOS="664" VPOS="1155" WIDTH="199" HEIGHT="32" WC="0.96" CONTENT="hemställer"/><SP WIDTH="26" VPOS="1155" HPOS="863"/>
							<String ID="string_174" HPOS="889" VPOS="1153" WIDTH="176" HEIGHT="34" WC="0.95" CONTENT="utskottet,"/>
						</TextLine>
					</TextBlock>
				</ComposedBlock>
				<ComposedBlock ID="cblock_3" HPOS="416" VPOS="1229" WIDTH="1200" HEIGHT="451">
					<TextBlock ID="block_5" HPOS="416" VPOS="1229" WIDTH="1200" HEIGHT="352">
						<TextLine ID="line_19" HPOS="465" VPOS="1229" WIDTH="1146" HEIGHT="54">
							<String ID="string_175" HPOS="465" VPOS="1243" WIDTH="28" HEIGHT="40" WC="0.94" CONTENT="1)"/><SP WIDTH="32" VPOS="1243" HPOS="493"/>
							<String ID="string_176" HPOS="525" VPOS="1246" WIDTH="48" HEIGHT="28" WC="0.95" CONTENT="att"/><SP WIDTH="14" VPOS="1246" HPOS="573"/>
							<String ID="string_177" HPOS="587" VPOS="1242" WIDTH="186" HEIGHT="35" WC="0.95" CONTENT="riksdagen"/><SP WIDTH="14" VPOS="1242" HPOS="773"/>
							<String ID="string_178" HPOS="787" VPOS="1239" WIDTH="58" HEIGHT="31" WC="0.96" CONTENT="må"/><SP WIDTH="15" VPOS="1239" HPOS="845"/>
							<String ID="string_179" HPOS="860" VPOS="1238" WIDTH="186" HEIGHT="37" WC="0.96" CONTENT="godkänna"/><SP WIDTH="13" VPOS="1238" HPOS="1046"/>
							<String ID="string_180" HPOS="1059" VPOS="1235" WIDTH="124" HEIGHT="31" WC="0.96" CONTENT="härvid"/><SP WIDTH="17" VPOS="1235" HPOS="1183"/>
							<String ID="string_181" HPOS="1200" VPOS="1233" WIDTH="133" HEIGHT="36" WC="0.96" CONTENT="fogade,"/><SP WIDTH="16" VPOS="1233" HPOS="1333"/>
							<String ID="string_182" HPOS="1349" VPOS="1231" WIDTH="116" HEIGHT="31" WC="0.93" CONTENT="såsom"/><SP WIDTH="15" VPOS="1231" HPOS="1465"/>
							<String ID="string_183" HPOS="1480" VPOS="1229" WIDTH="131" HEIGHT="31" WC="0.89" CONTENT="banko-"/>
						</TextLine>
						<TextLine ID="line_20" HPOS="416" VPOS="1280" WIDTH="1196" HEIGHT="48">
							<String ID="string_184" HPOS="416" VPOS="1296" WIDTH="184" HEIGHT="30" WC="0.96" CONTENT="utskottets"/><SP WIDTH="17" VPOS="1296" HPOS="600"/>
							<String ID="string_185" HPOS="617" VPOS="1292" WIDTH="132" HEIGHT="36" WC="0.96" CONTENT="förslag"/><SP WIDTH="16" VPOS="1292" HPOS="749"/>
							<String ID="string_186" HPOS="765" VPOS="1289" WIDTH="213" HEIGHT="32" WC="0.96" CONTENT="betecknade"/><SP WIDTH="17" VPOS="1289" HPOS="978"/>
							<String ID="string_187" HPOS="995" VPOS="1287" WIDTH="129" HEIGHT="35" WC="0.94" CONTENT="förslag"/><SP WIDTH="19" VPOS="1287" HPOS="1124"/>
							<String ID="string_188" HPOS="1143" VPOS="1285" WIDTH="52" HEIGHT="31" WC="0.96" CONTENT="till"/><SP WIDTH="20" VPOS="1285" HPOS="1195"/>
							<String ID="string_189" HPOS="1215" VPOS="1280" WIDTH="397" HEIGHT="39" WC="0.90" CONTENT="avlöningsbestämmel-"/>
						</TextLine>
						<TextLine ID="line_21" HPOS="418" VPOS="1330" WIDTH="1195" HEIGHT="51">
							<String ID="string_190" HPOS="418" VPOS="1356" WIDTH="55" HEIGHT="21" WC="0.96" CONTENT="ser"/><SP WIDTH="22" VPOS="1356" HPOS="473"/>
							<String ID="string_191" HPOS="495" VPOS="1345" WIDTH="56" HEIGHT="30" WC="0.96" CONTENT="för"/><SP WIDTH="24" VPOS="1345" HPOS="551"/>
							<String ID="string_192" HPOS="575" VPOS="1343" WIDTH="162" HEIGHT="38" WC="0.96" CONTENT="personal"/><SP WIDTH="25" VPOS="1343" HPOS="737"/>
							<String ID="string_193" HPOS="762" VPOS="1343" WIDTH="63" HEIGHT="29" WC="0.96" CONTENT="hos"/><SP WIDTH="26" VPOS="1343" HPOS="825"/>
							<String ID="string_194" HPOS="851" VPOS="1340" WIDTH="202" HEIGHT="35" WC="0.96" CONTENT="riksdagens"/><SP WIDTH="27" VPOS="1340" HPOS="1053"/>
							<String ID="string_195" HPOS="1080" VPOS="1338" WIDTH="151" HEIGHT="33" WC="0.96" CONTENT="kamrar,"/><SP WIDTH="24" VPOS="1338" HPOS="1231"/>
							<String ID="string_196" HPOS="1255" VPOS="1335" WIDTH="132" HEIGHT="30" WC="0.96" CONTENT="utskott"/><SP WIDTH="24" VPOS="1335" HPOS="1387"/>
							<String ID="string_197" HPOS="1411" VPOS="1333" WIDTH="66" HEIGHT="30" WC="0.96" CONTENT="och"/><SP WIDTH="23" VPOS="1333" HPOS="1477"/>
							<String ID="string_198" HPOS="1500" VPOS="1330" WIDTH="113" HEIGHT="32" WC="0.96" CONTENT="kansli"/>
						</TextLine>
						<TextLine ID="line_22" HPOS="417" VPOS="1381" WIDTH="1196" HEIGHT="50">
							<String ID="string_199" HPOS="417" VPOS="1407" WIDTH="46" HEIGHT="21" WC="0.90" CONTENT="m."/><SP WIDTH="26" VPOS="1407" HPOS="463"/>
							<String ID="string_200" HPOS="489" VPOS="1406" WIDTH="56" HEIGHT="25" WC="0.88" CONTENT="m.,"/><SP WIDTH="25" VPOS="1406" HPOS="545"/>
							<String ID="string_201" HPOS="570" VPOS="1398" WIDTH="49" HEIGHT="28" WC="0.96" CONTENT="att"/><SP WIDTH="24" VPOS="1398" HPOS="619"/>
							<String ID="string_202" HPOS="643" VPOS="1394" WIDTH="175" HEIGHT="35" WC="0.96" CONTENT="tillämpas"/><SP WIDTH="24" VPOS="1394" HPOS="818"/>
							<String ID="string_203" HPOS="842" VPOS="1390" WIDTH="80" HEIGHT="32" WC="0.96" CONTENT="från"/><SP WIDTH="24" VPOS="1390" HPOS="922"/>
							<String ID="string_204" HPOS="946" VPOS="1388" WIDTH="125" HEIGHT="37" WC="0.96" CONTENT="början"/><SP WIDTH="23" VPOS="1388" HPOS="1071"/>
							<String ID="string_205" HPOS="1094" VPOS="1397" WIDTH="43" HEIGHT="21" WC="0.95" CONTENT="av"/><SP WIDTH="26" VPOS="1397" HPOS="1137"/>
							<String ID="string_206" HPOS="1163" VPOS="1387" WIDTH="83" HEIGHT="30" WC="0.96" CONTENT="1939"/><SP WIDTH="25" VPOS="1387" HPOS="1246"/>
							<String ID="string_207" HPOS="1271" VPOS="1385" WIDTH="55" HEIGHT="31" WC="0.96" CONTENT="års"/><SP WIDTH="23" VPOS="1385" HPOS="1326"/>
							<String ID="string_208" HPOS="1349" VPOS="1383" WIDTH="151" HEIGHT="36" WC="0.96" CONTENT="riksdag,"/><SP WIDTH="24" VPOS="1383" HPOS="1500"/>
							<String ID="string_209" HPOS="1524" VPOS="1381" WIDTH="89" HEIGHT="31" WC="0.96" CONTENT="dock"/>
						</TextLine>
						<TextLine ID="line_23" HPOS="420" VPOS="1432" WIDTH="1194" HEIGHT="47">
							<String ID="string_210" HPOS="420" VPOS="1451" WIDTH="50" HEIGHT="27" WC="0.96" CONTENT="att"/><SP WIDTH="16" VPOS="1451" HPOS="470"/>
							<String ID="string_211" HPOS="486" VPOS="1448" WIDTH="66" HEIGHT="29" WC="0.96" CONTENT="den"/><SP WIDTH="17" VPOS="1448" HPOS="552"/>
							<String ID="string_212" HPOS="569" VPOS="1444" WIDTH="190" HEIGHT="35" WC="0.96" CONTENT="föreskrift,"/><SP WIDTH="18" VPOS="1444" HPOS="759"/>
							<String ID="string_213" HPOS="777" VPOS="1452" WIDTH="74" HEIGHT="21" WC="0.96" CONTENT="som"/><SP WIDTH="17" VPOS="1452" HPOS="851"/>
							<String ID="string_214" HPOS="868" VPOS="1440" WIDTH="188" HEIGHT="32" WC="0.96" CONTENT="återfinnes"/><SP WIDTH="17" VPOS="1440" HPOS="1056"/>
							<String ID="string_215" HPOS="1073" VPOS="1439" WIDTH="11" HEIGHT="29" WC="0.96" CONTENT="i"/><SP WIDTH="18" VPOS="1439" HPOS="1084"/>
							<String ID="string_216" HPOS="1102" VPOS="1439" WIDTH="66" HEIGHT="29" WC="0.96" CONTENT="den"/><SP WIDTH="17" VPOS="1439" HPOS="1168"/>
							<String ID="string_217" HPOS="1185" VPOS="1437" WIDTH="50" HEIGHT="30" WC="0.96" CONTENT="uti"/><SP WIDTH="20" VPOS="1437" HPOS="1235"/>
							<String ID="string_218" HPOS="1255" VPOS="1437" WIDTH="13" HEIGHT="28" WC="0.90" CONTENT="1"/><SP WIDTH="20" VPOS="1437" HPOS="1268"/>
							<String ID="string_219" HPOS="1288" VPOS="1436" WIDTH="18" HEIGHT="37" WC="0.88" CONTENT="$"/><SP WIDTH="16" VPOS="1436" HPOS="1306"/>
							<String ID="string_220" HPOS="1322" VPOS="1435" WIDTH="112" HEIGHT="30" WC="0.96" CONTENT="under"/><SP WIDTH="16" VPOS="1435" HPOS="1434"/>
							<String ID="string_221" HPOS="1450" VPOS="1432" WIDTH="164" HEIGHT="32" WC="0.96" CONTENT="rubriken"/>
						</TextLine>
						<TextLine ID="line_24" HPOS="420" VPOS="1484" WIDTH="1196" HEIGHT="48">
							<String ID="string_222" HPOS="420" VPOS="1496" WIDTH="187" HEIGHT="36" WC="0.96" CONTENT="Tillfälliga"/><SP WIDTH="38" VPOS="1496" HPOS="607"/>
							<String ID="string_223" HPOS="645" VPOS="1495" WIDTH="132" HEIGHT="30" WC="0.90" CONTENT="utskott"/><SP WIDTH="37" VPOS="1495" HPOS="777"/>
							<String ID="string_224" HPOS="814" VPOS="1493" WIDTH="142" HEIGHT="34" WC="0.95" CONTENT="intagna"/><SP WIDTH="37" VPOS="1493" HPOS="956"/>
							<String ID="string_225" HPOS="993" VPOS="1487" WIDTH="285" HEIGHT="35" WC="0.95" CONTENT="anmärkningen,"/><SP WIDTH="39" VPOS="1487" HPOS="1278"/>
							<String ID="string_226" HPOS="1317" VPOS="1485" WIDTH="88" HEIGHT="30" WC="0.95" CONTENT="skall"/><SP WIDTH="37" VPOS="1485" HPOS="1405"/>
							<String ID="string_227" HPOS="1442" VPOS="1484" WIDTH="174" HEIGHT="35" WC="0.96" CONTENT="tillämpas"/>
						</TextLine>
						<TextLine ID="line_25" HPOS="422" VPOS="1539" WIDTH="761" HEIGHT="42">
							<String ID="string_228" HPOS="422" VPOS="1549" WIDTH="87" HEIGHT="30" WC="0.96" CONTENT="först"/><SP WIDTH="23" VPOS="1549" HPOS="509"/>
							<String ID="string_229" HPOS="532" VPOS="1546" WIDTH="78" HEIGHT="31" WC="0.96" CONTENT="från"/><SP WIDTH="21" VPOS="1546" HPOS="610"/>
							<String ID="string_230" HPOS="631" VPOS="1544" WIDTH="126" HEIGHT="37" WC="0.96" CONTENT="början"/><SP WIDTH="23" VPOS="1544" HPOS="757"/>
							<String ID="string_231" HPOS="780" VPOS="1554" WIDTH="41" HEIGHT="20" WC="0.96" CONTENT="av"/><SP WIDTH="26" VPOS="1554" HPOS="821"/>
							<String ID="string_232" HPOS="847" VPOS="1542" WIDTH="83" HEIGHT="31" WC="0.96" CONTENT="1940"/><SP WIDTH="23" VPOS="1542" HPOS="930"/>
							<String ID="string_233" HPOS="953" VPOS="1541" WIDTH="55" HEIGHT="31" WC="0.96" CONTENT="års"/><SP WIDTH="22" VPOS="1541" HPOS="1008"/>
							<String ID="string_234" HPOS="1030" VPOS="1539" WIDTH="153" HEIGHT="36" WC="0.96" CONTENT="riksdag;"/>
						</TextLine>
					</TextBlock>
					<TextBlock ID="block_6" HPOS="424" VPOS="1584" WIDTH="1192" HEIGHT="96">
						<TextLine ID="line_26" HPOS="466" VPOS="1584" WIDTH="1150" HEIGHT="53">
							<String ID="string_235" HPOS="466" VPOS="1598" WIDTH="31" HEIGHT="39" WC="0.96" CONTENT="2)"/><SP WIDTH="31" VPOS="1598" HPOS="497"/>
							<String ID="string_236" HPOS="528" VPOS="1601" WIDTH="48" HEIGHT="27" WC="0.96" CONTENT="att"/><SP WIDTH="25" VPOS="1601" HPOS="576"/>
							<String ID="string_237" HPOS="601" VPOS="1594" WIDTH="230" HEIGHT="33" WC="0.96" CONTENT="förevarande"/><SP WIDTH="24" VPOS="1594" HPOS="831"/>
							<String ID="string_238" HPOS="855" VPOS="1592" WIDTH="133" HEIGHT="31" WC="0.95" CONTENT="motion"/><SP WIDTH="26" VPOS="1592" HPOS="988"/>
							<String ID="string_239" HPOS="1014" VPOS="1591" WIDTH="44" HEIGHT="30" WC="0.92" CONTENT="II:"/><SP WIDTH="15" VPOS="1591" HPOS="1058"/>
							<String ID="string_240" HPOS="1073" VPOS="1590" WIDTH="63" HEIGHT="30" WC="0.92" CONTENT="323"/><SP WIDTH="26" VPOS="1590" HPOS="1136"/>
							<String ID="string_241" HPOS="1162" VPOS="1587" WIDTH="58" HEIGHT="32" WC="0.94" CONTENT="må"/><SP WIDTH="26" VPOS="1587" HPOS="1220"/>
							<String ID="string_242" HPOS="1246" VPOS="1596" WIDTH="98" HEIGHT="22" WC="0.94" CONTENT="anses"/><SP WIDTH="25" VPOS="1596" HPOS="1344"/>
							<String ID="string_243" HPOS="1369" VPOS="1584" WIDTH="169" HEIGHT="32" WC="0.92" CONTENT="besvarad"/><SP WIDTH="25" VPOS="1584" HPOS="1538"/>
							<String ID="string_244" HPOS="1563" VPOS="1592" WIDTH="53" HEIGHT="28" WC="0.89" CONTENT="ge-"/>
						</TextLine>
						<TextLine ID="line_27" HPOS="424" VPOS="1638" WIDTH="923" HEIGHT="42">
							<String ID="string_245" HPOS="424" VPOS="1659" WIDTH="81" HEIGHT="21" WC="0.96" CONTENT="nom"/><SP WIDTH="26" VPOS="1659" HPOS="505"/>
							<String ID="string_246" HPOS="531" VPOS="1648" WIDTH="67" HEIGHT="30" WC="0.95" CONTENT="vad"/><SP WIDTH="26" VPOS="1648" HPOS="598"/>
							<String ID="string_247" HPOS="624" VPOS="1647" WIDTH="165" HEIGHT="30" WC="0.96" CONTENT="utskottet"/><SP WIDTH="26" VPOS="1647" HPOS="789"/>
							<String ID="string_248" HPOS="815" VPOS="1653" WIDTH="89" HEIGHT="21" WC="0.96" CONTENT="ovan"/><SP WIDTH="27" VPOS="1653" HPOS="904"/>
							<String ID="string_249" HPOS="931" VPOS="1642" WIDTH="116" HEIGHT="30" WC="0.96" CONTENT="anfört"/><SP WIDTH="26" VPOS="1642" HPOS="1047"/>
							<String ID="string_250" HPOS="1073" VPOS="1641" WIDTH="64" HEIGHT="30" WC="0.92" CONTENT="och"/><SP WIDTH="27" VPOS="1641" HPOS="1137"/>
							<String ID="string_251" HPOS="1164" VPOS="1638" WIDTH="183" HEIGHT="31" WC="0.89" CONTENT="hemställt."/>
						</TextLine>
					</TextBlock>
				</ComposedBlock>
				<ComposedBlock ID="cblock_4" HPOS="160" VPOS="1748" WIDTH="976" HEIGHT="132">
					<TextBlock ID="block_7" HPOS="160" VPOS="1748" WIDTH="976" HEIGHT="132">
						<TextLine ID="line_28" HPOS="160" VPOS="1748" WIDTH="585" HEIGHT="39">
							<String ID="string_252" HPOS="160" VPOS="1754" WIDTH="199" HEIGHT="33" WC="0.96" CONTENT="Stockholm"/><SP WIDTH="24" VPOS="1754" HPOS="359"/>
							<String ID="string_253" HPOS="383" VPOS="1753" WIDTH="65" HEIGHT="29" WC="0.96" CONTENT="den"/><SP WIDTH="27" VPOS="1753" HPOS="448"/>
							<String ID="string_254" HPOS="475" VPOS="1752" WIDTH="37" HEIGHT="28" WC="0.96" CONTENT="16"/><SP WIDTH="24" VPOS="1752" HPOS="512"/>
							<String ID="string_255" HPOS="536" VPOS="1759" WIDTH="91" HEIGHT="21" WC="0.96" CONTENT="mars"/><SP WIDTH="25" VPOS="1759" HPOS="627"/>
							<String ID="string_256" HPOS="652" VPOS="1748" WIDTH="93" HEIGHT="30" WC="0.95" CONTENT="1939."/>
						</TextLine>
						<TextLine ID="line_29" HPOS="599" VPOS="1844" WIDTH="537" HEIGHT="36">
							<String ID="string_257" HPOS="599" VPOS="1848" WIDTH="48" HEIGHT="31" WC="0.93" CONTENT="På"/><SP WIDTH="22" VPOS="1848" HPOS="647"/>
							<String ID="string_258" HPOS="669" VPOS="1846" WIDTH="302" HEIGHT="32" WC="0.91" CONTENT="bankoutskottets"/><SP WIDTH="23" VPOS="1846" HPOS="971"/>
							<String ID="string_259" HPOS="994" VPOS="1844" WIDTH="142" HEIGHT="36" WC="0.95" CONTENT="vägnar:"/>
						</TextLine>
					</TextBlock>
				</ComposedBlock>
				<ComposedBlock ID="cblock_5" HPOS="643" VPOS="1940" WIDTH="453" HEIGHT="39">
					<TextBlock ID="block_8" HPOS="643" VPOS="1940" WIDTH="453" HEIGHT="39">
						<TextLine ID="line_30" HPOS="643" VPOS="1940" WIDTH="453" HEIGHT="39">
							<String ID="string_260" HPOS="643" VPOS="1948" WIDTH="181" HEIGHT="31" WC="0.92" CONTENT="HARALD"/><SP WIDTH="25" VPOS="1948" HPOS="824"/>
							<String ID="string_261" HPOS="849" VPOS="1940" WIDTH="247" HEIGHT="36" WC="0.96" CONTENT="ÅKERBERG."/>
						</TextLine>
					</TextBlock>
				</ComposedBlock>
				<ComposedBlock ID="cblock_6" HPOS="154" VPOS="2140" WIDTH="1140" HEIGHT="40">
					<TextBlock ID="block_9" HPOS="154" VPOS="2140" WIDTH="1140" HEIGHT="40">
						<TextLine ID="line_31" HPOS="154" VPOS="2140" WIDTH="1140" HEIGHT="40">
							<String ID="string_262" HPOS="154" VPOS="2156" WIDTH="54" HEIGHT="24" WC="0.95" CONTENT="Vid"/><SP WIDTH="17" VPOS="2156" HPOS="208"/>
							<String ID="string_263" HPOS="225" VPOS="2152" WIDTH="180" HEIGHT="28" WC="0.93" CONTENT="förestående"/><SP WIDTH="20" VPOS="2152" HPOS="405"/>
							<String ID="string_264" HPOS="425" VPOS="2151" WIDTH="120" HEIGHT="25" WC="0.92" CONTENT="ärendes"/><SP WIDTH="20" VPOS="2151" HPOS="545"/>
							<String ID="string_265" HPOS="565" VPOS="2148" WIDTH="232" HEIGHT="31" WC="0.90" CONTENT="slutbehandling"/><SP WIDTH="19" VPOS="2148" HPOS="797"/>
							<String ID="string_266" HPOS="816" VPOS="2147" WIDTH="77" HEIGHT="24" WC="0.96" CONTENT="inom"/><SP WIDTH="18" VPOS="2147" HPOS="893"/>
							<String ID="string_267" HPOS="911" VPOS="2145" WIDTH="136" HEIGHT="25" WC="0.96" CONTENT="utskottet"/><SP WIDTH="20" VPOS="2145" HPOS="1047"/>
							<String ID="string_268" HPOS="1067" VPOS="2143" WIDTH="73" HEIGHT="24" WC="0.93" CONTENT="hava"/><SP WIDTH="18" VPOS="2143" HPOS="1140"/>
							<String ID="string_269" HPOS="1158" VPOS="2140" WIDTH="136" HEIGHT="26" WC="0.91" CONTENT="närvarit:"/>
						</TextLine>
					</TextBlock>
				</ComposedBlock>
				<ComposedBlock ID="cblock_7" HPOS="121" VPOS="2187" WIDTH="1502" HEIGHT="88">
					<TextBlock ID="block_10" HPOS="121" VPOS="2187" WIDTH="1502" HEIGHT="88">
						<TextLine ID="line_32" HPOS="155" VPOS="2187" WIDTH="1468" HEIGHT="43">
							<String ID="string_270" HPOS="155" VPOS="2205" WIDTH="65" HEIGHT="25" WC="0.96" CONTENT="från"/><SP WIDTH="35" VPOS="2205" HPOS="220"/>
							<String ID="string_271" HPOS="255" VPOS="2205" WIDTH="133" HEIGHT="24" WC="0.96" CONTENT="första"/><SP WIDTH="38" VPOS="2205" HPOS="388"/>
							<String ID="string_272" HPOS="426" VPOS="2202" WIDTH="178" HEIGHT="24" WC="0.95" CONTENT="kammaren:"/><SP WIDTH="27" VPOS="2202" HPOS="604"/>
							<String ID="string_273" HPOS="631" VPOS="2200" WIDTH="99" HEIGHT="23" WC="0.96" CONTENT="herrar"/><SP WIDTH="25" VPOS="2200" HPOS="730"/>
							<String ID="string_274" HPOS="755" VPOS="2195" WIDTH="149" HEIGHT="33" WC="0.95" CONTENT="Åkerberg,"/><SP WIDTH="30" VPOS="2195" HPOS="904"/>
							<String ID="string_275" HPOS="934" VPOS="2194" WIDTH="155" HEIGHT="31" WC="0.32" CONTENT="Ehrenberg,"/><SP WIDTH="26" VPOS="2194" HPOS="1089"/>
							<String ID="string_276" HPOS="1115" VPOS="2193" WIDTH="122" HEIGHT="31" WC="0.92" CONTENT="Berling,"/><SP WIDTH="27" VPOS="2193" HPOS="1237"/>
							<String ID="string_277" HPOS="1264" VPOS="2190" WIDTH="194" HEIGHT="32" WC="0.91" CONTENT="Friggeråker,"/><SP WIDTH="26" VPOS="2190" HPOS="1458"/>
							<String ID="string_278" HPOS="1484" VPOS="2187" WIDTH="139" HEIGHT="29" WC="0.66" CONTENT="Sandén”,"/>
						</TextLine>
						<TextLine ID="line_33" HPOS="121" VPOS="2240" WIDTH="688" HEIGHT="35">
							<String ID="string_279" HPOS="121" VPOS="2249" WIDTH="116" HEIGHT="24" WC="0.96" CONTENT="Nilsson"/><SP WIDTH="21" VPOS="2249" HPOS="237"/>
							<String ID="string_280" HPOS="258" VPOS="2248" WIDTH="8" HEIGHT="23" WC="0.96" CONTENT="i"/><SP WIDTH="21" VPOS="2248" HPOS="266"/>
							<String ID="string_281" HPOS="287" VPOS="2246" WIDTH="135" HEIGHT="29" WC="0.95" CONTENT="Mölndal,"/><SP WIDTH="21" VPOS="2246" HPOS="422"/>
							<String ID="string_282" HPOS="443" VPOS="2253" WIDTH="55" HEIGHT="16" WC="0.96" CONTENT="von"/><SP WIDTH="21" VPOS="2253" HPOS="498"/>
							<String ID="string_283" HPOS="519" VPOS="2245" WIDTH="80" HEIGHT="23" WC="0.96" CONTENT="Horn"/><SP WIDTH="20" VPOS="2245" HPOS="599"/>
							<String ID="string_284" HPOS="619" VPOS="2242" WIDTH="55" HEIGHT="24" WC="0.96" CONTENT="och"/><SP WIDTH="21" VPOS="2242" HPOS="674"/>
							<String ID="string_285" HPOS="695" VPOS="2240" WIDTH="114" HEIGHT="30" WC="0.93" CONTENT="Ohlin&quot;;"/>
						</TextLine>
					</TextBlock>
				</ComposedBlock>
				<ComposedBlock ID="cblock_8" HPOS="124" VPOS="2289" WIDTH="1500" HEIGHT="89">
					<TextBlock ID="block_11" HPOS="124" VPOS="2289" WIDTH="1500" HEIGHT="89">
						<TextLine ID="line_34" HPOS="156" VPOS="2289" WIDTH="1468" HEIGHT="42">
							<String ID="string_286" HPOS="156" VPOS="2306" WIDTH="64" HEIGHT="25" WC="0.96" CONTENT="från"/><SP WIDTH="35" VPOS="2306" HPOS="220"/>
							<String ID="string_287" HPOS="255" VPOS="2306" WIDTH="124" HEIGHT="24" WC="0.95" CONTENT="andra"/><SP WIDTH="35" VPOS="2306" HPOS="379"/>
							<String ID="string_288" HPOS="414" VPOS="2304" WIDTH="178" HEIGHT="23" WC="0.95" CONTENT="kammaren:"/><SP WIDTH="35" VPOS="2304" HPOS="592"/>
							<String ID="string_289" HPOS="627" VPOS="2301" WIDTH="100" HEIGHT="23" WC="0.96" CONTENT="herrar"/><SP WIDTH="36" VPOS="2301" HPOS="727"/>
							<String ID="string_290" HPOS="763" VPOS="2299" WIDTH="103" HEIGHT="28" WC="0.93" CONTENT="Lovén,"/><SP WIDTH="33" VPOS="2299" HPOS="866"/>
							<String ID="string_291" HPOS="899" VPOS="2296" WIDTH="131" HEIGHT="29" WC="0.96" CONTENT="Paulsen,"/><SP WIDTH="36" VPOS="2296" HPOS="1030"/>
							<String ID="string_292" HPOS="1066" VPOS="2295" WIDTH="162" HEIGHT="24" WC="0.96" CONTENT="Andersson"/><SP WIDTH="37" VPOS="2295" HPOS="1228"/>
							<String ID="string_293" HPOS="1265" VPOS="2293" WIDTH="7" HEIGHT="24" WC="0.69" CONTENT="i."/><SP WIDTH="35" VPOS="2293" HPOS="1272"/>
							<String ID="string_294" HPOS="1307" VPOS="2290" WIDTH="202" HEIGHT="31" WC="0.75" CONTENT="Falkenberg&quot;,"/><SP WIDTH="26" VPOS="2290" HPOS="1509"/>
							<String ID="string_295" HPOS="1535" VPOS="2289" WIDTH="32" HEIGHT="25" WC="0.91" CONTENT="K."/><SP WIDTH="28" VPOS="2289" HPOS="1567"/>
							<String ID="string_296" HPOS="1595" VPOS="2289" WIDTH="29" HEIGHT="24" WC="0.90" CONTENT="A."/>
						</TextLine>
						<TextLine ID="line_35" HPOS="124" VPOS="2332" WIDTH="1445" HEIGHT="46">
							<String ID="string_297" HPOS="124" VPOS="2349" WIDTH="153" HEIGHT="29" WC="0.93" CONTENT="Westman,"/><SP WIDTH="22" VPOS="2349" HPOS="277"/>
							<String ID="string_298" HPOS="299" VPOS="2347" WIDTH="114" HEIGHT="30" WC="0.91" CONTENT="Osberg,"/><SP WIDTH="24" VPOS="2347" HPOS="413"/>
							<String ID="string_299" HPOS="437" VPOS="2345" WIDTH="162" HEIGHT="24" WC="0.96" CONTENT="Andersson"/><SP WIDTH="24" VPOS="2345" HPOS="599"/>
							<String ID="string_300" HPOS="623" VPOS="2343" WIDTH="7" HEIGHT="24" WC="0.93" CONTENT="i"/><SP WIDTH="23" VPOS="2343" HPOS="630"/>
							<String ID="string_301" HPOS="653" VPOS="2340" WIDTH="236" HEIGHT="32" WC="0.90" CONTENT="Munkaljungby,"/><SP WIDTH="22" VPOS="2340" HPOS="889"/>
							<String ID="string_302" HPOS="911" VPOS="2339" WIDTH="162" HEIGHT="24" WC="0.96" CONTENT="Andersson"/><SP WIDTH="23" VPOS="2339" HPOS="1073"/>
							<String ID="string_303" HPOS="1096" VPOS="2337" WIDTH="7" HEIGHT="24" WC="0.96" CONTENT="i"/><SP WIDTH="24" VPOS="2337" HPOS="1103"/>
							<String ID="string_304" HPOS="1127" VPOS="2335" WIDTH="154" HEIGHT="25" WC="0.81" CONTENT="Lindome&quot;"/><SP WIDTH="25" VPOS="2335" HPOS="1281"/>
							<String ID="string_305" HPOS="1306" VPOS="2334" WIDTH="53" HEIGHT="24" WC="0.96" CONTENT="och"/><SP WIDTH="23" VPOS="2334" HPOS="1359"/>
							<String ID="string_306" HPOS="1382" VPOS="2332" WIDTH="187" HEIGHT="26" WC="0.95" CONTENT="Henriksson."/>
						</TextLine>
					</TextBlock>
				</ComposedBlock>
				<ComposedBlock ID="cblock_9" HPOS="158" VPOS="2416" WIDTH="696" HEIGHT="39">
					<TextBlock ID="block_12" HPOS="158" VPOS="2416" WIDTH="696" HEIGHT="39">
						<TextLine ID="line_36" HPOS="158" VPOS="2416" WIDTH="696" HEIGHT="39">
							<String ID="string_307" HPOS="158" VPOS="2424" WIDTH="14" HEIGHT="15" WC="0.52" CONTENT="x"/><SP WIDTH="22" VPOS="2424" HPOS="172"/>
							<String ID="string_308" HPOS="194" VPOS="2423" WIDTH="33" HEIGHT="32" WC="0.96" CONTENT="Ej"/><SP WIDTH="21" VPOS="2423" HPOS="227"/>
							<String ID="string_309" HPOS="248" VPOS="2422" WIDTH="178" HEIGHT="25" WC="0.96" CONTENT="närvarande"/><SP WIDTH="20" VPOS="2422" HPOS="426"/>
							<String ID="string_310" HPOS="446" VPOS="2421" WIDTH="46" HEIGHT="24" WC="0.91" CONTENT="vid"/><SP WIDTH="22" VPOS="2421" HPOS="492"/>
							<String ID="string_311" HPOS="514" VPOS="2418" WIDTH="174" HEIGHT="25" WC="0.91" CONTENT="utlåtandets"/><SP WIDTH="20" VPOS="2418" HPOS="688"/>
							<String ID="string_312" HPOS="708" VPOS="2416" WIDTH="146" HEIGHT="33" WC="0.96" CONTENT="justering."/>
						</TextLine>
					</TextBlock>
				</ComposedBlock>
			</PrintSpace>
		</Page>
	</Layout>
</alto>
