1914 2800
110 630 141 25 Utskottet.

71 2348 100 25 Motion
179 2349 25 24 I:
214 2347 57 26 289.

290 141 38 30 12
540 143 214 29 Sammansatt
770 146 92 27 stats-
881 145 57 28 och
954 145 99 29 andra
1070 146 190 34 lagutskotts
1277 146 166 30 utlåtande
1458 147 49 29 Nr
1524 151 28 26 1.

290 228 168 39 nämligen
476 240 42 21 av
535 228 239 34 kostnadsskäl
792 230 120 33 önskat
929 231 105 33 ordna
1051 232 95 33 dessa
1166 233 46 39 så,
1233 236 50 29 att
1302 233 105 33 denna
1426 235 369 38 representantförsam-

290 279 73 39 ling
379 279 142 33 allenast
536 280 12 32 i
563 280 91 32 vissa
671 281 65 31 fall
752 281 74 33 med
843 281 116 39 längre
975 282 210 33 mellantider
1202 283 133 33 bestode
1351 296 42 20 av
1410 284 110 33 direkt
1535 297 42 20 av
1593 285 203 33 lokalavdel-

289 329 164 38 ningarna
477 329 101 33 valda
600 330 131 33 ombud.
777 331 113 32 Under
913 332 214 33 mellantiden
1151 333 107 33 skulle
1283 334 437 39 föreningssammanträdes
1743 335 52 33 be-

290 379 157 39 fogenhet
475 384 119 29 utövas
622 392 44 21 av
692 392 165 29 personer,
887 382 101 33 valda
1017 395 42 20 av
1087 383 236 33 förutnämnda
1353 385 440 39 representantförsamling.

289 428 66 34 Det
370 429 84 33 hade
471 430 184 33 emellertid
671 435 127 29 ansetts
816 432 114 40 ovisst,
947 433 166 33 huruvida
1131 434 230 32 ovannämnda
1379 435 184 39 stadgande
1580 436 159 38 medgåve
1755 448 39 20 en

290 479 103 33 sådan
413 481 196 39 anordning.

332 530 76 33 Med
426 530 74 33 stöd
517 543 42 20 av
576 532 92 32 detta
684 532 174 33 uttalande
875 533 104 38 yrkas
997 534 12 31 i
1026 534 122 32 motion
1167 534 132 33 II:446
1317 547 41 20 av
1375 535 77 32 herr
1467 535 193 33 Andersson
1677 537 12 31 i
1708 537 86 38 Igel-

288 579 95 40 boda,
405 584 50 29 att
477 581 201 39 stadgandet
698 583 12 31 i
734 582 100 39 fråga
854 583 104 33 måtte
978 584 188 38 upphävas.

332 631 18 32 I
374 632 180 39 anledning
576 644 42 21 av
642 632 286 40 socialstyrelsens
953 635 230 32 ovannämnda
1206 635 174 34 uttalande
1403 636 87 33 hava
1516 637 85 32 1926
1626 638 53 31 års
1704 637 90 39 sjuk-

286 681 314 41 kassesakkunniga
624 684 136 39 uttalat,
787 688 49 29 att
862 685 201 39 stadgandet
1089 686 29 38 ej
1143 686 111 33 kunde
1281 699 96 20 anses
1403 691 122 35 utgöra
1551 689 100 38 något
1677 688 118 33 hinder

287 733 54 32 för
364 737 50 29 att
436 734 39 32 de
496 745 166 29 personer,
687 746 69 21 som
779 735 108 33 skulle
908 739 101 30 utöva
1032 737 438 38 föreningssammanträdes
1492 738 209 39 befogenhet,
1724 739 68 32 val-

287 783 57 32 des
362 783 157 39 indirekt,
537 784 142 33 allenast
698 785 152 38 reglerna
868 786 117 32 därför
1000 790 165 35 upptoges
1182 788 12 31 i
1211 787 194 39 stadgarna.
1445 788 44 38 Ej
1508 788 104 32 heller
1630 789 163 32 utskottet

286 832 67 32 kan
371 833 95 32 finna
482 834 200 38 stadgandet
698 838 121 35 utgöra
834 835 118 32 hinder
968 836 53 32 för
1036 849 38 20 en
1092 837 359 39 stadgebestämmelse,
1468 850 42 20 av
1524 838 147 32 innehåll
1688 851 104 19 exem-

286 883 106 38 pelvis
412 887 50 29 att
485 884 436 39 föreningssammanträdes
941 886 198 39 befogenhet
1159 891 119 29 utövas
1299 892 76 28 vart
1395 888 106 38 tredje
1523 889 37 32 år
1581 901 40 20 av
1640 889 88 32 inom
1748 889 44 32 1o-

285 933 323 41 kalavdelningarna
628 935 110 33 direkt
756 936 100 32 valda
876 949 165 27 personer,
1061 937 93 33 vilka
1174 938 113 33 tillika
1306 942 121 35 utgöra
1446 939 349 39 elektorsförsamling

286 985 55 31 för
359 985 57 32 val
437 997 42 20 av
499 986 86 32 visst
606 986 93 32 antal
721 991 273 35 representanter,
1017 999 69 20 som
1108 988 203 32 däremellan
1333 993 102 28 utöva
1456 989 336 39 föreningssamman-

284 1034 113 33 trädes
416 1034 210 39 befogenhet.
667 1036 56 32 Då
744 1036 200 39 stadgandet
965 1037 164 38 därjämte
1150 1050 99 26 synes
1269 1039 53 31 stå
1340 1039 12 32 i
1373 1040 327 32 överensstämmelse
1719 1040 74 31 med

286 1084 65 38 god
372 1085 142 39 ordning
533 1085 216 33 beträffande
771 1086 210 39 föreningars
1002 1087 238 41 organisation,
1263 1100 97 20 anser
1380 1089 54 38 sig
1453 1089 163 32 utskottet
1636 1089 79 33 böra
1738 1102 54 20 av-

287 1134 118 39 styrka
424 1136 175 33 motionen.

986 1206 42 31 44
1054 1205 30 40 $.

329 1268 118 34 Denna
466 1271 164 38 paragraf
649 1271 184 33 innehåller
852 1272 248 33 bestämmelser
1119 1285 51 20 om
1190 1273 165 32 villkoren
1375 1274 54 32 för
1449 1274 144 39 ändring
1612 1287 42 19 av
1674 1274 117 32 under-

286 1319 265 40 stödsförenings
578 1321 149 39 stadgar.
777 1322 240 39 Huvudregeln
1046 1328 47 33 är,
1121 1326 50 29 att
1198 1323 109 33 beslut
1334 1335 51 21 om
1412 1324 264 39 stadgeändring
1703 1324 88 32 skall

285 1369 87 33 hava
392 1369 136 33 biträtts
549 1382 42 21 av
612 1371 159 39 samtliga
791 1372 279 39 röstberättigade
1090 1373 80 32 eller
1191 1373 87 33 hava
1299 1373 122 33 fattats
1442 1374 19 32 å
1482 1375 58 32 två
1560 1375 44 37 på
1625 1374 166 32 varandra

286 1419 148 39 följande
457 1421 278 40 sammanträden,
759 1422 104 32 därav
885 1423 101 32 minst
1009 1426 47 29 ett
1079 1423 176 40 ordinarie,
1278 1424 60 32 och
1362 1424 20 32 å
1405 1424 54 32 det
1483 1424 84 33 sista
1590 1424 136 33 biträtts
1750 1437 42 20 av

284 1470 101 32 minst
404 1471 59 32 två
484 1471 202 38 tredjedelar
707 1484 42 20 av
771 1473 38 31 de
831 1473 165 33 röstande.
1042 1474 67 31 För
1129 1478 50 28 att
1202 1474 38 32 de
1263 1474 148 32 erkända
1434 1474 239 38 sjukkassorna
1698 1475 94 32 snab-

283 1520 78 32 bare
382 1520 95 33 skola
497 1521 113 33 kunna
630 1534 146 25 anpassa
798 1523 53 38 sig
872 1523 86 32 efter
981 1524 38 31 de
1041 1524 146 31 ändrade
1207 1524 95 39 krav,
1326 1536 68 20 som
1414 1524 114 33 kunna
1549 1525 117 32 ställas
1688 1526 44 37 på
1753 1537 39 20 en

283 1570 316 34 tillfredsställande
620 1572 102 32 social
744 1572 284 40 sjukförsäkring,
1049 1573 61 32 har
1131 1575 12 31 i
1162 1574 246 38 propositionen
1428 1575 54 32 för
1504 1575 72 32 dem
1597 1575 195 39 föreslagits

284 1621 61 32 den
370 1621 445 40 undantagsbestämmelsen
842 1627 59 37 att,
928 1624 112 33 därest
1065 1625 183 39 ändringar
1272 1625 171 33 erfordras
1469 1626 53 33 för
1547 1625 244 36 erkännandets

284 1672 241 41 bibehållande,
550 1674 109 33 beslut
683 1675 113 32 därom
821 1676 86 32 skall
929 1688 82 20 vara
1034 1677 126 39 giltigt,
1185 1689 51 20 om
1260 1677 55 33 det
1338 1678 20 32 å
1382 1678 245 33 sammanträde
1651 1678 138 32 biträtts

284 1734 42 20 av
347 1723 101 32 minst
469 1727 51 28 tre
542 1723 205 38 fjärdedelar
767 1737 43 19 av
834 1725 38 32 de
894 1726 166 32 röstande.

328 1773 18 31 I
368 1773 38 32 de
426 1773 230 39 sakkunnigas
678 1774 130 39 förslag
828 1775 84 32 hade
934 1776 443 38 undantagsbestämmelsen
1400 1789 38 20 en
1460 1777 245 33 vidsträcktare
1726 1790 64 19 om-

285 1822 160 39 fattning.
485 1823 72 32 Den
576 1825 106 38 avsåg
699 1829 83 28 även
800 1837 107 20 annan
926 1826 142 38 ändring
1085 1838 41 20 av
1143 1826 184 39 stadgarna
1345 1828 32 31 »i
1394 1832 105 34 ämne,
1517 1827 113 32 därom
1649 1828 142 32 allenast

283 1873 44 38 på
347 1874 109 37 grund
479 1886 42 20 av
542 1874 38 32 de
602 1874 54 33 för
678 1874 226 34 erkännandet
925 1876 155 38 gällande
1100 1876 125 33 villkor
1246 1876 230 34 bestämmelse
1499 1877 88 33 skall
1610 1878 112 32 finnas
1743 1878 47 32 in-

284 1928 100 35 tagen
400 1925 12 31 i
429 1925 215 39 stadgarna».
672 1925 74 33 Den
762 1926 250 40 huvudsakliga
1028 1927 219 39 anledningen
1265 1928 53 32 till
1335 1928 208 32 sistnämnda
1559 1928 230 33 bestämmelse

282 1974 93 32 torde
394 1975 87 32 hava
499 1975 99 38 varit,
617 1979 51 29 att
686 1977 105 38 enligt
812 1977 164 39 förslaget
995 1977 147 33 erkända
1161 1978 270 38 rikssjukkassor
1451 1979 108 32 skulle
1578 1979 12 32 i
1610 1979 72 32 sina
1701 1979 88 32 stad-

284 2036 62 26 gar
372 2026 122 38 angiva
523 2026 73 32 sina
621 2026 322 39 lokalavdelningar.
992 2028 73 32 Den
1093 2029 106 38 avsåg
1225 2029 141 32 sålunda
1393 2032 50 29 att
1471 2030 53 31 för
1551 2029 95 32 dessa
1672 2029 119 32 kassor

283 2074 200 39 möjliggöra
503 2079 50 28 att
572 2080 81 28 utan
672 2076 61 33 allt
753 2077 53 31 för
825 2081 68 28 stor
912 2077 209 33 tidsutdräkt
1141 2078 140 38 nybilda
1301 2079 321 39 lokalavdelningar.
1663 2080 18 31 I
1701 2091 89 27 rege-

284 2124 260 41 ringsförslaget
564 2126 62 32 har
645 2126 184 34 emellertid
850 2127 105 33 denna
977 2128 194 39 skyldighet
1192 2129 54 32 för
1266 2129 313 38 rikssjukkassorna
1598 2129 194 40 borttagits.

283 2175 50 33 På
353 2176 108 39 grund
481 2176 105 33 härav
606 2177 60 32 och
688 2177 42 33 då
751 2177 54 34 det
825 2182 125 29 ansetts
973 2178 170 41 önskvärt,
1163 2183 50 29 att
1232 2179 484 40 undantagsbestämmelserna
1737 2181 55 32 för

284 2225 39 33 de
345 2226 147 33 erkända
514 2227 239 38 sjukkassorna
774 2229 12 31 i
806 2229 472 40 understödsföreningslagen
1299 2231 30 38 ej
1350 2231 132 38 gjordes
1503 2231 223 39 vidlyftigare
1749 2236 40 27 än

283 2276 127 40 nödigt,
434 2277 61 33 har
516 2282 83 28 även
622 2278 204 34 sistberörda
848 2279 422 40 undantagsbestämmelse
1293 2280 181 40 borttagits
1496 2282 12 31 i
1532 2282 258 38 propositionen.

327 2327 19 32 I
359 2328 165 32 motionen
539 2328 33 32 I:
587 2329 63 32 289
665 2341 42 20 av
722 2329 77 32 herr
813 2341 63 20 von
890 2330 124 38 Sydow
1032 2330 142 33 föreslås
1189 2331 45 32 bl.
1248 2343 42 27 a.,
1304 2335 51 28 att
1371 2331 313 38 rikssjukkassorna
1700 2332 89 32 skul-

282 2376 30 32 le
334 2389 82 21 vara
440 2377 160 40 skyldiga
623 2382 50 29 att
696 2379 12 31 i
733 2379 182 38 stadgarna
940 2380 123 38 angiva
1089 2381 71 32 sina
1184 2380 322 40 lokalavdelningar.
1552 2381 19 32 I
1594 2382 196 38 anslutning

283 2426 117 33 härtill
424 2428 142 32 föreslås
591 2428 126 38 jämväl
741 2429 215 33 beträffande
981 2442 45 20 nu
1051 2430 218 33 förevarande
1294 2431 164 39 paragraf
1483 2444 39 20 en
1547 2432 164 39 återgång
1735 2432 55 33 till

284 2477 38 32 de
341 2477 229 40 sakkunnigas
589 2478 141 40 förslag.
