1928 2800
267 160 38 30 62
508 154 212 32 Sammansatt
742 158 90 27 stats-
855 157 56 28 och
931 157 99 29 andra
1050 157 190 34 lagutskotts
1259 157 164 30 utlåtande
1445 157 50 29 Nr
1513 160 28 27 1.

268 242 61 33 den
351 245 90 30 stora
463 241 150 34 fraktion
637 253 41 21 av
701 241 207 41 sjukkassor,
934 254 69 21 som
1026 242 108 33 bildas
1159 254 41 21 av
1224 243 38 33 de
1287 255 25 21 s.
1336 243 34 34 k.
1395 243 313 39 rikssjukkassorna
1731 264 44 3 —

267 293 207 33 omfattande
493 293 122 33 inemot
635 294 42 32 40
697 297 135 34 procent
852 305 43 20 av
915 293 39 33 de
974 293 220 39 registrerade
1214 293 180 34 kassornas
1416 295 253 39 sammanlagda
1689 295 87 32 med-

266 344 238 32 lemsnumerär
522 362 45 4 —
584 344 89 38 tagit
692 343 143 32 bestämt
853 344 143 32 avstånd
1018 344 77 31 från
1116 344 164 38 förslaget
1300 346 12 30 i
1333 345 252 32 fundamentala
1606 345 102 32 delar.

313 392 287 39 Socialstyrelsen,
625 404 70 20 som
718 392 124 33 bekant
865 393 61 32 den
949 393 150 38 speciellt
1124 393 212 39 sakkunniga
1358 394 238 39 myndigheten
1621 395 43 37 på
1689 395 85 31 före-

266 443 146 33 varande
431 444 143 38 område,
593 443 62 32 har
671 444 12 31 i
703 444 59 32 sitt
780 443 163 39 ingående
963 443 60 33 och
1042 443 166 39 utförliga
1228 444 157 38 yttrande
1406 449 78 27 över
1503 444 164 39 förslaget
1688 444 86 39 givit

266 494 138 40 uttryck
429 495 34 33 åt
488 494 138 33 »starka
651 494 300 40 betänkligheter».
999 494 209 40 Visserligen
1233 494 62 33 har
1321 495 164 38 styrelsen
1512 495 127 33 ändock
1665 499 108 29 ansett

266 546 53 39 sig
336 546 115 33 kunna
471 546 145 39 förorda,
637 548 50 30 att
708 546 164 39 förslaget
892 546 92 32 lades
1003 546 54 32 till
1076 546 110 39 grund
1207 546 54 33 för
1280 547 207 37 proposition
1507 546 55 33 till
1584 546 190 39 riksdagen,

264 597 106 32 under
390 596 246 39 förutsättning
657 596 193 39 emellertid,
872 600 51 29 att
942 597 66 32 vad
1031 597 163 38 styrelsen
1216 597 75 32 haft
1313 601 48 28 att
1382 598 109 31 erinra
1512 598 12 31 i
1546 597 230 39 huvudsaklig

264 648 76 31 mån
359 659 108 20 vunne
486 647 197 32 beaktande.
726 647 79 31 Man
826 647 55 31 får
902 647 83 31 dock
1006 646 54 33 det
1080 647 146 38 intryck,
1247 650 50 29 att
1319 647 219 38 anledningen
1560 647 117 32 härtill
1698 652 73 27 när-

265 701 88 29 mast
369 697 90 32 varit
477 697 72 39 den,
568 700 51 29 att
639 697 164 38 styrelsen
823 696 73 33 icke
915 697 91 32 velat
1026 697 53 32 för
1099 697 50 32 sin
1170 697 52 32 del
1240 698 125 38 påtaga
1385 697 53 39 sig
1456 698 102 38 något
1577 709 122 20 ansvar
1719 697 54 32 för

265 751 47 29 ett
328 748 200 39 ytterligare
545 746 156 40 uppskov
718 748 72 32 med
808 759 39 21 en
866 747 134 39 reform,
1019 748 44 38 på
1079 759 79 20 vars
1176 747 258 40 genomförande
1454 748 36 31 så
1508 747 134 39 mycket
1660 747 111 33 arbete

265 799 101 33 redan
386 798 164 40 nedlagts.
593 798 102 33 Efter
715 798 61 33 den
796 798 180 39 allvarliga
996 798 107 33 kritik
1124 798 163 39 styrelsen
1308 799 11 31 i
1340 799 60 32 sitt
1419 799 157 38 yttrande
1597 802 175 35 presterat,

265 850 63 31 vill
355 850 55 32 det
439 849 83 32 dock
551 860 113 27 synas,
695 860 69 21 som
793 860 52 20 om
874 852 47 29 ett
948 848 229 39 avstyrkande
1205 860 44 20 av
1278 849 164 38 förslaget
1471 849 88 32 varit
1590 849 53 32 det
1673 848 98 38 följd-

265 900 189 38 riktigaste.

308 949 67 33 Det
392 949 173 33 utlåtande
585 954 77 27 över
682 949 174 38 förslaget,
877 960 69 21 som
967 948 146 39 avgivits
1134 960 42 21 av
1196 948 332 39 rikssjukkassornas
1549 948 222 39 centralorga-

264 1000 156 40 nisation,
440 1000 102 39 torde,
562 1000 12 32 i
594 1000 160 32 anseende
772 999 55 33 till
849 1000 38 32 de
907 999 95 39 långt
1023 999 125 40 gående
1169 999 297 39 ändringskraven,
1488 998 172 38 praktiskt
1679 1002 93 35 taget

264 1052 38 32 få
325 1051 171 33 betraktas
520 1051 109 32 såsom
653 1054 72 29 rent
750 1050 239 39 avstyrkande.
1038 1050 154 39 Sveriges
1218 1050 183 32 Allmänna
1429 1049 343 39 Sjukkasseförbund,

262 1100 65 35 'den
349 1102 104 32 andra
478 1114 41 20 av
541 1102 83 32 våra
647 1101 87 33 båda
758 1101 568 38 sjukkassehuvudorganisationer,
1350 1100 151 32 uttalade
1523 1100 115 32 vidare
1663 1101 108 31 såsom

265 1153 51 31 sin
339 1152 232 39 uppfattning,
597 1155 50 29 att
671 1151 164 38 förslaget
858 1151 158 32 innebure
1039 1163 40 20 en
1104 1151 205 38 försämring
1332 1151 12 31 i
1368 1150 193 38 Jämförelse
1586 1151 73 31 med
1687 1151 84 31 1926

265 1203 54 32 års
340 1202 306 39 regeringsförslag
664 1201 61 32 och
742 1201 74 32 icke
838 1204 113 35 syntes
971 1204 121 36 utgöra
1114 1201 60 32 den
1196 1200 173 33 rationella
1391 1200 133 39 lösning
1543 1212 42 20 av
1604 1200 61 32 den
1686 1200 84 32 före-

264 1253 159 39 liggande
443 1253 134 39 frågan,
598 1264 69 20 som
687 1264 75 20 man
782 1251 88 33 helst
890 1255 74 35 sett,
986 1264 72 19 men
1080 1255 50 28 att
1151 1251 178 32 förbundet
1350 1250 83 33 dock
1453 1250 73 33 icke
1546 1251 79 32 ville
1645 1251 127 38 påtaga

265 1305 52 37 sig
339 1304 53 32 det
412 1315 132 27 ansvar,
566 1314 69 21 som
656 1302 108 32 skulle
785 1303 96 38 ligga
899 1303 12 30 i
932 1305 46 29 ett
998 1301 237 39 avstyrkande.

311 1354 78 31 Man
413 1353 93 33 torde
530 1354 44 36 på
598 1353 108 38 grund
730 1353 103 31 härav
857 1352 115 32 kunna
995 1356 91 34 säga,
1113 1355 49 29 att
1188 1351 191 32 omdömena
1405 1362 50 20 om
1482 1352 38 31 de
1545 1350 228 38 sakkunniges

264 1404 132 39 förslag
417 1404 78 32 från
518 1404 38 32 de
578 1403 90 32 olika
690 1403 81 39 håll,
794 1403 60 32 där
876 1415 75 19 man
973 1406 150 28 närmast
1146 1401 108 33 skulle
1276 1401 134 33 beröras
1432 1413 43 20 av
1495 1402 61 31 den
1576 1401 195 44 föreslagna

264 1455 164 32 reformen
448 1454 60 33 och
527 1454 44 39 på
590 1465 127 21 samma
735 1454 91 39 gång
845 1453 38 33 de
904 1456 124 29 största
1047 1452 328 39 förutsättningarna
1396 1456 50 28 att
1466 1451 136 33 bedöma
1622 1451 149 32 densam-

264 1518 54 21 ma
339 1511 57 28 äro
416 1505 56 33 till
494 1505 188 40 finnandes,
703 1504 245 40 genomgående
969 1504 138 39 präglas
1129 1516 42 20 av
1192 1516 38 20 en
1252 1503 213 40 reservation,
1488 1515 68 21 som
1577 1503 62 32 har
1661 1502 109 33 starkt

262 1557 101 39 tycke
384 1569 41 21 av
446 1560 48 29 ett
513 1555 292 34 underkännande.

307 1608 69 32 Vid
394 1608 61 32 den
473 1612 153 27 närmare
646 1606 218 38 granskning,
885 1618 69 20 som
974 1606 165 38 förslaget
1156 1604 237 33 underkastats
1411 1605 12 31 i
1441 1604 173 38 utskottet,
1633 1604 43 32 ha
1696 1603 74 33 ock-

264 1659 37 31 så
322 1657 230 33 framkommit
571 1656 176 39 åtskilliga
767 1659 101 36 tungt
888 1656 153 38 vägande
1063 1655 271 38 anmärkningar,
1356 1655 100 32 bland
1477 1654 93 32 vilka
1592 1655 55 31 må
1668 1653 102 32 fram-

263 1708 109 32 hållas
393 1707 159 39 följande.

308 1759 73 32 Den
405 1759 45 38 på
476 1761 68 30 sätt
569 1758 60 32 och
654 1758 52 32 vis
731 1757 145 33 bärande
901 1756 123 33 tanken
1050 1758 12 31 i
1088 1755 175 41 förslaget,
1292 1768 68 20 som
1387 1755 108 33 skulle
1521 1767 81 20 vara
1631 1754 138 33 särskilt

264 1810 189 39 ägnad
377 1801 13 52 '
399 1810 54 39 att
479 1810 79 38 giva
587 1809 184 32 detsamma
798 1808 167 32 företräde
994 1807 145 33 framför
1168 1808 84 31 1926
1281 1807 54 32 års
1365 1806 316 39 regeringsförslag,
1710 1805 62 32 har

262 1861 100 38 varit,
386 1864 50 29 att
460 1860 38 33 de
521 1860 191 32 nuvarande
736 1858 240 39 sjukkassorna
1000 1858 108 32 skulle
1131 1858 12 31 i
1167 1861 84 28 stort
1277 1861 64 29 sett
1365 1857 128 32 lämnas
1518 1857 12 31 i
1554 1856 142 32 orubbat
1719 1855 52 38 bo,

263 1911 73 33 med
361 1910 174 39 möjlighet
560 1913 50 29 att
634 1909 212 33 fortfarande
870 1909 145 32 existera
1040 1909 60 32 och
1125 1908 153 38 fullfölja
1304 1908 51 32 sin
1379 1907 272 33 hittillsvarande
1675 1906 94 32 verk-

263 1962 128 33 samhet
412 1962 12 32 i
447 1961 55 33 det
522 1960 201 42 väsentliga.
767 1960 19 32 I
809 1960 92 32 detta
922 1959 185 33 hänseende
1128 1958 94 33 torde
1247 1958 165 39 förslaget
1437 1957 36 33 få
1497 1969 95 21 anses
1619 1956 153 33 förfelat.

261 2013 77 34 Vad
357 2024 76 21 man
454 2012 132 39 åsyftat
605 2012 44 38 på
670 2011 106 32 denna
794 2010 119 39 punkt,
932 2009 67 33 kan
1018 2010 57 32 väl
1096 2014 83 35 säga
1198 2009 88 32 hava
1304 2008 148 39 vunnits,
1471 2020 73 20 men
1564 2007 144 33 allenast
1727 2008 44 38 på

262 2066 172 36 papperet,
460 2063 73 33 icke
557 2064 12 32 i
592 2061 241 40 verkligheten.
880 2060 406 39 Författningsförslaget
1311 2060 170 39 medgiver
1506 2057 199 40 visserligen
1732 2058 38 32 de

263 2114 190 32 nuvarande
479 2112 240 39 sjukkassorna
744 2113 13 31 i
780 2111 182 33 allmänhet
986 2115 50 28 att
1059 2111 13 32 i
1096 2110 262 39 fortsättningen
1383 2109 144 33 existera
1552 2109 73 32 med
1649 2109 12 31 i
1687 2111 83 29 stort

266 2168 63 29 sett
357 2176 124 21 samma
506 2163 176 39 uppgifter
709 2175 68 20 som
803 2162 133 32 hittills.
986 2161 240 32 Förhållandet
1251 2160 93 32 torde
1371 2158 181 34 emellertid
1581 2159 101 36 bliva,
1711 2161 60 35 att,

263 2215 112 33 därest
392 2215 39 33 de
450 2214 194 40 föreslagna
663 2212 409 40 distriktssjukkassorna,
1091 2212 108 32 såsom
1220 2211 38 33 de
1279 2210 209 39 sakkunnige
1507 2210 184 39 ifrågasatt
1710 2208 60 33 och

263 2278 44 20 nu
332 2265 165 33 utskottet
525 2264 187 39 föreslagit,
740 2264 109 33 skulle
876 2264 52 32 stå
955 2268 110 34 öppna
1092 2263 54 32 för
1170 2262 130 32 inträde
1327 2267 82 27 även
1437 2261 55 32 för
1517 2260 182 33 beredande
1728 2271 41 20 av

261 2316 141 33 kontant
421 2315 172 39 sjukhjälp
613 2315 105 33 under
736 2314 173 33 enahanda
927 2312 285 39 omständigheter
1231 2324 68 20 som
1318 2311 292 39 primärkassorna
1633 2308 137 40 (indivi-

264 2367 104 32 duellt
388 2365 164 41 inträde),
573 2366 96 33 dessa
691 2377 113 21 senare
824 2364 119 33 kassor
964 2362 276 40 otvivelaktligen
1261 2362 133 32 komma
1417 2366 48 28 att
1485 2364 146 29 utsättas
1655 2360 54 32 för
1730 2371 39 20 en

262 2417 219 39 konkurrens,
507 2429 69 20 som
603 2416 176 33 efterhand
802 2415 94 33 torde
920 2414 92 33 bliva
1037 2415 72 32 dem
1133 2413 210 39 övermäktig
1368 2412 59 33 och
1453 2412 72 32 förr
1549 2411 81 33 eller
1656 2421 113 22 senare

264 2468 220 39 omöjliggöra
505 2467 96 34 deras
623 2467 160 32 fortsatta
804 2466 222 33 verksamhet.
1070 2464 232 33 Betecknande
1325 2462 178 40 härvidlag
1525 2467 38 27 är
1585 2462 54 32 det
1660 2462 12 31 i
1694 2460 77 33 herr
