1920 2804
390 151 214 30 Sammansatt
621 154 91 27 stats-
732 153 57 27 och
805 152 99 29 andra
922 152 190 34 lagutskotts
1129 152 164 29 utlåtande
1310 152 48 28 Nr
1376 156 27 25 1.

258 235 167 41 (Kungl.
456 237 120 40 Maj:ts
603 236 158 41 förslag.)

188 338 103 33 Sökes
324 337 212 33 erkännande
567 339 110 30 såsom
706 337 169 32 distrikts-

141 388 182 40 sjukkassa
360 388 89 32 inom
478 399 126 21 samma
632 387 243 33 verksamhets-

142 439 133 32 område
304 451 42 20 av
373 450 70 21 mer
472 443 42 28 än
543 450 39 21 en
607 437 268 34 understödsför-

141 490 109 39 ening,
275 494 101 34 pröve
402 488 388 40 tillsynsmyndigheten,
813 488 61 32 vil-

140 540 64 33 ken
243 540 155 39 förening
437 541 56 31 må
531 551 95 21 anses
667 539 207 39 lämpligast,

142 591 119 33 därvid
287 591 133 38 hänsyn
446 590 139 33 särskilt
609 590 58 33 bör
694 594 98 34 tagas
820 589 55 33 till

141 641 256 38 föreningarnas
446 640 263 33 medlemsantal.
772 639 103 34 Sökes

142 691 212 33 erkännande
383 691 145 34 allenast
561 703 42 20 av
634 703 38 20 en
708 690 166 39 förening,

141 753 73 23 men
240 742 110 32 finnes
377 741 181 39 anledning
581 744 136 36 antaga,
743 745 52 29 att
819 752 55 20 an-

142 792 104 32 sökan
283 792 180 33 framdeles
501 792 148 32 kommer
685 795 51 29 att
775 797 99 33 göras

142 847 83 28 även
245 854 43 21 av
308 854 120 27 annan,
449 843 55 32 för
525 841 191 34 ändamålet
732 841 142 40 lämplig

142 893 164 39 förening,
329 894 54 31 må
405 892 61 34 den
486 892 140 39 ingivna
646 892 228 39 ansökningen

143 943 170 34 förklaras
343 943 135 33 vilande
508 944 54 32 för
589 944 70 32 viss
687 943 61 40 tid,
775 943 100 38 högst

141 998 50 29 ett
219 995 53 38 år;
309 994 60 33 och
401 993 88 34 skall
525 1006 51 21 om
609 994 121 33 sådant
764 994 111 32 beslut

141 1045 217 33 meddelande
388 1045 240 39 ofördröjligen
661 1045 128 33 lämnas
821 1050 54 27 Ööv-

141 1095 75 39 riga
238 1096 223 38 registrerade
485 1096 203 38 föreningar,
715 1107 69 21 som
810 1095 65 32 dri-

141 1158 44 20 va
203 1145 403 39 sjukhjälpsverksamhet
625 1147 87 31 inom
730 1146 56 32 det
802 1146 73 31 med

143 1195 229 39 ansökningen
393 1196 147 32 avsedda
565 1196 159 33 området.

476 1280 18 32 6
518 1279 30 39 $.

188 1345 365 39 Understödsförening
596 1346 89 33 skall
728 1345 55 33 för
826 1349 50 30 att

142 1396 115 33 kunna
284 1398 102 31 vinna
411 1396 210 35 erkännande
651 1396 88 33 hava
763 1397 13 32 i
803 1397 72 32 sina

143 1447 140 38 stadgar
304 1447 151 39 angivet:

188 1495 36 41 1)
253 1497 107 34 vilket
385 1498 132 32 område
543 1498 212 38 föreningens
780 1497 95 33 verk-

143 1548 128 33 samhet
292 1548 88 33 skall
400 1548 158 39 omfatta;

188 1596 37 41 2)
253 1598 106 33 under
385 1598 94 33 vilka
507 1598 123 33 villkor
656 1598 140 34 medlem
823 1599 54 31 må

142 1648 180 39 uteslutas;

189 1697 37 41 3)
254 1699 13 32 i
292 1698 113 34 vilken
438 1699 141 39 ordning
607 1699 108 33 beslut
745 1711 52 21 om
825 1702 50 29 ut-

142 1750 155 38 taxering
323 1750 20 32 å
368 1749 258 33 medlemmarna
653 1749 88 33 skall
769 1750 106 33 fattas

143 1800 60 32 och
231 1800 87 33 efter
345 1799 94 34 vilka
468 1800 145 39 grunder
642 1800 154 33 beslutad
824 1804 51 28 ut-

142 1850 155 40 taxering
322 1850 89 33 skall
434 1850 218 39 verkställas;

187 1899 38 41 4)
254 1901 86 32 huru
360 1901 39 34 de
417 1901 106 34 medel
542 1902 54 32 må
613 1901 182 39 användas,
814 1901 61 33 vil-

143 1951 45 32 ka
222 1952 45 38 på
301 1952 110 38 grund
446 1964 43 20 av
522 1952 218 38 medgivande
770 1952 106 38 enligt

145 2002 39 32 31
208 2001 19 40 8
245 2001 72 34 icke
337 2002 94 33 skola
449 2006 152 29 avsättas
621 2003 53 34 till
694 2003 81 33 fond
796 2003 80 32 eller

145 2052 93 33 skola
268 2053 77 32 från
376 2053 82 32 fond
486 2053 179 39 avskiljas;
694 2058 88 29 samt

190 2102 36 41 5)
257 2103 87 32 huru
368 2104 13 31 i
408 2103 157 33 händelse
593 2116 43 20 av
664 2104 212 38 föreningens

144 2153 213 40 upplösning,
381 2153 60 33 där
466 2155 30 38 ej
522 2154 195 33 överlåtelse
740 2155 43 38 på
810 2157 67 30 sätt

145 2203 12 31 1
189 2204 40 32 50
261 2204 59 32 och
355 2205 38 31 61
430 2204 41 39 $$
502 2204 12 32 i
547 2205 97 38 lagen
678 2217 50 20 om
758 2205 118 32 under-

146 2253 289 40 stödsföreningar
489 2259 78 33 sägs
623 2255 149 31 kommer
788 2249 11 50 =
823 2255 55 32 till

147 2304 107 39 stånd,
286 2304 75 34 med
391 2304 156 33 behållna
574 2305 187 38 tillgångar
789 2305 89 33 skall

146 2354 162 33 förfaras.

191 2403 191 40 Stadgarna
409 2406 54 32 för
487 2405 164 40 förening,
679 2406 113 33 vilken
817 2406 62 32 vill

145 2455 101 32 vinna
263 2456 211 32 erkännande
490 2466 70 23 som
576 2457 190 40 sjukkassa,
786 2457 94 33 skola

1606 151 40 31 35

1071 236 207 40 (Utskottets
1307 237 155 39 förslag.)

962 336 102 33 Sökes
1096 338 187 37 antagande
1313 339 52 31 till
1397 338 247 39 distriktssjuk-

916 387 100 32 kassa
1044 389 87 31 inom
1160 400 126 20 samma
1312 389 333 32 verksamhetsområ-

918 438 38 32 de
985 450 41 20 av
1054 450 68 20 mer
1148 444 42 27 än
1216 451 38 20 en
1282 439 362 39 understödsförening,

914 494 101 33 pröve
1036 489 384 39 tillsynsmyndigheten,
1444 490 111 32 vilken
1579 491 64 31 för-

915 540 99 39 ening
1030 541 53 31 må
1099 553 94 20 anses
1211 541 203 39 lämpligast,
1431 542 116 31 därvid
1565 542 78 31 hän-

915 602 63 26 syn
1003 591 138 33 särskilt
1161 591 59 32 bör
1242 596 96 34 tagas
1361 592 53 31 till
1438 592 204 38 föreningar-

915 652 59 20 nas
1009 641 262 32 medlemsantal.
1327 642 101 32 Sökes
1458 642 186 37 antagande

915 690 140 34 allenast
1084 702 42 21 av
1158 704 39 20 en
1230 692 161 39 förening,
1427 704 71 20 men
1534 692 108 32 finnes

915 741 179 39 anledning
1121 746 134 34 antaga,
1287 746 50 28 att
1365 743 145 31 ansökan
1543 743 99 31 fram-

916 792 86 32 deles
1029 792 147 32 kommer
1203 797 51 28 att
1283 798 97 34 göras
1409 798 81 27 även
1519 805 42 20 av
1588 805 54 20 an-

914 854 73 26 nan,
1019 843 53 32 för
1097 843 188 32 ändamålet
1312 843 140 39 lämplig
1479 844 163 38 förening,

914 894 55 31 må
1001 893 61 32 den
1094 893 139 39 ingivna
1262 894 224 38 ansökningen
1518 894 124 32 förkla-

916 955 53 21 ras
991 943 132 33 vilande
1149 944 54 32 för
1224 944 69 32 viss
1317 944 60 39 tid,
1400 945 97 38 högst
1520 949 47 29 ett
1591 945 51 37 år;

915 995 59 31 och
998 994 87 33 skall
1110 1007 51 20 om
1186 995 117 32 sådant
1326 995 108 33 beslut
1459 995 183 33 meddelan-

914 1045 38 32 de
976 1046 237 38 ofördröjligen
1235 1046 126 32 lämnas
1387 1046 116 39 övriga
1526 1046 116 39 regist-

915 1096 113 32 rerade
1069 1096 203 39 föreningar,
1316 1108 68 21 som
1428 1097 95 32 driva
1553 1097 89 38 sjuk-

913 1146 326 38 hjälpsverksamhet
1274 1147 87 32 inom
1398 1147 55 33 det
1489 1147 73 32 med
1586 1159 55 20 an-

911 1196 186 39 sökningen
1122 1197 144 32 avsedda
1289 1197 156 32 området.

1247 1282 19 31 6
1286 1280 30 39 8.

960 1347 362 39 Understödsförening
1371 1348 87 32 skall
1507 1349 53 31 för
1595 1353 49 28 att

915 1397 113 33 kunna
1058 1400 141 36 antagas
1230 1399 52 32 till
1312 1399 124 32 erkänd
1464 1399 179 39 sjukkassa

914 1448 87 33 hava
1025 1449 12 31 i
1059 1448 73 33 sina
1157 1449 137 38 stadgar
1320 1450 147 38 angivet:

960 1497 36 41 1)
1024 1499 105 32 vilket
1153 1500 132 32 område
1314 1500 208 38 föreningens
1549 1500 93 32 verk-

915 1550 126 32 samhet
1066 1549 88 33 skall
1179 1551 158 37 omfatta;

960 1599 36 40 2)
1025 1600 104 32 under
1158 1600 93 32 vilka
1278 1601 122 32 villkor
1425 1601 139 32 medlem
1590 1602 55 30 må

913 1650 180 38 uteslutas;

961 1699 36 41 3)
1026 1701 12 31 1
1067 1701 113 32 vilken
1206 1701 140 39 ordning
1374 1702 107 32 beslut
1511 1714 52 20 om
1593 1707 50 27 ut-

915 1751 154 39 taxering
1094 1752 19 32 å
1142 1752 254 33 medlemmarna
1421 1752 87 32 skall
1537 1753 105 32 fattas

916 1803 59 31 och
1006 1802 85 32 efter
1120 1803 94 31 vilka
1241 1803 144 38 grunder
1413 1803 151 32 beslutad
1593 1807 50 27 ut-

914 1852 154 39 taxering
1092 1852 87 33 skall
1205 1853 215 38 verkställas;

960 1901 37 41 4)
1025 1903 87 32 huru
1132 1904 38 32 de
1189 1903 105 33 medel
1314 1905 53 31 må
1384 1904 179 38 användas,
1583 1904 60 31 vil-

916 1953 44 32 ka
996 1954 43 37 på
1072 1954 108 38 grund
1215 1966 42 20 av
1290 1954 215 39 medgivande
1539 1955 106 38 enligt

916 2005 40 31 31
983 2004 18 39 $
1024 2004 73 33 icke
1122 2004 96 33 skola
1242 2009 149 28 avsättas
1416 2005 53 32 till
1495 2005 80 32 fond
1600 2006 43 31 el-

915 2055 48 31 ler
989 2055 94 32 skola
1108 2055 76 33 från
1211 2056 79 31 fond
1313 2056 176 38 avskiljas;
1516 2060 87 28 samt

963 2104 36 40 5)
1027 2106 86 32 huru
1142 2106 12 32 i
1184 2106 156 33 händelse
1367 2118 41 20 av
1435 2107 210 38 föreningens

915 2156 213 39 upplösning,
1155 2157 60 31 där
1238 2157 28 37 ej
1292 2157 192 32 överlåtelse
1510 2158 42 37 på
1578 2161 66 27 sätt

915 2207 12 31 1
949 2207 40 31 50
1011 2207 59 31 och
1093 2208 38 30 61
1154 2206 41 39 $$
1215 2207 11 31 i
1247 2207 96 38 lagen
1363 2219 49 20 om
1434 2207 209 32 understöds-

919 2256 192 38 föreningar
1131 2262 76 33 sägs
1222 2257 146 32 kommer
1383 2257 52 32 till
1451 2258 109 37 stånd,
1575 2258 71 31 med

917 2306 154 33 behållna
1091 2307 185 39 tillgångar
1296 2307 87 33 skall
1404 2307 157 33 förfaras.

966 2406 187 40 Stadgarna
1179 2408 54 32 för
1261 2408 161 38 förening,
1451 2408 112 32 vilken
1587 2409 60 31 vill

921 2461 142 36 antagas
1097 2458 53 32 till
1181 2458 124 33 erkänd
1335 2459 187 39 sjukkassa,
1555 2459 92 32 skola
