1908 2814
341 159 39 29 12
703 161 291 34 Statsutskottets
1019 163 186 32 utlåtande
1231 164 52 31 Nr
1311 164 28 30 7.

296 244 156 36 sålunda,
476 247 51 28 att
547 255 42 21 en
611 255 144 21 assessor
779 246 135 36 utbytes
937 249 71 29 mot
1036 249 49 30 ett
1106 248 321 37 kammarrättsråd,
1451 251 172 36 varjämte
1645 253 54 30 för
1722 254 81 32 bud-

295 297 128 35 getåret
447 295 187 42 1929/1930
657 299 95 29 ännu
775 307 44 22 en
840 308 146 22 assessor
1009 300 190 36 förordnas,
1222 311 43 21 en
1288 303 97 30 extra
1404 302 249 38 föredragande
1669 305 134 37 utbytes

295 350 71 29 mot
400 358 41 21 en
473 358 146 22 assessor
653 351 97 34 samt,
784 350 108 31 under
926 352 93 30 vissa
1047 352 301 38 förutsättningar,
1372 354 200 36 ytterligare
1594 366 42 21 en
1658 366 145 23 assessor

295 401 167 30 beräknas
496 401 194 36 tjänstgöra
723 402 108 31 under
862 412 41 22 en
935 404 50 30 tid
1009 414 45 20 av
1078 404 99 37 högst
1200 406 19 29 6
1243 406 172 31 månader.
1462 407 70 31 Vid
1556 407 100 32 bifall
1679 409 122 32 härtill

295 452 108 31 skulle
431 452 266 36 ifrågavarande
721 455 154 35 personal
899 455 101 32 alltså
1023 456 138 31 komma
1183 459 52 29 att
1258 458 109 31 under
1390 459 203 36 budgetåret
1616 460 186 42 1929/1930

294 504 94 30 bestå
413 515 43 20 av
482 505 40 30 18
547 505 319 37 kammarrättsråd,
891 508 18 29 $
933 517 185 21 assessorer
1140 509 61 30 och
1226 510 18 29 2
1261 510 209 36 tjänstemän
1486 512 22 29 å
1523 512 279 38 överflyttnings-

294 557 68 30 stat
395 557 76 31 med
506 557 233 37 tjänstgöring
774 560 109 29 såsom
914 569 194 22 assessorer.
1155 561 131 31 Härtill
1320 562 154 32 kommer
1508 574 42 20 en
1585 566 98 30 extra
1716 566 85 31 före-

293 608 174 36 dragande
489 611 164 30 ävensom
676 610 229 37 tillfälligtvis
928 612 203 37 ytterligare
1154 623 41 21 en
1219 624 146 21 assessor
1387 616 109 30 såsom
1519 616 247 38 föredragande
1780 620 23 29 å

294 661 563 37 fastighetstaxeringsdivisionen.
904 664 16 30 I
951 665 252 36 sammanhang
1239 667 140 31 härmed
1403 669 57 28 må
1483 670 157 34 nämnas,
1664 670 50 30 att
1737 670 64 31 den

293 713 170 31 särskilda
498 714 247 36 beteckningen
785 716 325 32 »kammarrättsråd
1147 719 74 29 med
1258 719 271 31 revisionsrotel»
1566 723 128 29 ansetts
1717 722 85 31 böra

295 765 171 31 bortfalla.

337 817 111 31 Medel
472 817 64 31 har
560 819 201 36 ytterligare
786 820 181 31 beräknats
992 822 52 28 för
1068 822 216 32 anställande
1306 834 46 19 av
1375 824 70 30 dels
1459 834 41 20 en
1517 835 190 21 amanuens
1723 828 74 29 med

293 869 386 38 halvtidstjänstgöring
702 872 61 29 och
788 871 71 31 dels
882 874 48 29 ett
953 873 276 32 kontorsbiträde
1252 876 21 29 å
1296 877 97 29 extra
1415 877 76 29 stat.

338 921 127 31 Vidare
488 923 65 30 har
576 922 193 36 föreslagits
793 924 209 37 indragning
1025 936 45 20 av
1093 926 431 38 advokatfiskalstjänsten.

341 973 70 31 Vad
434 976 110 35 angår
566 974 193 32 divisionen
783 976 53 30 för
860 976 443 39 fastighetstaxeringsmål,
1327 980 144 30 innebär
1491 981 59 30 det
1565 982 237 36 föreliggande

294 1026 161 36 förslaget
477 1027 177 36 slutligen,
676 1029 52 29 att
750 1029 49 30 ett
821 1028 124 31 arvode
967 1030 20 29 å
1013 1030 62 30 500
1104 1031 125 30 kronor
1256 1032 113 30 skulle
1389 1033 84 35 utgå
1493 1033 58 30 till
1571 1033 227 32 ordföranden

292 1079 20 29 å
346 1078 204 36 divisionen,
585 1080 202 31 anvisandet
822 1091 45 20 av
901 1083 46 29 ett
981 1082 124 35 anslag
1128 1084 20 29 å
1172 1084 116 34 12,000
1314 1083 127 32 kronor
1463 1085 56 30 till
1544 1085 180 32 kostnader
1747 1087 53 30 för

293 1130 73 30 icke
401 1131 160 35 lagfarna
596 1131 187 32 ledamöter
817 1135 87 28 samt
938 1134 217 31 beräknande
1189 1145 43 20 av
1268 1135 72 31 dels
1375 1136 94 36 3,000
1505 1137 128 31 kronor
1666 1139 54 30 till
1747 1140 52 29 be-

292 1182 176 31 stridande
490 1193 45 20 av
558 1184 108 30 ökade
689 1184 184 31 kostnader
895 1186 53 30 för
971 1186 134 31 biträde
1127 1197 45 20 av
1192 1187 260 32 icke-ordinarie
1472 1190 158 35 personal
1651 1190 59 31 och
1726 1191 73 31 dels

293 1234 95 35 2,000
423 1235 126 31 kronor
583 1236 53 30 för
670 1236 54 30 det
759 1237 105 30 ökade
893 1238 357 36 vaktmästarbiträde,
1278 1250 70 20 som
1374 1241 168 30 erfordras
1566 1243 19 29 å
1611 1243 188 35 fastighets-

292 1287 382 36 taxeringsdivisionen.

335 1338 68 31 Vid
431 1339 101 31 bifall
561 1340 54 30 till
638 1340 131 37 Kungl.
795 1342 117 35 Maj:ts
935 1343 128 35 förslag
1087 1344 171 30 erfordras
1281 1345 21 29 å
1325 1355 65 19 ena
1411 1345 99 30 sidan
1535 1356 43 20 en
1601 1347 128 36 ökning
1753 1359 46 19 av

291 1391 256 36 anslagsposten
584 1392 54 30 för
671 1393 205 36 avlöningar
910 1394 55 30 till
993 1394 175 32 ordinarie
1195 1396 210 35 tjänstemän
1428 1398 77 30 med
1528 1398 211 37 avlöningen
1761 1401 37 29 åt

291 1444 49 29 ett
368 1443 306 32 kammarrättsråd
703 1444 83 31 eller
812 1446 116 35 11,460
952 1446 138 36 kronor,
1114 1447 107 31 under
1243 1447 58 32 det
1322 1450 52 29 att
1396 1459 132 21 samma
1550 1452 77 33 post
1648 1452 21 29 å
1690 1451 108 31 andra

292 1494 96 31 sidan
410 1495 68 31 kan
503 1496 154 31 minskas
679 1497 76 31 med
779 1498 101 31 lönen
904 1498 53 31 för
979 1508 43 21 en
1038 1499 249 32 advokatfiskal
1303 1501 81 31 eller
1400 1502 95 35 9,540
1512 1502 137 31 kronor.
1685 1503 113 31 Netto-

291 1547 173 37 ökningen
492 1550 102 34 utgör
617 1549 102 31 alltså
743 1550 96 35 1,920
863 1551 124 30 kronor
1010 1551 85 31 eller
1118 1553 12 29 i
1154 1554 83 29 runt
1259 1553 50 30 tal
1334 1553 94 36 2,000
1452 1554 137 31 kronor.
1635 1555 18 30 I
1675 1556 122 36 övriga

292 1601 16 28 äå
336 1600 135 31 verkets
494 1601 173 31 ordinarie
691 1603 68 30 stat
782 1603 61 29 och
860 1603 16 29 å
895 1604 377 35 överflyttningsstaten
1291 1605 165 36 uppförda
1475 1608 114 33 poster
1604 1607 64 30 har
1683 1609 113 34 någon

291 1651 149 37 ändring
464 1653 73 30 icke
560 1653 209 36 ifrågasatts.

335 1704 17 30 I
385 1705 152 35 enlighet
564 1706 76 30 med
668 1706 132 36 Kungl.
826 1708 116 35 Maj:ts
965 1708 129 36 förslag
1117 1709 112 30 skulle
1253 1710 109 30 under
1385 1710 202 36 budgetåret
1611 1711 185 42 1929/1930

291 1757 78 30 från
404 1759 48 29 ett
486 1759 99 29 extra
618 1758 121 37 anslag
774 1759 54 30 till
865 1760 302 36 upprätthållande
1200 1772 44 19 av
1267 1762 291 32 kammarrättens
1581 1764 216 31 verksamhet

290 1809 167 31 bestridas
479 1810 75 31 dels
577 1810 166 37 avlöning
766 1811 56 31 till
846 1812 152 36 följande
1021 1813 169 35 personal,
1207 1814 192 36 nämligen:
1417 1815 18 30 8
1451 1825 196 27 assessorer,
1664 1818 17 29 1
1699 1819 97 29 extra

290 1861 256 36 föredragande,
571 1862 19 30 3
614 1864 98 29 extra
736 1864 306 36 kontorsbiträden,
1066 1866 19 29 2
1107 1866 96 30 extra
1221 1865 256 32 skrivbiträden
1500 1869 92 29 samt
1616 1869 18 29 9
1658 1879 138 20 amanu-

289 1923 105 26 enser,
422 1914 76 31 dels
520 1915 192 35 ersättning
734 1915 55 31 till
815 1916 150 31 vikarier
988 1916 54 31 för
1065 1917 339 37 befattningshavare
1426 1920 21 29 å
1469 1921 100 29 extra
1592 1922 68 29 stat
1681 1931 45 20 m.
1750 1931 44 21 m.

288 1965 78 31 med
400 1966 100 35 högst
534 1967 95 35 4,000
664 1967 127 31 kronor
822 1970 87 29 samt
930 1969 89 31 ökad
1044 1969 407 37 renskrivningskostnad
1474 1972 79 31 med
1577 1972 100 37 högst
1699 1972 96 37 3,000

289 2019 135 34 kronor,
448 2018 76 31 dels
550 2019 66 31 ock
639 2019 127 31 arvode
792 2021 37 30 åt
852 2021 231 31 ordföranden
1106 2023 21 29 å
1161 2021 63 32 den
1247 2023 168 31 särskilda
1437 2024 195 31 divisionen
1656 2025 53 31 för
1731 2026 65 30 fas-

288 2070 422 37 tighetstaxeringsmålen
745 2072 75 31 med
857 2073 61 30 500
944 2073 136 36 kronor,
1115 2074 166 36 avlöning
1309 2075 108 31 under
1439 2077 48 29 ett
1510 2076 100 31 halvt
1632 2078 40 29 år
1693 2078 36 30 åt
1752 2088 42 20 en

288 2131 145 22 assessor
455 2122 60 31 vid
539 2123 159 36 tillfällig
722 2124 245 37 föredragning
990 2127 21 29 å
1035 2126 112 31 denna
1171 2127 150 31 division
1345 2127 76 31 med
1443 2129 95 35 4,290
1555 2129 135 36 kronor,
1706 2130 87 30 ökad

289 2175 144 30 kostnad
467 2175 53 30 för
552 2175 132 31 biträde
711 2187 44 19 av
779 2177 261 31 icke-ordinarie
1063 2178 271 36 kanslipersonal
1358 2180 75 30 med
1457 2180 97 36 3,000
1578 2181 125 30 kronor
1732 2181 62 31 och

288 2227 87 30 ökad
403 2227 145 31 kostnad
571 2228 52 30 för
639 2229 246 37 vakthållning
909 2230 75 31 med
1007 2231 97 34 2,000
1129 2232 134 30 kronor.
1309 2232 68 30 För
1399 2233 267 35 ifrågavarande
1692 2234 102 30 ända-

289 2279 70 30 mål
393 2279 112 31 skulle
540 2280 171 31 erfordras
743 2283 47 29 ett
820 2282 119 36 anslag
970 2293 44 20 av
1051 2284 12 29 i
1090 2285 80 29 runt
1198 2284 48 30 tal
1274 2284 139 36 123,200
1443 2285 127 31 kronor
1592 2286 84 30 eller
1698 2286 96 35 8,700

288 2331 126 31 kronor
440 2341 95 21 mera
557 2334 44 28 än
625 2332 55 31 för
702 2333 145 36 löpande
870 2334 177 36 budgetår.
1087 2335 154 31 Rörande
1264 2336 93 31 detta
1380 2337 119 35 anslag
1523 2337 65 31 har
1611 2338 184 30 framställ-

288 2382 86 37 ning
397 2383 109 36 gjorts
530 2384 110 31 under
662 2385 232 36 nästföljande
917 2387 118 35 punkt.

332 2435 240 31 Kostnaderna
608 2437 52 29 för
692 2437 40 30 de
766 2438 73 30 icke
867 2438 158 35 lagfarna
1049 2439 231 31 ledamöterna
1304 2442 17 28 å
1349 2441 446 36 fastighetstaxeringsdivi-
