2200 2626
416 136 40 32 36
873 140 277 33 Bankoutslottets
1174 143 159 31 memorial
1355 143 54 31 Nr
1431 146 30 29 2.

371 214 145 36 biträde
547 229 45 22 av
622 216 265 48 medarbetare,
918 230 81 24 som
1028 219 75 36 han
1131 220 99 47 ägde
1258 227 153 42 antaga,
1441 225 48 45 på
1517 224 163 36 svenska
1709 224 152 48 språket
1888 227 12 34 i
1921 240 46 23 en

370 266 169 49 upplaga
568 280 46 22 av
644 268 113 46 2,000
789 269 191 48 exemplar
1008 271 128 47 utgiva
1166 284 45 23 en
1241 273 165 47 samling
1433 274 244 50 grundlagar,
1707 276 169 48 vallagar
1895 279 71 36 och

369 318 337 47 parlamentariska
733 319 333 51 arbetsordningar
1098 322 12 35 i
1138 322 233 38 främmande
1399 325 130 36 länder
1557 327 11 34 i
1588 327 379 39 överensstämmelse

370 368 86 37 med
498 374 53 31 ett
593 384 46 21 av
680 371 157 36 utsedda
880 372 284 38 kommitterade
1201 375 151 48 avgivet
1386 376 157 48 förslag;
1574 379 69 35 och
1673 380 118 36 skulle
1819 380 148 37 arbetet

369 420 122 49 enligt
532 422 85 35 med
659 422 191 48 professor
891 424 261 37 Reuterskiöld
1193 431 194 44 upprättat
1418 427 181 37 kontrakt
1627 433 40 33 så
1696 430 185 48 bedrivas,
1911 438 54 31 att

368 471 210 37 detsamma
621 473 167 49 förelåge
829 474 205 38 fullbordat
1065 476 63 37 vid
1156 477 134 48 början
1317 492 47 22 av
1395 481 97 34 1915
1522 482 59 34 års
1609 481 159 49 lagtima
1794 483 169 49 riksdag.

496 524 17 36 I
555 524 58 36 sin
655 525 196 37 berättelse
893 526 57 36 till
986 529 95 35 1916
1111 531 60 34 års
1200 529 156 49 riksdag
1383 530 219 38 meddelade
1631 532 248 52 fullmäktige,
1910 541 55 30 att

366 574 66 37 det
471 578 49 47 på
559 576 125 48 grund
727 590 46 23 av
813 578 246 37 oförutsedda
1100 580 237 49 svårigheter
1378 583 98 36 visat
1517 583 61 48 sig
1618 586 176 48 omöjligt
1834 592 56 31 att
1926 587 38 36 få

366 626 291 49 ifrågavarande
699 628 127 37 arbete
868 630 152 37 slutfört
1060 631 102 36 inom
1197 632 73 36 den
1298 633 197 37 bestämda
1523 635 117 48 tiden,
1670 644 97 29 samt
1795 644 53 31 att
1877 638 86 36 full-

366 678 169 49 mäktige
575 682 50 47 på
670 681 174 36 anmälan
886 695 47 22 av
974 683 187 47 professor
1202 684 259 38 Reuterskiöld
1493 685 155 51 beviljat
1675 690 173 47 uppskov
1876 691 84 36 med

366 729 164 38 arbetets
559 731 271 38 fullbordande.

467 780 220 39 Sedermera
728 784 67 36 har
827 785 190 48 professor
1044 786 261 37 Reuterskiöld
1333 789 59 35 till
1421 789 93 49 följd
1543 804 47 23 av
1617 792 115 48 given
1754 793 210 50 anledning

364 840 137 42 avsagt
542 835 62 47 sig
640 834 265 50 befattningen
948 838 83 36 med
1074 838 164 36 nämnda
1279 840 296 49 samlingsverks
1615 843 219 49 utgivande,
1864 845 97 37 dock

365 885 85 36 med
491 886 198 47 undantag
730 900 46 23 av
820 888 150 36 verkets
1000 889 117 36 första
1144 890 113 47 häfte,
1286 905 85 23 vars
1399 893 203 49 utgivning
1629 895 121 37 skulle
1777 900 72 44 äga
1876 910 84 23 rum

364 936 120 37 under
524 937 96 36 hans
662 937 188 38 inseende.
921 940 72 36 Till
1025 941 172 48 utgivare
1226 956 46 22 av
1300 944 117 36 andra
1445 945 122 36 häftet
1596 946 98 36 hava
1722 947 239 49 fullmäktige

363 988 121 49 enligt
528 990 191 47 professor
765 990 280 38 Reuterskiölds
1091 993 142 49 förslag
1277 996 150 48 antagit
1472 996 49 36 fil.
1568 997 59 37 lic.
1670 998 44 36 V.
1756 999 204 48 Rinander,

361 1045 168 31 varemot
570 1044 119 45 något
729 1042 189 37 definitivt
950 1043 120 37 beslut
1100 1045 196 48 angående
1323 1047 256 50 utgivningen
1608 1062 48 23 av
1685 1050 149 37 verkets
1864 1054 96 33 åter-

363 1091 156 37 stående
547 1093 75 35 fem
652 1093 128 36 häften
808 1100 99 31 ännu
938 1096 33 48 ej
1003 1096 126 36 fattats
1158 1110 46 22 av
1232 1096 250 52 fullmäktige.

492 1143 140 37 Tillika
673 1158 88 23 anse
803 1146 236 49 fullmäktige
1079 1148 61 48 sig
1180 1148 90 36 böra
1311 1150 182 45 meddela,
1537 1159 53 29 att
1617 1154 254 36 kostnaderna
1901 1156 59 35 för

364 1195 317 48 samlingsverket
722 1198 10 34 i
775 1197 107 49 fråga
923 1199 55 35 till
1020 1198 93 49 följd
1155 1213 46 22 av
1242 1201 278 38 mellankomna
1558 1205 323 49 omständigheter
1907 1228 53 5 —

362 1249 123 33 såsom
515 1247 119 36 ökade
667 1250 456 48 översättningshonorar,
1154 1253 176 48 stegring
1358 1267 46 22 av
1431 1255 169 48 priserna
1627 1259 49 45 på
1704 1257 256 50 tryckpapper

362 1311 48 23 m.
453 1312 48 22 m.
549 1321 43 4 —
638 1300 151 36 komma
829 1307 55 30 att
926 1308 173 30 avsevärt
1140 1303 187 49 överstiga
1362 1305 46 36 de
1436 1306 11 35 i
1477 1306 307 39 kommitterades
1813 1309 146 49 förslag

361 1349 213 37 beräknade
602 1351 380 51 kostnadsbeloppen.

446 1556 204 40 Tryekning
679 1568 41 22 av
743 1558 462 36 konstitutionsutskottets
1227 1563 182 41 protokoll
1434 1565 57 31 vid
1516 1565 232 40 riksdagarna
1774 1566 93 42 1810,

992 1612 82 32 1812
1098 1613 64 32 och
1188 1614 92 32 1815.

491 1715 98 35 1914
617 1719 61 31 års
709 1729 129 22 senare
866 1717 158 48 riksdag
1052 1718 66 35 har
1147 1719 206 48 uppdragit
1382 1724 38 33 åt
1448 1721 237 50 fullmäktige
1713 1723 12 36 i
1744 1723 210 49 riksgälds-

357 1764 176 37 kontoret
561 1771 54 30 att
643 1767 85 35 med
755 1767 148 37 biträde
932 1782 46 23 av
1007 1769 218 49 sakkunnig
1251 1783 139 36 person
1418 1773 76 36 låta
1518 1774 213 48 ombesörja
1747 1775 209 50 tryckning

357 1815 12 35 i
398 1828 47 24 en
472 1817 168 49 upplaga
669 1831 45 23 av
743 1820 73 35 600
844 1821 192 48 exemplar
1064 1834 46 23 av
1130 1822 476 40 konstitutionsutskottets
1625 1826 188 48 protokoll
1832 1827 123 37 under

356 1866 252 50 riksdagarna
656 1871 110 45 1810,
803 1873 96 34 1812
929 1872 70 36 och
1032 1874 94 35 1815
1155 1874 12 34 i
1196 1879 90 30 nära
1314 1877 378 37 överensstämmelse
1720 1878 85 36 med
1833 1883 54 32 ett
1906 1893 48 22 av

357 1918 88 36 herr
489 1920 219 47 professorn
756 1935 155 24 numera
956 1924 291 37 riksarkivarien
1294 1925 98 38 Sam.
1439 1927 138 38 Clason
1615 1930 152 47 avgivet
1795 1929 154 50 förslag.

485 1970 271 51 Tryckningen
786 1987 44 23 av
857 1975 164 36 nämnda
1047 1976 189 49 protokoll
1266 1977 67 36 har
1361 1992 155 24 numera
1543 1980 191 49 påbörjats
1755 1981 69 36 och
1845 1984 107 34 torde

355 2022 101 36 inom
487 2035 46 23 en
563 2028 91 32 nära
682 2025 149 37 framtid
859 2039 91 23 vara
979 2027 182 36 avslutad.
