1840 2792
497 152 388 32 Jordbruksutskottets
910 151 179 31 utlåtande
1112 160 43 21 nr
1180 151 28 29 1.
1592 148 15 29 7

100 258 41 3 —
163 239 280 30 Kalmarfilialen
466 238 114 30 skulle
602 238 148 29 inrättas
771 237 11 29 i
804 237 111 29 första
937 236 106 29 hand.
1068 235 66 29 För
1157 233 219 31 närvarande
1399 232 204 41 uppehålles

104 289 487 40 växtskyddsverksamheten
611 288 11 29 i
642 288 115 29 denna
777 287 95 29 trakt
893 295 42 21 av
957 286 144 29 Kalmar
1123 285 77 29 läns
1223 284 104 30 södra
1347 283 262 38 hushållnings-

103 341 155 39 sällskap
278 341 11 29 i
310 340 140 30 samråd
469 339 80 30 med
569 339 185 30 anstalten.
774 337 49 30 De
842 337 123 34 medel,
985 345 75 21 som
1080 336 72 30 står
1172 335 54 29 till
1244 334 208 39 förfogande
1472 333 55 30 för
1548 334 59 28 än-

100 391 163 33 damålet,
284 391 173 29 beräknas
478 389 193 30 emellertid
692 397 84 22 vara
796 387 215 31 förbrukade
1031 387 57 29 vid
1108 386 176 39 utgången
1305 395 42 20 av
1368 384 236 30 innevarande

105 442 179 39 budgetår.
313 441 117 30 Under
457 440 212 39 hänvisning
697 439 52 30 till
777 438 207 39 riksdagens
1014 436 181 31 uttalande
1224 436 54 30 får
1305 435 60 40 jag
1392 434 122 31 därför
1541 434 68 30 till-

104 493 131 38 styrka,
255 494 50 28 att
323 493 65 29 den
407 491 189 40 planerade
614 490 134 30 filialen
766 489 181 30 därstädes
966 489 148 29 inrättas
1133 496 59 21 nu.
1212 486 277 31 Verksamheten
1510 485 98 30 torde

105 543 52 29 till
173 552 42 20 en
232 543 125 39 början
373 543 122 28 kunna
511 542 117 29 drivas
645 541 79 30 med
740 549 43 21 en
798 539 325 34 filialförståndare,
1142 547 76 21 som
1235 538 63 30 bör
1314 537 157 40 placeras
1488 537 11 29 i
1516 537 93 30 löne-

105 594 83 38 grad
211 593 46 39 Cg
280 593 51 30 27.
354 592 203 30 Kostnaden
579 592 121 29 härför
722 591 135 39 uppgår
878 590 53 29 till
956 589 116 30 11200
1094 590 141 29 kronor.
1261 588 68 30 För
1351 589 51 29 att
1424 587 183 39 tillgodose

103 644 145 29 behovet
267 653 42 20 av
328 643 197 39 skrivhjälp
544 652 45 20 m.
608 652 45 19 m.
673 642 56 30 vid
748 641 133 30 filialen
899 641 99 29 torde
1015 640 118 30 vidare
1152 640 84 29 böra
1257 639 139 30 anvisas
1415 640 49 28 ett
1480 638 125 40 belopp

100 703 42 20 av
164 694 18 30 2
198 693 63 30 000
284 693 139 31 kronor.

148 744 350 39 Anstaltsstyrelsens
518 743 182 39 yrkanden
717 743 11 29 i
746 742 111 39 övrigt
873 741 223 30 beträffande
1113 740 209 41 personalen
1340 748 102 21 anser
1459 740 61 40 jag
1537 739 71 38 mig

106 795 74 30 icke
200 795 122 29 kunna
340 794 138 30 biträda
496 794 11 29 i
528 794 119 30 vidare
666 794 83 30 mån
768 794 45 28 än
832 794 50 28 att
900 792 61 40 jag
982 792 159 30 förordar
1163 793 51 28 att
1234 792 48 28 ett
1302 791 125 39 belopp
1447 799 43 21 av
1511 789 96 31 2500

103 845 129 29 kronor
265 845 89 29 skall
385 844 173 30 beräknas
591 844 54 30 för
676 844 193 30 avlönande
903 852 43 23 av
977 842 154 40 tillfällig
1163 841 197 41 skrivhjälp
1392 841 57 30 vid
1481 841 125 30 Skara-

105 896 144 29 filialen.

146 947 74 29 Vad
240 947 60 39 jag
319 956 47 19 nu
388 946 180 39 föreslagit
589 946 197 30 föranleder
807 955 41 21 en
871 944 132 40 ökning
1024 954 42 21 av
1086 944 280 30 medelsbehovet
1386 943 112 30 under
1520 944 88 29 före-

105 997 153 29 varande
279 996 121 39 anslag
419 996 80 29 med
526 996 57 33 (15
597 996 62 29 600
683 997 37 36 —
747 996 35 29 11
800 995 62 30 200
887 996 37 36 +
948 995 18 29 2
982 994 63 30 000
1066 996 37 36 +
1125 994 18 30 2
1158 994 64 30 500
1245 995 56 34 =)
1329 993 116 30 31300
1467 994 140 28 kronor.

103 1047 125 29 Härtill
253 1047 159 29 kommer
437 1046 193 30 emellertid
654 1046 171 38 ökningar
849 1055 42 20 av
914 1045 215 30 automatisk
1152 1045 179 29 karaktär.
1357 1044 47 30 På
1428 1044 113 39 grund
1565 1052 42 20 av

105 1098 67 29 den
200 1098 111 29 under
337 1097 38 29 år
403 1097 83 30 1952
513 1097 180 29 beslutade
719 1096 297 39 löneregleringen
1044 1095 54 30 för
1125 1095 94 30 vissa
1246 1095 215 39 tjänstemän
1494 1095 113 39 (prop.

105 1156 40 20 nr
170 1147 57 29 241
254 1147 65 29 och
343 1146 76 35 245)
448 1147 64 29 bör
537 1147 153 37 anslaget
713 1146 102 37 höjas
838 1146 78 30 med
940 1146 36 29 31
992 1145 60 30 200
1075 1146 142 29 kronor.
1240 1145 126 30 Vidare
1390 1145 138 31 medför
1552 1145 57 30 be-

104 1198 155 29 räknade
276 1197 426 39 löneklassförändringar
722 1197 64 30 och
803 1196 470 40 lönegradsuppflyttningar
1291 1196 43 40 på
1351 1196 112 39 grund
1481 1206 42 20 av
1536 1203 73 32 reg-

105 1249 95 29 lerad
219 1248 314 39 befordringsgång
551 1250 48 28 ett
617 1248 82 30 ökat
718 1247 245 30 medelsbehov
982 1256 42 21 av
1042 1247 19 29 6
1075 1247 63 29 500
1157 1247 140 29 kronor.
1318 1246 126 29 Posten
1464 1246 51 29 till
1536 1246 72 29 rör-

105 1300 61 39 ligt
184 1299 121 39 tillägg
321 1299 61 29 bör
401 1298 164 39 slutligen
584 1299 203 39 uppräknas
806 1298 79 30 med
907 1297 62 31 139
984 1297 63 30 900
1068 1298 140 29 kronor.

149 1350 65 29 Vid
234 1349 100 31 bifall
354 1349 51 30 till
423 1350 67 29 vad
508 1349 60 39 jag
585 1349 11 29 i
614 1349 56 29 det
689 1349 208 38 föregående
915 1348 181 39 föreslagit
1115 1348 62 29 bör
1196 1347 411 39 växtskyddsanstaltens

103 1399 307 39 avlöningsanslag
427 1399 102 39 höjas
549 1400 77 29 med
646 1399 232 39 sammanlagt
897 1399 63 29 208
975 1399 63 29 900
1056 1399 161 28 kronor.»

149 1484 184 29 Utskottet.
370 1484 125 39 Kungl.
521 1483 123 39 Maj:ts
668 1483 131 39 förslag
823 1483 111 29 under
958 1483 229 29 förevarande
1213 1483 255 39 anslagspunkt
1493 1482 116 30 föran-

106 1536 91 29 leder
218 1535 75 29 icke
315 1535 112 38 någon
449 1534 142 30 erinran
611 1534 78 29 från
712 1535 186 28 utskottets
921 1533 86 29 sida.

149 1586 74 29 Vad
243 1585 153 30 härefter
417 1585 108 39 angår
546 1586 57 28 det
622 1585 11 29 i
653 1585 218 29 motionerna
892 1584 28 29 I:
946 1584 60 29 193
1029 1584 62 29 och
1114 1584 44 28 II:
1183 1583 62 30 242
1268 1583 194 30 framförda
1483 1583 127 39 yrkan-

105 1638 66 32 det,
194 1638 50 27 att
266 1636 187 39 riksdagen
475 1636 57 29 vid
556 1635 253 39 behandlingen
833 1645 41 20 av
897 1634 229 30 förevarande
1150 1634 255 39 anslagspunkt
1428 1633 107 30 måtte
1558 1634 53 28 ut-

108 1688 67 29 tala
198 1689 50 27 att
271 1688 102 38 ingen
395 1687 118 29 vidare
537 1686 197 39 utbyggnad
759 1695 41 20 av
823 1685 411 39 växtskyddsanstaltens
1259 1684 222 39 filialsystem
1505 1683 105 30 borde

105 1738 71 33 ske,
205 1737 120 30 förrän
353 1736 188 40 tillräcklig
568 1737 198 29 erfarenhet
792 1735 143 30 vunnits
964 1745 56 20 om
1048 1735 145 30 behovet
1221 1745 41 20 av
1289 1734 199 40 ytterligare
1515 1735 96 28 växt-

106 1788 356 40 skyddsverksamhet
491 1788 121 29 utöver
641 1787 56 29 det
726 1797 41 19 av
796 1786 450 39 hushållningssällskapen
1274 1785 166 29 bedrivna
1470 1784 141 40 upplys-

106 1841 116 36 nings-
250 1839 64 29 och
341 1838 359 39 rådgivningsarbetet
727 1839 91 27 samt
845 1837 124 38 frågan
997 1846 56 20 om
1080 1837 147 28 behovet
1255 1845 41 20 av
1324 1836 131 28 smärre
1483 1834 128 29 filialer

107 1889 153 29 därefter
289 1889 176 38 upptagits
497 1888 51 29 till
578 1887 136 39 allsidig
744 1888 240 38 omprövning,
1016 1887 54 28 får
1099 1886 170 29 utskottet
1299 1885 119 30 erinra
1443 1884 168 39 följande.

107 1939 136 38 Frågan
266 1948 55 20 om
344 1938 246 39 utbyggnaden
613 1948 40 19 av
675 1938 239 39 nyssnämnda
937 1936 221 39 filialsystem
1183 1945 61 20 var
1266 1935 146 29 föremål
1436 1935 54 29 för
1513 1935 99 39 pröv-

108 1989 83 38 ning
215 1989 10 28 i
253 1988 167 31 samband
447 1989 78 29 med
552 1988 254 37 behandlingen
834 1997 41 20 av
901 1987 193 29 anstaltens
1121 1986 244 29 medelsbehov
1392 1985 54 29 för
1473 1985 139 29 inneva-

109 2041 106 28 rande
237 2039 177 39 budgetår.
437 2039 129 30 Därvid
589 2039 112 29 anslöt
724 2039 50 38 sig
795 2039 169 28 utskottet
986 2037 51 29 till
1059 2037 56 29 det
1137 2047 42 19 av
1202 2036 83 29 1949
1307 2036 55 29 års
1383 2035 230 40 växtskydds-

110 2090 186 39 utredning
315 2090 196 38 framlagda
531 2090 174 37 förslaget,
727 2091 49 28 att
797 2088 173 29 filialerna
992 2088 111 31 skulle
1125 2087 188 29 successivt
1334 2086 168 39 utbyggas
1524 2086 88 32 med,

110 2142 152 28 förutom
285 2150 41 19 en
348 2140 88 29 filial
458 2150 42 19 av
522 2141 108 28 större
653 2141 59 38 typ
734 2139 54 29 vid
813 2138 274 34 Röbäcksdalen,
1111 2140 49 27 tre
1183 2137 127 28 filialer
1332 2146 41 20 av
1395 2136 136 29 mindre
1554 2137 59 37 typ

110 2193 8 28 i
146 2191 152 35 Kalmar,
325 2189 129 30 Örebro
481 2191 63 28 och
571 2190 43 39 på
640 2189 158 29 Gotland.
836 2189 50 29 Av
914 2188 221 30 sistnämnda
1161 2187 128 29 filialer
1317 2187 111 28 skulle
1457 2186 157 29 Kalmar-

109 2241 133 28 filialen
264 2241 9 28 i
295 2241 110 29 första
425 2241 93 29 hand
541 2241 140 28 komma
703 2241 9 27 i
733 2240 108 37 fråga.
874 2239 176 28 Utskottet
1072 2239 196 31 förutsatte,
1290 2238 50 27 att
1361 2237 125 37 Kungl.
1509 2235 105 39 Maj:t

113 2291 47 27 till
186 2290 82 29 1953
291 2291 56 28 års
370 2290 141 37 riksdag
535 2290 110 30 skulle
668 2289 190 38 framlägga
883 2288 132 38 förslag
1038 2288 146 29 rörande
1208 2288 40 29 de
1272 2287 169 37 åtgärder,
1467 2295 73 20 som
1565 2294 50 19 er-

113 2340 180 29 fordrades
319 2340 51 29 för
394 2340 287 38 genomförandet
705 2349 42 20 av
770 2338 244 39 utbyggnaden
1040 2337 105 38 enligt
1175 2337 4 28 i
1204 2336 185 29 huvudsak
1415 2334 201 39 ultredning-

111 2400 59 19 ens
191 2390 186 38 riktlinjer.
409 2390 197 37 Riksdagen
627 2390 86 29 hade
733 2390 85 28 intet
838 2390 49 28 att
906 2389 115 29 erinra
1043 2389 70 27 mot
1134 2388 187 28 utskottets
1343 2386 189 29 utlåtande.

156 2442 118 28 Såsom
316 2441 203 29 framhålles
558 2442 8 28 i
606 2440 215 29 molionerna
859 2440 37 28 är
923 2439 66 28 den
1017 2448 41 19 av
1085 2436 450 39 hushållningssällskapen
1561 2435 55 29 be-

111 2491 123 29 drivna
259 2491 265 29 verksamheten
554 2491 52 29 för
633 2489 210 41 upplysning
869 2490 63 28 och
960 2488 206 38 rådgivning
1191 2488 43 39 på
1261 2487 62 29 här
1351 2486 265 38 ifrågavarande
