1860 2788
533 135 388 32 Jordbruksutskottets
942 132 179 31 utlåtande
1141 141 43 20 nr
1204 131 27 29 1.
1577 128 58 29 119

176 225 125 38 Kungl.
325 223 123 38 Maj:ts
472 222 110 28 under
604 220 159 41 punkten
788 218 58 29 187
879 218 42 32 (s.
945 215 190 35 329—333)
1163 214 196 38 framlagda
1382 213 131 38 förslag
1535 212 97 28 inne-

129 276 72 32 bär,
229 276 50 28 att
303 273 156 38 anslaget
483 271 54 29 för
564 271 102 28 nästa
693 267 167 39 budgetår
886 266 202 39 uppräknas
1114 266 79 28 med
1219 264 62 29 500
1296 264 62 29 000
1384 263 140 28 kronor.
1551 262 83 29 Sist-

130 325 154 30 nämnda
309 323 124 40 belopp
461 321 89 30 skall
575 320 90 30 dock
691 319 34 29 få
752 322 97 35 tagas
876 318 11 28 i
913 316 154 40 anspråk
1093 324 41 20 av
1161 313 277 40 skogsstyrelsen
1467 312 88 30 först
1584 321 50 20 se-

129 376 70 29 dan
222 375 125 38 Kungl.
374 373 104 39 Maj:t
501 372 87 29 efter
612 370 152 30 särskild
788 367 260 39 framställning
1072 365 80 31 från
1176 365 169 39 styrelsen
1370 363 82 39 givit
1476 362 158 30 tillstånd

130 426 128 30 därtill.
286 424 177 39 Förslaget
490 422 145 29 innebär
661 421 130 34 vidare,
819 421 50 28 att
899 418 61 31 200
976 418 62 29 000
1068 418 129 28 kronor
1225 425 42 20 av
1294 416 156 36 anslaget
1481 414 88 29 skall
1599 412 36 30 få

131 477 180 30 användas
340 476 54 29 för
422 473 181 39 utdelning
632 471 193 30 försöksvis
854 479 40 20 av
923 469 93 30 vissa
1043 468 122 37 bidrag
1192 468 9 28 i
1230 466 151 37 enlighet
1411 465 78 29 med
1518 466 47 28 ett
1594 472 42 20 av

132 527 278 40 skogsstyrelsen
442 525 186 37 föreslaget
661 522 175 30 förenklat
869 520 213 33 förfarande,
1117 518 54 29 för
1202 517 107 30 vilket
1342 518 162 27 närmare
1539 515 98 30 redo-

131 579 111 38 gjorts
262 579 11 28 i
295 577 272 39 propositionen.

175 628 284 38 Skogsstyrelsen
480 626 63 29 har
565 627 9 28 i
598 625 59 29 sitt
680 622 297 40 anslagsäskande
1001 619 189 34 hemställt,
1213 620 49 28 att
1284 619 156 37 anslaget
1464 616 89 30 skall
1577 616 60 29 hö-

131 681 56 38 jas
224 679 79 29 med
342 677 139 30 800000
519 676 130 29 kronor
689 675 52 29 till
782 673 95 30 2000
893 672 62 30 000
981 672 140 29 kronor.
1151 670 50 28 Av
1227 669 156 39 anslaget
1411 676 97 21 avses
1535 667 103 39 högst

135 730 95 30 1950
245 730 62 29 000
335 730 130 28 kronor
494 727 115 29 såsom
637 725 122 38 bidrag
788 724 52 30 till
870 723 206 38 markägare
1104 721 64 29 och
1198 719 357 37 förvaltningsbidrag
1585 717 53 30 till

133 780 308 39 skogssällskapet.
466 777 110 40 Något
601 776 143 30 särskilt
769 775 123 39 belopp
918 782 102 30 synes
1044 771 106 39 enligt
1175 770 294 39 skogsstyrelsens
1497 768 141 39 mening

133 833 76 29 icke
240 832 117 28 vidare
387 830 84 29 böra
501 828 140 30 anvisas
674 827 115 29 såsom
819 824 194 38 ersättning
1044 823 52 29 till
1129 820 423 40 skogsvårdsstyrelserna
1584 819 54 29 för

134 892 41 20 av
193 883 78 29 dem
291 881 76 30 fritt
386 881 173 28 utlämnat
578 875 416 40 skogsodlingsmaterial.
1014 875 12 28 I
1045 874 114 30 stället
1180 872 157 33 föreslås,
1357 873 49 27 att
1424 880 42 20 av
1484 870 155 30 nämnda

135 934 135 39 delpost
299 932 88 30 skall
415 931 137 29 anvisas
580 931 47 28 ett
654 928 123 39 belopp
807 936 41 21 av
874 927 100 37 högst
1002 925 62 30 200
1080 924 62 30 000
1171 924 128 28 kronor
1329 922 54 31 för
1410 920 229 31 utlämnande

134 994 42 20 av
204 984 121 38 bidrag
352 982 106 39 enligt
485 983 47 27 ett
560 980 177 29 förenklat
764 977 202 31 förfarande
994 975 166 30 liknande
1187 974 56 29 det
1271 982 85 24 som,
1384 972 57 29 vid
1471 972 100 29 sidan
1598 979 43 21 av

137 1034 178 38 sedvanlig
344 1032 245 39 bidragsform,
622 1030 193 38 tillämpats
844 1028 57 30 vid
933 1026 181 37 utdelning
1145 1034 41 21 av
1217 1024 120 37 bidrag
1371 1032 43 21 av
1442 1023 41 29 de
1512 1021 129 41 prisut-

134 1083 305 41 jämningsmedel,
467 1091 73 20 som
566 1081 155 30 anvisats
744 1080 53 29 till
820 1078 309 39 återuppbyggnad
1156 1085 42 20 av
1222 1073 298 41 skogsbeståndet.
1546 1072 95 30 Äter-

137 1136 122 29 stoden
284 1144 41 20 av
351 1134 166 39 anslaget,
542 1132 40 30 50
598 1132 62 29 000
687 1132 139 31 kronor,
853 1138 97 21 avses
976 1128 50 29 till
1051 1127 160 39 åtgärder
1236 1127 71 27 mot
1333 1123 241 39 skadegörelse
1599 1131 42 21 av

137 1186 271 40 skogsinsekter.

185 1237 160 30 Rörande
366 1236 166 38 förslaget
554 1244 58 20 om
632 1232 285 40 bidragsgivning
938 1230 107 39 enligt
1066 1230 48 28 ett
1135 1229 11 29 i
1168 1228 91 29 vissa
1283 1226 194 30 avseenden
1499 1224 142 30 förenk-

139 1289 47 28 lat
214 1287 203 30 förfarande
443 1286 63 29 har
532 1283 277 40 skogsstyrelsen
835 1281 117 31 anfört
980 1281 9 29 i
1014 1278 188 31 huvudsak
1226 1277 167 39 följande.

184 1348 49 29 De
254 1347 121 34 medel,
397 1346 94 29 vilka
511 1344 126 29 hittills
659 1343 154 30 anvisats
836 1351 73 20 som
931 1339 195 39 ersättning
1147 1338 52 29 till
1221 1335 425 41 skogsvårdsstyrelserna

140 1391 54 29 för
218 1400 42 20 av
282 1389 80 29 dem
385 1388 76 29 fritt
484 1387 175 29 utlämnat
684 1382 415 42 skogsodlingsmaterial,
1124 1381 63 29 har
1211 1381 148 28 använts
1382 1378 11 29 i
1417 1378 132 29 sådana
1572 1377 73 32 fall,

141 1433 63 29 där
222 1429 358 42 skogsvårdsstyrelse
599 1429 45 39 på
662 1428 113 39 grund
793 1436 42 20 av
853 1426 95 30 äldre
965 1424 169 30 kontrakt
1153 1432 55 20 om
1225 1422 122 39 bidrag
1366 1430 41 20 ur
1425 1421 57 28 det
1500 1419 147 39 tidigare

141 1475 166 30 anvisade
337 1471 403 41 skogsodlingsanslaget
770 1469 90 30 skall
889 1466 269 32 tillhandahålla
1188 1464 76 30 fritt
1294 1462 353 41 skogsodlingsmate-

141 1518 66 29 rial
225 1517 58 29 vid
304 1525 121 20 senare
445 1514 262 40 hjälpkulturer
726 1513 11 28 i
753 1512 45 30 de
819 1508 329 33 statsunderstödda
1168 1507 217 30 kulturerna.
1407 1504 129 30 Därvid
1558 1503 89 30 skall

143 1560 87 29 även
249 1560 136 28 lämnas
405 1558 76 29 fritt
500 1555 306 41 plantörsbiträde.
826 1553 246 30 Kostnaderna
1091 1551 54 29 för
1166 1550 124 29 sådant
1309 1548 135 30 biträde
1462 1548 64 28 har
1546 1546 103 30 emel-

143 1602 103 30 lertid
265 1602 29 39 ej
319 1602 125 28 ersatts
464 1609 40 20 ur
525 1596 506 42 skogsförbättringsanslaget.

188 1644 167 30 Gällande
372 1641 406 40 bidragsbestämmelser
795 1639 55 30 för
868 1639 94 29 detta
979 1637 122 39 anslag
1118 1635 145 30 hindrar
1281 1634 43 39 ej,
1343 1635 50 28 att
1410 1632 121 40 bidrag
1548 1631 102 40 utgår

143 1688 45 38 på
210 1686 194 39 sedvanligt
427 1686 77 33 sätt,
527 1685 31 29 d.
581 1694 30 19 v.
635 1693 26 20 s.
685 1692 75 20 som
782 1682 91 39 regel
895 1681 79 29 med
997 1680 41 30 50
1060 1680 144 39 procent
1226 1687 41 20 av
1289 1677 80 29 hela
1391 1675 259 40 skogsodlings-

144 1729 197 29 kostnaden
362 1727 209 30 inberäknat
594 1724 308 31 arbetskostnader
925 1732 44 20 m.
993 1732 56 24 m.,
1072 1723 87 29 även
1180 1720 54 30 för
1256 1719 261 39 hjälpkulturer
1539 1717 10 29 i
1572 1716 78 30 tidi-

145 1780 80 31 gare
252 1772 170 34 kulturer,
450 1770 94 29 vilka
571 1769 131 29 utförts
730 1767 78 30 med
835 1767 122 38 bidrag
985 1775 41 19 ur
1054 1764 167 38 anslaget.
1250 1762 51 30 Då
1329 1761 238 30 kostnaderna
1596 1759 54 30 för

145 1815 139 38 plantör
312 1814 65 29 och
406 1810 405 41 skogsodlingsmaterial
839 1807 241 41 regelmässigt
1107 1806 76 29 icke
1211 1804 134 40 uppgår
1372 1803 53 30 till
1453 1802 103 30 halva
1584 1802 66 29 den

145 1857 109 29 totala
272 1853 453 41 skogsodlingskostnaden,
745 1860 56 31 ger
818 1852 69 28 den
904 1859 68 30 nya
990 1848 280 39 bidragsformen
1289 1846 232 38 markägaren
1540 1845 111 29 större

147 1898 149 30 förmån.
329 1896 286 40 Bidragsformen
647 1895 46 29 fri
724 1895 139 38 plantör
895 1893 64 29 och
991 1892 77 28 fritt
1101 1887 406 41 skogsodlingsmaterial
1539 1886 113 29 skulle

147 1941 133 29 således
299 1949 84 20 vara
401 1939 104 29 dömd
525 1940 50 28 att
595 1936 230 31 automatiskt
845 1934 191 31 försvinna.
1057 1932 232 30 Förfarandet
1308 1930 107 39 enligt
1433 1928 220 31 bestämmel-

148 1992 102 20 serna
279 1983 54 29 för
363 1979 497 41 skogsförbättringsanslaget
889 1986 102 30 synes
1021 1974 193 31 emellertid
1243 1973 143 38 onödigt
1415 1970 237 39 omständligt,

148 2026 45 30 då
219 2026 58 29 det
304 2025 105 38 gäller
438 2025 131 28 smärre
598 2023 144 38 företag.
771 2022 52 28 En
851 2029 56 21 om
934 2018 282 40 bidragsformen
1245 2016 44 29 fri
1317 2015 139 40 plantör
1484 2014 65 29 och
1578 2013 76 29 fritt

149 2066 406 40 skogsodlingsmaterial
579 2064 239 40 påminnande
844 2062 115 30 metod
984 2061 74 34 har,
1085 2060 57 29 vid
1169 2059 100 30 sidan
1294 2068 42 20 av
1362 2058 66 29 den
1454 2055 200 40 sedvanliga

148 2109 291 39 bidragsformen,
462 2108 148 29 kommit
633 2107 53 28 till
710 2105 224 39 användning
956 2104 10 28 i
988 2102 174 30 Norrland
1184 2102 57 29 vid
1265 2100 182 39 utdelning
1469 2108 42 20 av
1532 2098 123 38 bidrag

149 2162 42 19 av
216 2153 41 28 de
282 2149 421 41 prisutjämningsmedel,
731 2157 73 20 som
831 2147 154 29 anvisats
1011 2146 53 28 till
1090 2142 310 41 återuppbyggnad
1427 2151 40 20 av
1493 2140 162 39 skogsbe-

150 2194 148 29 ståndet.
324 2193 214 38 Åtgärderna
564 2191 133 29 utföres
723 2190 111 29 under
860 2189 140 38 ledning
1025 2197 42 20 av
1093 2196 42 20 en
1161 2186 138 29 förman
1325 2184 80 30 från
1431 2182 224 40 skogsvårds-

150 2236 170 38 styrelsen
344 2237 85 27 utan
452 2233 209 38 föregående
684 2233 168 32 ansökan,
876 2229 250 41 planläggning
1148 2229 64 28 och
1236 2226 276 38 kontraktering.
1536 2225 121 29 Bidra-

151 2281 54 35 get
233 2277 146 38 beviljas
406 2277 52 28 till
485 2276 134 38 belopp,
648 2273 246 30 motsvarande
921 2272 237 29 kostnaderna
1188 2270 53 28 för
1268 2267 295 40 plantörsbiträde
1592 2266 64 29 och

152 2318 416 40 skogsodlingsmaterial.
599 2317 129 29 Värdet
757 2325 41 20 av
827 2314 225 30 förmånerna
1081 2313 205 28 förutsättes
1316 2310 76 29 icke
1422 2309 10 29 i
1461 2308 104 40 något
1596 2307 60 29 fall

151 2362 115 39 uppgå
290 2361 51 28 till
363 2361 136 28 hälften
521 2369 41 20 av
585 2359 41 29 de
649 2358 107 29 totala
780 2356 237 30 kostnaderna
1040 2355 54 29 för
1118 2353 207 39 åtgärderna
1349 2352 82 29 eller
1454 2351 52 29 till
1529 2350 57 29 det
1609 2349 49 29 bi-

152 2404 86 39 drag
262 2403 231 37 markägaren
519 2401 107 38 enligt
651 2401 41 28 de
718 2400 53 29 för
798 2396 495 41 skogsförbättringsanslaget
1319 2394 159 39 gällande
1503 2393 156 37 bidrags-

153 2445 309 30 bestämmelserna
491 2445 36 28 är
555 2442 194 39 berättigad
776 2442 62 29 till.
866 2440 276 30 Verksamheten
1171 2439 157 28 kommer
1355 2436 120 29 därför
1502 2437 157 27 automa-
