1844 2786
484 143 390 31 Jordbruksutskottets
898 141 180 31 utlåtande
1101 151 43 20 nr
1167 141 28 30 1.
1555 138 40 30 65

133 230 96 34 91:0)
251 230 125 35 Bidrag
393 229 54 29 till
466 226 359 37 plantskolekontroll.
845 225 207 29 Biträdande
1072 224 124 37 Kungl.
1215 223 120 37 Maj:ts
1356 223 108 29 under
1484 222 112 38 punk-

90 283 57 27 ten
170 280 60 30 103
256 279 43 35 (s.
324 278 188 34 193—194)
540 277 123 40 gjorda
684 275 262 39 framställning
965 293 44 3 —
1030 274 238 30 innebärande
1289 272 215 31 oförändrad
1525 281 70 21 me-

89 330 263 40 delsanvisning
373 347 44 4 —
438 328 204 30 hemställer
665 327 181 33 utskottet,

443 380 51 29 att
524 378 188 39 riksdagen
741 377 61 30 må
831 377 52 30 till
913 375 129 40 Bidrag
1074 375 52 30 till
1154 373 357 42 plantskolekontroll
1540 374 55 30 för

399 429 206 40 budgetåret
632 428 151 36 1953/54
808 427 121 31 anvisa
954 428 49 29 ett
1028 426 122 39 anslag
1176 435 42 21 av
1245 426 38 30 15
1298 425 62 30 000
1386 425 141 29 kronor.

136 540 96 34 92:0)
259 539 242 36 Bekämpande
525 548 42 20 av
592 538 296 35 växtsjukdomar.
913 536 173 31 Utskottet
1110 535 191 37 tillstyrker
1325 534 124 37 Kungl.
1476 533 121 37 Maj:ts

93 591 261 39 framställning
375 590 111 30 under
507 589 161 39 punkten
692 587 61 31 104
782 587 43 34 (s.
850 586 188 35 194—195)
1064 604 46 3 —
1130 584 243 31 innefattande
1395 584 204 39 anslagsan-

92 641 138 40 visning
248 641 80 30 med
346 640 207 30 oförändrat
570 639 125 39 belopp
712 656 46 4 -—
774 638 65 30 och
857 637 204 30 hemställer
1080 636 112 34 alltså,

447 692 51 28 att
520 690 190 38 riksdagen
733 689 59 30 må
814 688 54 30 till
890 687 248 40 Bekämpande
1162 695 43 21 av
1230 685 291 40 växtsjukdomar
1545 685 54 30 för

401 740 206 40 budgetåret
632 739 150 36 1953/54
804 738 121 31 anvisa
947 740 49 28 ett
1018 737 275 40 förslagsanslag
1314 746 43 20 av
1379 736 118 30 72500
1520 736 79 29 kro-

402 801 74 21 nor.

140 903 98 35 93:0)
262 903 126 35 Bidrag
407 902 53 29 till
480 901 217 35 Föreningen
716 901 57 29 för
793 899 258 36 växtförädling
1070 907 43 21 av
1133 898 185 30 fruktträd.
1340 896 257 38 Tillstyrkande

95 953 126 39 Kungl.
241 952 123 40 Maj:ts
383 951 263 39 framställning
663 950 112 30 under
792 950 159 40 punkten
972 949 61 30 105
1058 948 43 35 (s.
1123 948 78 34 195)
1223 965 45 4 —
1284 946 238 31 innebärande
1542 955 60 21 an-

95 1003 281 40 slagsanvisning
411 1002 55 30 för
503 1001 201 31 ändamålet
740 1000 80 30 med
857 999 206 31 oförändrat
1100 999 125 39 belopp
1250 1015 44 4 —
1318 997 203 30 hemställer
1547 998 54 28 ut-

96 1054 138 34 skottet,

449 1104 51 29 att
523 1102 188 40 riksdagen
736 1102 58 30 må
817 1101 54 30 till
895 1100 129 39 Bidrag
1049 1099 53 30 till
1125 1099 218 39 Föreningen
1367 1098 58 40 för
1450 1097 152 40 växtför-

405 1152 120 40 ädling
551 1162 43 20 av
618 1152 183 40 fruktträd
827 1151 54 31 för
907 1150 207 41 budgetåret
1142 1149 150 36 1953/54
1319 1148 121 31 anvisa
1467 1150 49 28 ett
1543 1157 60 21 an-

407 1204 74 40 slag
502 1213 42 21 av
566 1203 40 30 75
621 1203 63 30 000
706 1203 141 29 kronor.

143 1314 96 34 94:0)
269 1314 224 29 Bestridande
517 1313 77 29 med
622 1312 176 30 allmänna
822 1311 110 30 medel
957 1320 43 21 av
1024 1310 94 30 vissa
1144 1310 76 30 med
1246 1309 265 36 betesreglering
1534 1309 71 29 för-

99 1365 107 29 enade
231 1364 196 30 kostnader.
452 1363 14 29 I
491 1363 150 37 enlighet
665 1363 77 29 med
767 1362 125 39 Kungl.
917 1361 125 39 Maj:ts
1066 1361 133 39 förslag
1221 1360 112 30 under
1356 1360 160 40 punkten
1543 1359 61 30 106

104 1415 43 34 (s.
171 1414 78 35 196)
275 1432 45 3 —
338 1413 240 30 innebärande
599 1411 329 39 anslagsanvisning
949 1411 80 30 med
1051 1412 49 28 ett
1122 1410 154 30 formellt
1297 1410 125 39 belopp
1443 1427 45 3 —
1508 1409 96 29 hem-

100 1465 118 30 ställer
241 1465 180 33 utskottet,

452 1515 51 29 att
522 1513 189 39 riksdagen
731 1512 59 31 må
808 1512 53 30 till
880 1511 230 31 Bestridande
1131 1511 80 30 med
1230 1510 179 31 allmänna
1430 1510 115 30 medel
1563 1519 42 20 av

409 1564 91 30 vissa
523 1564 82 30 med
628 1562 267 40 betesreglering
916 1562 169 40 förenade
1108 1561 191 31 kostnader
1321 1561 55 30 för
1399 1560 206 40 budgetåret

411 1614 151 37 1953/54
585 1614 121 31 anvisa
728 1616 50 28 ett
799 1613 275 39 förslagsanslag
1096 1622 43 22 av
1162 1612 62 30 100
1247 1612 140 30 kronor.

145 1725 96 33 95:0)
268 1725 125 36 Bidrag
414 1725 54 29 till
491 1723 278 36 markkartering
792 1724 64 28 och
880 1722 293 37 grundkalkning.
1197 1721 77 30 Med
1298 1720 243 37 tillstyrkande
1565 1729 42 21 av

101 1775 126 40 Kungl.
245 1775 123 39 Maj:ts
387 1774 263 39 framställning
666 1774 112 29 under
795 1773 159 39 punkten
974 1773 60 30 107
1059 1772 43 34 (s.
1122 1771 189 34 196—197)
1333 1789 45 4 —
1393 1770 215 30 innefattan-

101 1826 42 29 de
182 1835 42 20 en
263 1826 79 29 med
382 1825 139 39 hänsyn
562 1825 54 28 till
656 1824 307 38 medelsåtgången
993 1823 197 38 föreslagen
1220 1821 275 40 anslagsökning
1526 1821 80 30 från

103 1876 62 30 200
178 1876 62 29 000
263 1875 55 30 till
340 1875 62 30 230
416 1875 63 30 000
502 1875 131 29 kronor
654 1892 45 3 —
719 1874 202 30 hemställer
944 1874 182 33 utskottet,

455 1926 50 28 att
523 1924 189 39 riksdagen
730 1924 58 30 må
806 1924 52 29 till
875 1922 129 40 Bidrag
1024 1923 53 30 till
1093 1921 284 39 markkartering
1396 1921 63 31 och
1479 1921 129 39 grund-

413 1975 171 38 kalkning
608 1975 55 30 för
687 1974 205 39 budgetåret
919 1973 151 36 1953/54
1095 1973 121 30 anvisa
1241 1974 48 28 ett
1313 1972 296 30 reservationsan-

412 2026 75 38 slag
508 2035 43 21 av
572 2025 63 30 230
649 2025 62 30 000
733 2025 141 30 kronor.

149 2134 97 34 96:0)
270 2134 243 35 Befrämjande
533 2143 42 19 av
596 2134 347 35 mejerihanteringen
964 2143 43 19 m.
1029 2142 59 20 m.:
1111 2133 124 34 Bidrag
1254 2133 52 28 till
1326 2132 153 29 Svenska
1501 2132 107 28 smör-

104 2185 266 35 provningarna.
392 2184 172 29 Utskottet
585 2183 151 30 biträder
758 2183 123 36 Kungl.
903 2183 121 36 Maj:ts
1046 2182 256 37 framställning
1323 2182 108 29 under
1454 2181 155 37 punkten

106 2234 60 28 108
196 2234 42 32 (s.
266 2234 77 33 197)
374 2226 32 49 -—
438 2233 238 29 innebärande
703 2233 214 29 oförändrad
941 2231 320 38 medelsanvisning
1285 2249 44 3 —
1354 2231 64 29 och
1441 2230 168 30 'hemstäl-

107 2285 48 28 ler
178 2283 112 34 alltså,

459 2335 50 28 att
534 2333 188 39 riksdagen
748 2333 58 29 må
832 2333 51 29 till
908 2332 251 39 Befrämjande
1185 2341 43 20 av
1254 2330 355 40 mejerihanteringen

415 2393 44 21 m.
488 2393 63 20 m.:
580 2383 128 38 Bidrag
737 2383 53 29 till
815 2382 155 30 Svenska
999 2381 356 40 smörprovningarna
1385 2381 54 30 för
1468 2381 143 39 budget-

415 2433 74 31 året
512 2433 150 36 1953/54
682 2433 122 30 anvisa
824 2435 48 27 ett
892 2433 122 39 anslag
1034 2442 43 20 av
1099 2432 38 29 14
1152 2432 62 30 700
1235 2432 139 30 kronor.

136 2499 16 26 bd
193 2501 110 31 Bihang
316 2501 46 24 till
373 2501 170 31 riksdagens
555 2501 147 31 protokoll
715 2501 77 24 1953.
814 2501 30 23 10
855 2500 83 24 saml.
959 2501 39 23 Nr
1015 2502 22 23 I.
