2246 2658
789 201 227 42 Lagutskottets
1044 203 169 32 Utlåtande
1235 204 64 31 N:o
1323 208 26 28 1.
1806 210 19 30 3

259 287 72 43 län,
360 286 200 48 hvarjemte
588 288 206 48 inspektion
820 290 40 36 af
887 291 134 35 honom
1049 293 195 35 verkstälts
1271 294 100 35 inom
1399 300 131 31 största
1557 295 106 37 delen
1686 296 40 36 af
1740 295 128 38 Stock-

260 336 115 36 holms
415 339 62 34 län
517 344 93 30 samt
649 340 65 35 hos
754 340 318 38 rådstufvurätten
1113 343 66 35 och
1220 344 239 47 magistraten
1489 346 12 35 i
1532 345 206 38 Mariefred.
1791 347 75 37 Vid

259 387 297 49 inspektionerna
596 390 66 35 har
694 391 70 35 han
795 392 12 34 i
835 392 192 47 sedvanlig
1054 393 158 47 ordning
1239 394 127 36 besökt
1393 396 271 37 vederbörande
1692 394 174 57 myndig-

258 438 103 35 heter
388 439 66 35 och
483 440 226 36 embetsmän
737 447 94 30 samt
858 443 284 37 häradsarkiven
1173 445 65 35 och
1267 444 237 49 fängelserna.
1559 447 79 36 Den
1657 450 209 35 nuvarande

251 488 462 46 justitieombudsmannen
754 492 66 35 har
859 492 171 37 förrättat
1068 495 206 48 inspektion
1307 496 65 36 hos
1399 510 44 22 en
1470 498 13 35 i
1510 497 208 38 Stockholm
1744 500 121 35 bosatt

258 538 271 38 domhafvande
556 542 98 35 inom
684 541 228 38 Stockholms
935 545 70 34 län.

390 590 16 35 I
446 590 167 37 afseende
653 596 20 32 å
706 593 95 35 hvad
828 594 63 35 vid
918 595 298 47 inspektionerna
1242 595 239 38 förekommit
1507 598 170 37 hänvisar
1699 600 164 46 justitie-

253 640 319 38 ombudsmannen
598 643 57 35 till
683 643 274 37 resediarierna.

389 691 170 36 Rörande
586 693 44 35 de
658 693 193 48 klagomål,
880 708 77 22 som
986 696 116 36 under
1129 700 39 32 år
1198 699 92 34 1897
1322 699 96 35 varit
1445 699 149 37 föremål
1622 700 57 36 för
1701 701 161 46 justitie-

254 741 333 38 ombudsmannens
642 744 285 49 handläggning,
988 747 183 36 meddelas
1224 749 12 34 i
1292 749 361 37 embetsberättelsen
1702 751 160 47 följande

254 790 192 49 öfversigt:

391 918 70 36 Vid
506 921 92 35 1897
627 924 58 32 års
725 921 127 47 början
896 935 87 23 voro
1024 923 39 35 af
1088 923 103 36 förut
1218 925 175 36 inkomna
1421 927 184 47 klagomål
1632 927 228 38 fortfarande

254 968 119 35 under
387 969 276 48 handläggning
673 972 719 36 härstädle$....msmmmmmmssseussssssnssnssnssnssssn
1401 1008 355 6 senses
1813 982 44 33 12

386 1019 126 36 Under
539 1024 75 32 året
643 1021 108 36 hafva
778 1023 199 36 inkommit
1005 1024 257 48 klagoskrifter
1288 1028 57 34 till
1373 1032 53 30 ett
1453 1030 98 34 antal
1579 1028 177 37 af..........
1810 1032 46 34 $88

1607 1096 149 36 Summa
1786 1100 70 34 100

386 1188 52 36 Af
463 1189 104 36 dessa
594 1190 107 35 hafva

248 1241 120 32 såsom
397 1240 218 35 återkallade
643 1240 1110 44 afskrifVits....mmsssmmmssssssssesesnsssonssssesse
1357 1236 16 59 a
1387 1236 30 59 sen
1424 1236 111 59 essens
1549 1236 86 59 ses
1674 1236 82 59 ann
1832 1253 22 33 3

249 1287 92 36 efter
368 1289 289 37 vederbörandes
685 1292 159 35 hörande
872 1291 72 37 fått
971 1292 147 37 förfalla
1132 1327 432 6 ....mmsmmmsssnssnnnan
1582 1330 170 5 sonson
1808 1302 45 34 29

249 1337 94 36 efter
369 1340 213 36 annorledes
609 1342 185 35 verkstäld
822 1343 203 47 utredning
1051 1345 89 35 eller
1167 1350 88 31 utan
1283 1346 130 47 åtgärd
1440 1347 203 37 afskrifvits
1806 1353 46 33 53

250 1388 185 37 hänvisats
463 1391 56 34 till
547 1392 1178 43 dtälososssssssssesssssssonssssenessansar
1191 1384 58 61 esse
1256 1384 88 61 sonsons
1355 1384 58 61 seas
1420 1384 58 61 sas
1496 1384 43 61 aL
1546 1384 184 61 LL
1744 1433 6 2 oo
1832 1404 19 32 7

248 1438 62 36 vid
338 1443 96 33 årets
463 1442 72 34 slut
562 1443 94 34 varit
685 1443 159 35 utstälda
873 1444 57 35 till
958 1444 205 48 förklaring
1190 1447 88 35 eller
1305 1448 445 46 påminnelser...
1830 1455 22 32 4

272 1502 14 17 >
374 1503 12 15 >
493 1507 8 3 »
601 1505 9 16 »
684 1492 40 36 af
748 1507 118 22 annan
897 1495 200 47 anledning
1124 1496 171 37 hvilande.....
1303 1530 347 6 mmm
1651 1518 98 18 ena
1830 1505 21 33 3

273 1553 10 14 »
371 1553 12 17 >
489 1558 11 15 »
597 1559 12 16 »
681 1543 182 37 beroende
891 1549 46 43 på
964 1545 173 49 pröftilg
1155 1579 332 6 m.smmmmmmmsssssssa
1508 1581 27 4 ss
1554 1582 195 5 isnsssnsononn
1832 1556 16 32 1

1598 1616 152 38 Summa
1780 1622 70 33 100

381 1725 370 38 Embetsberättelsen
780 1735 182 41 upptager
988 1731 119 35 tillika
1135 1732 237 36 meddelande
1400 1733 135 44 derom,
1564 1741 53 28 att
1637 1739 118 42 någon
1773 1736 77 36 för-

248 1775 143 47 klaring
418 1774 103 36 öfver
548 1777 115 46 lagen,
701 1779 11 33 i
741 1778 70 35 den
839 1779 160 47 ordning
1030 1782 42 33 19
1102 1780 22 44 $
1152 1782 333 47 regeringsformen
1513 1785 228 43 bestämmer,
1770 1787 80 35 icke

246 1823 123 36 blifvit
395 1824 165 48 afgifven
587 1827 111 36 sedan
725 1829 127 46 början
884 1829 40 35 af
948 1836 140 30 senaste
1116 1832 154 46 lagtima
1287 1833 160 48 riksdag,
1472 1835 201 46 hvarjemte
1686 1832 162 56 justitie-

244 1875 314 36 ombudsmannen
600 1879 171 47 slutligen
814 1880 188 35 meddelar
1030 1882 187 47 uppgifter
1243 1882 80 36 från
1354 1886 169 45 samtliga
1550 1886 297 47 departementen

245 1925 155 36 rörande
441 1926 44 35 de
513 1928 179 45 åtgärder,
733 1942 76 22 som
853 1930 123 35 blifvit
1013 1932 174 48 vidtagna
1214 1934 10 34 i
1253 1934 198 48 anledning
1478 1934 39 36 af
1541 1936 223 47 Riksdagens
1791 1939 56 35 till

247 1975 128 48 Kongl.
406 1976 102 46 Maj:t
536 1978 134 35 aflåtna
698 1979 219 36 skrifvelser.

379 2150 71 35 Vid
489 2152 67 35 den
598 2155 227 45 granskning
871 2155 40 34 af
949 2156 479 45 justitieombudsmannens
1469 2160 376 49 embetsförvaltning,

241 2212 74 22 som
372 2201 236 46 lagutskottet
662 2204 151 35 sålunda
860 2205 322 48 grundlagsenligt
1223 2207 181 47 företagit,
1449 2210 62 34 har
1556 2215 118 43 någon
1719 2213 125 34 anled-
