2194 2682
675 210 101 33 Stats-
784 210 164 33 Utskottets
976 209 167 33 Utlåtande
1166 208 63 33 N:o
1252 210 48 31 14.
1729 208 17 29 5

198 299 176 37 Ständers
403 300 59 35 vid
497 301 92 35 1809
612 300 68 36 och
704 301 94 35 1810
827 302 104 34 årens
960 297 153 50 riksdag
1139 297 151 44 fattade,
1319 297 63 36 här
1410 296 111 37 ofvan
1546 294 245 38 omförmälda

196 351 137 44 beslut,
375 354 160 45 återgått
566 351 56 36 till
650 357 118 30 staten
797 350 82 37 med
908 349 190 48 undantag
1126 348 37 37 af
1187 350 142 42 slottet,
1356 347 221 48 trädgårdar
1606 347 66 36 och
1700 348 91 34 lust-

193 402 132 47 parker
371 402 83 36 med
494 403 89 35 flera
624 401 224 38 dithörande
890 401 224 48 lägenheter,
1155 400 158 48 tillhopa
1355 399 171 47 omkring
1570 401 66 34 186
1680 403 111 31 tunn-

192 453 100 43 land,
334 466 77 22 som
467 452 119 36 blifvit
636 452 132 49 Kongl.
823 453 99 46 Maj:t
973 451 244 44 förbehållna,
1270 452 151 41 beslöto,
1466 450 148 47 jemlikt
1655 449 135 35 under-

194 504 112 47 dånig
347 503 193 37 skrifvelse
583 503 69 36 den
702 507 41 32 17
786 504 102 47 April
936 504 107 42 1818,
1090 502 124 36 Rikets
1254 501 178 44 Ständer,
1480 506 54 30 att
1578 499 212 44 arrendena,

193 555 206 49 utgörande
443 556 107 42 1,424
590 554 76 36 r:dr
707 557 45 34 20
792 555 53 35 sk.
888 556 19 34 3
949 560 62 30 rst.
1054 553 120 36 banko
1202 554 10 34 i
1243 553 201 48 penningar
1483 552 67 35 och
1593 553 70 34 203
1704 556 87 30 tun-

194 619 68 23 nor
302 606 178 49 spanmål,
522 606 119 35 skulle
671 605 61 36 vid
775 605 46 36 då
867 604 57 37 för
970 604 146 36 handen
1159 603 158 37 varande
1358 603 279 48 statsreglering
1678 601 112 36 bland

192 657 245 36 statsverkets
478 656 120 48 öfriga
638 656 164 36 intrader
843 656 39 35 af
923 655 419 49 kungsgårdsarrenden
1387 659 183 43 upptagas
1617 653 68 36 och
1730 652 62 35 be-

194 708 151 43 räknas;
388 706 192 43 hvarefter,
616 707 65 36 och
725 708 111 35 sedan
879 707 45 36 de
953 706 46 36 då
1026 706 169 47 gällande
1225 705 381 36 arrendekontrakten
1621 704 95 48 lupit
1736 703 58 35 till

196 758 109 44 ända,
342 759 214 35 hemmanen
599 759 120 35 skulle
765 757 56 37 för
857 758 222 35 statsverket
1119 756 269 36 utarrenderas.
1455 755 71 36 För
1568 754 226 36 närvarande

197 812 123 46 uppgå
349 809 207 36 arrendena
584 809 54 36 för
666 809 71 36 den
765 809 58 35 till
850 808 222 36 statsverket
1099 807 80 37 från
1208 807 190 36 Ulriksdal
1426 806 156 36 sålunda
1614 805 179 48 indragna

191 860 272 48 jordegendom
492 860 56 36 till
578 862 71 34 800
677 860 138 36 kronor
848 860 10 35 i
892 860 216 48 penningar,
1150 861 69 34 825
1261 864 134 30 tunnor
1434 858 177 48 spanmål,
1653 856 139 36 hälften

198 915 66 43 råg
293 911 69 36 och
394 911 139 36 hälften
563 911 103 45 korn,
694 917 96 30 samt
820 913 19 34 6
868 916 152 30 centner
1048 910 59 36 hö.

327 962 68 35 Att
423 962 64 36 det
515 961 38 37 af
579 962 128 36 Rikets
735 961 159 37 Ständer
922 961 60 36 vid
1015 962 93 35 1809
1139 960 68 36 och
1238 961 94 35 1810
1361 963 104 32 årens
1485 958 146 48 riksdag
1650 957 142 37 fattade

195 1013 121 36 beslut
358 1026 58 22 om
458 1013 225 47 indragning
712 1013 135 47 jemväl
877 1012 38 36 af
942 1012 72 36 den
1043 1011 57 36 till
1128 1011 179 47 Tullgarn
1336 1010 163 36 hörande
1523 1008 270 50 jordegendom

195 1072 98 28 ännu
336 1064 31 47 ej
409 1063 125 36 blifvit
566 1069 72 31 satt
667 1065 10 34 i
705 1063 293 48 verkställighet,
1027 1063 76 43 har,
1131 1065 47 45 på
1205 1067 73 31 sätt
1306 1061 109 36 ofvan
1445 1061 194 43 inhemtas,
1669 1060 124 35 berott

196 1115 128 48 derpå,
354 1120 55 30 att
437 1114 263 49 kungsgården
731 1115 182 48 upplåtits
941 1113 91 36 först
1065 1116 31 32 åt
1133 1113 93 36 Hans
1253 1112 136 47 Kongl.
1414 1112 150 47 Höghet
1583 1110 210 36 dåvarande

195 1166 259 48 Kronprinsen
482 1165 137 48 Joseph
649 1166 115 35 Frans
786 1164 116 38 Oscar
922 1165 65 35 och
1008 1164 210 36 sedermera
1237 1167 121 33 såsom
1379 1164 173 35 enkesäte
1571 1161 57 36 för
1646 1161 147 36 Hennes

197 1217 133 48 Kongl.
370 1216 148 49 Höghet
559 1216 311 49 Kronprinsessan
907 1215 215 48 Josephina.
1175 1214 71 43 Nu,
1275 1214 45 36 då
1348 1218 122 43 någon
1499 1213 111 36 sådan
1638 1211 155 37 särskild

196 1267 204 48 anledning
429 1268 79 35 icke
537 1266 198 38 förefinnes
764 1273 55 30 att
846 1266 85 36 med
954 1265 285 48 ifrågavarande
1261 1265 199 49 egendoms
1486 1264 224 47 indragning
1737 1263 58 35 till

196 1318 226 37 statsverket
462 1319 73 35 låta
575 1319 219 47 ytterligare
843 1320 115 40 anstå,
985 1330 108 36 synes
1122 1317 120 35 denna
1271 1315 132 49 åtgärd
1433 1322 87 29 utan
1550 1315 124 35 vidare
1705 1327 89 35 upp-

198 1368 84 37 skof
320 1369 88 36 böra
449 1369 180 48 vidtagas.
684 1369 142 35 Härvid
854 1368 251 36 förekommer
1132 1367 218 43 emellertid,
1380 1372 63 39 att,
1473 1366 84 35 med
1586 1365 209 36 hänseende

197 1421 55 35 till
294 1420 264 48 belägenheten
597 1419 38 37 af
666 1420 45 36 de
740 1419 58 36 för
827 1419 245 36 landtbruket
1100 1419 68 35 och
1197 1419 222 35 lustslottets
1447 1417 168 35 ekonomi
1646 1417 8 34 i
1685 1415 111 48 öfrigt

198 1470 157 37 afsedda
395 1471 230 49 byggnader,
666 1470 128 46 sjelfva
836 1469 259 48 kungsgården
1137 1469 65 35 och
1241 1469 44 35 de
1318 1469 8 34 i
1357 1468 176 36 sambruk
1563 1467 85 36 med
1677 1466 119 36 denna

196 1521 163 37 varande
401 1522 169 36 hemman
612 1522 30 47 ej
683 1522 200 46 lämpligen
917 1521 124 35 kunna
1071 1519 82 36 från
1181 1521 129 34 slottet
1338 1518 203 44 afsöndras,
1570 1524 90 29 utan
1688 1517 107 36 torde

199 1586 50 22 nu
277 1572 132 37 endast
437 1572 46 36 de
513 1572 257 48 kungsgården
801 1572 9 35 i
840 1572 114 47 öfrigt
982 1570 285 50 underlydande
1296 1571 170 35 hemman
1494 1569 91 36 böra
1611 1569 55 35 till
1690 1574 106 30 stats-

198 1624 132 35 verket
370 1623 182 49 indragas.
619 1622 165 37 Oaktadt
820 1621 318 49 jordegendomen
1179 1621 156 36 sålunda
1388 1619 123 37 blefve
1564 1620 231 43 väsentligen

198 1673 239 44 förminskad,
477 1674 206 36 föreställer
723 1674 57 47 sig
819 1673 206 43 Utskottet,
1057 1677 66 38 att,
1152 1671 82 36 med
1264 1671 207 36 hänseende
1499 1671 57 35 till
1586 1670 64 35 det
1678 1669 118 36 ökade

199 1724 129 44 värde,
352 1725 132 47 jorden
512 1738 134 35 genom
674 1729 54 31 ett
755 1723 222 36 förbättradt
1004 1722 284 48 brukningssätt
1306 1734 152 24 numera
1478 1721 158 43 erhållit,
1657 1720 140 36 inkom-

199 1782 127 29 sterna
367 1776 112 35 likväl
520 1776 87 35 böra
647 1774 113 37 blifva
801 1774 223 47 tillräckliga
1061 1773 57 36 för
1145 1773 194 36 uhderhåll
1368 1772 39 36 af
1430 1773 131 36 slottet
1589 1771 82 36 med
1700 1771 97 36 hvad

202 1826 127 36 dertill
358 1826 118 44 hörer,
506 1832 89 30 utan
625 1831 55 31 att
707 1825 177 36 särskildt
912 1825 126 45 anslag
1066 1824 175 36 behöfver
1269 1824 123 36 dertill
1420 1824 153 35 anvisas.
1628 1822 73 36 Till
1729 1834 66 23 un-

199 1877 183 37 derhållet
423 1876 40 37 af
500 1877 228 46 Rosersberg
767 1877 117 35 finnes
925 1876 216 49 visserligen
1183 1874 171 37 anvisadt
1388 1880 53 31 ett
1469 1874 109 48 årligt
1606 1873 129 47 anslag
1763 1873 36 35 af

200 1930 109 42 3,000
339 1928 151 44 kronor,
524 1941 82 22 men
637 1928 46 35 då
711 1928 179 46 Tullgarn
920 1926 84 36 med
1035 1926 44 36 de
1108 1927 183 42 hemman,
1320 1939 92 30 som,
1441 1925 117 47 enligt
1586 1923 211 37 Utskottets

199 1978 150 48 förslag,
384 1979 120 35 skulle
538 1977 113 37 blifva
680 1977 153 37 dermed
862 1977 186 45 förenade,
1078 1983 40 29 är
1146 1976 58 37 för
1231 1976 203 49 bevillning
1462 1975 175 37 taxeradt
1666 1977 132 41 22,000

200 2031 136 33 kronor
378 2030 116 47 högre
535 2037 45 28 än
620 2029 236 47 Rosersberg,
897 2027 108 37 torde
1046 2027 105 36 deraf
1190 2026 109 37 äfven
1327 2027 123 35 kunna
1479 2026 179 49 påräknas
1686 2029 113 44 något

201 2087 118 29 större
349 2079 210 49 afkastning
586 2087 45 28 än
660 2079 38 36 af
725 2080 70 35 den
826 2079 54 35 till
911 2079 64 35 det
1002 2091 127 23 senare
1157 2079 127 35 slottet
1312 2077 165 36 hörande
1507 2077 190 47 egendom.

335 2130 182 48 Slutligen
548 2131 63 35 har
639 2130 190 36 Utskottet
858 2135 121 31 ansett
1007 2130 60 48 sig
1094 2130 90 35 böra
1212 2128 146 45 föreslå,
1380 2133 54 30 att
1453 2129 58 42 då,
1531 2131 45 44 på
1595 2133 74 30 sätt
1688 2126 110 37 ofvan

201 2182 197 44 inhemtas,
428 2181 69 36 den
527 2182 56 35 till
612 2181 178 47 Tullgarn
819 2180 166 36 hörande
1013 2181 91 46 skog
1131 2179 177 36 omfattar
1335 2192 44 23 en
1408 2179 29 47 ej
1468 2178 193 50 obetydlig
1689 2178 111 43 areal,

201 2233 219 36 densamma
455 2236 125 41 måtte,
614 2233 10 35 i
654 2232 69 36 den
752 2231 83 36 mån
865 2231 70 36 den
963 2244 112 34 egnar
1102 2231 56 47 sig
1186 2230 58 36 för
1272 2243 43 23 en
1345 2229 144 37 ordnad
1517 2229 284 46 skogshushåll-
