2208 2644
655 166 358 30 Jordbruksutskottets
1037 167 174 30 utlåtande
1236 168 49 29 Nr
1311 170 27 27 3.
1785 181 18 16 5

201 251 151 47 styrka,
383 254 58 35 att
483 251 132 38 medel
651 252 213 38 anvisades
893 264 71 25 ens
993 254 65 36 för
1088 267 50 23 av
1168 254 255 48 sakkunniga
1454 254 213 37 förordade
1698 256 105 36 borr-

200 304 195 47 ningarna
423 304 62 38 till
515 305 156 37 mindre
705 306 112 48 djup,
860 306 107 37 vilka
995 308 10 35 i
1037 307 73 37 allt
1139 307 72 37 fall
1240 308 130 37 skulle
1400 308 165 37 komma
1594 311 58 34 att
1682 309 121 47 draga

200 356 120 49 högst
349 358 221 37 avsevärda
607 359 226 37 kostnader.

306 411 141 37 Under
490 412 254 47 åberopande
788 425 50 24 av
882 413 79 36 vad
990 413 172 37 sålunda
1191 416 156 35 anförts
1377 415 75 36 och
1483 414 50 37 då
1562 415 144 47 frågan
1735 428 65 23 om

199 463 259 48 företagande
488 477 50 23 av
573 464 342 49 djupborrningar
949 466 125 37 redan
1103 467 117 36 blivit
1249 468 115 46 bragt
1393 467 128 37 under
1551 468 250 37 bedömande

200 528 50 24 av
285 516 149 47 Kungl.
471 517 131 47 Maj:t,
634 530 85 24 som
750 518 88 37 icke
868 519 114 36 torde
1012 519 212 37 underlåta
1253 522 60 35 att
1340 521 65 35 för
1433 520 217 47 riksdagen
1680 522 119 35 fram-

198 568 116 48 lägga
357 569 66 37 det
463 570 163 47 förslag,
672 571 135 37 vartill
848 572 190 36 fortsatta
1071 572 350 48 undersökningar
1449 574 12 35 i
1492 573 143 47 frågan
1663 574 137 36 kunde

198 621 220 47 föranleda,
461 623 240 38 hemställde
743 624 208 44 utskottet,
984 627 59 34 att
1085 626 205 37 motionen
1333 626 88 37 icke
1464 629 124 34 måtte
1631 627 61 37 till
1735 630 65 33 nå-

198 686 79 36 gon
318 675 236 49 riksdagens
597 677 141 47 åtgärd
780 677 219 38 föranleda.
1082 678 141 38 Denna
1276 679 243 37 hemställan
1565 680 137 36 bifölls
1749 693 51 24 av

198 728 104 37 båda
331 729 224 38 kamrarna.

309 836 205 38 Utskottet
542 838 74 36 har
644 838 92 37 sökt
764 840 157 45 utröna,
953 839 206 38 huruvida
1189 840 102 37 efter
1320 840 67 38 det
1413 841 144 47 frågan
1588 853 65 24 om
1684 841 114 47 djup-

200 889 235 47 borrningar
463 890 13 36 i
506 890 135 38 Skåne
671 891 76 38 och
775 891 120 37 södra
924 892 181 37 Halland
1134 896 135 34 senast
1298 894 107 37 varit
1424 894 173 37 föremål
1617 895 65 36 för
1700 895 98 36 riks-

198 941 148 48 dagens
366 943 246 49 behandling
638 947 126 45 några
783 944 200 38 särskilda
1002 946 285 37 förhållanden
1306 947 193 45 inträffat,
1522 959 144 36 genom
1688 947 111 37 vilka

197 994 133 38 denna
373 996 282 50 otvivelaktigt
683 998 162 48 mycket
873 998 310 49 betydelsefulla
1212 1001 116 47 fråga
1356 1000 131 38 skulle
1516 1001 138 37 kunna
1683 1004 115 44 sägas

196 1049 106 37 hava
318 1048 199 39 kommit
497 1044 20 61 i
537 1053 57 35 ett
614 1051 210 38 förändrat
844 1052 87 48 läge
947 1052 95 37 eller
1062 1054 231 47 varigenom
1324 1055 227 37 utsikterna
1575 1057 59 35 att
1653 1067 143 34 genom

198 1102 294 49 borrningarna
521 1104 153 38 erhålla
690 1105 257 38 ekonomiskt
967 1110 218 44 gynnsamt
1204 1108 170 37 resultat
1389 1108 131 38 skulle
1540 1109 107 36 hava
1668 1108 126 37 ökats.

196 1155 160 38 Härvid
384 1157 74 37 har
486 1158 201 38 utskottet
715 1160 91 36 från
836 1159 250 49 sakkunnigt
1115 1160 84 37 håll
1227 1162 151 44 erfarit,
1401 1165 59 35 att
1489 1164 44 35 så
1561 1162 89 37 icke
1679 1174 118 36 synes

195 1221 97 25 vara
334 1210 124 38 fallet.
517 1211 166 38 Varken
712 1225 50 37 av
792 1212 77 37 den
898 1213 12 36 i
940 1213 297 48 Köpenhamns
1265 1216 144 37 närhet
1437 1215 260 46 verkställda,
1727 1228 70 24 nu-

196 1274 109 26 mera
334 1264 213 38 avslutade
576 1265 351 49 djupborrningen
956 1266 97 38 eller
1081 1279 51 25 av
1162 1267 48 37 de
1239 1268 13 36 i
1282 1269 158 38 mindre
1469 1269 245 48 omfattning
1734 1270 61 37 be-

195 1316 144 37 drivna
366 1317 134 38 lokala
528 1319 403 47 undersökningarna
961 1320 95 37 eller
1085 1333 52 24 av
1166 1321 125 38 andra
1311 1325 52 44 på
1382 1323 143 47 frågan
1547 1322 249 38 inverkande

195 1370 343 49 omständigheter
565 1372 108 37 hava
701 1372 204 49 nämligen
933 1376 125 45 några
1088 1374 211 38 slutsatser
1319 1379 152 34 ansetts
1492 1376 139 37 kunna
1652 1376 143 47 dragas

193 1423 13 36 i
234 1423 115 48 fråga
391 1437 66 25 om
500 1426 312 48 möjligheterna
855 1429 59 35 att
955 1439 144 36 genom
1137 1427 47 38 de
1227 1429 234 48 ifrågasatta
1505 1430 291 48 borrningarna

194 1478 174 46 påträffa
408 1478 110 49 lager
561 1492 52 24 av
655 1479 160 38 stenkol
845 1480 96 37 eller
970 1480 217 38 kalisalter.
1246 1482 140 38 Under
1406 1483 152 38 sådana
1577 1483 218 37 förhållan-

195 1530 77 38 den
315 1531 75 37 och
432 1532 93 37 med
558 1533 162 49 hänsyn
761 1533 62 38 till
865 1537 60 34 att
966 1534 131 38 under
1133 1534 76 38 den
1238 1548 56 25 nu
1322 1536 179 38 rådande
1530 1537 266 38 ekonomiska

194 1584 246 39 situationen
481 1587 240 37 anvisandet
762 1599 51 25 av
856 1590 57 35 ett
947 1590 44 35 så
1020 1591 103 35 stort
1165 1589 158 49 belopp,
1355 1602 87 26 som
1473 1591 67 37 det
1568 1603 141 26 varom
1738 1603 56 24 nu

193 1640 44 35 är
266 1638 141 49 ifråga,
438 1640 226 48 säkerligen
692 1640 132 38 skulle
853 1641 185 38 medföra
1067 1643 222 37 avsevärda
1319 1645 250 48 svårigheter
1598 1644 70 38 vid
1698 1645 95 36 riks-

192 1694 153 36 statens
364 1694 275 48 uppgörande,
662 1694 229 38 föranledes
912 1695 199 38 utskottet
1131 1697 193 48 avstyrka
1344 1697 77 38 den
1442 1711 58 24 nu
1519 1698 275 48 föreliggande

192 1745 362 50 framställningen.
614 1748 209 38 Utskottet
864 1748 73 37 vill
967 1748 223 39 emellertid
1218 1752 190 48 uttrycka
1451 1752 78 37 den
1557 1752 235 37 förvissnin-

190 1810 87 37 gen,
301 1802 59 35 att
388 1800 154 49 frågan,
561 1800 175 50 alltjämt
764 1802 184 38 kommer
977 1805 59 35 att
1064 1815 100 25 vara
1191 1804 170 38 föremål
1390 1805 65 37 för
1484 1805 151 49 Kungl.
1654 1805 139 48 Maj:ts

190 1853 373 47 uppmärksamhet.

297 1907 62 37 På
386 1908 133 48 grund
549 1921 51 24 av
629 1908 80 38 vad
738 1909 171 37 sålunda
939 1910 157 37 anförts
1124 1911 65 37 får
1217 1912 199 38 utskottet
1445 1913 224 47 hemställa,

724 2000 59 36 att
825 1999 270 38 förevarande
1126 2000 200 38 motioner
1354 2002 89 38 icke
1473 2005 67 34 må
1568 2002 62 38 till
1659 2006 133 45 någon

615 2052 239 48 riksdagens
884 2052 143 49 åtgärd
1054 2053 221 39 föranleda.

297 2139 237 39 Stockholm
566 2140 77 39 den
674 2143 48 36 18
752 2142 181 37 februari
964 2143 114 37 1915.

625 2230 60 38 På
712 2231 443 49 jordbruksutskottets
1184 2236 167 46 vägnar:

688 2320 47 38 D.
768 2320 250 39 PERSSON
1048 2321 13 37 i
1091 2322 196 50 Tällberg.
