2229 2678
214 1545 145 27 Utskottets

212 1581 138 34 yttrande.

394 244 18 31 2
607 242 120 32 Första
750 242 201 31 kammarens
975 240 138 32 andra
1137 238 171 42 tillfälliga
1331 238 136 31 utskotts
1488 236 168 32 utlåtande
1680 236 52 31 Nr
1755 237 29 29 4.

393 327 204 37 nämndens
625 328 99 35 talan
754 326 67 36 och
850 325 100 50 förty
979 325 102 36 dömt
1109 325 57 35 till
1193 325 73 35 250
1287 324 152 35 kronors
1459 322 105 36 böter
1583 322 67 36 och
1672 326 53 31 att
1746 320 144 50 utgifva
1911 323 70 34 581

393 384 135 35 kronor
557 384 47 34 43
636 389 61 29 öre
725 383 12 34 i
767 380 228 37 skadestånd.
1056 379 166 48 Utslaget
1251 385 38 29 är
1318 378 134 35 härhos
1481 376 152 50 bilagdt.

528 436 50 36 På
606 436 122 49 grund
757 434 39 38 af
822 434 249 49 stadgandena
1095 435 56 34 uti
1170 434 127 48 kungl.
1320 431 264 49 förordningen
1606 431 69 36 den
1700 433 44 34 18
1763 432 86 47 juni
1874 432 111 42 1864,

394 491 188 49 angående
625 490 176 49 utvidgad
843 488 264 49 näringsfrihet
1151 509 48 3 —
1241 489 13 34 i
1296 488 160 43 hvilken,
1499 488 12 34 i
1554 485 103 49 fråga
1686 499 59 23 om
1776 487 211 34 auktioners

392 546 182 46 hållande,
597 547 153 35 allenast
770 544 70 36 den
860 544 315 48 inskränkningen
1195 542 184 49 vidtagits,
1403 546 51 31 att
1475 554 59 23 om
1554 541 220 45 handlande,
1797 546 103 30 utom
1917 540 71 36 den

393 608 68 39 ort,
493 601 64 36 där
585 601 71 35 han
686 601 139 35 anmält
854 600 56 47 sig
928 599 57 35 till
1006 598 152 35 handels
1178 597 170 45 idkande,
1370 597 63 35 vill
1454 599 20 32 å
1493 596 151 35 auktion
1665 595 137 49 afyttra
1816 595 172 36 handels-

392 669 105 23 varor
525 654 43 45 (s.
599 656 34 35 k.
663 652 225 47 realisation)
919 654 138 47 åligger
1086 652 60 36 det
1174 652 135 35 honom
1339 656 53 31 att
1416 651 123 35 därtill
1560 651 86 35 söka
1665 649 167 37 tillstånd
1853 670 49 4 —
1923 650 66 35 har

392 713 11 32 i
434 712 185 33 allmänna
648 708 256 36 medvetandet
932 709 120 46 ingått
1082 707 70 34 den
1182 705 284 47 förvissningen,
1498 710 51 29 att
1579 705 209 34 auktioners
1817 703 171 35 hållande

395 769 62 30 ute
496 766 20 32 å
544 762 123 36 landet
695 775 85 23 vore
810 774 45 23 en
884 759 107 50 loflig
1020 759 240 45 verksamhet,
1292 771 77 23 som
1399 758 124 48 hvarje
1553 757 237 49 medborgare
1820 764 86 42 äger
1935 762 54 31 att

394 817 134 37 utföra.
586 817 71 36 Det
686 818 65 35 har
780 815 123 37 därför
931 816 107 35 också
1067 819 62 31 ute
1159 817 20 32 å
1207 813 255 49 landsbygden
1485 811 149 37 utanför
1652 811 210 37 Stockholm
1883 812 107 35 väckt

394 871 211 49 uppseende
643 872 66 34 och
740 869 205 48 förvåning,
977 874 52 31 att
1058 873 52 31 ett
1138 869 126 47 kungl.
1296 866 201 50 stadgande
1527 866 82 36 från
1642 868 97 34 1772
1772 886 49 4 —
1851 867 12 33 i
1894 864 94 37 form

394 926 40 36 af
460 931 52 31 ett
540 927 127 47 kungl.
699 924 83 36 bref
808 945 49 3 —
888 922 225 37 fortfarande
1142 923 91 35 skall
1262 929 68 42 äga
1358 921 169 49 gällande
1557 919 106 46 kraft,
1687 922 153 34 allenast
1861 919 56 37 för
1937 925 53 31 att

393 994 127 36 gynna
549 980 66 36 och
646 980 267 47 monopolisera
941 977 228 36 Stockholms
1199 976 89 36 stad.

527 1034 127 49 Någon
686 1034 199 47 motsvarig
914 1032 254 36 bestämmelse
1198 1030 56 37 för
1282 1044 121 22 annan
1433 1036 56 30 ort
1517 1032 13 33 i
1558 1032 80 35 vårt
1666 1029 87 36 land
1772 1029 118 35 finnes
1910 1029 79 35 icke

394 1090 125 44 heller,
560 1090 76 47 mig
672 1089 213 47 veterligen,
916 1087 67 35 och
1014 1086 118 48 dylikt
1161 1085 201 48 stadgande
1392 1085 133 35 strider
1555 1084 207 48 uppenbart
1791 1088 98 30 emot
1918 1083 71 35 den

396 1142 251 50 uppfattning,
693 1155 89 32 som,
827 1140 228 37 beträffande
1093 1139 323 49 näringsfriheten,
1456 1138 118 36 under
1611 1138 44 36 de
1691 1143 141 30 senaste
1862 1136 127 36 femtio

395 1201 85 32 åren
510 1196 168 36 öfverallt
706 1198 12 33 i
746 1196 125 35 landet
900 1196 98 47 gjort
1027 1196 56 45 sig
1111 1193 180 48 gällande.

529 1250 129 36 Denna
686 1248 183 38 kvarlefva
898 1248 81 35 från
1012 1249 209 34 1700-talet
1250 1247 66 35 bör
1344 1245 110 49 förty,
1485 1247 116 46 enligt
1630 1247 76 33 min
1736 1244 254 49 uppfattning,

395 1306 180 34 uteslutas
613 1303 80 36 från
732 1303 168 49 gällande
937 1301 347 49 lagbestämmelser,
1314 1301 67 35 och
1410 1303 47 46 på
1484 1299 122 48 grund
1635 1298 106 37 däraf
1764 1300 138 34 tillåter
1926 1299 68 47 jag

396 1361 77 46 mig
500 1359 187 35 vördsamt
715 1358 230 42 hemställa»,
977 1361 66 30 etc.

531 1411 200 36 Afskrifter
760 1410 40 37 af
824 1409 278 50 ifrågavarande
1131 1409 125 48 kungl.
1276 1407 85 36 bref
1378 1413 94 30 samt
1492 1406 90 37 Svea
1602 1406 156 36 hofrätts
1780 1408 120 47 utslag
1920 1406 71 36 den

399 1469 46 33 24
475 1466 198 37 november
706 1467 94 34 1911
836 1465 116 35 finnas
981 1463 147 49 bilagda
1156 1464 199 34 motionen.

530 1547 124 48 Enligt
682 1546 96 36 hvad
809 1547 178 34 utskottet
1015 1545 193 43 inhämtat,
1238 1544 67 35 har
1334 1543 137 46 Kungl.
1501 1542 123 48 Maj:ts
1654 1542 67 35 och
1750 1542 126 35 Rikets
1903 1540 90 37 Svea

397 1601 156 36 hofrätts
590 1602 123 47 utslag
742 1600 40 36 af
808 1600 69 35 den
909 1601 47 34 24
986 1599 198 35 november
1217 1599 96 34 1911
1346 1597 155 36 rörande
1531 1597 60 35 det
1619 1595 170 45 rättsfall,
1821 1609 78 23 som
1929 1598 64 47 på-

396 1657 164 47 tagligen
602 1654 184 36 föranledt
815 1655 199 42 motionen,
1046 1652 243 48 öfverklagats
1319 1652 112 35 bland
1461 1656 112 30 annat
1601 1654 46 45 på
1676 1651 70 35 den
1776 1650 134 47 grund,
1941 1655 53 31 att

399 1709 135 48 Kungl.
566 1709 124 47 Maj:ts
720 1707 203 49 åberopade
952 1705 86 38 bref
1063 1705 39 37 af
1128 1706 70 35 den
1232 1707 44 34 18
1308 1705 192 36 december
1532 1706 97 34 1772
1662 1704 232 36 förmenades
1923 1717 70 22 nu-

398 1777 100 22 mera
525 1764 79 35 icke
635 1769 66 42 äga
729 1761 169 49 gällande
922 1760 107 37 kraft.
1086 1760 56 35 Då
1162 1759 129 49 frågan
1312 1772 58 23 om
1391 1759 218 49 giltigheten
1629 1757 40 37 af
1685 1758 161 36 nämnda
1865 1759 127 47 kungl.

398 1817 83 35 bref
508 1817 138 35 således
675 1815 57 36 för
760 1815 226 36 närvarande
1016 1821 38 28 är
1083 1814 228 35 underställd
1341 1813 135 48 Kungl.
1508 1813 123 47 Maj:ts
1662 1811 186 49 pröfning,
1875 1813 120 34 finner

399 1872 178 34 utskottet
606 1870 136 48 Kungl.
764 1869 123 48 Maj:ts
908 1870 122 46 utslag
1049 1869 88 35 böra
1157 1866 173 45 afvaktas,
1352 1869 112 33 innan
1487 1867 209 48 Riksdagen
1717 1874 66 41 gör
1806 1866 189 36 uttalande

397 1927 12 33 i
440 1930 133 40 ämnet,
604 1925 67 35 och
701 1925 210 34 hemställer
940 1924 116 41 alltså,

959 2008 53 31 att
1050 2004 84 34 herr
1170 2001 166 37 Stärners
1375 2000 237 37 förevarande
1652 2003 139 33 motion
1827 2001 79 35 icke
1937 2005 58 31 må

825 2057 39 36 af
891 2058 128 35 Första
1047 2058 210 34 kammaren
1288 2055 154 36 bifallas.

533 2139 208 36 Stockholm
772 2139 67 35 den
873 2141 21 32 4
926 2151 95 23 mars
1054 2139 111 34 1912.

970 2220 49 36 På
1048 2221 196 34 utskottets
1272 2225 152 42 vägnar:

1000 2299 31 37 s.
1066 2298 350 38 LAGERBJELKE.

989 2305 12 31 -

775 2450 192 26 STOCKHOLM,
987 2434 141 37 SVENSKA
1147 2434 401 36 TRYCKERIAKTIEBOLAGET
1563 2433 60 35 1912,
