<?xml version="1.0" encoding="UTF-8"?>
<alto xmlns="http://www.loc.gov/standards/alto/ns-v3#" xmlns:xlink="http://www.w3.org/1999/xlink" xmlns:xsi="http://www.w3.org/2001/XMLSchema-instance" xsi:schemaLocation="http://www.loc.gov/standards/alto/ns-v3# http://www.loc.gov/alto/v3/alto-3-0.xsd">
	<Description>
		<MeasurementUnit>pixel</MeasurementUnit>
		<sourceImageInformation>
			<fileName>/tmp/tess_z5hphew2_input.PNG</fileName>
		</sourceImageInformation>
		<OCRProcessing ID="OCR_0">
			<ocrProcessingStep>
				<processingSoftware>
					<softwareName>tesseract 5.3.0</softwareName>
				</processingSoftware>
			</ocrProcessingStep>
		</OCRProcessing>
	</Description>
	<Layout>
		<Page WIDTH="2234" HEIGHT="2624" PHYSICAL_IMG_NR="0" ID="page_0">
			<PrintSpace HPOS="0" VPOS="0" WIDTH="2234" HEIGHT="2624">
				<ComposedBlock ID="cblock_0" HPOS="451" VPOS="134" WIDTH="1332" HEIGHT="43">
					<TextBlock ID="block_0" HPOS="451" VPOS="134" WIDTH="1332" HEIGHT="43">
						<TextLine ID="line_0" HPOS="451" VPOS="134" WIDTH="1332" HEIGHT="43">
							<String ID="string_0" HPOS="451" VPOS="137" WIDTH="116" HEIGHT="31" WC="0.96" CONTENT="Första"/><SP WIDTH="23" VPOS="137" HPOS="567"/>
							<String ID="string_1" HPOS="590" VPOS="137" WIDTH="201" HEIGHT="31" WC="0.96" CONTENT="kammarens"/><SP WIDTH="22" VPOS="137" HPOS="791"/>
							<String ID="string_2" HPOS="813" VPOS="136" WIDTH="123" HEIGHT="40" WC="0.95" CONTENT="första"/><SP WIDTH="25" VPOS="136" HPOS="936"/>
							<String ID="string_3" HPOS="961" VPOS="135" WIDTH="162" HEIGHT="42" WC="0.96" CONTENT="tillfälliga"/><SP WIDTH="24" VPOS="135" HPOS="1123"/>
							<String ID="string_4" HPOS="1147" VPOS="136" WIDTH="131" HEIGHT="31" WC="0.96" CONTENT="utskotts"/><SP WIDTH="24" VPOS="136" HPOS="1278"/>
							<String ID="string_5" HPOS="1302" VPOS="134" WIDTH="160" HEIGHT="33" WC="0.95" CONTENT="utlåtande"/><SP WIDTH="25" VPOS="134" HPOS="1462"/>
							<String ID="string_6" HPOS="1487" VPOS="134" WIDTH="51" HEIGHT="33" WC="0.95" CONTENT="Nr"/><SP WIDTH="23" VPOS="134" HPOS="1538"/>
							<String ID="string_7" HPOS="1561" VPOS="136" WIDTH="51" HEIGHT="30" WC="0.93" CONTENT="13."/><SP WIDTH="156" VPOS="136" HPOS="1612"/>
							<String ID="string_8" HPOS="1768" VPOS="134" WIDTH="15" HEIGHT="31" WC="0.96" CONTENT="1"/>
						</TextLine>
					</TextBlock>
				</ComposedBlock>
				<ComposedBlock ID="cblock_1" HPOS="811" VPOS="574" WIDTH="947" HEIGHT="193">
					<TextBlock ID="block_1" HPOS="811" VPOS="574" WIDTH="947" HEIGHT="193">
						<TextLine ID="line_1" HPOS="960" VPOS="574" WIDTH="146" HEIGHT="39">
							<String ID="string_9" HPOS="960" VPOS="574" WIDTH="59" HEIGHT="39" WC="0.96" CONTENT="Nr"/><SP WIDTH="28" VPOS="574" HPOS="1019"/>
							<String ID="string_10" HPOS="1047" VPOS="575" WIDTH="59" HEIGHT="38" WC="0.95" CONTENT="13."/>
						</TextLine>
						<TextLine ID="line_2" HPOS="811" VPOS="730" WIDTH="947" HEIGHT="37">
							<String ID="string_11" HPOS="811" VPOS="730" WIDTH="111" HEIGHT="28" WC="0.96" CONTENT="Ankom"/><SP WIDTH="20" VPOS="730" HPOS="922"/>
							<String ID="string_12" HPOS="942" VPOS="730" WIDTH="42" HEIGHT="27" WC="0.96" CONTENT="till"/><SP WIDTH="20" VPOS="730" HPOS="984"/>
							<String ID="string_13" HPOS="1004" VPOS="730" WIDTH="179" HEIGHT="37" WC="0.96" CONTENT="Riksdagens"/><SP WIDTH="19" VPOS="730" HPOS="1183"/>
							<String ID="string_14" HPOS="1202" VPOS="730" WIDTH="93" HEIGHT="28" WC="0.96" CONTENT="kansli"/><SP WIDTH="20" VPOS="730" HPOS="1295"/>
							<String ID="string_15" HPOS="1315" VPOS="730" WIDTH="52" HEIGHT="27" WC="0.96" CONTENT="den"/><SP WIDTH="20" VPOS="730" HPOS="1367"/>
							<String ID="string_16" HPOS="1387" VPOS="731" WIDTH="17" HEIGHT="26" WC="0.95" CONTENT="8"/><SP WIDTH="18" VPOS="731" HPOS="1404"/>
							<String ID="string_17" HPOS="1422" VPOS="730" WIDTH="55" HEIGHT="36" WC="0.96" CONTENT="maj"/><SP WIDTH="22" VPOS="730" HPOS="1477"/>
							<String ID="string_18" HPOS="1499" VPOS="730" WIDTH="65" HEIGHT="27" WC="0.95" CONTENT="1911"/><SP WIDTH="23" VPOS="730" HPOS="1564"/>
							<String ID="string_19" HPOS="1587" VPOS="730" WIDTH="38" HEIGHT="28" WC="0.96" CONTENT="kl."/><SP WIDTH="19" VPOS="730" HPOS="1625"/>
							<String ID="string_20" HPOS="1644" VPOS="731" WIDTH="18" HEIGHT="26" WC="0.93" CONTENT="3"/><SP WIDTH="19" VPOS="731" HPOS="1662"/>
							<String ID="string_21" HPOS="1681" VPOS="741" WIDTH="22" HEIGHT="16" WC="0.82" CONTENT="e."/><SP WIDTH="21" VPOS="741" HPOS="1703"/>
							<String ID="string_22" HPOS="1724" VPOS="740" WIDTH="34" HEIGHT="17" WC="0.91" CONTENT="m."/>
						</TextLine>
					</TextBlock>
				</ComposedBlock>
				<ComposedBlock ID="cblock_2" HPOS="431" VPOS="871" WIDTH="1405" HEIGHT="326">
					<TextBlock ID="block_2" HPOS="431" VPOS="871" WIDTH="1405" HEIGHT="326">
						<TextLine ID="line_3" HPOS="431" VPOS="871" WIDTH="1401" HEIGHT="49">
							<String ID="string_23" HPOS="431" VPOS="872" WIDTH="130" HEIGHT="36" WC="0.96" CONTENT="Första"/><SP WIDTH="40" VPOS="872" HPOS="561"/>
							<String ID="string_24" HPOS="601" VPOS="872" WIDTH="227" HEIGHT="36" WC="0.96" CONTENT="kammarens"/><SP WIDTH="30" VPOS="872" HPOS="828"/>
							<String ID="string_25" HPOS="858" VPOS="872" WIDTH="141" HEIGHT="46" WC="0.96" CONTENT="första"/><SP WIDTH="42" VPOS="872" HPOS="999"/>
							<String ID="string_26" HPOS="1041" VPOS="871" WIDTH="189" HEIGHT="49" WC="0.95" CONTENT="tillfälliga"/><SP WIDTH="41" VPOS="871" HPOS="1230"/>
							<String ID="string_27" HPOS="1271" VPOS="872" WIDTH="146" HEIGHT="36" WC="0.95" CONTENT="utskotts"/><SP WIDTH="26" VPOS="872" HPOS="1417"/>
							<String ID="string_28" HPOS="1443" VPOS="872" WIDTH="182" HEIGHT="36" WC="0.96" CONTENT="utlåtande"/><SP WIDTH="28" VPOS="872" HPOS="1625"/>
							<String ID="string_29" HPOS="1653" VPOS="884" WIDTH="46" HEIGHT="24" WC="0.95" CONTENT="nr"/><SP WIDTH="28" VPOS="884" HPOS="1699"/>
							<String ID="string_30" HPOS="1727" VPOS="872" WIDTH="60" HEIGHT="48" WC="0.77" CONTENT="13,"/><SP WIDTH="29" VPOS="872" HPOS="1787"/>
							<String ID="string_31" HPOS="1816" VPOS="873" WIDTH="16" HEIGHT="34" WC="0.77" CONTENT="i"/>
						</TextLine>
						<TextLine ID="line_4" HPOS="629" VPOS="940" WIDTH="1202" HEIGHT="49">
							<String ID="string_32" HPOS="629" VPOS="940" WIDTH="191" HEIGHT="48" WC="0.96" CONTENT="anledning"/><SP WIDTH="29" VPOS="940" HPOS="820"/>
							<String ID="string_33" HPOS="849" VPOS="941" WIDTH="45" HEIGHT="46" WC="0.95" CONTENT="af"/><SP WIDTH="22" VPOS="941" HPOS="894"/>
							<String ID="string_34" HPOS="916" VPOS="941" WIDTH="102" HEIGHT="36" WC="0.96" CONTENT="väckt"/><SP WIDTH="27" VPOS="941" HPOS="1018"/>
							<String ID="string_35" HPOS="1045" VPOS="942" WIDTH="131" HEIGHT="35" WC="0.96" CONTENT="motion"/><SP WIDTH="28" VPOS="942" HPOS="1176"/>
							<String ID="string_36" HPOS="1204" VPOS="953" WIDTH="56" HEIGHT="25" WC="0.96" CONTENT="om"/><SP WIDTH="22" VPOS="953" HPOS="1260"/>
							<String ID="string_37" HPOS="1282" VPOS="940" WIDTH="187" HEIGHT="47" WC="0.96" CONTENT="skrifvelse"/><SP WIDTH="18" VPOS="940" HPOS="1469"/>
							<String ID="string_38" HPOS="1487" VPOS="941" WIDTH="57" HEIGHT="35" WC="0.96" CONTENT="till"/><SP WIDTH="18" VPOS="941" HPOS="1544"/>
							<String ID="string_39" HPOS="1562" VPOS="940" WIDTH="134" HEIGHT="49" WC="0.95" CONTENT="Kungl."/><SP WIDTH="23" VPOS="940" HPOS="1696"/>
							<String ID="string_40" HPOS="1719" VPOS="941" WIDTH="112" HEIGHT="46" WC="0.95" CONTENT="Maj:t"/>
						</TextLine>
						<TextLine ID="line_5" HPOS="627" VPOS="1009" WIDTH="1209" HEIGHT="48">
							<String ID="string_41" HPOS="627" VPOS="1009" WIDTH="79" HEIGHT="37" WC="0.93" CONTENT="med"/><SP WIDTH="41" VPOS="1009" HPOS="706"/>
							<String ID="string_42" HPOS="747" VPOS="1010" WIDTH="181" HEIGHT="47" WC="0.93" CONTENT="anhållan,"/><SP WIDTH="43" VPOS="1010" HPOS="928"/>
							<String ID="string_43" HPOS="971" VPOS="1014" WIDTH="50" HEIGHT="32" WC="0.95" CONTENT="att"/><SP WIDTH="36" VPOS="1014" HPOS="1021"/>
							<String ID="string_44" HPOS="1057" VPOS="1010" WIDTH="67" HEIGHT="37" WC="0.94" CONTENT="den"/><SP WIDTH="41" VPOS="1010" HPOS="1124"/>
							<String ID="string_45" HPOS="1165" VPOS="1010" WIDTH="56" HEIGHT="36" WC="0.96" CONTENT="till"/><SP WIDTH="39" VPOS="1010" HPOS="1221"/>
							<String ID="string_46" HPOS="1260" VPOS="1010" WIDTH="171" HEIGHT="37" WC="0.96" CONTENT="städerna"/><SP WIDTH="39" VPOS="1010" HPOS="1431"/>
							<String ID="string_47" HPOS="1470" VPOS="1010" WIDTH="114" HEIGHT="36" WC="0.95" CONTENT="under"/><SP WIDTH="40" VPOS="1010" HPOS="1584"/>
							<String ID="string_48" HPOS="1624" VPOS="1010" WIDTH="130" HEIGHT="37" WC="0.95" CONTENT="villkor"/><SP WIDTH="36" VPOS="1010" HPOS="1754"/>
							<String ID="string_49" HPOS="1790" VPOS="1010" WIDTH="46" HEIGHT="47" WC="0.95" CONTENT="af"/>
						</TextLine>
						<TextLine ID="line_6" HPOS="628" VPOS="1075" WIDTH="1200" HEIGHT="54">
							<String ID="string_50" HPOS="628" VPOS="1079" WIDTH="281" HEIGHT="50" WC="0.89" CONTENT="oförytterlighet"/><SP WIDTH="40" VPOS="1079" HPOS="909"/>
							<String ID="string_51" HPOS="949" VPOS="1080" WIDTH="178" HEIGHT="36" WC="0.91" CONTENT="donerade"/><SP WIDTH="32" VPOS="1080" HPOS="1127"/>
							<String ID="string_52" HPOS="1159" VPOS="1079" WIDTH="89" HEIGHT="48" WC="0.96" CONTENT="jord"/><SP WIDTH="41" VPOS="1079" HPOS="1248"/>
							<String ID="string_53" HPOS="1289" VPOS="1081" WIDTH="33" HEIGHT="46" WC="0.96" CONTENT="ej"/><SP WIDTH="37" VPOS="1081" HPOS="1322"/>
							<String ID="string_54" HPOS="1359" VPOS="1081" WIDTH="57" HEIGHT="35" WC="0.92" CONTENT="må"/><SP WIDTH="20" VPOS="1081" HPOS="1416"/>
							<String ID="string_55" HPOS="1436" VPOS="1075" WIDTH="197" HEIGHT="51" WC="0.92" CONTENT="afhändas"/><SP WIDTH="27" VPOS="1075" HPOS="1633"/>
							<String ID="string_56" HPOS="1660" VPOS="1079" WIDTH="168" HEIGHT="37" WC="0.96" CONTENT="städerna"/>
						</TextLine>
						<TextLine ID="line_7" HPOS="629" VPOS="1149" WIDTH="693" HEIGHT="48">
							<String ID="string_57" HPOS="629" VPOS="1154" WIDTH="87" HEIGHT="31" WC="0.96" CONTENT="utan"/><SP WIDTH="30" VPOS="1154" HPOS="716"/>
							<String ID="string_58" HPOS="746" VPOS="1149" WIDTH="225" HEIGHT="48" WC="0.46" CONTENT="Riksdagens"/><SP WIDTH="26" VPOS="1149" HPOS="971"/>
							<String ID="string_59" HPOS="997" VPOS="1150" WIDTH="179" HEIGHT="47" WC="0.92" CONTENT="samtycke"/><SP WIDTH="27" VPOS="1150" HPOS="1176"/>
							<String ID="string_60" HPOS="1203" VPOS="1161" WIDTH="46" HEIGHT="24" WC="0.92" CONTENT="m."/><SP WIDTH="29" VPOS="1161" HPOS="1249"/>
							<String ID="string_61" HPOS="1278" VPOS="1162" WIDTH="44" HEIGHT="23" WC="0.91" CONTENT="m."/>
						</TextLine>
					</TextBlock>
				</ComposedBlock>
				<ComposedBlock ID="cblock_3" HPOS="227" VPOS="1303" WIDTH="1606" HEIGHT="981">
					<TextBlock ID="block_3" HPOS="227" VPOS="1303" WIDTH="1604" HEIGHT="359">
						<TextLine ID="line_8" HPOS="358" VPOS="1303" WIDTH="1473" HEIGHT="41">
							<String ID="string_62" HPOS="358" VPOS="1306" WIDTH="66" HEIGHT="38" WC="0.96" CONTENT="Uti"/><SP WIDTH="41" VPOS="1306" HPOS="424"/>
							<String ID="string_63" HPOS="465" VPOS="1319" WIDTH="47" HEIGHT="23" WC="0.96" CONTENT="en"/><SP WIDTH="40" VPOS="1319" HPOS="512"/>
							<String ID="string_64" HPOS="552" VPOS="1306" WIDTH="106" HEIGHT="36" WC="0.96" CONTENT="inom"/><SP WIDTH="40" VPOS="1306" HPOS="658"/>
							<String ID="string_65" HPOS="698" VPOS="1304" WIDTH="132" HEIGHT="36" WC="0.96" CONTENT="Andra"/><SP WIDTH="39" VPOS="1304" HPOS="830"/>
							<String ID="string_66" HPOS="869" VPOS="1304" WIDTH="228" HEIGHT="35" WC="0.96" CONTENT="kammaren"/><SP WIDTH="40" VPOS="1304" HPOS="1097"/>
							<String ID="string_67" HPOS="1137" VPOS="1303" WIDTH="119" HEIGHT="36" WC="0.96" CONTENT="väckt"/><SP WIDTH="31" VPOS="1303" HPOS="1256"/>
							<String ID="string_68" HPOS="1287" VPOS="1303" WIDTH="150" HEIGHT="36" WC="0.95" CONTENT="motion"/><SP WIDTH="27" VPOS="1303" HPOS="1437"/>
							<String ID="string_69" HPOS="1464" VPOS="1316" WIDTH="47" HEIGHT="23" WC="0.96" CONTENT="nr"/><SP WIDTH="30" VPOS="1316" HPOS="1511"/>
							<String ID="string_70" HPOS="1541" VPOS="1306" WIDTH="72" HEIGHT="33" WC="0.95" CONTENT="334"/><SP WIDTH="30" VPOS="1306" HPOS="1613"/>
							<String ID="string_71" HPOS="1643" VPOS="1304" WIDTH="72" HEIGHT="35" WC="0.96" CONTENT="har"/><SP WIDTH="26" VPOS="1304" HPOS="1715"/>
							<String ID="string_72" HPOS="1741" VPOS="1304" WIDTH="90" HEIGHT="35" WC="0.96" CONTENT="herr"/>
						</TextLine>
						<TextLine ID="line_9" HPOS="229" VPOS="1355" WIDTH="1602" HEIGHT="51">
							<String ID="string_73" HPOS="229" VPOS="1359" WIDTH="210" HEIGHT="47" WC="0.93" CONTENT="Lindhagen"/><SP WIDTH="33" VPOS="1359" HPOS="439"/>
							<String ID="string_74" HPOS="472" VPOS="1357" WIDTH="209" HEIGHT="44" WC="0.89" CONTENT="hemställt,"/><SP WIDTH="30" VPOS="1357" HPOS="681"/>
							<String ID="string_75" HPOS="711" VPOS="1359" WIDTH="61" HEIGHT="33" WC="0.96" CONTENT="att"/><SP WIDTH="26" VPOS="1359" HPOS="772"/>
							<String ID="string_76" HPOS="798" VPOS="1355" WIDTH="221" HEIGHT="47" WC="0.96" CONTENT="Riksdagen"/><SP WIDTH="27" VPOS="1355" HPOS="1019"/>
							<String ID="string_77" HPOS="1046" VPOS="1355" WIDTH="90" HEIGHT="36" WC="0.96" CONTENT="ville"/><SP WIDTH="29" VPOS="1355" HPOS="1136"/>
							<String ID="string_78" HPOS="1165" VPOS="1355" WIDTH="69" HEIGHT="36" WC="0.96" CONTENT="hos"/><SP WIDTH="26" VPOS="1355" HPOS="1234"/>
							<String ID="string_79" HPOS="1260" VPOS="1355" WIDTH="140" HEIGHT="47" WC="0.95" CONTENT="Kungl."/><SP WIDTH="29" VPOS="1355" HPOS="1400"/>
							<String ID="string_80" HPOS="1429" VPOS="1355" WIDTH="112" HEIGHT="46" WC="0.96" CONTENT="Maj:t"/><SP WIDTH="28" VPOS="1355" HPOS="1541"/>
							<String ID="string_81" HPOS="1569" VPOS="1355" WIDTH="167" HEIGHT="46" WC="0.96" CONTENT="anhålla,"/><SP WIDTH="34" VPOS="1355" HPOS="1736"/>
							<String ID="string_82" HPOS="1770" VPOS="1359" WIDTH="61" HEIGHT="32" WC="0.96" CONTENT="att"/>
						</TextLine>
						<TextLine ID="line_10" HPOS="229" VPOS="1407" WIDTH="1599" HEIGHT="47">
							<String ID="string_83" HPOS="229" VPOS="1413" WIDTH="74" HEIGHT="34" WC="0.96" CONTENT="den"/><SP WIDTH="44" VPOS="1413" HPOS="303"/>
							<String ID="string_84" HPOS="347" VPOS="1411" WIDTH="62" HEIGHT="36" WC="0.96" CONTENT="till"/><SP WIDTH="47" VPOS="1411" HPOS="409"/>
							<String ID="string_85" HPOS="456" VPOS="1410" WIDTH="181" HEIGHT="36" WC="0.96" CONTENT="städerna"/><SP WIDTH="44" VPOS="1410" HPOS="637"/>
							<String ID="string_86" HPOS="681" VPOS="1408" WIDTH="124" HEIGHT="36" WC="0.91" CONTENT="under"/><SP WIDTH="45" VPOS="1408" HPOS="805"/>
							<String ID="string_87" HPOS="850" VPOS="1407" WIDTH="142" HEIGHT="36" WC="0.96" CONTENT="villkor"/><SP WIDTH="42" VPOS="1407" HPOS="992"/>
							<String ID="string_88" HPOS="1034" VPOS="1407" WIDTH="42" HEIGHT="35" WC="0.93" CONTENT="af"/><SP WIDTH="37" VPOS="1407" HPOS="1076"/>
							<String ID="string_89" HPOS="1113" VPOS="1407" WIDTH="315" HEIGHT="46" WC="0.91" CONTENT="oförytterlighet"/><SP WIDTH="32" VPOS="1407" HPOS="1428"/>
							<String ID="string_90" HPOS="1460" VPOS="1407" WIDTH="193" HEIGHT="36" WC="0.96" CONTENT="donerade"/><SP WIDTH="25" VPOS="1407" HPOS="1653"/>
							<String ID="string_91" HPOS="1678" VPOS="1407" WIDTH="89" HEIGHT="46" WC="0.96" CONTENT="jord"/><SP WIDTH="27" VPOS="1407" HPOS="1767"/>
							<String ID="string_92" HPOS="1794" VPOS="1407" WIDTH="34" HEIGHT="47" WC="0.95" CONTENT="ej"/>
						</TextLine>
						<TextLine ID="line_11" HPOS="228" VPOS="1458" WIDTH="1602" HEIGHT="47">
							<String ID="string_93" HPOS="228" VPOS="1467" WIDTH="64" HEIGHT="33" WC="0.93" CONTENT="må"/><SP WIDTH="41" VPOS="1467" HPOS="292"/>
							<String ID="string_94" HPOS="333" VPOS="1463" WIDTH="189" HEIGHT="36" WC="0.91" CONTENT="afhändas"/><SP WIDTH="41" VPOS="1463" HPOS="522"/>
							<String ID="string_95" HPOS="563" VPOS="1461" WIDTH="181" HEIGHT="36" WC="0.96" CONTENT="städerna"/><SP WIDTH="27" VPOS="1461" HPOS="744"/>
							<String ID="string_96" HPOS="771" VPOS="1462" WIDTH="96" HEIGHT="33" WC="0.96" CONTENT="utan"/><SP WIDTH="27" VPOS="1462" HPOS="867"/>
							<String ID="string_97" HPOS="894" VPOS="1458" WIDTH="242" HEIGHT="47" WC="0.96" CONTENT="Riksdagens"/><SP WIDTH="28" VPOS="1458" HPOS="1136"/>
							<String ID="string_98" HPOS="1164" VPOS="1459" WIDTH="210" HEIGHT="46" WC="0.96" CONTENT="samtycke,"/><SP WIDTH="30" VPOS="1459" HPOS="1374"/>
							<String ID="string_99" HPOS="1404" VPOS="1462" WIDTH="99" HEIGHT="33" WC="0.96" CONTENT="samt"/><SP WIDTH="27" VPOS="1462" HPOS="1503"/>
							<String ID="string_100" HPOS="1530" VPOS="1461" WIDTH="62" HEIGHT="34" WC="0.96" CONTENT="att"/><SP WIDTH="28" VPOS="1461" HPOS="1592"/>
							<String ID="string_101" HPOS="1620" VPOS="1462" WIDTH="59" HEIGHT="33" WC="0.93" CONTENT="ett"/><SP WIDTH="28" VPOS="1462" HPOS="1679"/>
							<String ID="string_102" HPOS="1707" VPOS="1459" WIDTH="123" HEIGHT="36" WC="0.90" CONTENT="öfver-"/>
						</TextLine>
						<TextLine ID="line_12" HPOS="228" VPOS="1510" WIDTH="1603" HEIGHT="52">
							<String ID="string_103" HPOS="228" VPOS="1515" WIDTH="175" HEIGHT="47" WC="0.96" CONTENT="vägande"/><SP WIDTH="26" VPOS="1515" HPOS="403"/>
							<String ID="string_104" HPOS="429" VPOS="1513" WIDTH="146" HEIGHT="48" WC="0.96" CONTENT="jämväl"/><SP WIDTH="27" VPOS="1513" HPOS="575"/>
							<String ID="string_105" HPOS="602" VPOS="1515" WIDTH="123" HEIGHT="33" WC="0.96" CONTENT="måtte"/><SP WIDTH="28" VPOS="1515" HPOS="725"/>
							<String ID="string_106" HPOS="753" VPOS="1517" WIDTH="75" HEIGHT="41" WC="0.96" CONTENT="äga"/><SP WIDTH="27" VPOS="1517" HPOS="828"/>
							<String ID="string_107" HPOS="855" VPOS="1523" WIDTH="98" HEIGHT="34" WC="0.96" CONTENT="rum,"/><SP WIDTH="29" VPOS="1523" HPOS="953"/>
							<String ID="string_108" HPOS="982" VPOS="1511" WIDTH="193" HEIGHT="35" WC="0.96" CONTENT="huruvida"/><SP WIDTH="28" VPOS="1511" HPOS="1175"/>
							<String ID="string_109" HPOS="1203" VPOS="1510" WIDTH="33" HEIGHT="47" WC="0.96" CONTENT="ej"/><SP WIDTH="30" VPOS="1510" HPOS="1236"/>
							<String ID="string_110" HPOS="1266" VPOS="1511" WIDTH="280" HEIGHT="48" WC="0.96" CONTENT="dispositionen"/><SP WIDTH="29" VPOS="1511" HPOS="1546"/>
							<String ID="string_111" HPOS="1575" VPOS="1510" WIDTH="108" HEIGHT="36" WC="0.96" CONTENT="öfver"/><SP WIDTH="22" VPOS="1510" HPOS="1683"/>
							<String ID="string_112" HPOS="1705" VPOS="1511" WIDTH="126" HEIGHT="35" WC="0.96" CONTENT="denna"/>
						</TextLine>
						<TextLine ID="line_13" HPOS="227" VPOS="1562" WIDTH="1603" HEIGHT="52">
							<String ID="string_113" HPOS="227" VPOS="1567" WIDTH="88" HEIGHT="47" WC="0.96" CONTENT="jord"/><SP WIDTH="26" VPOS="1567" HPOS="315"/>
							<String ID="string_114" HPOS="341" VPOS="1568" WIDTH="83" HEIGHT="44" WC="0.93" CONTENT="bör,"/><SP WIDTH="31" VPOS="1568" HPOS="424"/>
							<String ID="string_115" HPOS="455" VPOS="1566" WIDTH="125" HEIGHT="36" WC="0.91" CONTENT="såvidt"/><SP WIDTH="27" VPOS="1566" HPOS="580"/>
							<String ID="string_116" HPOS="607" VPOS="1567" WIDTH="51" HEIGHT="45" WC="0.96" CONTENT="på"/><SP WIDTH="28" VPOS="1567" HPOS="658"/>
							<String ID="string_117" HPOS="686" VPOS="1566" WIDTH="127" HEIGHT="33" WC="0.96" CONTENT="staten"/><SP WIDTH="29" VPOS="1566" HPOS="813"/>
							<String ID="string_118" HPOS="842" VPOS="1563" WIDTH="238" HEIGHT="45" WC="0.96" CONTENT="ankommer,"/><SP WIDTH="30" VPOS="1563" HPOS="1080"/>
							<String ID="string_119" HPOS="1110" VPOS="1568" WIDTH="178" HEIGHT="30" WC="0.96" CONTENT="närmare"/><SP WIDTH="28" VPOS="1568" HPOS="1288"/>
							<String ID="string_120" HPOS="1316" VPOS="1563" WIDTH="140" HEIGHT="35" WC="0.96" CONTENT="ordnas"/><SP WIDTH="22" VPOS="1563" HPOS="1456"/>
							<String ID="string_121" HPOS="1478" VPOS="1575" WIDTH="140" HEIGHT="34" WC="0.96" CONTENT="genom"/><SP WIDTH="20" VPOS="1575" HPOS="1618"/>
							<String ID="string_122" HPOS="1638" VPOS="1575" WIDTH="76" HEIGHT="33" WC="0.92" CONTENT="nya"/><SP WIDTH="18" VPOS="1575" HPOS="1714"/>
							<String ID="string_123" HPOS="1732" VPOS="1562" WIDTH="98" HEIGHT="36" WC="0.91" CONTENT="före-"/>
						</TextLine>
						<TextLine ID="line_14" HPOS="230" VPOS="1614" WIDTH="1288" HEIGHT="48">
							<String ID="string_124" HPOS="230" VPOS="1618" WIDTH="169" HEIGHT="44" WC="0.96" CONTENT="skrifter,"/><SP WIDTH="35" VPOS="1618" HPOS="399"/>
							<String ID="string_125" HPOS="434" VPOS="1617" WIDTH="204" HEIGHT="37" WC="0.96" CONTENT="utfärdade"/><SP WIDTH="26" VPOS="1617" HPOS="638"/>
							<String ID="string_126" HPOS="664" VPOS="1616" WIDTH="124" HEIGHT="35" WC="0.96" CONTENT="under"/><SP WIDTH="28" VPOS="1616" HPOS="788"/>
							<String ID="string_127" HPOS="816" VPOS="1615" WIDTH="235" HEIGHT="35" WC="0.96" CONTENT="medverkan"/><SP WIDTH="29" VPOS="1615" HPOS="1051"/>
							<String ID="string_128" HPOS="1080" VPOS="1614" WIDTH="113" HEIGHT="36" WC="0.96" CONTENT="äfven"/><SP WIDTH="29" VPOS="1614" HPOS="1193"/>
							<String ID="string_129" HPOS="1222" VPOS="1614" WIDTH="42" HEIGHT="35" WC="0.96" CONTENT="af"/><SP WIDTH="22" VPOS="1614" HPOS="1264"/>
							<String ID="string_130" HPOS="1286" VPOS="1614" WIDTH="232" HEIGHT="47" WC="0.96" CONTENT="Riksdagen."/>
						</TextLine>
					</TextBlock>
					<TextBlock ID="block_4" HPOS="361" VPOS="1665" WIDTH="1088" HEIGHT="47">
						<TextLine ID="line_15" HPOS="361" VPOS="1665" WIDTH="1088" HEIGHT="47">
							<String ID="string_131" HPOS="361" VPOS="1669" WIDTH="75" HEIGHT="36" WC="0.96" CONTENT="Till"/><SP WIDTH="28" VPOS="1669" HPOS="436"/>
							<String ID="string_132" HPOS="464" VPOS="1669" WIDTH="86" HEIGHT="36" WC="0.96" CONTENT="stöd"/><SP WIDTH="27" VPOS="1669" HPOS="550"/>
							<String ID="string_133" HPOS="577" VPOS="1667" WIDTH="133" HEIGHT="36" WC="0.96" CONTENT="härför"/><SP WIDTH="27" VPOS="1667" HPOS="710"/>
							<String ID="string_134" HPOS="737" VPOS="1667" WIDTH="71" HEIGHT="35" WC="0.96" CONTENT="har"/><SP WIDTH="27" VPOS="1667" HPOS="808"/>
							<String ID="string_135" HPOS="835" VPOS="1667" WIDTH="243" HEIGHT="35" WC="0.96" CONTENT="motionären"/><SP WIDTH="30" VPOS="1667" HPOS="1078"/>
							<String ID="string_136" HPOS="1108" VPOS="1665" WIDTH="130" HEIGHT="36" WC="0.96" CONTENT="anfört"/><SP WIDTH="26" VPOS="1665" HPOS="1238"/>
							<String ID="string_137" HPOS="1264" VPOS="1665" WIDTH="185" HEIGHT="47" WC="0.96" CONTENT="följande:"/>
						</TextLine>
					</TextBlock>
					<TextBlock ID="block_5" HPOS="228" VPOS="1717" WIDTH="1605" HEIGHT="359">
						<TextLine ID="line_16" HPOS="363" VPOS="1717" WIDTH="1467" HEIGHT="47">
							<String ID="string_138" HPOS="363" VPOS="1722" WIDTH="37" HEIGHT="34" WC="0.87" CONTENT="»I"/><SP WIDTH="28" VPOS="1722" HPOS="400"/>
							<String ID="string_139" HPOS="428" VPOS="1723" WIDTH="57" HEIGHT="33" WC="0.96" CONTENT="ett"/><SP WIDTH="28" VPOS="1723" HPOS="485"/>
							<String ID="string_140" HPOS="513" VPOS="1719" WIDTH="248" HEIGHT="36" WC="0.96" CONTENT="betänkande"/><SP WIDTH="29" VPOS="1719" HPOS="761"/>
							<String ID="string_141" HPOS="790" VPOS="1717" WIDTH="42" HEIGHT="36" WC="0.96" CONTENT="af"/><SP WIDTH="16" VPOS="1717" HPOS="832"/>
							<String ID="string_142" HPOS="848" VPOS="1718" WIDTH="73" HEIGHT="35" WC="0.96" CONTENT="den"/><SP WIDTH="24" VPOS="1718" HPOS="921"/>
							<String ID="string_143" HPOS="945" VPOS="1719" WIDTH="45" HEIGHT="33" WC="0.96" CONTENT="30"/><SP WIDTH="27" VPOS="1719" HPOS="990"/>
							<String ID="string_144" HPOS="1017" VPOS="1717" WIDTH="202" HEIGHT="36" WC="0.96" CONTENT="december"/><SP WIDTH="21" VPOS="1717" HPOS="1219"/>
							<String ID="string_145" HPOS="1240" VPOS="1719" WIDTH="96" HEIGHT="34" WC="0.96" CONTENT="1897"/><SP WIDTH="18" VPOS="1719" HPOS="1336"/>
							<String ID="string_146" HPOS="1354" VPOS="1717" WIDTH="71" HEIGHT="35" WC="0.93" CONTENT="har"/><SP WIDTH="14" VPOS="1717" HPOS="1425"/>
							<String ID="string_147" HPOS="1439" VPOS="1717" WIDTH="391" HEIGHT="47" WC="0.90" CONTENT="kammarkollegium"/>
						</TextLine>
						<TextLine ID="line_17" HPOS="228" VPOS="1768" WIDTH="1602" HEIGHT="50">
							<String ID="string_148" HPOS="228" VPOS="1774" WIDTH="148" HEIGHT="35" WC="0.96" CONTENT="lämnat"/><SP WIDTH="28" VPOS="1774" HPOS="376"/>
							<String ID="string_149" HPOS="404" VPOS="1785" WIDTH="47" HEIGHT="23" WC="0.96" CONTENT="en"/><SP WIDTH="28" VPOS="1785" HPOS="451"/>
							<String ID="string_150" HPOS="479" VPOS="1771" WIDTH="189" HEIGHT="47" WC="0.96" CONTENT="ingående"/><SP WIDTH="28" VPOS="1771" HPOS="668"/>
							<String ID="string_151" HPOS="696" VPOS="1769" WIDTH="211" HEIGHT="46" WC="0.96" CONTENT="utredning"/><SP WIDTH="26" VPOS="1769" HPOS="907"/>
							<String ID="string_152" HPOS="933" VPOS="1769" WIDTH="165" HEIGHT="35" WC="0.95" CONTENT="rörande"/><SP WIDTH="29" VPOS="1769" HPOS="1098"/>
							<String ID="string_153" HPOS="1127" VPOS="1769" WIDTH="74" HEIGHT="35" WC="0.96" CONTENT="den"/><SP WIDTH="28" VPOS="1769" HPOS="1201"/>
							<String ID="string_154" HPOS="1229" VPOS="1768" WIDTH="62" HEIGHT="36" WC="0.96" CONTENT="till"/><SP WIDTH="26" VPOS="1768" HPOS="1291"/>
							<String ID="string_155" HPOS="1317" VPOS="1769" WIDTH="180" HEIGHT="35" WC="0.96" CONTENT="städerna"/><SP WIDTH="28" VPOS="1769" HPOS="1497"/>
							<String ID="string_156" HPOS="1525" VPOS="1768" WIDTH="43" HEIGHT="36" WC="0.96" CONTENT="af"/><SP WIDTH="23" VPOS="1768" HPOS="1568"/>
							<String ID="string_157" HPOS="1591" VPOS="1769" WIDTH="152" HEIGHT="35" WC="0.93" CONTENT="kronan"/><SP WIDTH="21" VPOS="1769" HPOS="1743"/>
							<String ID="string_158" HPOS="1764" VPOS="1769" WIDTH="66" HEIGHT="35" WC="0.93" CONTENT="do-"/>
						</TextLine>
						<TextLine ID="line_18" HPOS="228" VPOS="1819" WIDTH="1603" HEIGHT="51">
							<String ID="string_159" HPOS="228" VPOS="1825" WIDTH="142" HEIGHT="36" WC="0.91" CONTENT="nerade"/><SP WIDTH="22" VPOS="1825" HPOS="370"/>
							<String ID="string_160" HPOS="392" VPOS="1824" WIDTH="100" HEIGHT="46" WC="0.93" CONTENT="jord."/><SP WIDTH="55" VPOS="1824" HPOS="492"/>
							<String ID="string_161" HPOS="547" VPOS="1822" WIDTH="125" HEIGHT="36" WC="0.58" CONTENT="Häraf"/><SP WIDTH="22" VPOS="1822" HPOS="672"/>
							<String ID="string_162" HPOS="694" VPOS="1821" WIDTH="194" HEIGHT="36" WC="0.96" CONTENT="inhämtas"/><SP WIDTH="27" VPOS="1821" HPOS="888"/>
							<String ID="string_163" HPOS="915" VPOS="1820" WIDTH="118" HEIGHT="36" WC="0.96" CONTENT="bland"/><SP WIDTH="28" VPOS="1820" HPOS="1033"/>
							<String ID="string_164" HPOS="1061" VPOS="1823" WIDTH="132" HEIGHT="42" WC="0.96" CONTENT="annat,"/><SP WIDTH="31" VPOS="1823" HPOS="1193"/>
							<String ID="string_165" HPOS="1224" VPOS="1823" WIDTH="60" HEIGHT="33" WC="0.96" CONTENT="att"/><SP WIDTH="26" VPOS="1823" HPOS="1284"/>
							<String ID="string_166" HPOS="1310" VPOS="1819" WIDTH="60" HEIGHT="36" WC="0.93" CONTENT="för"/><SP WIDTH="28" VPOS="1819" HPOS="1370"/>
							<String ID="string_167" HPOS="1398" VPOS="1820" WIDTH="309" HEIGHT="36" WC="0.91" CONTENT="donationerna"/><SP WIDTH="-23" VPOS="1820" HPOS="1707"/>
							<String ID="string_168" HPOS="1684" VPOS="1815" WIDTH="19" HEIGHT="59" WC="0.85" CONTENT="i"/><SP WIDTH="23" VPOS="1815" HPOS="1703"/>
							<String ID="string_169" HPOS="1726" VPOS="1821" WIDTH="105" HEIGHT="46" WC="0.95" CONTENT="regel"/>
						</TextLine>
						<TextLine ID="line_19" HPOS="229" VPOS="1872" WIDTH="1603" HEIGHT="51">
							<String ID="string_170" HPOS="229" VPOS="1876" WIDTH="209" HEIGHT="47" WC="0.95" CONTENT="uppställts"/><SP WIDTH="28" VPOS="1876" HPOS="438"/>
							<String ID="string_171" HPOS="466" VPOS="1875" WIDTH="158" HEIGHT="36" WC="0.96" CONTENT="fordran"/><SP WIDTH="27" VPOS="1875" HPOS="624"/>
							<String ID="string_172" HPOS="651" VPOS="1876" WIDTH="51" HEIGHT="44" WC="0.96" CONTENT="på"/><SP WIDTH="29" VPOS="1876" HPOS="702"/>
							<String ID="string_173" HPOS="731" VPOS="1874" WIDTH="73" HEIGHT="34" WC="0.93" CONTENT="den"/><SP WIDTH="27" VPOS="1874" HPOS="804"/>
							<String ID="string_174" HPOS="831" VPOS="1872" WIDTH="170" HEIGHT="36" WC="0.92" CONTENT="förlänta"/><SP WIDTH="28" VPOS="1872" HPOS="1001"/>
							<String ID="string_175" HPOS="1029" VPOS="1873" WIDTH="256" HEIGHT="46" WC="0.90" CONTENT="egendomens"/><SP WIDTH="29" VPOS="1873" HPOS="1285"/>
							<String ID="string_176" HPOS="1314" VPOS="1872" WIDTH="313" HEIGHT="46" WC="0.91" CONTENT="oförytterlighet"/><SP WIDTH="28" VPOS="1872" HPOS="1627"/>
							<String ID="string_177" HPOS="1655" VPOS="1884" WIDTH="88" HEIGHT="25" WC="0.96" CONTENT="men"/><SP WIDTH="28" VPOS="1884" HPOS="1743"/>
							<String ID="string_178" HPOS="1771" VPOS="1876" WIDTH="61" HEIGHT="31" WC="0.96" CONTENT="att"/>
						</TextLine>
						<TextLine ID="line_20" HPOS="230" VPOS="1924" WIDTH="1602" HEIGHT="50">
							<String ID="string_179" HPOS="230" VPOS="1929" WIDTH="104" HEIGHT="35" WC="0.96" CONTENT="inom"/><SP WIDTH="22" VPOS="1929" HPOS="334"/>
							<String ID="string_180" HPOS="356" VPOS="1931" WIDTH="140" HEIGHT="43" WC="0.96" CONTENT="många"/><SP WIDTH="20" VPOS="1931" HPOS="496"/>
							<String ID="string_181" HPOS="516" VPOS="1927" WIDTH="129" HEIGHT="35" WC="0.96" CONTENT="städer"/><SP WIDTH="18" VPOS="1927" HPOS="645"/>
							<String ID="string_182" HPOS="663" VPOS="1925" WIDTH="220" HEIGHT="46" WC="0.96" CONTENT="betydande"/><SP WIDTH="20" VPOS="1925" HPOS="883"/>
							<String ID="string_183" HPOS="903" VPOS="1925" WIDTH="106" HEIGHT="35" WC="0.96" CONTENT="delar"/><SP WIDTH="20" VPOS="1925" HPOS="1009"/>
							<String ID="string_184" HPOS="1029" VPOS="1924" WIDTH="42" HEIGHT="35" WC="0.91" CONTENT="af"/><SP WIDTH="15" VPOS="1924" HPOS="1071"/>
							<String ID="string_185" HPOS="1086" VPOS="1924" WIDTH="353" HEIGHT="46" WC="0.91" CONTENT="donationsjorden,"/><SP WIDTH="17" VPOS="1924" HPOS="1439"/>
							<String ID="string_186" HPOS="1456" VPOS="1924" WIDTH="185" HEIGHT="36" WC="0.92" CONTENT="donators"/><SP WIDTH="19" VPOS="1924" HPOS="1641"/>
							<String ID="string_187" HPOS="1660" VPOS="1926" WIDTH="172" HEIGHT="44" WC="0.96" CONTENT="stränga,"/>
						</TextLine>
						<TextLine ID="line_21" HPOS="230" VPOS="1975" WIDTH="1603" HEIGHT="51">
							<String ID="string_188" HPOS="230" VPOS="1979" WIDTH="81" HEIGHT="36" WC="0.96" CONTENT="ofta"/><SP WIDTH="40" VPOS="1979" HPOS="311"/>
							<String ID="string_189" HPOS="351" VPOS="1978" WIDTH="222" HEIGHT="48" WC="0.95" CONTENT="upprepade"/><SP WIDTH="40" VPOS="1978" HPOS="573"/>
							<String ID="string_190" HPOS="613" VPOS="1977" WIDTH="141" HEIGHT="36" WC="0.95" CONTENT="förbud"/><SP WIDTH="32" VPOS="1977" HPOS="754"/>
							<String ID="string_191" HPOS="786" VPOS="1976" WIDTH="61" HEIGHT="36" WC="0.94" CONTENT="till"/><SP WIDTH="33" VPOS="1976" HPOS="847"/>
							<String ID="string_192" HPOS="880" VPOS="1979" WIDTH="111" HEIGHT="42" WC="0.96" CONTENT="trots,"/><SP WIDTH="30" VPOS="1979" HPOS="991"/>
							<String ID="string_193" HPOS="1021" VPOS="1976" WIDTH="124" HEIGHT="35" WC="0.96" CONTENT="under"/><SP WIDTH="26" VPOS="1976" HPOS="1145"/>
							<String ID="string_194" HPOS="1171" VPOS="1976" WIDTH="172" HEIGHT="35" WC="0.96" CONTENT="tidernas"/><SP WIDTH="26" VPOS="1976" HPOS="1343"/>
							<String ID="string_195" HPOS="1369" VPOS="1976" WIDTH="93" HEIGHT="46" WC="0.96" CONTENT="lopp"/><SP WIDTH="19" VPOS="1976" HPOS="1462"/>
							<String ID="string_196" HPOS="1481" VPOS="1978" WIDTH="51" HEIGHT="44" WC="0.93" CONTENT="på"/><SP WIDTH="27" VPOS="1978" HPOS="1532"/>
							<String ID="string_197" HPOS="1559" VPOS="1975" WIDTH="274" HEIGHT="46" WC="0.92" CONTENT="mångahanda"/>
						</TextLine>
						<TextLine ID="line_22" HPOS="230" VPOS="2026" WIDTH="902" HEIGHT="50">
							<String ID="string_198" HPOS="230" VPOS="2033" WIDTH="80" HEIGHT="34" WC="0.96" CONTENT="sätt"/><SP WIDTH="28" VPOS="2033" HPOS="310"/>
							<String ID="string_199" HPOS="338" VPOS="2030" WIDTH="233" HEIGHT="46" WC="0.96" CONTENT="obehörigen"/><SP WIDTH="28" VPOS="2030" HPOS="571"/>
							<String ID="string_200" HPOS="599" VPOS="2028" WIDTH="167" HEIGHT="37" WC="0.96" CONTENT="kommit"/><SP WIDTH="27" VPOS="2028" HPOS="766"/>
							<String ID="string_201" HPOS="793" VPOS="2028" WIDTH="13" HEIGHT="35" WC="0.96" CONTENT="i"/><SP WIDTH="28" VPOS="2028" HPOS="806"/>
							<String ID="string_202" HPOS="834" VPOS="2027" WIDTH="151" HEIGHT="36" WC="0.93" CONTENT="enskild"/><SP WIDTH="27" VPOS="2027" HPOS="985"/>
							<String ID="string_203" HPOS="1012" VPOS="2026" WIDTH="120" HEIGHT="47" WC="0.92" CONTENT="värjo."/>
						</TextLine>
					</TextBlock>
					<TextBlock ID="block_6" HPOS="229" VPOS="2077" WIDTH="1602" HEIGHT="154">
						<TextLine ID="line_23" HPOS="359" VPOS="2077" WIDTH="1471" HEIGHT="47">
							<String ID="string_204" HPOS="359" VPOS="2082" WIDTH="51" HEIGHT="35" WC="0.96" CONTENT="På"/><SP WIDTH="42" VPOS="2082" HPOS="410"/>
							<String ID="string_205" HPOS="452" VPOS="2092" WIDTH="132" HEIGHT="24" WC="0.96" CONTENT="senare"/><SP WIDTH="41" VPOS="2092" HPOS="584"/>
							<String ID="string_206" HPOS="625" VPOS="2080" WIDTH="102" HEIGHT="35" WC="0.92" CONTENT="tider"/><SP WIDTH="36" VPOS="2080" HPOS="727"/>
							<String ID="string_207" HPOS="763" VPOS="2079" WIDTH="72" HEIGHT="36" WC="0.96" CONTENT="har"/><SP WIDTH="41" VPOS="2079" HPOS="835"/>
							<String ID="string_208" HPOS="876" VPOS="2078" WIDTH="82" HEIGHT="36" WC="0.95" CONTENT="ofta"/><SP WIDTH="40" VPOS="2078" HPOS="958"/>
							<String ID="string_209" HPOS="998" VPOS="2078" WIDTH="142" HEIGHT="35" WC="0.95" CONTENT="mellan"/><SP WIDTH="41" VPOS="2078" HPOS="1140"/>
							<String ID="string_210" HPOS="1181" VPOS="2078" WIDTH="144" HEIGHT="35" WC="0.91" CONTENT="sådana"/><SP WIDTH="31" VPOS="2078" HPOS="1325"/>
							<String ID="string_211" HPOS="1356" VPOS="2078" WIDTH="372" HEIGHT="46" WC="0.89" CONTENT="besittningstagare"/><SP WIDTH="31" VPOS="2078" HPOS="1728"/>
							<String ID="string_212" HPOS="1759" VPOS="2077" WIDTH="71" HEIGHT="35" WC="0.96" CONTENT="och"/>
						</TextLine>
						<TextLine ID="line_24" HPOS="230" VPOS="2128" WIDTH="1601" HEIGHT="49">
							<String ID="string_213" HPOS="230" VPOS="2134" WIDTH="199" HEIGHT="35" WC="0.96" CONTENT="städernas"/><SP WIDTH="26" VPOS="2134" HPOS="429"/>
							<String ID="string_214" HPOS="455" VPOS="2131" WIDTH="245" HEIGHT="46" WC="0.96" CONTENT="fullmäktige"/><SP WIDTH="19" VPOS="2131" HPOS="700"/>
							<String ID="string_215" HPOS="719" VPOS="2129" WIDTH="153" HEIGHT="37" WC="0.93" CONTENT="träffats"/><SP WIDTH="20" VPOS="2129" HPOS="872"/>
							<String ID="string_216" HPOS="892" VPOS="2129" WIDTH="396" HEIGHT="45" WC="0.91" CONTENT="öfverenskommelse,"/><SP WIDTH="20" VPOS="2129" HPOS="1288"/>
							<String ID="string_217" HPOS="1308" VPOS="2129" WIDTH="252" HEIGHT="47" WC="0.93" CONTENT="hvarigenom"/><SP WIDTH="18" VPOS="2129" HPOS="1560"/>
							<String ID="string_218" HPOS="1578" VPOS="2128" WIDTH="253" HEIGHT="46" WC="0.92" CONTENT="besittnings-"/>
						</TextLine>
						<TextLine ID="line_25" HPOS="229" VPOS="2179" WIDTH="1602" HEIGHT="52">
							<String ID="string_219" HPOS="229" VPOS="2185" WIDTH="187" HEIGHT="46" WC="0.91" CONTENT="tagandet"/><SP WIDTH="28" VPOS="2185" HPOS="416"/>
							<String ID="string_220" HPOS="444" VPOS="2186" WIDTH="50" HEIGHT="44" WC="0.96" CONTENT="på"/><SP WIDTH="27" VPOS="2186" HPOS="494"/>
							<String ID="string_221" HPOS="521" VPOS="2183" WIDTH="100" HEIGHT="35" WC="0.96" CONTENT="vissa"/><SP WIDTH="27" VPOS="2183" HPOS="621"/>
							<String ID="string_222" HPOS="648" VPOS="2182" WIDTH="145" HEIGHT="36" WC="0.93" CONTENT="villkor"/><SP WIDTH="26" VPOS="2182" HPOS="793"/>
							<String ID="string_223" HPOS="819" VPOS="2181" WIDTH="211" HEIGHT="46" WC="0.87" CONTENT="godtagits."/><SP WIDTH="43" VPOS="2181" HPOS="1030"/>
							<String ID="string_224" HPOS="1073" VPOS="2180" WIDTH="140" HEIGHT="46" WC="0.93" CONTENT="Dylika"/><SP WIDTH="15" VPOS="2180" HPOS="1213"/>
							<String ID="string_225" HPOS="1228" VPOS="2180" WIDTH="405" HEIGHT="36" WC="0.91" CONTENT="öfverenskommelser"/><SP WIDTH="15" VPOS="2180" HPOS="1633"/>
							<String ID="string_226" HPOS="1648" VPOS="2179" WIDTH="52" HEIGHT="36" WC="0.96" CONTENT="ha"/><SP WIDTH="16" VPOS="2179" HPOS="1700"/>
							<String ID="string_227" HPOS="1716" VPOS="2180" WIDTH="115" HEIGHT="35" WC="0.96" CONTENT="sedan"/>
						</TextLine>
					</TextBlock>
					<TextBlock ID="block_7" HPOS="319" VPOS="2238" WIDTH="1464" HEIGHT="46">
						<TextLine ID="line_26" HPOS="319" VPOS="2238" WIDTH="1464" HEIGHT="46">
							<String ID="string_228" HPOS="319" VPOS="2242" WIDTH="127" HEIGHT="42" WC="0.92" CONTENT="Bihang"/><SP WIDTH="14" VPOS="2242" HPOS="446"/>
							<String ID="string_229" HPOS="460" VPOS="2242" WIDTH="48" HEIGHT="31" WC="0.93" CONTENT="till"/><SP WIDTH="23" VPOS="2242" HPOS="508"/>
							<String ID="string_230" HPOS="531" VPOS="2234" WIDTH="101" HEIGHT="54" WC="0.24" CONTENT="Rilksd."/><SP WIDTH="20" VPOS="2234" HPOS="632"/>
							<String ID="string_231" HPOS="652" VPOS="2244" WIDTH="73" HEIGHT="38" WC="0.91" CONTENT="prot."/><SP WIDTH="21" VPOS="2244" HPOS="725"/>
							<String ID="string_232" HPOS="746" VPOS="2241" WIDTH="93" HEIGHT="31" WC="0.95" CONTENT="1911."/><SP WIDTH="19" VPOS="2241" HPOS="839"/>
							<String ID="string_233" HPOS="858" VPOS="2241" WIDTH="19" HEIGHT="30" WC="0.93" CONTENT="9"/><SP WIDTH="13" VPOS="2241" HPOS="877"/>
							<String ID="string_234" HPOS="890" VPOS="2239" WIDTH="96" HEIGHT="32" WC="0.91" CONTENT="Saml."/><SP WIDTH="19" VPOS="2239" HPOS="986"/>
							<String ID="string_235" HPOS="1005" VPOS="2241" WIDTH="21" HEIGHT="30" WC="0.82" CONTENT="2"/><SP WIDTH="13" VPOS="2241" HPOS="1026"/>
							<String ID="string_236" HPOS="1039" VPOS="2239" WIDTH="78" HEIGHT="40" WC="0.90" CONTENT="Afd."/><SP WIDTH="17" VPOS="2239" HPOS="1117"/>
							<String ID="string_237" HPOS="1134" VPOS="2241" WIDTH="17" HEIGHT="29" WC="0.95" CONTENT="1"/><SP WIDTH="16" VPOS="2241" HPOS="1151"/>
							<String ID="string_238" HPOS="1167" VPOS="2239" WIDTH="104" HEIGHT="32" WC="0.95" CONTENT="Band."/><SP WIDTH="20" VPOS="2239" HPOS="1271"/>
							<String ID="string_239" HPOS="1291" VPOS="2241" WIDTH="16" HEIGHT="30" WC="0.96" CONTENT="1"/><SP WIDTH="16" VPOS="2241" HPOS="1307"/>
							<String ID="string_240" HPOS="1323" VPOS="2240" WIDTH="67" HEIGHT="31" WC="0.96" CONTENT="Ser."/><SP WIDTH="22" VPOS="2240" HPOS="1390"/>
							<String ID="string_241" HPOS="1412" VPOS="2240" WIDTH="39" HEIGHT="31" WC="0.93" CONTENT="13"/><SP WIDTH="11" VPOS="2240" HPOS="1451"/>
							<String ID="string_242" HPOS="1462" VPOS="2238" WIDTH="94" HEIGHT="41" WC="0.90" CONTENT="Häft."/><SP WIDTH="15" VPOS="2238" HPOS="1556"/>
							<String ID="string_243" HPOS="1571" VPOS="2239" WIDTH="67" HEIGHT="38" WC="0.96" CONTENT="(Nr"/><SP WIDTH="18" VPOS="2239" HPOS="1638"/>
							<String ID="string_244" HPOS="1656" VPOS="2239" WIDTH="64" HEIGHT="39" WC="0.94" CONTENT="13.)"/><SP WIDTH="52" VPOS="2239" HPOS="1720"/>
							<String ID="string_245" HPOS="1772" VPOS="2240" WIDTH="11" HEIGHT="29" WC="0.86" CONTENT="1"/>
						</TextLine>
					</TextBlock>
				</ComposedBlock>
				<ComposedBlock ID="cblock_4" HPOS="1880" VPOS="1310" WIDTH="140" HEIGHT="26">
					<TextBlock ID="block_8" HPOS="1880" VPOS="1310" WIDTH="140" HEIGHT="26">
						<TextLine ID="line_27" HPOS="1880" VPOS="1310" WIDTH="140" HEIGHT="26">
							<String ID="string_246" HPOS="1880" VPOS="1310" WIDTH="140" HEIGHT="26" WC="0.96" CONTENT="Motionen."/>
						</TextLine>
					</TextBlock>
				</ComposedBlock>
			</PrintSpace>
		</Page>
	</Layout>
</alto>
