1946 2840
569 183 298 37 Statsutskottets
884 180 186 36 utlåtande
1089 180 55 34 Nr
1161 182 73 32 157.
1622 180 20 29 38

196 270 133 42 Kungl.
365 268 128 43 Maj:ts
527 267 142 41 förslag,
703 265 114 33 vilket
850 263 159 39 innebär,
1044 265 57 30 att
1133 259 245 35 kostnaderna
1406 258 54 34 för
1484 257 159 34 nämnda

154 323 167 35 ändamål
354 321 214 35 hädanefter
601 320 88 34 böra
722 318 178 34 bestridas
933 316 76 34 helt
1042 327 129 30 genom
1204 313 125 42 anslag
1362 313 20 33 å
1413 310 229 35 riksstaten
1621 306 23 58 i

154 378 121 34 stället
308 376 56 34 för
397 376 117 33 såsom
547 386 48 22 nu
630 372 112 35 delvis
776 383 129 31 genom
938 368 294 41 riksstatsanslag
1265 367 67 33 och
1368 365 113 34 delvis
1516 376 128 30 genom

153 429 394 42 lotterimedelsanslag,
571 426 140 35 medför
735 438 44 22 en
802 424 152 43 höjning
978 436 46 21 av
1049 422 43 35 de
1109 422 55 34 för
1182 420 213 35 ändamålen
1413 420 20 33 å
1450 419 195 34 riksstaten

154 484 181 44 uppförda
363 482 284 43 anslagsmedlen
670 480 83 34 med
779 482 141 37 106,000
944 478 143 33 kronor.
1134 476 57 34 De
1214 473 250 40 lotterimedel,
1489 485 78 21 som
1591 471 55 34 för

154 537 277 45 ifrågavarande
455 536 167 35 ändamål
647 534 161 35 anvisats
833 533 55 34 för
913 531 201 35 arbetsåret
1139 532 185 37 1937—38,
1344 528 121 42 uppgå
1481 527 56 33 till
1554 538 91 22 sam-

156 593 163 42 manlagt
344 595 141 37 111,000
508 591 142 33 kronor.

200 643 409 46 Departementschefen
641 643 66 34 har
739 660 43 5 —
815 641 130 34 liksom
978 640 11 33 i
1023 639 101 42 fråga
1152 650 58 22 om
1235 630 411 52 ortnamnskommissio-

156 713 69 22 nen
249 719 44 4 —
316 699 201 42 ifrågasatt,
552 701 56 30 att
635 696 55 35 till
715 700 54 30 ett
792 693 219 36 kommande
1036 693 39 33 år
1098 691 112 35 borde
1234 695 179 39 upptagas
1438 688 126 43 frågan
1589 700 58 21 om

157 767 44 22 en
233 752 224 45 uppdelning
489 764 46 21 av
567 749 276 44 ifrågavarande
877 746 258 43 anslagsmedel
1168 745 47 43 på
1243 743 221 42 avlöningar,
1490 742 157 33 omkost-

158 808 111 34 nader
292 807 68 34 och
384 805 161 35 materiel
569 817 46 22 m.
640 816 45 22 m.

202 915 195 35 Utskottet
429 913 160 36 biträder
621 911 72 35 vad
727 923 46 22 av
807 910 133 42 Kungl.
975 907 112 44 Maj:t
1120 906 202 43 föreslagits
1354 905 67 34 och
1444 903 206 35 hemställer

159 969 147 41 således,

524 1025 57 30 att
618 1019 191 42 riksdagen
847 1018 60 33 må
942 1016 55 34 till
1032 1012 573 42 Landsmålsundersökningarna
1640 1010 12 34 i

481 1074 93 35 riket
598 1073 55 34 för
677 1072 218 42 budgetåret
920 1067 145 42 1938/39
1091 1068 126 34 anvisa
1241 1071 55 30 ett
1311 1065 278 44 förslagsanslag
1606 1076 45 21 av

483 1131 140 37 175,400
647 1127 142 34 kronor.

206 1238 68 42 3:o)
303 1236 340 42 Understödjande
667 1244 50 24 av
733 1234 148 33 svensk
896 1230 460 40 folkminnesforskning.
1391 1226 134 43 Kungl.
1543 1225 111 43 Maj:t

162 1293 65 34 har
262 1291 176 44 (punkten
473 1293 52 37 94,
554 1289 64 34 sid.
646 1286 188 43 198—202)
860 1285 184 42 föreslagit
1068 1283 190 42 riksdagen
1282 1286 58 30 att
1363 1281 55 34 till
1442 1279 211 35 understöd-

162 1346 109 43 jande
304 1357 47 22 av
380 1344 130 34 svensk
534 1340 404 42 folkminnesforskning
962 1338 55 34 för
1040 1337 217 43 budgetåret
1282 1333 144 42 1938/39
1451 1333 126 35 anvisa
1601 1337 54 29 ett

164 1400 124 42 anslag
311 1411 46 22 av
382 1401 119 37 44,400
525 1397 142 33 kronor.

208 1508 19 33 I
262 1504 177 36 samband
474 1503 148 35 härmed
656 1503 66 33 har
757 1501 184 34 utskottet
975 1499 56 34 till
1066 1497 220 42 behandling
1309 1494 158 36 förehaft
1490 1506 45 22 en
1558 1494 98 33 inom

165 1561 113 33 första
302 1560 210 33 kammaren
537 1569 45 22 av
606 1557 81 33 herr
710 1554 152 35 Fredrik
885 1554 121 34 Ström
1029 1565 47 21 m.
1100 1552 35 42 fl.
1160 1551 110 34 väckt
1287 1549 139 34 motion
1442 1548 40 42 (I:
1496 1546 65 43 61),
1579 1547 77 33 vari

165 1613 213 40 hemställts,
415 1616 57 30 att
506 1610 190 43 riksdagen
731 1609 117 33 måtte
882 1607 12 34 i
925 1619 44 22 en
993 1605 170 35 skrivelse
1187 1604 55 34 till
1267 1603 133 42 Kungl.
1425 1601 112 42 Maj:t
1559 1601 97 33 hem-

166 1668 105 34 ställa
296 1679 59 21 om
379 1678 44 22 en
448 1664 192 42 utredning
656 1662 178 35 avseende
850 1658 467 42 folkminnesforskningens
1335 1655 209 45 ytterligare
1560 1653 97 35 stöd-

165 1721 109 44 jande
298 1720 68 34 och
389 1718 248 43 befrämjande
661 1717 11 34 i
696 1717 84 33 vårt
803 1715 96 34 land.

211 1773 234 36 Beträffande
480 1773 44 34 de
559 1771 87 40 skäl,
682 1782 78 22 som
793 1768 139 35 anförts
961 1767 56 34 till
1041 1766 82 34 stöd
1148 1765 55 35 för
1227 1764 62 35 det
1313 1761 213 37 motionsvis
1551 1761 107 34 fram-

169 1829 103 34 förda
296 1827 191 44 yrkandet,
511 1825 168 35 hänvisas
703 1824 56 34 till
783 1822 195 35 motionen.

213 1937 75 33 Det
318 1947 46 21 av
389 1934 133 42 Kungl.
547 1931 111 43 Maj:t
683 1930 133 34 äskade
841 1928 314 43 anslagsbeloppet
1179 1926 113 34 skulle
1316 1943 43 4 —
1383 1923 112 43 enligt
1518 1923 73 33 vad
1615 1934 45 21 av

169 1987 398 44 statsrådsprotokollet
591 1985 182 34 inhämtas
797 2002 43 4 —
865 1982 155 35 fördelas
1045 1980 82 34 med
1150 1982 120 38 32,400
1287 1979 133 33 kronor
1436 1977 55 34 till
1508 1976 153 43 Hyltén-

172 2042 195 36 Cavallius”
400 2041 152 42 stiftelse
575 2040 57 41 för
655 2037 132 35 svensk
810 2033 406 46 folkminnesforskning
1240 2032 66 34 och
1331 2031 82 34 med
1440 2033 117 37 12,000
1582 2030 79 33 kro-

170 2110 65 21 nor
261 2097 55 33 till
342 2095 184 35 institutet
550 2094 57 42 för
629 2089 406 46 folkminnesforskning
1059 2087 64 35 vid
1148 2086 201 41 Göteborgs
1374 2084 181 43 högskola.

216 2150 169 35 Nämnda
420 2148 152 42 stiftelse
608 2146 161 42 åtnjuter
798 2145 55 33 för
878 2142 226 35 närvarande
1128 2141 74 34 dels
1227 2144 54 29 ett
1304 2137 294 42 riksstatsanslag
1620 2155 42 4 —

172 2205 54 33 för
250 2202 244 35 innevarande
518 2200 176 42 budgetår
718 2198 151 43 uppfört
893 2196 82 34 med
1001 2198 118 37 11,700
1144 2195 132 33 kronor
1292 2211 42 4 —
1352 2192 66 33 och
1436 2191 74 34 dels
1526 2190 137 34 lotteri-

172 2257 269 40 medelsanslag,
467 2255 55 33 för
546 2254 200 33 arbetsåret
772 2249 145 41 1937/38
942 2248 213 44 uppgående
1179 2247 55 34 till
1254 2249 120 37 22,000
1391 2246 142 37 kronor,
1551 2255 113 22 varav

172 2315 97 36 7,000
283 2311 132 32 kronor
428 2309 54 33 till
497 2308 94 33 vissa
604 2304 319 44 engångsutgifter.
953 2300 447 41 Lotterimedelsanslagen
1414 2310 101 21 avses
1528 2293 135 50 hädan-

173 2364 90 33 efter
286 2364 147 32 komma
458 2365 56 29 att
538 2360 174 42 upphöra,
737 2358 68 33 och
829 2356 133 42 Kungl.
988 2354 129 43 Maj:ts
1142 2353 133 42 förslag
1298 2351 149 35 innebär
1464 2351 55 33 för
1536 2350 128 34 stiftel-

174 2429 78 21 sens
288 2416 67 39 del,
393 2419 56 29 att
484 2414 62 33 det
581 2411 178 35 ordinarie
794 2408 333 42 riksstatsanslaget
1162 2406 148 34 utökats
1339 2405 81 33 med
1445 2404 74 33 dels
1546 2406 118 36 15,000

173 2471 143 38 kronor,
341 2466 255 36 motsvarande
621 2466 62 33 det
707 2464 113 34 under
845 2464 43 33 de
913 2474 123 22 senare
1061 2462 84 33 åren
1162 2459 180 43 utgående
1358 2458 154 42 löpande
1528 2456 136 34 lotteri-

174 2523 308 41 medelsanslaget,
518 2520 66 34 och
621 2519 74 34 dels
731 2521 98 37 5,700
859 2517 133 34 kronor
1017 2515 54 34 för
1095 2512 231 36 bestridande
1351 2523 45 22 av
1421 2510 81 35 med
1527 2510 138 42 inflytt-

1703 902 147 26 Utskottet.
