1912 2806
116 1700 146 26 Utskottet.

306 167 38 28 12
766 168 248 27 Statsutskottets
1037 170 158 27 utlåtande
1217 180 37 17 nr
1278 173 46 25 52.

303 247 83 29 dens
410 248 305 30 vattendomstolar
741 247 156 40 framgår
919 249 169 39 slutligen,
1114 254 49 26 att
1187 250 57 30 vid
1267 252 99 30 dessa
1391 252 188 31 domstolar
1603 253 189 31 förefinnes

302 291 112 30 behov
432 301 44 20 av
494 292 110 29 medel
623 292 54 30 för
696 296 97 27 extra
812 293 191 39 skrivhjälp
1023 294 111 30 under
1151 294 210 39 budgetåret,
1383 296 57 30 vid
1459 297 242 39 Norrbygdens
1721 302 70 26 vat-

302 335 207 30 tendomstol
525 337 78 29 med
622 337 11 29 1
651 337 63 30 450
731 337 131 30 kronor
877 338 64 29 och
957 338 57 30 vid
1031 339 274 39 Västerbygdens
1322 341 265 30 vattendomstol
1603 343 78 29 med
1697 343 18 29 2
1728 343 64 29 300

301 379 140 31 kronor.
456 380 69 30 För
535 380 162 39 avlöning
710 390 43 21 av
767 382 67 29 den
846 382 56 30 vid
917 382 242 39 Norrbygdens
1173 385 266 30 vattendomstol
1451 386 104 38 enligt
1567 386 146 31 beslutet
1726 387 67 30 den

304 424 39 30 15
356 424 179 30 december
549 426 82 29 1944
643 426 170 30 anställde
823 426 204 31 biträdande
1039 429 438 31 vattenrättssekreteraren
1489 430 180 31 anvisades
1681 431 111 30 medel

302 467 80 31 från
396 469 54 29 det
463 469 109 30 under
583 470 109 30 andra
705 470 218 31 huvudtiteln
935 471 175 39 uppförda
1123 473 154 38 anslaget
1291 473 55 30 för
1360 477 95 27 extra
1468 474 148 39 utgifter.
1633 474 53 32 Då
1700 475 92 30 detta

302 513 120 38 anslag
434 513 74 30 icke
520 514 69 30 kan
603 513 69 31 tåla
684 515 68 29 den
763 515 202 39 belastning,
978 526 76 20 som
1066 516 194 31 föranledes
1272 527 43 21 av
1326 518 281 38 tillgodoseendet
1618 529 43 21 av
1673 519 119 39 övriga

301 566 48 21 nu
364 557 230 31 omförmälda
609 559 121 36 behov,
747 560 97 29 torde
859 559 122 39 Kungl.
998 560 102 39 Maj:t
1113 579 45 4 —
1170 563 120 29 utöver
1304 562 55 30 det
1373 562 248 32 förutnämnda
1635 564 57 30 vid
1709 565 82 29 1943

302 600 56 31 års
378 602 139 39 riksdag
538 603 101 38 givna
659 603 292 39 bemyndigandet
969 605 11 29 i
999 604 100 40 fråga
1121 615 57 20 om
1197 607 149 29 särskild
1369 608 362 39 vattenrättsingenjör
1749 626 44 4 —

301 646 85 30 böra
401 646 224 40 bemyndigas
640 652 48 26 att
701 648 56 30 för
770 648 235 40 förstärkning
1018 659 43 20 av
1073 651 205 38 personalen
1291 651 58 30 vid
1361 652 354 31 vattendomstolarna
1729 662 61 21 un-

301 690 62 30 der
377 691 200 38 budgetåret
595 688 136 40 1944/45
749 693 158 38 medgiva
923 694 269 31 överskridande
1206 705 43 20 av
1263 695 56 31 det
1335 695 55 31 för
1404 696 106 39 sagda
1524 696 168 39 budgetår
1706 706 84 30 upp-

301 734 102 32 förda
414 736 153 38 anslaget
579 736 50 30 till
641 737 205 39 avlöningar
858 738 49 30 till
920 738 265 31 icke-ordinarie
1195 741 161 37 personal
1368 741 79 30 med
1458 741 268 31 merkostnaden
1736 742 57 30 för

300 788 44 21 en
360 784 93 26 extra
471 782 347 30 vattenrättsdomare
836 782 11 30 i
863 782 220 31 förhållande
1099 783 49 30 till
1165 784 67 30 vad
1250 794 76 20 som
1341 784 101 40 utgår
1456 785 51 30 till
1522 786 204 30 nuvarande
1742 786 48 30 bi-

300 822 167 31 trädande
491 825 370 30 vattenrättsdomaren
884 830 88 26 samt
994 826 193 31 kostnaden
1212 828 55 29 för
1290 838 43 20 en
1355 832 95 27 extra
1474 830 315 29 vattenrättssekre-

300 870 110 27 terare
435 869 65 29 och
525 868 57 31 två
606 873 95 27 extra
727 871 408 39 vattenrättsingenjörer,
1163 873 61 29 allt
1248 873 111 30 under
1384 883 42 20 en
1451 873 128 31 månad
1603 874 57 30 vid
1687 875 102 29 Norr-

300 911 152 39 bygdens
475 914 264 30 vattendomstol
767 914 31 38 (4
812 915 90 39 000),
925 925 43 20 en
988 915 205 31 biträdande
1215 918 346 31 vattenrättsdomare
1580 919 110 29 under
1712 919 78 38 fyra

300 955 167 32 månader
492 959 65 29 och
585 968 42 20 en
652 959 206 30 biträdande
886 962 414 30 vattenrättssekreterare
1327 963 110 29 under
1463 966 50 27 tre
1540 962 167 31 månader
1733 963 58 30 vid

300 1001 274 40 Västerbygdens
603 1004 266 30 vattendomstol
905 1004 120 39 (7000)
1061 1006 165 29 ävensom
1254 1009 96 28 extra
1381 1006 191 40 skrivhjälp
1602 1007 11 29 i
1643 1007 147 38 angiven

300 1045 208 41 omfattning
539 1045 31 38 (3
586 1047 88 39 750),
701 1047 146 40 tillhopa
872 1049 9 29 i
907 1053 80 26 runt
1012 1051 47 29 tal
1088 1050 38 29 15
1140 1051 64 29 000
1226 1050 139 31 kronor.

345 1154 12 29 I
383 1155 168 30 samband
575 1156 77 29 med
676 1155 123 39 Kungl.
828 1157 115 38 Maj:ts
968 1157 130 39 förslag
1123 1159 147 29 rörande
1296 1160 119 37 anslag
1440 1159 50 30 till
1515 1159 274 30 Vattendomsto-

299 1207 112 31 larna:
432 1208 210 39 Avlöningar
661 1210 64 29 har
744 1211 163 29 utskottet
928 1210 49 30 till
995 1211 212 39 behandling
1227 1212 154 30 förehaft
1400 1212 57 30 två
1475 1213 222 38 likalydande
1718 1222 70 21 mo-

300 1259 119 37 tioner,
449 1261 123 31 väckta
602 1262 65 29 den
695 1273 65 20 ena
790 1262 95 31 inom
915 1262 108 32 första
1053 1263 204 32 kammaren
1287 1274 43 21 av
1360 1264 120 31 herrar
1511 1266 39 30 N.
1583 1266 111 30 Gärde
1724 1264 65 31 och

300 1313 24 30 I.
344 1314 98 30 Pauli
466 1314 39 39 (1:
520 1315 75 39 317)
619 1320 88 26 samt
726 1317 67 29 den
809 1317 110 31 andra
936 1318 95 30 inom
1049 1318 109 30 andra
1176 1318 205 30 kammaren
1397 1329 43 20 av
1457 1319 80 30 herr
1555 1320 37 30 A.
1611 1319 179 39 Lindqvist

305 1365 57 38 (11:
378 1367 90 39 495),
495 1369 73 30 vari
593 1368 201 38 hemställts,
821 1374 49 27 att
895 1370 184 39 riksdagen
1104 1371 105 31 måtte
1235 1372 10 29 i
1272 1372 163 30 skrivelse
1462 1372 49 30 till
1538 1372 123 39 Kungl.
1689 1372 101 39 Maj:t

299 1420 141 32 anhålla
459 1432 57 20 om
534 1422 224 40 erforderliga
775 1423 159 39 åtgärder
952 1424 55 30 för
1025 1434 42 20 en
1085 1425 220 39 förflyttning
1325 1425 50 30 till
1394 1426 169 38 Göteborg
1581 1436 43 20 av
1642 1426 147 30 kansliet

298 1473 56 31 för
374 1475 273 39 Västerbygdens
669 1477 274 31 vattendomstol.

344 1528 14 29 I
382 1527 98 40 fråga
505 1539 57 20 om
586 1530 42 29 de
652 1531 75 29 skäl
752 1530 256 31 motionärerna
1032 1531 117 30 anfört
1173 1532 50 29 till
1248 1533 76 29 stöd
1349 1532 54 30 för
1428 1532 52 30 sin
1502 1533 207 30 hemställan
1735 1532 54 31 får

298 1580 164 32 utskottet
483 1581 144 31 hänvisa
648 1583 49 30 till
718 1583 176 30 motionen
915 1584 26 30 I:
957 1585 73 29 317.

344 1688 377 32 Vattendomstolarnas
751 1691 234 37 organisation
1013 1691 65 30 har
1108 1692 9 29 i
1146 1696 84 26 stort
1259 1696 64 26 sett
1351 1692 194 31 bibehållits
1574 1693 214 31 oförändrad

298 1740 87 31 efter
408 1741 92 36 1932,
525 1752 78 20 men
626 1743 98 30 deras
748 1743 224 31 arbetsbörda
995 1745 65 29 har
1082 1745 86 30 efter
1190 1745 96 30 hand
1309 1745 92 39 stigit
1424 1746 189 38 väsentligt.
1650 1747 50 29 De
1723 1746 63 31 till-

299 1794 119 39 fälliga
437 1795 424 40 förstärkningsåtgärder,
881 1807 74 20 som
973 1797 46 39 på
1037 1799 112 37 grund
1166 1808 42 20 av
1226 1798 175 39 ökningen
1419 1799 10 29 i
1447 1799 249 31 arbetsbördan
1716 1800 70 29 vid-

299 1846 110 39 tagits,
430 1849 45 30 ha
495 1847 74 32 icke
591 1849 85 30 visat
696 1850 50 38 sig
769 1849 175 39 tillfyllest.
978 1850 171 31 Utskottet
1170 1851 95 31 delar
1286 1852 394 39 departementschefens
1702 1862 84 29 upp-

297 1899 150 41 fattning
470 1911 58 21 om
550 1902 301 39 nödvändigheten
874 1913 43 21 av
939 1914 42 20 en
1004 1904 236 39 förstärkning
1263 1915 43 20 av
1330 1905 455 38 domstolsorganisationen,

298 1963 76 21 som
397 1954 46 39 på
465 1958 47 27 ett
537 1955 204 31 effektivare
765 1957 68 30 sätt
857 1958 44 29 än
926 1957 120 31 hittills
1070 1957 162 39 vidtagna
1258 1957 160 40 åtgärder
1445 1959 104 29 sätter
1574 1960 212 29 vattendom-

298 2007 152 31 stolarna
473 2008 11 29 i
508 2008 100 31 stånd
631 2013 49 26 att
702 2009 175 31 bemästra
900 2010 55 30 det
978 2011 203 39 uppkomna
1204 2011 99 38 läget.

343 2060 175 39 Förslaget
537 2066 49 26 att
605 2062 159 31 överföra
784 2063 66 30 den
870 2067 93 27 extra
984 2064 173 30 ordinarie
1178 2064 404 39 vattenrättsingenjören
1602 2066 10 29 i
1633 2067 41 29 30
1696 2066 90 30 löne-

297 2113 131 37 graden
446 2114 50 31 till
518 2114 172 32 ordinarie
711 2119 67 27 stat
806 2117 4 29 i
833 2125 132 22 samma
986 2117 166 38 lönegrad
1174 2118 65 29 och
1262 2122 49 26 att
1333 2118 127 30 inrätta
1481 2128 43 20 en
1546 2128 46 30 ny
1614 2118 173 31 ordinarie

297 2167 107 39 tjänst
434 2168 114 30 såsom
578 2169 362 40 vattenrättsingenjör
969 2171 189 38 tillstyrker
1187 2172 175 35 utskottet,
1394 2171 111 31 likaså
1535 2172 164 39 förslaget
1731 2182 56 20 om

296 2219 196 33 inrättande
512 2221 46 40 på
579 2222 172 31 ordinarie
774 2226 67 27 stat
862 2233 42 21 av
926 2223 57 31 två
1003 2224 317 38 kontoristtjänster
1345 2225 4 29 i
1372 2226 20 28 9
1413 2225 208 38 lönegraden
1644 2226 64 29 och
1731 2224 56 31 två

296 2274 411 40 kanslibiträdestjänster
728 2276 11 30 i
763 2277 17 29 7
805 2276 218 39 lönegraden.

342 2326 170 33 Utskottet
535 2328 65 31 har
622 2328 131 39 jämväl
777 2328 116 32 funnit
916 2330 232 39 övertygande
1172 2331 76 30 skäl
1271 2331 149 31 anförda
1445 2332 56 30 för
1524 2332 66 30 den
1615 2331 171 38 tillfälliga

296 2379 236 42 förstärkning
557 2391 43 21 av
625 2383 215 38 personalen,
867 2392 74 21 som
966 2383 124 39 Kungl.
1119 2383 116 39 Maj:ts
1262 2384 131 40 förslag
1420 2385 186 31 härutöver
1631 2385 154 30 innebär.

298 2434 121 31 Denna
449 2435 236 40 förstärkning
712 2446 101 21 avser
840 2436 277 40 huvudsakligen
1148 2438 243 39 Norrbygdens
1421 2439 276 34 vattendomstol,
1729 2437 57 30 vid

296 2486 115 31 vilken
433 2497 42 21 en
499 2489 146 30 särskild
670 2489 185 40 avdelning
878 2490 109 30 under
1011 2500 42 20 en
1077 2494 95 27 extra
1197 2491 346 31 vattenrättsdomare
1566 2491 145 31 föreslås
1737 2490 48 29 in-
