1903 2833
455 122 387 32 Jordbruksutskottets
867 124 178 31 utlåtande
1067 135 42 19 nr
1133 125 39 30 17
1195 126 39 29 år
1258 126 83 30 1967
1603 131 40 29 27

158 201 173 32 särskilda
357 209 108 33 organ
492 202 57 31 för
573 203 102 31 dessa
700 203 187 41 uppgifter.
922 204 6 30 I
955 204 218 32 motionerna
1201 205 28 31 1:
1247 205 61 32 756
1335 207 66 30 och
1428 206 125 32 I:946
1575 208 67 30 har

156 254 198 32 hemställts
376 260 50 29 att
447 257 224 39 principerna
693 258 107 39 enligt
821 259 285 30 allemansrätten
1128 260 94 31 klart
1243 261 159 29 kommer
1425 261 52 30 till
1501 263 142 39 uttryck

157 308 10 29 i
187 309 262 31 instruktionen
471 310 54 30 för
547 313 131 29 statens
700 312 305 31 naturvårdsverk.
1028 314 175 30 Utskottet
1224 314 59 30 vill
1305 315 11 29 i
1337 315 206 40 anslutning
1562 316 80 30 här-

157 362 51 30 till
231 363 115 31 erinra
368 373 59 21 om
449 366 50 28 att
523 365 112 40 tredje
657 366 227 40 lagutskottet
907 368 10 29 i
942 368 59 30 sitt
1025 367 179 31 utlåtande
1231 369 154 30 1964:41
1410 370 81 29 över
1514 370 125 39 Kungl

156 416 123 40 Maj:ts
301 417 132 41 förslag
454 419 52 29 till
527 429 46 30 ny
595 419 267 41 naturvårdslag
883 431 45 19 m.
951 431 44 20 m.
1018 421 166 30 framhöll
1206 423 41 29 de
1270 423 213 39 svårigheter
1504 432 75 21 som
1602 425 39 28 är

157 470 165 31 förenade
353 473 80 29 med
465 482 43 20 en
539 473 218 40 civilrättslig
788 475 171 39 reglering
990 485 41 20 av
1063 476 331 40 allemansrättsliga
1425 477 116 40 frågor
1574 479 65 29 och

155 525 178 40 avstyrkte
361 526 335 40 motionsyrkanden
724 537 56 20 om
808 529 187 39 utredning
1022 539 42 20 av
1091 530 295 31 allemansrätten.
1416 532 126 39 Tredje
1569 532 71 40 lag-

155 578 171 31 utskottet
349 579 187 31 förutsatte
566 581 6 29 i
595 582 289 39 sammanhanget
909 585 48 27 att
981 584 133 29 statens
1136 584 345 31 naturvårdsnämnd
1506 588 58 37 tog
1587 586 52 30 till

154 640 82 21 vara
258 633 43 29 de
321 633 221 39 möjligheter
565 644 74 20 som
663 635 95 30 finns
781 637 50 28 att
853 636 109 39 skapa
985 637 109 29 större
1116 638 137 29 klarhet
1275 639 12 29 i
1309 639 329 39 allemansrättsliga

154 685 128 39 frågor.
306 687 370 33 Jordbruksutskottet
699 689 58 30 vill
781 689 54 30 för
860 690 53 29 sin
938 690 53 30 del
1016 691 185 29 därutöver
1225 692 115 30 erinra
1364 701 56 21 om
1445 695 50 28 att
1519 694 120 29 natur-

152 739 207 40 vårdslagen
385 748 57 32 ger
468 742 289 39 länsstyrelserna
783 743 182 40 möjlighet
990 746 50 28 att
1066 745 111 29 företa
1202 745 94 30 vissa
1321 746 161 39 åtgärder
1507 747 54 29 för
1588 748 48 28 att

153 793 196 31 underlätta
368 794 250 31 allmänhetens
636 795 150 31 tillträde
804 797 53 30 till
877 798 164 29 områden
1061 808 74 20 som
1154 799 39 29 är
1212 809 42 20 av
1273 799 169 40 väsentlig
1462 800 174 40 betydelse

153 846 55 30 för
232 847 229 31 friluftslivet.
486 849 176 30 Utskottet
685 850 182 40 avstyrker
890 852 111 29 under
1024 852 211 40 hänvisning
1258 853 52 30 till
1335 853 57 30 det
1416 854 149 30 anförda
1588 854 50 30 bi-

153 899 62 31 fall
235 901 53 29 till
306 902 228 32 motionerna,
561 904 6 28 I
587 903 219 31 motionerna
825 906 28 28 1:
872 905 59 29 771
953 905 64 30 och
1036 906 45 30 II:
1097 906 62 29 961
1179 907 64 29 har
1263 906 197 40 föreslagits
1480 909 49 29 att
1548 908 89 29 riks-

153 954 111 40 dagen
292 955 12 29 i
332 955 165 31 skrivelse
525 957 54 29 till
606 957 125 39 Kungl.
760 958 106 40 Maj:t
893 959 201 30 hemställer
1123 969 59 21 om
1209 962 50 28 att
1287 961 11 29 i
1327 961 309 40 länsstyrelsernas

153 1008 179 39 uppgifter
357 1009 11 30 i
396 1010 170 29 samband
593 1012 79 29 med
700 1012 356 40 översiktsplanering
1083 1023 43 20 av
1152 1014 249 41 marktillgång
1427 1015 66 30 och
1521 1016 115 29 mark-

152 1062 226 40 användning
410 1064 107 30 måtte
551 1065 81 38 ingå
665 1067 49 28 att
747 1066 132 30 bevaka
913 1067 41 29 de
988 1067 292 30 fritidsintressen
1315 1078 75 20 som
1423 1071 213 38 represente-

150 1123 57 22 ras
230 1125 43 21 av
293 1116 461 41 koloniträdgårdsrörelsen
777 1119 64 30 och
864 1120 84 30 söka
971 1121 137 30 samråd
1128 1122 79 29 med
1228 1122 229 31 intresserade
1479 1123 157 30 kommu-

151 1178 63 21 ner
246 1171 65 29 och
343 1171 462 40 koloniträdgårdsrörelsen
838 1173 54 30 för
926 1174 211 40 anläggning
1169 1185 42 20 av
1243 1176 298 31 koloniområden.
1576 1178 59 29 Ut-

151 1222 129 33 skottet
301 1223 116 31 finner
440 1224 56 30 det
517 1225 189 31 värdefullt
727 1228 50 28 att
799 1227 260 31 motionärerna
1079 1228 108 31 riktat
1210 1231 359 38 uppmärksamheten
1591 1231 44 39 på

151 1277 115 30 denna
291 1278 110 38 fråga,
428 1288 75 20 som
530 1280 37 28 är
595 1289 42 20 av
661 1280 175 39 betydelse
863 1281 54 29 för
943 1282 71 29 inte
1042 1282 107 30 minst
1175 1283 246 41 barnfamiljer
1447 1285 65 29 och
1540 1285 94 29 äldre

149 1338 176 30 personer.
351 1332 13 28 I
389 1331 237 40 föreliggande
650 1333 217 40 proposition
890 1334 191 32 behandlas
1107 1337 192 30 emellertid
1323 1337 124 31 endast
1472 1338 43 30 de
1539 1338 96 30 delar

149 1392 44 21 av
216 1383 370 42 fritidsutredningens
611 1386 133 41 förslag
766 1397 76 21 som
866 1388 105 39 gäller
996 1390 56 30 det
1076 1389 128 40 rörliga
1229 1390 227 31 friluftslivet.
1482 1391 67 30 Till
1574 1392 61 30 fri-

148 1437 324 40 tidsutredningens
495 1439 131 40 förslag
646 1441 12 29 i
680 1441 98 39 fråga
800 1451 57 20 om
878 1442 44 30 bl.
946 1452 29 20 a.
998 1443 327 40 koloniträdgårdar
1348 1445 97 30 torde
1469 1446 166 39 ställning

150 1490 149 31 sålunda
324 1492 37 30 få
385 1493 52 29 tas
463 1494 11 28 i
500 1497 106 27 annat
633 1495 264 40 sammanhang.
923 1496 79 29 Med
1027 1497 139 39 hänsyn
1190 1497 119 30 härtill
1336 1507 100 21 anser
1463 1499 170 29 utskottet

149 1544 52 39 sig
222 1546 29 39 ej
276 1545 86 31 böra
381 1546 138 31 biträda
541 1556 48 21 nu
611 1547 265 39 ifrågavarande
898 1550 345 39 motionsyrkanden.

194 1598 169 40 Slutligen
382 1599 63 30 har
464 1601 11 29 i
495 1601 218 31 motionerna
733 1602 28 29 I:
780 1602 60 30 753
861 1604 65 28 och
946 1603 44 30 II:
1007 1603 62 30 942
1090 1604 196 31 hemställts
1306 1614 58 21 om
1383 1615 42 20 en
1446 1606 188 40 utredning

149 1651 179 39 angående
346 1653 207 40 disposition
572 1664 41 20 av
629 1655 333 39 jaktvårdsmedlen.
981 1658 116 39 Enligt
1116 1659 277 30 motionärernas
1413 1661 141 39 mening
1570 1661 63 29 bör

149 1705 57 30 det
225 1706 199 39 uppdragas
444 1707 35 31 åt
498 1709 131 29 statens
650 1710 296 30 naturvårdsverk
965 1713 49 28 att
1033 1712 53 29 till
1106 1712 125 39 Kungl.
1252 1713 106 40 Maj:t
1378 1715 165 38 upprätta
1564 1715 68 29 för-

148 1758 74 40 slag
243 1769 57 21 om
322 1760 67 30 hur
412 1760 265 39 ifrågavarande
700 1763 112 30 medel
834 1764 89 30 skall
945 1764 152 33 fördelas
1120 1766 64 29 och
1208 1766 188 31 användas.
1420 1768 210 38 Härigenom

148 1812 113 30 skulle
284 1822 93 27 man,
401 1823 101 21 anser
526 1815 269 36 motionärerna,
819 1816 121 31 kunna
964 1818 71 31 helt
1060 1819 239 31 sammanföra
1321 1820 122 40 jakten
1468 1822 65 29 och
1555 1822 76 29 vilt-

146 1865 131 31 vården
295 1868 54 29 till
366 1869 48 28 ett
433 1868 226 31 ämbetsverk.
677 1869 172 31 Utskottet
867 1871 60 30 vill
945 1871 57 30 för
1020 1872 54 30 sin
1093 1873 53 29 del
1165 1873 114 31 erinra
1298 1883 56 21 om
1372 1876 48 28 att
1437 1875 195 37 jaktvårds-

147 1919 132 31 fonden
301 1921 104 40 enligt
429 1922 189 39 stadgande
640 1924 11 29 i
673 1923 100 40 lagen
794 1933 57 21 om
872 1925 70 31 rätt
962 1926 54 29 till
1037 1926 78 40 jakt
1137 1927 89 30 skall
1249 1927 87 30 efter
1359 1928 124 40 Kungl.
1507 1930 123 39 Maj:ts

146 1972 257 33 bestämmande
425 1976 176 30 användas
621 1978 52 29 till
694 1977 195 37 främjande
910 1988 42 21 av
972 1979 206 37 jaktvården
1197 1981 96 30 inom
1313 1982 97 30 riket.
1432 1983 199 30 Framställ-

146 2026 85 40 ning
250 2036 57 22 om
327 2027 122 41 bidrag
468 2039 41 20 ur
529 2029 132 30 fonden
681 2031 79 38 görs
780 2031 105 40 enligt
905 2033 203 30 nuvarande
1128 2034 149 40 ordning
1296 2035 114 31 direkt
1432 2036 51 29 till
1504 2036 126 40 Kungl.

145 2080 116 40 Maj:t.
282 2081 88 31 Över
389 2082 153 31 Svenska
559 2083 323 37 jägareförbundets
902 2085 108 38 årliga
1030 2087 396 40 anslagsframställning
1443 2090 64 30 har
1526 2091 105 37 enligt

145 2134 67 29 vad
233 2135 171 30 utskottet
427 2136 121 31 erfarit
569 2137 127 30 hittills
715 2139 240 40 regelmässigt
976 2140 192 31 inhämtats
1190 2143 162 38 yttrande
1375 2143 79 29 från
1477 2144 154 40 tillsyns-

145 2187 251 40 myndigheten
415 2190 81 29 över
513 2190 123 39 jakten
657 2191 64 30 och
740 2191 194 31 viltvården
954 2194 11 29 i
984 2193 100 31 riket.
1107 2194 129 31 Sådant
1256 2197 161 38 yttrande
1437 2197 71 30 kan
1529 2198 102 30 alltså

144 2240 12 29 i
175 2241 269 38 fortsättningen
463 2243 178 31 förväntas
660 2245 139 31 komma
820 2248 48 28 att
886 2246 173 32 inhämtas
1080 2248 80 30 från
1179 2250 128 29 statens
1327 2251 303 31 naturvårdsverk.

145 2294 117 40 Enligt
281 2296 189 30 utskottets
489 2297 229 41 uppfattning
735 2299 64 30 har
819 2299 75 30 skäl
913 2301 75 29 icke
1008 2301 192 38 förebragts
1220 2303 56 29 för
1295 2305 48 28 att
1362 2304 66 29 den
1447 2314 42 21 av
1508 2306 122 29 motio-

144 2348 150 31 närerna
316 2349 199 40 föreslagna
535 2351 194 39 ordningen
750 2353 112 30 skulle
883 2354 158 30 medföra
1062 2355 108 40 några
1192 2356 173 31 särskilda
1386 2358 162 31 fördelar.
1570 2360 60 30 Ut-

145 2402 129 31 skottet
294 2402 116 31 finner
431 2404 118 30 därför
570 2405 218 31 motionerna
808 2407 30 39 ej
861 2408 168 30 motivera
1049 2408 116 40 någon
1184 2409 122 40 åtgärd
1327 2421 42 20 av
1386 2411 198 41 riksdagen.
