1870 2780
1622 151 42 31 39

174 244 112 38 dagen
305 244 84 29 eller
408 242 104 38 något
532 250 41 21 av
592 240 79 29 dess
690 246 107 31 organ
828 256 1 3 —
880 237 211 29 bestämmer
1111 236 117 28 annat.
1249 233 117 38 Enligt
1386 232 277 38 tjänstemanna-

175 296 149 38 stadgan
345 296 55 29 för
420 294 204 38 riksdagens
646 290 363 38 förvaltningskontor
1028 289 64 29 och
1113 287 206 37 riksdagens
1340 285 85 30 verk
1446 284 107 39 gäller
1572 281 92 30 vissa

177 350 179 37 undantag
384 348 80 29 från
492 343 474 41 statstjänstemannalagens
994 342 179 30 allmänna
1201 338 183 30 föreskrift
1412 347 57 20 om
1497 336 167 39 tjänsters

178 402 227 39 kungörande
426 401 52 29 till
499 400 157 29 ansökan
678 398 122 38 lediga.
821 397 131 29 Sådant
971 393 228 40 kungörande
1220 394 38 28 är
1278 391 149 30 sålunda
1447 390 30 39 ej
1501 388 165 30 föreskri-

179 458 54 26 vet
250 456 10 28 i
278 454 99 39 fråga
393 463 58 20 om
467 454 72 28 dels
557 453 110 38 tjänst
685 460 74 20 som
777 452 38 28 är
831 448 162 40 placerad
1010 448 43 38 på
1070 446 164 39 löneplan
1250 445 24 29 C
1290 445 66 29 och
1372 444 73 29 dels
1462 444 96 28 extra
1575 441 91 30 ordi-

178 508 96 29 narie
294 507 84 29 eller
398 508 96 27 extra
514 505 150 38 tjänster
683 512 42 21 av
745 503 93 29 vissa
858 501 151 38 angivna
1030 500 73 38 slag
1124 500 91 28 samt
1235 496 307 39 arvodestjänster.

223 559 237 37 Utredningen
489 557 160 30 förordar
676 558 50 27 att
753 555 41 29 de
822 555 10 29 i
860 550 413 41 tjänstemannastadgan
1301 549 153 38 angivna
1480 554 186 22 normerna

180 613 55 29 för
263 610 321 40 ledigkungörande
613 619 43 20 av
684 609 150 38 tjänster
864 607 89 29 skall
983 607 64 37 äga
1074 603 223 39 tillämpning
1326 603 88 29 även
1443 601 11 29 i
1484 600 98 38 fråga
1610 607 57 20 om

178 666 152 38 tjänster
354 665 96 28 inom
474 664 189 29 kamrarna
686 661 64 29 och
775 660 191 29 utskotten.
992 657 168 39 Åtgärder
1184 656 55 29 för
1263 653 319 40 ledigförklarande
1607 652 60 29 bör

180 719 115 29 vidtas
311 728 43 20 av
369 718 57 29 det
443 724 107 32 organ
567 725 75 20 som
658 715 63 29 har
739 716 50 28 att
805 713 148 30 tillsätta
969 712 166 38 tjänsten.

231 825 169 38 Slutligen
416 823 58 29 må
490 823 11 29 i
516 822 94 29 detta
627 819 256 39 sammanhang
898 818 142 30 beröras
1057 816 124 39 frågan
1197 824 56 20 om
1271 813 212 31 besvärsrätt
1500 812 10 29 i
1525 811 146 39 tjänste-

187 875 396 40 tillsättningsärenden.

230 930 268 31 Bestämmelser
519 928 129 30 saknas
668 927 71 29 f.n.
759 935 57 20 om
835 924 214 30 besvärsrätt
1068 923 11 29 i
1100 921 152 31 ärenden
1272 918 170 32 avseende
1462 917 210 38 tillsättning

184 994 45 20 av
250 984 239 38 befattningar
511 982 64 29 hos
597 980 207 39 riksdagens
828 979 143 28 kamrar
993 977 66 29 och
1082 975 145 30 utskott.
1252 975 103 28 Detta
1379 971 294 38 sammanhänger

184 1038 82 30 med
288 1038 68 29 den
379 1035 202 31 nuvarande
604 1032 383 40 anställningsformen,
1012 1029 106 39 enligt
1142 1028 117 29 vilken
1282 1026 288 40 tjänstemännen
1594 1025 79 28 över

187 1092 55 39 lag
264 1091 188 30 betecknas
476 1098 74 21 som
575 1087 188 39 »>tillfälligt
785 1084 208 31 anställda».
1016 1081 231 32 Annorlunda
1268 1081 67 29 blir
1359 1077 236 32 förhållandet
1616 1076 57 30 vid

185 1148 52 27 ett
258 1143 281 40 förverkligande
561 1152 42 20 av
624 1141 251 38 utredningens
898 1138 130 38 förslag
1048 1146 57 20 om
1127 1134 199 31 inrättande
1348 1142 43 21 av
1412 1132 92 30 fasta
1524 1131 150 39 tjänster

186 1199 67 29 och
273 1197 172 40 reglering
466 1197 11 29 i
498 1195 110 39 övrigt
629 1203 43 21 av
691 1191 471 41 riksdagstjänstemännens
1183 1183 491 42 anställningsförhållanden.

189 1252 140 39 Frågan
347 1260 58 20 om
423 1249 213 31 besvärsrätt
655 1248 71 29 kan
744 1247 46 29 då
807 1246 73 30 inte
898 1246 138 28 lämnas
1055 1244 20 29 å
1095 1242 84 31 sido.

236 1306 67 29 Till
329 1314 43 20 en
397 1303 126 39 början
549 1302 58 29 må
632 1300 208 30 framhållas
866 1300 50 28 att
941 1298 96 29 inom
1062 1294 267 41 ifrågavarande
1355 1292 143 30 område
1524 1291 70 29 kan
1619 1299 57 20 ur-

190 1359 127 39 skiljas
337 1367 44 20 en
401 1365 112 31 grupp
533 1354 218 40 tjänstemän
770 1353 96 29 vilka
887 1351 111 30 måste
1020 1359 102 20 anses
1142 1350 76 28 inta
1237 1357 44 20 en
1302 1346 139 40 speciell
1463 1343 214 31 förtroende-

190 1412 168 38 ställning
379 1411 11 29 i
412 1408 220 32 förhållande
653 1407 53 30 till
728 1407 57 29 det
805 1405 273 39 riksdagsorgan
1100 1411 75 21 som
1197 1403 108 28 utsett
1327 1400 91 29 dem.
1440 1397 237 39 Utredningen

188 1466 138 39 åsyftar
348 1465 209 29 kamrarnas
581 1462 214 29 sekreterare
819 1460 91 29 samt
935 1454 403 41 sekreterarpersonalen
1362 1453 12 29 i
1397 1453 190 29 utskotten.
1611 1451 67 29 En-

191 1520 62 39 ligt
274 1518 252 38 utredningens
548 1515 140 39 mening
709 1514 61 29 bör
791 1512 214 30 besvärsrätt
1026 1511 72 28 inte
1120 1508 167 39 föreligga
1308 1507 12 30 i
1341 1506 100 39 fråga
1462 1515 56 20 om
1539 1505 140 29 tillsätt-

194 1574 84 38 ning
294 1582 42 20 av
351 1572 151 39 tjänster
518 1570 54 29 för
587 1568 148 31 berörda
750 1566 228 40 tjänstemän.
996 1564 121 30 Såsom
1134 1561 155 39 framgår
1306 1570 43 20 av
1363 1560 68 29 vad
1447 1558 230 38 utredningen

194 1628 11 28 i
220 1628 108 28 annat
345 1624 255 38 sammanhang
616 1621 102 31 anför
734 1629 99 21 avses
847 1618 212 39 tillsättning
1074 1626 43 20 av
1131 1613 268 41 ifrågavarande
1415 1613 149 39 tjänster
1582 1611 97 30 skola

194 1681 62 29 ske
276 1682 87 27 utan
382 1673 426 44 kungörelseförfarande.

239 1731 228 32 Beträffande
493 1725 480 45 tjänstetillsättningsbeslut
1000 1725 11 29 i
1039 1723 118 39 övriga
1184 1722 62 30 fall
1274 1722 96 29 inom
1398 1720 191 29 kamrarna
1616 1717 63 30 och

197 1788 182 29 utskotten
402 1794 103 30 synes
528 1781 193 32 emellertid
745 1780 76 30 skäl
845 1780 72 29 inte
942 1778 167 38 föreligga
1132 1778 51 28 att
1207 1775 125 30 avvika
1357 1773 81 30 från
1461 1773 100 39 eljest
1585 1772 97 29 inom

191 1839 353 38 statsförvaltningen
564 1834 203 40 tillämpade
789 1832 227 41 grundsatser
1037 1829 170 31 avseende
1228 1827 225 31 besvärsrätt.
1475 1825 207 39 Utredning-

197 1904 43 20 en
261 1894 102 39 utgår
385 1892 120 29 därför
526 1890 80 30 från
628 1891 50 28 att
700 1888 109 30 sådan
830 1887 71 29 rätt
923 1885 88 30 skall
1033 1884 168 38 föreligga
1222 1883 10 29 i
1253 1882 121 39 dylika
1395 1880 72 30 fall.

240 1948 85 29 F.n.
357 1947 38 29 är
424 1944 288 31 bankoutskottet
742 1940 282 31 besvärsinstans
1053 1935 222 32 beträffande
1304 1933 378 41 tjänstetillsättnings-

195 2002 115 30 beslut
338 2009 74 21 som
439 1999 122 30 fattats
587 2006 42 20 av
654 1995 208 39 riksdagens
888 1991 361 39 förvaltningskontor
1275 1989 66 30 och
1366 1987 207 39 riksdagens
1600 1985 84 30 verk

198 2057 165 28 ävensom
382 2054 11 29 i
414 2052 110 40 övrigt
544 2049 222 32 beträffande
785 2048 115 30 beslut
919 2046 107 39 enligt
1047 2041 457 42 statstjänstemannalagen
1524 2040 82 30 eller
1627 2048 58 20 en-

200 2110 61 38 ligt
284 2106 244 32 bestämmelse
552 2113 75 21 som
649 2102 193 31 meddelats
864 2100 80 30 med
967 2099 78 30 stöd
1066 2107 43 21 av
1130 2098 111 38 lagen.
1265 2097 104 29 Detta
1391 2095 145 29 innebär
1559 2095 50 28 att
1633 2095 52 27 ut-

197 2163 132 30 skottet
352 2162 65 28 har
440 2162 50 27 att
513 2159 108 39 pröva
643 2157 122 30 besvär
789 2156 80 29 över
892 2153 114 30 beslut
1030 2161 42 21 av
1093 2151 207 38 riksdagens
1325 2147 361 39 förvaltningskontor

194 2217 87 29 eller
301 2214 208 39 riksdagens
528 2212 85 29 verk
634 2220 74 21 som
730 2218 98 21 avser
850 2208 71 29 inte
942 2207 85 30 bara
1046 2203 346 42 tjänstetillsättning
1415 2204 85 27 utan
1522 2202 87 28 även
1630 2209 55 20 ex-

197 2269 171 40 empelvis
384 2266 229 41 uppsägning,
629 2262 232 40 avstängning
877 2261 80 30 från
972 2260 26 39 tj
1006 2258 202 40 änstgöring
1223 2257 65 30 och
1304 2255 205 40 disciplinär
1523 2253 164 31 bestraff-

201 2324 94 39 ning,
325 2321 149 31 sålunda
499 2328 85 21 rena
610 2316 219 40 rättsfrågor.
857 2314 176 31 Utskottet
1062 2313 37 29 är
1127 2311 124 30 härvid
1278 2310 90 30 enda
1395 2308 290 31 besvärsinstans.

203 2378 98 29 Inom
318 2377 67 29 den
402 2374 126 39 Kungl.
546 2373 105 39 Maj:t
667 2368 242 33 underställda
926 2365 348 39 statsförvaltningen
1292 2364 126 40 prövas
1436 2362 133 30 sådana
1584 2359 103 31 rätts-

202 2431 124 30 besvär
348 2430 11 29 i
382 2427 293 41 regeringsrätten
699 2433 76 22 som
794 2423 127 39 högsta
943 2422 147 29 instans.
1113 2419 208 38 Ytterligare
1344 2417 59 29 må
1426 2415 188 31 anmärkas
1638 2415 50 28 att

204 2483 290 31 bankoutskottet
512 2481 37 29 är
566 2478 281 32 besvärsinstans
864 2477 87 28 även
968 2475 11 29 i
996 2474 71 30 helt
1085 2472 110 31 andra
1214 2472 91 39 slags
1325 2469 153 31 ärenden
1496 2470 44 29 än
1558 2467 131 31 sådana
