1890 2770
227 163 42 31 80

270 242 75 30 Vad
364 252 48 20 nu
433 246 93 37 sagts
548 245 89 30 skall
656 246 132 39 jämväl
808 249 92 39 gälla
918 249 11 30 i
950 250 62 30 fall
1031 251 46 30 då
1096 252 226 39 tjänsteman,
1345 264 77 21 som
1441 256 42 31 fr.
1504 266 30 21 o.
1555 267 46 21 m.
1626 259 83 30 1962

224 285 56 30 års
297 286 142 41 riksdag
453 289 91 30 varit
559 290 238 31 underkastad
812 294 155 30 nämnda
983 295 450 40 avlöningsbestämmelser
1446 301 66 29 och
1528 303 179 39 samtidigt

224 330 147 39 åtnjutit
383 333 167 39 avlöning
564 333 79 31 från
660 344 117 21 annan
793 338 314 40 statsanställning,
1125 341 150 30 erhåller
1289 343 112 38 tjänst
1416 345 12 29 i
1443 345 68 29 den
1526 355 69 30 nya
1611 355 96 31 orga-

223 374 197 31 nisationen
437 377 66 29 och
519 377 124 31 därvid
659 379 148 31 erhåller
824 381 94 39 lägre
934 383 165 40 avlöning
1116 385 44 29 än
1179 394 74 21 som
1272 389 194 30 motsvarar
1483 399 165 21 summan
1665 401 41 20 av

222 418 68 30 den
311 419 81 30 från
412 420 89 31 båda
523 424 392 40 statsanställningarna
937 428 186 38 uppburna
1143 426 219 48 avlöningen.

266 463 204 41 Ersättning
484 474 74 21 som
573 467 66 29 här
652 476 100 21 avses
765 470 57 29 må
836 469 76 30 icke
928 470 11 30 i
953 471 106 39 något
1073 471 62 31 fall
1151 474 172 40 överstiga
1337 476 66 30 vad
1418 477 286 39 tjänstemannen

220 507 168 39 uppburit
419 508 80 30 från
532 510 187 40 riksdagen
751 513 107 40 enligt
892 516 247 30 ovannämnda
1171 518 447 40 avlöningsbestämmelser
1651 524 54 29 för

220 551 97 30 tiden
341 553 197 33 1/7—31/12
564 555 94 30 1966.

266 596 201 30 Stockholm
485 597 66 31 den
572 599 39 29 14
629 601 193 38 september
842 601 83 31 1966

574 697 69 29 För
668 697 206 41 riksdagens
898 702 448 43 organisationsutredning

799 761 137 40 Fridolf
956 763 161 40 Thapper

408 837 385 39 Statstjänarkartellen
1145 846 397 39 Statstjänstemännens

461 890 119 40 Henry
605 891 129 31 Ahldin
1231 890 227 32 riksförbund

1163 942 67 30 Jan
1256 943 37 30 F.
1318 945 203 31 Neumiller

389 1014 155 39 Sveriges
563 1016 243 32 akademikers
1095 1022 319 39 Tjänstemännens
1441 1028 147 29 central-

411 1055 370 48 centralorganisation
1153 1068 255 38 organisations
1430 1073 100 28 stats-

441 1111 92 30 Mats
559 1112 188 39 Börjesson
1138 1111 403 39 tjänstemannasektion

1207 1164 117 41 Henry
1351 1167 120 30 Lunde
