<?xml version="1.0" encoding="UTF-8"?>
<alto xmlns="http://www.loc.gov/standards/alto/ns-v3#" xmlns:xlink="http://www.w3.org/1999/xlink" xmlns:xsi="http://www.w3.org/2001/XMLSchema-instance" xsi:schemaLocation="http://www.loc.gov/standards/alto/ns-v3# http://www.loc.gov/alto/v3/alto-3-0.xsd">
	<Description>
		<MeasurementUnit>pixel</MeasurementUnit>
		<sourceImageInformation>
			<fileName>/tmp/tess_v16p1wf4_input.PNG</fileName>
		</sourceImageInformation>
		<OCRProcessing ID="OCR_0">
			<ocrProcessingStep>
				<processingSoftware>
					<softwareName>tesseract 5.3.0</softwareName>
				</processingSoftware>
			</ocrProcessingStep>
		</OCRProcessing>
	</Description>
	<Layout>
		<Page WIDTH="2206" HEIGHT="2642" PHYSICAL_IMG_NR="0" ID="page_0">
			<PrintSpace HPOS="0" VPOS="0" WIDTH="2206" HEIGHT="2642">
				<ComposedBlock ID="cblock_0" HPOS="422" VPOS="178" WIDTH="1030" HEIGHT="43">
					<TextBlock ID="block_0" HPOS="422" VPOS="178" WIDTH="1030" HEIGHT="43">
						<TextLine ID="line_0" HPOS="422" VPOS="178" WIDTH="1030" HEIGHT="43">
							<String ID="string_0" HPOS="422" VPOS="181" WIDTH="18" HEIGHT="31" WC="0.96" CONTENT="8"/><SP WIDTH="447" VPOS="181" HPOS="440"/>
							<String ID="string_1" HPOS="887" VPOS="180" WIDTH="233" HEIGHT="41" WC="0.68" CONTENT="Lagutskottets"/><SP WIDTH="22" VPOS="180" HPOS="1120"/>
							<String ID="string_2" HPOS="1142" VPOS="178" WIDTH="162" HEIGHT="33" WC="0.96" CONTENT="utlåtande"/><SP WIDTH="23" VPOS="178" HPOS="1304"/>
							<String ID="string_3" HPOS="1327" VPOS="178" WIDTH="52" HEIGHT="32" WC="0.94" CONTENT="Nr"/><SP WIDTH="22" VPOS="178" HPOS="1379"/>
							<String ID="string_4" HPOS="1401" VPOS="179" WIDTH="51" HEIGHT="31" WC="0.95" CONTENT="37."/>
						</TextLine>
					</TextBlock>
				</ComposedBlock>
				<ComposedBlock ID="cblock_1" HPOS="379" VPOS="256" WIDTH="1597" HEIGHT="457">
					<TextBlock ID="block_1" HPOS="379" VPOS="256" WIDTH="1596" HEIGHT="300">
						<TextLine ID="line_1" HPOS="379" VPOS="256" WIDTH="1594" HEIGHT="52">
							<String ID="string_5" HPOS="379" VPOS="259" WIDTH="142" HEIGHT="38" WC="0.96" CONTENT="krafter"/><SP WIDTH="41" VPOS="259" HPOS="521"/>
							<String ID="string_6" HPOS="562" VPOS="263" WIDTH="99" HEIGHT="33" WC="0.95" CONTENT="samt"/><SP WIDTH="28" VPOS="263" HPOS="661"/>
							<String ID="string_7" HPOS="689" VPOS="259" WIDTH="58" HEIGHT="37" WC="0.96" CONTENT="för"/><SP WIDTH="27" VPOS="259" HPOS="747"/>
							<String ID="string_8" HPOS="774" VPOS="258" WIDTH="117" HEIGHT="49" WC="0.96" CONTENT="öfrigt"/><SP WIDTH="27" VPOS="258" HPOS="891"/>
							<String ID="string_9" HPOS="918" VPOS="264" WIDTH="120" HEIGHT="44" WC="0.96" CONTENT="gärna"/><SP WIDTH="27" VPOS="264" HPOS="1038"/>
							<String ID="string_10" HPOS="1065" VPOS="257" WIDTH="193" HEIGHT="51" WC="0.96" CONTENT="uppsöker"/><SP WIDTH="27" VPOS="257" HPOS="1258"/>
							<String ID="string_11" HPOS="1285" VPOS="257" WIDTH="235" HEIGHT="37" WC="0.96" CONTENT="ämbetsmän"/><SP WIDTH="28" VPOS="257" HPOS="1520"/>
							<String ID="string_12" HPOS="1548" VPOS="260" WIDTH="125" HEIGHT="33" WC="0.96" CONTENT="såsom"/><SP WIDTH="29" VPOS="260" HPOS="1673"/>
							<String ID="string_13" HPOS="1702" VPOS="256" WIDTH="81" HEIGHT="37" WC="0.93" CONTENT="sina"/><SP WIDTH="28" VPOS="256" HPOS="1783"/>
							<String ID="string_14" HPOS="1811" VPOS="256" WIDTH="162" HEIGHT="37" WC="0.92" CONTENT="talsmän"/>
						</TextLine>
						<TextLine ID="line_2" HPOS="380" VPOS="308" WIDTH="1594" HEIGHT="52">
							<String ID="string_15" HPOS="380" VPOS="311" WIDTH="70" HEIGHT="37" WC="0.96" CONTENT="och"/><SP WIDTH="27" VPOS="311" HPOS="450"/>
							<String ID="string_16" HPOS="477" VPOS="312" WIDTH="11" HEIGHT="36" WC="0.96" CONTENT="i"/><SP WIDTH="28" VPOS="312" HPOS="488"/>
							<String ID="string_17" HPOS="516" VPOS="311" WIDTH="119" HEIGHT="49" WC="0.96" CONTENT="öfrigt"/><SP WIDTH="40" VPOS="311" HPOS="635"/>
							<String ID="string_18" HPOS="675" VPOS="324" WIDTH="136" HEIGHT="36" WC="0.96" CONTENT="genom"/><SP WIDTH="42" VPOS="324" HPOS="811"/>
							<String ID="string_19" HPOS="853" VPOS="311" WIDTH="83" HEIGHT="36" WC="0.96" CONTENT="sina"/><SP WIDTH="39" VPOS="311" HPOS="936"/>
							<String ID="string_20" HPOS="975" VPOS="310" WIDTH="160" HEIGHT="37" WC="0.96" CONTENT="ledande"/><SP WIDTH="34" VPOS="310" HPOS="1135"/>
							<String ID="string_21" HPOS="1169" VPOS="314" WIDTH="86" HEIGHT="32" WC="0.94" CONTENT="män"/><SP WIDTH="29" VPOS="314" HPOS="1255"/>
							<String ID="string_22" HPOS="1284" VPOS="312" WIDTH="77" HEIGHT="34" WC="0.96" CONTENT="står"/><SP WIDTH="27" VPOS="312" HPOS="1361"/>
							<String ID="string_23" HPOS="1388" VPOS="309" WIDTH="11" HEIGHT="36" WC="0.96" CONTENT="i"/><SP WIDTH="30" VPOS="309" HPOS="1399"/>
							<String ID="string_24" HPOS="1429" VPOS="309" WIDTH="62" HEIGHT="36" WC="0.96" CONTENT="det"/><SP WIDTH="27" VPOS="309" HPOS="1491"/>
							<String ID="string_25" HPOS="1518" VPOS="308" WIDTH="217" HEIGHT="50" WC="0.96" CONTENT="personliga"/><SP WIDTH="27" VPOS="308" HPOS="1735"/>
							<String ID="string_26" HPOS="1762" VPOS="312" WIDTH="212" HEIGHT="45" WC="0.96" CONTENT="umgänget"/>
						</TextLine>
						<TextLine ID="line_3" HPOS="380" VPOS="359" WIDTH="1593" HEIGHT="53">
							<String ID="string_27" HPOS="380" VPOS="363" WIDTH="87" HEIGHT="38" WC="0.96" CONTENT="vida"/><SP WIDTH="28" VPOS="363" HPOS="467"/>
							<String ID="string_28" HPOS="495" VPOS="368" WIDTH="172" HEIGHT="32" WC="0.96" CONTENT="närmare"/><SP WIDTH="29" VPOS="368" HPOS="667"/>
							<String ID="string_29" HPOS="696" VPOS="363" WIDTH="72" HEIGHT="36" WC="0.96" CONTENT="alla"/><SP WIDTH="27" VPOS="363" HPOS="768"/>
							<String ID="string_30" HPOS="795" VPOS="362" WIDTH="45" HEIGHT="37" WC="0.93" CONTENT="de"/><SP WIDTH="29" VPOS="362" HPOS="840"/>
							<String ID="string_31" HPOS="869" VPOS="361" WIDTH="437" HEIGHT="51" WC="0.91" CONTENT="myndighetspersoner,"/><SP WIDTH="30" VPOS="361" HPOS="1306"/>
							<String ID="string_32" HPOS="1336" VPOS="374" WIDTH="80" HEIGHT="24" WC="0.96" CONTENT="som"/><SP WIDTH="24" VPOS="374" HPOS="1416"/>
							<String ID="string_33" HPOS="1440" VPOS="360" WIDTH="47" HEIGHT="37" WC="0.93" CONTENT="ha"/><SP WIDTH="21" VPOS="360" HPOS="1487"/>
							<String ID="string_34" HPOS="1508" VPOS="360" WIDTH="223" HEIGHT="49" WC="0.90" CONTENT="afgörandet"/><SP WIDTH="19" VPOS="360" HPOS="1731"/>
							<String ID="string_35" HPOS="1750" VPOS="360" WIDTH="12" HEIGHT="36" WC="0.96" CONTENT="i"/><SP WIDTH="19" VPOS="360" HPOS="1762"/>
							<String ID="string_36" HPOS="1781" VPOS="360" WIDTH="58" HEIGHT="36" WC="0.96" CONTENT="sin"/><SP WIDTH="20" VPOS="360" HPOS="1839"/>
							<String ID="string_37" HPOS="1859" VPOS="359" WIDTH="114" HEIGHT="49" WC="0.96" CONTENT="hand,"/>
						</TextLine>
						<TextLine ID="line_4" HPOS="381" VPOS="412" WIDTH="1593" HEIGHT="52">
							<String ID="string_38" HPOS="381" VPOS="421" WIDTH="47" HEIGHT="31" WC="0.96" CONTENT="än"/><SP WIDTH="24" VPOS="421" HPOS="428"/>
							<String ID="string_39" HPOS="452" VPOS="414" WIDTH="284" HEIGHT="50" WC="0.96" CONTENT="befolkningen."/><SP WIDTH="50" VPOS="414" HPOS="736"/>
							<String ID="string_40" HPOS="786" VPOS="415" WIDTH="55" HEIGHT="36" WC="0.96" CONTENT="De"/><SP WIDTH="28" VPOS="415" HPOS="841"/>
							<String ID="string_41" HPOS="869" VPOS="419" WIDTH="120" HEIGHT="32" WC="0.93" CONTENT="större"/><SP WIDTH="27" VPOS="419" HPOS="989"/>
							<String ID="string_42" HPOS="1016" VPOS="414" WIDTH="254" HEIGHT="49" WC="0.91" CONTENT="godsägarne,"/><SP WIDTH="30" VPOS="414" HPOS="1270"/>
							<String ID="string_43" HPOS="1300" VPOS="426" WIDTH="80" HEIGHT="24" WC="0.96" CONTENT="som"/><SP WIDTH="30" VPOS="426" HPOS="1380"/>
							<String ID="string_44" HPOS="1410" VPOS="413" WIDTH="47" HEIGHT="36" WC="0.96" CONTENT="ha"/><SP WIDTH="27" VPOS="413" HPOS="1457"/>
							<String ID="string_45" HPOS="1484" VPOS="413" WIDTH="66" HEIGHT="36" WC="0.95" CONTENT="råd"/><SP WIDTH="28" VPOS="413" HPOS="1550"/>
							<String ID="string_46" HPOS="1578" VPOS="412" WIDTH="122" HEIGHT="37" WC="0.96" CONTENT="skaffa"/><SP WIDTH="28" VPOS="412" HPOS="1700"/>
							<String ID="string_47" HPOS="1728" VPOS="413" WIDTH="60" HEIGHT="48" WC="0.96" CONTENT="sig"/><SP WIDTH="23" VPOS="413" HPOS="1788"/>
							<String ID="string_48" HPOS="1811" VPOS="412" WIDTH="163" HEIGHT="49" WC="0.96" CONTENT="juridisk"/>
						</TextLine>
						<TextLine ID="line_5" HPOS="381" VPOS="463" WIDTH="1594" HEIGHT="54">
							<String ID="string_49" HPOS="381" VPOS="467" WIDTH="115" HEIGHT="50" WC="0.95" CONTENT="hjälp,"/><SP WIDTH="43" VPOS="467" HPOS="496"/>
							<String ID="string_50" HPOS="539" VPOS="466" WIDTH="122" HEIGHT="38" WC="0.95" CONTENT="skulle"/><SP WIDTH="42" VPOS="466" HPOS="661"/>
							<String ID="string_51" HPOS="703" VPOS="467" WIDTH="68" HEIGHT="37" WC="0.96" CONTENT="ock"/><SP WIDTH="41" VPOS="467" HPOS="771"/>
							<String ID="string_52" HPOS="812" VPOS="466" WIDTH="148" HEIGHT="50" WC="0.96" CONTENT="lyckats"/><SP WIDTH="27" VPOS="466" HPOS="960"/>
							<String ID="string_53" HPOS="987" VPOS="465" WIDTH="120" HEIGHT="37" WC="0.96" CONTENT="skaffa"/><SP WIDTH="29" VPOS="465" HPOS="1107"/>
							<String ID="string_54" HPOS="1136" VPOS="466" WIDTH="61" HEIGHT="48" WC="0.95" CONTENT="sig"/><SP WIDTH="27" VPOS="466" HPOS="1197"/>
							<String ID="string_55" HPOS="1224" VPOS="465" WIDTH="76" HEIGHT="49" WC="0.96" CONTENT="god"/><SP WIDTH="29" VPOS="465" HPOS="1300"/>
							<String ID="string_56" HPOS="1329" VPOS="464" WIDTH="223" HEIGHT="50" WC="0.96" CONTENT="ersättning,"/><SP WIDTH="31" VPOS="464" HPOS="1552"/>
							<String ID="string_57" HPOS="1583" VPOS="464" WIDTH="121" HEIGHT="37" WC="0.96" CONTENT="under"/><SP WIDTH="27" VPOS="464" HPOS="1704"/>
							<String ID="string_58" HPOS="1731" VPOS="464" WIDTH="62" HEIGHT="37" WC="0.96" CONTENT="det"/><SP WIDTH="29" VPOS="464" HPOS="1793"/>
							<String ID="string_59" HPOS="1822" VPOS="469" WIDTH="53" HEIGHT="31" WC="0.96" CONTENT="att"/><SP WIDTH="29" VPOS="469" HPOS="1875"/>
							<String ID="string_60" HPOS="1904" VPOS="463" WIDTH="71" HEIGHT="37" WC="0.96" CONTENT="den"/>
						</TextLine>
						<TextLine ID="line_6" HPOS="382" VPOS="517" WIDTH="927" HEIGHT="39">
							<String ID="string_61" HPOS="382" VPOS="525" WIDTH="101" HEIGHT="31" WC="0.96" CONTENT="stora"/><SP WIDTH="27" VPOS="525" HPOS="483"/>
							<String ID="string_62" HPOS="510" VPOS="532" WIDTH="154" HEIGHT="24" WC="0.96" CONTENT="massan"/><SP WIDTH="28" VPOS="532" HPOS="664"/>
							<String ID="string_63" HPOS="692" VPOS="518" WIDTH="243" HEIGHT="38" WC="0.95" CONTENT="småbrukare"/><SP WIDTH="28" VPOS="518" HPOS="935"/>
							<String ID="string_64" HPOS="963" VPOS="517" WIDTH="125" HEIGHT="37" WC="0.96" CONTENT="blifvit"/><SP WIDTH="28" VPOS="517" HPOS="1088"/>
							<String ID="string_65" HPOS="1116" VPOS="517" WIDTH="193" HEIGHT="37" WC="0.95" CONTENT="åsidosatt."/>
						</TextLine>
					</TextBlock>
					<TextBlock ID="block_2" HPOS="382" VPOS="567" WIDTH="1594" HEIGHT="146">
						<TextLine ID="line_7" HPOS="508" VPOS="567" WIDTH="1468" HEIGHT="53">
							<String ID="string_66" HPOS="508" VPOS="570" WIDTH="115" HEIGHT="37" WC="0.96" CONTENT="Emot"/><SP WIDTH="42" VPOS="570" HPOS="623"/>
							<String ID="string_67" HPOS="665" VPOS="571" WIDTH="108" HEIGHT="37" WC="0.96" CONTENT="dessa"/><SP WIDTH="41" VPOS="571" HPOS="773"/>
							<String ID="string_68" HPOS="814" VPOS="569" WIDTH="290" HEIGHT="51" WC="0.95" CONTENT="uppfattningar"/><SP WIDTH="42" VPOS="569" HPOS="1104"/>
							<String ID="string_69" HPOS="1146" VPOS="569" WIDTH="68" HEIGHT="37" WC="0.91" CONTENT="har"/><SP WIDTH="28" VPOS="569" HPOS="1214"/>
							<String ID="string_70" HPOS="1242" VPOS="572" WIDTH="20" HEIGHT="34" WC="0.91" CONTENT="å"/><SP WIDTH="28" VPOS="572" HPOS="1262"/>
							<String ID="string_71" HPOS="1290" VPOS="570" WIDTH="116" HEIGHT="36" WC="0.96" CONTENT="andra"/><SP WIDTH="41" VPOS="570" HPOS="1406"/>
							<String ID="string_72" HPOS="1447" VPOS="568" WIDTH="106" HEIGHT="38" WC="0.96" CONTENT="sidan"/><SP WIDTH="38" VPOS="568" HPOS="1553"/>
							<String ID="string_73" HPOS="1591" VPOS="568" WIDTH="170" HEIGHT="48" WC="0.93" CONTENT="bolagets"/><SP WIDTH="30" VPOS="568" HPOS="1761"/>
							<String ID="string_74" HPOS="1791" VPOS="567" WIDTH="185" HEIGHT="37" WC="0.93" CONTENT="ställföre-"/>
						</TextLine>
						<TextLine ID="line_8" HPOS="382" VPOS="620" WIDTH="1594" HEIGHT="52">
							<String ID="string_75" HPOS="382" VPOS="623" WIDTH="145" HEIGHT="37" WC="0.92" CONTENT="trädare"/><SP WIDTH="26" VPOS="623" HPOS="527"/>
							<String ID="string_76" HPOS="553" VPOS="621" WIDTH="125" HEIGHT="51" WC="0.93" CONTENT="inlagt"/><SP WIDTH="27" VPOS="621" HPOS="678"/>
							<String ID="string_77" HPOS="705" VPOS="635" WIDTH="171" HEIGHT="37" WC="0.92" CONTENT="gensaga"/><SP WIDTH="29" VPOS="635" HPOS="876"/>
							<String ID="string_78" HPOS="905" VPOS="622" WIDTH="102" HEIGHT="37" WC="0.96" CONTENT="såväl"/><SP WIDTH="25" VPOS="622" HPOS="1007"/>
							<String ID="string_79" HPOS="1032" VPOS="621" WIDTH="11" HEIGHT="36" WC="0.96" CONTENT="i"/><SP WIDTH="21" VPOS="621" HPOS="1043"/>
							<String ID="string_80" HPOS="1064" VPOS="635" WIDTH="45" HEIGHT="23" WC="0.92" CONTENT="en"/><SP WIDTH="30" VPOS="635" HPOS="1109"/>
							<String ID="string_81" HPOS="1139" VPOS="621" WIDTH="175" HEIGHT="49" WC="0.91" CONTENT="utgifven"/><SP WIDTH="29" VPOS="621" HPOS="1314"/>
							<String ID="string_82" HPOS="1343" VPOS="621" WIDTH="112" HEIGHT="37" WC="0.96" CONTENT="skrift"/><SP WIDTH="28" VPOS="621" HPOS="1455"/>
							<String ID="string_83" HPOS="1483" VPOS="634" WIDTH="80" HEIGHT="23" WC="0.96" CONTENT="som"/><SP WIDTH="29" VPOS="634" HPOS="1563"/>
							<String ID="string_84" HPOS="1592" VPOS="633" WIDTH="138" HEIGHT="37" WC="0.95" CONTENT="genom"/><SP WIDTH="29" VPOS="633" HPOS="1730"/>
							<String ID="string_85" HPOS="1759" VPOS="620" WIDTH="217" HEIGHT="49" WC="0.95" CONTENT="personliga"/>
						</TextLine>
						<TextLine ID="line_9" HPOS="382" VPOS="675" WIDTH="230" HEIGHT="38">
							<String ID="string_86" HPOS="382" VPOS="675" WIDTH="230" HEIGHT="38" WC="0.96" CONTENT="uttalanden."/>
						</TextLine>
					</TextBlock>
				</ComposedBlock>
				<ComposedBlock ID="cblock_2" HPOS="383" VPOS="775" WIDTH="1604" HEIGHT="1509">
					<TextBlock ID="block_3" HPOS="383" VPOS="775" WIDTH="1595" HEIGHT="314">
						<TextLine ID="line_10" HPOS="510" VPOS="775" WIDTH="1467" HEIGHT="53">
							<String ID="string_87" HPOS="510" VPOS="779" WIDTH="73" HEIGHT="37" WC="0.96" CONTENT="Det"/><SP WIDTH="41" VPOS="779" HPOS="583"/>
							<String ID="string_88" HPOS="624" VPOS="783" WIDTH="42" HEIGHT="33" WC="0.92" CONTENT="är"/><SP WIDTH="40" VPOS="783" HPOS="666"/>
							<String ID="string_89" HPOS="706" VPOS="779" WIDTH="182" HEIGHT="49" WC="0.92" CONTENT="gifvetvis"/><SP WIDTH="41" VPOS="779" HPOS="888"/>
							<String ID="string_90" HPOS="929" VPOS="779" WIDTH="66" HEIGHT="36" WC="0.96" CONTENT="här"/><SP WIDTH="40" VPOS="779" HPOS="995"/>
							<String ID="string_91" HPOS="1035" VPOS="777" WIDTH="83" HEIGHT="38" WC="0.96" CONTENT="icke"/><SP WIDTH="34" VPOS="777" HPOS="1118"/>
							<String ID="string_92" HPOS="1152" VPOS="777" WIDTH="148" HEIGHT="50" WC="0.96" CONTENT="platsen"/><SP WIDTH="28" VPOS="777" HPOS="1300"/>
							<String ID="string_93" HPOS="1328" VPOS="782" WIDTH="55" HEIGHT="32" WC="0.96" CONTENT="att"/><SP WIDTH="27" VPOS="782" HPOS="1383"/>
							<String ID="string_94" HPOS="1410" VPOS="777" WIDTH="91" HEIGHT="49" WC="0.96" CONTENT="ingå"/><SP WIDTH="28" VPOS="777" HPOS="1501"/>
							<String ID="string_95" HPOS="1529" VPOS="777" WIDTH="12" HEIGHT="36" WC="0.96" CONTENT="i"/><SP WIDTH="29" VPOS="777" HPOS="1541"/>
							<String ID="string_96" HPOS="1570" VPOS="780" WIDTH="117" HEIGHT="45" WC="0.96" CONTENT="något"/><SP WIDTH="28" VPOS="780" HPOS="1687"/>
							<String ID="string_97" HPOS="1715" VPOS="780" WIDTH="170" HEIGHT="33" WC="0.93" CONTENT="närmare"/><SP WIDTH="27" VPOS="780" HPOS="1885"/>
							<String ID="string_98" HPOS="1912" VPOS="775" WIDTH="65" HEIGHT="38" WC="0.91" CONTENT="be-"/>
						</TextLine>
						<TextLine ID="line_11" HPOS="384" VPOS="828" WIDTH="1593" HEIGHT="53">
							<String ID="string_99" HPOS="384" VPOS="831" WIDTH="184" HEIGHT="38" WC="0.96" CONTENT="dömande"/><SP WIDTH="42" VPOS="831" HPOS="568"/>
							<String ID="string_100" HPOS="610" VPOS="832" WIDTH="41" HEIGHT="36" WC="0.92" CONTENT="af"/><SP WIDTH="37" VPOS="832" HPOS="651"/>
							<String ID="string_101" HPOS="688" VPOS="831" WIDTH="134" HEIGHT="50" WC="0.92" CONTENT="själfva"/><SP WIDTH="40" VPOS="831" HPOS="822"/>
							<String ID="string_102" HPOS="862" VPOS="843" WIDTH="199" HEIGHT="37" WC="0.96" CONTENT="processen"/><SP WIDTH="42" VPOS="843" HPOS="1061"/>
							<String ID="string_103" HPOS="1103" VPOS="829" WIDTH="89" HEIGHT="37" WC="0.93" CONTENT="eller"/><SP WIDTH="27" VPOS="829" HPOS="1192"/>
							<String ID="string_104" HPOS="1219" VPOS="830" WIDTH="275" HEIGHT="48" WC="0.91" CONTENT="befogenheten"/><SP WIDTH="28" VPOS="830" HPOS="1494"/>
							<String ID="string_105" HPOS="1522" VPOS="829" WIDTH="41" HEIGHT="36" WC="0.96" CONTENT="af"/><SP WIDTH="26" VPOS="829" HPOS="1563"/>
							<String ID="string_106" HPOS="1589" VPOS="829" WIDTH="46" HEIGHT="36" WC="0.96" CONTENT="de"/><SP WIDTH="29" VPOS="829" HPOS="1635"/>
							<String ID="string_107" HPOS="1664" VPOS="828" WIDTH="202" HEIGHT="49" WC="0.96" CONTENT="klagomål,"/><SP WIDTH="30" VPOS="828" HPOS="1866"/>
							<String ID="string_108" HPOS="1896" VPOS="841" WIDTH="81" HEIGHT="24" WC="0.96" CONTENT="som"/>
						</TextLine>
						<TextLine ID="line_12" HPOS="383" VPOS="880" WIDTH="1595" HEIGHT="50">
							<String ID="string_109" HPOS="383" VPOS="883" WIDTH="156" HEIGHT="38" WC="0.96" CONTENT="sålunda"/><SP WIDTH="27" VPOS="883" HPOS="539"/>
							<String ID="string_110" HPOS="566" VPOS="882" WIDTH="271" HEIGHT="38" WC="0.96" CONTENT="framkommit."/><SP WIDTH="55" VPOS="882" HPOS="837"/>
							<String ID="string_111" HPOS="892" VPOS="883" WIDTH="87" HEIGHT="37" WC="0.95" CONTENT="Men"/><SP WIDTH="28" VPOS="883" HPOS="979"/>
							<String ID="string_112" HPOS="1007" VPOS="882" WIDTH="46" HEIGHT="37" WC="0.91" CONTENT="de"/><SP WIDTH="28" VPOS="882" HPOS="1053"/>
							<String ID="string_113" HPOS="1081" VPOS="881" WIDTH="184" HEIGHT="49" WC="0.92" CONTENT="ostridiga"/><SP WIDTH="27" VPOS="881" HPOS="1265"/>
							<String ID="string_114" HPOS="1292" VPOS="880" WIDTH="350" HEIGHT="38" WC="0.90" CONTENT="sakförhållandena"/><SP WIDTH="28" VPOS="880" HPOS="1642"/>
							<String ID="string_115" HPOS="1670" VPOS="880" WIDTH="11" HEIGHT="36" WC="0.96" CONTENT="i"/><SP WIDTH="29" VPOS="880" HPOS="1681"/>
							<String ID="string_116" HPOS="1710" VPOS="880" WIDTH="64" HEIGHT="37" WC="0.96" CONTENT="det"/><SP WIDTH="28" VPOS="880" HPOS="1774"/>
							<String ID="string_117" HPOS="1802" VPOS="894" WIDTH="50" HEIGHT="22" WC="0.92" CONTENT="nu"/><SP WIDTH="29" VPOS="894" HPOS="1852"/>
							<String ID="string_118" HPOS="1881" VPOS="880" WIDTH="97" HEIGHT="36" WC="0.92" CONTENT="före-"/>
						</TextLine>
						<TextLine ID="line_13" HPOS="384" VPOS="931" WIDTH="1593" HEIGHT="54">
							<String ID="string_119" HPOS="384" VPOS="935" WIDTH="180" HEIGHT="50" WC="0.94" CONTENT="liggande"/><SP WIDTH="42" VPOS="935" HPOS="564"/>
							<String ID="string_120" HPOS="606" VPOS="935" WIDTH="117" HEIGHT="49" WC="0.94" CONTENT="fallet,"/><SP WIDTH="41" VPOS="935" HPOS="723"/>
							<String ID="string_121" HPOS="764" VPOS="948" WIDTH="80" HEIGHT="24" WC="0.96" CONTENT="som"/><SP WIDTH="34" VPOS="948" HPOS="844"/>
							<String ID="string_122" HPOS="878" VPOS="934" WIDTH="212" HEIGHT="49" WC="0.96" CONTENT="säkerligen"/><SP WIDTH="28" VPOS="934" HPOS="1090"/>
							<String ID="string_123" HPOS="1118" VPOS="933" WIDTH="150" HEIGHT="37" WC="0.96" CONTENT="komme"/><SP WIDTH="23" VPOS="933" HPOS="1268"/>
							<String ID="string_124" HPOS="1291" VPOS="938" WIDTH="54" HEIGHT="31" WC="0.92" CONTENT="att"/><SP WIDTH="29" VPOS="938" HPOS="1345"/>
							<String ID="string_125" HPOS="1374" VPOS="933" WIDTH="206" HEIGHT="49" WC="0.91" CONTENT="efterföljas"/><SP WIDTH="30" VPOS="933" HPOS="1580"/>
							<String ID="string_126" HPOS="1610" VPOS="933" WIDTH="40" HEIGHT="35" WC="0.96" CONTENT="af"/><SP WIDTH="23" VPOS="933" HPOS="1650"/>
							<String ID="string_127" HPOS="1673" VPOS="932" WIDTH="89" HEIGHT="37" WC="0.96" CONTENT="flera"/><SP WIDTH="28" VPOS="932" HPOS="1762"/>
							<String ID="string_128" HPOS="1790" VPOS="931" WIDTH="187" HEIGHT="48" WC="0.96" CONTENT="liknande,"/>
						</TextLine>
						<TextLine ID="line_14" HPOS="383" VPOS="983" WIDTH="1593" HEIGHT="53">
							<String ID="string_129" HPOS="383" VPOS="988" WIDTH="119" HEIGHT="47" WC="0.96" CONTENT="kasta,"/><SP WIDTH="41" VPOS="988" HPOS="502"/>
							<String ID="string_130" HPOS="543" VPOS="990" WIDTH="41" HEIGHT="34" WC="0.94" CONTENT="så"/><SP WIDTH="42" VPOS="990" HPOS="584"/>
							<String ID="string_131" HPOS="626" VPOS="987" WIDTH="81" HEIGHT="37" WC="0.94" CONTENT="vidt"/><SP WIDTH="22" VPOS="987" HPOS="707"/>
							<String ID="string_132" HPOS="729" VPOS="987" WIDTH="70" HEIGHT="49" WC="0.96" CONTENT="jag"/><SP WIDTH="27" VPOS="987" HPOS="799"/>
							<String ID="string_133" HPOS="826" VPOS="986" WIDTH="147" HEIGHT="49" WC="0.95" CONTENT="förstår,"/><SP WIDTH="30" VPOS="986" HPOS="973"/>
							<String ID="string_134" HPOS="1003" VPOS="992" WIDTH="52" HEIGHT="31" WC="0.96" CONTENT="ett"/><SP WIDTH="28" VPOS="992" HPOS="1055"/>
							<String ID="string_135" HPOS="1083" VPOS="985" WIDTH="134" HEIGHT="50" WC="0.96" CONTENT="skarpt"/><SP WIDTH="27" VPOS="985" HPOS="1217"/>
							<String ID="string_136" HPOS="1244" VPOS="985" WIDTH="72" HEIGHT="49" WC="0.96" CONTENT="ljus"/><SP WIDTH="28" VPOS="985" HPOS="1316"/>
							<String ID="string_137" HPOS="1344" VPOS="985" WIDTH="108" HEIGHT="37" WC="0.96" CONTENT="öfver"/><SP WIDTH="28" VPOS="985" HPOS="1452"/>
							<String ID="string_138" HPOS="1480" VPOS="984" WIDTH="193" HEIGHT="49" WC="0.96" CONTENT="åtskilliga"/><SP WIDTH="28" VPOS="984" HPOS="1673"/>
							<String ID="string_139" HPOS="1701" VPOS="984" WIDTH="135" HEIGHT="37" WC="0.96" CONTENT="brister"/><SP WIDTH="24" VPOS="984" HPOS="1836"/>
							<String ID="string_140" HPOS="1860" VPOS="984" WIDTH="12" HEIGHT="36" WC="0.96" CONTENT="i"/><SP WIDTH="34" VPOS="984" HPOS="1872"/>
							<String ID="string_141" HPOS="1906" VPOS="983" WIDTH="70" HEIGHT="37" WC="0.96" CONTENT="den"/>
						</TextLine>
						<TextLine ID="line_15" HPOS="384" VPOS="1037" WIDTH="1171" HEIGHT="52">
							<String ID="string_142" HPOS="384" VPOS="1039" WIDTH="256" HEIGHT="50" WC="0.95" CONTENT="lagstiftning,"/><SP WIDTH="30" VPOS="1039" HPOS="640"/>
							<String ID="string_143" HPOS="670" VPOS="1052" WIDTH="80" HEIGHT="23" WC="0.93" CONTENT="som"/><SP WIDTH="29" VPOS="1052" HPOS="750"/>
							<String ID="string_144" HPOS="779" VPOS="1038" WIDTH="208" HEIGHT="50" WC="0.92" CONTENT="medgifver"/><SP WIDTH="28" VPOS="1038" HPOS="987"/>
							<String ID="string_145" HPOS="1015" VPOS="1051" WIDTH="45" HEIGHT="23" WC="0.96" CONTENT="en"/><SP WIDTH="28" VPOS="1051" HPOS="1060"/>
							<String ID="string_146" HPOS="1088" VPOS="1037" WIDTH="106" HEIGHT="50" WC="0.93" CONTENT="dylik"/><SP WIDTH="28" VPOS="1037" HPOS="1194"/>
							<String ID="string_147" HPOS="1222" VPOS="1037" WIDTH="333" HEIGHT="49" WC="0.92" CONTENT="vattenreglering."/>
						</TextLine>
					</TextBlock>
					<TextBlock ID="block_4" HPOS="386" VPOS="1088" WIDTH="1597" HEIGHT="521">
						<TextLine ID="line_16" HPOS="514" VPOS="1088" WIDTH="1463" HEIGHT="51">
							<String ID="string_148" HPOS="514" VPOS="1090" WIDTH="167" HEIGHT="38" WC="0.96" CONTENT="Sålunda"/><SP WIDTH="27" VPOS="1090" HPOS="681"/>
							<String ID="string_149" HPOS="708" VPOS="1096" WIDTH="40" HEIGHT="31" WC="0.96" CONTENT="är"/><SP WIDTH="27" VPOS="1096" HPOS="748"/>
							<String ID="string_150" HPOS="775" VPOS="1091" WIDTH="63" HEIGHT="36" WC="0.96" CONTENT="det"/><SP WIDTH="26" VPOS="1091" HPOS="838"/>
							<String ID="string_151" HPOS="864" VPOS="1089" WIDTH="202" HEIGHT="50" WC="0.96" CONTENT="påtagligt,"/><SP WIDTH="31" VPOS="1089" HPOS="1066"/>
							<String ID="string_152" HPOS="1097" VPOS="1095" WIDTH="55" HEIGHT="31" WC="0.96" CONTENT="att"/><SP WIDTH="27" VPOS="1095" HPOS="1152"/>
							<String ID="string_153" HPOS="1179" VPOS="1088" WIDTH="62" HEIGHT="37" WC="0.93" CONTENT="vid"/><SP WIDTH="28" VPOS="1088" HPOS="1241"/>
							<String ID="string_154" HPOS="1269" VPOS="1088" WIDTH="250" HEIGHT="37" WC="0.92" CONTENT="bedömandet"/><SP WIDTH="23" VPOS="1088" HPOS="1519"/>
							<String ID="string_155" HPOS="1542" VPOS="1089" WIDTH="41" HEIGHT="36" WC="0.93" CONTENT="af"/><SP WIDTH="10" VPOS="1089" HPOS="1583"/>
							<String ID="string_156" HPOS="1593" VPOS="1089" WIDTH="250" HEIGHT="49" WC="0.89" CONTENT="jordägarnes"/><SP WIDTH="20" VPOS="1089" HPOS="1843"/>
							<String ID="string_157" HPOS="1863" VPOS="1088" WIDTH="114" HEIGHT="37" WC="0.96" CONTENT="skada"/>
						</TextLine>
						<TextLine ID="line_17" HPOS="389" VPOS="1140" WIDTH="1591" HEIGHT="53">
							<String ID="string_158" HPOS="389" VPOS="1146" WIDTH="118" HEIGHT="35" WC="0.96" CONTENT="måste"/><SP WIDTH="28" VPOS="1146" HPOS="507"/>
							<String ID="string_159" HPOS="535" VPOS="1149" WIDTH="110" HEIGHT="43" WC="0.96" CONTENT="tagas"/><SP WIDTH="28" VPOS="1149" HPOS="645"/>
							<String ID="string_160" HPOS="673" VPOS="1142" WIDTH="147" HEIGHT="51" WC="0.96" CONTENT="hänsyn"/><SP WIDTH="28" VPOS="1142" HPOS="820"/>
							<String ID="string_161" HPOS="848" VPOS="1142" WIDTH="113" HEIGHT="37" WC="0.96" CONTENT="äfven"/><SP WIDTH="27" VPOS="1142" HPOS="961"/>
							<String ID="string_162" HPOS="988" VPOS="1142" WIDTH="57" HEIGHT="47" WC="0.96" CONTENT="till"/><SP WIDTH="28" VPOS="1142" HPOS="1045"/>
							<String ID="string_163" HPOS="1073" VPOS="1141" WIDTH="135" HEIGHT="37" WC="0.96" CONTENT="förlust"/><SP WIDTH="29" VPOS="1141" HPOS="1208"/>
							<String ID="string_164" HPOS="1237" VPOS="1140" WIDTH="39" HEIGHT="37" WC="0.96" CONTENT="af"/><SP WIDTH="23" VPOS="1140" HPOS="1276"/>
							<String ID="string_165" HPOS="1299" VPOS="1140" WIDTH="116" HEIGHT="37" WC="0.96" CONTENT="andra"/><SP WIDTH="26" VPOS="1140" HPOS="1415"/>
							<String ID="string_166" HPOS="1441" VPOS="1140" WIDTH="141" HEIGHT="37" WC="0.96" CONTENT="värden"/><SP WIDTH="24" VPOS="1140" HPOS="1582"/>
							<String ID="string_167" HPOS="1606" VPOS="1145" WIDTH="47" HEIGHT="32" WC="0.96" CONTENT="än"/><SP WIDTH="21" VPOS="1145" HPOS="1653"/>
							<String ID="string_168" HPOS="1674" VPOS="1153" WIDTH="79" HEIGHT="24" WC="0.93" CONTENT="som"/><SP WIDTH="21" VPOS="1153" HPOS="1753"/>
							<String ID="string_169" HPOS="1774" VPOS="1140" WIDTH="206" HEIGHT="37" WC="0.91" CONTENT="företrädas"/>
						</TextLine>
						<TextLine ID="line_18" HPOS="387" VPOS="1191" WIDTH="1593" HEIGHT="50">
							<String ID="string_170" HPOS="387" VPOS="1196" WIDTH="40" HEIGHT="38" WC="0.96" CONTENT="af"/><SP WIDTH="37" VPOS="1196" HPOS="427"/>
							<String ID="string_171" HPOS="464" VPOS="1195" WIDTH="72" HEIGHT="37" WC="0.96" CONTENT="den"/><SP WIDTH="27" VPOS="1195" HPOS="536"/>
							<String ID="string_172" HPOS="563" VPOS="1194" WIDTH="187" HEIGHT="38" WC="0.96" CONTENT="isolerade"/><SP WIDTH="28" VPOS="1194" HPOS="750"/>
							<String ID="string_173" HPOS="778" VPOS="1194" WIDTH="143" HEIGHT="37" WC="0.93" CONTENT="skadan"/><SP WIDTH="29" VPOS="1194" HPOS="921"/>
							<String ID="string_174" HPOS="950" VPOS="1197" WIDTH="21" HEIGHT="33" WC="0.93" CONTENT="å"/><SP WIDTH="28" VPOS="1197" HPOS="971"/>
							<String ID="string_175" HPOS="999" VPOS="1193" WIDTH="44" HEIGHT="37" WC="0.93" CONTENT="de"/><SP WIDTH="28" VPOS="1193" HPOS="1043"/>
							<String ID="string_176" HPOS="1071" VPOS="1192" WIDTH="291" HEIGHT="37" WC="0.91" CONTENT="vattendränkta"/><SP WIDTH="23" VPOS="1192" HPOS="1362"/>
							<String ID="string_177" HPOS="1385" VPOS="1192" WIDTH="282" HEIGHT="49" WC="0.91" CONTENT="jordstyckena."/><SP WIDTH="58" VPOS="1192" HPOS="1667"/>
							<String ID="string_178" HPOS="1725" VPOS="1191" WIDTH="255" HEIGHT="50" WC="0.92" CONTENT="Otillräcklig-"/>
						</TextLine>
						<TextLine ID="line_19" HPOS="386" VPOS="1243" WIDTH="1595" HEIGHT="52">
							<String ID="string_179" HPOS="386" VPOS="1248" WIDTH="112" HEIGHT="37" WC="0.96" CONTENT="heten"/><SP WIDTH="36" VPOS="1248" HPOS="498"/>
							<String ID="string_180" HPOS="534" VPOS="1247" WIDTH="71" HEIGHT="37" WC="0.95" CONTENT="och"/><SP WIDTH="43" VPOS="1247" HPOS="605"/>
							<String ID="string_181" HPOS="648" VPOS="1246" WIDTH="286" HEIGHT="49" WC="0.95" CONTENT="svårigheterna"/><SP WIDTH="26" VPOS="1246" HPOS="934"/>
							<String ID="string_182" HPOS="960" VPOS="1246" WIDTH="13" HEIGHT="36" WC="0.96" CONTENT="i"/><SP WIDTH="28" VPOS="1246" HPOS="973"/>
							<String ID="string_183" HPOS="1001" VPOS="1245" WIDTH="169" HEIGHT="36" WC="0.96" CONTENT="skötseln"/><SP WIDTH="41" VPOS="1245" HPOS="1170"/>
							<String ID="string_184" HPOS="1211" VPOS="1244" WIDTH="41" HEIGHT="36" WC="0.96" CONTENT="af"/><SP WIDTH="28" VPOS="1244" HPOS="1252"/>
							<String ID="string_185" HPOS="1280" VPOS="1244" WIDTH="62" HEIGHT="36" WC="0.96" CONTENT="det"/><SP WIDTH="28" VPOS="1244" HPOS="1342"/>
							<String ID="string_186" HPOS="1370" VPOS="1244" WIDTH="235" HEIGHT="37" WC="0.96" CONTENT="återstående"/><SP WIDTH="24" VPOS="1244" HPOS="1605"/>
							<String ID="string_187" HPOS="1629" VPOS="1243" WIDTH="226" HEIGHT="50" WC="0.96" CONTENT="jordbruket"/><SP WIDTH="28" VPOS="1243" HPOS="1855"/>
							<String ID="string_188" HPOS="1883" VPOS="1249" WIDTH="98" HEIGHT="31" WC="0.96" CONTENT="samt"/>
						</TextLine>
						<TextLine ID="line_20" HPOS="387" VPOS="1295" WIDTH="1594" HEIGHT="54">
							<String ID="string_189" HPOS="387" VPOS="1300" WIDTH="193" HEIGHT="49" WC="0.96" CONTENT="intrånget"/><SP WIDTH="38" VPOS="1300" HPOS="580"/>
							<String ID="string_190" HPOS="618" VPOS="1301" WIDTH="50" HEIGHT="48" WC="0.96" CONTENT="på"/><SP WIDTH="28" VPOS="1301" HPOS="668"/>
							<String ID="string_191" HPOS="696" VPOS="1298" WIDTH="102" HEIGHT="37" WC="0.96" CONTENT="detta"/><SP WIDTH="28" VPOS="1298" HPOS="798"/>
							<String ID="string_192" HPOS="826" VPOS="1302" WIDTH="77" HEIGHT="33" WC="0.96" CONTENT="sätt"/><SP WIDTH="34" VPOS="1302" HPOS="903"/>
							<String ID="string_193" HPOS="937" VPOS="1298" WIDTH="5" HEIGHT="36" WC="0.96" CONTENT="i"/><SP WIDTH="29" VPOS="1298" HPOS="942"/>
							<String ID="string_194" HPOS="971" VPOS="1298" WIDTH="83" HEIGHT="36" WC="0.96" CONTENT="hem"/><SP WIDTH="30" VPOS="1298" HPOS="1054"/>
							<String ID="string_195" HPOS="1084" VPOS="1297" WIDTH="70" HEIGHT="36" WC="0.96" CONTENT="och"/><SP WIDTH="29" VPOS="1297" HPOS="1154"/>
							<String ID="string_196" HPOS="1183" VPOS="1296" WIDTH="91" HEIGHT="37" WC="0.96" CONTENT="härd"/><SP WIDTH="29" VPOS="1296" HPOS="1274"/>
							<String ID="string_197" HPOS="1303" VPOS="1301" WIDTH="62" HEIGHT="31" WC="0.96" CONTENT="äro"/><SP WIDTH="30" VPOS="1301" HPOS="1365"/>
							<String ID="string_198" HPOS="1395" VPOS="1296" WIDTH="110" HEIGHT="36" WC="0.96" CONTENT="äfven"/><SP WIDTH="29" VPOS="1296" HPOS="1505"/>
							<String ID="string_199" HPOS="1534" VPOS="1295" WIDTH="337" HEIGHT="48" WC="0.96" CONTENT="omständigheter,"/><SP WIDTH="29" VPOS="1295" HPOS="1871"/>
							<String ID="string_200" HPOS="1900" VPOS="1308" WIDTH="81" HEIGHT="23" WC="0.95" CONTENT="som"/>
						</TextLine>
						<TextLine ID="line_21" HPOS="387" VPOS="1347" WIDTH="1594" HEIGHT="52">
							<String ID="string_201" HPOS="387" VPOS="1354" WIDTH="119" HEIGHT="34" WC="0.96" CONTENT="måste"/><SP WIDTH="40" VPOS="1354" HPOS="506"/>
							<String ID="string_202" HPOS="546" VPOS="1351" WIDTH="170" HEIGHT="37" WC="0.95" CONTENT="beaktas."/><SP WIDTH="54" VPOS="1351" HPOS="716"/>
							<String ID="string_203" HPOS="770" VPOS="1350" WIDTH="184" HEIGHT="49" WC="0.96" CONTENT="Möjligen"/><SP WIDTH="42" VPOS="1350" HPOS="954"/>
							<String ID="string_204" HPOS="996" VPOS="1348" WIDTH="120" HEIGHT="38" WC="0.96" CONTENT="skulle"/><SP WIDTH="42" VPOS="1348" HPOS="1116"/>
							<String ID="string_205" HPOS="1158" VPOS="1348" WIDTH="72" HEIGHT="37" WC="0.96" CONTENT="den"/><SP WIDTH="42" VPOS="1348" HPOS="1230"/>
							<String ID="string_206" HPOS="1272" VPOS="1361" WIDTH="49" HEIGHT="23" WC="0.96" CONTENT="nu"/><SP WIDTH="37" VPOS="1361" HPOS="1321"/>
							<String ID="string_207" HPOS="1358" VPOS="1348" WIDTH="175" HEIGHT="48" WC="0.96" CONTENT="gällande"/><SP WIDTH="27" VPOS="1348" HPOS="1533"/>
							<String ID="string_208" HPOS="1560" VPOS="1348" WIDTH="115" HEIGHT="49" WC="0.95" CONTENT="lagen"/><SP WIDTH="28" VPOS="1348" HPOS="1675"/>
							<String ID="string_209" HPOS="1703" VPOS="1348" WIDTH="127" HEIGHT="36" WC="0.96" CONTENT="kunna"/><SP WIDTH="28" VPOS="1348" HPOS="1830"/>
							<String ID="string_210" HPOS="1858" VPOS="1347" WIDTH="123" HEIGHT="36" WC="0.96" CONTENT="tolkas"/>
						</TextLine>
						<TextLine ID="line_22" HPOS="387" VPOS="1399" WIDTH="1596" HEIGHT="52">
							<String ID="string_211" HPOS="387" VPOS="1406" WIDTH="52" HEIGHT="45" WC="0.96" CONTENT="så,"/><SP WIDTH="41" VPOS="1406" HPOS="439"/>
							<String ID="string_212" HPOS="480" VPOS="1416" WIDTH="84" HEIGHT="24" WC="0.96" CONTENT="men"/><SP WIDTH="36" VPOS="1416" HPOS="564"/>
							<String ID="string_213" HPOS="600" VPOS="1416" WIDTH="47" HEIGHT="24" WC="0.96" CONTENT="en"/><SP WIDTH="35" VPOS="1416" HPOS="647"/>
							<String ID="string_214" HPOS="682" VPOS="1402" WIDTH="116" HEIGHT="38" WC="0.96" CONTENT="sådan"/><SP WIDTH="33" VPOS="1402" HPOS="798"/>
							<String ID="string_215" HPOS="831" VPOS="1402" WIDTH="177" HEIGHT="48" WC="0.96" CONTENT="tolkning"/><SP WIDTH="26" VPOS="1402" HPOS="1008"/>
							<String ID="string_216" HPOS="1034" VPOS="1405" WIDTH="114" HEIGHT="45" WC="0.96" CONTENT="göres"/><SP WIDTH="28" VPOS="1405" HPOS="1148"/>
							<String ID="string_217" HPOS="1176" VPOS="1413" WIDTH="79" HEIGHT="36" WC="0.96" CONTENT="nog"/><SP WIDTH="27" VPOS="1413" HPOS="1255"/>
							<String ID="string_218" HPOS="1282" VPOS="1400" WIDTH="30" HEIGHT="49" WC="0.96" CONTENT="ej"/><SP WIDTH="31" VPOS="1400" HPOS="1312"/>
							<String ID="string_219" HPOS="1343" VPOS="1400" WIDTH="177" HEIGHT="49" WC="0.95" CONTENT="gällande"/><SP WIDTH="28" VPOS="1400" HPOS="1520"/>
							<String ID="string_220" HPOS="1548" VPOS="1399" WIDTH="12" HEIGHT="37" WC="0.96" CONTENT="i"/><SP WIDTH="27" VPOS="1399" HPOS="1560"/>
							<String ID="string_221" HPOS="1587" VPOS="1399" WIDTH="200" HEIGHT="50" WC="0.96" CONTENT="praktiken"/><SP WIDTH="30" VPOS="1399" HPOS="1787"/>
							<String ID="string_222" HPOS="1817" VPOS="1399" WIDTH="70" HEIGHT="37" WC="0.96" CONTENT="och"/><SP WIDTH="28" VPOS="1399" HPOS="1887"/>
							<String ID="string_223" HPOS="1915" VPOS="1399" WIDTH="68" HEIGHT="36" WC="0.95" CONTENT="har"/>
						</TextLine>
						<TextLine ID="line_23" HPOS="388" VPOS="1450" WIDTH="1593" HEIGHT="55">
							<String ID="string_224" HPOS="388" VPOS="1455" WIDTH="32" HEIGHT="50" WC="0.96" CONTENT="ej"/><SP WIDTH="31" VPOS="1455" HPOS="420"/>
							<String ID="string_225" HPOS="451" VPOS="1455" WIDTH="115" HEIGHT="37" WC="0.96" CONTENT="heller"/><SP WIDTH="27" VPOS="1455" HPOS="566"/>
							<String ID="string_226" HPOS="593" VPOS="1455" WIDTH="107" HEIGHT="49" WC="0.96" CONTENT="följts"/><SP WIDTH="28" VPOS="1455" HPOS="700"/>
							<String ID="string_227" HPOS="728" VPOS="1454" WIDTH="12" HEIGHT="37" WC="0.96" CONTENT="i"/><SP WIDTH="28" VPOS="1454" HPOS="740"/>
							<String ID="string_228" HPOS="768" VPOS="1454" WIDTH="62" HEIGHT="37" WC="0.96" CONTENT="det"/><SP WIDTH="28" VPOS="1454" HPOS="830"/>
							<String ID="string_229" HPOS="858" VPOS="1467" WIDTH="51" HEIGHT="23" WC="0.96" CONTENT="nu"/><SP WIDTH="29" VPOS="1467" HPOS="909"/>
							<String ID="string_230" HPOS="938" VPOS="1453" WIDTH="208" HEIGHT="49" WC="0.96" CONTENT="åberopade"/><SP WIDTH="29" VPOS="1453" HPOS="1146"/>
							<String ID="string_231" HPOS="1175" VPOS="1452" WIDTH="115" HEIGHT="37" WC="0.96" CONTENT="fallet."/><SP WIDTH="56" VPOS="1452" HPOS="1290"/>
							<String ID="string_232" HPOS="1346" VPOS="1452" WIDTH="88" HEIGHT="36" WC="0.96" CONTENT="Man"/><SP WIDTH="28" VPOS="1452" HPOS="1434"/>
							<String ID="string_233" HPOS="1462" VPOS="1452" WIDTH="56" HEIGHT="36" WC="0.96" CONTENT="får"/><SP WIDTH="28" VPOS="1452" HPOS="1518"/>
							<String ID="string_234" HPOS="1546" VPOS="1452" WIDTH="60" HEIGHT="36" WC="0.96" CONTENT="för"/><SP WIDTH="28" VPOS="1452" HPOS="1606"/>
							<String ID="string_235" HPOS="1634" VPOS="1452" WIDTH="118" HEIGHT="48" WC="0.96" CONTENT="öfrigt"/><SP WIDTH="28" VPOS="1452" HPOS="1752"/>
							<String ID="string_236" HPOS="1780" VPOS="1451" WIDTH="31" HEIGHT="49" WC="0.96" CONTENT="ej"/><SP WIDTH="32" VPOS="1451" HPOS="1811"/>
							<String ID="string_237" HPOS="1843" VPOS="1450" WIDTH="138" HEIGHT="38" WC="0.96" CONTENT="förbise"/>
						</TextLine>
						<TextLine ID="line_24" HPOS="388" VPOS="1503" WIDTH="1595" HEIGHT="51">
							<String ID="string_238" HPOS="388" VPOS="1512" WIDTH="55" HEIGHT="32" WC="0.93" CONTENT="att"/><SP WIDTH="27" VPOS="1512" HPOS="443"/>
							<String ID="string_239" HPOS="470" VPOS="1507" WIDTH="252" HEIGHT="37" WC="0.92" CONTENT="förstörandet"/><SP WIDTH="27" VPOS="1507" HPOS="722"/>
							<String ID="string_240" HPOS="749" VPOS="1506" WIDTH="40" HEIGHT="37" WC="0.96" CONTENT="af"/><SP WIDTH="25" VPOS="1506" HPOS="789"/>
							<String ID="string_241" HPOS="814" VPOS="1519" WIDTH="47" HEIGHT="24" WC="0.96" CONTENT="en"/><SP WIDTH="28" VPOS="1519" HPOS="861"/>
							<String ID="string_242" HPOS="889" VPOS="1505" WIDTH="228" HEIGHT="49" WC="0.96" CONTENT="myckenhet"/><SP WIDTH="23" VPOS="1505" HPOS="1117"/>
							<String ID="string_243" HPOS="1140" VPOS="1504" WIDTH="100" HEIGHT="49" WC="0.96" CONTENT="jord,"/><SP WIDTH="30" VPOS="1504" HPOS="1240"/>
							<String ID="string_244" HPOS="1270" VPOS="1505" WIDTH="40" HEIGHT="36" WC="0.96" CONTENT="af"/><SP WIDTH="33" VPOS="1505" HPOS="1310"/>
							<String ID="string_245" HPOS="1343" VPOS="1504" WIDTH="152" HEIGHT="37" WC="0.96" CONTENT="hvilken"/><SP WIDTH="27" VPOS="1504" HPOS="1495"/>
							<String ID="string_246" HPOS="1522" VPOS="1504" WIDTH="197" HEIGHT="36" WC="0.96" CONTENT="människa"/><SP WIDTH="20" VPOS="1504" HPOS="1719"/>
							<String ID="string_247" HPOS="1739" VPOS="1503" WIDTH="82" HEIGHT="37" WC="0.96" CONTENT="haft"/><SP WIDTH="19" VPOS="1503" HPOS="1821"/>
							<String ID="string_248" HPOS="1840" VPOS="1503" WIDTH="143" HEIGHT="48" WC="0.96" CONTENT="stadigt"/>
						</TextLine>
						<TextLine ID="line_25" HPOS="387" VPOS="1555" WIDTH="1538" HEIGHT="54">
							<String ID="string_249" HPOS="387" VPOS="1558" WIDTH="210" HEIGHT="51" WC="0.96" CONTENT="uppehälle,"/><SP WIDTH="30" VPOS="1558" HPOS="597"/>
							<String ID="string_250" HPOS="627" VPOS="1558" WIDTH="123" HEIGHT="49" WC="0.95" CONTENT="aldrig"/><SP WIDTH="26" VPOS="1558" HPOS="750"/>
							<String ID="string_251" HPOS="776" VPOS="1558" WIDTH="72" HEIGHT="37" WC="0.96" CONTENT="blir"/><SP WIDTH="29" VPOS="1558" HPOS="848"/>
							<String ID="string_252" HPOS="877" VPOS="1558" WIDTH="86" HEIGHT="36" WC="0.95" CONTENT="fullt"/><SP WIDTH="28" VPOS="1558" HPOS="963"/>
							<String ID="string_253" HPOS="991" VPOS="1562" WIDTH="116" HEIGHT="32" WC="0.96" CONTENT="ersatt"/><SP WIDTH="28" VPOS="1562" HPOS="1107"/>
							<String ID="string_254" HPOS="1135" VPOS="1556" WIDTH="85" HEIGHT="37" WC="0.96" CONTENT="med"/><SP WIDTH="28" VPOS="1556" HPOS="1220"/>
							<String ID="string_255" HPOS="1248" VPOS="1570" WIDTH="46" HEIGHT="23" WC="0.96" CONTENT="en"/><SP WIDTH="27" VPOS="1570" HPOS="1294"/>
							<String ID="string_256" HPOS="1321" VPOS="1556" WIDTH="318" HEIGHT="50" WC="0.95" CONTENT="penningsumma"/><SP WIDTH="28" VPOS="1556" HPOS="1639"/>
							<String ID="string_257" HPOS="1667" VPOS="1556" WIDTH="59" HEIGHT="37" WC="0.96" CONTENT="för"/><SP WIDTH="27" VPOS="1556" HPOS="1726"/>
							<String ID="string_258" HPOS="1753" VPOS="1555" WIDTH="172" HEIGHT="37" WC="0.96" CONTENT="tillfället."/>
						</TextLine>
					</TextBlock>
					<TextBlock ID="block_5" HPOS="385" VPOS="1607" WIDTH="1600" HEIGHT="457">
						<TextLine ID="line_26" HPOS="517" VPOS="1607" WIDTH="1466" HEIGHT="52">
							<String ID="string_259" HPOS="517" VPOS="1610" WIDTH="141" HEIGHT="38" WC="0.96" CONTENT="Likaså"/><SP WIDTH="41" VPOS="1610" HPOS="658"/>
							<String ID="string_260" HPOS="699" VPOS="1614" WIDTH="40" HEIGHT="33" WC="0.96" CONTENT="är"/><SP WIDTH="36" VPOS="1614" HPOS="739"/>
							<String ID="string_261" HPOS="775" VPOS="1610" WIDTH="64" HEIGHT="37" WC="0.96" CONTENT="det"/><SP WIDTH="27" VPOS="1610" HPOS="839"/>
							<String ID="string_262" HPOS="866" VPOS="1623" WIDTH="47" HEIGHT="23" WC="0.96" CONTENT="en"/><SP WIDTH="29" VPOS="1623" HPOS="913"/>
							<String ID="string_263" HPOS="942" VPOS="1615" WIDTH="78" HEIGHT="31" WC="0.92" CONTENT="stor"/><SP WIDTH="28" VPOS="1615" HPOS="1020"/>
							<String ID="string_264" HPOS="1048" VPOS="1608" WIDTH="300" HEIGHT="51" WC="0.92" CONTENT="äfventyrlighet"/><SP WIDTH="28" VPOS="1608" HPOS="1348"/>
							<String ID="string_265" HPOS="1376" VPOS="1612" WIDTH="56" HEIGHT="32" WC="0.96" CONTENT="att"/><SP WIDTH="27" VPOS="1612" HPOS="1432"/>
							<String ID="string_266" HPOS="1459" VPOS="1607" WIDTH="115" HEIGHT="51" WC="0.96" CONTENT="lägga"/><SP WIDTH="28" VPOS="1607" HPOS="1574"/>
							<String ID="string_267" HPOS="1602" VPOS="1621" WIDTH="47" HEIGHT="23" WC="0.96" CONTENT="en"/><SP WIDTH="29" VPOS="1621" HPOS="1649"/>
							<String ID="string_268" HPOS="1678" VPOS="1611" WIDTH="40" HEIGHT="33" WC="0.96" CONTENT="så"/><SP WIDTH="29" VPOS="1611" HPOS="1718"/>
							<String ID="string_269" HPOS="1747" VPOS="1607" WIDTH="236" HEIGHT="49" WC="0.95" CONTENT="obegränsad"/>
						</TextLine>
						<TextLine ID="line_27" HPOS="389" VPOS="1659" WIDTH="1595" HEIGHT="51">
							<String ID="string_270" HPOS="389" VPOS="1663" WIDTH="105" HEIGHT="38" WC="0.96" CONTENT="makt"/><SP WIDTH="40" VPOS="1663" HPOS="494"/>
							<String ID="string_271" HPOS="534" VPOS="1676" WIDTH="81" HEIGHT="24" WC="0.95" CONTENT="som"/><SP WIDTH="42" VPOS="1676" HPOS="615"/>
							<String ID="string_272" HPOS="657" VPOS="1662" WIDTH="70" HEIGHT="37" WC="0.94" CONTENT="här"/><SP WIDTH="37" VPOS="1662" HPOS="727"/>
							<String ID="string_273" HPOS="764" VPOS="1662" WIDTH="86" HEIGHT="37" WC="0.96" CONTENT="sker"/><SP WIDTH="36" VPOS="1662" HPOS="850"/>
							<String ID="string_274" HPOS="886" VPOS="1662" WIDTH="56" HEIGHT="36" WC="0.95" CONTENT="uti"/><SP WIDTH="35" VPOS="1662" HPOS="942"/>
							<String ID="string_275" HPOS="977" VPOS="1674" WIDTH="40" HEIGHT="25" WC="0.94" CONTENT="en"/><SP WIDTH="28" VPOS="1674" HPOS="1017"/>
							<String ID="string_276" HPOS="1045" VPOS="1662" WIDTH="91" HEIGHT="36" WC="0.95" CONTENT="enda"/><SP WIDTH="28" VPOS="1662" HPOS="1136"/>
							<String ID="string_277" HPOS="1164" VPOS="1674" WIDTH="156" HEIGHT="36" WC="0.96" CONTENT="persons"/><SP WIDTH="28" VPOS="1674" HPOS="1320"/>
							<String ID="string_278" HPOS="1348" VPOS="1659" WIDTH="102" HEIGHT="38" WC="0.96" CONTENT="hand"/><SP WIDTH="28" VPOS="1659" HPOS="1450"/>
							<String ID="string_279" HPOS="1478" VPOS="1660" WIDTH="95" HEIGHT="37" WC="0.96" CONTENT="blott"/><SP WIDTH="28" VPOS="1660" HPOS="1573"/>
							<String ID="string_280" HPOS="1601" VPOS="1662" WIDTH="48" HEIGHT="47" WC="0.96" CONTENT="på"/><SP WIDTH="28" VPOS="1662" HPOS="1649"/>
							<String ID="string_281" HPOS="1677" VPOS="1660" WIDTH="71" HEIGHT="36" WC="0.96" CONTENT="den"/><SP WIDTH="29" VPOS="1660" HPOS="1748"/>
							<String ID="string_282" HPOS="1777" VPOS="1659" WIDTH="123" HEIGHT="50" WC="0.96" CONTENT="grund"/><SP WIDTH="29" VPOS="1659" HPOS="1900"/>
							<String ID="string_283" HPOS="1929" VPOS="1664" WIDTH="55" HEIGHT="30" WC="0.96" CONTENT="att"/>
						</TextLine>
						<TextLine ID="line_28" HPOS="390" VPOS="1710" WIDTH="1592" HEIGHT="51">
							<String ID="string_284" HPOS="390" VPOS="1715" WIDTH="76" HEIGHT="37" WC="0.94" CONTENT="han"/><SP WIDTH="41" VPOS="1715" HPOS="466"/>
							<String ID="string_285" HPOS="507" VPOS="1715" WIDTH="69" HEIGHT="37" WC="0.94" CONTENT="fått"/><SP WIDTH="40" VPOS="1715" HPOS="576"/>
							<String ID="string_286" HPOS="616" VPOS="1713" WIDTH="254" HEIGHT="38" WC="0.96" CONTENT="förordnande"/><SP WIDTH="42" VPOS="1713" HPOS="870"/>
							<String ID="string_287" HPOS="912" VPOS="1719" WIDTH="56" HEIGHT="31" WC="0.96" CONTENT="att"/><SP WIDTH="40" VPOS="1719" HPOS="968"/>
							<String ID="string_288" HPOS="1008" VPOS="1716" WIDTH="123" HEIGHT="34" WC="0.96" CONTENT="såsom"/><SP WIDTH="43" VPOS="1716" HPOS="1131"/>
							<String ID="string_289" HPOS="1174" VPOS="1712" WIDTH="215" HEIGHT="49" WC="0.96" CONTENT="sakkunnig"/><SP WIDTH="27" VPOS="1712" HPOS="1389"/>
							<String ID="string_290" HPOS="1416" VPOS="1711" WIDTH="146" HEIGHT="38" WC="0.96" CONTENT="biträda"/><SP WIDTH="27" VPOS="1711" HPOS="1562"/>
							<String ID="string_291" HPOS="1589" VPOS="1717" WIDTH="135" HEIGHT="31" WC="0.95" CONTENT="rätten."/><SP WIDTH="56" VPOS="1717" HPOS="1724"/>
							<String ID="string_292" HPOS="1780" VPOS="1712" WIDTH="57" HEIGHT="35" WC="0.62" CONTENT="En"/><SP WIDTH="29" VPOS="1712" HPOS="1837"/>
							<String ID="string_293" HPOS="1866" VPOS="1710" WIDTH="116" HEIGHT="37" WC="0.95" CONTENT="sådan"/>
						</TextLine>
						<TextLine ID="line_29" HPOS="389" VPOS="1762" WIDTH="1595" HEIGHT="55">
							<String ID="string_294" HPOS="389" VPOS="1780" WIDTH="155" HEIGHT="37" WC="0.95" CONTENT="persons"/><SP WIDTH="34" VPOS="1780" HPOS="544"/>
							<String ID="string_295" HPOS="578" VPOS="1766" WIDTH="202" HEIGHT="48" WC="0.96" CONTENT="värdering"/><SP WIDTH="27" VPOS="1766" HPOS="780"/>
							<String ID="string_296" HPOS="807" VPOS="1765" WIDTH="73" HEIGHT="37" WC="0.96" CONTENT="blir"/><SP WIDTH="26" VPOS="1765" HPOS="880"/>
							<String ID="string_297" HPOS="906" VPOS="1770" WIDTH="137" HEIGHT="32" WC="0.93" CONTENT="nästan"/><SP WIDTH="28" VPOS="1770" HPOS="1043"/>
							<String ID="string_298" HPOS="1071" VPOS="1764" WIDTH="333" HEIGHT="48" WC="0.90" CONTENT="oomkullrunklig,"/><SP WIDTH="30" VPOS="1764" HPOS="1404"/>
							<String ID="string_299" HPOS="1434" VPOS="1764" WIDTH="70" HEIGHT="36" WC="0.97" CONTENT="och"/><SP WIDTH="28" VPOS="1764" HPOS="1504"/>
							<String ID="string_300" HPOS="1532" VPOS="1764" WIDTH="95" HEIGHT="37" WC="0.96" CONTENT="dock"/><SP WIDTH="28" VPOS="1764" HPOS="1627"/>
							<String ID="string_301" HPOS="1655" VPOS="1764" WIDTH="128" HEIGHT="36" WC="0.96" CONTENT="kunna"/><SP WIDTH="28" VPOS="1764" HPOS="1783"/>
							<String ID="string_302" HPOS="1811" VPOS="1763" WIDTH="93" HEIGHT="36" WC="0.91" CONTENT="hans"/><SP WIDTH="17" VPOS="1763" HPOS="1904"/>
							<String ID="string_303" HPOS="1921" VPOS="1762" WIDTH="63" HEIGHT="36" WC="0.91" CONTENT="be-"/>
						</TextLine>
						<TextLine ID="line_30" HPOS="389" VPOS="1815" WIDTH="1595" HEIGHT="53">
							<String ID="string_304" HPOS="389" VPOS="1819" WIDTH="209" HEIGHT="49" WC="0.96" CONTENT="räkningar"/><SP WIDTH="41" VPOS="1819" HPOS="598"/>
							<String ID="string_305" HPOS="639" VPOS="1831" WIDTH="89" HEIGHT="24" WC="0.96" CONTENT="vara"/><SP WIDTH="40" VPOS="1831" HPOS="728"/>
							<String ID="string_306" HPOS="768" VPOS="1817" WIDTH="153" HEIGHT="50" WC="0.96" CONTENT="mycket"/><SP WIDTH="41" VPOS="1817" HPOS="921"/>
							<String ID="string_307" HPOS="962" VPOS="1816" WIDTH="174" HEIGHT="50" WC="0.95" CONTENT="oriktiga,"/><SP WIDTH="37" VPOS="1816" HPOS="1136"/>
							<String ID="string_308" HPOS="1173" VPOS="1816" WIDTH="160" HEIGHT="37" WC="0.96" CONTENT="förutom"/><SP WIDTH="39" VPOS="1816" HPOS="1333"/>
							<String ID="string_309" HPOS="1372" VPOS="1821" WIDTH="54" HEIGHT="31" WC="0.94" CONTENT="att"/><SP WIDTH="28" VPOS="1821" HPOS="1426"/>
							<String ID="string_310" HPOS="1454" VPOS="1816" WIDTH="114" HEIGHT="49" WC="0.96" CONTENT="ingen"/><SP WIDTH="28" VPOS="1816" HPOS="1568"/>
							<String ID="string_311" HPOS="1596" VPOS="1815" WIDTH="164" HEIGHT="37" WC="0.96" CONTENT="kontroll"/><SP WIDTH="28" VPOS="1815" HPOS="1760"/>
							<String ID="string_312" HPOS="1788" VPOS="1815" WIDTH="120" HEIGHT="36" WC="0.96" CONTENT="finnes"/><SP WIDTH="29" VPOS="1815" HPOS="1908"/>
							<String ID="string_313" HPOS="1937" VPOS="1816" WIDTH="47" HEIGHT="47" WC="0.96" CONTENT="på"/>
						</TextLine>
						<TextLine ID="line_31" HPOS="391" VPOS="1866" WIDTH="1592" HEIGHT="54">
							<String ID="string_314" HPOS="391" VPOS="1871" WIDTH="94" HEIGHT="36" WC="0.95" CONTENT="hans"/><SP WIDTH="28" VPOS="1871" HPOS="485"/>
							<String ID="string_315" HPOS="513" VPOS="1871" WIDTH="91" HEIGHT="36" WC="0.95" CONTENT="fulla"/><SP WIDTH="27" VPOS="1871" HPOS="604"/>
							<String ID="string_316" HPOS="631" VPOS="1870" WIDTH="247" HEIGHT="50" WC="0.96" CONTENT="opartiskhet,"/><SP WIDTH="29" VPOS="1870" HPOS="878"/>
							<String ID="string_317" HPOS="907" VPOS="1869" WIDTH="69" HEIGHT="37" WC="0.96" CONTENT="och"/><SP WIDTH="24" VPOS="1869" HPOS="976"/>
							<String ID="string_318" HPOS="1000" VPOS="1870" WIDTH="48" HEIGHT="48" WC="0.96" CONTENT="på"/><SP WIDTH="19" VPOS="1870" HPOS="1048"/>
							<String ID="string_319" HPOS="1067" VPOS="1868" WIDTH="130" HEIGHT="37" WC="0.96" CONTENT="hvilka"/><SP WIDTH="19" VPOS="1868" HPOS="1197"/>
							<String ID="string_320" HPOS="1216" VPOS="1872" WIDTH="119" HEIGHT="45" WC="0.96" CONTENT="vägar"/><SP WIDTH="17" VPOS="1872" HPOS="1335"/>
							<String ID="string_321" HPOS="1352" VPOS="1868" WIDTH="101" HEIGHT="37" WC="0.96" CONTENT="valet"/><SP WIDTH="19" VPOS="1868" HPOS="1453"/>
							<String ID="string_322" HPOS="1472" VPOS="1868" WIDTH="96" HEIGHT="36" WC="0.96" CONTENT="fallit"/><SP WIDTH="15" VPOS="1868" HPOS="1568"/>
							<String ID="string_323" HPOS="1583" VPOS="1868" WIDTH="82" HEIGHT="49" WC="0.97" CONTENT="just"/><SP WIDTH="19" VPOS="1868" HPOS="1665"/>
							<String ID="string_324" HPOS="1684" VPOS="1870" WIDTH="49" HEIGHT="47" WC="0.96" CONTENT="på"/><SP WIDTH="19" VPOS="1870" HPOS="1733"/>
							<String ID="string_325" HPOS="1752" VPOS="1867" WIDTH="70" HEIGHT="36" WC="0.93" CONTENT="den"/><SP WIDTH="21" VPOS="1867" HPOS="1822"/>
							<String ID="string_326" HPOS="1843" VPOS="1866" WIDTH="140" HEIGHT="49" WC="0.92" CONTENT="ifråga-"/>
						</TextLine>
						<TextLine ID="line_32" HPOS="391" VPOS="1919" WIDTH="1593" HEIGHT="54">
							<String ID="string_327" HPOS="391" VPOS="1922" WIDTH="162" HEIGHT="38" WC="0.95" CONTENT="varande"/><SP WIDTH="40" VPOS="1922" HPOS="553"/>
							<String ID="string_328" HPOS="593" VPOS="1935" WIDTH="198" HEIGHT="38" WC="0.94" CONTENT="personen."/><SP WIDTH="55" VPOS="1935" HPOS="791"/>
							<String ID="string_329" HPOS="846" VPOS="1921" WIDTH="61" HEIGHT="37" WC="0.91" CONTENT="En"/><SP WIDTH="31" VPOS="1921" HPOS="907"/>
							<String ID="string_330" HPOS="938" VPOS="1921" WIDTH="104" HEIGHT="50" WC="0.93" CONTENT="dylik"/><SP WIDTH="29" VPOS="1921" HPOS="1042"/>
							<String ID="string_331" HPOS="1071" VPOS="1920" WIDTH="335" HEIGHT="49" WC="0.91" CONTENT="maktbefogenhet"/><SP WIDTH="27" VPOS="1920" HPOS="1406"/>
							<String ID="string_332" HPOS="1433" VPOS="1920" WIDTH="12" HEIGHT="36" WC="0.94" CONTENT="i"/><SP WIDTH="28" VPOS="1920" HPOS="1445"/>
							<String ID="string_333" HPOS="1473" VPOS="1919" WIDTH="280" HEIGHT="38" WC="0.96" CONTENT="rättsväsendet"/><SP WIDTH="27" VPOS="1919" HPOS="1753"/>
							<String ID="string_334" HPOS="1780" VPOS="1924" WIDTH="52" HEIGHT="41" WC="0.96" CONTENT="är,"/><SP WIDTH="29" VPOS="1924" HPOS="1832"/>
							<String ID="string_335" HPOS="1861" VPOS="1921" WIDTH="123" HEIGHT="33" WC="0.96" CONTENT="såsom"/>
						</TextLine>
						<TextLine ID="line_33" HPOS="385" VPOS="1970" WIDTH="1600" HEIGHT="53">
							<String ID="string_336" HPOS="385" VPOS="1975" WIDTH="45" HEIGHT="48" WC="0.96" CONTENT="ju"/><SP WIDTH="40" VPOS="1975" HPOS="430"/>
							<String ID="string_337" HPOS="470" VPOS="1974" WIDTH="112" HEIGHT="38" WC="0.96" CONTENT="också"/><SP WIDTH="41" VPOS="1974" HPOS="582"/>
							<String ID="string_338" HPOS="623" VPOS="1974" WIDTH="128" HEIGHT="37" WC="0.95" CONTENT="ibland"/><SP WIDTH="40" VPOS="1974" HPOS="751"/>
							<String ID="string_339" HPOS="791" VPOS="1973" WIDTH="236" HEIGHT="48" WC="0.81" CONTENT="framhållits,"/><SP WIDTH="36" VPOS="1973" HPOS="1027"/>
							<String ID="string_340" HPOS="1063" VPOS="1973" WIDTH="4" HEIGHT="35" WC="0.96" CONTENT="i"/><SP WIDTH="29" VPOS="1973" HPOS="1067"/>
							<String ID="string_341" HPOS="1096" VPOS="1973" WIDTH="79" HEIGHT="48" WC="0.95" CONTENT="hög"/><SP WIDTH="41" VPOS="1973" HPOS="1175"/>
							<String ID="string_342" HPOS="1216" VPOS="1972" WIDTH="92" HEIGHT="50" WC="0.89" CONTENT="grad"/><SP WIDTH="42" VPOS="1972" HPOS="1308"/>
							<String ID="string_343" HPOS="1350" VPOS="1972" WIDTH="231" HEIGHT="49" WC="0.90" CONTENT="äfventyrlig"/><SP WIDTH="28" VPOS="1972" HPOS="1581"/>
							<String ID="string_344" HPOS="1609" VPOS="1971" WIDTH="59" HEIGHT="36" WC="0.96" CONTENT="för"/><SP WIDTH="28" VPOS="1971" HPOS="1668"/>
							<String ID="string_345" HPOS="1696" VPOS="1971" WIDTH="71" HEIGHT="36" WC="0.96" CONTENT="den"/><SP WIDTH="30" VPOS="1971" HPOS="1767"/>
							<String ID="string_346" HPOS="1797" VPOS="1970" WIDTH="188" HEIGHT="36" WC="0.96" CONTENT="allmänna"/>
						</TextLine>
						<TextLine ID="line_34" HPOS="391" VPOS="2025" WIDTH="338" HEIGHT="39">
							<String ID="string_347" HPOS="391" VPOS="2025" WIDTH="338" HEIGHT="39" WC="0.96" CONTENT="rättssäkerheten."/>
						</TextLine>
					</TextBlock>
					<TextBlock ID="block_6" HPOS="392" VPOS="2074" WIDTH="1595" HEIGHT="210">
						<TextLine ID="line_35" HPOS="518" VPOS="2074" WIDTH="1469" HEIGHT="50">
							<String ID="string_348" HPOS="518" VPOS="2078" WIDTH="217" HEIGHT="37" WC="0.90" CONTENT="Påfallande"/><SP WIDTH="39" VPOS="2078" HPOS="735"/>
							<String ID="string_349" HPOS="774" VPOS="2083" WIDTH="40" HEIGHT="31" WC="0.96" CONTENT="är"/><SP WIDTH="40" VPOS="2083" HPOS="814"/>
							<String ID="string_350" HPOS="854" VPOS="2077" WIDTH="114" HEIGHT="38" WC="0.96" CONTENT="också"/><SP WIDTH="32" VPOS="2077" HPOS="968"/>
							<String ID="string_351" HPOS="1000" VPOS="2077" WIDTH="61" HEIGHT="37" WC="0.96" CONTENT="det"/><SP WIDTH="27" VPOS="2077" HPOS="1061"/>
							<String ID="string_352" HPOS="1088" VPOS="2083" WIDTH="104" HEIGHT="30" WC="0.93" CONTENT="stora"/><SP WIDTH="30" VPOS="2083" HPOS="1192"/>
							<String ID="string_353" HPOS="1222" VPOS="2076" WIDTH="175" HEIGHT="37" WC="0.91" CONTENT="behofvet"/><SP WIDTH="27" VPOS="2076" HPOS="1397"/>
							<String ID="string_354" HPOS="1424" VPOS="2081" WIDTH="55" HEIGHT="31" WC="0.95" CONTENT="att"/><SP WIDTH="26" VPOS="2081" HPOS="1479"/>
							<String ID="string_355" HPOS="1505" VPOS="2075" WIDTH="12" HEIGHT="37" WC="0.95" CONTENT="i"/><SP WIDTH="29" VPOS="2075" HPOS="1517"/>
							<String ID="string_356" HPOS="1546" VPOS="2074" WIDTH="128" HEIGHT="50" WC="0.96" CONTENT="dylika"/><SP WIDTH="27" VPOS="2074" HPOS="1674"/>
							<String ID="string_357" HPOS="1701" VPOS="2075" WIDTH="43" HEIGHT="36" WC="0.96" CONTENT="så"/><SP WIDTH="27" VPOS="2075" HPOS="1744"/>
							<String ID="string_358" HPOS="1771" VPOS="2074" WIDTH="216" HEIGHT="44" WC="0.95" CONTENT="omfattande"/>
						</TextLine>
						<TextLine ID="line_36" HPOS="392" VPOS="2126" WIDTH="1594" HEIGHT="53">
							<String ID="string_359" HPOS="392" VPOS="2134" WIDTH="137" HEIGHT="44" WC="0.96" CONTENT="företag"/><SP WIDTH="39" VPOS="2134" HPOS="529"/>
							<String ID="string_360" HPOS="568" VPOS="2130" WIDTH="199" HEIGHT="38" WC="0.90" CONTENT="samhället"/><SP WIDTH="40" VPOS="2130" HPOS="767"/>
							<String ID="string_361" HPOS="807" VPOS="2129" WIDTH="103" HEIGHT="50" WC="0.91" CONTENT="själft"/><SP WIDTH="40" VPOS="2129" HPOS="910"/>
							<String ID="string_362" HPOS="950" VPOS="2128" WIDTH="165" HEIGHT="38" WC="0.93" CONTENT="bevakar"/><SP WIDTH="41" VPOS="2128" HPOS="1115"/>
							<String ID="string_363" HPOS="1156" VPOS="2127" WIDTH="218" HEIGHT="38" WC="0.90" CONTENT="småfolkets"/><SP WIDTH="42" VPOS="2127" HPOS="1374"/>
							<String ID="string_364" HPOS="1416" VPOS="2128" WIDTH="101" HEIGHT="36" WC="0.96" CONTENT="talan"/><SP WIDTH="40" VPOS="2128" HPOS="1517"/>
							<String ID="string_365" HPOS="1557" VPOS="2127" WIDTH="71" HEIGHT="36" WC="0.95" CONTENT="och"/><SP WIDTH="35" VPOS="2127" HPOS="1628"/>
							<String ID="string_366" HPOS="1663" VPOS="2139" WIDTH="59" HEIGHT="24" WC="0.95" CONTENT="ser"/><SP WIDTH="26" VPOS="2139" HPOS="1722"/>
							<String ID="string_367" HPOS="1748" VPOS="2126" WIDTH="55" HEIGHT="36" WC="0.95" CONTENT="till"/><SP WIDTH="30" VPOS="2126" HPOS="1803"/>
							<String ID="string_368" HPOS="1833" VPOS="2131" WIDTH="54" HEIGHT="31" WC="0.96" CONTENT="att"/><SP WIDTH="27" VPOS="2131" HPOS="1887"/>
							<String ID="string_369" HPOS="1914" VPOS="2126" WIDTH="72" HEIGHT="36" WC="0.95" CONTENT="alla"/>
						</TextLine>
						<TextLine ID="line_37" HPOS="393" VPOS="2178" WIDTH="1593" HEIGHT="52">
							<String ID="string_370" HPOS="393" VPOS="2183" WIDTH="137" HEIGHT="37" WC="0.96" CONTENT="sociala"/><SP WIDTH="40" VPOS="2183" HPOS="530"/>
							<String ID="string_371" HPOS="570" VPOS="2182" WIDTH="72" HEIGHT="37" WC="0.96" CONTENT="och"/><SP WIDTH="41" VPOS="2182" HPOS="642"/>
							<String ID="string_372" HPOS="683" VPOS="2181" WIDTH="110" HEIGHT="37" WC="0.96" CONTENT="äfven"/><SP WIDTH="40" VPOS="2181" HPOS="793"/>
							<String ID="string_373" HPOS="833" VPOS="2187" WIDTH="84" HEIGHT="31" WC="0.96" CONTENT="rent"/><SP WIDTH="41" VPOS="2187" HPOS="917"/>
							<String ID="string_374" HPOS="958" VPOS="2180" WIDTH="215" HEIGHT="50" WC="0.96" CONTENT="mänskliga"/><SP WIDTH="33" VPOS="2180" HPOS="1173"/>
							<String ID="string_375" HPOS="1206" VPOS="2180" WIDTH="144" HEIGHT="50" WC="0.96" CONTENT="hänsyn"/><SP WIDTH="29" VPOS="2180" HPOS="1350"/>
							<String ID="string_376" HPOS="1379" VPOS="2180" WIDTH="151" HEIGHT="36" WC="0.96" CONTENT="komma"/><SP WIDTH="28" VPOS="2180" HPOS="1530"/>
							<String ID="string_377" HPOS="1558" VPOS="2179" WIDTH="55" HEIGHT="36" WC="0.96" CONTENT="till"/><SP WIDTH="30" VPOS="2179" HPOS="1613"/>
							<String ID="string_378" HPOS="1643" VPOS="2178" WIDTH="59" HEIGHT="37" WC="0.96" CONTENT="sin"/><SP WIDTH="28" VPOS="2178" HPOS="1702"/>
							<String ID="string_379" HPOS="1730" VPOS="2182" WIDTH="84" HEIGHT="43" WC="0.96" CONTENT="rätt,"/><SP WIDTH="30" VPOS="2182" HPOS="1814"/>
							<String ID="string_380" HPOS="1844" VPOS="2178" WIDTH="142" HEIGHT="36" WC="0.96" CONTENT="hvilket"/>
						</TextLine>
						<TextLine ID="line_38" HPOS="392" VPOS="2228" WIDTH="1595" HEIGHT="56">
							<String ID="string_381" HPOS="392" VPOS="2234" WIDTH="82" HEIGHT="37" WC="0.96" CONTENT="icke"/><SP WIDTH="26" VPOS="2234" HPOS="474"/>
							<String ID="string_382" HPOS="500" VPOS="2237" WIDTH="47" HEIGHT="47" WC="0.96" CONTENT="på"/><SP WIDTH="28" VPOS="2237" HPOS="547"/>
							<String ID="string_383" HPOS="575" VPOS="2236" WIDTH="121" HEIGHT="47" WC="0.95" CONTENT="något"/><SP WIDTH="27" VPOS="2236" HPOS="696"/>
							<String ID="string_384" HPOS="723" VPOS="2239" WIDTH="73" HEIGHT="31" WC="0.92" CONTENT="sätt"/><SP WIDTH="28" VPOS="2239" HPOS="796"/>
							<String ID="string_385" HPOS="824" VPOS="2233" WIDTH="189" HEIGHT="50" WC="0.91" CONTENT="uppfylles"/><SP WIDTH="29" VPOS="2233" HPOS="1013"/>
							<String ID="string_386" HPOS="1042" VPOS="2232" WIDTH="41" HEIGHT="37" WC="0.96" CONTENT="af"/><SP WIDTH="24" VPOS="2232" HPOS="1083"/>
							<String ID="string_387" HPOS="1107" VPOS="2232" WIDTH="62" HEIGHT="37" WC="0.96" CONTENT="det"/><SP WIDTH="29" VPOS="2232" HPOS="1169"/>
							<String ID="string_388" HPOS="1198" VPOS="2232" WIDTH="149" HEIGHT="48" WC="0.96" CONTENT="ombud,"/><SP WIDTH="30" VPOS="2232" HPOS="1347"/>
							<String ID="string_389" HPOS="1377" VPOS="2245" WIDTH="79" HEIGHT="23" WC="0.96" CONTENT="som"/><SP WIDTH="30" VPOS="2245" HPOS="1456"/>
							<String ID="string_390" HPOS="1486" VPOS="2245" WIDTH="50" HEIGHT="22" WC="0.95" CONTENT="nu"/><SP WIDTH="29" VPOS="2245" HPOS="1536"/>
							<String ID="string_391" HPOS="1565" VPOS="2230" WIDTH="197" HEIGHT="37" WC="0.93" CONTENT="förordnas"/><SP WIDTH="28" VPOS="2230" HPOS="1762"/>
							<String ID="string_392" HPOS="1790" VPOS="2230" WIDTH="97" HEIGHT="36" WC="0.93" CONTENT="blott"/><SP WIDTH="23" VPOS="2230" HPOS="1887"/>
							<String ID="string_393" HPOS="1910" VPOS="2228" WIDTH="77" HEIGHT="38" WC="0.92" CONTENT="»till"/>
						</TextLine>
					</TextBlock>
				</ComposedBlock>
			</PrintSpace>
		</Page>
	</Layout>
</alto>
