1868 2790
450 183 408 39 Bevillningsutskottets
885 184 220 29 betänkande
1131 193 43 20 nr
1200 181 52 32 66.
1572 181 40 30 35

95 279 83 22 anse
198 269 32 30 vi
251 278 57 21 oss
327 268 11 30 i
358 269 95 30 detta
474 268 257 39 sammanhang
751 267 29 39 ej
804 267 133 30 behöva
958 268 163 29 närmare
1142 266 135 40 angiva.
1299 267 41 29 Vi
1361 267 171 39 begränsa
1553 275 57 21 oss

95 320 52 30 till
170 320 50 29 att
242 320 63 28 här
327 319 115 29 nedan
466 318 253 30 sammanfatta
741 318 87 29 både
851 327 90 21 ovan
963 318 148 29 berörda
1134 318 64 29 och
1222 317 110 30 andra
1355 326 96 20 mera
1475 317 136 29 väsent-

95 370 68 39 liga
183 370 153 39 punkter
357 368 10 29 i
388 371 49 28 ett
458 377 174 32 program,
656 378 74 20 som
752 368 32 30 vi
805 377 103 21 mena
932 368 112 29 skulle
1066 368 82 39 göra
1171 368 57 29 det
1249 367 139 39 möjligt
1410 369 50 28 att
1482 367 36 30 få
1541 367 68 30 slut

95 421 44 39 på
160 419 210 30 inflationen
392 420 65 29 och
479 419 172 30 förbättra
675 418 415 30 levnadsförhållandena
1112 418 55 29 för
1189 418 77 30 vårt
1287 417 85 30 folk.

143 470 26 28 1.
205 469 312 33 Inkomstskatten,
534 477 79 21 som
632 476 125 31 genom
777 468 212 30 inflationen
1009 468 191 30 successivt
1219 467 106 39 höjts,
1348 467 186 30 reduceras
1555 466 54 30 för

97 519 68 30 alla
187 519 356 39 inkomstkategorier
565 526 123 32 genom
713 518 114 30 beslut
850 527 42 21 av
913 518 188 39 riksdagen
1127 518 93 29 1952.
1255 518 197 38 Riksdagen
1475 517 62 29 bör
1559 525 49 21 re-

99 570 70 29 dan
192 570 9 29 i
225 570 79 29 höst
326 569 127 39 begära
475 569 133 39 förslag
627 569 125 29 härom
772 568 53 29 till
846 568 263 40 vårriksdagen.

141 619 29 30 2.
204 619 419 38 Förmögenhetsskatten
647 618 105 30 lättas
778 619 64 29 och
867 618 176 30 särskilda
1066 618 293 30 skattelättnader
1383 617 147 39 beviljas
1554 616 56 30 för

99 669 233 41 nysparande.

142 719 30 30 3.
209 720 52 29 En
284 719 157 40 tillfällig
462 717 549 41 konjunkturvinstbeskattning
1035 718 44 40 på
1102 718 194 39 väsentliga
1319 717 216 30 övervinster
1559 717 51 29 in-

100 770 105 33 föres,
228 769 120 31 varvid
368 769 140 39 hänsyn
530 770 95 39 tages
648 768 52 30 till
723 768 297 40 penningvärdets
1041 768 63 30 fall
1129 768 65 29 och
1215 768 52 29 till
1290 769 50 28 att
1361 766 249 41 produktions-

97 820 214 29 hämmande
338 819 214 39 verkningar
580 818 185 31 undvikas.
804 818 180 39 Förslaget
1013 828 56 20 om
1099 817 360 40 tvångssterilisering
1486 826 42 20 av
1560 816 50 29 in-

98 870 157 30 komster
277 869 79 30 från
378 869 235 40 skogsbruket
634 869 125 34 avslås,
781 877 81 21 men
883 868 231 40 möjligheten
1136 868 52 30 till
1211 867 146 41 frivillig
1378 866 203 39 avsättning
1600 867 10 29 i

99 919 434 40 skatteutjämningssyfte
559 918 164 31 behålles.

144 970 30 29 4.
212 970 51 29 En
290 970 55 29 del
374 979 42 20 av
441 971 43 29 de
511 976 123 31 genom
662 967 595 40 konjunkturvinstbeskattningen
1285 967 199 39 inflytande
1511 968 99 27 stats-

100 1020 242 29 inkomsterna
366 1019 179 30 användes
568 1019 50 29 till
640 1018 176 39 tillfälliga
840 1018 248 30 subventioner
1112 1017 57 30 för
1187 1018 52 28 att
1260 1018 130 38 dämpa
1413 1016 198 39 stegringen

99 1079 43 20 av
178 1069 395 30 levnadskostnaderna.
610 1068 320 30 Subventionernas
965 1068 221 40 utformning
1225 1068 98 38 göres
1363 1066 172 30 beroende
1571 1075 42 20 av

99 1120 184 39 praktiska
309 1120 88 29 krav
418 1119 47 40 på
487 1118 172 30 enkelhet.

145 1170 30 29 5.
210 1170 52 29 En
289 1169 91 39 läget
406 1169 248 30 motsvarande
680 1167 169 40 penning-
873 1167 66 30 och
963 1166 254 41 kreditpolitik,
1241 1166 246 30 innefattande
1511 1165 44 29 bl.
1581 1175 30 20 a.

100 1228 42 21 en
169 1219 71 30 viss
266 1219 168 39 rörlighet
459 1219 11 29 i
498 1219 127 29 räntan
651 1218 65 30 och
744 1227 43 20 en
812 1218 134 29 allmän
974 1217 171 31 stramhet
1171 1217 44 39 på
1243 1215 368 41 kapitalmarknaden,

98 1270 71 29 kan
189 1269 32 39 ej
241 1270 178 29 undvaras
438 1268 83 30 eller
540 1269 148 30 ersättas
709 1276 123 31 genom
852 1267 277 39 räntereglering
1147 1267 84 29 eller
1251 1265 360 39 kreditransonering.

144 1319 30 30 6.
210 1319 84 29 Tills
317 1319 121 30 vidare
463 1319 71 30 kan
562 1328 42 20 en
632 1317 220 40 samhällelig
874 1317 390 39 investeringskontroll
1291 1316 66 30 och
1382 1315 230 41 priskontroll

100 1369 31 39 ej
160 1370 187 33 undvaras,
375 1378 81 20 men
485 1368 170 40 politiken
684 1368 62 30 bör
772 1367 154 30 inriktas
950 1367 45 40 på
1020 1369 51 28 att
1098 1367 110 39 skapa
1234 1366 298 38 förutsättningar
1558 1365 55 29 för

99 1419 102 30 deras
238 1419 196 29 successiva
469 1417 205 39 avveckling
706 1417 65 30 och
806 1418 67 29 den
897 1416 408 31 samhällsekonomiska
1328 1416 190 29 balansens
1541 1414 72 30 vid-

101 1469 266 29 makthållande
387 1469 80 29 med
486 1477 96 21 mera
602 1467 173 39 generella
796 1467 124 29 medel.

145 1519 75 29 Vad
239 1518 107 39 gäller
365 1518 67 29 den
451 1519 11 29 i
481 1518 221 29 motionerna
722 1517 147 29 berörda
889 1516 126 39 frågan
1037 1525 57 20 om
1117 1515 190 30 eventuellt
1328 1515 115 29 beslut
1462 1514 150 29 rörande

99 1568 259 41 tvångsmässig
381 1567 230 40 sterilisering
633 1577 42 20 av
698 1566 304 39 skogsinkomster
1024 1567 11 28 i
1060 1566 176 30 avvaktan
1262 1565 45 40 på
1331 1565 134 38 förslag
1489 1573 57 21 om
1571 1572 42 21 en

99 1619 550 40 konjunkturvinstbeskattning
673 1619 123 29 kunna
818 1617 160 40 följande
1002 1616 247 31 förhållanden
1273 1616 166 40 påpekas.

145 1669 53 29 Av
215 1678 87 20 ovan
320 1668 150 31 berörda
486 1667 206 31 uttalanden
710 1667 79 30 från
808 1665 252 41 regeringshåll
1080 1665 167 39 framgår,
1269 1667 50 28 att
1339 1674 83 21 man
1440 1673 47 21 nu
1507 1664 106 30 också

100 1719 64 29 där
189 1719 38 29 är
253 1718 45 40 på
322 1718 58 30 det
405 1718 100 30 klara
532 1718 79 29 med
638 1719 50 29 att
717 1717 163 39 åtgärder
906 1725 43 21 av
975 1726 42 20 en
1044 1714 570 40 konjunkturvinstbeskattnings

102 1768 171 39 generella
302 1769 170 28 karaktär
499 1768 60 29 äro
585 1767 224 29 motiverade.
848 1766 113 30 Sedan
988 1765 222 31 motionerna
1236 1765 150 39 avgåvos
1413 1765 64 28 har
1508 1764 106 29 också

101 1818 202 39 regeringen
331 1817 167 30 tillkallat
525 1817 57 30 två
610 1816 223 39 sakkunniga
863 1816 96 29 inom
990 1815 400 39 finansdepartementet
1420 1814 79 29 med
1528 1822 86 31 upp-

101 1869 87 38 drag
206 1869 50 28 att
277 1867 124 30 utreda
422 1867 124 38 frågan
570 1876 56 20 om
648 1876 43 20 en
711 1866 157 39 tillfällig
886 1864 561 40 konjunkturvinstbeskattning.
1484 1864 13 28 I
1518 1863 95 29 detta

102 1918 74 39 läge
199 1926 103 30 synes
323 1916 190 39 riksdagen
537 1916 81 30 böra
643 1916 163 29 markera
830 1915 54 30 sin
912 1914 214 40 övertygelse
1150 1923 57 20 om
1231 1913 250 40 lämpligheten
1505 1913 110 29 härav

101 1976 124 31 genom
244 1969 50 28 att
312 1967 137 38 begära,
467 1966 51 30 att
536 1966 126 38 Kungl.
681 1965 107 39 Maj:t
808 1966 10 29 i
839 1965 125 39 början
985 1973 42 21 av
1044 1964 102 29 nästa
1165 1963 58 29 års
1241 1963 144 38 riksdag
1401 1961 214 41 framlägger

100 2018 135 38 förslag
257 2026 55 20 om
335 2025 42 22 en
400 2015 154 40 tillfällig
575 2014 429 40 konjunkturvinsiskatt,
1029 2023 79 21 vars
1131 2014 163 29 närmare
1316 2012 224 39 utformning
1560 2011 55 31 får

101 2067 46 29 bli
166 2067 171 30 beroende
355 2075 44 21 av
415 2065 245 39 utredningen.
692 2065 120 29 Skulle
831 2064 203 39 regeringen
1054 2065 73 28 mot
1145 2064 48 29 all
1209 2062 188 40 förmodan
1416 2062 99 29 avstå
1533 2062 80 39 från

100 2117 52 28 att
172 2116 98 39 lägga
289 2115 92 39 fram
402 2115 134 39 förslag
557 2124 42 21 av
620 2115 66 29 här
707 2114 185 40 ifrågasatt
914 2113 178 36 karaktär,
1114 2114 40 29 är
1174 2113 187 38 riksdagen
1383 2110 233 42 oförhindrad

101 2167 52 28 att
175 2174 122 21 senare
318 2165 91 39 fatta
433 2164 113 30 beslut
568 2174 54 20 om
649 2173 96 21 mera
769 2164 169 38 effektiva
962 2164 11 28 i
994 2162 137 40 princip
1155 2162 174 39 generella
1353 2161 263 39 steriliserings-

101 2216 265 30 bestämmelser
384 2216 57 39 för
461 2225 42 21 av
524 2214 267 39 konjunkturen
812 2213 235 40 framkallade
1069 2213 195 38 betydande
1285 2212 216 30 övervinster
1522 2221 93 20 inom

105 2264 99 30 såväl
223 2264 233 37 skogsbruket
477 2271 74 22 som
574 2263 110 30 andra
707 2262 96 30 delar
826 2272 42 20 av
888 2261 241 40 näringslivet.
1164 2262 12 28 I
1203 2262 38 29 så
1266 2262 61 29 fall
1350 2261 62 29 bör
1435 2261 10 28 i
1468 2262 149 27 motsats

103 2315 50 30 till
180 2314 224 39 regeringens
430 2313 141 38 förslag,
597 2313 135 39 belopp,
758 2322 79 21 vars
864 2312 144 38 gränser
1036 2311 109 40 uppåt
1169 2312 112 29 sättas
1307 2311 105 38 något
1437 2311 107 36 högre
1571 2310 42 28 än

100 2363 359 40 regeringsförslaget,
492 2362 97 30 alltid
622 2362 36 30 få
689 2362 209 38 fråndragas
918 2361 57 29 vid
996 2360 240 39 beräkningen
1257 2370 41 20 av
1323 2358 293 38 steriliseringens

103 2413 224 38 omfattning,
347 2412 195 30 oberoende
562 2422 41 20 av
623 2413 64 28 den
713 2411 105 30 totala
843 2411 418 38 försäljningssummans
1284 2409 141 31 storlek.
1447 2409 74 29 Den
1544 2417 72 20 om-

104 2464 244 38 ständigheten
371 2463 50 29 att
443 2462 114 30 beslut
579 2462 10 30 i
613 2462 37 29 så
672 2462 60 29 fall
756 2462 106 29 fattas
884 2461 89 30 först
994 2463 48 28 ett
1065 2460 120 39 stycke
1204 2460 37 29 in
1261 2460 45 39 på
1328 2460 101 29 nästa
1453 2460 38 29 år
1513 2467 103 29 synes
