1880 2778
278 196 42 30 34
729 190 291 34 Statsutskottets
1033 189 182 34 utlåtande
1229 201 41 21 nr
1284 191 33 31 8.

281 273 105 33 rierar
408 273 47 41 på
476 271 112 43 grund
611 284 45 20 av
679 271 42 34 de
744 270 93 33 olika
859 270 303 33 institutionernas
1186 268 237 35 verksamhet.
1445 269 74 32 Det
1541 268 132 40 arbete,
1697 280 76 21 som

281 317 132 33 utföres
434 329 45 21 av
500 316 196 38 biträdena,
715 315 220 33 underlättar
954 314 173 42 påtagligt
1145 333 46 4 —
1210 313 110 33 vilket
1346 313 4 32 i
1368 313 129 41 många
1516 312 257 41 sammanhang

282 361 105 33 också
413 361 165 33 betonats
603 380 45 4 —
673 359 385 41 vetenskapsmännens
1085 358 121 33 arbete
1231 357 66 33 och
1322 357 184 41 möjliggör
1533 356 53 34 för
1612 356 80 33 dem
1718 361 56 28 att

281 406 121 33 kunna
418 408 91 38 ägna
525 404 51 42 sig
591 405 37 32 åt
644 404 75 33 sina
736 403 155 42 verkliga
907 401 310 43 arbetsuppgifter,
1233 401 182 41 forskning
1430 401 65 33 och
1511 400 262 42 undervisning.

283 449 102 34 Stora
404 447 454 44 rekryteringssvårigheter
875 446 165 42 föreligga
1059 446 53 33 för
1130 446 43 34 de
1191 445 254 40 institutioner,
1463 445 63 33 där
1544 444 127 35 endast
1688 444 86 33 kon-

285 492 474 42 torsbiträdesbefattningar
790 491 114 33 finnas
937 490 190 34 inrättade.
1158 490 104 33 Ovan
1295 489 148 34 anförda
1474 488 302 42 omständigheter

283 538 129 39 utvisa,
434 538 116 33 såsom
573 537 106 33 också
701 535 520 42 universitetsmyndigheterna
1244 534 204 39 framhållit,
1471 538 56 28 att
1549 546 42 20 en
1615 532 160 33 differen-

283 582 126 42 tiering
432 594 46 21 av
500 581 290 41 löneställningen
814 583 37 30 är
873 580 136 41 orimlig
1030 579 65 34 och
1118 579 170 34 ohållbar.
1322 577 374 43 Arbetsuppgifternas
1720 581 54 29 art

284 627 136 33 utvisar
447 626 131 40 vidare,
605 630 55 29 att
686 625 81 33 med
794 624 267 42 utgångspunkt
1088 623 77 33 från
1193 623 43 33 de
1263 635 149 27 normer,
1439 634 75 21 som
1543 622 152 41 angivits
1722 620 54 34 för

284 670 361 43 lönegradsplacering
667 670 10 32 i
705 673 87 30 1947
818 670 53 32 års
896 668 361 41 biträdesutrednings
1283 667 233 42 promemoria
1541 666 67 33 den
1633 669 42 29 22
1700 678 76 29 sep-

285 715 136 33 tember
441 718 100 37 1948,
559 727 42 22 en
620 717 94 31 ännu
733 714 106 41 högre
857 712 246 42 löneställning
1121 716 44 29 än
1188 716 75 29 11:e
1280 711 210 42 lönegraden
1511 714 39 30 är
1567 709 209 35 motiverad.

284 760 57 33 En
360 759 148 42 höjning
527 758 106 35 redan
653 771 48 21 nu
722 771 46 20 av
788 758 42 33 de
851 757 250 41 befattningar,
1121 756 95 34 vilka
1237 768 48 21 nu
1306 756 38 33 så
1363 756 128 41 många
1512 756 38 32 år
1568 755 209 41 övergångs-

285 804 52 34 vis
361 804 94 33 varit
478 803 184 43 placerade
684 803 10 32 i
718 803 92 41 lägre
836 801 176 42 lönegrad,
1035 801 53 33 till
1111 800 405 41 kanslibiträdesgraden
1540 799 110 34 skulle
1674 799 103 33 alltså

285 848 75 35 icke
379 848 174 42 föregripa
572 848 186 33 resultatet
777 859 45 21 av
843 850 86 30 1947
948 847 54 32 års
1023 844 357 42 biträdesutredning.
1399 844 66 33 Ett
1484 843 229 34 avvaktande
1732 855 45 20 av

286 893 186 33 resultatet
495 905 45 21 av
563 891 115 34 denna
701 891 189 41 utredning
911 890 110 35 skulle
1045 890 10 32 i
1078 889 101 34 detta
1202 889 61 33 fall
1286 888 193 42 säkerligen
1502 887 37 34 få
1561 887 54 34 för
1637 887 141 33 institu-

286 937 177 33 tionernas
492 936 169 34 fortsatta
687 936 121 33 arbete
834 934 219 43 synnerligen
1082 933 195 42 beklagliga
1304 933 271 33 konsekvenser.
1602 932 176 33 Ovanstå-

286 981 87 34 ende
393 981 215 42 redogörelse
628 980 94 34 visar
741 980 131 39 vidare,
890 983 55 29 att
965 979 61 33 det
1044 979 64 32 här
1126 981 56 30 rör
1201 977 52 42 sig
1271 989 58 21 om
1348 989 43 21 en
1410 975 369 43 organisationsfråga,

287 1038 78 21 vars
390 1025 138 42 lösning
551 1025 128 33 saknar
703 1024 257 41 sammanhang
983 1023 80 33 med
1088 1035 46 20 nu
1161 1022 156 33 rådande
1342 1020 324 41 lönestabilisering.

336 1124 196 34 Utskottet.
553 1123 121 42 Enligt
695 1123 53 33 till
770 1122 177 34 utskottet
969 1121 77 34 från
1069 1121 248 34 universitetet
1346 1120 2 33 i
1369 1119 161 43 Uppsala
1551 1118 228 34 överlämnad

287 1177 140 43 uppgift
448 1177 93 34 hava
562 1177 70 33 fem
653 1176 213 33 innehavare
887 1188 45 21 av
952 1179 98 30 extra
1070 1174 174 33 ordinarie
1264 1171 515 42 kanslibiträdesbefattningar

287 1231 65 34 och
371 1231 64 33 två
455 1230 212 34 innehavare
687 1242 45 21 av
751 1234 98 29 extra
868 1228 173 34 ordinarie
1059 1226 458 42 kontorsbiträdestjänster
1536 1237 146 21 numera
1702 1224 78 33 full-

287 1284 93 42 gjort
399 1283 237 43 tjänstgöring
652 1283 144 42 jämlikt
813 1282 230 42 kungörelsen
1065 1284 99 30 1947:
1179 1284 66 29 436
1266 1279 180 42 angående
1467 1278 155 42 reglerad
1642 1277 138 34 beford-

288 1338 187 42 ringsgång
495 1336 54 34 för
571 1337 68 33 viss
662 1336 76 34 icke
760 1335 173 34 ordinarie
954 1335 160 42 personal
1136 1334 10 33 i
1168 1338 136 29 statens
1327 1333 113 41 tjänst
1461 1331 112 35 under
1594 1331 109 33 minst
1724 1331 56 41 sju

289 1392 48 32 år.
370 1391 53 33 På
446 1390 113 43 grund
581 1389 110 34 härav
715 1389 63 33 bör
801 1389 10 33 i
834 1387 428 44 personalförteckningen
1286 1386 54 33 för
1361 1385 93 34 vissa
1478 1385 219 42 tjänstemän
1721 1383 59 34 vid

287 1444 160 42 Uppsala
483 1443 224 34 universitets
745 1442 189 42 samlingar
970 1441 65 33 och
1072 1440 237 41 inrättningar
1334 1451 46 21 m.
1406 1451 47 21 m.
1479 1438 111 33 under
1615 1437 166 33 rubriken

291 1496 294 43 »Vetenskapliga
610 1495 242 34 institutioner
875 1495 64 33 och
965 1494 248 41 inrättningar,
1238 1491 210 35 tillhörande
1474 1491 217 34 medicinska
1716 1489 65 34 och

288 1550 194 34 filosofiska
501 1549 250 40 fakulteterna,
772 1561 45 20 m.
839 1560 66 21 m.»
929 1547 167 43 uppföras
1117 1546 205 42 ytterligare
1341 1545 55 42 sju
1416 1543 365 35 kontorsbiträdesbe-

290 1603 196 42 fattningar
512 1603 10 33 i
549 1602 211 42 lönegraden
787 1602 97 34 Ca8.
921 1601 18 33 I
966 1600 204 41 anslutning
1195 1599 118 33 härtill
1340 1598 64 33 bör
1429 1597 121 34 vidare
1577 1597 67 33 den
1671 1596 111 34 under

290 1656 130 34 delstat
441 1656 39 33 II
502 1655 175 43 uppförda
700 1655 265 42 anslagsposten
988 1654 52 33 till
1062 1652 207 42 avlöningar
1291 1651 53 34 till
1367 1651 173 33 ordinarie
1563 1650 219 42 tjänstemän

289 1710 99 42 höjas
410 1709 82 34 med
516 1711 34 40 (2
569 1714 33 34 X
620 1712 20 30 4
655 1712 66 30 344
739 1710 54 39 =)
818 1708 10 33 i
849 1712 83 28 runt
954 1707 50 33 tal
1026 1711 19 29 8
1060 1710 66 30 700
1146 1706 130 33 kronor
1296 1705 52 33 till
1373 1705 81 41 (810
1469 1708 65 30 000
1551 1707 38 38 +
1606 1707 19 29 8
1640 1707 66 30 700
1723 1702 55 41 =)

290 1767 65 30 818
370 1767 66 29 700
458 1763 129 33 kronor
608 1762 65 33 och
696 1761 68 34 den
786 1761 10 33 i
818 1773 135 22 samma
976 1760 128 33 delstat
1127 1758 177 43 uppförda
1326 1758 265 41 anslagsposten
1613 1756 52 33 till
1687 1756 95 33 avlö-

291 1816 123 42 ningar
442 1816 53 32 till
523 1815 98 42 övrig
648 1814 266 34 icke-ordinarie
941 1813 160 43 personal
1130 1812 156 33 minskas
1314 1811 81 33 med
1422 1809 157 36 nämnda
1606 1809 128 42 belopp
1762 1809 21 33 å

292 1874 20 29 8
326 1874 64 30 700
410 1870 130 33 kronor
560 1869 51 33 till
633 1869 81 41 (842
729 1872 66 30 000
808 1888 45 4 —
866 1872 20 29 8
901 1871 64 30 700
983 1868 53 40 =)
1060 1870 65 30 833
1140 1870 64 30 300
1225 1866 139 32 kronor.

336 1925 73 33 Det
429 1925 11 33 i
460 1925 179 33 motionen
659 1925 29 33 I:
706 1927 62 29 141
792 1923 221 33 framställda
1032 1922 166 41 förslaget
1218 1920 180 43 angående
1418 1918 298 43 omorganisation
1738 1929 45 21 av

291 1978 425 34 universitetskanslierna
748 1977 60 33 vid
839 1976 251 34 universiteten
1121 1978 38 30 är
1190 1975 177 33 utskottet
1398 1973 76 35 icke
1504 1973 116 33 berett
1649 1976 56 29 att
1735 1983 48 21 nu

292 2032 151 34 biträda.
462 2032 188 33 Utskottet
669 2031 60 33 vill
748 2030 192 34 emellertid
959 2030 10 32 i
989 2029 188 41 anledning
1197 2041 44 20 av
1261 2027 180 34 motionen
1461 2025 248 42 understryka,
1728 2028 56 29 att

292 2086 59 33 det
370 2086 109 41 enligt
496 2085 194 34 utskottets
709 2084 142 41 mening
869 2087 37 30 är
924 2083 140 33 särskilt
1082 2082 183 42 angeläget
1284 2085 55 29 att
1357 2078 426 35 universitetskanslierna

292 2143 138 29 snarast
449 2138 130 34 erhålla
599 2151 42 20 en
660 2137 250 43 organisation,
929 2149 76 21 som
1024 2139 110 30 sätter
1155 2135 79 33 dem
1255 2135 9 32 i
1284 2133 105 34 stånd
1408 2138 55 28 att
1484 2134 47 41 på
1548 2137 53 29 ett
1620 2131 165 35 effektivt

292 2192 64 33 och
378 2191 323 34 tillfredsställande
721 2194 74 30 sätt
814 2190 198 42 handlägga
1033 2189 41 33 de
1095 2187 281 42 huvudsakligen
1397 2186 53 33 till
1471 2186 88 41 följd
1580 2198 44 21 av
1646 2184 138 34 univer-

292 2245 382 42 sitetsupprustningen
698 2243 206 34 föranledda
927 2242 113 34 ökade
1064 2240 286 35 administrativa
1372 2239 238 42 uppgifterna.
1643 2239 18 33 I
1684 2237 101 34 detta

293 2298 257 42 sammanhang
574 2297 54 35 får
652 2298 181 32 utskottet
857 2296 196 39 framhålla,
1080 2300 56 28 att
1161 2307 58 21 om
1245 2295 39 32 så
1309 2293 111 34 skulle
1447 2292 75 33 visa
1548 2292 51 41 sig
1623 2290 161 42 lämpligt

292 2352 54 33 för
371 2357 55 28 att
452 2351 176 34 förstärka
654 2351 67 33 den
749 2350 205 33 nuvarande
979 2347 415 43 kansliorganisationens
1422 2345 213 34 effektivitet
1661 2343 124 34 hinder

293 2405 75 34 icke
392 2417 102 30 synes
520 2405 83 33 böra
627 2407 99 30 möta
750 2403 54 33 för
826 2403 131 41 Kungl.
981 2402 110 42 Maj:t
1116 2406 54 29 att
1195 2401 46 42 på
1264 2398 260 42 framställning
1546 2410 46 21 av
1617 2396 168 35 vederbö-

294 2459 106 33 rande
425 2457 247 43 myndigheter
696 2456 175 42 medgiva,
895 2460 56 29 att
976 2455 43 34 de
1044 2455 59 33 vid
1128 2453 254 34 universiteten
1406 2451 176 42 utgående
1607 2449 179 35 arvodena

294 2511 51 33 till
364 2510 327 35 fakultetsnotarier
707 2511 59 32 må
784 2508 254 35 sammanföras
1057 2508 52 32 till
1127 2512 53 29 ett
1197 2505 290 42 arvodesbelopp,
1506 2503 193 35 eventuellt
1717 2502 68 33 för-
