<?xml version="1.0" encoding="UTF-8"?>
<alto xmlns="http://www.loc.gov/standards/alto/ns-v3#" xmlns:xlink="http://www.w3.org/1999/xlink" xmlns:xsi="http://www.w3.org/2001/XMLSchema-instance" xsi:schemaLocation="http://www.loc.gov/standards/alto/ns-v3# http://www.loc.gov/alto/v3/alto-3-0.xsd">
	<Description>
		<MeasurementUnit>pixel</MeasurementUnit>
		<sourceImageInformation>
			<fileName>/tmp/tess_v30deyzk_input.PNG</fileName>
		</sourceImageInformation>
		<OCRProcessing ID="OCR_0">
			<ocrProcessingStep>
				<processingSoftware>
					<softwareName>tesseract 5.3.0</softwareName>
				</processingSoftware>
			</ocrProcessingStep>
		</OCRProcessing>
	</Description>
	<Layout>
		<Page WIDTH="1859" HEIGHT="2828" PHYSICAL_IMG_NR="0" ID="page_0">
			<PrintSpace HPOS="0" VPOS="0" WIDTH="1859" HEIGHT="2828">
				<ComposedBlock ID="cblock_0" HPOS="257" VPOS="148" WIDTH="1142" HEIGHT="45">
					<TextBlock ID="block_0" HPOS="257" VPOS="148" WIDTH="1142" HEIGHT="45">
						<TextLine ID="line_0" HPOS="257" VPOS="148" WIDTH="1142" HEIGHT="45">
							<String ID="string_0" HPOS="257" VPOS="148" WIDTH="18" HEIGHT="32" WC="0.95" CONTENT="8"/><SP WIDTH="345" VPOS="148" HPOS="275"/>
							<String ID="string_1" HPOS="620" VPOS="152" WIDTH="404" HEIGHT="41" WC="0.91" CONTENT="Bevillningsutskottets"/><SP WIDTH="22" VPOS="152" HPOS="1024"/>
							<String ID="string_2" HPOS="1046" VPOS="156" WIDTH="218" HEIGHT="33" WC="0.96" CONTENT="betänkande"/><SP WIDTH="20" VPOS="156" HPOS="1264"/>
							<String ID="string_3" HPOS="1284" VPOS="168" WIDTH="43" HEIGHT="21" WC="0.96" CONTENT="nr"/><SP WIDTH="20" VPOS="168" HPOS="1327"/>
							<String ID="string_4" HPOS="1347" VPOS="159" WIDTH="52" HEIGHT="31" WC="0.96" CONTENT="59."/>
						</TextLine>
					</TextBlock>
				</ComposedBlock>
				<ComposedBlock ID="cblock_1" HPOS="243" VPOS="237" WIDTH="1517" HEIGHT="2092">
					<TextBlock ID="block_1" HPOS="252" VPOS="237" WIDTH="1508" HEIGHT="1065">
						<TextLine ID="line_1" HPOS="262" VPOS="237" WIDTH="1498" HEIGHT="52">
							<String ID="string_5" HPOS="262" VPOS="237" WIDTH="153" HEIGHT="33" WC="0.95" CONTENT="Sålunda"/><SP WIDTH="22" VPOS="237" HPOS="415"/>
							<String ID="string_6" HPOS="437" VPOS="239" WIDTH="57" HEIGHT="31" WC="0.95" CONTENT="må"/><SP WIDTH="21" VPOS="239" HPOS="494"/>
							<String ID="string_7" HPOS="515" VPOS="239" WIDTH="106" HEIGHT="32" WC="0.96" CONTENT="bland"/><SP WIDTH="23" VPOS="239" HPOS="621"/>
							<String ID="string_8" HPOS="644" VPOS="243" WIDTH="107" HEIGHT="29" WC="0.92" CONTENT="annat"/><SP WIDTH="22" VPOS="243" HPOS="751"/>
							<String ID="string_9" HPOS="773" VPOS="241" WIDTH="134" HEIGHT="33" WC="0.90" CONTENT="erinras"/><SP WIDTH="21" VPOS="241" HPOS="907"/>
							<String ID="string_10" HPOS="928" VPOS="253" WIDTH="56" HEIGHT="21" WC="0.95" CONTENT="om"/><SP WIDTH="23" VPOS="253" HPOS="984"/>
							<String ID="string_11" HPOS="1007" VPOS="245" WIDTH="50" HEIGHT="30" WC="0.95" CONTENT="att"/><SP WIDTH="23" VPOS="245" HPOS="1057"/>
							<String ID="string_12" HPOS="1080" VPOS="244" WIDTH="83" HEIGHT="31" WC="0.96" CONTENT="1949"/><SP WIDTH="23" VPOS="244" HPOS="1163"/>
							<String ID="string_13" HPOS="1186" VPOS="245" WIDTH="56" HEIGHT="30" WC="0.93" CONTENT="års"/><SP WIDTH="23" VPOS="245" HPOS="1242"/>
							<String ID="string_14" HPOS="1265" VPOS="247" WIDTH="302" HEIGHT="42" WC="0.92" CONTENT="skatteutredning"/><SP WIDTH="21" VPOS="247" HPOS="1567"/>
							<String ID="string_15" HPOS="1588" VPOS="249" WIDTH="11" HEIGHT="29" WC="0.93" CONTENT="i"/><SP WIDTH="21" VPOS="249" HPOS="1599"/>
							<String ID="string_16" HPOS="1620" VPOS="249" WIDTH="140" HEIGHT="31" WC="0.92" CONTENT="remiss-"/>
						</TextLine>
						<TextLine ID="line_2" HPOS="259" VPOS="290" WIDTH="1500" HEIGHT="52">
							<String ID="string_17" HPOS="259" VPOS="290" WIDTH="163" HEIGHT="38" WC="0.91" CONTENT="yltrande"/><SP WIDTH="25" VPOS="290" HPOS="422"/>
							<String ID="string_18" HPOS="447" VPOS="292" WIDTH="81" HEIGHT="30" WC="0.95" CONTENT="över"/><SP WIDTH="26" VPOS="292" HPOS="528"/>
							<String ID="string_19" HPOS="554" VPOS="291" WIDTH="165" HEIGHT="42" WC="0.95" CONTENT="förslaget"/><SP WIDTH="25" VPOS="291" HPOS="719"/>
							<String ID="string_20" HPOS="744" VPOS="293" WIDTH="52" HEIGHT="31" WC="0.96" CONTENT="till"/><SP WIDTH="26" VPOS="293" HPOS="796"/>
							<String ID="string_21" HPOS="822" VPOS="304" WIDTH="45" HEIGHT="30" WC="0.93" CONTENT="ny"/><SP WIDTH="26" VPOS="304" HPOS="867"/>
							<String ID="string_22" HPOS="893" VPOS="295" WIDTH="236" HEIGHT="42" WC="0.91" CONTENT="föreningslag"/><SP WIDTH="26" VPOS="295" HPOS="1129"/>
							<String ID="string_23" HPOS="1155" VPOS="298" WIDTH="164" HEIGHT="34" WC="0.95" CONTENT="uttalade,"/><SP WIDTH="28" VPOS="298" HPOS="1319"/>
							<String ID="string_24" HPOS="1347" VPOS="300" WIDTH="50" HEIGHT="29" WC="0.95" CONTENT="att"/><SP WIDTH="25" VPOS="300" HPOS="1397"/>
							<String ID="string_25" HPOS="1422" VPOS="309" WIDTH="42" HEIGHT="20" WC="0.95" CONTENT="en"/><SP WIDTH="26" VPOS="309" HPOS="1464"/>
							<String ID="string_26" HPOS="1490" VPOS="301" WIDTH="202" HEIGHT="41" WC="0.96" CONTENT="avveckling"/><SP WIDTH="25" VPOS="301" HPOS="1692"/>
							<String ID="string_27" HPOS="1717" VPOS="312" WIDTH="42" HEIGHT="20" WC="0.96" CONTENT="av"/>
						</TextLine>
						<TextLine ID="line_3" HPOS="261" VPOS="340" WIDTH="1498" HEIGHT="46">
							<String ID="string_28" HPOS="261" VPOS="340" WIDTH="436" HEIGHT="42" WC="0.90" CONTENT="fastighetsföreningarna"/><SP WIDTH="29" VPOS="340" HPOS="697"/>
							<String ID="string_29" HPOS="726" VPOS="354" WIDTH="41" HEIGHT="21" WC="0.93" CONTENT="ur"/><SP WIDTH="29" VPOS="354" HPOS="767"/>
							<String ID="string_30" HPOS="796" VPOS="346" WIDTH="296" HEIGHT="40" WC="0.92" CONTENT="skattesynpunkt"/><SP WIDTH="28" VPOS="346" HPOS="1092"/>
							<String ID="string_31" HPOS="1120" VPOS="357" WIDTH="81" HEIGHT="21" WC="0.96" CONTENT="vore"/><SP WIDTH="29" VPOS="357" HPOS="1201"/>
							<String ID="string_32" HPOS="1230" VPOS="350" WIDTH="48" HEIGHT="28" WC="0.96" CONTENT="ett"/><SP WIDTH="29" VPOS="350" HPOS="1278"/>
							<String ID="string_33" HPOS="1307" VPOS="350" WIDTH="38" HEIGHT="30" WC="0.95" CONTENT="så"/><SP WIDTH="28" VPOS="350" HPOS="1345"/>
							<String ID="string_34" HPOS="1373" VPOS="352" WIDTH="87" HEIGHT="28" WC="0.96" CONTENT="stort"/><SP WIDTH="28" VPOS="352" HPOS="1460"/>
							<String ID="string_35" HPOS="1488" VPOS="352" WIDTH="190" HEIGHT="34" WC="0.94" CONTENT="önskemål,"/><SP WIDTH="31" VPOS="352" HPOS="1678"/>
							<String ID="string_36" HPOS="1709" VPOS="354" WIDTH="50" HEIGHT="28" WC="0.95" CONTENT="att"/>
						</TextLine>
						<TextLine ID="line_4" HPOS="261" VPOS="392" WIDTH="1497" HEIGHT="52">
							<String ID="string_37" HPOS="261" VPOS="392" WIDTH="348" HEIGHT="42" WC="0.91" CONTENT="skatteutredningen"/><SP WIDTH="31" VPOS="392" HPOS="609"/>
							<String ID="string_38" HPOS="640" VPOS="395" WIDTH="203" HEIGHT="40" WC="0.96" CONTENT="ifrågasatte"/><SP WIDTH="31" VPOS="395" HPOS="843"/>
							<String ID="string_39" HPOS="874" VPOS="407" WIDTH="58" HEIGHT="20" WC="0.96" CONTENT="om"/><SP WIDTH="30" VPOS="407" HPOS="932"/>
							<String ID="string_40" HPOS="962" VPOS="398" WIDTH="75" HEIGHT="30" WC="0.95" CONTENT="icke"/><SP WIDTH="33" VPOS="398" HPOS="1037"/>
							<String ID="string_41" HPOS="1070" VPOS="399" WIDTH="171" HEIGHT="32" WC="0.96" CONTENT="särskilda"/><SP WIDTH="33" VPOS="399" HPOS="1241"/>
							<String ID="string_42" HPOS="1274" VPOS="400" WIDTH="160" HEIGHT="41" WC="0.96" CONTENT="åtgärder"/><SP WIDTH="30" VPOS="400" HPOS="1434"/>
							<String ID="string_43" HPOS="1464" VPOS="402" WIDTH="106" HEIGHT="31" WC="0.95" CONTENT="borde"/><SP WIDTH="31" VPOS="402" HPOS="1570"/>
							<String ID="string_44" HPOS="1601" VPOS="404" WIDTH="157" HEIGHT="40" WC="0.96" CONTENT="vidtagas"/>
						</TextLine>
						<TextLine ID="line_5" HPOS="259" VPOS="442" WIDTH="1498" HEIGHT="51">
							<String ID="string_45" HPOS="259" VPOS="442" WIDTH="55" HEIGHT="31" WC="0.96" CONTENT="för"/><SP WIDTH="21" VPOS="442" HPOS="314"/>
							<String ID="string_46" HPOS="335" VPOS="446" WIDTH="50" HEIGHT="27" WC="0.96" CONTENT="att"/><SP WIDTH="21" VPOS="446" HPOS="385"/>
							<String ID="string_47" HPOS="406" VPOS="444" WIDTH="180" HEIGHT="32" WC="0.95" CONTENT="stimulera"/><SP WIDTH="21" VPOS="444" HPOS="586"/>
							<String ID="string_48" HPOS="607" VPOS="447" WIDTH="256" HEIGHT="40" WC="0.96" CONTENT="upplösningen"/><SP WIDTH="22" VPOS="447" HPOS="863"/>
							<String ID="string_49" HPOS="885" VPOS="457" WIDTH="41" HEIGHT="21" WC="0.96" CONTENT="av"/><SP WIDTH="21" VPOS="457" HPOS="926"/>
							<String ID="string_50" HPOS="947" VPOS="450" WIDTH="95" HEIGHT="29" WC="0.96" CONTENT="äldre"/><SP WIDTH="21" VPOS="450" HPOS="1042"/>
							<String ID="string_51" HPOS="1063" VPOS="450" WIDTH="210" HEIGHT="41" WC="0.96" CONTENT="föreningar,"/><SP WIDTH="22" VPOS="450" HPOS="1273"/>
							<String ID="string_52" HPOS="1295" VPOS="452" WIDTH="168" HEIGHT="40" WC="0.96" CONTENT="möjligen"/><SP WIDTH="22" VPOS="452" HPOS="1463"/>
							<String ID="string_53" HPOS="1485" VPOS="454" WIDTH="200" HEIGHT="39" WC="0.95" CONTENT="därigenom"/><SP WIDTH="22" VPOS="454" HPOS="1685"/>
							<String ID="string_54" HPOS="1707" VPOS="457" WIDTH="50" HEIGHT="28" WC="0.95" CONTENT="att"/>
						</TextLine>
						<TextLine ID="line_6" HPOS="258" VPOS="494" WIDTH="1500" HEIGHT="50">
							<String ID="string_55" HPOS="258" VPOS="494" WIDTH="111" HEIGHT="31" WC="0.96" CONTENT="under"/><SP WIDTH="19" VPOS="494" HPOS="369"/>
							<String ID="string_56" HPOS="388" VPOS="495" WIDTH="116" HEIGHT="41" WC="0.93" CONTENT="någon"/><SP WIDTH="18" VPOS="495" HPOS="504"/>
							<String ID="string_57" HPOS="522" VPOS="496" WIDTH="244" HEIGHT="41" WC="0.89" CONTENT="övergångstid"/><SP WIDTH="19" VPOS="496" HPOS="766"/>
							<String ID="string_58" HPOS="785" VPOS="499" WIDTH="99" HEIGHT="31" WC="0.96" CONTENT="deras"/><SP WIDTH="20" VPOS="499" HPOS="884"/>
							<String ID="string_59" HPOS="904" VPOS="500" WIDTH="206" HEIGHT="32" WC="0.93" CONTENT="likvidation"/><SP WIDTH="20" VPOS="500" HPOS="1110"/>
							<String ID="string_60" HPOS="1130" VPOS="503" WIDTH="261" HEIGHT="30" WC="0.91" CONTENT="underlättades"/><SP WIDTH="21" VPOS="503" HPOS="1391"/>
							<String ID="string_61" HPOS="1412" VPOS="512" WIDTH="123" HEIGHT="32" WC="0.96" CONTENT="genom"/><SP WIDTH="18" VPOS="512" HPOS="1535"/>
							<String ID="string_62" HPOS="1553" VPOS="505" WIDTH="93" HEIGHT="31" WC="0.93" CONTENT="vissa"/><SP WIDTH="19" VPOS="505" HPOS="1646"/>
							<String ID="string_63" HPOS="1665" VPOS="506" WIDTH="93" HEIGHT="30" WC="0.92" CONTENT="skat-"/>
						</TextLine>
						<TextLine ID="line_7" HPOS="258" VPOS="545" WIDTH="1497" HEIGHT="46">
							<String ID="string_64" HPOS="258" VPOS="545" WIDTH="239" HEIGHT="41" WC="0.89" CONTENT="teeftergifter."/><SP WIDTH="28" VPOS="545" HPOS="497"/>
							<String ID="string_65" HPOS="525" VPOS="547" WIDTH="126" HEIGHT="32" WC="0.96" CONTENT="Vidare"/><SP WIDTH="26" VPOS="547" HPOS="651"/>
							<String ID="string_66" HPOS="677" VPOS="549" WIDTH="150" HEIGHT="42" WC="0.96" CONTENT="föreslog"/><SP WIDTH="29" VPOS="549" HPOS="827"/>
							<String ID="string_67" HPOS="856" VPOS="550" WIDTH="83" HEIGHT="31" WC="0.96" CONTENT="1944"/><SP WIDTH="27" VPOS="550" HPOS="939"/>
							<String ID="string_68" HPOS="966" VPOS="552" WIDTH="56" HEIGHT="31" WC="0.96" CONTENT="års"/><SP WIDTH="27" VPOS="552" HPOS="1022"/>
							<String ID="string_69" HPOS="1049" VPOS="553" WIDTH="179" HEIGHT="32" WC="0.93" CONTENT="allmänna"/><SP WIDTH="26" VPOS="553" HPOS="1228"/>
							<String ID="string_70" HPOS="1254" VPOS="555" WIDTH="299" HEIGHT="31" WC="0.91" CONTENT="skattekommitté"/><SP WIDTH="26" VPOS="555" HPOS="1553"/>
							<String ID="string_71" HPOS="1579" VPOS="557" WIDTH="11" HEIGHT="29" WC="0.96" CONTENT="i"/><SP WIDTH="26" VPOS="557" HPOS="1590"/>
							<String ID="string_72" HPOS="1616" VPOS="559" WIDTH="48" HEIGHT="29" WC="0.96" CONTENT="ett"/><SP WIDTH="26" VPOS="559" HPOS="1664"/>
							<String ID="string_73" HPOS="1690" VPOS="559" WIDTH="65" HEIGHT="29" WC="0.96" CONTENT="den"/>
						</TextLine>
						<TextLine ID="line_8" HPOS="258" VPOS="596" WIDTH="1498" HEIGHT="53">
							<String ID="string_74" HPOS="258" VPOS="596" WIDTH="40" HEIGHT="31" WC="0.96" CONTENT="23"/><SP WIDTH="23" VPOS="596" HPOS="298"/>
							<String ID="string_75" HPOS="321" VPOS="597" WIDTH="79" HEIGHT="39" WC="0.96" CONTENT="juni"/><SP WIDTH="26" VPOS="597" HPOS="400"/>
							<String ID="string_76" HPOS="426" VPOS="598" WIDTH="83" HEIGHT="31" WC="0.88" CONTENT="1930"/><SP WIDTH="24" VPOS="598" HPOS="509"/>
							<String ID="string_77" HPOS="533" VPOS="599" WIDTH="134" HEIGHT="40" WC="0.96" CONTENT="avgivet"/><SP WIDTH="24" VPOS="599" HPOS="667"/>
							<String ID="string_78" HPOS="691" VPOS="600" WIDTH="220" HEIGHT="34" WC="0.96" CONTENT="betänkande"/><SP WIDTH="25" VPOS="600" HPOS="911"/>
							<String ID="string_79" HPOS="936" VPOS="605" WIDTH="59" HEIGHT="34" WC="0.95" CONTENT="att,"/><SP WIDTH="31" VPOS="605" HPOS="995"/>
							<String ID="string_80" HPOS="1026" VPOS="604" WIDTH="4" HEIGHT="29" WC="0.95" CONTENT="i"/><SP WIDTH="24" VPOS="604" HPOS="1030"/>
							<String ID="string_81" HPOS="1054" VPOS="605" WIDTH="170" HEIGHT="31" WC="0.96" CONTENT="samband"/><SP WIDTH="23" VPOS="605" HPOS="1224"/>
							<String ID="string_82" HPOS="1247" VPOS="607" WIDTH="79" HEIGHT="30" WC="0.96" CONTENT="med"/><SP WIDTH="23" VPOS="607" HPOS="1326"/>
							<String ID="string_83" HPOS="1349" VPOS="607" WIDTH="200" HEIGHT="32" WC="0.96" CONTENT="införandet"/><SP WIDTH="25" VPOS="607" HPOS="1549"/>
							<String ID="string_84" HPOS="1574" VPOS="618" WIDTH="42" HEIGHT="21" WC="0.96" CONTENT="av"/><SP WIDTH="23" VPOS="618" HPOS="1616"/>
							<String ID="string_85" HPOS="1639" VPOS="610" WIDTH="117" HEIGHT="39" WC="0.92" CONTENT="kedje-"/>
						</TextLine>
						<TextLine ID="line_9" HPOS="257" VPOS="648" WIDTH="1499" HEIGHT="51">
							<String ID="string_86" HPOS="257" VPOS="648" WIDTH="225" HEIGHT="43" WC="0.96" CONTENT="beskattning"/><SP WIDTH="28" VPOS="648" HPOS="482"/>
							<String ID="string_87" HPOS="510" VPOS="660" WIDTH="42" HEIGHT="20" WC="0.91" CONTENT="av"/><SP WIDTH="28" VPOS="660" HPOS="552"/>
							<String ID="string_88" HPOS="580" VPOS="652" WIDTH="396" HEIGHT="39" WC="0.91" CONTENT="utdelningsinkomster"/><SP WIDTH="29" VPOS="652" HPOS="976"/>
							<String ID="string_89" HPOS="1005" VPOS="655" WIDTH="55" HEIGHT="30" WC="0.96" CONTENT="för"/><SP WIDTH="28" VPOS="655" HPOS="1060"/>
							<String ID="string_90" HPOS="1088" VPOS="655" WIDTH="92" HEIGHT="32" WC="0.95" CONTENT="vissa"/><SP WIDTH="29" VPOS="655" HPOS="1180"/>
							<String ID="string_91" HPOS="1209" VPOS="657" WIDTH="196" HEIGHT="42" WC="0.96" CONTENT="aktiebolag"/><SP WIDTH="30" VPOS="657" HPOS="1405"/>
							<String ID="string_92" HPOS="1435" VPOS="660" WIDTH="63" HEIGHT="29" WC="0.96" CONTENT="och"/><SP WIDTH="30" VPOS="660" HPOS="1498"/>
							<String ID="string_93" HPOS="1528" VPOS="660" WIDTH="228" HEIGHT="31" WC="0.96" CONTENT="ekonomiska"/>
						</TextLine>
						<TextLine ID="line_10" HPOS="256" VPOS="699" WIDTH="1498" HEIGHT="48">
							<String ID="string_94" HPOS="256" VPOS="699" WIDTH="211" HEIGHT="41" WC="0.93" CONTENT="föreningar,"/><SP WIDTH="25" VPOS="699" HPOS="467"/>
							<String ID="string_95" HPOS="492" VPOS="711" WIDTH="25" HEIGHT="20" WC="0.88" CONTENT="s."/><SP WIDTH="25" VPOS="711" HPOS="517"/>
							<String ID="string_96" HPOS="542" VPOS="702" WIDTH="33" HEIGHT="30" WC="0.90" CONTENT="k."/><SP WIDTH="25" VPOS="702" HPOS="575"/>
							<String ID="string_97" HPOS="600" VPOS="702" WIDTH="248" HEIGHT="42" WC="0.90" CONTENT="familjebolag,"/><SP WIDTH="25" VPOS="702" HPOS="848"/>
							<String ID="string_98" HPOS="873" VPOS="706" WIDTH="456" HEIGHT="41" WC="0.92" CONTENT="övergångsbestämmelser"/><SP WIDTH="22" VPOS="706" HPOS="1329"/>
							<String ID="string_99" HPOS="1351" VPOS="710" WIDTH="105" HEIGHT="31" WC="0.96" CONTENT="borde"/><SP WIDTH="23" VPOS="710" HPOS="1456"/>
							<String ID="string_100" HPOS="1479" VPOS="712" WIDTH="177" HEIGHT="31" WC="0.96" CONTENT="meddelas"/><SP WIDTH="25" VPOS="712" HPOS="1656"/>
							<String ID="string_101" HPOS="1681" VPOS="723" WIDTH="73" HEIGHT="20" WC="0.96" CONTENT="som"/>
						</TextLine>
						<TextLine ID="line_11" HPOS="256" VPOS="750" WIDTH="1498" HEIGHT="50">
							<String ID="string_102" HPOS="256" VPOS="750" WIDTH="216" HEIGHT="33" WC="0.96" CONTENT="innefattade"/><SP WIDTH="18" VPOS="750" HPOS="472"/>
							<String ID="string_103" HPOS="490" VPOS="753" WIDTH="291" HEIGHT="33" WC="0.96" CONTENT="skattelättnader"/><SP WIDTH="15" VPOS="753" HPOS="781"/>
							<String ID="string_104" HPOS="796" VPOS="756" WIDTH="57" HEIGHT="31" WC="0.93" CONTENT="vid"/><SP WIDTH="16" VPOS="756" HPOS="853"/>
							<String ID="string_105" HPOS="869" VPOS="757" WIDTH="109" HEIGHT="36" WC="0.92" CONTENT="utköp"/><SP WIDTH="17" VPOS="757" HPOS="978"/>
							<String ID="string_106" HPOS="995" VPOS="768" WIDTH="41" HEIGHT="21" WC="0.96" CONTENT="ur"/><SP WIDTH="17" VPOS="768" HPOS="1036"/>
							<String ID="string_107" HPOS="1053" VPOS="759" WIDTH="40" HEIGHT="30" WC="0.96" CONTENT="de"/><SP WIDTH="17" VPOS="759" HPOS="1093"/>
							<String ID="string_108" HPOS="1110" VPOS="760" WIDTH="151" HEIGHT="31" WC="0.96" CONTENT="avsedda"/><SP WIDTH="17" VPOS="760" HPOS="1261"/>
							<String ID="string_109" HPOS="1278" VPOS="761" WIDTH="178" HEIGHT="39" WC="0.96" CONTENT="företagen"/><SP WIDTH="18" VPOS="761" HPOS="1456"/>
							<String ID="string_110" HPOS="1474" VPOS="772" WIDTH="41" HEIGHT="21" WC="0.96" CONTENT="av"/><SP WIDTH="17" VPOS="772" HPOS="1515"/>
							<String ID="string_111" HPOS="1532" VPOS="763" WIDTH="95" HEIGHT="31" WC="0.96" CONTENT="såväl"/><SP WIDTH="17" VPOS="763" HPOS="1627"/>
							<String ID="string_112" HPOS="1644" VPOS="763" WIDTH="110" HEIGHT="31" WC="0.95" CONTENT="aktier"/>
						</TextLine>
						<TextLine ID="line_12" HPOS="256" VPOS="803" WIDTH="1499" HEIGHT="43">
							<String ID="string_113" HPOS="256" VPOS="803" WIDTH="64" HEIGHT="30" WC="0.95" CONTENT="och"/><SP WIDTH="27" VPOS="803" HPOS="320"/>
							<String ID="string_114" HPOS="347" VPOS="804" WIDTH="142" HEIGHT="30" WC="0.95" CONTENT="andelar"/><SP WIDTH="27" VPOS="804" HPOS="489"/>
							<String ID="string_115" HPOS="516" VPOS="814" WIDTH="75" HEIGHT="21" WC="0.96" CONTENT="som"/><SP WIDTH="26" VPOS="814" HPOS="591"/>
							<String ID="string_116" HPOS="617" VPOS="806" WIDTH="214" HEIGHT="39" WC="0.96" CONTENT="fastigheter."/><SP WIDTH="26" VPOS="806" HPOS="831"/>
							<String ID="string_117" HPOS="857" VPOS="808" WIDTH="122" HEIGHT="32" WC="0.93" CONTENT="Denna"/><SP WIDTH="26" VPOS="808" HPOS="979"/>
							<String ID="string_118" HPOS="1005" VPOS="810" WIDTH="251" HEIGHT="32" WC="0.91" CONTENT="skattelättnad"/><SP WIDTH="26" VPOS="810" HPOS="1256"/>
							<String ID="string_119" HPOS="1282" VPOS="812" WIDTH="217" HEIGHT="33" WC="0.96" CONTENT="utformades"/><SP WIDTH="26" VPOS="812" HPOS="1499"/>
							<String ID="string_120" HPOS="1525" VPOS="825" WIDTH="42" HEIGHT="20" WC="0.93" CONTENT="av"/><SP WIDTH="26" VPOS="825" HPOS="1567"/>
							<String ID="string_121" HPOS="1593" VPOS="816" WIDTH="162" HEIGHT="30" WC="0.92" CONTENT="kommit-"/>
						</TextLine>
						<TextLine ID="line_13" HPOS="254" VPOS="853" WIDTH="1499" HEIGHT="52">
							<String ID="string_122" HPOS="254" VPOS="853" WIDTH="58" HEIGHT="28" WC="0.91" CONTENT="tén"/><SP WIDTH="24" VPOS="853" HPOS="312"/>
							<String ID="string_123" HPOS="336" VPOS="855" WIDTH="11" HEIGHT="28" WC="0.96" CONTENT="i"/><SP WIDTH="24" VPOS="855" HPOS="347"/>
							<String ID="string_124" HPOS="371" VPOS="856" WIDTH="346" HEIGHT="30" WC="0.96" CONTENT="överensstämmelse"/><SP WIDTH="25" VPOS="856" HPOS="717"/>
							<String ID="string_125" HPOS="742" VPOS="860" WIDTH="78" HEIGHT="28" WC="0.96" CONTENT="med"/><SP WIDTH="25" VPOS="860" HPOS="820"/>
							<String ID="string_126" HPOS="845" VPOS="859" WIDTH="183" HEIGHT="39" WC="0.94" CONTENT="förslagets"/><SP WIDTH="26" VPOS="859" HPOS="1028"/>
							<String ID="string_127" HPOS="1054" VPOS="862" WIDTH="90" HEIGHT="37" WC="0.96" CONTENT="syfte"/><SP WIDTH="24" VPOS="862" HPOS="1144"/>
							<String ID="string_128" HPOS="1168" VPOS="864" WIDTH="49" HEIGHT="27" WC="0.96" CONTENT="att"/><SP WIDTH="25" VPOS="864" HPOS="1217"/>
							<String ID="string_129" HPOS="1242" VPOS="863" WIDTH="126" HEIGHT="30" WC="0.96" CONTENT="hindra"/><SP WIDTH="23" VPOS="863" HPOS="1368"/>
							<String ID="string_130" HPOS="1391" VPOS="865" WIDTH="224" HEIGHT="40" WC="0.96" CONTENT="beskattning"/><SP WIDTH="24" VPOS="865" HPOS="1615"/>
							<String ID="string_131" HPOS="1639" VPOS="877" WIDTH="43" HEIGHT="19" WC="0.93" CONTENT="av"/><SP WIDTH="22" VPOS="877" HPOS="1682"/>
							<String ID="string_132" HPOS="1704" VPOS="868" WIDTH="49" HEIGHT="28" WC="0.90" CONTENT="in-"/>
						</TextLine>
						<TextLine ID="line_14" HPOS="254" VPOS="902" WIDTH="1500" HEIGHT="53">
							<String ID="string_133" HPOS="254" VPOS="902" WIDTH="117" HEIGHT="31" WC="0.93" CONTENT="komst"/><SP WIDTH="23" VPOS="902" HPOS="371"/>
							<String ID="string_134" HPOS="394" VPOS="903" WIDTH="215" HEIGHT="32" WC="0.92" CONTENT="härrörande"/><SP WIDTH="23" VPOS="903" HPOS="609"/>
							<String ID="string_135" HPOS="632" VPOS="906" WIDTH="80" HEIGHT="30" WC="0.96" CONTENT="från"/><SP WIDTH="22" VPOS="906" HPOS="712"/>
							<String ID="string_136" HPOS="734" VPOS="906" WIDTH="76" HEIGHT="31" WC="0.96" CONTENT="icke"/><SP WIDTH="22" VPOS="906" HPOS="810"/>
							<String ID="string_137" HPOS="832" VPOS="908" WIDTH="187" HEIGHT="32" WC="0.93" CONTENT="realiserad"/><SP WIDTH="23" VPOS="908" HPOS="1019"/>
							<String ID="string_138" HPOS="1042" VPOS="911" WIDTH="260" HEIGHT="42" WC="0.92" CONTENT="värdestegring"/><SP WIDTH="23" VPOS="911" HPOS="1302"/>
							<String ID="string_139" HPOS="1325" VPOS="913" WIDTH="19" HEIGHT="30" WC="0.92" CONTENT="å"/><SP WIDTH="22" VPOS="913" HPOS="1344"/>
							<String ID="string_140" HPOS="1366" VPOS="914" WIDTH="243" HEIGHT="41" WC="0.83" CONTENT="tillgångarna."/><SP WIDTH="25" VPOS="914" HPOS="1609"/>
							<String ID="string_141" HPOS="1634" VPOS="916" WIDTH="120" HEIGHT="31" WC="0.95" CONTENT="Såsom"/>
						</TextLine>
						<TextLine ID="line_15" HPOS="255" VPOS="954" WIDTH="1498" HEIGHT="50">
							<String ID="string_142" HPOS="255" VPOS="954" WIDTH="155" HEIGHT="42" WC="0.95" CONTENT="framgår"/><SP WIDTH="29" VPOS="954" HPOS="410"/>
							<String ID="string_143" HPOS="439" VPOS="967" WIDTH="41" HEIGHT="20" WC="0.96" CONTENT="av"/><SP WIDTH="28" VPOS="967" HPOS="480"/>
							<String ID="string_144" HPOS="508" VPOS="958" WIDTH="67" HEIGHT="30" WC="0.96" CONTENT="den"/><SP WIDTH="28" VPOS="958" HPOS="575"/>
							<String ID="string_145" HPOS="603" VPOS="958" WIDTH="146" HEIGHT="40" WC="0.96" CONTENT="tidigare"/><SP WIDTH="29" VPOS="958" HPOS="749"/>
							<String ID="string_146" HPOS="778" VPOS="959" WIDTH="161" HEIGHT="32" WC="0.96" CONTENT="lämnade"/><SP WIDTH="28" VPOS="959" HPOS="939"/>
							<String ID="string_147" HPOS="967" VPOS="962" WIDTH="241" HEIGHT="41" WC="0.96" CONTENT="redogörelsen"/><SP WIDTH="29" VPOS="962" HPOS="1208"/>
							<String ID="string_148" HPOS="1237" VPOS="964" WIDTH="231" HEIGHT="40" WC="0.96" CONTENT="begränsades"/><SP WIDTH="29" VPOS="964" HPOS="1468"/>
							<String ID="string_149" HPOS="1497" VPOS="966" WIDTH="57" HEIGHT="31" WC="0.96" CONTENT="vid"/><SP WIDTH="31" VPOS="966" HPOS="1554"/>
							<String ID="string_150" HPOS="1585" VPOS="967" WIDTH="81" HEIGHT="31" WC="0.97" CONTENT="1951"/><SP WIDTH="31" VPOS="967" HPOS="1666"/>
							<String ID="string_151" HPOS="1697" VPOS="969" WIDTH="56" HEIGHT="29" WC="0.96" CONTENT="års"/>
						</TextLine>
						<TextLine ID="line_16" HPOS="253" VPOS="1005" WIDTH="1500" HEIGHT="51">
							<String ID="string_152" HPOS="253" VPOS="1005" WIDTH="220" HEIGHT="43" WC="0.94" CONTENT="lagstiftning"/><SP WIDTH="26" VPOS="1005" HPOS="473"/>
							<String ID="string_153" HPOS="499" VPOS="1017" WIDTH="56" HEIGHT="21" WC="0.92" CONTENT="om"/><SP WIDTH="26" VPOS="1017" HPOS="555"/>
							<String ID="string_154" HPOS="581" VPOS="1009" WIDTH="329" HEIGHT="43" WC="0.92" CONTENT="kedjebeskattning"/><SP WIDTH="25" VPOS="1009" HPOS="910"/>
							<String ID="string_155" HPOS="935" VPOS="1021" WIDTH="43" HEIGHT="21" WC="0.96" CONTENT="av"/><SP WIDTH="23" VPOS="1021" HPOS="978"/>
							<String ID="string_156" HPOS="1001" VPOS="1013" WIDTH="93" HEIGHT="30" WC="0.96" CONTENT="vissa"/><SP WIDTH="26" VPOS="1013" HPOS="1094"/>
							<String ID="string_157" HPOS="1120" VPOS="1015" WIDTH="195" HEIGHT="41" WC="0.96" CONTENT="aktiebolag"/><SP WIDTH="25" VPOS="1015" HPOS="1315"/>
							<String ID="string_158" HPOS="1340" VPOS="1017" WIDTH="65" HEIGHT="29" WC="0.96" CONTENT="och"/><SP WIDTH="26" VPOS="1017" HPOS="1405"/>
							<String ID="string_159" HPOS="1431" VPOS="1018" WIDTH="229" HEIGHT="31" WC="0.93" CONTENT="ekonomiska"/><SP WIDTH="24" VPOS="1018" HPOS="1660"/>
							<String ID="string_160" HPOS="1684" VPOS="1020" WIDTH="69" HEIGHT="30" WC="0.92" CONTENT="för-"/>
						</TextLine>
						<TextLine ID="line_17" HPOS="253" VPOS="1056" WIDTH="1500" HEIGHT="45">
							<String ID="string_161" HPOS="253" VPOS="1056" WIDTH="144" HEIGHT="40" WC="0.92" CONTENT="eningar"/><SP WIDTH="21" VPOS="1056" HPOS="397"/>
							<String ID="string_162" HPOS="418" VPOS="1059" WIDTH="40" HEIGHT="29" WC="0.96" CONTENT="de"/><SP WIDTH="21" VPOS="1059" HPOS="458"/>
							<String ID="string_163" HPOS="479" VPOS="1058" WIDTH="159" HEIGHT="40" WC="0.93" CONTENT="åsyftade"/><SP WIDTH="21" VPOS="1058" HPOS="638"/>
							<String ID="string_164" HPOS="659" VPOS="1060" WIDTH="356" HEIGHT="41" WC="0.91" CONTENT="skatteeftergifterna"/><SP WIDTH="20" VPOS="1060" HPOS="1015"/>
							<String ID="string_165" HPOS="1035" VPOS="1064" WIDTH="52" HEIGHT="31" WC="0.96" CONTENT="till"/><SP WIDTH="21" VPOS="1064" HPOS="1087"/>
							<String ID="string_166" HPOS="1108" VPOS="1066" WIDTH="49" HEIGHT="30" WC="0.96" CONTENT="att"/><SP WIDTH="21" VPOS="1066" HPOS="1157"/>
							<String ID="string_167" HPOS="1178" VPOS="1075" WIDTH="80" HEIGHT="21" WC="0.96" CONTENT="avse"/><SP WIDTH="21" VPOS="1075" HPOS="1258"/>
							<String ID="string_168" HPOS="1279" VPOS="1067" WIDTH="111" HEIGHT="31" WC="0.96" CONTENT="aktier"/><SP WIDTH="21" VPOS="1067" HPOS="1390"/>
							<String ID="string_169" HPOS="1411" VPOS="1069" WIDTH="63" HEIGHT="29" WC="0.96" CONTENT="och"/><SP WIDTH="21" VPOS="1069" HPOS="1474"/>
							<String ID="string_170" HPOS="1495" VPOS="1070" WIDTH="152" HEIGHT="29" WC="0.92" CONTENT="andelar."/><SP WIDTH="23" VPOS="1070" HPOS="1647"/>
							<String ID="string_171" HPOS="1670" VPOS="1070" WIDTH="83" HEIGHT="30" WC="0.91" CONTENT="Skä-"/>
						</TextLine>
						<TextLine ID="line_18" HPOS="253" VPOS="1107" WIDTH="1500" HEIGHT="55">
							<String ID="string_172" HPOS="253" VPOS="1107" WIDTH="45" HEIGHT="31" WC="0.95" CONTENT="let"/><SP WIDTH="27" VPOS="1107" HPOS="298"/>
							<String ID="string_173" HPOS="325" VPOS="1108" WIDTH="117" HEIGHT="33" WC="0.95" CONTENT="härtill"/><SP WIDTH="27" VPOS="1108" HPOS="442"/>
							<String ID="string_174" HPOS="469" VPOS="1120" WIDTH="60" HEIGHT="21" WC="0.96" CONTENT="var"/><SP WIDTH="27" VPOS="1120" HPOS="529"/>
							<String ID="string_175" HPOS="556" VPOS="1112" WIDTH="50" HEIGHT="29" WC="0.95" CONTENT="att"/><SP WIDTH="26" VPOS="1112" HPOS="606"/>
							<String ID="string_176" HPOS="632" VPOS="1122" WIDTH="82" HEIGHT="20" WC="0.95" CONTENT="man"/><SP WIDTH="25" VPOS="1122" HPOS="714"/>
							<String ID="string_177" HPOS="739" VPOS="1113" WIDTH="46" HEIGHT="40" WC="0.95" CONTENT="på"/><SP WIDTH="25" VPOS="1113" HPOS="785"/>
							<String ID="string_178" HPOS="810" VPOS="1112" WIDTH="236" HEIGHT="41" WC="0.92" CONTENT="föreliggande"/><SP WIDTH="26" VPOS="1112" HPOS="1046"/>
							<String ID="string_179" HPOS="1072" VPOS="1117" WIDTH="368" HEIGHT="40" WC="0.91" CONTENT="utredningsmaterial"/><SP WIDTH="26" VPOS="1117" HPOS="1440"/>
							<String ID="string_180" HPOS="1466" VPOS="1121" WIDTH="75" HEIGHT="29" WC="0.96" CONTENT="icke"/><SP WIDTH="26" VPOS="1121" HPOS="1541"/>
							<String ID="string_181" HPOS="1567" VPOS="1121" WIDTH="79" HEIGHT="30" WC="0.96" CONTENT="ville"/><SP WIDTH="26" VPOS="1121" HPOS="1646"/>
							<String ID="string_182" HPOS="1672" VPOS="1124" WIDTH="81" HEIGHT="38" WC="0.96" CONTENT="taga"/>
						</TextLine>
						<TextLine ID="line_19" HPOS="254" VPOS="1159" WIDTH="1499" HEIGHT="51">
							<String ID="string_183" HPOS="254" VPOS="1159" WIDTH="164" HEIGHT="39" WC="0.96" CONTENT="ställning"/><SP WIDTH="26" VPOS="1159" HPOS="418"/>
							<String ID="string_184" HPOS="444" VPOS="1160" WIDTH="52" HEIGHT="29" WC="0.95" CONTENT="till"/><SP WIDTH="26" VPOS="1160" HPOS="496"/>
							<String ID="string_185" HPOS="522" VPOS="1160" WIDTH="124" HEIGHT="40" WC="0.96" CONTENT="frågan"/><SP WIDTH="27" VPOS="1160" HPOS="646"/>
							<String ID="string_186" HPOS="673" VPOS="1172" WIDTH="56" HEIGHT="19" WC="0.91" CONTENT="om"/><SP WIDTH="27" VPOS="1172" HPOS="729"/>
							<String ID="string_187" HPOS="756" VPOS="1163" WIDTH="309" HEIGHT="41" WC="0.91" CONTENT="skatteeftergifter"/><SP WIDTH="26" VPOS="1163" HPOS="1065"/>
							<String ID="string_188" HPOS="1091" VPOS="1167" WIDTH="10" HEIGHT="28" WC="0.96" CONTENT="i"/><SP WIDTH="26" VPOS="1167" HPOS="1101"/>
							<String ID="string_189" HPOS="1127" VPOS="1167" WIDTH="111" HEIGHT="30" WC="0.96" CONTENT="andra"/><SP WIDTH="25" VPOS="1167" HPOS="1238"/>
							<String ID="string_190" HPOS="1263" VPOS="1168" WIDTH="63" HEIGHT="29" WC="0.95" CONTENT="fall"/><SP WIDTH="26" VPOS="1168" HPOS="1326"/>
							<String ID="string_191" HPOS="1352" VPOS="1170" WIDTH="44" HEIGHT="28" WC="0.96" CONTENT="än"/><SP WIDTH="27" VPOS="1170" HPOS="1396"/>
							<String ID="string_192" HPOS="1423" VPOS="1179" WIDTH="75" HEIGHT="20" WC="0.96" CONTENT="som"/><SP WIDTH="27" VPOS="1179" HPOS="1498"/>
							<String ID="string_193" HPOS="1525" VPOS="1171" WIDTH="85" HEIGHT="39" WC="0.95" CONTENT="ägde"/><SP WIDTH="29" VPOS="1171" HPOS="1610"/>
							<String ID="string_194" HPOS="1639" VPOS="1172" WIDTH="114" HEIGHT="29" WC="0.95" CONTENT="direkt"/>
						</TextLine>
						<TextLine ID="line_20" HPOS="253" VPOS="1211" WIDTH="1499" HEIGHT="51">
							<String ID="string_195" HPOS="253" VPOS="1211" WIDTH="170" HEIGHT="31" WC="0.96" CONTENT="samband"/><SP WIDTH="28" VPOS="1211" HPOS="423"/>
							<String ID="string_196" HPOS="451" VPOS="1214" WIDTH="78" HEIGHT="29" WC="0.96" CONTENT="med"/><SP WIDTH="29" VPOS="1214" HPOS="529"/>
							<String ID="string_197" HPOS="558" VPOS="1214" WIDTH="56" HEIGHT="29" WC="0.96" CONTENT="det"/><SP WIDTH="28" VPOS="1214" HPOS="614"/>
							<String ID="string_198" HPOS="642" VPOS="1213" WIDTH="154" HEIGHT="33" WC="0.93" CONTENT="aktuella"/><SP WIDTH="29" VPOS="1213" HPOS="796"/>
							<String ID="string_199" HPOS="825" VPOS="1216" WIDTH="206" HEIGHT="40" WC="0.92" CONTENT="spörsmålet"/><SP WIDTH="28" VPOS="1216" HPOS="1031"/>
							<String ID="string_200" HPOS="1059" VPOS="1219" WIDTH="50" HEIGHT="28" WC="0.96" CONTENT="att"/><SP WIDTH="26" VPOS="1219" HPOS="1109"/>
							<String ID="string_201" HPOS="1135" VPOS="1220" WIDTH="133" HEIGHT="39" WC="0.96" CONTENT="reglera"/><SP WIDTH="27" VPOS="1220" HPOS="1268"/>
							<String ID="string_202" HPOS="1295" VPOS="1221" WIDTH="296" HEIGHT="41" WC="0.96" CONTENT="skattskyldighet"/><SP WIDTH="27" VPOS="1221" HPOS="1591"/>
							<String ID="string_203" HPOS="1618" VPOS="1224" WIDTH="55" HEIGHT="30" WC="0.93" CONTENT="för"/><SP WIDTH="27" VPOS="1224" HPOS="1673"/>
							<String ID="string_204" HPOS="1700" VPOS="1226" WIDTH="52" HEIGHT="28" WC="0.93" CONTENT="ut-"/>
						</TextLine>
						<TextLine ID="line_21" HPOS="252" VPOS="1261" WIDTH="150" HEIGHT="41">
							<String ID="string_205" HPOS="252" VPOS="1261" WIDTH="150" HEIGHT="41" WC="0.92" CONTENT="delning."/>
						</TextLine>
					</TextBlock>
					<TextBlock ID="block_2" HPOS="250" VPOS="1312" WIDTH="1502" HEIGHT="297">
						<TextLine ID="line_22" HPOS="296" VPOS="1312" WIDTH="1456" HEIGHT="54">
							<String ID="string_206" HPOS="296" VPOS="1312" WIDTH="49" HEIGHT="31" WC="0.95" CONTENT="De"/><SP WIDTH="20" VPOS="1312" HPOS="345"/>
							<String ID="string_207" HPOS="365" VPOS="1314" WIDTH="218" HEIGHT="39" WC="0.96" CONTENT="synpunkter"/><SP WIDTH="20" VPOS="1314" HPOS="583"/>
							<String ID="string_208" HPOS="603" VPOS="1316" WIDTH="218" HEIGHT="31" WC="0.95" CONTENT="motionären"/><SP WIDTH="21" VPOS="1316" HPOS="821"/>
							<String ID="string_209" HPOS="842" VPOS="1319" WIDTH="116" HEIGHT="39" WC="0.96" CONTENT="anlagt"/><SP WIDTH="19" VPOS="1319" HPOS="958"/>
							<String ID="string_210" HPOS="977" VPOS="1320" WIDTH="44" HEIGHT="39" WC="0.96" CONTENT="på"/><SP WIDTH="19" VPOS="1320" HPOS="1021"/>
							<String ID="string_211" HPOS="1040" VPOS="1321" WIDTH="66" HEIGHT="29" WC="0.96" CONTENT="den"/><SP WIDTH="20" VPOS="1321" HPOS="1106"/>
							<String ID="string_212" HPOS="1126" VPOS="1322" WIDTH="237" HEIGHT="40" WC="0.96" CONTENT="föreliggande"/><SP WIDTH="19" VPOS="1322" HPOS="1363"/>
							<String ID="string_213" HPOS="1382" VPOS="1323" WIDTH="124" HEIGHT="40" WC="0.96" CONTENT="frågan"/><SP WIDTH="19" VPOS="1323" HPOS="1506"/>
							<String ID="string_214" HPOS="1525" VPOS="1326" WIDTH="158" HEIGHT="30" WC="0.96" CONTENT="ansluter"/><SP WIDTH="18" VPOS="1326" HPOS="1683"/>
							<String ID="string_215" HPOS="1701" VPOS="1327" WIDTH="51" HEIGHT="39" WC="0.95" CONTENT="sig"/>
						</TextLine>
						<TextLine ID="line_23" HPOS="251" VPOS="1363" WIDTH="1499" HEIGHT="48">
							<String ID="string_216" HPOS="251" VPOS="1363" WIDTH="86" HEIGHT="30" WC="0.96" CONTENT="nära"/><SP WIDTH="22" VPOS="1363" HPOS="337"/>
							<String ID="string_217" HPOS="359" VPOS="1364" WIDTH="52" HEIGHT="29" WC="0.96" CONTENT="till"/><SP WIDTH="24" VPOS="1364" HPOS="411"/>
							<String ID="string_218" HPOS="435" VPOS="1364" WIDTH="83" HEIGHT="30" WC="0.95" CONTENT="1944"/><SP WIDTH="23" VPOS="1364" HPOS="518"/>
							<String ID="string_219" HPOS="541" VPOS="1364" WIDTH="56" HEIGHT="31" WC="0.96" CONTENT="års"/><SP WIDTH="24" VPOS="1364" HPOS="597"/>
							<String ID="string_220" HPOS="621" VPOS="1366" WIDTH="179" HEIGHT="32" WC="0.93" CONTENT="allmänna"/><SP WIDTH="22" VPOS="1366" HPOS="800"/>
							<String ID="string_221" HPOS="822" VPOS="1368" WIDTH="317" HEIGHT="33" WC="0.92" CONTENT="skattekommittés"/><SP WIDTH="23" VPOS="1368" HPOS="1139"/>
							<String ID="string_222" HPOS="1162" VPOS="1372" WIDTH="131" HEIGHT="39" WC="0.96" CONTENT="förslag"/><SP WIDTH="22" VPOS="1372" HPOS="1293"/>
							<String ID="string_223" HPOS="1315" VPOS="1373" WIDTH="11" HEIGHT="29" WC="0.96" CONTENT="i"/><SP WIDTH="23" VPOS="1373" HPOS="1326"/>
							<String ID="string_224" HPOS="1349" VPOS="1375" WIDTH="126" HEIGHT="29" WC="0.96" CONTENT="ämnet."/><SP WIDTH="25" VPOS="1375" HPOS="1475"/>
							<String ID="string_225" HPOS="1500" VPOS="1375" WIDTH="119" HEIGHT="30" WC="0.95" CONTENT="Såsom"/><SP WIDTH="23" VPOS="1375" HPOS="1619"/>
							<String ID="string_226" HPOS="1642" VPOS="1378" WIDTH="108" HEIGHT="29" WC="0.96" CONTENT="redan"/>
						</TextLine>
						<TextLine ID="line_24" HPOS="251" VPOS="1415" WIDTH="1499" HEIGHT="52">
							<String ID="string_227" HPOS="251" VPOS="1415" WIDTH="132" HEIGHT="38" WC="0.95" CONTENT="antytts"/><SP WIDTH="26" VPOS="1415" HPOS="383"/>
							<String ID="string_228" HPOS="409" VPOS="1417" WIDTH="98" HEIGHT="29" WC="0.96" CONTENT="torde"/><SP WIDTH="27" VPOS="1417" HPOS="507"/>
							<String ID="string_229" HPOS="534" VPOS="1417" WIDTH="191" HEIGHT="32" WC="0.93" CONTENT="emellertid"/><SP WIDTH="28" VPOS="1417" HPOS="725"/>
							<String ID="string_230" HPOS="753" VPOS="1418" WIDTH="208" HEIGHT="41" WC="0.90" CONTENT="förefintligt"/><SP WIDTH="26" VPOS="1418" HPOS="961"/>
							<String ID="string_231" HPOS="987" VPOS="1422" WIDTH="368" HEIGHT="41" WC="0.91" CONTENT="utredningsmaterial"/><SP WIDTH="26" VPOS="1422" HPOS="1355"/>
							<String ID="string_232" HPOS="1381" VPOS="1425" WIDTH="75" HEIGHT="31" WC="0.96" CONTENT="icke"/><SP WIDTH="27" VPOS="1425" HPOS="1456"/>
							<String ID="string_233" HPOS="1483" VPOS="1435" WIDTH="39" HEIGHT="32" WC="0.96" CONTENT="ge"/><SP WIDTH="25" VPOS="1435" HPOS="1522"/>
							<String ID="string_234" HPOS="1547" VPOS="1427" WIDTH="203" HEIGHT="40" WC="0.96" CONTENT="tillräckligt"/>
						</TextLine>
						<TextLine ID="line_25" HPOS="251" VPOS="1466" WIDTH="1498" HEIGHT="48">
							<String ID="string_235" HPOS="251" VPOS="1466" WIDTH="77" HEIGHT="29" WC="0.96" CONTENT="stöd"/><SP WIDTH="17" VPOS="1466" HPOS="328"/>
							<String ID="string_236" HPOS="345" VPOS="1466" WIDTH="54" HEIGHT="30" WC="0.96" CONTENT="för"/><SP WIDTH="18" VPOS="1466" HPOS="399"/>
							<String ID="string_237" HPOS="417" VPOS="1468" WIDTH="47" HEIGHT="28" WC="0.96" CONTENT="ett"/><SP WIDTH="17" VPOS="1468" HPOS="464"/>
							<String ID="string_238" HPOS="481" VPOS="1467" WIDTH="133" HEIGHT="38" WC="0.93" CONTENT="slutligt"/><SP WIDTH="18" VPOS="1467" HPOS="614"/>
							<String ID="string_239" HPOS="632" VPOS="1469" WIDTH="344" HEIGHT="41" WC="0.88" CONTENT="ställningstagande."/><SP WIDTH="19" VPOS="1469" HPOS="976"/>
							<String ID="string_240" HPOS="995" VPOS="1472" WIDTH="13" HEIGHT="29" WC="0.93" CONTENT="I"/><SP WIDTH="16" VPOS="1472" HPOS="1008"/>
							<String ID="string_241" HPOS="1024" VPOS="1473" WIDTH="154" HEIGHT="41" WC="0.93" CONTENT="väsenlig"/><SP WIDTH="17" VPOS="1473" HPOS="1178"/>
							<String ID="string_242" HPOS="1195" VPOS="1474" WIDTH="81" HEIGHT="31" WC="0.96" CONTENT="mån"/><SP WIDTH="17" VPOS="1474" HPOS="1276"/>
							<String ID="string_243" HPOS="1293" VPOS="1476" WIDTH="63" HEIGHT="30" WC="0.96" CONTENT="har"/><SP WIDTH="17" VPOS="1476" HPOS="1356"/>
							<String ID="string_244" HPOS="1373" VPOS="1478" WIDTH="93" HEIGHT="28" WC="0.96" CONTENT="detta"/><SP WIDTH="19" VPOS="1478" HPOS="1466"/>
							<String ID="string_245" HPOS="1485" VPOS="1479" WIDTH="169" HEIGHT="30" WC="0.96" CONTENT="samband"/><SP WIDTH="16" VPOS="1479" HPOS="1654"/>
							<String ID="string_246" HPOS="1670" VPOS="1481" WIDTH="79" HEIGHT="29" WC="0.95" CONTENT="med"/>
						</TextLine>
						<TextLine ID="line_26" HPOS="250" VPOS="1515" WIDTH="1499" HEIGHT="55">
							<String ID="string_247" HPOS="250" VPOS="1515" WIDTH="57" HEIGHT="30" WC="0.95" CONTENT="det"/><SP WIDTH="19" VPOS="1515" HPOS="307"/>
							<String ID="string_248" HPOS="326" VPOS="1516" WIDTH="235" HEIGHT="31" WC="0.95" CONTENT="förhållandet"/><SP WIDTH="18" VPOS="1516" HPOS="561"/>
							<String ID="string_249" HPOS="579" VPOS="1521" WIDTH="50" HEIGHT="29" WC="0.93" CONTENT="att"/><SP WIDTH="19" VPOS="1521" HPOS="629"/>
							<String ID="string_250" HPOS="648" VPOS="1520" WIDTH="388" HEIGHT="42" WC="0.92" CONTENT="fastighetsföreningar"/><SP WIDTH="17" VPOS="1520" HPOS="1036"/>
							<String ID="string_251" HPOS="1053" VPOS="1525" WIDTH="190" HEIGHT="39" WC="0.96" CONTENT="utnyttjats"/><SP WIDTH="19" VPOS="1525" HPOS="1243"/>
							<String ID="string_252" HPOS="1262" VPOS="1526" WIDTH="54" HEIGHT="30" WC="0.96" CONTENT="för"/><SP WIDTH="19" VPOS="1526" HPOS="1316"/>
							<String ID="string_253" HPOS="1335" VPOS="1529" WIDTH="210" HEIGHT="29" WC="0.96" CONTENT="strävanden"/><SP WIDTH="19" VPOS="1529" HPOS="1545"/>
							<String ID="string_254" HPOS="1564" VPOS="1531" WIDTH="50" HEIGHT="28" WC="0.96" CONTENT="att"/><SP WIDTH="18" VPOS="1531" HPOS="1614"/>
							<String ID="string_255" HPOS="1632" VPOS="1531" WIDTH="117" HEIGHT="39" WC="0.92" CONTENT="kring-"/>
						</TextLine>
						<TextLine ID="line_27" HPOS="250" VPOS="1566" WIDTH="475" HEIGHT="43">
							<String ID="string_256" HPOS="250" VPOS="1566" WIDTH="41" HEIGHT="39" WC="0.93" CONTENT="gå"/><SP WIDTH="22" VPOS="1566" HPOS="291"/>
							<String ID="string_257" HPOS="313" VPOS="1566" WIDTH="412" HEIGHT="43" WC="0.90" CONTENT="beskattningsreglerna."/>
						</TextLine>
					</TextBlock>
					<TextBlock ID="block_3" HPOS="243" VPOS="1617" WIDTH="1506" HEIGHT="653">
						<TextLine ID="line_28" HPOS="293" VPOS="1617" WIDTH="1455" HEIGHT="49">
							<String ID="string_258" HPOS="293" VPOS="1617" WIDTH="160" HEIGHT="32" WC="0.96" CONTENT="Nämnda"/><SP WIDTH="28" VPOS="1617" HPOS="453"/>
							<String ID="string_259" HPOS="481" VPOS="1619" WIDTH="229" HEIGHT="39" WC="0.96" CONTENT="förhållande,"/><SP WIDTH="30" VPOS="1619" HPOS="710"/>
							<String ID="string_260" HPOS="740" VPOS="1632" WIDTH="74" HEIGHT="21" WC="0.96" CONTENT="som"/><SP WIDTH="29" VPOS="1632" HPOS="814"/>
							<String ID="string_261" HPOS="843" VPOS="1625" WIDTH="38" HEIGHT="29" WC="0.96" CONTENT="är"/><SP WIDTH="27" VPOS="1625" HPOS="881"/>
							<String ID="string_262" HPOS="908" VPOS="1634" WIDTH="43" HEIGHT="21" WC="0.96" CONTENT="av"/><SP WIDTH="27" VPOS="1634" HPOS="951"/>
							<String ID="string_263" HPOS="978" VPOS="1627" WIDTH="71" HEIGHT="29" WC="0.96" CONTENT="stor"/><SP WIDTH="27" VPOS="1627" HPOS="1049"/>
							<String ID="string_264" HPOS="1076" VPOS="1627" WIDTH="176" HEIGHT="39" WC="0.96" CONTENT="betydelse"/><SP WIDTH="27" VPOS="1627" HPOS="1252"/>
							<String ID="string_265" HPOS="1279" VPOS="1628" WIDTH="11" HEIGHT="29" WC="0.96" CONTENT="i"/><SP WIDTH="28" VPOS="1628" HPOS="1290"/>
							<String ID="string_266" HPOS="1318" VPOS="1629" WIDTH="228" HEIGHT="32" WC="0.93" CONTENT="förevarande"/><SP WIDTH="28" VPOS="1629" HPOS="1546"/>
							<String ID="string_267" HPOS="1574" VPOS="1641" WIDTH="174" HEIGHT="22" WC="0.90" CONTENT="samman-"/>
						</TextLine>
						<TextLine ID="line_29" HPOS="248" VPOS="1667" WIDTH="1499" HEIGHT="55">
							<String ID="string_268" HPOS="248" VPOS="1667" WIDTH="102" HEIGHT="40" WC="0.96" CONTENT="hang,"/><SP WIDTH="21" VPOS="1667" HPOS="350"/>
							<String ID="string_269" HPOS="371" VPOS="1670" WIDTH="38" HEIGHT="29" WC="0.96" CONTENT="är"/><SP WIDTH="19" VPOS="1670" HPOS="409"/>
							<String ID="string_270" HPOS="428" VPOS="1679" WIDTH="144" HEIGHT="22" WC="0.96" CONTENT="numera"/><SP WIDTH="21" VPOS="1679" HPOS="572"/>
							<String ID="string_271" HPOS="593" VPOS="1672" WIDTH="146" HEIGHT="31" WC="0.96" CONTENT="föremål"/><SP WIDTH="20" VPOS="1672" HPOS="739"/>
							<String ID="string_272" HPOS="759" VPOS="1674" WIDTH="55" HEIGHT="30" WC="0.96" CONTENT="för"/><SP WIDTH="19" VPOS="1674" HPOS="814"/>
							<String ID="string_273" HPOS="833" VPOS="1676" WIDTH="313" HEIGHT="38" WC="0.95" CONTENT="uppmärksamhet"/><SP WIDTH="20" VPOS="1676" HPOS="1146"/>
							<String ID="string_274" HPOS="1166" VPOS="1688" WIDTH="42" HEIGHT="20" WC="0.96" CONTENT="av"/><SP WIDTH="20" VPOS="1688" HPOS="1208"/>
							<String ID="string_275" HPOS="1228" VPOS="1680" WIDTH="172" HEIGHT="30" WC="0.96" CONTENT="särskilda"/><SP WIDTH="21" VPOS="1680" HPOS="1400"/>
							<String ID="string_276" HPOS="1421" VPOS="1682" WIDTH="231" HEIGHT="40" WC="0.96" CONTENT="sakkunniga,"/><SP WIDTH="22" VPOS="1682" HPOS="1652"/>
							<String ID="string_277" HPOS="1674" VPOS="1693" WIDTH="73" HEIGHT="21" WC="0.96" CONTENT="som"/>
						</TextLine>
						<TextLine ID="line_30" HPOS="246" VPOS="1717" WIDTH="1501" HEIGHT="52">
							<String ID="string_278" HPOS="246" VPOS="1717" WIDTH="142" HEIGHT="39" WC="0.95" CONTENT="jämlikt"/><SP WIDTH="23" VPOS="1717" HPOS="388"/>
							<String ID="string_279" HPOS="411" VPOS="1719" WIDTH="125" HEIGHT="40" WC="0.93" CONTENT="Kungl."/><SP WIDTH="25" VPOS="1719" HPOS="536"/>
							<String ID="string_280" HPOS="561" VPOS="1721" WIDTH="122" HEIGHT="40" WC="0.96" CONTENT="Maj:ts"/><SP WIDTH="25" VPOS="1721" HPOS="683"/>
							<String ID="string_281" HPOS="708" VPOS="1723" WIDTH="277" HEIGHT="41" WC="0.96" CONTENT="bemyndigande"/><SP WIDTH="24" VPOS="1723" HPOS="985"/>
							<String ID="string_282" HPOS="1009" VPOS="1728" WIDTH="65" HEIGHT="29" WC="0.96" CONTENT="den"/><SP WIDTH="24" VPOS="1728" HPOS="1074"/>
							<String ID="string_283" HPOS="1098" VPOS="1728" WIDTH="39" HEIGHT="30" WC="0.96" CONTENT="25"/><SP WIDTH="25" VPOS="1728" HPOS="1137"/>
							<String ID="string_284" HPOS="1162" VPOS="1730" WIDTH="194" HEIGHT="39" WC="0.96" CONTENT="september"/><SP WIDTH="26" VPOS="1730" HPOS="1356"/>
							<String ID="string_285" HPOS="1382" VPOS="1731" WIDTH="82" HEIGHT="30" WC="0.93" CONTENT="1953"/><SP WIDTH="23" VPOS="1731" HPOS="1464"/>
							<String ID="string_286" HPOS="1487" VPOS="1732" WIDTH="182" HEIGHT="32" WC="0.91" CONTENT="tillkallats"/><SP WIDTH="24" VPOS="1732" HPOS="1669"/>
							<String ID="string_287" HPOS="1693" VPOS="1734" WIDTH="54" HEIGHT="30" WC="0.96" CONTENT="för"/>
						</TextLine>
						<TextLine ID="line_31" HPOS="245" VPOS="1770" WIDTH="1504" HEIGHT="49">
							<String ID="string_288" HPOS="245" VPOS="1770" WIDTH="51" HEIGHT="27" WC="0.96" CONTENT="att"/><SP WIDTH="21" VPOS="1770" HPOS="296"/>
							<String ID="string_289" HPOS="317" VPOS="1770" WIDTH="122" HEIGHT="30" WC="0.96" CONTENT="utreda"/><SP WIDTH="22" VPOS="1770" HPOS="439"/>
							<String ID="string_290" HPOS="461" VPOS="1771" WIDTH="123" HEIGHT="40" WC="0.96" CONTENT="frågan"/><SP WIDTH="23" VPOS="1771" HPOS="584"/>
							<String ID="string_291" HPOS="607" VPOS="1782" WIDTH="56" HEIGHT="20" WC="0.95" CONTENT="om"/><SP WIDTH="23" VPOS="1782" HPOS="663"/>
							<String ID="string_292" HPOS="686" VPOS="1774" WIDTH="184" HEIGHT="31" WC="0.95" CONTENT="införande"/><SP WIDTH="22" VPOS="1774" HPOS="870"/>
							<String ID="string_293" HPOS="892" VPOS="1776" WIDTH="10" HEIGHT="29" WC="0.96" CONTENT="i"/><SP WIDTH="23" VPOS="1776" HPOS="902"/>
							<String ID="string_294" HPOS="925" VPOS="1776" WIDTH="381" HEIGHT="43" WC="0.90" CONTENT="skattelagstiftningen"/><SP WIDTH="23" VPOS="1776" HPOS="1306"/>
							<String ID="string_295" HPOS="1329" VPOS="1790" WIDTH="42" HEIGHT="21" WC="0.96" CONTENT="av"/><SP WIDTH="20" VPOS="1790" HPOS="1371"/>
							<String ID="string_296" HPOS="1391" VPOS="1782" WIDTH="263" HEIGHT="32" WC="0.96" CONTENT="bestämmelser"/><SP WIDTH="22" VPOS="1782" HPOS="1654"/>
							<String ID="string_297" HPOS="1676" VPOS="1787" WIDTH="73" HEIGHT="27" WC="0.96" CONTENT="mot"/>
						</TextLine>
						<TextLine ID="line_32" HPOS="248" VPOS="1820" WIDTH="1499" HEIGHT="51">
							<String ID="string_298" HPOS="248" VPOS="1820" WIDTH="207" HEIGHT="41" WC="0.92" CONTENT="skatteflykt"/><SP WIDTH="18" VPOS="1820" HPOS="455"/>
							<String ID="string_299" HPOS="473" VPOS="1824" WIDTH="66" HEIGHT="29" WC="0.93" CONTENT="och"/><SP WIDTH="19" VPOS="1824" HPOS="539"/>
							<String ID="string_300" HPOS="558" VPOS="1824" WIDTH="205" HEIGHT="40" WC="0.91" CONTENT="opåkallade"/><SP WIDTH="19" VPOS="1824" HPOS="763"/>
							<String ID="string_301" HPOS="782" VPOS="1826" WIDTH="300" HEIGHT="33" WC="0.96" CONTENT="skattelättnader."/><SP WIDTH="19" VPOS="1826" HPOS="1082"/>
							<String ID="string_302" HPOS="1101" VPOS="1830" WIDTH="116" HEIGHT="41" WC="0.95" CONTENT="Enligt"/><SP WIDTH="19" VPOS="1830" HPOS="1217"/>
							<String ID="string_303" HPOS="1236" VPOS="1833" WIDTH="201" HEIGHT="30" WC="0.95" CONTENT="meddelade"/><SP WIDTH="19" VPOS="1833" HPOS="1437"/>
							<String ID="string_304" HPOS="1456" VPOS="1834" WIDTH="150" HEIGHT="31" WC="0.96" CONTENT="direktiv"/><SP WIDTH="17" VPOS="1834" HPOS="1606"/>
							<String ID="string_305" HPOS="1623" VPOS="1837" WIDTH="64" HEIGHT="29" WC="0.96" CONTENT="har"/><SP WIDTH="19" VPOS="1837" HPOS="1687"/>
							<String ID="string_306" HPOS="1706" VPOS="1838" WIDTH="41" HEIGHT="29" WC="0.96" CONTENT="de"/>
						</TextLine>
						<TextLine ID="line_33" HPOS="247" VPOS="1871" WIDTH="1500" HEIGHT="55">
							<String ID="string_307" HPOS="247" VPOS="1871" WIDTH="222" HEIGHT="41" WC="0.96" CONTENT="sakkunniga"/><SP WIDTH="20" VPOS="1871" HPOS="469"/>
							<String ID="string_308" HPOS="489" VPOS="1873" WIDTH="105" HEIGHT="32" WC="0.96" CONTENT="bland"/><SP WIDTH="21" VPOS="1873" HPOS="594"/>
							<String ID="string_309" HPOS="615" VPOS="1879" WIDTH="107" HEIGHT="27" WC="0.95" CONTENT="annat"/><SP WIDTH="20" VPOS="1879" HPOS="722"/>
							<String ID="string_310" HPOS="742" VPOS="1878" WIDTH="50" HEIGHT="28" WC="0.96" CONTENT="att"/><SP WIDTH="20" VPOS="1878" HPOS="792"/>
							<String ID="string_311" HPOS="812" VPOS="1880" WIDTH="312" HEIGHT="37" WC="0.96" CONTENT="uppmärksamma"/><SP WIDTH="22" VPOS="1880" HPOS="1124"/>
							<String ID="string_312" HPOS="1146" VPOS="1891" WIDTH="41" HEIGHT="21" WC="0.96" CONTENT="en"/><SP WIDTH="20" VPOS="1891" HPOS="1187"/>
							<String ID="string_313" HPOS="1207" VPOS="1884" WIDTH="111" HEIGHT="29" WC="0.95" CONTENT="under"/><SP WIDTH="21" VPOS="1884" HPOS="1318"/>
							<String ID="string_314" HPOS="1339" VPOS="1893" WIDTH="120" HEIGHT="22" WC="0.96" CONTENT="senare"/><SP WIDTH="21" VPOS="1893" HPOS="1459"/>
							<String ID="string_315" HPOS="1480" VPOS="1886" WIDTH="50" HEIGHT="30" WC="0.94" CONTENT="tid"/><SP WIDTH="20" VPOS="1886" HPOS="1530"/>
							<String ID="string_316" HPOS="1550" VPOS="1886" WIDTH="11" HEIGHT="29" WC="0.96" CONTENT="i"/><SP WIDTH="20" VPOS="1886" HPOS="1561"/>
							<String ID="string_317" HPOS="1581" VPOS="1887" WIDTH="166" HEIGHT="39" WC="0.92" CONTENT="betydan-"/>
						</TextLine>
						<TextLine ID="line_34" HPOS="246" VPOS="1922" WIDTH="1499" HEIGHT="55">
							<String ID="string_318" HPOS="246" VPOS="1922" WIDTH="41" HEIGHT="30" WC="0.93" CONTENT="de"/><SP WIDTH="30" VPOS="1922" HPOS="287"/>
							<String ID="string_319" HPOS="317" VPOS="1923" WIDTH="211" HEIGHT="42" WC="0.91" CONTENT="omfaltning"/><SP WIDTH="28" VPOS="1923" HPOS="528"/>
							<String ID="string_320" HPOS="556" VPOS="1925" WIDTH="221" HEIGHT="40" WC="0.91" CONTENT="praktiserad"/><SP WIDTH="28" VPOS="1925" HPOS="777"/>
							<String ID="string_321" HPOS="805" VPOS="1929" WIDTH="183" HEIGHT="40" WC="0.96" CONTENT="möjlighet"/><SP WIDTH="29" VPOS="1929" HPOS="988"/>
							<String ID="string_322" HPOS="1017" VPOS="1932" WIDTH="49" HEIGHT="29" WC="0.96" CONTENT="att"/><SP WIDTH="29" VPOS="1932" HPOS="1066"/>
							<String ID="string_323" HPOS="1095" VPOS="1934" WIDTH="85" HEIGHT="29" WC="0.96" CONTENT="utan"/><SP WIDTH="30" VPOS="1934" HPOS="1180"/>
							<String ID="string_324" HPOS="1210" VPOS="1934" WIDTH="252" HEIGHT="41" WC="0.90" CONTENT="skattepåföljd"/><SP WIDTH="29" VPOS="1934" HPOS="1462"/>
							<String ID="string_325" HPOS="1491" VPOS="1938" WIDTH="119" HEIGHT="39" WC="0.90" CONTENT="uttaga"/><SP WIDTH="28" VPOS="1938" HPOS="1610"/>
							<String ID="string_326" HPOS="1638" VPOS="1939" WIDTH="107" HEIGHT="30" WC="0.90" CONTENT="vinst-"/>
						</TextLine>
						<TextLine ID="line_35" HPOS="248" VPOS="1973" WIDTH="1496" HEIGHT="52">
							<String ID="string_327" HPOS="248" VPOS="1973" WIDTH="113" HEIGHT="29" WC="0.96" CONTENT="medel"/><SP WIDTH="32" VPOS="1973" HPOS="361"/>
							<String ID="string_328" HPOS="393" VPOS="1983" WIDTH="41" HEIGHT="20" WC="0.95" CONTENT="ur"/><SP WIDTH="33" VPOS="1983" HPOS="434"/>
							<String ID="string_329" HPOS="467" VPOS="1974" WIDTH="290" HEIGHT="44" WC="0.96" CONTENT="fastighetsbolag"/><SP WIDTH="32" VPOS="1974" HPOS="757"/>
							<String ID="string_330" HPOS="789" VPOS="1980" WIDTH="64" HEIGHT="28" WC="0.96" CONTENT="och"/><SP WIDTH="33" VPOS="1980" HPOS="853"/>
							<String ID="string_331" HPOS="886" VPOS="1979" WIDTH="399" HEIGHT="46" WC="0.91" CONTENT="fastighetsföreningar."/><SP WIDTH="35" VPOS="1979" HPOS="1285"/>
							<String ID="string_332" HPOS="1320" VPOS="1985" WIDTH="175" HEIGHT="31" WC="0.95" CONTENT="Utskottet"/><SP WIDTH="34" VPOS="1985" HPOS="1495"/>
							<String ID="string_333" HPOS="1529" VPOS="1988" WIDTH="215" HEIGHT="35" WC="0.96" CONTENT="förutsätter,"/>
						</TextLine>
						<TextLine ID="line_36" HPOS="245" VPOS="2025" WIDTH="1500" HEIGHT="49">
							<String ID="string_334" HPOS="245" VPOS="2025" WIDTH="50" HEIGHT="28" WC="0.95" CONTENT="att"/><SP WIDTH="26" VPOS="2025" HPOS="295"/>
							<String ID="string_335" HPOS="321" VPOS="2026" WIDTH="232" HEIGHT="40" WC="0.95" CONTENT="utredningen"/><SP WIDTH="29" VPOS="2026" HPOS="553"/>
							<String ID="string_336" HPOS="582" VPOS="2028" WIDTH="54" HEIGHT="30" WC="0.96" CONTENT="vid"/><SP WIDTH="26" VPOS="2028" HPOS="636"/>
							<String ID="string_337" HPOS="662" VPOS="2029" WIDTH="216" HEIGHT="40" WC="0.96" CONTENT="prövningen"/><SP WIDTH="27" VPOS="2029" HPOS="878"/>
							<String ID="string_338" HPOS="905" VPOS="2040" WIDTH="41" HEIGHT="21" WC="0.96" CONTENT="av"/><SP WIDTH="26" VPOS="2040" HPOS="946"/>
							<String ID="string_339" HPOS="972" VPOS="2033" WIDTH="41" HEIGHT="29" WC="0.96" CONTENT="de"/><SP WIDTH="26" VPOS="2033" HPOS="1013"/>
							<String ID="string_340" HPOS="1039" VPOS="2033" WIDTH="131" HEIGHT="41" WC="0.96" CONTENT="förslag"/><SP WIDTH="26" VPOS="2033" HPOS="1170"/>
							<String ID="string_341" HPOS="1196" VPOS="2044" WIDTH="74" HEIGHT="21" WC="0.96" CONTENT="som"/><SP WIDTH="26" VPOS="2044" HPOS="1270"/>
							<String ID="string_342" HPOS="1296" VPOS="2037" WIDTH="57" HEIGHT="29" WC="0.96" CONTENT="må"/><SP WIDTH="26" VPOS="2037" HPOS="1353"/>
							<String ID="string_343" HPOS="1379" VPOS="2038" WIDTH="142" HEIGHT="29" WC="0.96" CONTENT="komma"/><SP WIDTH="26" VPOS="2038" HPOS="1521"/>
							<String ID="string_344" HPOS="1547" VPOS="2041" WIDTH="49" HEIGHT="27" WC="0.96" CONTENT="att"/><SP WIDTH="26" VPOS="2041" HPOS="1596"/>
							<String ID="string_345" HPOS="1622" VPOS="2040" WIDTH="123" HEIGHT="31" WC="0.96" CONTENT="beröra"/>
						</TextLine>
						<TextLine ID="line_37" HPOS="245" VPOS="2074" WIDTH="1499" HEIGHT="54">
							<String ID="string_346" HPOS="245" VPOS="2074" WIDTH="437" HEIGHT="43" WC="0.91" CONTENT="fastighetsföreningarna"/><SP WIDTH="29" VPOS="2074" HPOS="682"/>
							<String ID="string_347" HPOS="711" VPOS="2080" WIDTH="132" HEIGHT="39" WC="0.96" CONTENT="jämväl"/><SP WIDTH="31" VPOS="2080" HPOS="843"/>
							<String ID="string_348" HPOS="874" VPOS="2083" WIDTH="186" HEIGHT="38" WC="0.96" CONTENT="överväger"/><SP WIDTH="30" VPOS="2083" HPOS="1060"/>
							<String ID="string_349" HPOS="1090" VPOS="2084" WIDTH="41" HEIGHT="30" WC="0.96" CONTENT="de"/><SP WIDTH="30" VPOS="2084" HPOS="1131"/>
							<String ID="string_350" HPOS="1161" VPOS="2086" WIDTH="11" HEIGHT="28" WC="0.96" CONTENT="i"/><SP WIDTH="31" VPOS="2086" HPOS="1172"/>
							<String ID="string_351" HPOS="1203" VPOS="2086" WIDTH="65" HEIGHT="30" WC="0.96" CONTENT="den"/><SP WIDTH="31" VPOS="2086" HPOS="1268"/>
							<String ID="string_352" HPOS="1299" VPOS="2087" WIDTH="236" HEIGHT="41" WC="0.96" CONTENT="föreliggande"/><SP WIDTH="31" VPOS="2087" HPOS="1535"/>
							<String ID="string_353" HPOS="1566" VPOS="2091" WIDTH="178" HEIGHT="30" WC="0.96" CONTENT="motionen"/>
						</TextLine>
						<TextLine ID="line_38" HPOS="245" VPOS="2124" WIDTH="1500" HEIGHT="49">
							<String ID="string_354" HPOS="245" VPOS="2124" WIDTH="196" HEIGHT="33" WC="0.95" CONTENT="framförda"/><SP WIDTH="30" VPOS="2124" HPOS="441"/>
							<String ID="string_355" HPOS="471" VPOS="2130" WIDTH="276" HEIGHT="38" WC="0.93" CONTENT="synpunkterna."/><SP WIDTH="30" VPOS="2130" HPOS="747"/>
							<String ID="string_356" HPOS="777" VPOS="2131" WIDTH="77" HEIGHT="31" WC="0.96" CONTENT="Med"/><SP WIDTH="30" VPOS="2131" HPOS="854"/>
							<String ID="string_357" HPOS="884" VPOS="2133" WIDTH="136" HEIGHT="40" WC="0.96" CONTENT="hänsyn"/><SP WIDTH="29" VPOS="2133" HPOS="1020"/>
							<String ID="string_358" HPOS="1049" VPOS="2134" WIDTH="51" HEIGHT="31" WC="0.95" CONTENT="till"/><SP WIDTH="29" VPOS="2134" HPOS="1100"/>
							<String ID="string_359" HPOS="1129" VPOS="2137" WIDTH="65" HEIGHT="30" WC="0.96" CONTENT="vad"/><SP WIDTH="29" VPOS="2137" HPOS="1194"/>
							<String ID="string_360" HPOS="1223" VPOS="2146" WIDTH="47" HEIGHT="21" WC="0.96" CONTENT="nu"/><SP WIDTH="30" VPOS="2146" HPOS="1270"/>
							<String ID="string_361" HPOS="1300" VPOS="2139" WIDTH="134" HEIGHT="30" WC="0.96" CONTENT="anförts"/><SP WIDTH="30" VPOS="2139" HPOS="1434"/>
							<String ID="string_362" HPOS="1464" VPOS="2141" WIDTH="65" HEIGHT="29" WC="0.96" CONTENT="och"/><SP WIDTH="29" VPOS="2141" HPOS="1529"/>
							<String ID="string_363" HPOS="1558" VPOS="2141" WIDTH="43" HEIGHT="30" WC="0.93" CONTENT="då"/><SP WIDTH="29" VPOS="2141" HPOS="1601"/>
							<String ID="string_364" HPOS="1630" VPOS="2144" WIDTH="115" HEIGHT="29" WC="0.90" CONTENT="utred-"/>
						</TextLine>
						<TextLine ID="line_39" HPOS="243" VPOS="2175" WIDTH="1501" HEIGHT="51">
							<String ID="string_365" HPOS="243" VPOS="2175" WIDTH="237" HEIGHT="40" WC="0.90" CONTENT="ningsarbetet"/><SP WIDTH="22" VPOS="2175" HPOS="480"/>
							<String ID="string_366" HPOS="502" VPOS="2179" WIDTH="106" HEIGHT="40" WC="0.96" CONTENT="enligt"/><SP WIDTH="23" VPOS="2179" HPOS="608"/>
							<String ID="string_367" HPOS="631" VPOS="2180" WIDTH="194" HEIGHT="32" WC="0.27" CONTENT="direktiven"/><SP WIDTH="22" VPOS="2180" HPOS="825"/>
							<String ID="string_368" HPOS="847" VPOS="2183" WIDTH="88" HEIGHT="30" WC="0.96" CONTENT="skall"/><SP WIDTH="22" VPOS="2183" HPOS="935"/>
							<String ID="string_369" HPOS="957" VPOS="2185" WIDTH="159" HEIGHT="31" WC="0.96" CONTENT="bedrivas"/><SP WIDTH="23" VPOS="2185" HPOS="1116"/>
							<String ID="string_370" HPOS="1139" VPOS="2188" WIDTH="207" HEIGHT="38" WC="0.95" CONTENT="skyndsamt"/><SP WIDTH="23" VPOS="2188" HPOS="1346"/>
							<String ID="string_371" HPOS="1369" VPOS="2200" WIDTH="103" HEIGHT="20" WC="0.96" CONTENT="anser"/><SP WIDTH="20" VPOS="2200" HPOS="1472"/>
							<String ID="string_372" HPOS="1492" VPOS="2193" WIDTH="171" HEIGHT="30" WC="0.91" CONTENT="utskottet"/><SP WIDTH="22" VPOS="2193" HPOS="1663"/>
							<String ID="string_373" HPOS="1685" VPOS="2204" WIDTH="59" HEIGHT="20" WC="0.90" CONTENT="an-"/>
						</TextLine>
						<TextLine ID="line_40" HPOS="243" VPOS="2226" WIDTH="1233" HEIGHT="44">
							<String ID="string_374" HPOS="243" VPOS="2226" WIDTH="140" HEIGHT="42" WC="0.96" CONTENT="ledning"/><SP WIDTH="25" VPOS="2226" HPOS="383"/>
							<String ID="string_375" HPOS="408" VPOS="2228" WIDTH="76" HEIGHT="31" WC="0.96" CONTENT="icke"/><SP WIDTH="25" VPOS="2228" HPOS="484"/>
							<String ID="string_376" HPOS="509" VPOS="2229" WIDTH="167" HEIGHT="41" WC="0.96" CONTENT="föreligga"/><SP WIDTH="26" VPOS="2229" HPOS="676"/>
							<String ID="string_377" HPOS="702" VPOS="2233" WIDTH="49" HEIGHT="29" WC="0.96" CONTENT="att"/><SP WIDTH="26" VPOS="2233" HPOS="751"/>
							<String ID="string_378" HPOS="777" VPOS="2233" WIDTH="142" HEIGHT="30" WC="0.96" CONTENT="förorda"/><SP WIDTH="26" VPOS="2233" HPOS="919"/>
							<String ID="string_379" HPOS="945" VPOS="2236" WIDTH="150" HEIGHT="32" WC="0.96" CONTENT="särskild"/><SP WIDTH="27" VPOS="2236" HPOS="1095"/>
							<String ID="string_380" HPOS="1122" VPOS="2237" WIDTH="166" HEIGHT="32" WC="0.96" CONTENT="skrivelse"/><SP WIDTH="24" VPOS="2237" HPOS="1288"/>
							<String ID="string_381" HPOS="1312" VPOS="2239" WIDTH="11" HEIGHT="29" WC="0.96" CONTENT="i"/><SP WIDTH="26" VPOS="2239" HPOS="1323"/>
							<String ID="string_382" HPOS="1349" VPOS="2241" WIDTH="127" HEIGHT="29" WC="0.96" CONTENT="ämnet."/>
						</TextLine>
					</TextBlock>
					<TextBlock ID="block_4" HPOS="287" VPOS="2277" WIDTH="1343" HEIGHT="52">
						<TextLine ID="line_41" HPOS="287" VPOS="2277" WIDTH="1343" HEIGHT="52">
							<String ID="string_383" HPOS="287" VPOS="2277" WIDTH="116" HEIGHT="32" WC="0.95" CONTENT="Under"/><SP WIDTH="24" VPOS="2277" HPOS="403"/>
							<String ID="string_384" HPOS="427" VPOS="2278" WIDTH="218" HEIGHT="42" WC="0.95" CONTENT="åberopande"/><SP WIDTH="25" VPOS="2278" HPOS="645"/>
							<String ID="string_385" HPOS="670" VPOS="2292" WIDTH="42" HEIGHT="21" WC="0.96" CONTENT="av"/><SP WIDTH="24" VPOS="2292" HPOS="712"/>
							<String ID="string_386" HPOS="736" VPOS="2285" WIDTH="66" HEIGHT="29" WC="0.96" CONTENT="vad"/><SP WIDTH="26" VPOS="2285" HPOS="802"/>
							<String ID="string_387" HPOS="828" VPOS="2284" WIDTH="147" HEIGHT="32" WC="0.96" CONTENT="sålunda"/><SP WIDTH="25" VPOS="2284" HPOS="975"/>
							<String ID="string_388" HPOS="1000" VPOS="2287" WIDTH="135" HEIGHT="30" WC="0.96" CONTENT="anförts"/><SP WIDTH="27" VPOS="2287" HPOS="1135"/>
							<String ID="string_389" HPOS="1162" VPOS="2288" WIDTH="54" HEIGHT="30" WC="0.96" CONTENT="får"/><SP WIDTH="25" VPOS="2288" HPOS="1216"/>
							<String ID="string_390" HPOS="1241" VPOS="2289" WIDTH="170" HEIGHT="33" WC="0.96" CONTENT="utskottet"/><SP WIDTH="24" VPOS="2289" HPOS="1411"/>
							<String ID="string_391" HPOS="1435" VPOS="2292" WIDTH="195" HEIGHT="37" WC="0.88" CONTENT="hemställa,"/>
						</TextLine>
					</TextBlock>
				</ComposedBlock>
			</PrintSpace>
		</Page>
	</Layout>
</alto>
