1828 2790
410 192 389 30 Jordbruksutskottets
824 192 178 30 utlåtande
1023 201 43 20 nr
1086 192 52 30 20.
1537 191 36 29 11

68 276 195 39 avdelning,
286 276 169 30 förutsatt
476 277 51 29 att
549 275 362 41 arbetsuppgifternas
935 275 214 39 omfattning
1170 275 189 30 motiverar
1382 275 103 31 detta.
1510 275 65 29 Rö-

69 328 110 29 rande
201 327 221 30 sistnämnda
443 326 99 40 fråga
563 327 99 30 torde
683 327 60 40 jag
766 326 55 31 för
843 326 112 40 övrigt
976 326 36 30 få
1034 327 141 33 nämna,
1198 328 50 28 att
1270 325 81 30 från
1373 326 200 29 lantbruks-

69 377 171 40 styrelsen
259 377 185 39 föreligger
465 378 48 28 ett
532 377 143 39 förslag,
698 379 50 28 att
769 377 167 29 Gotlands
957 377 58 29 län
1036 376 91 30 skall
1147 376 161 40 upphöra
1328 377 51 28 att
1400 385 82 20 vara
1503 376 72 29 sär-

69 428 82 30 skilt
174 427 503 38 lantbruksingenjörsdistrikt
698 427 64 30 och
783 429 51 28 att
855 429 49 28 ett
925 428 76 39 nytt
1023 427 90 30 skall
1136 426 112 30 bildas
1269 436 44 21 av
1333 426 144 30 Kalmar
1498 426 77 29 läns

67 488 106 21 norra
192 479 152 30 område.
363 479 66 39 Jag
446 479 98 29 torde
564 487 122 21 senare
705 478 36 30 få
761 478 141 30 anmäla
921 478 113 30 denna
1053 478 102 39 fråga
1172 477 56 30 för
1246 477 127 39 Kungl.
1393 476 115 40 Maj:t.

113 530 137 39 Frågan
269 539 58 20 om
347 530 51 29 att
418 529 102 40 vidga
539 530 110 29 förste
671 529 269 30 assistenternas
960 528 246 40 befogenheter
1226 528 98 30 torde
1345 528 84 30 böra
1449 528 126 40 prövas

68 589 193 22 närmare.»

714 732 212 34 Utskottet.

113 827 117 39 Enligt
251 827 190 30 utskottets
461 827 143 39 mening
623 827 122 29 kunna
765 826 196 39 betydande
982 825 154 30 fördelar
1156 824 124 31 vinnas
1302 832 125 31 genom
1447 825 50 29 att
1517 824 57 29 be-

69 878 279 29 slutanderätten
378 877 12 29 i
419 877 152 30 flertalet
600 877 154 30 ärenden
783 876 150 30 rörande
964 875 133 40 statligt
1128 875 76 30 stöd
1235 875 35 30 åt
1300 875 273 39 torrläggnings-

71 929 136 40 företag
238 930 206 38 överflyttas
477 929 80 30 från
590 929 359 38 lantbruksstyrelsen
981 928 53 30 till
1067 927 417 30 lantbruksnämnderna.
1517 925 60 31 Ut-

69 978 130 30 skottet
216 978 195 39 tillstyrker
428 978 120 30 därför
565 977 127 40 Kungl.
711 977 125 39 Maj:ts
855 977 130 39 förslag
1004 978 50 29 att
1073 985 44 21 en
1136 976 109 30 sådan
1265 974 309 40 decentralisering

68 1029 90 30 skall
178 1030 65 38 äga
260 1038 81 21 rum
360 1028 82 30 från
460 1029 65 29 och
544 1029 81 29 med
645 1029 101 29 nästa
765 1027 180 40 budgetår.
966 1027 138 39 Frågan
1123 1035 58 21 om
1200 1025 372 39 decentraliseringens

68 1079 214 40 omfattning
301 1080 100 29 torde
419 1079 85 30 böra
522 1079 37 30 få
579 1079 146 39 avgöras
746 1089 42 21 av
807 1078 126 39 Kungl.
953 1077 107 40 Maj:t
1080 1076 93 35 eller,
1193 1076 89 30 efter
1302 1076 126 39 Kungl.
1448 1075 126 40 Maj:ts

67 1130 290 39 bemyndigande,
380 1139 43 21 av
443 1129 370 39 lantbruksstyrelsen.

114 1182 76 30 Vad
207 1182 10 30 i
234 1181 263 41 propositionen
514 1181 199 40 föreslagits
729 1180 223 31 beträffande
969 1189 69 30 nya
1055 1180 152 40 grunder
1225 1179 55 30 för
1296 1178 61 31 lån
1373 1178 64 30 och
1453 1178 123 40 bidrag

67 1231 54 31 till
144 1230 396 40 torrläggningsföretag
562 1230 72 30 kan
656 1230 171 30 utskottet
850 1229 167 30 likaledes
1039 1228 149 31 biträda.
1211 1228 177 30 Utskottet
1412 1227 161 30 förordar

69 1282 145 34 således,
233 1283 51 29 att
303 1282 58 29 det
381 1281 139 39 statliga
539 1281 114 30 stödet
671 1280 12 29 i
704 1280 132 32 sådana
856 1278 422 41 torrläggningsärenden,
1302 1287 75 21 som
1398 1278 98 30 skola
1517 1287 57 20 av-

70 1333 102 39 göras
197 1342 43 21 av
263 1331 419 34 lantbruksnämnderna,
709 1331 88 30 skall
822 1330 85 39 utgå
930 1332 12 29 i
965 1330 42 29 de
1033 1329 141 34 former,
1201 1338 75 21 som
1301 1328 90 40 gälla
1416 1328 55 30 för
1496 1328 78 30 stöd

69 1383 35 30 åt
121 1383 152 30 flertalet
288 1383 112 30 andra
413 1381 488 40 jordförbättringsåtgärder,
918 1379 176 40 nämligen
1113 1379 115 30 såsom
1246 1377 218 41 lånegaranti
1482 1379 92 28 samt

68 1434 124 38 bidrag
209 1442 42 20 ur
268 1432 461 39 rationaliseringsanslaget
748 1431 79 29 med
846 1430 152 30 normalt
1016 1429 41 30 40
1077 1430 144 39 procent
1241 1439 43 21 av
1302 1429 196 30 kostnaden
1518 1427 56 30 för

68 1485 182 38 företaget.
275 1483 14 30 I
314 1482 152 40 enlighet
489 1482 81 30 med
594 1481 126 39 Kungl.
746 1480 125 40 Maj:ts
896 1479 263 39 framställning
1182 1478 194 40 tillstyrker
1402 1479 172 29 utskottet

68 1534 130 34 vidare,
218 1535 50 29 att
285 1533 12 29 i
314 1533 42 30 de
374 1533 72 34 fall,
466 1541 75 21 som
559 1532 154 39 alltjämt
732 1531 98 31 skola
848 1531 145 39 avgöras
1011 1539 44 21 av
1071 1529 370 39 lantbruksstyrelsen,
1461 1528 112 30 stödet

69 1585 131 30 liksom
218 1584 126 30 hittills
366 1583 89 30 skall
474 1583 84 39 utgå
576 1582 13 29 i
610 1582 92 30 form
723 1591 42 22 av
785 1581 59 30 lån
864 1590 43 21 ur
929 1582 131 28 statens
1082 1578 378 40 avdikningslånefond
1483 1580 91 28 samt

68 1635 124 39 bidrag
220 1644 43 20 ur
290 1633 380 39 avdikningsanslaget,
700 1632 122 30 därvid
851 1632 90 29 dock
968 1630 303 39 bidragsbeloppet
1300 1629 153 30 normalt
1484 1628 90 30 skall

68 1686 127 39 utgöra
211 1685 40 30 40
267 1686 146 39 procent
429 1693 42 21 av
485 1683 208 30 kostnaden.
711 1683 178 29 Utskottet
904 1690 102 22 anser
1023 1681 58 30 det
1098 1681 87 30 även
1201 1679 159 41 lämpligt
1378 1681 61 32 att,
1458 1679 115 30 såsom

69 1745 99 22 avses
197 1736 11 29 i
235 1735 273 40 propositionen,
536 1734 259 39 bidragsrätten
822 1732 222 30 beträffande
1072 1729 396 41 torrläggningsföretag
1496 1729 77 29 icke

68 1787 167 38 gencrellt
255 1786 190 38 begränsas
466 1785 53 29 till
540 1784 205 39 fastigheter
770 1783 112 29 under
904 1792 42 20 en
967 1782 69 30 viss
1060 1781 199 38 arealgräns
1282 1781 83 29 eller
1387 1780 184 39 regelmäs-

69 1838 67 38 sigt
161 1838 97 38 göres
282 1836 172 30 beroende
477 1844 42 21 av
541 1835 198 29 brukarnas
763 1832 229 31 ekonomiska
1019 1831 176 39 ställning.

114 1888 14 29 I
150 1887 152 39 enlighet
322 1886 81 30 med
423 1885 125 39 Kungl.
569 1884 126 39 Maj:ts
717 1882 262 40 framställning
1000 1891 102 30 synes
1124 1881 199 30 kontrollen
1345 1881 81 29 över
1448 1880 126 30 under-

69 1938 109 30 hållet
204 1947 42 20 av
272 1936 144 31 utförda
442 1934 396 40 torrläggningsföretag
864 1933 85 29 böra
976 1931 179 31 överföras
1182 1930 53 30 till
1263 1931 311 29 lantbruksnämn-

70 1989 120 29 derna.
208 1987 178 30 Utskottet
402 1986 60 30 vill
480 1987 11 29 i
510 1985 95 30 detta
624 1984 256 38 sammanhang
898 1982 189 30 framhålla
1105 1981 119 31 vikten
1244 1990 43 21 av
1304 1982 51 29 att
1375 1980 199 30 lantbruks-

73 2039 220 30 nämnderna
315 2055 45 4 -—
385 2038 121 29 utöver
531 2035 115 31 denna
671 2035 153 30 kontroll
849 2052 44 3 —
917 2033 10 29 i
951 2033 199 39 möjligaste
1174 2032 83 29 mån
1283 2032 87 29 även
1394 2031 101 34 tillse,
1522 2032 53 28 att

73 2090 41 29 de
136 2088 404 38 kultiveringsåtgärder,
563 2096 74 20 som
659 2087 59 28 äro
740 2085 149 30 avsedda
914 2086 50 28 att
986 2084 61 29 ske
1067 2083 45 40 på
1133 2084 66 29 den
1219 2082 177 38 torrlagda
1417 2082 157 33 marken,

72 2140 179 38 verkligen
271 2140 144 28 komma
435 2138 52 29 till
512 2137 101 29 stånd
634 2136 11 29 i
666 2136 167 39 planerad
857 2134 222 38 omfattning.

115 2190 75 29 Vad
209 2189 155 29 härefter
383 2187 107 39 angår
509 2185 454 39 lantbruksingenjörernas
983 2182 501 40 tjänstgöringsförhållanden
1506 2181 68 29 fin-

71 2249 62 20 ner
151 2239 171 29 utskottet
342 2238 52 38 sig
411 2238 121 28 kunna
550 2236 138 29 biträda
706 2234 126 39 Kungl.
852 2233 123 39 Maj:ts
994 2233 142 37 förslag.
1155 2233 177 28 Utskottet
1351 2241 102 20 anser
1472 2232 103 29 emel-

71 2290 103 29 lertid
195 2290 50 28 att
266 2288 10 29 i
297 2289 42 28 de
361 2287 73 36 fall,
454 2287 45 29 då
519 2284 350 39 lantbruksingenjör
891 2292 101 34 anses
1012 2283 85 29 böra
1121 2281 208 30 stationeras
1352 2281 142 29 utanför
1517 2281 57 29 det

71 2348 87 30 egna
179 2338 187 33 distriktet,
387 2337 97 38 dylik
504 2334 229 38 stationering
754 2334 103 29 såvitt
877 2332 137 39 möjligt
1032 2333 63 28 bör
1117 2332 59 29 ske
1196 2332 45 39 på
1261 2331 144 38 frivillig
1425 2332 63 38 väg
1509 2331 65 28 och

71 2391 89 28 efter
180 2388 139 30 samråd
338 2387 80 29 med
436 2385 259 32 vederbörande
715 2383 356 38 befattningshavare.

116 2440 78 29 Med
219 2438 189 37 anledning
431 2446 42 20 av
495 2436 65 29 vad
585 2432 386 42 departementschefen
996 2432 118 29 anfört
1137 2431 11 28 i
1172 2431 99 38 fråga
1294 2440 57 21 om
1376 2431 198 29 lantbruks-

71 2487 467 42 ingenjörsorganisationen
556 2485 45 40 på
619 2484 147 29 Gotland
787 2484 43 29 ha
850 2483 91 30 vissa
961 2482 182 29 önskemål
1164 2481 183 30 framförts
1367 2481 10 28 i
1397 2481 174 29 motionen
