<?xml version="1.0" encoding="UTF-8"?>
<alto xmlns="http://www.loc.gov/standards/alto/ns-v3#" xmlns:xlink="http://www.w3.org/1999/xlink" xmlns:xsi="http://www.w3.org/2001/XMLSchema-instance" xsi:schemaLocation="http://www.loc.gov/standards/alto/ns-v3# http://www.loc.gov/alto/v3/alto-3-0.xsd">
	<Description>
		<MeasurementUnit>pixel</MeasurementUnit>
		<sourceImageInformation>
			<fileName>/tmp/tess_xwm8g5x9_input.PNG</fileName>
		</sourceImageInformation>
		<OCRProcessing ID="OCR_0">
			<ocrProcessingStep>
				<processingSoftware>
					<softwareName>tesseract 5.3.0</softwareName>
				</processingSoftware>
			</ocrProcessingStep>
		</OCRProcessing>
	</Description>
	<Layout>
		<Page WIDTH="1824" HEIGHT="2788" PHYSICAL_IMG_NR="0" ID="page_0">
			<PrintSpace HPOS="0" VPOS="0" WIDTH="1824" HEIGHT="2788">
				<ComposedBlock ID="cblock_0" HPOS="251" VPOS="172" WIDTH="1115" HEIGHT="34">
					<TextBlock ID="block_0" HPOS="251" VPOS="172" WIDTH="1115" HEIGHT="34">
						<TextLine ID="line_0" HPOS="251" VPOS="172" WIDTH="1115" HEIGHT="34">
							<String ID="string_0" HPOS="251" VPOS="172" WIDTH="21" HEIGHT="30" WC="0.96" CONTENT="4"/><SP WIDTH="368" VPOS="172" HPOS="272"/>
							<String ID="string_1" HPOS="640" VPOS="173" WIDTH="386" HEIGHT="31" WC="0.91" CONTENT="Jordbruksutskottets"/><SP WIDTH="26" VPOS="173" HPOS="1026"/>
							<String ID="string_2" HPOS="1052" VPOS="175" WIDTH="178" HEIGHT="30" WC="0.96" CONTENT="utlåtande"/><SP WIDTH="21" VPOS="175" HPOS="1230"/>
							<String ID="string_3" HPOS="1251" VPOS="186" WIDTH="42" HEIGHT="19" WC="0.96" CONTENT="nr"/><SP WIDTH="21" VPOS="186" HPOS="1293"/>
							<String ID="string_4" HPOS="1314" VPOS="176" WIDTH="52" HEIGHT="30" WC="0.94" CONTENT="20."/>
						</TextLine>
					</TextBlock>
				</ComposedBlock>
				<ComposedBlock ID="cblock_1" HPOS="251" VPOS="255" WIDTH="1510" HEIGHT="1047">
					<TextBlock ID="block_1" HPOS="256" VPOS="255" WIDTH="1502" HEIGHT="196">
						<TextLine ID="line_1" HPOS="257" VPOS="255" WIDTH="1501" HEIGHT="44">
							<String ID="string_5" HPOS="257" VPOS="255" WIDTH="193" HEIGHT="39" WC="0.92" CONTENT="redningen"/><SP WIDTH="26" VPOS="255" HPOS="450"/>
							<String ID="string_6" HPOS="476" VPOS="256" WIDTH="122" HEIGHT="39" WC="0.96" CONTENT="bidrag"/><SP WIDTH="29" VPOS="256" HPOS="598"/>
							<String ID="string_7" HPOS="627" VPOS="256" WIDTH="54" HEIGHT="30" WC="0.96" CONTENT="för"/><SP WIDTH="29" VPOS="256" HPOS="681"/>
							<String ID="string_8" HPOS="710" VPOS="258" WIDTH="161" HEIGHT="39" WC="0.92" CONTENT="samtliga"/><SP WIDTH="27" VPOS="258" HPOS="871"/>
							<String ID="string_9" HPOS="898" VPOS="258" WIDTH="392" HEIGHT="41" WC="0.92" CONTENT="torrläggningsföretag"/><SP WIDTH="29" VPOS="258" HPOS="1290"/>
							<String ID="string_10" HPOS="1319" VPOS="260" WIDTH="84" HEIGHT="38" WC="0.93" CONTENT="utgå"/><SP WIDTH="25" VPOS="260" HPOS="1403"/>
							<String ID="string_11" HPOS="1428" VPOS="279" WIDTH="43" HEIGHT="2" WC="0.92" CONTENT="—"/><SP WIDTH="29" VPOS="279" HPOS="1471"/>
							<String ID="string_12" HPOS="1500" VPOS="263" WIDTH="85" HEIGHT="27" WC="0.82" CONTENT="utan"/><SP WIDTH="31" VPOS="263" HPOS="1585"/>
							<String ID="string_13" HPOS="1616" VPOS="261" WIDTH="142" HEIGHT="30" WC="0.91" CONTENT="behovs-"/>
						</TextLine>
						<TextLine ID="line_2" HPOS="257" VPOS="306" WIDTH="1501" HEIGHT="44">
							<String ID="string_14" HPOS="257" VPOS="306" WIDTH="182" HEIGHT="38" WC="0.96" CONTENT="prövning,"/><SP WIDTH="24" VPOS="306" HPOS="439"/>
							<String ID="string_15" HPOS="463" VPOS="307" WIDTH="141" HEIGHT="29" WC="0.96" CONTENT="varmed"/><SP WIDTH="30" VPOS="307" HPOS="604"/>
							<String ID="string_16" HPOS="634" VPOS="308" WIDTH="231" HEIGHT="38" WC="0.95" CONTENT="utredningen"/><SP WIDTH="27" VPOS="308" HPOS="865"/>
							<String ID="string_17" HPOS="892" VPOS="318" WIDTH="100" HEIGHT="30" WC="0.96" CONTENT="synes"/><SP WIDTH="27" VPOS="318" HPOS="992"/>
							<String ID="string_18" HPOS="1019" VPOS="318" WIDTH="90" HEIGHT="25" WC="0.96" CONTENT="avse,"/><SP WIDTH="30" VPOS="318" HPOS="1109"/>
							<String ID="string_19" HPOS="1139" VPOS="312" WIDTH="49" HEIGHT="27" WC="0.96" CONTENT="att"/><SP WIDTH="25" VPOS="312" HPOS="1188"/>
							<String ID="string_20" HPOS="1213" VPOS="311" WIDTH="30" HEIGHT="37" WC="0.96" CONTENT="ej"/><SP WIDTH="28" VPOS="311" HPOS="1243"/>
							<String ID="string_21" HPOS="1271" VPOS="311" WIDTH="111" HEIGHT="29" WC="0.96" CONTENT="heller"/><SP WIDTH="24" VPOS="311" HPOS="1382"/>
							<String ID="string_22" HPOS="1406" VPOS="311" WIDTH="206" HEIGHT="39" WC="0.93" CONTENT="deltagande"/><SP WIDTH="27" VPOS="311" HPOS="1612"/>
							<String ID="string_23" HPOS="1639" VPOS="312" WIDTH="119" HEIGHT="38" WC="0.89" CONTENT="fastig-"/>
						</TextLine>
						<TextLine ID="line_3" HPOS="257" VPOS="355" WIDTH="1500" HEIGHT="46">
							<String ID="string_24" HPOS="257" VPOS="356" WIDTH="78" HEIGHT="29" WC="0.96" CONTENT="hets"/><SP WIDTH="21" VPOS="356" HPOS="335"/>
							<String ID="string_25" HPOS="356" VPOS="355" WIDTH="93" HEIGHT="31" WC="0.96" CONTENT="areal"/><SP WIDTH="22" VPOS="355" HPOS="449"/>
							<String ID="string_26" HPOS="471" VPOS="357" WIDTH="87" HEIGHT="29" WC="0.95" CONTENT="skall"/><SP WIDTH="25" VPOS="357" HPOS="558"/>
							<String ID="string_27" HPOS="583" VPOS="357" WIDTH="144" HEIGHT="30" WC="0.93" CONTENT="beaktas"/><SP WIDTH="20" VPOS="357" HPOS="727"/>
							<String ID="string_28" HPOS="747" VPOS="376" WIDTH="44" HEIGHT="3" WC="0.90" CONTENT="—"/><SP WIDTH="20" VPOS="376" HPOS="791"/>
							<String ID="string_29" HPOS="811" VPOS="358" WIDTH="12" HEIGHT="29" WC="0.96" CONTENT="i"/><SP WIDTH="22" VPOS="358" HPOS="823"/>
							<String ID="string_30" HPOS="845" VPOS="359" WIDTH="158" HEIGHT="30" WC="0.96" CONTENT="normala"/><SP WIDTH="24" VPOS="359" HPOS="1003"/>
							<String ID="string_31" HPOS="1027" VPOS="359" WIDTH="62" HEIGHT="30" WC="0.96" CONTENT="fall"/><SP WIDTH="22" VPOS="359" HPOS="1089"/>
							<String ID="string_32" HPOS="1111" VPOS="360" WIDTH="88" HEIGHT="30" WC="0.96" CONTENT="efter"/><SP WIDTH="21" VPOS="360" HPOS="1199"/>
							<String ID="string_33" HPOS="1220" VPOS="360" WIDTH="40" HEIGHT="30" WC="0.96" CONTENT="40"/><SP WIDTH="24" VPOS="360" HPOS="1260"/>
							<String ID="string_34" HPOS="1284" VPOS="364" WIDTH="145" HEIGHT="36" WC="0.96" CONTENT="procent"/><SP WIDTH="22" VPOS="364" HPOS="1429"/>
							<String ID="string_35" HPOS="1451" VPOS="371" WIDTH="42" HEIGHT="20" WC="0.93" CONTENT="av"/><SP WIDTH="20" VPOS="371" HPOS="1493"/>
							<String ID="string_36" HPOS="1513" VPOS="362" WIDTH="244" HEIGHT="39" WC="0.91" CONTENT="anläggnings-"/>
						</TextLine>
						<TextLine ID="line_4" HPOS="256" VPOS="407" WIDTH="1500" HEIGHT="44">
							<String ID="string_37" HPOS="256" VPOS="407" WIDTH="197" HEIGHT="30" WC="0.96" CONTENT="kostnaden"/><SP WIDTH="21" VPOS="407" HPOS="453"/>
							<String ID="string_38" HPOS="474" VPOS="408" WIDTH="63" HEIGHT="29" WC="0.96" CONTENT="och"/><SP WIDTH="20" VPOS="408" HPOS="537"/>
							<String ID="string_39" HPOS="557" VPOS="408" WIDTH="9" HEIGHT="28" WC="0.82" CONTENT="i"/><SP WIDTH="23" VPOS="408" HPOS="566"/>
							<String ID="string_40" HPOS="589" VPOS="409" WIDTH="171" HEIGHT="29" WC="0.96" CONTENT="särskilda"/><SP WIDTH="22" VPOS="409" HPOS="760"/>
							<String ID="string_41" HPOS="782" VPOS="409" WIDTH="62" HEIGHT="29" WC="0.95" CONTENT="fall"/><SP WIDTH="21" VPOS="409" HPOS="844"/>
							<String ID="string_42" HPOS="865" VPOS="409" WIDTH="89" HEIGHT="32" WC="0.96" CONTENT="efter"/><SP WIDTH="20" VPOS="409" HPOS="954"/>
							<String ID="string_43" HPOS="974" VPOS="410" WIDTH="104" HEIGHT="39" WC="0.96" CONTENT="högre"/><SP WIDTH="21" VPOS="410" HPOS="1078"/>
							<String ID="string_44" HPOS="1099" VPOS="413" WIDTH="142" HEIGHT="37" WC="0.96" CONTENT="procent"/><SP WIDTH="21" VPOS="413" HPOS="1241"/>
							<String ID="string_45" HPOS="1262" VPOS="414" WIDTH="87" HEIGHT="27" WC="0.96" CONTENT="utan"/><SP WIDTH="21" VPOS="414" HPOS="1349"/>
							<String ID="string_46" HPOS="1370" VPOS="412" WIDTH="145" HEIGHT="39" WC="0.96" CONTENT="angiven"/><SP WIDTH="25" VPOS="412" HPOS="1515"/>
							<String ID="string_47" HPOS="1540" VPOS="413" WIDTH="81" HEIGHT="29" WC="0.96" CONTENT="övre"/><SP WIDTH="23" VPOS="413" HPOS="1621"/>
							<String ID="string_48" HPOS="1644" VPOS="414" WIDTH="112" HEIGHT="37" WC="0.96" CONTENT="gräns."/>
						</TextLine>
					</TextBlock>
					<TextBlock ID="block_2" HPOS="255" VPOS="457" WIDTH="1506" HEIGHT="195">
						<TextLine ID="line_5" HPOS="300" VPOS="457" WIDTH="1460" HEIGHT="45">
							<String ID="string_49" HPOS="300" VPOS="457" WIDTH="14" HEIGHT="29" WC="0.96" CONTENT="I"/><SP WIDTH="24" VPOS="457" HPOS="314"/>
							<String ID="string_50" HPOS="338" VPOS="457" WIDTH="236" HEIGHT="31" WC="0.93" CONTENT="betänkandet"/><SP WIDTH="24" VPOS="457" HPOS="574"/>
							<String ID="string_51" HPOS="598" VPOS="457" WIDTH="203" HEIGHT="32" WC="0.90" CONTENT="framhålles"/><SP WIDTH="24" VPOS="457" HPOS="801"/>
							<String ID="string_52" HPOS="825" VPOS="460" WIDTH="129" HEIGHT="35" WC="0.96" CONTENT="vidare,"/><SP WIDTH="24" VPOS="460" HPOS="954"/>
							<String ID="string_53" HPOS="978" VPOS="462" WIDTH="49" HEIGHT="29" WC="0.96" CONTENT="att"/><SP WIDTH="24" VPOS="462" HPOS="1027"/>
							<String ID="string_54" HPOS="1051" VPOS="461" WIDTH="68" HEIGHT="30" WC="0.96" CONTENT="den"/><SP WIDTH="24" VPOS="461" HPOS="1119"/>
							<String ID="string_55" HPOS="1143" VPOS="461" WIDTH="198" HEIGHT="39" WC="0.96" CONTENT="föreslagna"/><SP WIDTH="24" VPOS="461" HPOS="1341"/>
							<String ID="string_56" HPOS="1365" VPOS="463" WIDTH="157" HEIGHT="29" WC="0.93" CONTENT="normala"/><SP WIDTH="24" VPOS="463" HPOS="1522"/>
							<String ID="string_57" HPOS="1546" VPOS="465" WIDTH="214" HEIGHT="37" WC="0.91" CONTENT="procentsat-"/>
						</TextLine>
						<TextLine ID="line_6" HPOS="255" VPOS="506" WIDTH="1506" HEIGHT="45">
							<String ID="string_58" HPOS="255" VPOS="515" WIDTH="73" HEIGHT="26" WC="0.94" CONTENT="sen,"/><SP WIDTH="25" VPOS="515" HPOS="328"/>
							<String ID="string_59" HPOS="353" VPOS="506" WIDTH="43" HEIGHT="31" WC="0.96" CONTENT="40"/><SP WIDTH="23" VPOS="506" HPOS="396"/>
							<String ID="string_60" HPOS="419" VPOS="510" WIDTH="152" HEIGHT="37" WC="0.96" CONTENT="procent,"/><SP WIDTH="26" VPOS="510" HPOS="571"/>
							<String ID="string_61" HPOS="597" VPOS="508" WIDTH="56" HEIGHT="30" WC="0.96" CONTENT="för"/><SP WIDTH="22" VPOS="508" HPOS="653"/>
							<String ID="string_62" HPOS="675" VPOS="509" WIDTH="120" HEIGHT="40" WC="0.96" CONTENT="bidrag"/><SP WIDTH="23" VPOS="509" HPOS="795"/>
							<String ID="string_63" HPOS="818" VPOS="510" WIDTH="54" HEIGHT="30" WC="0.93" CONTENT="till"/><SP WIDTH="24" VPOS="510" HPOS="872"/>
							<String ID="string_64" HPOS="896" VPOS="511" WIDTH="391" HEIGHT="40" WC="0.92" CONTENT="torrläggningsföretag"/><SP WIDTH="24" VPOS="511" HPOS="1287"/>
							<String ID="string_65" HPOS="1311" VPOS="512" WIDTH="63" HEIGHT="30" WC="0.96" CONTENT="bör"/><SP WIDTH="25" VPOS="512" HPOS="1374"/>
							<String ID="string_66" HPOS="1399" VPOS="512" WIDTH="36" HEIGHT="30" WC="0.96" CONTENT="få"/><SP WIDTH="23" VPOS="512" HPOS="1435"/>
							<String ID="string_67" HPOS="1458" VPOS="513" WIDTH="222" HEIGHT="30" WC="0.92" CONTENT="överskridas"/><SP WIDTH="24" VPOS="513" HPOS="1680"/>
							<String ID="string_68" HPOS="1704" VPOS="523" WIDTH="57" HEIGHT="20" WC="0.88" CONTENT="en-"/>
						</TextLine>
						<TextLine ID="line_7" HPOS="255" VPOS="556" WIDTH="1505" HEIGHT="45">
							<String ID="string_69" HPOS="255" VPOS="556" WIDTH="80" HEIGHT="31" WC="0.92" CONTENT="dast"/><SP WIDTH="21" VPOS="556" HPOS="335"/>
							<String ID="string_70" HPOS="356" VPOS="557" WIDTH="45" HEIGHT="30" WC="0.96" CONTENT="då"/><SP WIDTH="20" VPOS="557" HPOS="401"/>
							<String ID="string_71" HPOS="421" VPOS="559" WIDTH="220" HEIGHT="39" WC="0.96" CONTENT="synnerligen"/><SP WIDTH="23" VPOS="559" HPOS="641"/>
							<String ID="string_72" HPOS="664" VPOS="559" WIDTH="119" HEIGHT="30" WC="0.96" CONTENT="starka"/><SP WIDTH="20" VPOS="559" HPOS="783"/>
							<String ID="string_73" HPOS="803" VPOS="560" WIDTH="78" HEIGHT="30" WC="0.95" CONTENT="skäl"/><SP WIDTH="20" VPOS="560" HPOS="881"/>
							<String ID="string_74" HPOS="901" VPOS="560" WIDTH="176" HEIGHT="40" WC="0.96" CONTENT="föreligga."/><SP WIDTH="22" VPOS="560" HPOS="1077"/>
							<String ID="string_75" HPOS="1099" VPOS="562" WIDTH="103" HEIGHT="29" WC="0.96" CONTENT="Detta"/><SP WIDTH="19" VPOS="562" HPOS="1202"/>
							<String ID="string_76" HPOS="1221" VPOS="562" WIDTH="61" HEIGHT="30" WC="0.96" CONTENT="bör"/><SP WIDTH="22" VPOS="562" HPOS="1282"/>
							<String ID="string_77" HPOS="1304" VPOS="563" WIDTH="91" HEIGHT="38" WC="0.96" CONTENT="gälla"/><SP WIDTH="21" VPOS="563" HPOS="1395"/>
							<String ID="string_78" HPOS="1416" VPOS="565" WIDTH="132" HEIGHT="28" WC="0.96" CONTENT="oavsett"/><SP WIDTH="20" VPOS="565" HPOS="1548"/>
							<String ID="string_79" HPOS="1568" VPOS="572" WIDTH="58" HEIGHT="20" WC="0.92" CONTENT="om"/><SP WIDTH="21" VPOS="572" HPOS="1626"/>
							<String ID="string_80" HPOS="1647" VPOS="564" WIDTH="113" HEIGHT="29" WC="0.91" CONTENT="bidra-"/>
						</TextLine>
						<TextLine ID="line_8" HPOS="256" VPOS="607" WIDTH="1222" HEIGHT="45">
							<String ID="string_81" HPOS="256" VPOS="609" WIDTH="55" HEIGHT="35" WC="0.96" CONTENT="get"/><SP WIDTH="21" VPOS="609" HPOS="311"/>
							<String ID="string_82" HPOS="332" VPOS="607" WIDTH="103" HEIGHT="40" WC="0.96" CONTENT="utgår"/><SP WIDTH="21" VPOS="607" HPOS="435"/>
							<String ID="string_83" HPOS="456" VPOS="617" WIDTH="41" HEIGHT="21" WC="0.93" CONTENT="ur"/><SP WIDTH="21" VPOS="617" HPOS="497"/>
							<String ID="string_84" HPOS="518" VPOS="609" WIDTH="368" HEIGHT="40" WC="0.89" CONTENT="avdikningsanslaget"/><SP WIDTH="21" VPOS="609" HPOS="886"/>
							<String ID="string_85" HPOS="907" VPOS="611" WIDTH="83" HEIGHT="29" WC="0.91" CONTENT="eller"/><SP WIDTH="20" VPOS="611" HPOS="990"/>
							<String ID="string_86" HPOS="1010" VPOS="611" WIDTH="468" HEIGHT="41" WC="0.91" CONTENT="rationaliseringsanslaget."/>
						</TextLine>
					</TextBlock>
					<TextBlock ID="block_3" HPOS="254" VPOS="657" WIDTH="1506" HEIGHT="290">
						<TextLine ID="line_9" HPOS="300" VPOS="657" WIDTH="1460" HEIGHT="46">
							<String ID="string_87" HPOS="300" VPOS="657" WIDTH="237" HEIGHT="40" WC="0.95" CONTENT="Utredningen"/><SP WIDTH="21" VPOS="657" HPOS="537"/>
							<String ID="string_88" HPOS="558" VPOS="658" WIDTH="148" HEIGHT="31" WC="0.95" CONTENT="föreslår"/><SP WIDTH="18" VPOS="658" HPOS="706"/>
							<String ID="string_89" HPOS="724" VPOS="660" WIDTH="12" HEIGHT="29" WC="0.96" CONTENT="i"/><SP WIDTH="20" VPOS="660" HPOS="736"/>
							<String ID="string_90" HPOS="756" VPOS="660" WIDTH="203" HEIGHT="40" WC="0.96" CONTENT="anslutning"/><SP WIDTH="19" VPOS="660" HPOS="959"/>
							<String ID="string_91" HPOS="978" VPOS="661" WIDTH="52" HEIGHT="30" WC="0.96" CONTENT="till"/><SP WIDTH="19" VPOS="661" HPOS="1030"/>
							<String ID="string_92" HPOS="1049" VPOS="662" WIDTH="59" HEIGHT="29" WC="0.96" CONTENT="det"/><SP WIDTH="20" VPOS="662" HPOS="1108"/>
							<String ID="string_93" HPOS="1128" VPOS="662" WIDTH="157" HEIGHT="35" WC="0.96" CONTENT="anförda,"/><SP WIDTH="22" VPOS="662" HPOS="1285"/>
							<String ID="string_94" HPOS="1307" VPOS="664" WIDTH="52" HEIGHT="28" WC="0.96" CONTENT="att"/><SP WIDTH="19" VPOS="664" HPOS="1359"/>
							<String ID="string_95" HPOS="1378" VPOS="663" WIDTH="105" HEIGHT="39" WC="0.96" CONTENT="högre"/><SP WIDTH="20" VPOS="663" HPOS="1483"/>
							<String ID="string_96" HPOS="1503" VPOS="663" WIDTH="123" HEIGHT="40" WC="0.96" CONTENT="bidrag"/><SP WIDTH="21" VPOS="663" HPOS="1626"/>
							<String ID="string_97" HPOS="1647" VPOS="673" WIDTH="41" HEIGHT="21" WC="0.93" CONTENT="ur"/><SP WIDTH="19" VPOS="673" HPOS="1688"/>
							<String ID="string_98" HPOS="1707" VPOS="674" WIDTH="53" HEIGHT="20" WC="0.92" CONTENT="ra-"/>
						</TextLine>
						<TextLine ID="line_10" HPOS="255" VPOS="706" WIDTH="1505" HEIGHT="42">
							<String ID="string_99" HPOS="255" VPOS="706" WIDTH="420" HEIGHT="42" WC="0.92" CONTENT="tionaliseringsanslaget"/><SP WIDTH="22" VPOS="706" HPOS="675"/>
							<String ID="string_100" HPOS="697" VPOS="710" WIDTH="45" HEIGHT="29" WC="0.96" CONTENT="än"/><SP WIDTH="22" VPOS="710" HPOS="742"/>
							<String ID="string_101" HPOS="764" VPOS="710" WIDTH="58" HEIGHT="30" WC="0.96" CONTENT="det"/><SP WIDTH="22" VPOS="710" HPOS="822"/>
							<String ID="string_102" HPOS="844" VPOS="711" WIDTH="158" HEIGHT="30" WC="0.96" CONTENT="normala"/><SP WIDTH="21" VPOS="711" HPOS="1002"/>
							<String ID="string_103" HPOS="1023" VPOS="711" WIDTH="78" HEIGHT="30" WC="0.96" CONTENT="icke"/><SP WIDTH="24" VPOS="711" HPOS="1101"/>
							<String ID="string_104" HPOS="1125" VPOS="712" WIDTH="88" HEIGHT="30" WC="0.96" CONTENT="skall"/><SP WIDTH="24" VPOS="712" HPOS="1213"/>
							<String ID="string_105" HPOS="1237" VPOS="712" WIDTH="35" HEIGHT="30" WC="0.96" CONTENT="få"/><SP WIDTH="23" VPOS="712" HPOS="1272"/>
							<String ID="string_106" HPOS="1295" VPOS="712" WIDTH="177" HEIGHT="31" WC="0.96" CONTENT="utlämnas"/><SP WIDTH="24" VPOS="712" HPOS="1472"/>
							<String ID="string_107" HPOS="1496" VPOS="723" WIDTH="42" HEIGHT="21" WC="0.93" CONTENT="av"/><SP WIDTH="22" VPOS="723" HPOS="1538"/>
							<String ID="string_108" HPOS="1560" VPOS="714" WIDTH="200" HEIGHT="30" WC="0.92" CONTENT="lantbruks-"/>
						</TextLine>
						<TextLine ID="line_11" HPOS="257" VPOS="758" WIDTH="1502" HEIGHT="45">
							<String ID="string_109" HPOS="257" VPOS="758" WIDTH="133" HEIGHT="30" WC="0.96" CONTENT="nämnd"/><SP WIDTH="27" VPOS="758" HPOS="390"/>
							<String ID="string_110" HPOS="417" VPOS="759" WIDTH="84" HEIGHT="29" WC="0.95" CONTENT="utan"/><SP WIDTH="28" VPOS="759" HPOS="501"/>
							<String ID="string_111" HPOS="529" VPOS="761" WIDTH="51" HEIGHT="27" WC="0.96" CONTENT="att"/><SP WIDTH="29" VPOS="761" HPOS="580"/>
							<String ID="string_112" HPOS="609" VPOS="760" WIDTH="142" HEIGHT="30" WC="0.96" CONTENT="ärendet"/><SP WIDTH="29" VPOS="760" HPOS="751"/>
							<String ID="string_113" HPOS="780" VPOS="759" WIDTH="90" HEIGHT="31" WC="0.93" CONTENT="först"/><SP WIDTH="27" VPOS="759" HPOS="870"/>
							<String ID="string_114" HPOS="897" VPOS="761" WIDTH="226" HEIGHT="30" WC="0.91" CONTENT="underställts"/><SP WIDTH="30" VPOS="761" HPOS="1123"/>
							<String ID="string_115" HPOS="1153" VPOS="762" WIDTH="366" HEIGHT="40" WC="0.91" CONTENT="lantbruksstyrelsen."/><SP WIDTH="30" VPOS="762" HPOS="1519"/>
							<String ID="string_116" HPOS="1549" VPOS="764" WIDTH="210" HEIGHT="39" WC="0.96" CONTENT="Därigenom"/>
						</TextLine>
						<TextLine ID="line_12" HPOS="256" VPOS="807" WIDTH="1503" HEIGHT="47">
							<String ID="string_117" HPOS="256" VPOS="807" WIDTH="114" HEIGHT="31" WC="0.96" CONTENT="skulle"/><SP WIDTH="22" VPOS="807" HPOS="370"/>
							<String ID="string_118" HPOS="392" VPOS="817" WIDTH="82" HEIGHT="21" WC="0.96" CONTENT="man"/><SP WIDTH="22" VPOS="817" HPOS="474"/>
							<String ID="string_119" HPOS="496" VPOS="808" WIDTH="121" HEIGHT="31" WC="0.95" CONTENT="kunna"/><SP WIDTH="24" VPOS="808" HPOS="617"/>
							<String ID="string_120" HPOS="641" VPOS="809" WIDTH="36" HEIGHT="30" WC="0.95" CONTENT="få"/><SP WIDTH="22" VPOS="809" HPOS="677"/>
							<String ID="string_121" HPOS="699" VPOS="819" WIDTH="42" HEIGHT="21" WC="0.91" CONTENT="en"/><SP WIDTH="23" VPOS="819" HPOS="741"/>
							<String ID="string_122" HPOS="764" VPOS="810" WIDTH="180" HEIGHT="41" WC="0.91" CONTENT="likformig"/><SP WIDTH="20" VPOS="810" HPOS="944"/>
							<String ID="string_123" HPOS="964" VPOS="811" WIDTH="213" HEIGHT="40" WC="0.96" CONTENT="behandling"/><SP WIDTH="22" VPOS="811" HPOS="1177"/>
							<String ID="string_124" HPOS="1199" VPOS="822" WIDTH="42" HEIGHT="20" WC="0.96" CONTENT="av"/><SP WIDTH="22" VPOS="822" HPOS="1241"/>
							<String ID="string_125" HPOS="1263" VPOS="813" WIDTH="41" HEIGHT="29" WC="0.96" CONTENT="de"/><SP WIDTH="24" VPOS="813" HPOS="1304"/>
							<String ID="string_126" HPOS="1328" VPOS="813" WIDTH="73" HEIGHT="35" WC="0.96" CONTENT="fall,"/><SP WIDTH="24" VPOS="813" HPOS="1401"/>
							<String ID="string_127" HPOS="1425" VPOS="814" WIDTH="62" HEIGHT="30" WC="0.96" CONTENT="där"/><SP WIDTH="22" VPOS="814" HPOS="1487"/>
							<String ID="string_128" HPOS="1509" VPOS="815" WIDTH="108" HEIGHT="38" WC="0.96" CONTENT="högre"/><SP WIDTH="22" VPOS="815" HPOS="1617"/>
							<String ID="string_129" HPOS="1639" VPOS="815" WIDTH="120" HEIGHT="39" WC="0.96" CONTENT="bidrag"/>
						</TextLine>
						<TextLine ID="line_13" HPOS="255" VPOS="857" WIDTH="1504" HEIGHT="47">
							<String ID="string_130" HPOS="255" VPOS="857" WIDTH="158" HEIGHT="40" WC="0.96" CONTENT="beviljas,"/><SP WIDTH="20" VPOS="857" HPOS="413"/>
							<String ID="string_131" HPOS="433" VPOS="859" WIDTH="66" HEIGHT="29" WC="0.96" CONTENT="och"/><SP WIDTH="21" VPOS="859" HPOS="499"/>
							<String ID="string_132" HPOS="520" VPOS="859" WIDTH="111" HEIGHT="40" WC="0.96" CONTENT="skapa"/><SP WIDTH="22" VPOS="859" HPOS="631"/>
							<String ID="string_133" HPOS="653" VPOS="861" WIDTH="134" HEIGHT="37" WC="0.96" CONTENT="garanti"/><SP WIDTH="22" VPOS="861" HPOS="787"/>
							<String ID="string_134" HPOS="809" VPOS="860" WIDTH="56" HEIGHT="31" WC="0.96" CONTENT="för"/><SP WIDTH="22" VPOS="860" HPOS="865"/>
							<String ID="string_135" HPOS="887" VPOS="862" WIDTH="50" HEIGHT="29" WC="0.93" CONTENT="att"/><SP WIDTH="20" VPOS="862" HPOS="937"/>
							<String ID="string_136" HPOS="957" VPOS="861" WIDTH="283" HEIGHT="41" WC="0.92" CONTENT="bidragsgivning"/><SP WIDTH="21" VPOS="861" HPOS="1240"/>
							<String ID="string_137" HPOS="1261" VPOS="864" WIDTH="122" HEIGHT="29" WC="0.96" CONTENT="utöver"/><SP WIDTH="22" VPOS="864" HPOS="1383"/>
							<String ID="string_138" HPOS="1405" VPOS="863" WIDTH="41" HEIGHT="30" WC="0.96" CONTENT="40"/><SP WIDTH="22" VPOS="863" HPOS="1446"/>
							<String ID="string_139" HPOS="1468" VPOS="866" WIDTH="144" HEIGHT="38" WC="0.92" CONTENT="procent"/><SP WIDTH="21" VPOS="866" HPOS="1612"/>
							<String ID="string_140" HPOS="1633" VPOS="865" WIDTH="126" HEIGHT="30" WC="0.91" CONTENT="tilläm-"/>
						</TextLine>
						<TextLine ID="line_14" HPOS="254" VPOS="908" WIDTH="575" HEIGHT="39">
							<String ID="string_141" HPOS="254" VPOS="916" WIDTH="63" HEIGHT="31" WC="0.96" CONTENT="pas"/><SP WIDTH="21" VPOS="916" HPOS="317"/>
							<String ID="string_142" HPOS="338" VPOS="909" WIDTH="81" HEIGHT="30" WC="0.96" CONTENT="med"/><SP WIDTH="20" VPOS="909" HPOS="419"/>
							<String ID="string_143" HPOS="439" VPOS="910" WIDTH="72" HEIGHT="29" WC="0.96" CONTENT="stor"/><SP WIDTH="21" VPOS="910" HPOS="511"/>
							<String ID="string_144" HPOS="532" VPOS="908" WIDTH="297" HEIGHT="32" WC="0.95" CONTENT="återhållsamhet."/>
						</TextLine>
					</TextBlock>
					<TextBlock ID="block_4" HPOS="254" VPOS="957" WIDTH="1505" HEIGHT="142">
						<TextLine ID="line_15" HPOS="297" VPOS="957" WIDTH="1461" HEIGHT="45">
							<String ID="string_145" HPOS="297" VPOS="957" WIDTH="220" HEIGHT="30" WC="0.87" CONTENT="Yttrandena."/><SP WIDTH="22" VPOS="957" HPOS="517"/>
							<String ID="string_146" HPOS="539" VPOS="958" WIDTH="189" HEIGHT="40" WC="0.96" CONTENT="Förslaget,"/><SP WIDTH="22" VPOS="958" HPOS="728"/>
							<String ID="string_147" HPOS="750" VPOS="961" WIDTH="51" HEIGHT="28" WC="0.96" CONTENT="att"/><SP WIDTH="20" VPOS="961" HPOS="801"/>
							<String ID="string_148" HPOS="821" VPOS="960" WIDTH="123" HEIGHT="40" WC="0.96" CONTENT="bidrag"/><SP WIDTH="20" VPOS="960" HPOS="944"/>
							<String ID="string_149" HPOS="964" VPOS="961" WIDTH="51" HEIGHT="29" WC="0.93" CONTENT="till"/><SP WIDTH="21" VPOS="961" HPOS="1015"/>
							<String ID="string_150" HPOS="1036" VPOS="961" WIDTH="396" HEIGHT="41" WC="0.91" CONTENT="torrläggningsföretag"/><SP WIDTH="20" VPOS="961" HPOS="1432"/>
							<String ID="string_151" HPOS="1452" VPOS="964" WIDTH="89" HEIGHT="29" WC="0.96" CONTENT="skall"/><SP WIDTH="22" VPOS="964" HPOS="1541"/>
							<String ID="string_152" HPOS="1563" VPOS="965" WIDTH="122" HEIGHT="29" WC="0.92" CONTENT="kunna"/><SP WIDTH="22" VPOS="965" HPOS="1685"/>
							<String ID="string_153" HPOS="1707" VPOS="966" WIDTH="51" HEIGHT="28" WC="0.92" CONTENT="ut-"/>
						</TextLine>
						<TextLine ID="line_16" HPOS="254" VPOS="1008" WIDTH="1505" HEIGHT="45">
							<String ID="string_154" HPOS="254" VPOS="1008" WIDTH="42" HEIGHT="38" WC="0.93" CONTENT="gå"/><SP WIDTH="22" VPOS="1008" HPOS="296"/>
							<String ID="string_155" HPOS="318" VPOS="1018" WIDTH="44" HEIGHT="21" WC="0.93" CONTENT="ur"/><SP WIDTH="21" VPOS="1018" HPOS="362"/>
							<String ID="string_156" HPOS="383" VPOS="1009" WIDTH="457" HEIGHT="41" WC="0.90" CONTENT="rationaliseringsanslaget"/><SP WIDTH="22" VPOS="1009" HPOS="840"/>
							<String ID="string_157" HPOS="862" VPOS="1013" WIDTH="86" HEIGHT="29" WC="0.93" CONTENT="utan"/><SP WIDTH="21" VPOS="1013" HPOS="948"/>
							<String ID="string_158" HPOS="969" VPOS="1012" WIDTH="310" HEIGHT="40" WC="0.91" CONTENT="behovsprövning,"/><SP WIDTH="23" VPOS="1012" HPOS="1279"/>
							<String ID="string_159" HPOS="1302" VPOS="1014" WIDTH="193" HEIGHT="39" WC="0.96" CONTENT="tillstyrkes"/><SP WIDTH="24" VPOS="1014" HPOS="1495"/>
							<String ID="string_160" HPOS="1519" VPOS="1015" WIDTH="82" HEIGHT="30" WC="0.96" CONTENT="eller"/><SP WIDTH="22" VPOS="1015" HPOS="1601"/>
							<String ID="string_161" HPOS="1623" VPOS="1016" WIDTH="136" HEIGHT="29" WC="0.96" CONTENT="lämnas"/>
						</TextLine>
						<TextLine ID="line_17" HPOS="254" VPOS="1059" WIDTH="687" HEIGHT="40">
							<String ID="string_162" HPOS="254" VPOS="1060" WIDTH="86" HEIGHT="28" WC="0.96" CONTENT="utan"/><SP WIDTH="26" VPOS="1060" HPOS="340"/>
							<String ID="string_163" HPOS="366" VPOS="1059" WIDTH="139" HEIGHT="30" WC="0.95" CONTENT="erinran"/><SP WIDTH="28" VPOS="1059" HPOS="505"/>
							<String ID="string_164" HPOS="533" VPOS="1060" WIDTH="8" HEIGHT="28" WC="0.95" CONTENT="i"/><SP WIDTH="26" VPOS="1060" HPOS="541"/>
							<String ID="string_165" HPOS="567" VPOS="1059" WIDTH="152" HEIGHT="30" WC="0.96" CONTENT="flertalet"/><SP WIDTH="23" VPOS="1059" HPOS="719"/>
							<String ID="string_166" HPOS="742" VPOS="1062" WIDTH="199" HEIGHT="37" WC="0.62" CONTENT="yttranden."/>
						</TextLine>
					</TextBlock>
					<TextBlock ID="block_5" HPOS="251" VPOS="1109" WIDTH="1505" HEIGHT="193">
						<TextLine ID="line_18" HPOS="299" VPOS="1109" WIDTH="1456" HEIGHT="45">
							<String ID="string_167" HPOS="299" VPOS="1109" WIDTH="12" HEIGHT="29" WC="0.95" CONTENT="I"/><SP WIDTH="25" VPOS="1109" HPOS="311"/>
							<String ID="string_168" HPOS="336" VPOS="1109" WIDTH="38" HEIGHT="30" WC="0.96" CONTENT="så"/><SP WIDTH="22" VPOS="1109" HPOS="374"/>
							<String ID="string_169" HPOS="396" VPOS="1111" WIDTH="71" HEIGHT="37" WC="0.96" CONTENT="gott"/><SP WIDTH="24" VPOS="1111" HPOS="467"/>
							<String ID="string_170" HPOS="491" VPOS="1119" WIDTH="73" HEIGHT="20" WC="0.96" CONTENT="som"/><SP WIDTH="24" VPOS="1119" HPOS="564"/>
							<String ID="string_171" HPOS="588" VPOS="1111" WIDTH="159" HEIGHT="38" WC="0.95" CONTENT="samtliga"/><SP WIDTH="22" VPOS="1111" HPOS="747"/>
							<String ID="string_172" HPOS="769" VPOS="1121" WIDTH="43" HEIGHT="20" WC="0.93" CONTENT="av"/><SP WIDTH="20" VPOS="1121" HPOS="812"/>
							<String ID="string_173" HPOS="832" VPOS="1113" WIDTH="209" HEIGHT="37" WC="0.77" CONTENT="yttrandena"/><SP WIDTH="24" VPOS="1113" HPOS="1041"/>
							<String ID="string_174" HPOS="1065" VPOS="1113" WIDTH="192" HEIGHT="39" WC="0.95" CONTENT="tillstyrkes"/><SP WIDTH="21" VPOS="1113" HPOS="1257"/>
							<String ID="string_175" HPOS="1278" VPOS="1114" WIDTH="134" HEIGHT="39" WC="0.96" CONTENT="jämväl"/><SP WIDTH="23" VPOS="1114" HPOS="1412"/>
							<String ID="string_176" HPOS="1435" VPOS="1115" WIDTH="165" HEIGHT="39" WC="0.95" CONTENT="förslaget"/><SP WIDTH="24" VPOS="1115" HPOS="1600"/>
							<String ID="string_177" HPOS="1624" VPOS="1125" WIDTH="56" HEIGHT="20" WC="0.96" CONTENT="om"/><SP WIDTH="25" VPOS="1125" HPOS="1680"/>
							<String ID="string_178" HPOS="1705" VPOS="1118" WIDTH="50" HEIGHT="28" WC="0.83" CONTENT="att"/>
						</TextLine>
						<TextLine ID="line_19" HPOS="254" VPOS="1158" WIDTH="1502" HEIGHT="47">
							<String ID="string_179" HPOS="254" VPOS="1158" WIDTH="124" HEIGHT="40" WC="0.96" CONTENT="bidrag"/><SP WIDTH="22" VPOS="1158" HPOS="378"/>
							<String ID="string_180" HPOS="400" VPOS="1160" WIDTH="87" HEIGHT="30" WC="0.96" CONTENT="skall"/><SP WIDTH="25" VPOS="1160" HPOS="487"/>
							<String ID="string_181" HPOS="512" VPOS="1160" WIDTH="83" HEIGHT="38" WC="0.96" CONTENT="utgå"/><SP WIDTH="22" VPOS="1160" HPOS="595"/>
							<String ID="string_182" HPOS="617" VPOS="1162" WIDTH="78" HEIGHT="28" WC="0.96" CONTENT="med"/><SP WIDTH="21" VPOS="1162" HPOS="695"/>
							<String ID="string_183" HPOS="716" VPOS="1170" WIDTH="139" HEIGHT="22" WC="0.95" CONTENT="samma"/><SP WIDTH="23" VPOS="1170" HPOS="855"/>
							<String ID="string_184" HPOS="878" VPOS="1162" WIDTH="124" HEIGHT="40" WC="0.95" CONTENT="belopp"/><SP WIDTH="24" VPOS="1162" HPOS="1002"/>
							<String ID="string_185" HPOS="1026" VPOS="1163" WIDTH="192" HEIGHT="30" WC="0.96" CONTENT="oberoende"/><SP WIDTH="23" VPOS="1163" HPOS="1218"/>
							<String ID="string_186" HPOS="1241" VPOS="1174" WIDTH="43" HEIGHT="20" WC="0.96" CONTENT="av"/><SP WIDTH="22" VPOS="1174" HPOS="1284"/>
							<String ID="string_187" HPOS="1306" VPOS="1174" WIDTH="58" HEIGHT="20" WC="0.96" CONTENT="om"/><SP WIDTH="23" VPOS="1174" HPOS="1364"/>
							<String ID="string_188" HPOS="1387" VPOS="1165" WIDTH="57" HEIGHT="30" WC="0.96" CONTENT="det"/><SP WIDTH="24" VPOS="1165" HPOS="1444"/>
							<String ID="string_189" HPOS="1468" VPOS="1165" WIDTH="148" HEIGHT="40" WC="0.96" CONTENT="beviljas"/><SP WIDTH="23" VPOS="1165" HPOS="1616"/>
							<String ID="string_190" HPOS="1639" VPOS="1176" WIDTH="43" HEIGHT="22" WC="0.93" CONTENT="ur"/><SP WIDTH="21" VPOS="1176" HPOS="1682"/>
							<String ID="string_191" HPOS="1703" VPOS="1177" WIDTH="53" HEIGHT="20" WC="0.92" CONTENT="ra-"/>
						</TextLine>
						<TextLine ID="line_20" HPOS="253" VPOS="1209" WIDTH="1503" HEIGHT="47">
							<String ID="string_192" HPOS="253" VPOS="1209" WIDTH="419" HEIGHT="40" WC="0.82" CONTENT="tionaliseringsanslaget"/><SP WIDTH="38" VPOS="1209" HPOS="672"/>
							<String ID="string_193" HPOS="710" VPOS="1212" WIDTH="82" HEIGHT="29" WC="0.93" CONTENT="eller"/><SP WIDTH="39" VPOS="1212" HPOS="792"/>
							<String ID="string_194" HPOS="831" VPOS="1213" WIDTH="378" HEIGHT="39" WC="0.90" CONTENT="avdikningsanslaget."/><SP WIDTH="42" VPOS="1213" HPOS="1209"/>
							<String ID="string_195" HPOS="1251" VPOS="1215" WIDTH="92" HEIGHT="29" WC="0.94" CONTENT="Även"/><SP WIDTH="45" VPOS="1215" HPOS="1343"/>
							<String ID="string_196" HPOS="1388" VPOS="1216" WIDTH="65" HEIGHT="29" WC="0.96" CONTENT="den"/><SP WIDTH="30" VPOS="1216" HPOS="1453"/>
							<String ID="string_197" HPOS="1483" VPOS="1217" WIDTH="197" HEIGHT="39" WC="0.92" CONTENT="föreslagna"/><SP WIDTH="27" VPOS="1217" HPOS="1680"/>
							<String ID="string_198" HPOS="1707" VPOS="1218" WIDTH="49" HEIGHT="29" WC="0.92" CONTENT="bi-"/>
						</TextLine>
						<TextLine ID="line_21" HPOS="251" VPOS="1260" WIDTH="924" HEIGHT="42">
							<String ID="string_199" HPOS="251" VPOS="1260" WIDTH="294" HEIGHT="39" WC="0.91" CONTENT="dragsprocenten"/><SP WIDTH="29" VPOS="1260" HPOS="545"/>
							<String ID="string_200" HPOS="574" VPOS="1261" WIDTH="163" HEIGHT="38" WC="0.91" CONTENT="godtages"/><SP WIDTH="26" VPOS="1261" HPOS="737"/>
							<String ID="string_201" HPOS="763" VPOS="1263" WIDTH="10" HEIGHT="28" WC="0.96" CONTENT="i"/><SP WIDTH="28" VPOS="1263" HPOS="773"/>
							<String ID="string_202" HPOS="801" VPOS="1263" WIDTH="152" HEIGHT="30" WC="0.96" CONTENT="flertalet"/><SP WIDTH="25" VPOS="1263" HPOS="953"/>
							<String ID="string_203" HPOS="978" VPOS="1265" WIDTH="197" HEIGHT="37" WC="0.96" CONTENT="yttranden."/>
						</TextLine>
					</TextBlock>
				</ComposedBlock>
				<ComposedBlock ID="cblock_2" HPOS="588" VPOS="1378" WIDTH="824" HEIGHT="39">
					<TextBlock ID="block_6" HPOS="588" VPOS="1378" WIDTH="824" HEIGHT="39">
						<TextLine ID="line_22" HPOS="588" VPOS="1378" WIDTH="824" HEIGHT="39">
							<String ID="string_204" HPOS="588" VPOS="1378" WIDTH="34" HEIGHT="29" WC="0.92" CONTENT="C."/><SP WIDTH="35" VPOS="1378" HPOS="622"/>
							<String ID="string_205" HPOS="657" VPOS="1379" WIDTH="99" HEIGHT="29" WC="0.93" CONTENT="Vissa"/><SP WIDTH="21" VPOS="1379" HPOS="756"/>
							<String ID="string_206" HPOS="777" VPOS="1379" WIDTH="245" HEIGHT="36" WC="0.92" CONTENT="förvaltnings-"/><SP WIDTH="22" VPOS="1379" HPOS="1022"/>
							<String ID="string_207" HPOS="1044" VPOS="1381" WIDTH="65" HEIGHT="29" WC="0.91" CONTENT="och"/><SP WIDTH="21" VPOS="1381" HPOS="1109"/>
							<String ID="string_208" HPOS="1130" VPOS="1381" WIDTH="282" HEIGHT="36" WC="0.91" CONTENT="kontrollfrågor."/>
						</TextLine>
					</TextBlock>
				</ComposedBlock>
				<ComposedBlock ID="cblock_3" HPOS="247" VPOS="1452" WIDTH="1511" HEIGHT="1049">
					<TextBlock ID="block_7" HPOS="251" VPOS="1452" WIDTH="1507" HEIGHT="386">
						<TextLine ID="line_23" HPOS="294" VPOS="1452" WIDTH="1464" HEIGHT="45">
							<String ID="string_209" HPOS="294" VPOS="1452" WIDTH="243" HEIGHT="36" WC="0.94" CONTENT="Utredningen."/><SP WIDTH="21" VPOS="1452" HPOS="537"/>
							<String ID="string_210" HPOS="558" VPOS="1453" WIDTH="74" HEIGHT="29" WC="0.96" CONTENT="Den"/><SP WIDTH="21" VPOS="1453" HPOS="632"/>
							<String ID="string_211" HPOS="653" VPOS="1454" WIDTH="8" HEIGHT="28" WC="0.96" CONTENT="i"/><SP WIDTH="22" VPOS="1454" HPOS="661"/>
							<String ID="string_212" HPOS="683" VPOS="1454" WIDTH="231" HEIGHT="30" WC="0.96" CONTENT="betänkandet"/><SP WIDTH="20" VPOS="1454" HPOS="914"/>
							<String ID="string_213" HPOS="934" VPOS="1456" WIDTH="197" HEIGHT="39" WC="0.92" CONTENT="föreslagna"/><SP WIDTH="22" VPOS="1456" HPOS="1131"/>
							<String ID="string_214" HPOS="1153" VPOS="1457" WIDTH="351" HEIGHT="40" WC="0.90" CONTENT="decentraliseringen"/><SP WIDTH="23" VPOS="1457" HPOS="1504"/>
							<String ID="string_215" HPOS="1527" VPOS="1458" WIDTH="155" HEIGHT="35" WC="0.93" CONTENT="innebär,"/><SP WIDTH="24" VPOS="1458" HPOS="1682"/>
							<String ID="string_216" HPOS="1706" VPOS="1460" WIDTH="52" HEIGHT="29" WC="0.92" CONTENT="så-"/>
						</TextLine>
						<TextLine ID="line_24" HPOS="255" VPOS="1503" WIDTH="1501" HEIGHT="47">
							<String ID="string_217" HPOS="255" VPOS="1512" WIDTH="75" HEIGHT="21" WC="0.96" CONTENT="som"/><SP WIDTH="27" VPOS="1512" HPOS="330"/>
							<String ID="string_218" HPOS="357" VPOS="1503" WIDTH="154" HEIGHT="39" WC="0.96" CONTENT="framgår"/><SP WIDTH="29" VPOS="1503" HPOS="511"/>
							<String ID="string_219" HPOS="540" VPOS="1514" WIDTH="42" HEIGHT="20" WC="0.96" CONTENT="av"/><SP WIDTH="27" VPOS="1514" HPOS="582"/>
							<String ID="string_220" HPOS="609" VPOS="1505" WIDTH="56" HEIGHT="29" WC="0.96" CONTENT="det"/><SP WIDTH="28" VPOS="1505" HPOS="665"/>
							<String ID="string_221" HPOS="693" VPOS="1505" WIDTH="93" HEIGHT="30" WC="0.96" CONTENT="förut"/><SP WIDTH="28" VPOS="1505" HPOS="786"/>
							<String ID="string_222" HPOS="814" VPOS="1506" WIDTH="159" HEIGHT="34" WC="0.96" CONTENT="anförda,"/><SP WIDTH="26" VPOS="1506" HPOS="973"/>
							<String ID="string_223" HPOS="999" VPOS="1507" WIDTH="13" HEIGHT="29" WC="0.96" CONTENT="i"/><SP WIDTH="27" VPOS="1507" HPOS="1012"/>
							<String ID="string_224" HPOS="1039" VPOS="1507" WIDTH="112" HEIGHT="30" WC="0.96" CONTENT="första"/><SP WIDTH="27" VPOS="1507" HPOS="1151"/>
							<String ID="string_225" HPOS="1178" VPOS="1508" WIDTH="93" HEIGHT="30" WC="0.96" CONTENT="hand"/><SP WIDTH="30" VPOS="1508" HPOS="1271"/>
							<String ID="string_226" HPOS="1301" VPOS="1510" WIDTH="51" HEIGHT="28" WC="0.96" CONTENT="att"/><SP WIDTH="28" VPOS="1510" HPOS="1352"/>
							<String ID="string_227" HPOS="1380" VPOS="1509" WIDTH="306" HEIGHT="41" WC="0.96" CONTENT="handläggningen"/><SP WIDTH="26" VPOS="1509" HPOS="1686"/>
							<String ID="string_228" HPOS="1712" VPOS="1520" WIDTH="44" HEIGHT="21" WC="0.96" CONTENT="av"/>
						</TextLine>
						<TextLine ID="line_25" HPOS="254" VPOS="1553" WIDTH="1501" HEIGHT="41">
							<String ID="string_229" HPOS="254" VPOS="1553" WIDTH="92" HEIGHT="30" WC="0.93" CONTENT="vissa"/><SP WIDTH="30" VPOS="1553" HPOS="346"/>
							<String ID="string_230" HPOS="376" VPOS="1553" WIDTH="92" HEIGHT="31" WC="0.91" CONTENT="låne-"/><SP WIDTH="28" VPOS="1553" HPOS="468"/>
							<String ID="string_231" HPOS="496" VPOS="1555" WIDTH="64" HEIGHT="29" WC="0.93" CONTENT="och"/><SP WIDTH="30" VPOS="1555" HPOS="560"/>
							<String ID="string_232" HPOS="590" VPOS="1555" WIDTH="296" HEIGHT="39" WC="0.90" CONTENT="bidragsärenden"/><SP WIDTH="32" VPOS="1555" HPOS="886"/>
							<String ID="string_233" HPOS="918" VPOS="1557" WIDTH="176" HEIGHT="30" WC="0.92" CONTENT="överföres"/><SP WIDTH="33" VPOS="1557" HPOS="1094"/>
							<String ID="string_234" HPOS="1127" VPOS="1558" WIDTH="52" HEIGHT="30" WC="0.93" CONTENT="till"/><SP WIDTH="33" VPOS="1558" HPOS="1179"/>
							<String ID="string_235" HPOS="1212" VPOS="1559" WIDTH="417" HEIGHT="32" WC="0.91" CONTENT="lantbruksnämnderna."/><SP WIDTH="41" VPOS="1559" HPOS="1629"/>
							<String ID="string_236" HPOS="1670" VPOS="1561" WIDTH="85" HEIGHT="30" WC="0.85" CONTENT="Där-"/>
						</TextLine>
						<TextLine ID="line_26" HPOS="251" VPOS="1605" WIDTH="1503" HEIGHT="45">
							<String ID="string_237" HPOS="251" VPOS="1605" WIDTH="123" HEIGHT="29" WC="0.96" CONTENT="utöver"/><SP WIDTH="35" VPOS="1605" HPOS="374"/>
							<String ID="string_238" HPOS="409" VPOS="1605" WIDTH="159" HEIGHT="30" WC="0.96" CONTENT="förordar"/><SP WIDTH="39" VPOS="1605" HPOS="568"/>
							<String ID="string_239" HPOS="607" VPOS="1606" WIDTH="232" HEIGHT="40" WC="0.96" CONTENT="utredningen"/><SP WIDTH="37" VPOS="1606" HPOS="839"/>
							<String ID="string_240" HPOS="876" VPOS="1608" WIDTH="191" HEIGHT="30" WC="0.96" CONTENT="emellertid"/><SP WIDTH="36" VPOS="1608" HPOS="1067"/>
							<String ID="string_241" HPOS="1103" VPOS="1609" WIDTH="199" HEIGHT="39" WC="0.96" CONTENT="ytterligare"/><SP WIDTH="38" VPOS="1609" HPOS="1302"/>
							<String ID="string_242" HPOS="1340" VPOS="1611" WIDTH="310" HEIGHT="39" WC="0.96" CONTENT="decentralisering"/><SP WIDTH="24" VPOS="1611" HPOS="1650"/>
							<String ID="string_243" HPOS="1674" VPOS="1612" WIDTH="80" HEIGHT="30" WC="0.97" CONTENT="från"/>
						</TextLine>
						<TextLine ID="line_27" HPOS="253" VPOS="1655" WIDTH="1500" HEIGHT="46">
							<String ID="string_244" HPOS="253" VPOS="1655" WIDTH="171" HEIGHT="38" WC="0.95" CONTENT="styrelsen"/><SP WIDTH="24" VPOS="1655" HPOS="424"/>
							<String ID="string_245" HPOS="448" VPOS="1655" WIDTH="50" HEIGHT="29" WC="0.95" CONTENT="till"/><SP WIDTH="26" VPOS="1655" HPOS="498"/>
							<String ID="string_246" HPOS="524" VPOS="1657" WIDTH="230" HEIGHT="34" WC="0.96" CONTENT="nämnderna,"/><SP WIDTH="25" VPOS="1657" HPOS="754"/>
							<String ID="string_247" HPOS="779" VPOS="1658" WIDTH="176" HEIGHT="39" WC="0.96" CONTENT="nämligen"/><SP WIDTH="25" VPOS="1658" HPOS="955"/>
							<String ID="string_248" HPOS="980" VPOS="1657" WIDTH="72" HEIGHT="31" WC="0.96" CONTENT="dels"/><SP WIDTH="25" VPOS="1657" HPOS="1052"/>
							<String ID="string_249" HPOS="1077" VPOS="1669" WIDTH="44" HEIGHT="20" WC="0.96" CONTENT="av"/><SP WIDTH="22" VPOS="1669" HPOS="1121"/>
							<String ID="string_250" HPOS="1143" VPOS="1660" WIDTH="92" HEIGHT="29" WC="0.93" CONTENT="vissa"/><SP WIDTH="24" VPOS="1660" HPOS="1235"/>
							<String ID="string_251" HPOS="1259" VPOS="1661" WIDTH="181" HEIGHT="29" WC="0.91" CONTENT="kamerala"/><SP WIDTH="24" VPOS="1661" HPOS="1440"/>
							<String ID="string_252" HPOS="1464" VPOS="1662" WIDTH="188" HEIGHT="39" WC="0.96" CONTENT="uppgifter,"/><SP WIDTH="29" VPOS="1662" HPOS="1652"/>
							<String ID="string_253" HPOS="1681" VPOS="1663" WIDTH="72" HEIGHT="29" WC="0.51" CONTENT="dels"/>
						</TextLine>
						<TextLine ID="line_28" HPOS="251" VPOS="1706" WIDTH="1502" HEIGHT="45">
							<String ID="string_254" HPOS="251" VPOS="1715" WIDTH="42" HEIGHT="20" WC="0.96" CONTENT="av"/><SP WIDTH="30" VPOS="1715" HPOS="293"/>
							<String ID="string_255" HPOS="323" VPOS="1706" WIDTH="182" HEIGHT="39" WC="0.96" CONTENT="uppgiften"/><SP WIDTH="32" VPOS="1706" HPOS="505"/>
							<String ID="string_256" HPOS="537" VPOS="1709" WIDTH="50" HEIGHT="27" WC="0.96" CONTENT="att"/><SP WIDTH="29" VPOS="1709" HPOS="587"/>
							<String ID="string_257" HPOS="616" VPOS="1707" WIDTH="214" HEIGHT="31" WC="0.96" CONTENT="kontrollera"/><SP WIDTH="29" VPOS="1707" HPOS="830"/>
							<String ID="string_258" HPOS="859" VPOS="1709" WIDTH="219" HEIGHT="30" WC="0.96" CONTENT="underhållet"/><SP WIDTH="29" VPOS="1709" HPOS="1078"/>
							<String ID="string_259" HPOS="1107" VPOS="1720" WIDTH="43" HEIGHT="19" WC="0.95" CONTENT="av"/><SP WIDTH="30" VPOS="1720" HPOS="1150"/>
							<String ID="string_260" HPOS="1180" VPOS="1710" WIDTH="140" HEIGHT="30" WC="0.93" CONTENT="utförda"/><SP WIDTH="28" VPOS="1710" HPOS="1320"/>
							<String ID="string_261" HPOS="1348" VPOS="1711" WIDTH="405" HEIGHT="40" WC="0.91" CONTENT="torrläggningsföretag."/>
						</TextLine>
						<TextLine ID="line_29" HPOS="251" VPOS="1756" WIDTH="1502" HEIGHT="45">
							<String ID="string_262" HPOS="251" VPOS="1756" WIDTH="185" HEIGHT="39" WC="0.92" CONTENT="Härjämte"/><SP WIDTH="25" VPOS="1756" HPOS="436"/>
							<String ID="string_263" HPOS="461" VPOS="1756" WIDTH="193" HEIGHT="31" WC="0.96" CONTENT="behandlar"/><SP WIDTH="27" VPOS="1756" HPOS="654"/>
							<String ID="string_264" HPOS="681" VPOS="1758" WIDTH="232" HEIGHT="40" WC="0.96" CONTENT="utredningen"/><SP WIDTH="28" VPOS="1758" HPOS="913"/>
							<String ID="string_265" HPOS="941" VPOS="1759" WIDTH="92" HEIGHT="31" WC="0.96" CONTENT="vissa"/><SP WIDTH="27" VPOS="1759" HPOS="1033"/>
							<String ID="string_266" HPOS="1060" VPOS="1761" WIDTH="171" HEIGHT="39" WC="0.96" CONTENT="spörsmål"/><SP WIDTH="25" VPOS="1761" HPOS="1231"/>
							<String ID="string_267" HPOS="1256" VPOS="1762" WIDTH="150" HEIGHT="29" WC="0.96" CONTENT="rörande"/><SP WIDTH="29" VPOS="1762" HPOS="1406"/>
							<String ID="string_268" HPOS="1435" VPOS="1762" WIDTH="242" HEIGHT="39" WC="0.96" CONTENT="skyldigheten"/><SP WIDTH="26" VPOS="1762" HPOS="1677"/>
							<String ID="string_269" HPOS="1703" VPOS="1765" WIDTH="50" HEIGHT="28" WC="0.95" CONTENT="att"/>
						</TextLine>
						<TextLine ID="line_30" HPOS="251" VPOS="1806" WIDTH="549" HEIGHT="32">
							<String ID="string_270" HPOS="251" VPOS="1815" WIDTH="103" HEIGHT="21" WC="0.96" CONTENT="svara"/><SP WIDTH="24" VPOS="1815" HPOS="354"/>
							<String ID="string_271" HPOS="378" VPOS="1806" WIDTH="56" HEIGHT="32" WC="0.96" CONTENT="för"/><SP WIDTH="24" VPOS="1806" HPOS="434"/>
							<String ID="string_272" HPOS="458" VPOS="1807" WIDTH="124" HEIGHT="30" WC="0.96" CONTENT="sådant"/><SP WIDTH="24" VPOS="1807" HPOS="582"/>
							<String ID="string_273" HPOS="606" VPOS="1808" WIDTH="194" HEIGHT="30" WC="0.96" CONTENT="underhåll."/>
						</TextLine>
					</TextBlock>
					<TextBlock ID="block_8" HPOS="248" VPOS="1857" WIDTH="1505" HEIGHT="492">
						<TextLine ID="line_31" HPOS="296" VPOS="1857" WIDTH="1457" HEIGHT="46">
							<String ID="string_274" HPOS="296" VPOS="1857" WIDTH="161" HEIGHT="30" WC="0.96" CONTENT="Rörande"/><SP WIDTH="31" VPOS="1857" HPOS="457"/>
							<String ID="string_275" HPOS="488" VPOS="1858" WIDTH="219" HEIGHT="30" WC="0.96" CONTENT="sistnämnda"/><SP WIDTH="30" VPOS="1858" HPOS="707"/>
							<String ID="string_276" HPOS="737" VPOS="1859" WIDTH="119" HEIGHT="39" WC="0.93" CONTENT="frågor"/><SP WIDTH="25" VPOS="1859" HPOS="856"/>
							<String ID="string_277" HPOS="881" VPOS="1859" WIDTH="215" HEIGHT="36" WC="0.91" CONTENT="framhålles,"/><SP WIDTH="33" VPOS="1859" HPOS="1096"/>
							<String ID="string_278" HPOS="1129" VPOS="1864" WIDTH="50" HEIGHT="27" WC="0.96" CONTENT="att"/><SP WIDTH="28" VPOS="1864" HPOS="1179"/>
							<String ID="string_279" HPOS="1207" VPOS="1862" WIDTH="56" HEIGHT="29" WC="0.96" CONTENT="det"/><SP WIDTH="31" VPOS="1862" HPOS="1263"/>
							<String ID="string_280" HPOS="1294" VPOS="1865" WIDTH="78" HEIGHT="27" WC="0.96" CONTENT="rent"/><SP WIDTH="28" VPOS="1865" HPOS="1372"/>
							<String ID="string_281" HPOS="1400" VPOS="1863" WIDTH="211" HEIGHT="40" WC="0.96" CONTENT="principiellt"/><SP WIDTH="32" VPOS="1863" HPOS="1611"/>
							<String ID="string_282" HPOS="1643" VPOS="1864" WIDTH="110" HEIGHT="30" WC="0.94" CONTENT="måste"/>
						</TextLine>
						<TextLine ID="line_32" HPOS="251" VPOS="1909" WIDTH="1501" HEIGHT="39">
							<String ID="string_283" HPOS="251" VPOS="1916" WIDTH="105" HEIGHT="21" WC="0.96" CONTENT="anses"/><SP WIDTH="27" VPOS="1916" HPOS="356"/>
							<String ID="string_284" HPOS="383" VPOS="1916" WIDTH="84" HEIGHT="21" WC="0.96" CONTENT="vara"/><SP WIDTH="26" VPOS="1916" HPOS="467"/>
							<String ID="string_285" HPOS="493" VPOS="1918" WIDTH="41" HEIGHT="19" WC="0.95" CONTENT="av"/><SP WIDTH="28" VPOS="1918" HPOS="534"/>
							<String ID="string_286" HPOS="562" VPOS="1909" WIDTH="178" HEIGHT="39" WC="0.96" CONTENT="synnerlig"/><SP WIDTH="23" VPOS="1909" HPOS="740"/>
							<String ID="string_287" HPOS="763" VPOS="1909" WIDTH="75" HEIGHT="31" WC="0.96" CONTENT="vikt"/><SP WIDTH="28" VPOS="1909" HPOS="838"/>
							<String ID="string_288" HPOS="866" VPOS="1910" WIDTH="56" HEIGHT="30" WC="0.96" CONTENT="för"/><SP WIDTH="28" VPOS="1910" HPOS="922"/>
							<String ID="string_289" HPOS="950" VPOS="1912" WIDTH="122" HEIGHT="33" WC="0.95" CONTENT="staten,"/><SP WIDTH="30" VPOS="1912" HPOS="1072"/>
							<String ID="string_290" HPOS="1102" VPOS="1913" WIDTH="50" HEIGHT="28" WC="0.96" CONTENT="att"/><SP WIDTH="28" VPOS="1913" HPOS="1152"/>
							<String ID="string_291" HPOS="1180" VPOS="1913" WIDTH="77" HEIGHT="29" WC="0.93" CONTENT="med"/><SP WIDTH="28" VPOS="1913" HPOS="1257"/>
							<String ID="string_292" HPOS="1285" VPOS="1913" WIDTH="201" HEIGHT="30" WC="0.92" CONTENT="statsmedel"/><SP WIDTH="29" VPOS="1913" HPOS="1486"/>
							<String ID="string_293" HPOS="1515" VPOS="1914" WIDTH="237" HEIGHT="30" WC="0.96" CONTENT="understödda"/>
						</TextLine>
						<TextLine ID="line_33" HPOS="250" VPOS="1958" WIDTH="1503" HEIGHT="45">
							<String ID="string_294" HPOS="250" VPOS="1958" WIDTH="403" HEIGHT="39" WC="0.90" CONTENT="torrläggningsarbeten"/><SP WIDTH="26" VPOS="1958" HPOS="653"/>
							<String ID="string_295" HPOS="679" VPOS="1959" WIDTH="188" HEIGHT="40" WC="0.96" CONTENT="behörigen"/><SP WIDTH="27" VPOS="1959" HPOS="867"/>
							<String ID="string_296" HPOS="894" VPOS="1961" WIDTH="236" HEIGHT="34" WC="0.95" CONTENT="underhållas,"/><SP WIDTH="28" VPOS="1961" HPOS="1130"/>
							<String ID="string_297" HPOS="1158" VPOS="1962" WIDTH="37" HEIGHT="30" WC="0.96" CONTENT="så"/><SP WIDTH="27" VPOS="1962" HPOS="1195"/>
							<String ID="string_298" HPOS="1222" VPOS="1964" WIDTH="50" HEIGHT="28" WC="0.96" CONTENT="att"/><SP WIDTH="30" VPOS="1964" HPOS="1272"/>
							<String ID="string_299" HPOS="1302" VPOS="1963" WIDTH="42" HEIGHT="29" WC="0.96" CONTENT="de"/><SP WIDTH="27" VPOS="1963" HPOS="1344"/>
							<String ID="string_300" HPOS="1371" VPOS="1964" WIDTH="196" HEIGHT="39" WC="0.93" CONTENT="betydande"/><SP WIDTH="28" VPOS="1964" HPOS="1567"/>
							<String ID="string_301" HPOS="1595" VPOS="1966" WIDTH="158" HEIGHT="29" WC="0.91" CONTENT="statsme-"/>
						</TextLine>
						<TextLine ID="line_34" HPOS="251" VPOS="2008" WIDTH="1501" HEIGHT="43">
							<String ID="string_302" HPOS="251" VPOS="2008" WIDTH="65" HEIGHT="34" WC="0.95" CONTENT="del,"/><SP WIDTH="21" VPOS="2008" HPOS="316"/>
							<String ID="string_303" HPOS="337" VPOS="2017" WIDTH="121" HEIGHT="21" WC="0.96" CONTENT="varom"/><SP WIDTH="22" VPOS="2017" HPOS="458"/>
							<String ID="string_304" HPOS="480" VPOS="2009" WIDTH="64" HEIGHT="30" WC="0.96" CONTENT="här"/><SP WIDTH="20" VPOS="2009" HPOS="544"/>
							<String ID="string_305" HPOS="564" VPOS="2009" WIDTH="71" HEIGHT="30" WC="0.96" CONTENT="kan"/><SP WIDTH="23" VPOS="2009" HPOS="635"/>
							<String ID="string_306" HPOS="658" VPOS="2009" WIDTH="47" HEIGHT="30" WC="0.96" CONTENT="bli"/><SP WIDTH="20" VPOS="2009" HPOS="705"/>
							<String ID="string_307" HPOS="725" VPOS="2010" WIDTH="109" HEIGHT="39" WC="0.96" CONTENT="fråga,"/><SP WIDTH="24" VPOS="2010" HPOS="834"/>
							<String ID="string_308" HPOS="858" VPOS="2011" WIDTH="30" HEIGHT="40" WC="0.96" CONTENT="ej"/><SP WIDTH="24" VPOS="2011" HPOS="888"/>
							<String ID="string_309" HPOS="912" VPOS="2011" WIDTH="85" HEIGHT="31" WC="0.96" CONTENT="blott"/><SP WIDTH="20" VPOS="2011" HPOS="997"/>
							<String ID="string_310" HPOS="1017" VPOS="2011" WIDTH="57" HEIGHT="31" WC="0.96" CONTENT="för"/><SP WIDTH="21" VPOS="2011" HPOS="1074"/>
							<String ID="string_311" HPOS="1095" VPOS="2012" WIDTH="153" HEIGHT="30" WC="0.96" CONTENT="tillfället"/><SP WIDTH="21" VPOS="2012" HPOS="1248"/>
							<String ID="string_312" HPOS="1269" VPOS="2015" WIDTH="86" HEIGHT="30" WC="0.96" CONTENT="utan"/><SP WIDTH="22" VPOS="2015" HPOS="1355"/>
							<String ID="string_313" HPOS="1377" VPOS="2015" WIDTH="85" HEIGHT="29" WC="0.96" CONTENT="även"/><SP WIDTH="21" VPOS="2015" HPOS="1462"/>
							<String ID="string_314" HPOS="1483" VPOS="2015" WIDTH="57" HEIGHT="30" WC="0.96" CONTENT="för"/><SP WIDTH="22" VPOS="2015" HPOS="1540"/>
							<String ID="string_315" HPOS="1562" VPOS="2015" WIDTH="190" HEIGHT="31" WC="0.96" CONTENT="framtiden"/>
						</TextLine>
						<TextLine ID="line_35" HPOS="250" VPOS="2058" WIDTH="1503" HEIGHT="44">
							<String ID="string_316" HPOS="250" VPOS="2058" WIDTH="161" HEIGHT="31" WC="0.96" CONTENT="medföra"/><SP WIDTH="20" VPOS="2058" HPOS="411"/>
							<String ID="string_317" HPOS="431" VPOS="2059" WIDTH="64" HEIGHT="30" WC="0.96" CONTENT="den"/><SP WIDTH="23" VPOS="2059" HPOS="495"/>
							<String ID="string_318" HPOS="518" VPOS="2061" WIDTH="111" HEIGHT="37" WC="0.95" CONTENT="nytta,"/><SP WIDTH="21" VPOS="2061" HPOS="629"/>
							<String ID="string_319" HPOS="650" VPOS="2069" WIDTH="73" HEIGHT="21" WC="0.95" CONTENT="som"/><SP WIDTH="20" VPOS="2069" HPOS="723"/>
							<String ID="string_320" HPOS="743" VPOS="2060" WIDTH="90" HEIGHT="30" WC="0.96" CONTENT="varit"/><SP WIDTH="22" VPOS="2060" HPOS="833"/>
							<String ID="string_321" HPOS="855" VPOS="2062" WIDTH="137" HEIGHT="30" WC="0.96" CONTENT="avsedd."/><SP WIDTH="24" VPOS="2062" HPOS="992"/>
							<String ID="string_322" HPOS="1016" VPOS="2063" WIDTH="238" HEIGHT="39" WC="0.96" CONTENT="Utredningen"/><SP WIDTH="20" VPOS="2063" HPOS="1254"/>
							<String ID="string_323" HPOS="1274" VPOS="2063" WIDTH="164" HEIGHT="31" WC="0.96" CONTENT="förordar"/><SP WIDTH="18" VPOS="2063" HPOS="1438"/>
							<String ID="string_324" HPOS="1456" VPOS="2065" WIDTH="130" HEIGHT="34" WC="0.96" CONTENT="därför,"/><SP WIDTH="25" VPOS="2065" HPOS="1586"/>
							<String ID="string_325" HPOS="1611" VPOS="2068" WIDTH="51" HEIGHT="27" WC="0.93" CONTENT="att"/><SP WIDTH="21" VPOS="2068" HPOS="1662"/>
							<String ID="string_326" HPOS="1683" VPOS="2066" WIDTH="70" HEIGHT="30" WC="0.92" CONTENT="för-"/>
						</TextLine>
						<TextLine ID="line_36" HPOS="250" VPOS="2108" WIDTH="1502" HEIGHT="46">
							<String ID="string_327" HPOS="250" VPOS="2108" WIDTH="75" HEIGHT="40" WC="0.94" CONTENT="slag"/><SP WIDTH="22" VPOS="2108" HPOS="325"/>
							<String ID="string_328" HPOS="347" VPOS="2109" WIDTH="53" HEIGHT="30" WC="0.93" CONTENT="till"/><SP WIDTH="22" VPOS="2109" HPOS="400"/>
							<String ID="string_329" HPOS="422" VPOS="2110" WIDTH="313" HEIGHT="40" WC="0.91" CONTENT="dikningsföretag,"/><SP WIDTH="23" VPOS="2110" HPOS="735"/>
							<String ID="string_330" HPOS="758" VPOS="2112" WIDTH="80" HEIGHT="29" WC="0.96" CONTENT="med"/><SP WIDTH="25" VPOS="2112" HPOS="838"/>
							<String ID="string_331" HPOS="863" VPOS="2112" WIDTH="92" HEIGHT="30" WC="0.96" CONTENT="vissa"/><SP WIDTH="23" VPOS="2112" HPOS="955"/>
							<String ID="string_332" HPOS="978" VPOS="2113" WIDTH="191" HEIGHT="39" WC="0.96" CONTENT="undantag,"/><SP WIDTH="24" VPOS="2113" HPOS="1169"/>
							<String ID="string_333" HPOS="1193" VPOS="2114" WIDTH="88" HEIGHT="30" WC="0.96" CONTENT="skall"/><SP WIDTH="24" VPOS="2114" HPOS="1281"/>
							<String ID="string_334" HPOS="1305" VPOS="2115" WIDTH="216" HEIGHT="39" WC="0.96" CONTENT="handläggas"/><SP WIDTH="25" VPOS="2115" HPOS="1521"/>
							<String ID="string_335" HPOS="1546" VPOS="2115" WIDTH="10" HEIGHT="29" WC="0.96" CONTENT="i"/><SP WIDTH="26" VPOS="2115" HPOS="1556"/>
							<String ID="string_336" HPOS="1582" VPOS="2116" WIDTH="170" HEIGHT="31" WC="0.96" CONTENT="samband"/>
						</TextLine>
						<TextLine ID="line_37" HPOS="250" VPOS="2159" WIDTH="1502" HEIGHT="45">
							<String ID="string_337" HPOS="250" VPOS="2160" WIDTH="80" HEIGHT="29" WC="0.96" CONTENT="med"/><SP WIDTH="25" VPOS="2160" HPOS="330"/>
							<String ID="string_338" HPOS="355" VPOS="2168" WIDTH="66" HEIGHT="31" WC="0.96" CONTENT="syn"/><SP WIDTH="25" VPOS="2168" HPOS="421"/>
							<String ID="string_339" HPOS="446" VPOS="2159" WIDTH="45" HEIGHT="32" WC="0.96" CONTENT="då"/><SP WIDTH="21" VPOS="2159" HPOS="491"/>
							<String ID="string_340" HPOS="512" VPOS="2160" WIDTH="113" HEIGHT="30" WC="0.96" CONTENT="behov"/><SP WIDTH="26" VPOS="2160" HPOS="625"/>
							<String ID="string_341" HPOS="651" VPOS="2171" WIDTH="43" HEIGHT="20" WC="0.96" CONTENT="av"/><SP WIDTH="23" VPOS="2171" HPOS="694"/>
							<String ID="string_342" HPOS="717" VPOS="2162" WIDTH="185" HEIGHT="30" WC="0.96" CONTENT="underhåll"/><SP WIDTH="26" VPOS="2162" HPOS="902"/>
							<String ID="string_343" HPOS="928" VPOS="2163" WIDTH="70" HEIGHT="30" WC="0.95" CONTENT="kan"/><SP WIDTH="24" VPOS="2163" HPOS="998"/>
							<String ID="string_344" HPOS="1022" VPOS="2173" WIDTH="102" HEIGHT="20" WC="0.95" CONTENT="anses"/><SP WIDTH="27" VPOS="2173" HPOS="1124"/>
							<String ID="string_345" HPOS="1151" VPOS="2164" WIDTH="177" HEIGHT="40" WC="0.96" CONTENT="föreligga,"/><SP WIDTH="29" VPOS="2164" HPOS="1328"/>
							<String ID="string_346" HPOS="1357" VPOS="2174" WIDTH="81" HEIGHT="21" WC="0.96" CONTENT="vare"/><SP WIDTH="26" VPOS="2174" HPOS="1438"/>
							<String ID="string_347" HPOS="1464" VPOS="2166" WIDTH="51" HEIGHT="38" WC="0.97" CONTENT="sig"/><SP WIDTH="24" VPOS="2166" HPOS="1515"/>
							<String ID="string_348" HPOS="1539" VPOS="2166" WIDTH="147" HEIGHT="30" WC="0.95" CONTENT="behovet"/><SP WIDTH="28" VPOS="2166" HPOS="1686"/>
							<String ID="string_349" HPOS="1714" VPOS="2168" WIDTH="38" HEIGHT="29" WC="0.96" CONTENT="är"/>
						</TextLine>
						<TextLine ID="line_38" HPOS="249" VPOS="2210" WIDTH="1502" HEIGHT="42">
							<String ID="string_350" HPOS="249" VPOS="2219" WIDTH="44" HEIGHT="21" WC="0.96" CONTENT="av"/><SP WIDTH="20" VPOS="2219" HPOS="293"/>
							<String ID="string_351" HPOS="313" VPOS="2210" WIDTH="139" HEIGHT="30" WC="0.96" CONTENT="enskild"/><SP WIDTH="20" VPOS="2210" HPOS="452"/>
							<String ID="string_352" HPOS="472" VPOS="2210" WIDTH="83" HEIGHT="30" WC="0.96" CONTENT="eller"/><SP WIDTH="19" VPOS="2210" HPOS="555"/>
							<String ID="string_353" HPOS="574" VPOS="2211" WIDTH="132" HEIGHT="30" WC="0.95" CONTENT="allmän"/><SP WIDTH="21" VPOS="2211" HPOS="706"/>
							<String ID="string_354" HPOS="727" VPOS="2214" WIDTH="115" HEIGHT="29" WC="0.94" CONTENT="natur."/><SP WIDTH="23" VPOS="2214" HPOS="842"/>
							<String ID="string_355" HPOS="865" VPOS="2212" WIDTH="210" HEIGHT="40" WC="0.96" CONTENT="Därigenom"/><SP WIDTH="22" VPOS="2212" HPOS="1075"/>
							<String ID="string_356" HPOS="1097" VPOS="2215" WIDTH="114" HEIGHT="29" WC="0.96" CONTENT="skulle"/><SP WIDTH="20" VPOS="2215" HPOS="1211"/>
							<String ID="string_357" HPOS="1231" VPOS="2216" WIDTH="222" HEIGHT="29" WC="0.96" CONTENT="underhållet"/><SP WIDTH="21" VPOS="2216" HPOS="1453"/>
							<String ID="string_358" HPOS="1474" VPOS="2216" WIDTH="47" HEIGHT="29" WC="0.96" CONTENT="bli"/><SP WIDTH="21" VPOS="2216" HPOS="1521"/>
							<String ID="string_359" HPOS="1542" VPOS="2216" WIDTH="131" HEIGHT="31" WC="0.96" CONTENT="bundet"/><SP WIDTH="21" VPOS="2216" HPOS="1673"/>
							<String ID="string_360" HPOS="1694" VPOS="2217" WIDTH="57" HEIGHT="30" WC="0.96" CONTENT="vid"/>
						</TextLine>
						<TextLine ID="line_39" HPOS="248" VPOS="2260" WIDTH="1503" HEIGHT="45">
							<String ID="string_361" HPOS="248" VPOS="2260" WIDTH="212" HEIGHT="39" WC="0.96" CONTENT="fastigheten"/><SP WIDTH="34" VPOS="2260" HPOS="460"/>
							<String ID="string_362" HPOS="494" VPOS="2262" WIDTH="63" HEIGHT="28" WC="0.96" CONTENT="och"/><SP WIDTH="33" VPOS="2262" HPOS="557"/>
							<String ID="string_363" HPOS="590" VPOS="2262" WIDTH="122" HEIGHT="30" WC="0.93" CONTENT="kunna"/><SP WIDTH="32" VPOS="2262" HPOS="712"/>
							<String ID="string_364" HPOS="744" VPOS="2263" WIDTH="232" HEIGHT="40" WC="0.91" CONTENT="framtvingas"/><SP WIDTH="28" VPOS="2263" HPOS="976"/>
							<String ID="string_365" HPOS="1004" VPOS="2264" WIDTH="13" HEIGHT="29" WC="0.96" CONTENT="i"/><SP WIDTH="31" VPOS="2264" HPOS="1017"/>
							<String ID="string_366" HPOS="1048" VPOS="2265" WIDTH="152" HEIGHT="39" WC="0.96" CONTENT="enlighet"/><SP WIDTH="22" VPOS="2265" HPOS="1200"/>
							<String ID="string_367" HPOS="1222" VPOS="2266" WIDTH="78" HEIGHT="29" WC="0.93" CONTENT="med"/><SP WIDTH="23" VPOS="2266" HPOS="1300"/>
							<String ID="string_368" HPOS="1323" VPOS="2267" WIDTH="238" HEIGHT="38" WC="0.91" CONTENT="stadgandena"/><SP WIDTH="25" VPOS="2267" HPOS="1561"/>
							<String ID="string_369" HPOS="1586" VPOS="2267" WIDTH="10" HEIGHT="29" WC="0.92" CONTENT="i"/><SP WIDTH="23" VPOS="2267" HPOS="1596"/>
							<String ID="string_370" HPOS="1619" VPOS="2269" WIDTH="132" HEIGHT="28" WC="0.91" CONTENT="vatten-"/>
						</TextLine>
						<TextLine ID="line_40" HPOS="248" VPOS="2310" WIDTH="112" HEIGHT="39">
							<String ID="string_371" HPOS="248" VPOS="2310" WIDTH="112" HEIGHT="39" WC="0.95" CONTENT="lagen."/>
						</TextLine>
					</TextBlock>
					<TextBlock ID="block_9" HPOS="247" VPOS="2362" WIDTH="1502" HEIGHT="139">
						<TextLine ID="line_41" HPOS="291" VPOS="2362" WIDTH="1458" HEIGHT="43">
							<String ID="string_372" HPOS="291" VPOS="2362" WIDTH="221" HEIGHT="30" WC="0.91" CONTENT="Yttrandena."/><SP WIDTH="26" VPOS="2362" HPOS="512"/>
							<String ID="string_373" HPOS="538" VPOS="2363" WIDTH="179" HEIGHT="39" WC="0.96" CONTENT="Förslaget"/><SP WIDTH="25" VPOS="2363" HPOS="717"/>
							<String ID="string_374" HPOS="742" VPOS="2373" WIDTH="57" HEIGHT="20" WC="0.95" CONTENT="om"/><SP WIDTH="25" VPOS="2373" HPOS="799"/>
							<String ID="string_375" HPOS="824" VPOS="2364" WIDTH="200" HEIGHT="40" WC="0.95" CONTENT="ytterligare"/><SP WIDTH="24" VPOS="2364" HPOS="1024"/>
							<String ID="string_376" HPOS="1048" VPOS="2366" WIDTH="310" HEIGHT="39" WC="0.95" CONTENT="decentralisering"/><SP WIDTH="26" VPOS="2366" HPOS="1358"/>
							<String ID="string_377" HPOS="1384" VPOS="2376" WIDTH="42" HEIGHT="20" WC="0.96" CONTENT="av"/><SP WIDTH="25" VPOS="2376" HPOS="1426"/>
							<String ID="string_378" HPOS="1451" VPOS="2367" WIDTH="93" HEIGHT="30" WC="0.93" CONTENT="vissa"/><SP WIDTH="25" VPOS="2367" HPOS="1544"/>
							<String ID="string_379" HPOS="1569" VPOS="2368" WIDTH="180" HEIGHT="30" WC="0.92" CONTENT="kamerala"/>
						</TextLine>
						<TextLine ID="line_42" HPOS="248" VPOS="2411" WIDTH="1501" HEIGHT="45">
							<String ID="string_380" HPOS="248" VPOS="2411" WIDTH="181" HEIGHT="40" WC="0.96" CONTENT="uppgifter"/><SP WIDTH="26" VPOS="2411" HPOS="429"/>
							<String ID="string_381" HPOS="455" VPOS="2413" WIDTH="64" HEIGHT="29" WC="0.96" CONTENT="har"/><SP WIDTH="23" VPOS="2413" HPOS="519"/>
							<String ID="string_382" HPOS="542" VPOS="2414" WIDTH="104" HEIGHT="29" WC="0.96" CONTENT="väckt"/><SP WIDTH="26" VPOS="2414" HPOS="646"/>
							<String ID="string_383" HPOS="672" VPOS="2414" WIDTH="177" HEIGHT="40" WC="0.93" CONTENT="åtskilliga"/><SP WIDTH="27" VPOS="2414" HPOS="849"/>
							<String ID="string_384" HPOS="876" VPOS="2422" WIDTH="176" HEIGHT="33" WC="0.91" CONTENT="gensagor,"/><SP WIDTH="26" VPOS="2422" HPOS="1052"/>
							<String ID="string_385" HPOS="1078" VPOS="2417" WIDTH="127" HEIGHT="29" WC="0.96" CONTENT="medan"/><SP WIDTH="25" VPOS="2417" HPOS="1205"/>
							<String ID="string_386" HPOS="1230" VPOS="2417" WIDTH="118" HEIGHT="39" WC="0.96" CONTENT="övriga"/><SP WIDTH="26" VPOS="2417" HPOS="1348"/>
							<String ID="string_387" HPOS="1374" VPOS="2417" WIDTH="131" HEIGHT="39" WC="0.96" CONTENT="förslag"/><SP WIDTH="26" VPOS="2417" HPOS="1505"/>
							<String ID="string_388" HPOS="1531" VPOS="2418" WIDTH="10" HEIGHT="29" WC="0.96" CONTENT="i"/><SP WIDTH="29" VPOS="2418" HPOS="1541"/>
							<String ID="string_389" HPOS="1570" VPOS="2419" WIDTH="88" HEIGHT="29" WC="0.96" CONTENT="stort"/><SP WIDTH="26" VPOS="2419" HPOS="1658"/>
							<String ID="string_390" HPOS="1684" VPOS="2421" WIDTH="65" HEIGHT="28" WC="0.96" CONTENT="sett"/>
						</TextLine>
						<TextLine ID="line_43" HPOS="247" VPOS="2461" WIDTH="749" HEIGHT="40">
							<String ID="string_391" HPOS="247" VPOS="2461" WIDTH="198" HEIGHT="40" WC="0.92" CONTENT="tillstyrkas"/><SP WIDTH="22" VPOS="2461" HPOS="445"/>
							<String ID="string_392" HPOS="467" VPOS="2463" WIDTH="82" HEIGHT="30" WC="0.96" CONTENT="eller"/><SP WIDTH="24" VPOS="2463" HPOS="549"/>
							<String ID="string_393" HPOS="573" VPOS="2464" WIDTH="137" HEIGHT="30" WC="0.96" CONTENT="lämnas"/><SP WIDTH="23" VPOS="2464" HPOS="710"/>
							<String ID="string_394" HPOS="733" VPOS="2466" WIDTH="85" HEIGHT="30" WC="0.96" CONTENT="utan"/><SP WIDTH="27" VPOS="2466" HPOS="818"/>
							<String ID="string_395" HPOS="845" VPOS="2465" WIDTH="151" HEIGHT="30" WC="0.96" CONTENT="erinran."/>
						</TextLine>
					</TextBlock>
				</ComposedBlock>
			</PrintSpace>
		</Page>
	</Layout>
</alto>
