2237 2669
668 138 363 42 Bevillningsutskottets
1053 138 195 32 betänkande
1272 139 52 31 Nr
1347 140 50 32 48.
1763 141 19 31 3

231 216 156 37 heterna
427 216 129 37 berört
598 217 46 36 de
685 217 271 48 förhållanden,
995 231 92 33 som,
1116 221 47 46 på
1192 223 75 32 sätt
1295 232 97 23 ovan
1421 223 157 46 antytts,
1607 220 218 38 föranledde

231 269 86 36 dem
347 274 55 31 att
429 268 163 50 tidigare
621 270 181 49 avstyrka
830 270 197 37 enahanda
1054 270 318 50 löneförhöjning,
1394 284 80 24 som
1494 271 46 37 de
1559 285 50 23 nu
1628 272 195 51 tillstyrkt.

360 321 135 49 Enligt
510 322 204 37 utskottets
726 322 99 37 åsikt
834 322 69 37 bör
914 322 204 38 emellertid
1134 323 71 37 den
1221 323 262 49 föreliggande
1499 324 135 50 frågan
1644 325 179 38 bedömas

232 374 79 49 just
340 373 84 37 med
452 374 150 50 hänsyn
630 374 56 37 till
714 375 165 36 nämnda
907 375 271 45 förhållanden,
1204 376 70 37 och
1294 376 46 36 då
1360 377 63 36 det
1440 376 114 37 icke
1544 369 19 59 i
1578 377 247 38 förevarande

233 426 137 36 ärende
399 439 66 24 ens
493 429 174 46 påståtts,
696 441 89 23 vare
813 428 61 47 sig
903 442 45 22 av
977 428 45 36 de
1049 428 118 36 hörda
1195 428 316 49 myndigheterna
1540 429 89 36 eller
1656 444 47 23 av
1726 430 98 37 före-

233 478 195 48 dragande
470 478 426 50 departementschefen,
938 484 55 32 att
1033 482 128 47 någon
1202 480 194 49 svårighet
1438 480 120 38 skulle
1589 487 150 44 yppats,
1770 488 55 32 att

236 530 85 36 med
363 531 218 36 nuvarande
622 532 279 36 löneförmåner
935 532 166 36 anordna
1128 532 153 37 effektiv
1309 533 164 36 kontroll
1501 534 69 36 och
1598 534 140 37 erhålla
1765 536 59 36 för

235 582 215 49 uppdraget
477 583 182 49 lämpliga
687 597 182 36 personer
896 584 11 36 i
936 584 203 50 tillräcklig
1167 585 152 48 mängd,
1349 599 108 23 anser
1484 585 186 38 utskottet
1688 588 137 49 giltiga

236 634 78 37 skäl
344 635 138 37 saknas
511 635 58 36 för
597 636 145 37 ökande
773 650 45 22 av
846 636 108 37 dessa
982 637 200 36 förmåner.

361 687 52 36 På
442 687 125 49 grund
595 688 118 37 härav
740 689 229 47 hemställes,

760 798 55 31 att
829 793 141 50 Kungl.
993 794 126 49 Maj:ts
1139 794 248 38 förevarande
1405 796 246 48 proposition,
1672 810 45 23 nr
1736 799 86 46 245,

631 846 195 48 angående
854 846 161 49 ändring
1043 860 47 22 av
1120 848 45 34 25
1195 846 21 50 $
1245 849 23 34 4
1288 860 111 23 mom.
1418 847 12 36 i
1449 848 272 49 förordningen
1750 849 72 37 den

633 900 43 34 11
708 898 156 36 oktober
895 900 94 34 1907
1022 899 193 48 augående
1243 899 247 49 beskattning
1510 913 45 23 av
1578 901 140 45 socker,
1741 902 82 36 icke

629 952 116 34 måtte
773 963 47 23 av
848 950 219 49 Riksdagen
1094 951 157 37 bifallas.

359 1052 218 38 Stockholm
606 1054 72 36 den
709 1056 44 34 13
783 1054 71 49 maj
889 1056 107 34 1913.

680 1157 52 37 På
760 1158 435 48 bevillningsutskottets
1223 1164 158 43 vägnar:

812 1262 47 36 EK.
891 1262 44 37 G.
966 1262 275 38 KARLSSON.

841 1629 357 40 Reservation

359 1745 45 23 av
432 1731 86 36 herr
545 1732 137 46 Röing:
709 1737 79 31 mot
815 1733 77 36 viss
921 1733 60 36 del
1009 1747 45 23 av
1083 1734 287 49 motiveringen.
