1912 2788
282 144 18 29 2
681 144 379 32 Jordbruksutskottets
1088 142 175 31 utlåtande
1288 151 44 21 nr
1358 142 48 30 28.

289 233 166 30 siffrorna
470 231 110 30 under
598 230 82 31 åren
699 229 214 30 1938—1944
929 228 13 30 i
960 227 208 37 genomsnitt
1184 225 128 37 årligen
1329 224 194 32 täckdikats
1542 224 19 30 9
1575 223 63 31 000
1656 223 133 33 hektar,

288 283 110 30 skulle
419 281 98 31 alltså
537 282 56 29 det
613 280 146 30 svenska
780 279 221 36 jordbrukets
1024 277 107 36 årliga
1151 276 186 30 kostnader
1357 275 111 30 under
1489 275 43 30 de
1553 278 133 26 senaste
1708 273 80 31 åren

288 334 119 29 kunna
426 332 204 36 uppskattas
652 331 49 30 till
722 330 160 35 omkring
902 330 18 29 5
934 329 63 30 400
1011 329 64 29 000
1096 329 138 28 kronor.
1260 326 131 30 Härvid
1411 326 64 30 bör
1496 324 111 31 hållas
1627 325 11 30 i
1659 324 129 30 minnet

287 386 50 27 att
358 386 91 27 stora
471 381 210 37 svårigheter
699 381 165 35 förelegat
885 380 55 29 för
960 377 508 37 täckdikningsverksamheten
1491 375 111 30 under
1624 375 40 30 de
1687 374 102 37 gång-

286 443 47 21 na
357 432 153 31 krisåren
532 431 46 37 på
601 431 112 37 grund
738 441 42 20 av
802 433 48 28 att
873 430 128 30 varken
1027 428 209 31 arbetskraft
1258 428 82 29 eller
1360 426 156 31 material
1541 424 82 32 stått
1645 425 50 30 till
1721 425 68 30 för-

288 483 149 37 fogande
453 483 11 30 i
482 482 202 36 erforderlig
702 480 247 36 utsträckning.
970 479 121 31 Såsom
1109 478 199 36 jämförelse
1329 476 57 31 må
1405 477 147 30 nämnas
1573 478 50 28 att
1642 476 65 29 den
1728 484 61 21 un-

288 534 61 29 der
378 532 81 31 åren
495 533 216 30 1933—1938
744 531 208 30 täckdikade
985 529 222 31 åkerarealen
1239 528 186 30 beräknats
1459 527 49 30 till
1540 527 10 30 i
1583 524 208 38 genomsnitt

291 585 39 29 16
343 584 63 30 000
431 584 124 29 hektar
577 592 62 27 per
661 581 47 33 år.
737 582 63 30 Det
826 582 97 30 torde
946 581 121 30 därför
1091 589 82 21 vara
1199 582 49 28 att
1271 579 161 30 förvänta
1456 580 50 28 att
1531 575 257 36 täckdiknings-

288 634 262 30 verksamheten
572 634 158 29 kommer
748 636 49 26 att
816 632 156 30 avsevärt
993 635 128 32 stegras
1140 630 110 30 under
1269 629 42 31 de
1330 627 211 31 kommande
1559 627 93 31 åren.
1675 626 116 31 Under

288 684 245 35 förutsättning
555 687 49 27 att
628 684 45 29 all
696 681 406 37 dräneringsbehövande
1126 680 82 30 åker
1229 689 80 20 vore
1332 679 187 30 täckdikad
1542 678 66 30 har
1629 676 159 31 kommit-

287 735 58 29 tén
366 734 125 36 vidare,
515 734 114 30 därest
648 732 285 36 täckdikningens
956 731 217 35 varaktighet
1195 729 247 37 uppskattades
1463 729 50 30 till
1534 729 42 30 60
1599 727 47 37 år,
1669 727 120 31 beräk-

287 788 61 27 nat
374 785 55 29 det
454 783 107 37 årliga
587 783 391 36 täckdikningsbehovet
1004 782 57 30 för
1087 780 319 31 vidmakthållande
1433 789 42 21 av
1502 777 288 36 täckdikningens

287 834 359 36 funktionsduglighet
664 833 147 30 omfatta
826 833 146 36 ungefär
991 833 41 29 45
1046 833 64 29 000
1129 832 131 34 hektar,
1279 831 105 30 vilket
1402 830 58 30 vid
1477 829 202 31 nuvarande
1699 828 91 30 kost-

287 884 170 31 nadsnivå
475 885 110 29 skulle
604 884 158 30 medföra
782 893 41 20 en
843 882 84 37 årlig
946 883 149 29 kostnad
1115 892 41 20 av
1177 883 10 29 i
1206 885 79 27 runt
1305 882 47 29 tal
1373 881 41 29 25
1428 881 63 30 000
1505 880 64 30 000
1588 880 129 29 kronor
1736 879 55 30 för

287 935 134 32 landets
440 934 180 37 jordbruk.

333 985 51 30 De
398 985 65 30 här
478 985 148 30 anförda
646 984 166 30 siffrorna
830 984 97 30 torde
946 983 91 30 klart
1055 983 73 30 visa
1145 983 50 30 att
1213 983 56 29 det
1287 983 39 29 är
1341 991 42 21 av
1403 982 123 29 största
1542 981 175 37 betydelse
1736 980 55 30 för

287 1035 134 30 landets
450 1035 232 36 jordbrukare
714 1037 50 27 att
796 1033 509 36 täckdikningsverksamheten
1337 1030 169 38 försiggår
1538 1030 46 37 på
1617 1030 55 30 det
1703 1032 87 28 mest

288 1084 295 37 ändamålsenliga
599 1086 67 29 sätt
683 1085 65 30 och
764 1085 79 29 med
861 1084 127 30 minsta
1006 1083 142 36 möjliga
1166 1082 196 30 kostnader.
1378 1082 197 30 Avsevärda
1592 1080 198 36 besparing-

287 1145 40 20 ar
345 1136 110 29 skulle
471 1135 141 36 givetvis
632 1135 118 30 kunna
768 1134 131 36 vinnas,
917 1134 56 30 för
992 1134 66 30 den
1078 1133 163 31 händelse
1259 1142 133 21 samma
1412 1132 142 31 resultat
1573 1142 42 20 av
1633 1130 157 36 dikning-

287 1195 44 21 en
348 1184 214 38 uppnåddes,
582 1195 58 20 om
660 1185 125 30 dikena
804 1185 93 30 lades
916 1184 137 30 mindre
1070 1185 63 30 tätt
1153 1185 80 29 eller
1252 1183 50 30 till
1324 1183 135 30 mindre
1475 1182 86 36 djup
1580 1183 45 29 än
1643 1192 47 20 nu
1709 1190 80 21 van-

288 1236 90 36 ligen
397 1236 85 30 sker.
501 1235 79 30 Men
600 1236 86 29 även
707 1235 109 30 andra
834 1234 169 36 spörsmål
1024 1235 60 29 äro
1105 1244 41 20 av
1163 1234 175 36 betydelse
1356 1233 57 30 vid
1432 1232 289 36 täckdikningens
1740 1234 50 28 ut-

287 1286 156 31 förande.
464 1286 119 30 Dikets
601 1285 134 36 lutning
753 1285 112 36 spelar
882 1284 146 31 sålunda
1046 1294 42 20 en
1109 1285 75 29 icke
1203 1283 172 37 obetydlig
1395 1284 64 29 roll
1476 1283 56 31 för
1550 1282 240 36 täckdikning-

288 1345 60 22 ens
375 1336 224 36 varaktighet.
641 1335 67 30 För
735 1338 49 27 att
810 1334 346 37 täckdikningsrören
1183 1334 76 31 icke
1288 1334 97 30 skola
1411 1334 245 36 igenslammas
1683 1332 109 31 måste

288 1386 173 36 nämligen
486 1389 131 27 vattnet
641 1386 45 30 ha
708 1395 42 20 en
775 1385 69 30 viss
870 1385 127 30 minsta
1020 1384 383 37 avrinningshastighet.
1428 1384 137 31 Jämväl
1590 1384 110 30 andra
1722 1384 69 30 för-

287 1435 188 32 hållanden
500 1436 149 30 rörande
675 1435 286 37 täckdikningens
989 1435 185 31 utförande
1198 1435 97 30 torde
1319 1444 82 21 vara
1426 1435 11 30 i
1461 1435 113 30 behov
1601 1444 42 21 av
1668 1434 123 31 under-

288 1486 156 37 sökning.

334 1537 158 36 Tidigare
509 1537 46 30 ha
573 1537 91 30 vissa
682 1536 119 30 försök
817 1537 67 29 och
900 1536 301 36 undersökningar
1216 1535 222 31 beträffande
1452 1545 48 21 nu
1515 1535 149 31 berörda
1681 1536 110 35 spörs-

288 1586 71 31 mål
379 1587 175 36 företagits
577 1587 199 36 varigenom
795 1586 171 37 åtskilliga
986 1586 224 37 hållpunkter
1231 1585 163 31 erhållits.
1418 1585 165 36 Samtliga
1603 1586 99 30 dessa
1722 1586 68 29 för-

288 1637 63 30 sök
374 1637 64 31 och
459 1637 300 36 undersökningar
781 1646 102 29 synas
904 1637 190 30 emellertid
1116 1637 74 30 icke
1210 1637 46 30 ha
1279 1636 87 31 varit
1387 1636 199 36 tillräckligt
1606 1635 185 31 omfattan-

289 1687 42 31 de
350 1687 56 31 för
424 1690 49 28 att
495 1697 82 21 man
598 1688 106 30 därav
727 1688 87 30 skall
837 1688 119 30 kunna
978 1686 133 32 erhålla
1134 1686 106 37 några
1261 1696 95 21 mera
1376 1686 249 37 allmängiltiga
1647 1696 79 21 svar
1747 1685 46 38 på

289 1737 41 30 de
351 1737 234 37 föreliggande
605 1738 210 36 problemen.

334 1787 53 31 Då
405 1788 229 31 förevarande
652 1787 169 37 spörsmål
840 1788 273 36 uppenbarligen
1134 1789 79 35 äger
1233 1791 71 27 stor
1320 1787 203 31 ekonomisk
1542 1788 174 37 betydelse
1737 1788 56 30 för

289 1837 96 32 såväl
405 1838 65 31 den
489 1839 157 30 enskilde
663 1838 254 37 jordbrukaren
936 1848 74 21 som
1031 1839 57 30 det
1105 1839 185 35 allmänna,
1310 1848 75 21 som
1402 1837 46 38 på
1467 1839 93 30 olika
1579 1839 66 31 sätt
1666 1839 125 29 ekono-

288 1889 107 30 miskt
413 1889 114 31 stöder
543 1889 520 37 täckdikningsverksamheten,
1084 1898 99 28 synes
1205 1890 56 29 det
1278 1889 178 36 angeläget
1475 1891 49 29 att
1545 1899 44 21 en
1606 1899 95 21 mera
1719 1898 72 21 om-

288 1938 157 31 fattande
469 1939 360 30 försöksverksamhet
854 1938 45 37 på
925 1939 209 31 hithörande
1159 1939 143 31 område
1327 1940 79 30 med
1433 1940 56 30 det
1514 1943 155 27 snaraste
1696 1940 95 29 kom-

289 1998 75 22 mer
382 1989 49 30 till
453 1988 101 32 stånd
574 1990 57 29 för
648 1993 48 27 att
722 1990 5 29 i
748 1989 195 37 möjligaste
960 1989 82 31 mån
1064 1990 105 31 vinna
1188 1990 135 30 klarhet
1341 1990 11 30 i
1371 1990 204 31 förberörda
1594 1991 65 29 och
1683 1990 109 31 andra

288 2039 81 30 med
388 2039 507 37 täckdikningsverksamheten
914 2041 343 35 sammanhängande
1275 2041 166 35 problem.
1462 2041 79 30 Med
1559 2041 137 36 hänsyn
1714 2041 77 30 här-

288 2089 50 30 till
365 2089 65 30 och
455 2089 44 31 då
523 2089 115 31 såsom
664 2089 154 37 framgår
842 2100 42 21 av
913 2091 82 30 1945
1019 2090 56 31 års
1099 2090 530 38 jordbruksförsöksutrednings
1656 2091 135 30 remiss-

288 2138 178 32 utlåtande
491 2140 240 30 anordnandet
755 2150 42 21 av
824 2150 42 21 en
896 2140 108 31 sådan
1032 2141 359 31 försöksverksamhet
1417 2142 75 30 icke
1523 2151 101 27 synes
1649 2143 143 29 komma

288 2192 50 27 att
357 2189 172 37 föregripa
549 2193 46 28 ett
615 2191 327 36 ställningstagande
964 2192 50 30 till
1036 2192 41 30 de
1096 2192 128 36 förslag
1245 2192 226 36 utredningen
1495 2202 98 21 avser
1616 2196 48 27 att
1685 2194 105 29 fram-

289 2240 108 36 lägga,
420 2240 57 30 vill
500 2241 59 36 jag
582 2240 127 31 föreslå
733 2245 48 26 att
804 2242 111 29 medel
939 2251 48 21 nu
1013 2242 136 32 anvisas
1173 2243 55 29 för
1253 2241 215 37 påbörjande
1492 2253 42 20 av
1559 2253 42 21 en
1628 2242 164 36 utvidgad

289 2290 614 37 täckdikningsförsöksverksamhet.

334 2341 75 30 Vad
427 2341 204 32 kommittén
652 2342 174 36 föreslagit
845 2343 10 29 i
874 2341 98 37 fråga
990 2352 58 21 om
1069 2343 420 32 försöksverksamhetens
1510 2344 209 36 omfattning
1739 2353 52 27 sy-

288 2401 61 20 nes
370 2391 9 30 i
396 2391 183 31 huvudsak
600 2392 120 31 kunna
740 2393 173 36 godtagas.
935 2391 153 33 Sålunda
1108 2394 96 30 torde
1223 2394 111 30 under
1354 2394 41 30 de
1412 2396 175 29 närmaste
1606 2394 83 31 åren
1707 2395 85 30 böra

288 2442 155 36 utläggas
471 2444 45 28 ett
543 2443 95 30 antal
663 2444 107 29 större
794 2443 365 36 täckdikningsförsök
1183 2462 43 4 —
1252 2444 199 37 förslagsvis
1478 2446 56 30 det
1560 2456 43 20 av
1631 2444 160 32 kommit-
