2173 2684
706 199 95 32 Stats-
812 196 161 37 Utskottels
998 197 170 35 Memorial
1194 197 64 36 N:o
1283 203 54 30 23.
1749 202 16 32 1

929 703 76 41 N:d
1035 704 67 42 28.

765 858 75 29 Ank.
865 859 43 28 till
931 859 102 30 Riksd.
1058 861 102 29 Kansli
1184 862 53 29 den
1262 862 17 28 8
1302 862 81 29 Mars
1409 864 89 36 1879,
1520 864 39 29 kl.
1586 866 34 27 11
1647 864 18 29 f.
1690 874 35 20 m.

417 1001 196 46 Memorial,
655 1005 79 34 med
753 1005 149 48 förslag
930 1006 52 35 till
1010 1007 398 48 voteringsproposition
1435 1010 82 35 med
1545 1010 196 49 anledning
1768 1013 44 48 af

615 1054 225 38 Kamrarnes
873 1057 199 48 skiljaktiga
1101 1058 110 36 beslut
1239 1060 13 34 i
1280 1059 182 46 åtskilliga
1480 1061 149 48 frågor,
1657 1064 153 34 rörande

612 1108 172 46 anslagen
812 1108 116 35 under
956 1108 212 37 riksstatens
1203 1109 186 46 Fjerde
1425 1112 214 48 hufvudtitel
1668 1127 43 22 m.
1740 1127 44 22 m.

1442 1211 75 48 (1:a
1546 1214 42 36 U.
1619 1215 60 45 A.)

344 1357 123 37 Sedan
500 1358 314 38 Stats-Utskottet
848 1361 146 36 erhållit
1028 1363 58 35 del
1114 1363 38 36 af
1177 1364 225 38 Kamrarnes
1430 1366 122 36 beslut
1580 1368 9 34 i
1615 1369 195 49 anledning

212 1407 38 37 af
289 1407 214 38 Utskottets
543 1411 191 36 utlåtande
767 1411 74 37 N:o
873 1414 58 42 70,
960 1415 190 47 angående
1178 1417 236 48 regleringen
1442 1417 39 36 af
1505 1418 205 48 utgifterna
1740 1434 68 22 un-

213 1459 67 36 der
309 1461 222 36 riksstatens
560 1461 116 48 fjerde
707 1462 241 46 hufvudtitel,
975 1464 56 37 får
1059 1465 195 37 Utskottet
1283 1468 68 35 här
1380 1469 118 35 nedan
1528 1469 207 38 framställa
1764 1472 44 36 de

211 1509 137 48 förslag
389 1513 57 34 till
489 1513 473 49 voteringspropositioner
1003 1523 96 29 samt
1140 1518 136 48 afgifva
1319 1519 44 36 de
1405 1521 202 47 yttranden
1642 1523 10 34 i
1682 1522 125 49 öfrigt,

212 1562 150 36 hvartill
391 1563 159 36 berörda
578 1564 126 36 beslut
732 1565 143 37 funnits
904 1566 203 37 förauleda.

347 1665 69 34 1:0.
470 1662 124 38 Sedan
624 1665 8 35 i
661 1666 199 47 anledning
888 1665 38 37 af
950 1668 108 48 gjord
1086 1668 279 51 framställning
1394 1672 139 45 derom,
1563 1680 55 30 att
1638 1677 169 47 anslaget

210 1714 55 35 till
294 1714 167 36 artlleri-
489 1716 61 35 och
576 1716 367 49 ingeniör-högskolan
972 1723 114 32 måtte
1115 1719 81 37 från
1227 1723 167 47 anslaget
1421 1725 58 34 till
1498 1724 310 39 »försvarsverket

208 1765 57 36 till
303 1765 160 41 lands.
450 1761 26 68 i
504 1767 218 37 allmänhet»
763 1769 171 49 utbrytas
977 1771 67 35 och
1085 1774 122 33 såsom
1249 1774 175 35 särskildt
1465 1777 128 47 anslag
1620 1777 188 48 uppföras,

210 1816 133 48 Kongl.
371 1815 104 48 Maj:t
503 1817 194 50 föreslagit
727 1819 222 49 Riksdagen,
978 1826 54 30 att
1059 1822 117 36 under
1203 1824 81 35 titel
1311 1826 192 35 »artilleri-
1532 1827 65 36 och
1621 1828 186 46 ingeniör-

211 1867 224 46 högskolan»
478 1868 154 49 uppföra
674 1872 20 32 å
733 1869 117 48 fjerde
879 1871 268 47 hufvudtiteln,
1178 1881 81 29 näst
1287 1875 93 36 efter
1408 1878 162 47 anslaget
1597 1879 58 35 till
1684 1880 123 47 Krigs-

212 1918 216 47 högskolan,
458 1925 54 30 ett
539 1926 84 41 nytt
652 1921 126 48 anslag
806 1925 19 31 å
853 1924 133 41 45,366
1016 1924 139 35 kronor
1180 1927 46 34 50
1242 1933 75 37 öre,
1334 1933 96 30 samt
1445 1934 63 36 att,
1524 1930 61 34 vid
1601 1929 103 37 bifall
1722 1931 84 36 här-

211 1970 67 42 till,
308 1970 166 48 anslaget
502 1971 54 35 till
585 1971 313 38 »försvarsverket
927 1975 57 34 till
1011 1975 107 36 lands
1146 1976 11 35 i
1185 1978 220 35 allmänhet»
1433 1979 118 37 skulle
1568 1981 83 35 med
1667 1994 139 24 samma

211 2020 139 48 belopp
394 2021 175 45 minskas,
611 2022 94 36 hade
747 2023 190 36 Utskottet
978 2025 10 34 i
1031 2027 89 34 I:sta
1153 2028 161 46 punkten
1356 2029 185 45 hemstält,
1582 2037 55 30 att
1673 2028 132 58 Kongl.

212 2071 121 47 Maj:ts
376 2071 135 48 nådiga
543 2072 272 49 framställning
844 2088 58 22 om
934 2075 229 49 uppförande
1192 2078 40 35 af
1256 2081 176 35 särskildt
1461 2083 128 46 anslag
1616 2082 58 36 för
1702 2086 104 33 artil-

209 2123 82 34 leri-
322 2122 69 35 och
420 2123 391 49 ingeniör-högskolan
839 2126 81 35 icke
950 2130 114 33 måtte
1093 2129 112 35 vinna
1233 2129 228 49 Riksdagens
1488 2132 112 36 bifall.
1645 2134 81 36 Med
1757 2135 50 36 af-

209 2174 81 47 slag
330 2176 20 32 å
392 2173 121 37 denna
553 2175 237 44 hemställan,
820 2176 64 36 har
926 2176 130 38 Första
1097 2178 225 39 Kammaren
1356 2182 135 36 bifallit
1519 2183 132 49 Kongl.
1681 2185 125 49 Maj:ts

210 2223 285 49 ifrågavarande
536 2226 136 49 nådiga
699 2227 280 47 framställning,
1007 2230 195 37 hvaremot
1229 2231 134 38 Andra
1393 2233 219 38 Kammaren
1641 2237 167 47 godkänt

210 2274 214 37 Utskottets
453 2274 150 49 förslag.

308 2326 75 32 Bih.
412 2327 48 32 till
486 2327 111 33 RBiksd.
627 2328 86 33 Prot.
744 2332 94 30 1879.
893 2333 20 29 4
940 2331 99 32 Soml.
1095 2335 18 29 1
1139 2332 78 40 Afd.
1272 2337 45 29 17
1341 2335 91 40 Häift,
1741 2340 15 30 1
