2170 2683
687 196 98 35 Stats-
795 199 162 34 Utskottets
982 201 170 36 Memorial
1179 206 63 32 N:o
1269 209 54 31 23.
1750 219 17 32 7

355 277 140 38 Vinner
521 280 82 48 Nej,
633 281 66 37 har
726 283 226 50 Riksdagen,
975 288 116 47 jerate
1119 289 244 50 förklarande,
1386 302 53 30 att
1462 297 209 52 Riksdagen
1694 313 123 31 ansett

217 327 57 48 sig
316 328 58 36 för
416 332 230 37 närvarande
688 335 31 47 ej
755 335 125 38 kunna
912 338 137 49 bevilja
1077 344 113 46 något
1218 346 176 37 särskildt
1422 351 127 48 anslag
1576 355 57 35 till
1662 358 159 37 anskaff-

216 380 90 48 ning
347 379 40 36 af
416 380 407 52 fältartillerimateriel,
858 387 57 37 för
941 390 53 35 sin
1024 391 58 36 del
1112 395 210 48 medgifvit,
1351 404 55 31 att
1433 400 59 37 för
1519 405 234 52 anskaffning
1780 411 40 36 af

213 435 53 30 ett
307 431 136 37 batteri
477 433 39 36 af
546 448 48 36 ny
624 436 262 38 konstruktion
915 441 84 36 med
1029 442 219 53 fullständig
1275 452 217 48 utrustning
1519 454 41 36 af
1583 456 134 38 fordon
1745 462 68 35 och

212 483 248 35 ammunition
490 488 58 33 må
577 486 40 35 af
641 486 131 49 Kongl.
802 488 102 49 Maj:t
933 494 189 36 användas
1150 497 30 47 ej
1211 498 145 38 mindre
1385 501 62 37 det
1467 504 136 51 belopp
1626 508 38 36 af
1679 512 133 44 56,065

210 531 141 38 kronor
379 536 46 33 54
454 542 77 38 öre,
560 550 81 23 som
670 539 201 37 beräknats
900 542 112 37 blifva
1041 546 119 36 under
1189 551 40 33 år
1259 551 94 37 1880
1383 552 198 51 besparadt
1605 562 21 32 å
1644 563 169 48 anslaget

213 583 55 36 till
305 584 157 38 »indelta
492 589 145 36 arméns
670 590 311 52 befälsaflöning»,
1015 603 44 28 än
1087 597 110 37 äfven
1224 600 241 52 erforderligt
1493 607 135 51 belopp
1657 613 81 36 utaf
1764 614 46 37 de

209 634 248 50 besparingar,
485 650 79 24 som
592 640 10 34 i
630 639 112 49 öfrigt
770 643 126 36 kunna
922 645 100 37 inom
1051 647 254 41 hufvudtiteln
1333 653 182 41 beredas.»

347 744 66 35 8:0.
467 743 73 36 För
568 745 173 36 arbetena
769 746 63 36 vid
862 746 222 51 Karlsborgs
1112 751 166 51 fästning
1305 755 93 38 hade
1416 758 133 50 Kongl.
1571 763 103 49 Maj:t
1693 768 114 46 äskat,

203 792 117 46 Jemte
348 799 55 30 ett
431 801 114 30 annat
573 795 146 50 belopp,
749 796 155 38 hvarom
933 812 50 23 nu
1011 801 30 46 ej
1071 808 39 28 är
1136 802 117 46 fråga,
1284 808 157 42 154,500
1469 812 138 38 kronor
1634 817 57 35 till
1719 818 90 38 fort-

205 844 173 36 sättande
419 845 37 36 af
496 845 326 51 hufvudgrafvens
862 855 186 43 yttermur
1075 859 94 29 samt
1197 855 134 38 bakom
1358 860 173 48 liggande
1554 866 252 47 jordmassors

203 893 236 39 formerande
481 910 46 22 m.
571 909 76 34 m.,;
696 897 80 38 Och
806 899 193 38 Utskottet
1027 902 97 37 hade
1152 905 12 34 i
1193 906 118 38 21:sta
1331 912 163 45 punkten
1521 928 105 25 mom.
1655 920 18 35 b
1702 921 101 37 hem-

203 947 99 43 stält,
345 952 53 30 att
438 947 133 49 Kongl.
614 949 121 48 Maj:ts
777 951 160 36 berörda
977 952 136 48 nådiga
1141 954 275 55 framställning
1443 964 80 37 icke
1551 972 114 34 måtte
1693 973 110 36 vinna

204 996 231 48 Riksdagens
463 998 111 36 bifall.
616 1000 87 36 Med
732 1000 119 49 afslag
879 1006 18 32 å
928 1002 120 37 denna
1077 1004 210 41 Utskottets
1316 1011 231 50 hemställan,
1576 1019 67 37 har
1670 1021 132 40 Första

203 1046 241 38 Kammarens
484 1049 136 37 bifallit
661 1052 70 37 den
775 1052 39 36 af
850 1053 94 36 Herr
986 1052 35 38 C.
1064 1055 145 38 Ekman
1249 1074 47 22 wm.
1338 1064 35 36 fl.
1404 1066 60 35 vid
1493 1071 158 36 nämnda
1684 1076 117 45 punkt

201 1098 133 47 fogade
375 1102 237 41 reservation,
647 1102 80 37 deri
757 1104 226 47 föreslagits,
1012 1111 55 31 att
1094 1107 209 53 Riksdagen
1331 1115 119 38 skulle
1479 1122 45 44 på
1553 1121 63 37 det
1644 1131 75 30 sätt
1746 1126 55 36 bi-

202 1148 87 37 falla
332 1150 136 48 Kongl.
498 1151 121 49 Maj:ts
652 1155 11 34 i
693 1162 123 29 ämnet
843 1156 131 47 gjorda
1002 1158 133 46 nådiga
1163 1159 289 57 framställning,
1482 1176 54 30 att
1564 1174 54 34 till
1646 1175 154 38 fortsät-

200 1201 108 35 tande
337 1201 60 36 vid
426 1202 222 50 Karlsborgs
675 1204 165 50 fästning
867 1206 40 36 af
930 1207 321 50 hufvudgrafvens
1278 1222 188 41 yttermur
1485 1234 46 23 m.
1554 1237 44 22 m.
1621 1232 52 30 ett
1694 1233 106 32 extra

200 1253 128 45 anslag
370 1256 20 32 å
431 1256 136 43 50,000
602 1256 138 37 kronor
772 1256 58 38 för
858 1261 40 32 år
928 1260 94 35 1880
1051 1261 206 40 anvisades.
1312 1268 128 38 Andra
1468 1270 222 44 Kammaren
1719 1282 81 34 åter

200 1302 67 36 har
293 1303 212 38 Utskottets
535 1306 221 38 hemställan
785 1308 150 37 bifallit.

336 1354 55 35 Då
418 1355 109 36 äfven
556 1357 120 36 denna
706 1359 102 48 fråga
837 1360 108 36 torde
974 1361 35 36 få
1037 1375 135 34 genom
1200 1371 232 48 omröstning
1459 1374 158 49 afgöras,
1646 1378 152 41 föreslår

197 1403 188 38 Utskottet
417 1407 4 34 i
453 1407 132 36 sådant
613 1409 209 37 hänseende
850 1410 165 48 följande
1044 1412 439 60 voteringsproposition:

332 1456 110 45 »Den,
483 1471 79 22 som
604 1461 77 43 vill,
723 1467 55 29 att
817 1461 210 50 Riksdagen
1070 1467 44 45 på
1151 1467 64 37 det
1242 1476 72 30 sätt
1342 1473 145 39 bifaller
1515 1477 131 52 Kongl.
1676 1482 120 48 Maj:ts

196 1505 136 49 nådiga
371 1507 275 51 framställning
675 1525 59 22 om
763 1512 208 47 beviljande
999 1514 39 36 af
1064 1519 122 37 medel
1213 1521 58 35 till
1300 1522 248 43 fortsättande
1576 1532 63 35 vid
1667 1534 129 38 Karls-

194 1556 113 49 borgs
335 1557 367 51 fästningsbyggnad
732 1563 40 35 af
798 1563 318 50 hufvudgrafvens
1143 1576 188 43 yttermur
1358 1585 96 28 samt
1470 1579 132 38 bakom
1620 1584 174 47 liggande

187 1607 253 46 Jordmassors
468 1610 235 39 formerande
733 1627 45 22 m.
809 1628 59 31 m.,
898 1621 54 30 att
980 1616 58 37 för
1066 1620 162 37 berörda
1256 1625 170 38 ändamål
1455 1635 54 31 ett
1537 1640 105 30 extra
1666 1639 128 48 anslag

190 1661 20 31 å
239 1660 133 43 50,000
402 1661 140 36 kronor
570 1662 56 36 för
655 1667 40 33 år
725 1666 95 35 1880
849 1668 154 43 anvisas,
1032 1677 120 31 röstar

955 1752 61 46 Ja;

331 1811 92 45 Den,
452 1813 61 35 det
542 1815 32 46 ej
605 1816 76 43 vill,
710 1822 122 31 röstar

954 1889 83 49 Nej;

329 1946 142 38 Vinner
512 1949 77 48 Nej,
631 1951 66 36 har
730 1953 135 50 Kongl.
895 1956 118 48 Maj:ts
1042 1961 135 46 nådiga
1205 1964 271 54 framställning
1504 1986 57 23 om
1591 1979 197 39 anvisande

186 1995 41 36 af
253 1997 118 36 medel
401 1999 57 35 för
486 2002 159 35 nämnda
675 2004 173 37 ändamål
877 2007 78 37 icke
984 2012 133 36 vunnit
1145 2013 232 53 Riksdagens
1406 2022 129 37 bifall.»

319 2083 212 38 Stockholm
562 2088 73 35 den
666 2091 20 34 8
715 2089 98 38 Mars
844 2094 105 35 1879.

684 2174 53 35 På
765 2174 335 44 Stats-Utskottets
1129 2192 156 40 vägnar:

808 2260 127 38 CARL
973 2263 185 42 EKMAN.
