2230 2646
724 185 250 36 Statsutskottets
1001 189 169 33 Utlåtande
1192 191 66 32 N:o
1282 192 52 30 26.
1741 193 15 31 1

909 570 76 40 N:o
1013 570 68 41 26.

780 690 72 29 Ank.
876 691 53 28 till.
957 691 96 29 Riksd.
1079 692 90 28 kansli
1193 692 55 28 den
1273 695 16 25 4
1314 703 73 18 mars
1413 695 89 33 1892,
1527 693 37 28 kl.
1590 696 16 26 8
1631 703 23 18 e.
1679 704 38 18 m.

397 802 204 43 Utlåtande,
643 804 13 33 i
696 803 194 44 anledning
923 802 46 44 af
999 804 126 34 väckta
1148 803 146 46 förslag
1322 805 73 35 dels
1423 817 52 23 om
1503 806 216 45 statsbidrag
1748 807 54 34 till

591 870 161 35 enskilda
773 871 442 45 jernvägsanläggningar
1242 873 61 34 och
1331 873 74 34 dels
1432 884 53 23 om
1507 874 230 44 nedsättning
1756 874 50 43 af

589 941 131 31 räntan
751 939 20 33 å
791 939 42 34 de
853 938 54 34 till
927 939 123 44 dylika
1063 940 438 44 jernvägsanläggningar
1520 940 161 36 lemnade
1700 942 100 35 låne-

588 1006 193 34 understöd
808 1005 49 43 af
879 1006 210 35 statsmedel.
1546 1005 58 47 (BR.
1634 1005 62 47 A.)

323 1122 73 36 Vid
436 1122 246 36 innevarande
721 1123 148 46 riksdag
900 1122 107 36 hafva
1038 1123 139 48 förslag
1204 1123 123 37 blifvit
1353 1125 129 35 väckta
1509 1125 30 47 ej
1569 1125 144 36 mindre
1739 1139 60 23 om

188 1173 195 35 anvisande
410 1172 36 35 af
474 1173 225 46 statsbidrag
722 1174 56 34 till
798 1173 309 47 understödjande
1126 1174 39 35 af
1180 1175 164 36 enskilda
1357 1175 443 48 jernvägsanläggningar

188 1230 45 28 än
273 1223 104 35 äfven
419 1236 56 22 om
519 1223 236 47 nedsättning
786 1224 39 35 af
854 1230 128 29 räntan
1010 1228 21 31 å
1058 1225 44 35 de
1129 1226 54 34 till
1212 1226 124 48 dylika
1358 1226 442 48 jernvägsanläggningar

187 1273 167 36 lemnade
392 1274 285 35 låneunderstöd
719 1274 40 35 af
792 1275 225 41 statsmedel;
1060 1276 66 34 och
1168 1275 57 35 får
1265 1277 188 40 utskottet,
1496 1277 56 34 till
1585 1277 108 35 hvars
1726 1277 72 36 för-

188 1324 202 35 beredande
418 1324 279 47 handläggning
724 1325 102 35 dessa
853 1325 137 47 förslag
1019 1326 197 42 hänvisats,
1245 1326 147 35 härmed
1421 1326 102 36 öfver
1550 1327 83 35 dem
1662 1327 138 47 afgifva

189 1374 182 49 yttrande.

983 1459 26 36 I.

325 1543 11 35 I
364 1556 44 23 en
436 1543 99 36 inom
563 1543 127 36 Andra
716 1543 221 42 Kammaren
962 1545 108 35 väckt
1094 1546 139 34 motion
1257 1543 76 47 (n:o
1354 1544 63 46 74)
1436 1546 65 35 har
1520 1546 84 36 herr
1622 1549 44 34 A.
1688 1549 110 35 Aulin

184 1595 113 46 jemte
338 1597 75 32 åtta
452 1595 114 34 andra
606 1594 37 35 af
674 1595 229 35 kammarens
931 1595 201 36 ledamöter
1160 1596 181 44 hemstält,
1370 1602 53 29 att
1451 1597 207 47 Riksdagen
1687 1602 113 32 måtte

189 1647 117 33 såsom
352 1646 216 45 statsanslag
613 1650 87 30 utan
741 1645 509 50 återbetalningsskyldighet,
1291 1648 88 34 eller
1419 1648 221 35 åtminstone
1681 1652 116 32 såsom

189 1695 280 47 aktieteckning,
512 1696 134 47 bevilja
684 1697 122 35 Norra
848 1697 305 35 Södermanlands
1188 1699 371 44 jernvägsaktiebolag
1599 1704 53 29 ett
1692 1704 107 31 stats-

190 1745 197 35 understöd
429 1745 39 35 af
506 1748 160 41 300,000
708 1747 137 35 kronor
876 1752 54 30 att
963 1749 87 44 utgå
1079 1747 116 35 under
1223 1750 84 32 åren
1340 1749 94 34 1893
1463 1749 64 34 och
1560 1750 94 33 1894
1684 1749 116 35 under

189 1794 176 36 förbehåll
393 1800 53 29 att
472 1795 105 36 dessa
605 1796 116 35 medel
749 1797 194 42 användes,

323 1846 72 34 dels
422 1846 71 40 till
510 1841 107 59 inköp
645 1845 39 35 af
710 1847 92 34 räler
830 1846 81 35 utaf
934 1859 43 23 en
1006 1847 136 46 qvalité
1166 1847 85 35 fullt
1270 1847 188 49 jemförlig
1477 1848 81 35 med
1578 1849 83 35 dem
1681 1855 118 29 staten

191 1896 115 35 under
333 1908 124 23 senare
484 1896 100 35 tiden
611 1896 139 48 inköpt,

324 1947 72 35 dels
435 1952 54 29 att
528 1947 194 46 tillgodose
762 1948 44 35 de
848 1948 159 35 militära
1047 1948 90 42 kraf,
1179 1962 77 22 som
1289 1949 126 35 chefen
1443 1949 56 35 för
1525 1950 274 46 generalstaben

190 1996 186 36 äfvensom
405 1997 121 46 kongl.
556 1997 372 47 arméförvaltningen
959 1998 187 48 föreslagit
1173 2003 115 31 såsom
1317 2000 118 34 vilkor
1454 1999 56 35 för
1529 2001 271 46 statsanslagets

190 2047 218 43 erhållande,

324 2098 73 34 dels
424 2099 59 33 ock
511 2097 174 47 slutligen
714 2102 53 30 att
786 2098 251 34 åstadkomma
1057 2098 292 48 banbyggnaden
1370 2099 10 33 i
1401 2099 261 46 hufvudsaklig
1680 2099 120 36 öfver-

190 2147 270 35 ensstämmelse
502 2147 81 35 med
624 2147 61 35 det
716 2147 39 35 af
779 2148 166 45 ingeniör
974 2147 42 35 V.
1042 2147 196 47 Engström
1266 2151 40 32 år
1337 2151 88 33 1891
1460 2149 204 48 uppgjorda
1691 2150 109 34 alter-

194 2197 119 35 nativa
344 2197 183 46 förslaget,
556 2197 236 46 hvarigenom
817 2198 287 46 jernvägslinien
1132 2198 143 35 komme
1303 2204 53 29 att
1383 2199 129 48 dragas
1540 2199 102 35 öfver
1670 2198 130 37 Marie-

192 2247 204 36 fredsviken
422 2247 79 36 från
529 2248 70 35 den
617 2261 26 21 s.
665 2248 33 34 k.
722 2247 212 36 Pörtudden
954 2248 10 34 i
986 2249 172 34 närheten
1179 2248 40 35 af
1235 2247 227 49 Gripsholms
1483 2250 119 45 kongl.
1627 2250 171 35 lustslott.

277 2310 73 31 Bih.
377 2311 47 30 till
452 2312 106 30 RBiksd.
589 2311 82 30 Prot.
699 2311 98 30 1892.
843 2312 19 29 4
887 2311 97 30 Saml.
1035 2312 12 29 1
1074 2311 76 44 Afd.
1204 2312 41 30 16
1271 2312 92 43 Häft.
1409 2311 78 39 (N:o
1511 2313 77 41 26).
