1876 2840
288 165 117 30 Första
425 166 203 32 kammarens
646 168 118 31 andra
785 169 166 39 tillfälliga
969 171 141 31 utskotts
1127 172 168 32 utlåtande
1316 184 40 20 nr
1374 176 47 29 14.
1584 176 14 29 1

769 387 63 39 Nr
863 387 73 41 14.

551 487 129 32 Ankom
698 488 50 32 till
767 489 192 39 riksdagens
975 491 106 31 kansli
1100 492 63 31 den
1181 494 37 29 12
1235 494 68 38 maj
1323 495 79 30 1939
1419 495 42 31 kl.
1480 496 17 30 2
1516 506 24 21 e.
1554 506 41 21 m.

265 592 121 31 Första
405 593 205 32 kammarens
630 596 121 31 andra
773 597 170 39 tillfälliga
963 600 143 30 utskotts
1126 601 182 38 utlåtande,
1328 612 41 21 nr
1387 603 81 37 14,1
1486 604 109 31 anled-

425 647 80 38 ning
526 658 40 21 av
587 649 96 30 väckt
704 650 123 31 motion
848 652 167 38 angående
1035 653 233 38 försäkrandet
1287 656 14 30 i
1318 656 133 38 privata
1469 657 126 39 försäk-

426 700 189 40 ringsbolag
630 713 40 20 av
686 704 113 38 statlig
816 706 58 29 och
891 706 187 31 kommunal
1095 708 154 37 egendom
1266 719 40 21 m.
1321 720 40 20 m.

191 806 15 29 I
222 816 40 21 en
277 806 89 31 inom
382 807 192 39 riksdagens
589 809 104 32 första
708 810 166 33 kammare
888 813 106 38 väckt,
1009 814 52 30 till
1076 814 72 31 dess
1162 815 104 31 andra
1281 816 171 39 tillfälliga
1466 818 127 32 utskott
1623 829 148 25 2otionen.

104 858 160 32 hänvisad
284 860 134 38 motion,
439 871 41 20 nr
501 862 69 38 186,
590 863 61 31 har
668 863 77 32 herr
766 864 148 32 Theodor
933 866 201 38 Magnusson
1152 868 176 39 hemställt,
1349 873 49 28 att
1418 871 175 39 riksdagen

109 912 75 32 ville
205 912 127 33 besluta
353 918 49 28 att
425 915 10 31 i
458 916 155 33 skrivelse
635 918 51 31 till
709 919 123 39 Kungl.
856 920 102 39 Maj:t
983 922 139 38 anhålla,
1147 927 48 27 att
1219 924 123 38 Kungl.
1367 924 103 39 Maj:t
1493 925 101 32 måtte

106 965 66 31 låta
197 966 178 32 verkställa
400 978 40 21 en
463 968 134 40 allsidig
620 971 181 39 utredning
825 972 10 30 i
860 973 88 37 syfte
972 977 50 28 att
1046 976 120 30 utröna
1191 976 10 30 i
1226 976 111 32 vilken
1361 978 232 40 utsträckning

105 1023 131 36 statens,
254 1020 39 33 de
310 1022 133 39 statliga
461 1024 57 30 och
537 1024 210 39 halvstatliga
764 1026 285 33 institutionernas
1066 1033 84 28 samt
1167 1030 250 33 kommunernas
1435 1032 155 38 egendom

105 1074 39 30 är
163 1073 172 33 försäkrad
356 1075 10 30 i
385 1076 40 31 de
444 1076 132 38 privata
596 1078 341 41 försäkringsbolagen
957 1082 58 30 och
1036 1083 87 31 huru
1144 1083 89 32 dessa
1256 1084 227 40 försäkringar
1503 1086 88 31 skola

105 1125 111 32 kunna
233 1127 127 32 avlösas
377 1138 40 21 av
435 1139 40 21 en
492 1140 89 21 mera
599 1131 260 40 ändamålsenlig
875 1134 151 37 ordning.

186 1181 93 31 Inom
302 1181 106 31 andra
431 1182 189 32 kammaren
643 1184 60 31 har
725 1185 77 30 herr
824 1186 131 32 Nilsson
978 1188 10 29 i
1012 1188 163 40 Göteborg
1197 1190 94 31 väckt
1316 1201 40 21 en
1379 1191 211 39 likalydande

102 1233 131 38 motion,
252 1244 41 20 nr
308 1235 71 30 271.

198 1287 201 32 3eträffande
416 1289 238 39 motiveringen
670 1292 53 30 får
738 1293 160 31 utskottet
914 1294 136 32 hänvisa
1067 1296 50 30 till
1133 1297 165 31 motionen
1314 1299 16 29 I:
1362 1299 67 30 186.

185 1392 84 33 Över
292 1395 164 32 motionen
481 1397 125 39 II:271,
632 1409 65 20 som
721 1410 40 20 av
786 1401 103 31 andra
914 1402 187 32 kammaren
1125 1405 166 31 hänvisats
1316 1406 51 31 till
1392 1406 70 32 dess
1489 1408 98 31 femte
1617 1414 161 24 Yttranden.

98 1446 170 40 tillfälliga
291 1448 137 38 utskott,
452 1450 60 30 har
535 1450 92 32 detta
650 1453 126 30 utskott
799 1454 162 31 inhämtat
984 1456 196 31 utlåtanden
1203 1457 78 31 från
1304 1459 282 40 riksräkenskaps-

98 1501 119 38 verket,
238 1502 434 40 försäkringsinspektionen
692 1506 59 31 och
770 1507 288 40 domänstyrelsen,
1081 1510 160 38 varjämte
1264 1512 143 32 Svenska
1429 1514 156 31 stadsför-

99 1553 131 40 bundet,
249 1556 146 32 Svenska
410 1557 344 34 landskommunernas
775 1561 142 32 förbund
935 1563 58 30 och
1011 1564 144 32 Svenska
1173 1565 315 41 försäkringsbolags
1506 1567 78 31 riks-

99 1607 146 32 förbund
261 1608 123 32 beretts
400 1610 133 32 tillfälle
550 1615 51 27 att
617 1612 163 32 inkomma
798 1614 73 31 med
888 1616 190 38 yttranden.

180 1661 396 41 Riksräkenskapsverket
599 1665 128 31 erinrar
749 1677 48 20 om
823 1671 49 27 att
895 1678 114 28 genom
1031 1669 112 39 kungl.
1165 1670 78 32 brev
1263 1671 64 32 den
1349 1674 38 29 27
1409 1673 74 38 juni
1505 1675 79 30 1821

96 1715 216 38 föreskrivits,
334 1720 50 27 att
404 1716 298 41 brandförsäkring
723 1720 68 31 icke
811 1721 104 31 skulle
936 1725 92 34 tagas
1047 1724 19 30 å
1084 1723 143 33 kronans
1247 1726 93 31 förut
1359 1727 30 37 ej
1411 1726 174 32 brandför-

99 1768 135 33 säkrade
258 1770 165 38 egendom.
448 1771 72 31 Den
544 1773 184 38 grundsats,
753 1785 67 20 som
845 1776 138 32 sålunda
1007 1778 71 30 kom
1104 1779 48 30 till
1179 1780 142 38 uttryck,
1347 1781 163 38 nämligen
1535 1785 46 28 att

94 1824 107 27 staten
222 1821 101 32 borde
344 1833 77 21 vara
444 1824 50 30 sin
515 1834 80 28 egen
616 1826 328 39 försäkringsgivare,
966 1829 83 31 hade
1069 1831 182 31 sedermera
1272 1832 136 32 kommit
1427 1838 49 27 att
1497 1835 86 37 gälla

93 1884 69 21 som
185 1885 39 20 en
246 1876 123 30 allmän
394 1877 94 37 regel.
524 1878 179 37 Undantag
725 1880 76 31 från
826 1881 106 31 denna
956 1883 85 36 regel
1066 1884 82 30 hade
1171 1886 181 30 emellertid
1376 1887 206 31 förekommit

94 1928 43 36 på
155 1928 109 37 grund
281 1939 42 20 av
340 1929 42 30 bl.
396 1940 27 20 a.
443 1930 63 30 den
524 1932 135 37 statliga
677 1933 264 32 verksamhetens
959 1935 200 39 utvidgning
1175 1938 50 34 till
1243 1948 66 27 nya
1326 1940 154 30 områden
1498 1945 80 26 samt

96 1981 379 38 försäkringsväsendets
503 1985 198 37 utveckling.
741 1986 243 39 Försäkringar
1011 1989 93 31 torde
1133 1991 82 30 hava
1242 1991 111 38 tagits,
1380 1992 42 31 då
1449 1993 133 31 särskilt

94 2033 168 38 påtagliga
288 2034 106 31 risker
418 2036 170 37 förelegat.
627 2038 242 38 Försäkringar
892 2044 89 34 toges
1007 2042 8 29 i
1044 2043 83 35 regel
1155 2043 68 31 icke
1248 2047 83 28 utan
1355 2046 161 31 särskilda
1541 2057 40 20 av

99 2086 118 37 Kungl.
234 2087 69 37 Maj
317 2091 21 27 :t
354 2088 190 32 meddelade
558 2110 41 3 —
612 2090 205 33 beträffande
832 2097 124 27 statens
970 2094 180 32 affärsverk
1166 2096 80 31 dock
1261 2108 87 21 mera
1365 2100 162 36 generella
1540 2120 42 3 —

92 2139 159 38 tillstånd,
277 2141 260 32 understundom
563 2144 257 38 kompletterade
844 2147 71 30 med
938 2158 40 19 av
1002 2148 174 37 riksdagen
1199 2150 53 30 för
1273 2151 183 32 ändamålet
1483 2152 98 31 bevil-

92 2192 76 36 jade
192 2194 114 37 anslag
336 2195 211 38 (exempelvis
571 2197 9 29 i
605 2197 95 36 fråga
723 2209 50 19 om
798 2199 40 30 de
862 2200 110 36 kungl.
998 2205 184 27 teatrarnas
1205 2202 221 40 byggnader).
1462 2207 116 30 Ehuru

92 2255 50 27 en,
170 2245 102 31 delvis
299 2248 87 29 efter
411 2248 146 31 initiativ
585 2250 75 30 från
689 2251 191 37 riksdagens
907 2253 175 31 revisorers
1108 2255 79 37 sida,
1215 2257 72 31 med
1312 2257 90 30 tiden
1429 2259 147 30 alltmera

91 2298 168 31 restriktiv
281 2300 138 30 tendens
441 2301 93 30 torde
557 2301 83 31 hava
662 2303 83 36 gjort
772 2304 50 36 sig
844 2305 151 36 gällande
1018 2307 54 29 vid
1094 2308 229 36 medgivandet
1346 2320 40 20 av
1408 2311 172 37 undantag

92 2351 75 30 från
185 2351 61 31 den
264 2353 163 31 allmänna
449 2354 118 38 regeln,
587 2359 47 27 att
653 2360 104 27 staten
777 2358 103 30 skulle
899 2369 76 20 vara
994 2360 48 29 sin
1063 2370 75 26 egen
1163 2362 321 40 försäkringsgivare,
1503 2366 75 29 ville

94 2403 380 39 riksräkenskapsverket
492 2407 134 31 förorda
643 2409 192 37 ytterligare
853 2410 222 38 begränsning
1091 2423 40 19 av
1153 2415 423 36 försäkringsförfarandet.

94 2456 111 37 Enligt
229 2457 128 31 verkets
381 2459 131 37 mening
535 2464 111 33 syntes
670 2461 76 31 böra
774 2463 187 37 fastställas,
984 2469 45 26 att
1058 2466 169 36 undantag
1254 2468 72 30 från
1352 2469 223 38 huvudregeln

133 2518 125 39 Bihang
279 2520 49 30 till
350 2520 187 38 riksdagens
554 2524 160 36 protokoll
738 2528 83 27 1939.
857 2529 35 27 12
909 2527 88 30 saml.
1027 2533 19 24 2
1064 2529 71 29 avd.
1165 2529 46 30 Nr
1234 2532 42 28 11.
1563 2536 8 28 1
