1874 2834
266 173 17 28 2
442 172 114 30 Första
576 172 202 29 kammarens
824 171 92 30 andra
938 171 162 38 tillfälliga
1122 171 138 30 utskotts
1279 171 168 30 utlåtande
1468 181 38 19 nr
1528 173 44 27 11.

262 261 103 30 skulle
388 261 200 30 förekomma
608 260 140 31 allenast
768 260 10 30 i
798 260 153 38 speciella
971 260 69 30 fall.
1073 259 396 38 Riksräkenskapsverket
1489 259 75 31 ville
1584 258 165 39 därjämte

265 314 178 32 framhålla
462 314 259 31 önskvärdheten
740 325 39 20 av
799 318 48 27 att
867 314 11 30 i
899 314 191 38 anslutning
1109 314 114 31 härtill
1244 314 163 38 enhetliga
1428 313 104 38 regler
1551 313 125 31 komme
1696 312 51 31 till

262 367 97 31 stånd
380 368 11 30 i
412 368 97 37 fråga
527 377 49 21 om
597 366 232 32 försäkrandet
849 377 41 20 av
909 369 108 28 staten
1036 366 149 38 tillhörig
1204 366 165 38 egendom.
1402 366 133 37 Frågan
1554 376 51 20 om
1624 366 124 30 försäk-

264 421 74 37 ring
358 430 43 21 av
421 420 210 38 halvstatliga
653 420 129 38 företag
801 423 112 34 syntes
933 419 146 31 däremot
1099 429 78 21 vara
1198 419 212 38 synnerligen
1429 418 231 39 komplicerad.
1691 419 59 29 Be-

264 473 166 31 träffande
448 474 169 30 kommuns
636 473 157 38 egendom
811 472 153 31 erinrade
982 472 237 31 ämbetsverket
1236 483 51 20 om
1304 476 50 27 att
1372 472 190 37 försäkring
1579 472 71 30 ofta
1667 481 83 28 upp-

264 528 133 31 ställdes
419 537 67 21 som
509 527 116 31 villkor
648 528 53 29 för
724 527 186 31 erhållande
934 537 40 21 av
997 527 207 37 statsbidrag.
1241 524 253 40 Ämbetsverket,
1518 536 66 21 som
1607 526 142 31 saknade

263 581 184 31 kännedom
466 591 50 20 om
535 581 245 37 omfattningen
798 591 41 20 av
858 580 40 31 de
916 580 209 31 kommunala
1144 580 283 37 försäkringarna,
1446 580 119 37 ansåge
1583 579 165 37 slutligen,

265 638 49 27 att
340 634 217 38 vidtagandet
583 644 40 20 av
650 633 155 39 åtgärder
830 634 19 30 å
876 633 217 31 förevarande
1120 633 132 31 område
1278 633 10 30 i
1314 633 98 38 fråga
1437 643 51 20 om
1513 633 236 30 kommunerna

266 691 110 35 syntes
394 688 189 37 förutsätta,
601 691 49 27 att
669 698 40 20 en
726 687 140 30 särskild
883 686 180 38 utredning
1080 687 10 29 i
1107 686 137 31 ärendet
1262 685 223 32 verkställdes.

347 740 449 38 Försäkringsinspektionen
823 740 203 37 framhåller,
1052 743 48 27 att
1126 740 120 37 frågan
1270 750 51 20 om
1346 739 190 38 försäkring
1560 749 40 20 av
1625 742 124 28 statens

268 795 155 38 egendom
446 794 138 39 tidigare
606 794 87 32 varit
717 794 134 31 föremål
875 794 54 30 för
950 794 268 31 statsmakternas
1240 793 288 39 uppmärksamhet
1552 793 57 31 och
1633 792 117 31 därvid

264 848 11 29 i
299 851 83 27 stort
406 850 65 28 sett
494 847 131 31 erhållit
649 857 41 20 en
712 846 137 38 lösning,
874 856 77 27 som,
976 846 99 31 såvitt
1098 846 230 38 inspektionen
1350 846 84 30 hade
1456 845 49 38 sig
1527 845 130 37 bekant,
1681 845 68 30 icke

265 902 80 30 visat
362 901 50 38 sig
429 901 145 31 medföra
591 902 104 37 några
712 900 157 31 särskilda
886 900 214 38 olägenheter.
1130 901 50 29 Då
1197 900 62 31 den
1275 900 238 38 huvudsakliga
1531 900 149 37 grunden
1698 900 50 30 till

264 955 166 30 motionen
450 958 109 34 syntes
578 964 79 21 vara
678 954 152 38 bolagens
848 954 104 37 enligt
971 953 220 31 motionärens
1211 953 131 38 mening
1361 953 59 30 allt
1441 953 53 30 för
1511 953 84 37 höga
1614 952 136 31 förvalt-

264 1008 284 38 ningskostnader,
567 1008 77 30 ville
664 1007 230 38 inspektionen
913 1007 110 30 erinra
1042 1017 51 20 om
1112 1010 50 27 att
1181 1007 120 37 frågan
1319 1016 52 21 om
1390 1005 361 38 försäkringsbolagens

266 1061 401 38 förvaltningskostnader
683 1061 102 38 enligt
801 1071 40 20 av
856 1060 312 31 handelsministern
1184 1060 97 38 givna
1295 1059 145 31 direktiv
1454 1059 103 30 skulle
1571 1058 179 31 behandlas

268 1126 39 20 av
332 1116 62 31 den
421 1126 46 20 nu
492 1115 141 31 sittande
660 1115 432 38 försäkringsutredningen.
1120 1114 193 31 Direktiven
1338 1117 112 34 syntes
1476 1112 180 33 emellertid
1682 1112 68 31 icke

266 1178 73 21 avse
356 1168 278 39 organisatoriska
651 1168 115 37 frågor
780 1178 40 20 av
836 1167 65 31 den
916 1170 63 34 art,
996 1177 65 20 som
1078 1167 204 30 motionären
1297 1169 113 35 syntes
1425 1166 90 38 syfta
1530 1166 61 30 till.
1619 1166 131 30 Beträf-

265 1221 99 31 fande
385 1221 220 31 motionärens
624 1221 148 38 yrkande
791 1221 10 30 i
819 1221 65 30 vad
903 1220 177 31 detsamma
1099 1219 97 31 rörde
1215 1219 189 38 försäkring
1423 1230 40 20 av
1481 1219 39 31 de
1538 1218 211 38 halvstatliga

269 1276 282 30 institutionernas
573 1276 59 30 och
655 1276 249 30 kommunernas
929 1275 152 37 egendom
1104 1275 83 30 hade
1212 1275 227 37 inspektionen
1463 1274 80 32 intet
1568 1277 49 27 att
1642 1272 107 31 erinra

268 1332 62 27 mot
350 1332 50 27 att
419 1339 40 20 en
475 1328 180 36 utredning
671 1328 125 30 komme
814 1327 50 30 till
883 1327 107 31 stånd.

348 1381 289 38 Domänstyrelsen
656 1381 61 30 har
732 1399 41 3 —
786 1380 73 31 med
876 1380 173 37 förmälan,
1067 1383 49 27 att
1133 1379 64 31 den
1214 1381 103 30 större
1334 1379 95 31 delen
1446 1390 40 20 av
1502 1379 249 31 domänverkets

266 1434 319 39 byggnadsbestånd,
616 1434 184 38 utgörande
830 1433 193 38 byggnader
1052 1433 42 38 på
1125 1432 259 31 utarrenderade
1415 1432 336 38 jordbruksdomäner

267 1500 25 20 0.
312 1489 77 38 dyl.,
410 1499 75 21 vore
504 1488 297 32 brandförsäkrade
822 1498 114 28 genom
957 1487 270 31 arrendatorerna
1250 1487 100 37 enligt
1371 1487 180 38 åläggande
1571 1487 11 30 i
1602 1486 149 31 arrende-

267 1543 156 30 kontrakt
450 1546 81 27 samt
559 1546 49 26 att
635 1542 104 37 enligt
766 1540 122 39 Kungl.
916 1540 119 38 Maj:ts
1060 1540 107 31 beslut
1194 1540 105 31 under
1325 1549 114 21 senare
1465 1540 38 30 år
1527 1540 85 30 vissa
1637 1540 113 35 större,

268 1596 232 31 domänverket
519 1595 168 38 tillhöriga
706 1594 386 38 industrianläggningar
1110 1594 59 30 och
1188 1593 199 38 virkeslager
1404 1593 291 31 brandförsäkrats
1711 1611 38 4 —

268 1650 158 38 tillstyrkt
446 1661 38 20 en
503 1650 177 37 utredning
700 1649 8 30 i
727 1649 177 30 motionens
922 1648 95 37 syfte.
1047 1648 69 31 Den
1136 1648 51 31 del
1206 1658 39 21 av
1262 1647 349 38 byggnadsbeståndet,
1631 1647 121 30 beträf-

266 1704 100 30 fande
389 1704 110 30 vilken
520 1703 232 31 domänverket
775 1701 89 32 stode
885 1701 154 38 självrisk
1060 1702 54 29 för
1134 1700 219 37 brandskada,
1375 1700 172 38 utgjordes
1567 1699 185 31 huvudsak-

268 1757 87 38 ligen
388 1767 42 20 av
463 1756 126 30 mindre
622 1755 398 38 sågverksanläggningar
1041 1758 82 27 samt
1148 1754 195 37 fastigheter
1364 1753 229 38 inrymmande
1615 1753 136 38 tjänste-

265 1810 161 31 bostäder.

350 1864 168 37 Styrelsen
540 1863 54 37 för
616 1862 146 31 Svenska
784 1861 271 39 stadsförbundet
1077 1861 175 37 förklarar,
1274 1864 48 27 att
1344 1860 170 37 styrelsen,
1537 1863 81 27 utan
1639 1863 48 27 att
1710 1861 42 37 på

271 1918 142 31 förhand
426 1917 81 38 vilja
521 1921 72 33 taga
609 1917 107 37 någon
731 1916 155 38 ställning
900 1916 51 30 till
966 1916 149 30 ärendets
1130 1915 204 39 principiella
1349 1914 167 38 innebörd,
1533 1915 100 38 gärna
1649 1913 103 31 skulle

269 1982 31 19 se
316 1974 49 27 att
383 1971 64 30 den
466 1971 9 29 i
493 1970 164 30 motionen
673 1969 142 38 begärda
833 1968 222 38 utredningen
1071 1968 126 31 komme
1215 1967 51 31 till
1283 1967 107 31 stånd.

349 2033 171 38 Styrelsen
540 2032 55 38 för
616 2032 147 30 Svenska
785 2031 346 30 landskommunernas
1152 2030 147 38 förbund
1319 2029 203 37 framhåller,
1543 2032 49 28 att
1613 2030 55 30 det
1688 2028 63 31 kan

272 2087 220 38 ifrågasättas,
514 2085 162 31 huruvida
699 2085 67 30 icke
785 2086 102 29 större
909 2084 109 31 städer
1037 2085 72 30 med
1131 2084 106 31 fördel
1258 2083 108 32 kunde
1387 2084 50 30 stå
1458 2083 153 38 självrisk
1632 2082 121 31 beträf-

270 2140 100 30 fande
397 2139 236 31 brandskador.
663 2139 85 36 'Toge
775 2148 75 20 man
877 2138 72 30 åter
975 2137 10 30 i
1014 2136 213 31 betraktande
1254 2136 38 30 de
1318 2135 194 31 medelstora
1539 2136 58 30 och
1624 2135 128 30 mindre

271 2194 232 30 konununerna
523 2193 41 38 på
584 2192 122 38 landet,
727 2202 73 21 vore
820 2192 52 31 det
894 2191 194 38 uppenbart,
1110 2194 49 28 att
1179 2191 161 30 desamma
1359 2190 69 31 icke
1448 2191 102 37 gärna
1569 2188 99 32 borde
1689 2188 63 31 till-

268 2246 96 31 rådas
388 2249 51 28 att
462 2246 68 30 icke
553 2246 83 30 hava
660 2245 72 30 sina
755 2244 196 38 fastigheter
972 2242 308 32 brandförsäkrade.
1315 2244 15 29 I
1353 2242 92 31 detta
1467 2242 61 31 fall
1549 2241 94 31 torde
1665 2242 88 30 näm-

267 2300 87 38 ligen
377 2309 41 21 en
440 2299 187 38 jämförelse
650 2298 121 30 mellan
791 2297 105 37 årliga
919 2296 242 38 premiebelopp
1184 2296 54 30 och
1262 2295 219 31 brandrisken
1502 2295 58 31 och
1581 2295 99 30 faran
1701 2295 54 30 för

268 2353 187 30 ekonomisk
474 2352 119 31 förlust
612 2352 10 29 i
640 2351 154 31 händelse
813 2360 40 21 av
871 2350 108 31 brand
996 2350 66 30 tala
1080 2350 54 30 för
1152 2353 46 27 ett
1217 2349 169 31 anlitande
1403 2359 41 20 av
1463 2348 208 38 tillgängliga
1688 2349 65 29 för-

268 2405 369 39 säkringsmöjligheter.
673 2405 100 30 Detta
795 2403 93 31 torde
911 2404 61 37 äga
994 2403 214 38 tillämpning
1229 2404 81 29 även
1332 2403 43 37 på
1396 2402 86 31 vissa
1503 2401 104 31 andra
1630 2401 124 31 försäk-

271 2459 222 38 ringsgrenar.
522 2458 106 31 Såvitt
645 2457 141 38 anginge
801 2456 332 31 landskommunerna
1148 2455 110 31 kunde
1274 2466 38 20 en
1328 2455 143 37 generell
1488 2455 86 38 regel
1588 2455 164 37 knappast
