2226 2674
365 207 118 34 Andra
508 207 222 35 Kammarens
757 208 190 44 Tillfälliga
976 209 140 35 Utskotts
1146 210 80 42 (N:o
1251 213 35 37 1)
1320 210 174 35 Utlåtande
1517 212 64 33 N:o
1606 215 27 29 9.
1767 214 38 33 11

208 291 187 49 uttryckte
424 291 146 37 önskan
600 303 58 25 om
686 291 137 39 förbud
850 296 79 35 mot
957 294 76 37 alla
1062 294 170 40 enskilda
1259 295 269 49 lotteriföretag
1548 296 68 38 och
1636 300 76 36 mot
1731 297 76 37 för-

206 345 162 48 säljning
396 345 39 38 af
466 346 203 37 utländska
696 347 186 37 lotteriers
912 348 130 37 sedlar.

338 400 133 48 Kungl.
500 400 102 48 Maj:t
635 401 288 37 sanktionerade
953 403 229 37 Ständernas
1211 404 123 37 beslut
1363 416 60 25 om
1451 405 354 37 nummerlotteriets
1847 409 150 30 Nuwmmer-

205 454 239 48 upphörande
472 454 85 36 från
585 455 185 48 ingången
801 456 38 36 af
872 456 108 37 1841.
1035 458 82 36 Den
1147 458 45 35 21
1224 470 101 25 mars
1358 459 101 37 1844
1488 459 217 37 utfärdades
1734 460 71 36 den
1816 453 136 31 lotteriets
1975 456 44 35 af-

203 508 177 47 kungliga
407 508 262 48 förordningen
699 510 193 47 angående
920 510 131 37 förbud
1079 515 76 33 mot
1174 512 177 45 lotterier,
1373 513 311 48 undantagandes
1704 514 100 37 bort-
1842 499 160 38 ”kufande.

204 562 159 48 lottning
391 562 39 36 af
457 562 149 37 lösören
634 562 56 37 för
718 564 226 47 välgörande
973 566 174 36 ändamål
1176 567 69 36 och
1272 567 289 37 konstlotterier.

339 616 157 47 Glädjen
530 617 104 37 öfver
662 619 350 37 nummerlotteriets
1042 620 236 48 upphörande
1307 633 68 25 var
1403 621 100 37 inom
1531 622 276 49 omdömesgilla

204 670 149 37 kretsar
390 671 139 36 allmän
568 672 68 36 och
673 671 69 36 har
779 672 40 37 af
855 673 101 36 äldre
993 685 177 36 personer
1197 674 110 49 lifligt
1333 675 165 49 intygats
1527 677 117 35 under
1673 689 132 24 senare

206 724 117 38 tiders
361 725 305 45 lotteridebatter,
698 726 46 36 då
772 726 106 48 fråga
907 728 100 36 varit
1034 728 79 37 före
1143 740 59 26 om
1229 741 76 37 nya
1333 730 186 37 lotteriers
1548 731 256 48 upprättande.

340 779 150 37 Sådana
517 780 141 48 förslag
686 780 116 37 hafva
829 781 181 50 förelegat
1039 783 117 37 sedan
1184 783 110 42 1868,
1315 784 46 36 då
1381 785 85 36 herr
1484 785 148 37 Anders
1653 785 149 38 Nilsson
1823 790 58 36 Nya
1911 790 117 51 förslag

203 833 12 36 i
256 833 131 37 Andra
428 833 230 38 Kammaren
699 834 162 49 föreslog
899 836 71 36 den
1008 837 156 48 ändring
1201 838 39 36 af
1273 838 100 36 1844
1403 839 61 36 års
1492 839 224 48 förordning,
1748 844 112 32 attom
1889 844 137 42 penning

201 887 168 37 lotterier
396 888 69 36 här
493 888 12 36 i
533 889 128 36 landet
689 889 117 37 måtte
835 890 129 37 kunna
992 890 160 38 inrättas
1181 892 118 36 under
1326 892 145 46 villkor,
1502 896 55 34 att
1572 893 232 49 Konungens
1852 880 135 32 otterier.

202 941 417 49 befallningshafvande
648 943 150 48 pröfvat
826 944 250 48 garantierna,
1117 950 54 33 ett
1198 946 152 48 förslag,
1381 959 80 25 som
1491 947 38 37 af
1557 948 248 48 lagutskottet

202 996 210 49 afstyrktes
442 997 69 36 och
539 997 39 36 af
605 998 199 36 kamrarne
833 999 148 48 afslogs.
1172 1044 9 9 .

337 1050 71 37 Vid
432 1050 98 38 1873
553 1051 61 37 års
629 1052 151 48 riksdag
794 1053 252 37 motionerade
1061 1054 85 37 herr
1159 1055 83 36 Åke
1257 1055 218 37 Andersson
1491 1068 59 24 om
1566 1060 54 33 ett
1629 1057 173 48 penning-

204 1105 223 36 statslotteri
447 1105 95 36 efter
560 1106 182 36 mönstret
762 1106 39 36 af
817 1107 144 37 danska
977 1109 261 36 statslotteriet
1253 1113 98 33 samt
1365 1110 265 47 upphäfvande
1645 1111 39 36 af
1703 1111 99 37 1844

203 1159 62 36 års
293 1158 226 48 förordning;
549 1160 247 47 lagutskottet
824 1161 185 48 afstyrkte
1039 1162 68 37 och
1135 1163 198 37 kamrarne
1353 1163 143 48 afslogo
1516 1168 91 33 utan
1627 1166 176 47 votering.

336 1213 72 36 Vid
450 1213 100 37 1888
589 1214 69 36 och
699 1214 98 38 1889
838 1216 61 36 års
933 1216 193 48 riksdagar
1153 1217 253 37 motionerade
1434 1218 86 37 herr
1546 1219 77 37 Elis
1651 1219 152 37 Nilsson

203 1278 60 25 om
301 1267 199 37 skrifvelse
538 1268 156 37 rörande
724 1270 392 48 statspenninglotteri.
1171 1272 72 35 Vid
1272 1272 71 36 den
1371 1272 101 37 förra
1499 1273 200 48 riksdagen
1726 1274 76 36 till-

203 1321 146 47 styrkte
378 1325 55 33 ett
460 1321 130 37 Andra
618 1322 248 38 Kammarens
895 1324 186 48 tillfälliga
1100 1325 145 37 utskott
1263 1325 190 49 förslaget,
1474 1338 86 25 men
1581 1328 61 36 det
1662 1328 140 48 afslogs

203 1375 84 36 med
317 1375 44 36 61
387 1376 119 36 röster
525 1380 77 32 mot
623 1376 58 45 54;
702 1377 81 36 året
802 1378 115 48 därpå
936 1378 208 49 afstyrktes
1158 1379 181 48 förslaget
1354 1381 69 36 och
1437 1381 66 36 föll
1517 1385 93 33 utan
1625 1383 176 47 votering.

326 1434 55 31 Ar
426 1430 98 37 1895
568 1431 135 36 väckte
745 1431 85 37 herr
867 1432 33 36 J.
938 1434 43 35 A.
1010 1432 61 48 Sjö
1100 1434 139 36 motion
1268 1446 59 25 om
1357 1435 198 37 skrifvelse
1583 1436 56 36 till
1667 1436 133 48 Kungl

202 1482 103 49 Maj:t
345 1483 84 37 med
471 1484 140 48 förslag
648 1496 59 25 om
744 1486 212 37 inrättande
994 1487 39 36 af
1068 1491 54 33 ett
1150 1489 231 37 statslotteri.
1436 1489 192 49 Tillfälligt
1656 1491 145 37 utskott

205 1537 197 54 afstyrkte,
433 1538 69 37 och
529 1539 188 37 motionen
746 1540 148 48 afslogs.

335 1594 54 34 År
421 1592 98 37 1899
550 1593 135 37 väckte
713 1594 86 36 herr
826 1594 152 38 Nilsson
1006 1596 12 35 i
1047 1596 132 37 Sorröd
1206 1595 176 39 liknande
1410 1598 150 48 förslag,
1591 1610 80 25 som
1693 1600 107 36 rönte

202 1657 144 25 samma
375 1647 68 36 öde
472 1669 50 4 —
551 1647 256 38 röstsiffrorna
834 1661 88 25 voro
956 1649 72 37 139
1058 1654 77 32 mot
1165 1651 46 36 53
1242 1664 64 32 —;
1336 1652 68 36 och
1432 1652 122 37 likaså
1587 1652 95 38 1901
1716 1653 85 37 herr

200 1700 165 37 Persson
393 1701 12 35 i
425 1700 310 50 Killebäckstorp,
757 1703 114 37 hvars
890 1704 140 47 förslag
1048 1704 236 38 förkastades
1304 1706 84 36 med
1412 1706 71 36 132
1504 1707 120 37 röster
1643 1711 78 33 mot
1741 1708 58 36 50.

335 1754 183 48 Slutligen
544 1755 88 37 kom
659 1756 132 48 frågan
820 1758 97 48 ånyo
946 1758 48 48 på
1023 1758 275 49 dagordningen
1327 1760 42 36 år
1400 1760 112 45 1902,
1544 1761 47 36 då
1615 1761 79 37 dels
1714 1762 86 36 herr

199 1807 208 49 Ljungberg
448 1809 12 35 i
501 1809 133 37 Första
675 1810 240 46 Kammaren,
965 1812 78 36 dels
1085 1813 130 36 herrar
1257 1813 214 48 Thylander
1513 1814 68 37 och
1623 1815 123 49 Trapp
1787 1816 13 36 i

199 1862 130 37 Andra
370 1862 182 38 framlade
582 1864 99 36 olika
708 1865 140 48 förslag
876 1878 59 24 om
964 1866 191 48 åtgärders
1184 1867 223 48 vidtagande
1436 1868 12 36 i
1477 1868 123 37 denna
1627 1869 171 49 riktning.

199 1915 134 38 Första
374 1916 249 38 Kammarens
663 1918 186 49 tillfälliga
889 1920 145 37 utskott
1074 1921 215 48 tillstyrkte,
1319 1933 86 25 men
1432 1922 219 38 kammaren
1679 1923 121 49 afslog

199 1970 86 35 herr
312 1970 226 49 Ljungbergs
566 1972 139 36 motion
733 1974 84 35 med
846 1974 49 36 78
924 1975 120 35 röster
1071 1979 77 32 mot
1167 1975 59 44 43;
1246 1976 12 35 i
1276 1975 130 37 Andra
1424 1976 239 46 Kammaren,
1685 1977 113 38 hvars

200 2024 146 36 utskott
374 2025 197 47 afstyrkte,
603 2026 163 48 afslogos
794 2028 188 47 förslagen
1010 2029 83 36 med
1126 2028 73 37 140
1228 2030 120 36 röster
1375 2034 77 33 mot
1481 2031 58 37 64.

333 2078 167 38 Nämnas
537 2080 62 36 må
634 2080 56 36 till
726 2081 79 45 sist,
837 2086 56 32 att
920 2082 133 48 Kungl.
1081 2082 104 48 Maj:t
1211 2084 85 36 med
1324 2084 199 48 anledning
1551 2085 39 36 af
1617 2086 182 36 motioner

200 2132 61 36 vid
295 2132 95 38 1881
425 2133 61 37 års
515 2134 150 48 riksdag
694 2135 71 37 den
795 2135 21 37 6
847 2136 149 48 augusti
1028 2136 95 37 1881
1156 2137 167 38 utfärdat
1352 2150 46 25 en
1426 2150 62 37 ny,
1518 2139 13 36 i
1558 2140 124 48 någon
1709 2141 89 36 mån

200 2186 130 48 skärpt
357 2186 215 50 förordning
600 2193 77 32 mot
704 2189 168 37 lotterier
890 2191 12 35 i
922 2191 99 48 syfte
1042 2194 55 34 att
1117 2191 133 38 hindra
1268 2192 104 37 vissa
1391 2192 246 39 förbindelser
1655 2195 141 37 mellan

198 2241 385 48 förlagsverksamhet
625 2243 68 37 och
726 2244 298 49 penninglotteri,
1056 2245 68 38 och
1153 2249 56 34 att
1237 2246 42 37 år
1311 2246 99 38 1882
1440 2247 173 38 beslutits
1643 2248 155 49 ändring

198 2295 11 35 i
233 2295 517 50 tryckfrihetsförordningen,
772 2299 240 47 hvarigenom
1032 2299 131 38 förbud
1183 2300 186 38 utfärdats
1388 2305 77 33 mot
1484 2302 314 38 lotteriannonser

198 2349 11 35 i
238 2349 194 48 tidningar.
