2231 2688
249 2205 150 30 Nuwmmer-

234 2250 121 29 lotteriet
383 2251 38 35 af

278 2296 94 28 1772.

442 217 18 31 8
612 216 119 34 Andra
755 217 220 34 Kammarens
1002 218 187 42 Tillfälliga
1219 217 140 36 Utskotts
1385 217 78 39 (N:o
1490 222 33 34 1)
1554 217 173 35 Utlåtande
1750 217 64 34 N:o
1840 220 28 29 9.

441 298 105 39 Gäfle
574 300 98 37 stads
702 299 150 50 publika
873 300 205 50 byggnader
1100 302 111 44 1756;
1233 301 232 38 Stockholms
1486 301 96 38 stads
1602 300 164 51 prydnad
1789 302 111 43 1757;
1922 300 115 38 Glad-

439 354 183 38 hammars
664 356 227 49 kopparverk
930 357 111 44 1758;
1078 356 251 38 Ulricehamns
1359 357 117 49 kyrka
1508 358 111 43 1759;
1649 356 202 50 Göteborgs
1879 356 159 49 hospital

444 411 111 42 1760;
597 410 226 37 Karlskrona
862 411 191 48 storkyrka
1094 413 111 42 1762;
1245 412 232 37 Stockholms
1506 412 150 48 publika
1685 411 207 49 byggnader
1924 412 112 37 1763:

439 463 221 51 Mariebergs
702 465 276 49 porslinsfabrik
1018 467 112 44 1764;
1168 466 165 50 Uppsala
1371 466 97 38 stads
1502 466 150 50 publika
1686 465 206 50 byggnader
1923 466 113 43 1770;

441 518 220 38 Strömstads
691 520 80 37 stad
803 521 110 36 1770.

574 573 179 38 Otillåtna
794 575 159 37 lotterier
994 575 223 37 förekommo
1255 576 68 37 ock
1361 576 232 45 fortfarande,
1631 575 141 37 hvilket
1808 575 61 49 gaf
1901 575 135 49 Kungl.

440 628 106 50 Maj:t
587 629 194 50 anledning
808 630 56 36 till
894 630 129 37 förbud
1051 630 69 37 den
1150 631 19 37 7
1202 643 80 25 nov.
1315 632 100 36 1750
1445 636 76 32 mot
1549 630 294 50 oprivilegierade
1869 630 168 37 lotterier.

573 684 74 36 Det
674 684 117 37 äldsta
820 685 156 37 svenska
1005 685 210 37 statslotteri
1244 685 218 48 dagtecknar
1482 686 62 48 sig,
1565 685 119 38 såvidt
1704 685 178 37 utskottet
1900 685 140 37 kunnat

439 737 106 45 finna,
573 737 83 36 från
684 737 40 36 år
758 740 108 34 1758.

572 791 74 38 Det
672 792 230 50 pommerska
931 793 115 49 kriget
1073 792 91 38 hade
1193 792 45 38 då
1267 806 87 37 nyss
1383 793 162 45 utbrutit,
1565 793 68 38 och
1661 793 111 38 rikets
1801 793 155 38 finanser
1979 793 59 37 be-

439 847 113 36 funno
590 847 54 47 sig
681 847 13 35 i
722 847 113 48 dåligt
863 847 172 37 tillstånd.
1090 848 126 37 Under
1244 848 136 36 sådana
1408 848 253 37 förhållanden
1689 849 115 36 beslöt
1831 848 207 48 regeringen

440 902 133 36 inrätta
611 907 51 30 ett
700 901 171 49 kungligt
908 902 133 47 lotteri,
1082 914 78 24 som
1197 905 161 34 närmast
1397 916 63 23 var
1497 908 54 31 att
1578 903 101 36 likna
1714 902 62 38 vid
1805 908 51 31 ett
1883 902 155 50 premie-

440 955 344 49 obligationslotteri.
848 957 127 48 Enligt
1016 962 51 31 ett
1100 957 13 36 i
1150 957 155 36 februari
1347 958 100 37 1758
1486 957 185 37 utfärdadt
1711 957 174 50 prospekt
1921 956 117 38 skulle

439 1011 182 48 nämligen
663 1010 156 50 »Kungl.
849 1011 123 49 Maj:ts
1001 1016 125 44 trogne
1154 1011 212 38 undersåtar
1395 1012 123 36 kunna
1546 1012 56 36 till
1631 1017 51 32 ett
1709 1018 92 31 stort
1828 1011 99 38 antal
1955 1017 84 43 taga

439 1065 57 37 del
524 1066 12 35 i
565 1065 98 37 detta
690 1065 120 37 lotteri
839 1066 88 36 efter
954 1066 108 37 hvars
1081 1065 66 38 och
1168 1080 61 23 ens
1249 1066 168 49 lägenhet
1438 1066 76 37 med
1536 1066 243 50 förhoppning
1798 1067 37 36 af
1854 1066 184 49 ansenliga

440 1120 135 36 vinster
612 1119 67 37 och
714 1124 92 34 utan
842 1124 54 34 alt
932 1123 125 45 någon
1093 1121 138 37 därvid
1257 1121 209 47 förlorade,
1498 1134 81 23 men
1606 1121 114 37 likväl
1748 1121 136 49 Kungl.
1914 1121 123 49 Maj:ts

439 1174 68 36 och
536 1175 157 35 kronans
722 1174 113 48 dryga
862 1175 147 47 utgifter
1036 1175 118 36 tillika
1183 1175 289 48 underhjälpas».
1520 1176 174 47 Samtliga
1716 1177 137 43 30,000
1874 1175 106 37 lotter
2000 1176 35 47 (å

442 1229 74 35 150
546 1227 97 37 daler
670 1228 118 48 kpmt)
818 1229 126 36 utföllo
974 1228 179 49 nämligen
1181 1229 82 36 med
1291 1229 105 47 vinst,
1425 1229 60 36 det
1513 1235 95 31 stora
1632 1229 150 36 flertalet
1813 1229 113 36 likväl
1945 1229 92 36 blott

439 1281 82 37 med
563 1282 132 49 själfva
736 1283 166 44 insatsen,
945 1295 82 24 men
1069 1284 81 47 inga
1179 1284 136 36 vinster
1342 1283 223 37 utbetalades
1594 1284 74 37 förr
1696 1287 47 33 än
1771 1284 89 36 efter
1888 1296 64 24 sex
1979 1282 58 37 års

439 1336 150 49 förlopp,
619 1336 67 37 och
716 1336 174 50 beloppen
921 1337 87 36 buro
1037 1337 113 36 under
1178 1337 98 36 tiden
1295 1337 57 49 låg
1372 1341 111 33 ränta.
1538 1338 190 48 Företaget
1746 1337 166 49 åsyftade
1931 1336 106 37 alltså

439 1393 161 33 närmast
637 1395 53 31 att
723 1391 12 35 i
762 1391 93 35 form
887 1391 37 35 af
951 1391 119 36 lotteri
1099 1391 163 36 anskaffa
1290 1392 136 36 kronan
1458 1397 51 31 ett
1536 1392 119 48 billigt
1682 1391 171 49 krigslån.
1909 1391 129 36 Redan

439 1445 12 34 i
485 1443 195 38 november
709 1457 138 24 samma
876 1444 39 36 år
942 1444 178 37 inrättade
1148 1445 135 48 Kungl.
1311 1445 106 50 Maj:t
1446 1451 51 31 ett
1523 1451 91 43 nytt,
1642 1445 110 49 något
1779 1448 113 35 större
1919 1444 119 38 lotteri

440 1498 82 37 med
559 1498 192 49 anledning
788 1499 38 36 af
868 1499 90 37 »den
986 1499 74 48 hug
1087 1499 111 37 rikets
1226 1499 216 38 innevånare
1471 1500 189 49 ådagalagt
1688 1505 54 31 att
1770 1500 141 48 deltaga
1938 1499 13 36 i
1979 1499 58 36 det

441 1553 96 36 förra
578 1552 158 37 lotteriet
777 1553 68 37 och
883 1553 45 36 då
964 1553 135 48 Kungl.
1129 1553 104 49 Maj:t
1264 1554 83 36 ville
1376 1557 46 34 än
1450 1555 190 48 ytteligare
1667 1555 100 48 gifva
1797 1555 80 35 sina
1905 1559 127 43 trogna

440 1606 209 37 undersåtar
676 1607 142 36 tillfälle
847 1612 53 31 att
928 1607 78 36 med
1038 1620 87 36 egen
1152 1608 116 36 fördel
1296 1608 68 37 och
1393 1609 96 36 vinst
1519 1608 145 49 bidraga
1690 1609 55 36 till
1765 1607 272 38 underlättande

439 1661 37 36 af
512 1661 111 36 rikets
661 1661 113 49 dryga
810 1662 180 48 utgifter».
1055 1662 53 35 Af
1144 1668 49 30 ett
1232 1662 150 49 hemligt
1418 1662 265 50 rådsprotokoll
1719 1662 79 37 från
1826 1662 78 50 juni
1935 1663 99 36 1759

439 1714 157 49 framgår
633 1716 207 44 emellertid,
878 1721 53 31 att
967 1716 233 36 lottsedlarna
1238 1716 45 36 då
1311 1720 97 33 ännu
1436 1718 30 48 ej
1498 1717 288 45 slutrealiserats;
1816 1717 59 36 det
1902 1715 134 49 ifråga-

440 1774 109 32 sattes
578 1770 189 48 nämligen,
796 1782 59 25 om
885 1769 90 37 brist
1003 1770 198 37 existerade
1230 1770 12 36 i
1270 1771 163 37 lotteriet.

573 1824 66 36 Ett
676 1824 161 37 årtionde
866 1837 123 24 senare
1016 1830 101 42 togos
1147 1825 91 36 mått
1266 1826 67 36 och
1362 1832 77 42 steg
1468 1826 55 36 för
1550 1826 205 36 inrättande
1784 1826 36 36 af
1849 1830 51 32 ett
1929 1830 108 32 stats-

440 1878 120 37 lotteri
600 1879 13 34 i
655 1892 97 23 mera
793 1879 154 48 egentlig
984 1880 153 47 mening,
1167 1884 51 31 ett
1247 1892 25 24 s.
1302 1880 33 36 k.
1364 1881 299 36 nummerlotteri
1690 1880 85 36 eller
1810 1879 229 48 »genuesiskt

440 1931 154 45 lotteri>,
637 1931 120 39 såsom
798 1938 137 31 termen
970 1932 68 37 löd.
1093 1933 202 38 Initiativet
1322 1940 77 42 togs
1429 1935 37 35 af
1493 1934 134 48 Kungl.
1656 1934 106 49 Maj:t
1789 1933 62 37 vid
1883 1934 154 36 1769--

443 1988 99 36 1770
573 1987 57 37 års
659 1987 155 48 riksdag,
836 1987 66 37 och
931 1987 190 36 ständerna
1151 1987 136 38 beslöto
1316 1994 53 31 att
1397 2002 43 22 en
1464 1988 103 49 dylik
1586 1988 318 48 lotteriinrättning
1924 1988 115 36 skulle

440 2047 81 42 taga
551 2042 55 35 sin
637 2042 134 48 början,
800 2041 45 36 då
874 2041 59 36 det
960 2041 56 36 för
1044 2041 199 38 "Trollhätte
1263 2043 198 36 slussverks
1481 2043 351 36 lotteriintressenter
1851 2041 188 37 utfärdade

440 2096 226 48 privilegium
695 2095 193 49 upphörde,
908 2095 66 36 och
1003 2095 145 48 anslogo
1177 2095 157 39 Riksens
1363 2096 144 37 ständer
1536 2110 43 23 en
1600 2096 223 49 förlagsfond
1843 2096 36 36 af
1902 2096 134 44 16,666

441 2149 60 36 rdr
531 2150 47 36 32
609 2150 53 36 sk.
691 2149 82 37 bko.

574 2203 87 37 Med
690 2203 193 49 anledning
911 2203 103 37 häraf
1033 2203 189 37 utfärdade
1241 2203 134 49 Kungl.
1396 2203 105 49 Maj:t
1523 2204 46 36 16
1592 2203 90 49 april
1705 2204 98 36 1771
1827 2202 212 49 kungörelse

442 2270 56 25 om
529 2258 204 36 inrättande
762 2259 37 35 af
827 2264 50 30 ett
896 2258 207 47 genuesiskt
1120 2258 129 43 lotteri,
1271 2271 80 23 men
1375 2259 99 35 1772
1492 2257 57 37 års
1564 2257 166 48 Riksdag
1758 2257 141 48 vägrade
1915 2256 124 49 anslag

441 2312 55 36 till
525 2312 132 37 fonden
687 2312 66 37 och
784 2312 315 48 verkställigheten
1128 2312 185 49 uppsköts,
1343 2312 94 36 intill
1466 2312 80 37 dess
1575 2312 136 37 Gustaf
1729 2311 70 45 III,
1825 2311 88 37 efter
1931 2315 107 32 stats-

441 2366 245 49 hvälfningen,
715 2366 133 49 påbjöd
875 2365 203 37 inrättande
1107 2366 37 36 af
1168 2366 58 36 det
1245 2366 211 48 genuesiska
1478 2365 327 45 nummerlotteriet,
1826 2365 108 36 sedan
1957 2377 80 23 man
