2226 2673
374 203 121 34 Andra
518 205 218 33 Kammarens
762 204 188 44 Tillfälliga
981 206 140 34 Utskotts
1145 208 78 41 (N:o
1248 210 35 35 1)
1317 208 175 34 Utlåtande
1516 209 62 33 N:o
1604 212 28 30 9.
1761 211 39 32 13

203 286 37 36 af
267 286 69 37 den
365 287 133 37 svikna
522 287 68 38 och
617 287 165 50 gäckade
804 288 287 50 förväntningen,
1119 289 150 38 hvilken
1298 290 144 50 bringar
1471 290 152 51 mången
1652 292 56 38 till
1727 293 72 37 för-

201 340 134 46 tviflan,
376 341 132 38 liksom
550 342 158 37 faktiskt
748 343 207 49 lättsinnigt
990 344 78 37 folk
1106 345 88 36 söka
1221 345 12 36 i
1262 344 135 50 hoppet
1425 359 59 23 om
1513 359 44 23 en
1583 346 218 38 lotterivinst

201 394 108 38 döfva
351 401 193 32 samvetets
582 399 76 34 röst
694 396 82 37 med
812 397 144 49 hänsyn
992 398 56 36 till
1085 398 190 50 slösaktigt
1302 399 216 37 lefnadssätt
1546 400 83 37 eller
1656 406 80 32 rent
1764 402 36 36 af

201 448 106 38 brott.
362 449 168 38 Framför
558 450 65 37 allt
650 450 112 38 hafva
790 451 93 37 dock
912 452 43 36 de
983 452 235 37 ekonomiska
1247 453 125 37 skälen
1400 455 112 48 gjorts
1531 454 175 49 gällande.
1741 455 58 36 En

198 503 126 36 fransk
352 504 191 37 författare
571 504 150 37 Charles
750 505 125 49 Dupin
901 505 67 37 har
994 506 109 37 redan
1126 508 101 36 1838
1247 507 13 36 i
1279 507 146 37 korthet
1444 507 192 38 betecknat
1655 508 144 49 frågans

199 556 115 38 kärna
355 557 83 37 med
478 558 159 49 följande
679 558 79 37 ord:
800 559 102 38 »Två
932 565 74 32 mot
1033 560 203 38 hvarandra
1265 561 205 49 kämpande
1497 563 141 36 makter
1666 563 93 48 ligga
1787 564 13 35 i

199 611 90 36 strid
317 611 83 37 med
428 612 203 37 hvarandra
659 625 59 25 om
738 613 141 37 folkens
899 614 68 37 och
994 620 176 32 staternas
1190 615 191 49 framgång
1400 616 85 36 eller
1504 617 137 36 förfall:
1662 618 139 37 arbetet

200 668 40 33 är
274 665 68 37 den
371 679 75 31 ena,
476 667 136 37 tilliten
640 667 59 37 till
726 668 171 49 slumpen
925 668 69 37 den
1023 669 124 44 andra;
1178 669 145 45 arbetet,
1352 683 78 24 som
1459 670 127 37 endast
1614 671 63 37 vill
1706 671 95 49 köpa

200 719 166 37 välstånd
399 720 67 37 och
493 720 108 49 lycka
628 721 57 37 för
713 727 51 31 ett
792 722 73 49 pris
894 723 38 36 af
961 722 114 46 möda,
1104 723 169 45 tålamod,
1303 736 142 37 omsorg
1473 724 67 37 och
1568 725 232 49 sparsamhet,

199 773 68 37 och
295 774 183 50 slumpens
507 775 100 46 ande,
636 788 77 24 som
744 776 107 49 begär
879 777 167 48 ägodelar
1074 783 88 31 utan
1190 778 129 45 arbete,
1349 791 78 24 som
1447 782 110 33 sätter
1577 780 56 36 sin
1652 780 149 37 stolthet

198 828 10 37 i
253 828 90 37 brist
386 828 45 50 på
469 829 229 37 förutseende
735 830 69 37 och
841 843 79 25 som
948 831 145 37 bereder
1122 833 54 48 sig
1204 838 51 31 ett
1283 833 81 49 nöje
1392 833 37 36 af
1458 833 104 36 faran
1591 833 68 37 och
1687 834 113 49 spelet

198 882 83 36 med
309 882 160 49 aflägsna
497 884 261 49 möjligheter».

330 937 297 38 Lotteriväsende
655 938 68 37 och
752 939 339 49 sparbankväsende
1117 940 229 37 betraktades
1376 941 68 37 ock
1470 941 189 38 allestädes
1680 941 119 38 såsom

197 990 222 38 hvarandras
454 992 194 49 antipoder.
704 993 73 36 Det
804 994 96 36 förra
927 994 179 49 främjade
1133 995 188 37 lättsinnet
1349 995 67 37 och
1444 996 210 48 försvagade
1682 996 116 49 hågen

197 1045 56 37 för
282 1045 235 49 sparsamhet.

330 1100 225 48 Visserligen
589 1100 110 37 hafva
733 1101 365 39 lotterimotståndare
1126 1102 199 49 medgifvit,
1353 1108 53 32 att
1435 1103 257 38 klasslotterier
1720 1104 79 38 icke

195 1153 12 36 i
237 1167 138 23 samma
401 1155 102 47 grad
529 1167 77 24 som
635 1155 324 38 nummerlotterier
987 1157 109 37 verka
1123 1157 201 49 fördärfligt
1352 1157 45 49 på
1417 1157 43 37 de
1478 1158 99 48 lägre
1595 1158 202 38 klassernas

196 1208 177 37 ekonomi.
430 1208 89 37 Men
547 1208 98 37 detta
673 1222 84 24 vore
785 1210 94 36 dock
907 1210 93 37 blott
1028 1224 43 23 en
1099 1211 258 49 gradskillnad.
1394 1212 20 35 TI
1433 1211 65 37 allt
1516 1212 66 36 fall
1601 1212 92 37 hade
1712 1226 84 24 man

195 1261 224 38 konstaterat
447 1262 187 37 bestämda
661 1263 98 37 faror
787 1263 69 38 och
881 1270 97 31 stora
1006 1265 229 47 olägenheter
1258 1265 108 38 äfven
1386 1266 37 36 af
1441 1266 267 45 klasslotterier,
1728 1267 68 37 och

196 1315 99 37 detta
332 1316 107 37 äfven
477 1316 66 38 hos
581 1317 78 37 folk
696 1317 82 37 med
811 1318 40 36 så
879 1319 131 48 nykter
1038 1319 68 37 och
1134 1319 93 37 sund
1255 1319 167 38 ekonomi
1451 1333 76 24 som
1557 1320 60 37 det
1644 1321 151 37 franska

196 1369 67 38 och
292 1369 60 37 det
380 1370 147 38 danska.

329 1424 20 36 I
390 1425 202 37 Frankrike
630 1448 49 5 —
718 1425 66 37 har
821 1425 60 38 det
917 1426 218 38 framhållits
1164 1451 52 4 —
1244 1429 106 37 fanns
1379 1428 60 37 det
1466 1429 77 37 före
1570 1429 223 38 lotteriernas

194 1477 257 50 upphäfvande
484 1481 99 36 1836
605 1485 51 31 ett
674 1480 99 37 antal
792 1480 255 49 departement,
1065 1482 12 36 i
1096 1482 125 37 hvilka
1241 1483 60 37 det
1320 1483 159 49 spelades
1499 1483 153 49 mycket,
1671 1484 121 45 andra,

195 1533 13 35 i
236 1532 126 37 hvilka
391 1533 60 37 det
479 1534 164 48 spelades
670 1534 94 49 föga.
820 1535 74 36 Det
924 1535 72 37 blef
1023 1536 172 45 bevisadt,
1224 1542 53 31 att
1304 1538 12 36 i
1345 1537 44 36 de
1416 1538 96 36 förra
1539 1550 86 25 voro
1649 1538 144 37 brotten

196 1586 70 38 och
298 1586 242 50 osedligheten
569 1588 157 49 afgjordt
752 1591 112 35 större
892 1592 48 33 än
967 1590 13 35 i
1008 1589 44 37 de
1080 1603 131 24 senare.
1265 1590 61 37 Då
1354 1591 205 37 lotterierna
1579 1592 214 49 upphäfdes,

196 1647 99 42 stego
332 1642 288 48 insättningarna
657 1643 13 35 i
708 1642 269 49 sparbankerna
1006 1644 185 49 betydligt.
1248 1645 146 37 Samma
1424 1659 63 24 var
1515 1645 242 38 förhållandet
1784 1647 13 35 i

195 1695 164 48 Belgien;
389 1695 117 38 likaså
534 1696 12 36 i
574 1696 152 48 Bayern.

329 1749 21 36 I
387 1750 192 36 Danmark
607 1750 54 37 lär
688 1763 85 24 man
802 1774 49 4 —
882 1752 112 48 enligt
1021 1752 164 38 Peschke
1213 1753 124 37 Köedt
1365 1776 52 4 —
1444 1754 13 35 i
1485 1753 177 48 bagarnas
1691 1753 107 38 bröd-

196 1802 114 37 bodar
347 1803 123 37 kunna
508 1804 207 37 konstatera
743 1817 45 24 en
816 1806 142 48 afgjord
987 1806 164 49 nedgång
1178 1807 12 36 i
1218 1807 259 49 försäljningen
1505 1809 37 35 af
1571 1807 156 49 rågbröd
1755 1808 43 36 de

197 1856 118 49 dagar,
335 1856 46 37 då
401 1857 276 38 klasslotteriets
696 1858 189 38 lottsedlar
904 1860 103 37 skola
1025 1861 165 48 förnyas;
1211 1861 235 49 pantlånarne
1464 1861 48 37 ha
1532 1875 139 23 samma
1690 1861 109 49 dagar

197 1911 79 36 sina
315 1910 166 38 brådaste
518 1912 143 44 affärer;
700 1912 179 49 husgeråd
916 1913 68 37 och
1020 1914 133 45 kläder,
1190 1916 36 48 ja
1264 1918 128 45 sängar
1430 1915 67 37 och
1525 1915 125 49 dynor,
1679 1916 119 48 släpas

197 1977 164 24 samman
402 1965 84 36 från
523 1966 296 49 fattigkvarteren
855 1967 55 37 för
948 1973 53 31 att
1038 1968 162 49 spelarne
1238 1968 59 37 må
1333 1970 125 35 kunna
1493 1969 135 37 erhålla
1655 1969 58 36 lån
1743 1970 55 35 till

198 2031 71 36 nya
297 2018 195 38 lottsedlar.

331 2072 192 38 Utskottet
551 2074 66 37 har
643 2074 61 37 vid
732 2075 237 37 betraktande
998 2076 36 36 af
1062 2076 44 37 de
1134 2076 97 37 olika
1250 2083 195 42 argument,
1465 2090 78 24 som
1564 2077 150 37 sålunda
1734 2091 63 23 an-

197 2127 91 36 förts
317 2127 58 37 för
402 2127 68 37 och
498 2133 76 32 mot
601 2128 178 38 lotteriers
808 2130 198 45 införande,
1034 2131 58 36 för
1111 2131 56 36 sin
1186 2131 57 37 del
1262 2132 80 36 icke
1361 2132 121 36 funnit
1501 2132 80 37 skäl
1602 2145 83 24 vara
1704 2132 93 37 före-

198 2181 136 49 bragta,
359 2194 77 24 som
457 2182 87 37 böra
563 2196 43 35 ge
624 2183 213 49 Riksdagen
856 2184 192 49 anledning
1067 2190 54 47 att
1140 2184 127 50 frångå
1286 2185 70 37 den
1380 2185 233 50 ståndpunkt,
1634 2186 163 49 Sveriges

198 2237 283 47 representation
518 2237 176 37 alltsedan
735 2239 101 36 1840
875 2238 138 49 intagit.
1078 2239 123 38 Afven
1230 2252 58 25 om
1317 2253 85 23 man
1428 2240 80 37 icke
1535 2240 64 37 vill
1626 2240 82 37 med
1744 2240 54 37 åt-

199 2289 145 50 skilliga
373 2290 254 38 skriftställare
655 2291 164 38 fördöma
848 2292 129 49 själfva
1006 2293 185 49 spelandet
1217 2294 13 36 i
1257 2294 158 37 lotterier
1443 2294 119 37 såsom
1587 2294 212 38 omoraliskt

200 2366 49 4 —
296 2349 41 44 ty
382 2344 98 37 detta
521 2344 103 38 beror
666 2345 58 38 väl
765 2351 129 44 ytterst
934 2346 47 49 på
1022 2347 44 36 de
1110 2347 234 38 individuella
1389 2348 297 49 förutsättningar
1731 2348 67 37 och

1839 2079 152 29 Utskottets

1841 2125 141 36 yttrande.
