1900 2830
529 168 116 31 Andra
668 168 238 35 lagutskottets
929 167 176 31 utlåtande
1126 167 48 31 Nr
1197 166 49 30 33.
1610 166 18 31 9

118 255 117 37 dighet
261 255 89 30 skall
377 254 165 37 fullgöras
569 258 85 27 utan
682 253 199 37 ersättning,
910 253 115 30 finner
1051 253 165 30 utskottet
1243 253 165 36 förslaget
1438 251 44 38 på
1510 253 114 29 denna

117 306 112 37 punkt
245 305 121 31 kunna
382 305 174 37 godtagas.
574 305 14 29 I
605 305 92 30 detta
715 304 255 37 sammanhang
986 304 58 30 vill
1060 305 166 29 utskottet
1243 305 86 29 även
1346 301 189 32 framhålla
1551 301 73 31 vik-

118 359 59 28 ten
194 365 43 21 av
256 358 50 29 att
324 355 199 37 besiktning
542 354 38 32 så
599 355 186 35 anordnas,
805 357 49 27 att
872 355 128 30 minsta
1020 353 143 38 möjliga
1184 354 123 30 besvär
1327 354 66 30 och
1414 353 210 30 tidsutdräkt

117 405 110 32 vållas
242 406 294 31 förnödenhetens
553 407 113 35 ägare.
683 404 66 32 Vid
763 405 199 36 besiktning
979 415 41 21 av
1038 405 119 30 hästar
1174 413 100 28 synes
1292 404 57 30 det
1365 404 10 30 i
1394 402 124 32 sådant
1536 402 90 38 syfte

118 457 57 31 för
190 457 92 30 vissa
298 457 63 30 fall
378 457 120 30 kunna
515 464 85 23 vara
616 455 157 37 lämpligt
791 458 49 28 att
860 455 134 31 fördela
1012 455 240 36 besiktningen
1269 454 51 31 till
1338 454 89 31 flera
1445 454 179 36 samlings-

118 508 129 36 platser
265 507 97 31 inom
381 508 68 30 den
468 506 269 37 ifrågavarande
757 507 225 29 kommunen.

163 557 14 29 I
199 558 14 28 1
238 556 18 38 8$
278 556 164 36 förslaget
460 556 50 29 till
529 554 477 38 beredskapsförfogandelag
1027 554 141 37 angivas
1190 555 40 30 de
1251 554 279 36 förnödenheter,
1553 563 75 21 som

118 609 80 31 med
218 610 76 30 stöd
314 618 44 22 av
377 609 114 30 denna
510 608 57 37 lag
586 607 58 32 må
662 611 96 34 tagas
777 608 10 30 i
808 606 165 39 anspråk.
997 607 116 31 Under
1134 606 31 39 a)
1193 608 9 29 i
1223 606 212 38 paragrafen
1454 609 171 34 upptagas

118 659 124 31 härvid
257 660 260 30 bestämmelser
534 668 58 21 om
607 660 69 29 rätt
692 662 50 27 att
756 661 79 34 taga
852 659 11 29 i
880 657 152 38 anspråk
1050 658 270 30 förnödenheter
1336 667 45 20 m.
1400 667 57 25 m.,
1476 655 44 32 då
1537 655 88 32 mili-

121 711 52 30 tär
194 710 179 37 personals
396 710 218 37 förläggning
635 709 78 30 icke
734 709 188 37 lämpligen
943 710 70 29 kan
1038 709 61 30 ske
1119 709 12 29 i
1153 708 41 30 de
1217 717 41 21 av
1279 709 58 29 det
1358 707 268 37 ifrågavarande

119 760 185 32 förbandet
318 760 235 37 regelmässigt
568 760 164 30 använda
747 759 180 31 lokalerna
942 760 82 30 eller
1041 760 64 29 ock
1123 758 128 31 militär
1267 758 162 38 personal
1446 758 180 30 beordrats

118 811 53 31 till
186 810 286 38 sjötjänstgöring
488 813 98 28 utom
603 810 242 37 örlogsstation
862 810 83 30 eller
964 808 213 38 örlogsdepå.
1197 808 116 37 Enligt
1330 807 34 40 b)
1388 809 11 30 i
1417 808 210 37 paragrafen

119 862 131 36 kunna,
268 863 89 30 även
373 861 11 31 i
402 863 108 29 annat
529 861 62 30 fall
609 862 45 29 än
672 861 110 30 under
801 859 31 40 a)
857 862 87 35 sägs,
963 861 129 35 hästar,
1112 859 136 36 fordon,
1268 860 116 36 fartyg
1403 860 66 29 och
1488 858 137 31 luftfar-

119 915 59 35 tyg
200 912 94 31 bliva
316 911 148 32 föremål
487 912 55 30 för
565 912 203 30 anfordran.
792 910 118 31 Under
934 911 158 30 ärendets
1117 910 213 37 behandling
1354 911 65 29 har
1443 910 183 30 utskottets

119 963 313 37 uppmärksamhet
452 963 122 30 riktats
596 961 45 38 på
662 961 133 37 frågan,
816 961 175 31 huruvida
1011 962 76 30 icke
1108 960 180 38 möjlighet
1307 961 109 30 borde
1438 960 118 30 finnas
1578 960 50 29 att

119 1014 80 31 med
222 1014 76 30 stöd
321 1023 45 21 av
389 1013 217 31 sistnämnda
630 1013 189 36 stadgande
845 1013 12 30 i
880 1011 523 37 beredskapsförfogandelagen
1427 1013 80 34 taga
1532 1011 10 30 i
1567 1019 59 22 an-

120 1064 105 38 språk
244 1065 88 30 även
350 1064 56 31 för
423 1063 143 32 militärt
582 1064 91 30 bruk
691 1063 165 37 lämpliga
874 1063 148 31 hundar.
1043 1063 14 29 I
1077 1062 123 31 sådant
1219 1061 198 31 hänseende
1436 1062 65 29 har
1519 1059 108 32 bland

120 1118 108 28 annat
249 1114 221 36 framhållits,
492 1117 49 28 att
562 1114 270 36 användningen
853 1123 42 21 av
918 1113 137 31 hundar
1077 1113 97 30 inom
1195 1112 170 31 försvaret
1388 1112 136 30 alltmer
1546 1111 82 31 ökat

121 1168 90 28 samt
232 1168 50 28 att
306 1164 267 38 möjligheterna
596 1167 50 28 att
669 1164 55 31 för
746 1164 206 37 erforderlig
973 1163 197 37 utbildning
1193 1163 110 30 under
1328 1162 146 31 fredstid
1499 1161 44 38 på
1567 1161 59 30 fri-

120 1216 216 37 villighetens
356 1217 66 36 väg
441 1216 85 36 fylla
547 1216 56 30 det
622 1215 127 36 nödiga
768 1215 148 30 behovet
937 1224 43 21 av
1000 1214 165 36 lämpliga
1184 1214 139 30 hundar
1344 1213 118 30 kunde
1482 1212 74 31 visa
1578 1212 50 35 sig

120 1267 224 37 begränsade.
369 1266 117 37 Enligt
506 1266 186 30 utskottets
713 1265 141 37 mening
877 1264 114 31 finnes
1016 1265 75 30 skäl
1114 1265 56 30 för
1193 1266 48 28 att
1264 1264 141 30 hundar
1427 1262 58 32 må
1507 1264 121 29 kunna

121 1321 96 34 tagas
235 1317 10 30 i
263 1316 153 38 anspråk
434 1317 56 30 för
508 1316 153 31 militära
678 1315 164 31 ändamål
859 1315 32 37 ej
911 1316 122 30 endast
1051 1316 80 29 med
1149 1315 76 30 stöd
1244 1324 42 21 av
1305 1313 323 37 rekvisitionslagen

120 1372 85 27 utan
221 1369 86 30 även
322 1368 10 30 i
348 1370 47 28 ett
409 1367 289 36 beredskapsläge
715 1366 44 31 då
773 1366 524 37 beredskapsförfogandelagen
1314 1366 39 29 är
1369 1365 10 30 i
1397 1363 230 38 tillämpning.

121 1418 80 31 Med
220 1419 138 36 hänsyn
378 1417 118 31 härtill
516 1418 66 29 och
603 1416 45 31 då
668 1418 113 29 denna
802 1416 181 37 möjlighet
1002 1417 63 29 bör
1087 1415 53 31 stå
1158 1416 51 30 till
1229 1415 89 31 buds
1340 1417 131 28 oavsett
1493 1424 58 21 om
1571 1416 56 28 be-

121 1470 103 29 hovet
242 1468 129 31 hänför
388 1468 51 37 sig
454 1468 51 30 till
522 1467 116 37 någon
654 1470 97 28 utom
769 1466 337 37 förläggningsorten
1124 1466 158 36 befintlig
1301 1466 53 30 del
1374 1475 43 20 av
1435 1465 192 36 krigsmak-

120 1521 67 31 ten,
206 1518 57 29 vill
282 1518 165 29 utskottet
465 1516 136 36 föreslå,
621 1520 49 27 att
688 1517 65 29 den
772 1517 11 29 i
804 1517 13 29 1
841 1516 18 37 &
879 1517 112 29 under
1008 1515 33 39 b)
1066 1516 11 29 i
1096 1516 216 30 sistnämnda
1329 1516 55 35 lag
1402 1514 123 37 gjorda
1543 1523 87 27 upp-

122 1570 192 36 räkningen
344 1578 44 21 av
416 1569 67 30 vad
512 1578 75 21 som
616 1567 58 31 må
702 1571 96 33 tagas
829 1568 10 30 i
869 1566 152 37 anspråk
1051 1567 158 36 utvidgas
1239 1569 49 27 att
1318 1566 148 30 omfatta
1498 1565 130 37 jämväl

123 1621 147 31 hundar.

167 1670 13 29 I
204 1669 109 36 övrigt
338 1669 90 29 hava
453 1668 40 30 de
518 1676 124 28 genom
667 1666 259 37 propositionen
951 1666 194 36 framlagda
1171 1665 362 37 lagbestämmelserna
1557 1665 76 30 icke

123 1720 83 36 givit
223 1719 186 37 anledning
429 1718 51 31 till
499 1718 139 30 erinran
659 1716 79 32 från
756 1717 183 30 utskottets
958 1717 84 30 sida.

168 1795 116 31 Under
310 1794 220 37 åberopande
557 1804 42 21 av
626 1794 68 30 vad
718 1792 147 32 sålunda
891 1790 133 33 anförts
1050 1792 54 31 får
1131 1793 165 30 utskottet
1323 1793 194 35 hemställa,

476 1862 36 30 A.
538 1865 49 27 att
611 1861 185 36 riksdagen
819 1860 107 31 måtte
952 1864 125 32 antaga
1101 1860 123 37 Kungl.
1248 1860 119 38 Maj:ts
1392 1860 10 29 i
1427 1859 204 37 propositio-

432 1921 68 21 nen
519 1912 205 35 framlagda,
747 1912 114 29 nedan
882 1911 142 36 intagna
1047 1911 128 35 förslag
1195 1910 49 30 till

705 2040 346 44 Rekvisitionslag.

169 2125 210 36 Härigenom
403 2124 183 31 förordnas
609 2133 74 21 som
704 2123 111 38 följer.

624 2194 192 31 Allmänna
840 2195 293 29 bestämmelser.

843 2266 66 36 18.

170 2317 111 30 Sedan
301 2317 236 30 förordnande
556 2316 106 36 enligt
682 2316 18 37 8
723 2316 38 29 74
781 2315 311 37 regeringsformen
1115 2315 189 30 meddelats
1325 2318 49 27 att
1396 2315 236 36 krigsmakten

125 2369 81 30 eller
228 2368 112 36 någon
365 2368 54 29 del
443 2368 106 29 därav
574 2367 88 30 skall
687 2367 116 30 ställas
828 2366 46 36 på
897 2366 157 36 krigsfot,
1080 2365 57 31 må
1161 2365 78 31 från
1265 2366 64 30 och
1355 2365 79 30 med
1459 2366 67 29 den
1552 2365 77 35 dag,

125 2427 74 21 som
224 2418 193 36 Konungen
442 2418 219 33 bestämmer,
687 2416 10 30 i
723 2416 151 36 enlighet
897 2416 80 30 med
1001 2416 66 30 vad
1092 2416 11 30 i
1127 2416 114 30 denna
1266 2416 55 36 lag
1347 2415 137 36 stadgas
1508 2423 124 28 genom

124 2465 199 31 rekvisition
347 2475 42 20 av
413 2466 207 29 kommuner
644 2465 79 30 eller
750 2465 156 30 enskilda
933 2465 174 30 utfordras
1131 2465 268 29 förnödenheter
1422 2465 65 29 och
1512 2464 119 39 tjänst-

127 2518 169 35 barheter,
321 2527 74 22 som
420 2517 173 30 erfordras
620 2517 55 29 för
698 2517 153 36 fyllande
875 2526 42 20 av
942 2515 129 32 sådana
1099 2516 252 36 krigsmaktens
1379 2515 254 36 oundgängliga
