1914 2782
320 172 40 27 58
700 169 302 33 Bankoutskottets
1016 174 172 31 memorial
1202 185 40 20 nr
1257 178 16 28 1
1292 175 36 31 år
1343 178 81 30 1966

1019 402 79 32 PM

362 485 160 32 Tillstånd
545 487 50 30 till
617 488 142 31 svenska
781 489 130 32 direkta
933 491 238 40 investeringar
1192 494 12 30 i
1225 494 154 31 utlandet
1401 495 169 32 lämnades
1594 497 105 32 under
1723 501 79 29 1965

316 536 51 32 för
388 540 60 29 538
470 539 81 31 mkr.
573 539 163 40 Beloppet
757 542 204 41 understiger
982 547 155 30 avsevärt
1159 548 234 30 motsvarande
1414 548 120 40 belopp
1556 549 50 32 för
1630 553 89 35 1964,
1743 555 59 28 747

315 590 83 38 mkr,
418 601 74 21 men
510 592 99 40 ligger
628 593 80 40 högt
727 594 10 31 i
755 594 204 33 förhållande
977 597 48 31 till
1046 598 138 39 tidigare
1202 599 173 40 årsbelopp
1395 601 83 39 (tab.
1500 602 43 40 1).
1564 602 77 32 Som
1659 603 143 41 framgår

315 654 42 19 av
377 644 142 31 tabellen
537 645 61 31 har
617 647 105 30 under
743 650 78 29 1965
840 648 137 39 jämfört
997 651 75 30 med
1095 654 79 28 1964
1194 663 39 20 en
1253 653 151 40 nedgång
1423 657 57 37 ägt
1499 666 73 20 rum
1592 656 209 33 beträffande

315 696 153 40 samtliga
482 698 257 40 ländergrupper
754 701 75 31 med
846 702 171 40 undantag
1033 703 50 31 för
1098 715 147 28 gruppen
1265 706 148 40 »övriga»
1432 708 124 31 länder.
1573 708 108 33 Störst
1697 711 104 31 under

316 752 79 28 1963
415 750 36 31 år
468 750 154 40 beloppet
642 752 50 32 för
710 753 102 32 EEC-
831 755 149 32 området
999 757 75 30 med
1094 760 60 28 205
1173 758 72 31 mkr
1263 764 71 26 mot
1355 763 58 28 127
1432 761 74 31 mkr
1523 761 51 31 för
1592 762 127 38 EFTA,
1741 767 58 28 136

313 803 74 30 mkr
412 803 50 31 för
485 804 196 32 u-länderna
707 806 60 31 och
793 810 39 28 47
857 808 74 31 mkr
955 808 50 32 för
1029 809 251 33 Nordamerika.
1304 811 96 32 Även
1426 814 102 31 totalt
1552 819 66 27 sett
1643 812 157 47 uppvisar

312 855 255 33 EEC-området
584 858 105 31 under
706 859 63 31 den
790 860 218 40 11-årsperiod
1027 863 251 40 redovisningen
1297 868 198 36 omspänner
1512 867 64 31 den
1594 868 119 40 högsta
1731 869 68 32 siff-

311 919 60 20 ran
391 909 105 39 (1164
515 911 87 40 mkr)
623 922 76 20 men
716 912 171 41 härvidlag
905 916 36 29 är
960 914 113 32 siffran
1092 916 51 31 för
1160 917 195 32 u-länderna
1373 920 116 31 endast
1507 920 185 41 obetydligt
1712 923 86 39 lägre

313 961 107 40 (1155
445 963 98 39 mkr).
568 964 98 31 Inom
690 966 195 31 u-länderna
909 967 118 32 hänför
1051 969 47 39 sig
1124 969 234 40 huvudparten
1383 983 42 20 av
1450 973 156 40 beloppet
1632 975 90 31 såväl
1748 976 50 31 för

313 1017 79 28 1965
415 1026 69 20 som
507 1017 101 31 totalt
630 1017 49 31 till
701 1018 237 41 investeringar
958 1021 10 31 i
990 1021 255 33 Latinamerika.
1267 1024 52 31 Av
1344 1028 79 28 1965
1446 1026 51 32 års
1520 1027 92 32 siffra
1634 1027 92 33 faller
1748 1029 49 31 så-

310 1067 103 32 lunda
430 1072 38 28 93
485 1070 73 30 mkr
573 1070 62 31 och
652 1082 43 20 av
711 1072 201 32 totalsiffran
930 1077 58 28 690
1006 1075 74 31 mkr
1096 1076 43 38 på
1157 1076 204 33 sistnämnda
1379 1079 144 31 område.
1540 1079 69 33 Det
1627 1083 36 29 är
1680 1081 116 32 härvid

309 1125 53 27 att
380 1121 172 33 observera
570 1128 53 27 att
642 1124 9 31 i
671 1127 102 29 större
791 1125 202 41 omfattning
1011 1130 42 28 än
1071 1129 65 30 vad
1158 1129 92 38 eljest
1269 1132 36 29 är
1323 1132 84 38 regel
1427 1132 189 33 inkluderar
1633 1134 163 40 beloppen

308 1173 51 32 för
378 1174 93 32 detta
490 1176 134 31 område
643 1177 270 33 fondemissioner
934 1180 117 40 (under
1072 1184 79 28 1965
1173 1183 47 30 till
1240 1183 137 40 ungefär
1396 1188 39 28 30
1448 1185 38 40 Ig
1508 1197 42 20 av
1570 1187 223 41 årsbeloppet)

307 1237 118 29 genom
448 1228 194 39 disposition
665 1241 42 20 av
730 1231 196 32 vinstmedel
949 1233 61 31 och
1034 1235 239 40 uppskrivning
1296 1248 42 20 av
1362 1237 173 41 tillgångar
1557 1240 43 38 på
1623 1241 106 39 grund
1752 1253 42 20 av

307 1279 152 33 inflation
481 1287 87 26 samt
586 1293 43 20 av
650 1294 126 21 samma
796 1286 97 30 orsak
913 1286 171 40 företagna
1103 1288 291 39 låneoperationer.
1415 1291 72 31 Vad
1508 1292 161 33 beträffar
1689 1295 105 31 u-län-

306 1333 102 31 derna
424 1334 10 31 i
450 1334 114 32 Afrika
581 1335 61 32 har
656 1355 42 4 —
713 1337 100 31 sedan
829 1338 87 32 vissa
933 1342 102 28 större
1052 1339 237 42 investeringar
1305 1343 149 32 slutförts
1470 1364 42 3 —
1527 1345 163 40 beloppen
1707 1348 86 31 varit

305 1386 190 41 obetydliga
514 1388 104 32 under
638 1400 112 21 senare
768 1391 36 31 år
825 1391 64 40 (för
910 1395 78 28 1965
1010 1396 14 27 1
1046 1393 19 31 å
1084 1397 19 27 2
1122 1394 99 40 mkr).

346 1439 18 31 I
382 1440 99 31 tabell
499 1444 19 28 2
535 1441 167 33 redovisas
720 1443 104 32 under
840 1444 78 31 åren
938 1448 204 29 1962—1965
1160 1448 153 31 lämnade
1330 1449 367 41 investeringstillstånd
1717 1454 75 31 med

304 1492 182 41 fördelning
505 1495 42 38 på
566 1495 290 40 verksamhetstyp
879 1497 360 43 (försäljningsföretag,
1260 1502 112 39 övriga
1390 1503 140 41 företag)
1550 1505 61 31 och
1631 1507 76 30 med
1726 1510 65 28 sär-

304 1545 77 33 skilt
402 1546 184 40 angivande
606 1559 43 20 av
669 1549 104 31 under
791 1551 187 38 respektive
997 1552 36 30 år
1053 1552 172 40 företagna
1244 1555 274 41 nyetableringar.
1539 1557 52 32 De
1611 1558 10 31 i
1643 1570 148 29 gruppen

304 1598 150 41 >Övriga»
474 1601 245 31 sammanförda
736 1601 288 42 investeringarna,
1042 1605 90 32 vilka
1148 1606 183 40 inbegriper
1346 1608 41 31 de
1403 1609 298 39 kapitalkrävande
1718 1624 72 28 pro-

302 1651 338 42 duktionsföretagen,
666 1666 111 20 svarar
800 1656 274 41 beloppsmässigt
1099 1658 51 32 för
1173 1659 234 40 huvudparten
1432 1674 42 20 av
1498 1663 203 33 tillstånden.
1723 1666 66 31 An-

301 1705 202 40 talsmässigt
527 1706 60 32 har
611 1707 378 42 försäljningsföretagen
1014 1711 139 40 tidigare
1177 1713 184 33 dominerat
1386 1715 100 32 bland
1511 1717 41 30 de
1577 1719 142 31 svenska
1742 1720 47 31 in-

301 1759 246 39 vesteringarna
566 1761 200 31 utomlands.
786 1762 17 31 I
823 1763 161 31 samband
1004 1765 76 30 med
1099 1776 40 20 en
1159 1766 197 41 utvidgning
1376 1779 42 20 av
1438 1769 281 42 investeringarna
1739 1773 49 32 till

300 1822 67 28 nya
385 1812 176 32 branscher
578 1814 106 31 under
702 1825 112 21 senare
832 1815 37 32 år
885 1816 60 31 har
963 1818 179 31 emellertid
1162 1819 40 31 de
1222 1820 148 40 »övriga»
1393 1821 185 41 företagens
1597 1825 92 31 antal
1708 1826 80 31 ökat

299 1864 136 32 relativt
459 1867 116 30 starkt.
602 1867 64 31 För
690 1867 78 31 åren
794 1871 204 30 1958—1965
1023 1870 220 41 föreliggande
1268 1874 167 40 uppgifter
1459 1876 128 32 utvisar
1611 1882 50 27 ett
1687 1879 100 32 totalt

299 1918 92 31 antal
413 1919 266 40 nyetableringar
699 1932 42 19 av
765 1924 88 28 1481
876 1926 51 33 st.,
949 1934 103 20 varav
1075 1928 60 27 798
1158 1929 40 27 st.
1220 1925 336 44 försäljningsföretag
1577 1930 63 32 och
1663 1934 59 29 683
1745 1937 41 27 st.

300 1971 149 39 »Övriga»
470 1971 137 41 företag.

341 2025 161 31 Tillstånd
519 2026 49 30 till
582 2026 180 32 utländska
777 2028 130 31 direkta
922 2030 239 40 investeringar
1175 2033 11 31 i
1201 2033 131 40 Sverige
1349 2034 60 32 har
1424 2036 105 32 under
1545 2040 80 29 1965
1640 2039 144 31 lämnats

296 2077 51 31 för
365 2080 61 29 320
445 2079 81 37 mkr,
546 2078 105 32 vilket
669 2080 138 32 innebär
824 2092 40 20 en
882 2081 128 33 mindre
1029 2084 151 41 nedgång
1199 2086 9 31 i
1229 2086 203 34 förhållande
1451 2089 49 32 till
1522 2093 80 29 1964
1620 2092 52 31 års
1693 2092 91 31 siffra

294 2168 78 25 Anm.
390 2168 202 32 Ifrågavarande
608 2170 116 26 statistik
739 2171 116 26 avslutas
870 2173 81 26 årsvis
966 2175 85 25 medio
1066 2175 143 27 december.

294 2211 102 26 EFTA:
419 2212 142 31 Danmark,
582 2214 96 31 Norge,
698 2215 132 32 Portugal,
851 2216 121 32 Schweiz,
993 2218 216 33 Storbritannien,
1230 2219 138 34 Österrike;
1390 2224 107 26 fr.o.m.
1520 2228 64 23 1964
1605 2225 148 28 inkluderas
1774 2227 8 24 i

327 2248 167 30 uppgifterna
510 2251 67 23 även
595 2250 119 26 Finland.

293 2282 80 26 EEC:
392 2283 112 31 Belgien,
522 2284 151 31 Frankrike,
691 2285 102 31 Italien,
810 2287 172 33 Luxemburg,
999 2289 220 32 Nederländerna,
1236 2288 197 41 Västtyskland.

293 2317 198 27 Nordamerika:
508 2319 118 31 Canada,
643 2320 74 26 USA.

292 2352 135 27 U-länder:
447 2354 79 31 enligt
546 2355 122 26 OECD:s
687 2356 169 33 förteckning.

292 2387 284 34 Försäljningsföretag:
594 2390 102 32 företag
712 2391 83 26 vilkas
812 2393 122 26 ändamål
951 2394 93 27 enbart
1060 2398 29 23 är
1107 2396 152 33 försäljning
1275 2407 34 16 av
1326 2408 55 16 som
1399 2400 67 31 regel
1483 2401 112 26 svenska
1613 2406 167 28 exportvaror

325 2424 150 26 utomlands
492 2425 146 31 respektive
656 2426 139 27 utländska
813 2428 7 25 i
839 2427 111 33 Sverige.

291 2456 97 34 Övriga
408 2459 107 32 företag:
537 2460 102 33 företag
659 2471 34 16 av
714 2462 131 27 skiftande
865 2468 50 26 art;
936 2464 216 34 beloppsmässigt
1173 2467 205 33 huvudsakligen
1398 2470 171 32 utvinnings-,
1590 2468 189 41 tillverknings-

324 2494 49 25 och
392 2496 349 33 sammansättningsföretag
760 2498 304 34 (produktionsföretag).
