2186 2624
430 195 39 31 32
879 196 248 32 Statsutskottets
1157 196 169 32 Utlåtande
1350 198 60 31 N:o
1434 199 50 30 75.

387 272 12 36 i
427 273 64 37 det
532 272 129 49 gamla
702 273 187 49 förslaget
929 280 199 44 upptagna
1168 275 156 48 lokaler,
1358 289 91 23 voro
1483 275 139 37 endast
1650 288 47 23 en
1727 275 145 50 våning
1900 276 78 49 hög

388 324 87 37 med
517 338 48 23 en
608 325 78 48 hög
728 324 260 50 vindsvåning
1031 326 102 37 inom
1174 332 54 31 ett
1270 327 275 37 mansard-tak.
1600 327 259 49 Tvättstugan
1888 340 90 25 vore

388 376 191 45 nedsänkt
608 379 21 34 2
660 382 121 31 meter
809 376 12 37 i
845 377 135 49 jorden
1007 378 70 37 och
1104 378 153 37 försedd
1279 380 85 36 med
1384 379 289 48 dagerbrunnar
1693 379 58 36 för
1771 379 206 37 fönsterna.

515 428 242 37 Beträffande
800 429 257 37 kostnaderna
1099 430 174 37 utvisade
1309 431 198 36 Kumliens
1540 431 354 49 tjenstememorial,
1923 437 56 30 att

388 479 73 37 den
490 493 75 35 nya
594 480 413 50 ekonomibyggnaden
1035 482 124 37 skulle
1179 482 109 37 kosta
1311 484 138 47 98,400
1470 483 142 36 kronor
1631 482 93 37 eller
1744 484 74 35 900
1838 483 141 36 kronor

388 544 79 24 mer
495 536 49 32 än
573 532 123 48 enligt
724 532 64 36 det
809 533 104 36 äldre
933 532 197 50 förslaget.
1184 533 59 37 En
1264 535 269 36 motsvarande
1556 534 249 50 nedsättning
1823 534 155 49 gjordes

389 583 172 37 deremot
589 583 13 36 i
630 583 63 37 det
726 583 105 37 äldre
865 584 206 50 förslagets
1105 591 86 44 post
1224 588 20 34 å
1276 588 136 46 15,400
1441 587 143 36 kronor
1612 586 57 37 för
1697 586 281 37 sammanbind-

387 635 227 49 ningsgång
655 635 71 37 och
765 641 104 43 yttre
898 636 233 39 rörkanaler.
1185 637 56 37 Då
1269 638 166 36 nämnda
1463 637 168 49 förslags
1659 643 131 44 poster
1817 637 13 37 i
1858 637 120 50 öfrigt

388 700 90 24 voro
512 687 218 37 bibehållna
765 687 265 49 oförändrade,
1066 689 123 36 skulle
1222 689 46 37 de
1297 703 51 23 nu
1377 689 251 37 omförmälda
1656 689 259 49 ändringarna
1943 690 34 49 ej

389 738 168 38 medföra
587 741 126 46 någon
742 738 163 50 höjning
932 739 11 37 i
972 739 254 38 slutsumman
1256 740 59 37 för
1344 740 46 37 de
1418 741 222 37 tillämnade
1668 741 194 38 arbetena.

516 791 76 36 Det
632 793 48 47 på
721 804 93 35 nyss
857 791 243 38 omförmäldt
1140 797 73 32 sätt
1253 792 168 38 ändrade
1463 793 188 48 förslaget
1683 792 99 37 hade
1815 792 164 37 derefter

389 841 124 38 blifvit
540 842 200 49 godkändt
769 842 41 37 af
831 843 407 50 medicinalstyrelsen,
1259 857 82 24 som
1363 845 84 36 med
1468 845 204 36 skrifvelse
1692 844 75 37 den
1788 847 23 34 4
1826 844 152 49 januari

391 896 92 35 1901
529 894 251 37 öfverlemnat
822 894 266 51 vederbörliga
1129 895 189 50 ritningar
1350 897 70 36 och
1453 896 231 50 handlingar
1712 896 58 36 till
1799 896 179 50 sjukhus-

387 945 253 38 direktionen.

514 1049 437 50 Departementschefen
991 1050 69 36 har
1102 1050 165 37 derefter
1309 1051 152 37 fortsatt
1502 1051 274 51 redogörelsen
1817 1051 59 37 för
1905 1051 73 37 den

388 1100 245 51 behandling,
675 1115 81 24 som
798 1107 138 44 egnats
977 1101 75 38 den
1094 1102 41 37 af
1170 1102 408 49 sjukhusdirektionen
1608 1104 135 49 gjorda
1778 1103 200 38 framställ-

388 1166 157 36 ningen.

519 1204 138 49 Sedan,
685 1200 124 42 såsom
839 1205 169 47 nämndt,
1037 1205 47 37 de
1113 1205 246 39 akademiska
1389 1207 319 50 myndigheterna
1736 1213 122 44 yttrat
1883 1207 95 49 sig
1957 1196 25 65 i

389 1256 169 47 ärendet,
590 1256 97 37 hade
720 1257 213 37 detsamma
965 1257 232 37 remitterats
1229 1258 56 37 till
1316 1259 510 48 öfverintendentsembetet,
1856 1273 80 23 som
1965 1259 13 36 i

389 1308 195 37 utlåtande
612 1308 73 37 den
708 1311 43 34 11
775 1308 201 38 december
999 1311 98 35 1900
1127 1316 189 44 upprepat
1348 1311 63 36 det
1435 1311 42 36 af
1492 1311 168 37 embetet
1679 1311 58 37 till
1758 1311 220 38 medicinal-

389 1360 190 49 styrelsen
607 1360 158 50 afgifna,
793 1361 102 36 förut
922 1360 38 37 af
988 1361 420 49 departementschefen
1436 1363 229 37 omnämnda
1693 1363 192 49 yttrande.

516 1412 18 37 I
562 1412 210 49 anledning
813 1412 42 37 af
892 1412 101 37 hvad
1026 1413 500 38 öfverintendentsembetet
1554 1415 125 37 anfört
1708 1415 99 37 hade
1836 1416 140 48 Kongl.

389 1463 125 50 Maj:ts
544 1463 429 50 befallningshafvande
1001 1465 11 36 i
1042 1464 213 38 Malmöhus
1285 1466 63 37 län
1376 1466 190 37 anbefalts
1609 1473 55 31 att
1692 1467 83 36 från
1795 1467 183 37 direktio-

389 1529 74 23 nen
492 1515 108 38 öfver
641 1516 515 50 sjukvårdsinrättningarna
1183 1516 169 39 infordra
1381 1518 69 37 och
1480 1518 238 38 öfverlemna
1746 1519 59 37 till
1834 1519 142 48 Kongl.

390 1567 104 49 Maj:t
522 1567 118 37 stäldt
667 1568 208 37 utlåtande.

516 1619 83 37 Den
644 1622 43 34 15
730 1620 148 49 januari
910 1622 93 35 1901
1035 1620 98 37 hade
1162 1620 241 38 direktionen
1432 1621 154 50 afgifvit
1614 1622 64 37 det
1706 1622 145 37 äskade
1880 1622 97 38 utlå-

389 1670 143 45 tandet,
574 1671 147 37 hvilket
761 1671 43 37 af
840 1671 137 49 Kongl.
1013 1672 126 49 Maj:ts
1168 1673 425 50 befallningshafvande
1621 1673 283 38 öfverlemnats.
1959 1674 18 37 I

389 1723 219 52 utlåtandet
641 1723 97 37 hade
780 1723 242 38 direktionen
1065 1725 228 47 omförmält,
1332 1725 181 37 hurusom
1542 1725 253 49 ritningarna,
1824 1729 48 46 på
1900 1731 78 32 sätt

389 1774 422 50 departementschefen
854 1775 117 37 redan
1013 1781 143 43 nämnt,
1198 1777 153 37 dåmera
1390 1777 210 48 undergått
1639 1778 103 36 vissa
1770 1777 208 50 ändringar

389 1826 70 37 och
488 1826 12 36 i
529 1827 68 36 sitt
625 1826 167 38 ändrade
825 1826 109 38 skick
968 1827 126 38 blifvit
1120 1828 208 49 godkända
1356 1829 41 36 af
1422 1829 414 49 medicinalstyrelsen;
1865 1830 112 37 hvar-

383 1878 121 48 jemte
547 1877 241 38 direktionen
831 1878 57 37 till
930 1879 142 50 Kongl.
1115 1880 104 49 Maj:t
1243 1880 253 38 öfverlemnat
1525 1880 177 49 samtliga
1732 1881 59 36 till
1820 1882 157 37 ärendet

388 1930 169 53 hörande
585 1929 201 50 ritningar.

512 1975 173 44 Ärendet
725 1981 99 38 hade
866 1982 184 50 slutligen
1088 1985 97 47 ånyo
1226 1983 129 38 blifvit
1389 1984 238 38 remitteradt
1654 1984 57 37 till
1740 1984 236 37 öfverinten-

388 2033 293 49 dentsembetet,
709 2047 82 24 som
821 2034 12 36 i
861 2035 204 37 skrifvelse
1095 2035 73 37 den
1198 2037 21 35 5
1240 2035 164 38 februari
1427 2037 95 35 1901
1546 2036 155 47 anmält,
1722 2042 56 31 att
1798 2036 178 45 embetet,

388 2084 95 38 vid
471 2080 20 61 i
512 2086 159 36 ärendet
699 2086 201 49 företagen
928 2087 164 48 förnyad
1120 2087 253 50 granskning,
1403 2087 125 37 funnit
1558 2089 72 48 sig,
1652 2089 96 36 efter
1767 2088 101 37 hvad
1896 2088 81 37 deri

388 2137 153 37 dåmera
569 2136 127 38 blifvit
723 2138 182 49 åtgjordt,
933 2138 85 37 icke
1047 2138 115 38 hafva
1190 2142 117 47 något
1336 2144 55 32 att
1419 2139 58 37 för
1505 2139 61 37 sin
1595 2140 60 37 del
1683 2140 137 38 erinra.

514 2240 18 36 I
565 2240 64 37 det
656 2240 233 50 föregående
930 2240 99 37 hade
1070 2241 64 38 vid
1173 2242 91 37 fere
1305 2241 174 38 tillfällen
1509 2243 261 49 antydningar
1814 2243 162 38 lemnats

388 2304 59 24 om
490 2291 200 41 tillämnad
732 2292 271 50 utsträckning
1045 2293 42 36 af
1128 2294 71 38 den
1237 2298 76 33 rätt
1343 2293 56 38 till
1429 2294 144 37 klinisk
1603 2295 371 49 undervisning
1897 2287 81 61 vid
