2150 2514
375 160 39 29 66
904 163 227 30 Statsutskottets
1160 164 152 30 Utlåtande
1335 166 57 29 N:o
1415 166 27 30 8.

473 236 17 35 I
518 236 122 36 denna
668 237 206 36 berättelse
902 239 85 42 (sid.
1018 238 87 49 243)
1135 241 110 36 hafva
1272 242 237 35 revisorerna
1537 243 73 36 fäst
1628 243 234 49 Riksdagens
1883 257 94 35 upp-

375 287 255 35 märksamhet
668 290 21 32 å
729 288 65 36 det
834 288 249 47 förhållande,
1124 297 67 39 att,
1220 292 115 35 sedan
1363 292 62 36 vid
1456 293 212 46 beviljande
1697 293 40 36 af
1761 296 131 46 anslag
1920 295 58 34 för

374 337 207 36 tullverket
622 337 58 36 för
721 341 41 32 år
804 341 93 34 1892
940 339 225 49 Riksdagen,
1194 355 81 22 som
1316 342 210 47 medgifvit,
1559 349 56 30 att
1642 344 46 35 de
1717 344 259 48 besparingar,

374 386 127 36 hvilka
543 387 190 48 uppstode
775 392 19 31 å
835 390 224 36 tullverkets
1100 391 190 36 ordinarie
1319 393 272 45 aflöningsstat,
1619 394 99 47 finge
1747 394 39 35 af
1811 391 167 51 general-

374 438 261 47 tullstyrelsen
664 438 221 47 disponeras
913 440 60 35 för
1000 453 140 24 samma
1168 442 186 45 ändamål,
1384 443 153 35 hvartill
1560 443 45 35 de
1627 447 19 31 å
1666 444 311 47 aflöningsstaten

375 487 190 48 uppförda
604 489 178 47 anslagen
824 490 58 35 till
923 491 436 49 vikariatsersättningar
1396 493 70 36 och
1497 500 106 29 extra
1644 494 174 35 biträden
1854 507 47 22 m.
1931 509 46 22 m.

375 538 101 35 inom
505 539 187 47 styrelsen
722 540 69 35 och
822 540 101 35 inom
953 542 382 48 lokalförvaltningen
1364 556 91 23 vore
1484 543 166 44 afsedda,
1672 544 10 34 i
1703 545 169 45 enlighet
1892 547 84 34 med

374 587 136 46 Kongl.
540 589 121 46 Maj:ts
688 588 141 49 förslag
856 591 165 36 bestämt
1048 593 309 47 aflöningsstaten
1387 594 57 34 till
1476 597 195 40 1,812,600
1700 594 152 44 kronor,
1873 595 109 36 deraf

375 641 197 41 1,612,600
601 640 141 35 kronor
761 641 58 34 till
839 640 189 37 ordinarie
1048 643 207 47 aflöningar
1275 644 69 35 och
1368 646 159 42 200,000
1547 645 140 34 kronor
1708 645 57 35 till
1782 645 197 35 vikariats-

375 690 268 46 ersättningar,
684 696 108 38 samt,
835 692 118 47 enligt
990 693 225 36 tullverkets
1243 694 257 47 räkenskaper
1528 694 58 35 för
1613 695 278 44 revisionsåret,
1920 696 58 35 till

373 739 441 49 vikariatsersättningar
855 742 69 35 och
967 748 107 30 extra
1115 743 174 36 biträden
1333 748 126 44 utgått
1500 750 53 30 ett
1593 745 139 47 belopp
1773 744 40 35 af
1838 745 140 35 kronor

375 791 171 42 321,075:
576 793 59 40 47,
677 793 39 32 så
755 791 95 35 hade
887 792 195 36 skilnaden
1112 794 159 35 emellan
1300 795 233 34 sistberörda
1562 795 138 47 belopp
1730 795 70 35 och
1830 795 64 35 det
1922 794 57 36 för

375 840 214 35 ändamålet
616 841 188 46 beviljade
833 843 182 45 anslaget,
1046 845 159 42 200,000
1234 844 152 44 kronor,
1416 845 92 35 eller
1535 845 141 35 kronor
1719 847 170 43 121,075:
1919 848 59 44 47,

371 890 118 46 jemte
519 895 55 30 ett
601 889 83 36 från
714 890 540 51 öfvergångsaflöningsstaten
1284 894 212 36 öfverfördt
1516 895 138 47 belopp
1676 894 38 36 af
1733 898 70 34 200
1825 895 153 44 kronor,

375 940 159 36 omförts
574 941 57 35 till
673 941 311 48 aflöningsstaten
1026 944 70 34 och
1138 944 64 36 det
1239 944 152 48 belopp,
1422 945 178 35 hvarmed
1629 945 234 35 sistnämnda
1891 951 87 39 stat,

375 989 83 36 från
500 991 152 35 hvilken
694 991 190 36 ordinarie
926 993 207 47 aflöningar
1174 998 127 43 utgått
1328 995 85 35 med
1447 997 192 42 1,517,523
1669 995 142 36 kronor
1839 998 45 33 37
1914 1003 64 28 öre

375 1040 70 35 och
475 1053 79 22 som
584 1041 158 35 sålunda
771 1043 95 34 visat
895 1056 44 21 en
969 1043 117 45 utgift
1114 1047 20 32 å
1160 1045 248 35 tillsammans
1437 1045 141 35 kronor
1608 1048 207 41 1,638,798:
1834 1048 59 42 84,
1921 1046 58 35 till

376 1090 91 46 följd
497 1090 112 36 häraf
632 1090 272 46 öfverskridits,
935 1094 91 34 eller
1056 1097 132 40 26,198
1218 1095 141 35 kronor
1388 1096 47 36 84
1464 1102 77 37 öre,
1570 1095 173 36 betäckts
1771 1109 136 33 genom
1934 1109 44 22 en

376 1140 189 47 omföring
605 1141 57 35 till
699 1142 305 47 aflöningskonto
1042 1144 39 35 af
1105 1145 72 35 den
1207 1145 206 36 tullverket
1442 1144 81 36 från
1553 1146 73 46 fyr-
1655 1146 69 35 och
1754 1146 224 35 båkmedlen

376 1191 287 36 tillkommande
692 1192 205 47 provision,
927 1206 79 22 som
1036 1197 40 32 år
1105 1197 93 34 1892
1229 1199 163 44 uppgått
1420 1196 57 35 till
1507 1198 133 41 31,900
1668 1196 142 35 kronor
1831 1199 44 33 74
1897 1202 82 38 öre;

376 1241 72 35 och
490 1240 110 36 hafva
640 1243 236 35 revisorerne
917 1244 86 35 med
1045 1244 176 36 afseende
1251 1249 20 32 å
1299 1245 250 36 omförmälda
1576 1245 237 36 förhållande
1841 1252 137 37 ansett,

376 1295 55 31 att
459 1291 65 36 det
552 1291 125 36 kunde
707 1291 251 48 ifrågasättas,
988 1295 187 36 huruvida
1204 1296 163 35 berörda
1396 1296 205 46 provision,
1631 1296 164 42 hvilken,
1827 1297 153 46 jemlikt

376 1341 128 47 kongl.
535 1341 273 48 förordningen
836 1344 71 35 den
940 1345 44 34 15
1013 1343 164 37 februari
1203 1348 90 34 1881
1318 1346 194 47 angående
1533 1347 219 43 lotsverket,
1769 1347 210 35 tillkomme

376 1392 207 49 tullverket
610 1392 58 36 för
697 1393 224 47 uppbörden
951 1394 40 35 af
1015 1394 75 48 fyr-
1118 1396 69 34 och
1218 1396 236 44 båkmedlen,
1483 1398 200 46 rätteligen
1705 1397 131 44 borde,
1857 1400 122 32 såsom

377 1442 120 35 under
538 1443 270 36 revisionsåret
848 1451 62 40 egt
950 1457 96 32 rum,
1075 1446 190 35 användas
1293 1447 59 34 till
1381 1447 220 47 aflöningar,
1631 1448 245 46 hvarigenom
1906 1447 73 36 den

376 1492 40 35 af
454 1492 214 48 Riksdagen
710 1492 197 37 faststälda
949 1496 310 47 aflöningsstaten
1300 1497 11 34 i
1352 1495 133 49 sjelfva
1524 1498 132 35 verket
1698 1497 126 36 blifvit
1859 1497 121 44 öfver-

375 1542 165 36 skeiden.

475 1592 17 36 I
532 1593 65 35 det
637 1594 206 44 utlåtande,
885 1607 79 23 som
1007 1595 39 36 af
1078 1597 415 46 generaltullstyrelsen
1530 1596 166 48 afgifvits
1724 1598 162 35 rörande
1916 1611 64 22 an-

377 1643 147 35 märkta
551 1642 267 44 förhållandet,
849 1645 66 35 har
942 1646 184 47 styrelsen
1156 1646 57 36 till
1243 1660 45 22 en
1316 1647 134 48 början
1479 1647 136 45 anfört,
1644 1653 56 30 att
1728 1649 119 45 enligt
1878 1649 102 35 såväl

376 1693 72 35 den
477 1693 40 35 af
541 1695 237 35 revisorerna
807 1695 213 47 åberopade
1048 1696 271 48 förordningen
1349 1698 196 47 angående
1573 1698 207 36 lotsverket
1808 1711 80 22 som
1910 1699 69 34 ock

377 1744 104 34 äldre
524 1744 266 48 förordningar
831 1746 9 34 i
878 1758 140 23 samma
1060 1754 106 28 ämne
1208 1748 209 35 tullverket
1446 1748 124 35 blifvit
1598 1748 222 36 tillerkändt
1847 1749 133 47 rättig-

378 1793 113 35 heten
520 1799 55 30 att
603 1794 57 35 för
689 1795 187 47 uppbörd,
905 1796 215 48 debitering
1149 1798 70 34 och
1248 1798 245 46 redovisning
1513 1798 39 35 af
1568 1798 73 48 fyr-
1663 1799 70 35 och
1755 1799 225 35 båkmedlen

377 1843 281 48 tillgodoräkna
698 1847 57 45 sig
795 1846 192 46 provision
1030 1850 20 31 å
1090 1860 140 23 samma
1267 1849 135 42 medel,
1432 1849 152 35 hvilken
1614 1849 192 47 provision
1831 1850 150 45 jemlikt

377 1894 127 47 kongl.
533 1894 272 48 förordningen
835 1896 70 35 den
936 1900 13 32 3
981 1898 83 46 juni
1096 1901 106 39 1874,
1232 1898 95 35 efter
1356 1904 55 30 att
1439 1898 263 36 dessförinnan
1724 1899 109 35 hafva
1855 1902 126 45 utgått

376 1944 86 35 med
505 1947 19 33 3
567 1952 159 40 procent
763 1949 20 31 å
816 1946 371 48 bruttouppbörden,
1217 1948 169 36 nedsatts
1415 1949 59 35 till
1502 1950 66 35 sitt
1594 1949 218 36 nuvarande
1841 1949 139 48 belopp

377 1994 40 35 af
441 1998 62 32 två
531 2002 159 40 procent
718 1999 20 32 å
766 2009 140 23 samma
934 1997 187 48 uppbörd.

477 2044 134 37 Denna
638 2047 193 46 provision
861 2047 95 35 hade
985 2048 94 36 först
1106 2048 122 36 under
1256 2062 45 22 en
1321 2048 94 48 följd
1436 2049 40 36 af
1492 2052 41 33 år
1553 2053 126 44 utgått
1699 2053 121 32 såsom
1835 2048 146 48 sportel

378 2095 10 34 i
430 2095 164 47 tjensten
636 2097 57 34 till
735 2097 225 36 tullverkets
1001 2099 225 45 tjenstemän
1256 2100 70 35 och
1356 2100 185 46 betjente;
1570 2113 84 23 men
1684 2113 139 34 genom
1852 2100 127 46 kongl.

377 2144 147 36 brefvet
551 2146 70 35 den
652 2149 19 33 3
701 2146 200 46 december
932 2150 93 34 1842
1056 2149 194 47 angående
1279 2149 223 36 förändradt
1530 2151 259 47 aflöningssätt
1816 2149 57 36 för
1894 2150 88 35 tull-

377 2196 151 36 verkets
556 2197 226 47 tjenstemän
810 2198 69 35 och
910 2198 164 48 betjente
1104 2200 95 35 hade
1227 2200 182 47 stadgats,
1430 2205 55 31 att
1503 2201 268 47 godtgörelsen
1795 2199 58 36 för
1873 2200 109 37 deras
