2150 2516
711 158 226 30 Statsutskottets
964 156 151 30 Utlåtande
1137 156 55 28 N:o
1216 156 28 27 8.

1742 151 39 28 89

1187 231 208 47 Transport
1422 228 64 37 Kr.
1541 230 146 44 30,073:
1717 229 46 35 34

178 289 58 36 till
263 287 262 49 godtgörande
547 286 40 37 af
602 286 205 37 kostnader
826 285 59 36 för
905 285 97 36 vissa
1027 281 371 49 kronoegendomars

266 338 225 48 deltagande
520 338 11 36 i
559 338 117 36 andra
705 333 688 49 vattenafledningsföretag..............
1454 344 11 15 >
1543 332 145 43 -26,764:
1717 331 46 34 48

267 388 210 46 ersättning
505 387 58 37 för
590 387 285 49 öfverbyggnad
905 390 20 32 å
952 386 183 46 indragna
1162 383 231 36 boställen...
1453 394 12 14 >
1543 382 144 43 57,161:
1716 381 47 35 09

266 439 263 48 godtgörande
549 437 40 37 af
604 437 213 48 förskjutna
837 434 412 47 husröteersättningar
1268 436 38 32 åt
1325 433 74 35 till-

266 490 183 36 trädande
491 488 314 36 arrendatorerna
841 486 40 36 af
913 486 183 47 indragna
1124 482 275 37 militiebostäl-

266 541 84 35 lena
387 543 20 33 2
445 539 141 36 mantal
626 537 214 48 Tillingeby
880 537 70 34 n:is
990 539 16 32 1
1038 535 70 35 och
1146 537 19 33 2
1203 535 12 34 i
1247 532 153 36 Kalmar

266 592 62 34 län
356 596 97 29 samt
484 592 16 33 1
531 588 139 36 mantal
700 587 134 36 Vestra
862 586 85 36 Rud
976 586 11 35 i
1015 584 225 36 Vermlands
1268 583 127 35 län.....
1455 595 12 16 >
1569 582 120 44 3,457:
1719 582 47 33 34

266 639 262 51 godtgörande
565 638 40 36 af
636 639 255 46 reparations-
920 636 70 36 och
1020 632 378 38 underhållsarbeten

267 697 20 30 å
315 691 248 46 Tranebergs,
599 688 180 47 Nockeby
815 687 70 36 och
922 685 332 45 Drottningholms
1285 683 113 36 broar
1456 695 11 16 >
1569 683 120 43 3,276:
1719 682 46 34 46

268 742 210 46 ersättning
504 740 59 36 till
592 752 109 35 egare
729 738 40 36 af
793 736 426 43 skattefrälsehemman,
1254 734 145 36 hvilkas

266 799 132 28 räntor
426 792 82 35 icke
537 789 126 37 blifvit
689 788 40 37 af
753 788 230 36 statsverket
1010 787 137 35 inlösta
1168 815 227 6 ...................
1456 797 11 15 >
1570 784 121 45 7,322:
1722 783 44 33 10

267 842 206 36 kostnader
500 840 59 36 för
586 840 169 35 komitén
783 838 58 35 för
861 836 250 37 utarbetande
1131 835 41 36 af
1185 834 140 47 förslag
1343 834 58 35 till

268 891 204 37 förändrad
499 890 239 48 lagstiftning
764 888 59 36 för
850 887 232 49 sparbanker
1113 898 47 23 m.
1189 898 47 22 m.
1274 915 126 5 «ww...
1461 896 12 16 >
1569 884 121 43 4,776:
1720 883 45 34 79

267 942 205 36 kostnader
512 941 59 35 för
612 939 166 36 komitén
815 938 59 36 för
901 937 232 45 behandling
1160 934 40 36 af
1223 935 177 46 frågorna

269 1006 60 22 om
366 992 243 47 beskattning
644 989 41 37 af
713 989 256 46 maltdrycker
997 987 69 35 och
1097 985 302 36 hvitbetssocker
1457 997 11 15 >»
1547 984 143 42 12,595:
1720 983 45 34 93

268 1043 205 35 kostnader
488 1041 58 36 för
562 1041 168 35 komitén
746 1039 57 35 för
819 1038 205 46 utredning
1040 1036 39 36 af
1090 1035 130 48 frågan
1238 1034 160 36 rörande

269 1093 198 48 möjlighet
494 1092 59 35 för
581 1089 245 38 obemedlade
847 1089 70 36 och
939 1087 144 37 mindre
1102 1085 222 38 bemedlade
1344 1090 56 31 att

269 1144 103 36 bilda
400 1156 95 35 egna
517 1141 189 46 jordbruk
735 1166 662 10 (uses
1457 1147 12 16 »
1509 1130 19 50 —
1547 1136 143 40 15,261:
1720 1134 44 34 72

1124 1205 92 35 eller
1244 1203 160 47 tillhopa
1431 1202 65 36 Kr.
1528 1203 167 42 160,689:
1725 1203 58 34 25.

281 1311 86 36 Med
403 1310 205 46 anledning
645 1308 109 36 häraf
787 1308 72 35 och
888 1310 48 44 på
963 1305 123 49 grund
1116 1304 40 37 af
1180 1304 135 47 Kongl.
1343 1302 123 48 Maj:ts
1495 1302 129 36 derom
1653 1300 133 49 gjorda

181 1361 278 47 framställning
485 1359 59 37 får
570 1359 190 36 utskottet
790 1357 209 44 hemställa,

682 1464 56 30 att
765 1458 216 47 Riksdagen
1021 1459 72 41 må,
1135 1455 58 36 till
1234 1454 196 46 ersättning
1462 1452 67 48 för
1570 1452 110 36 ofvan
1709 1464 77 23 om-

581 1509 197 43 förmälda,
811 1508 46 48 af
879 1507 247 37 statskontoret
1150 1505 130 48 gjorda
1301 1504 168 48 förskott,
1500 1506 48 45 på
1577 1509 106 29 extra
1711 1507 75 31 stat

582 1561 59 35 för
681 1563 41 33 år
765 1560 95 36 1895
902 1558 129 36 anvisa
1073 1562 56 30 ett
1169 1556 139 47 belopp
1350 1555 171 46 i-jemnt
1563 1552 150 36 krontal
1750 1551 39 37 af

584 1613 157 43 160,690
769 1610 154 35 kronor.

613 1775 260 47 Anläggning
900 1774 45 37 af
967 1772 382 45 telefonledningar.

286 1896 98 48 11:o0)
412 1897 136 48 Kongl.
586 1896 103 47 Maj:t
725 1896 67 35 har
828 1893 208 47 föreslagit,
1078 1896 54 32 att
1160 1891 214 49 Riksdagen
1402 1892 118 33 måtte
1547 1887 60 36 för
1633 1887 153 48 anlägg-

183 1951 91 46 ning
302 1948 40 36 af
367 1947 339 47 telefonledningar
746 1945 83 36 från
870 1943 244 47 Norrköping
1153 1942 58 36 till
1253 1934 159 49 Örebro,
1453 1939 83 35 från
1565 1937 220 37 Stockholm

184 1999 106 37 öfver
326 1999 85 37 Sala
447 1998 71 36 och
555 1997 172 46 Norberg
755 1996 59 36 till
841 1995 132 43 Falun,
1001 1993 83 36 från
1112 1991 220 37 Stockholm
1360 1991 58 36 till
1446 1989 216 36 Eskilstuna
1689 1993 97 31 samt

183 2050 83 36 från
294 2049 131 47 Nässjö
454 2049 59 36 till
541 2047 201 37 Vestervik
770 2046 139 47 bevilja
938 2050 55 30 ett
1020 2049 107 31 extra
1156 2042 129 48 anslag
1310 2041 58 36 för
1396 2044 41 32 år
1466 2042 95 34 1895
1588 2043 20 32 å
1629 2040 157 43 140,200

184 2101 150 36 kronor.

284 2150 57 36 Af
364 2147 419 49 statsrådsprotokollet
810 2145 176 47 framgår,
1027 2149 56 31 att
1110 2143 58 36 för
1196 2143 46 36 de
1270 2141 196 44 särskilda,
1495 2153 50 23 nu
1573 2139 214 47 föreslagna

184 2200 303 38 telefonlinierna
515 2196 510 50 anläggningskostnaderna
1053 2194 201 44 beräknats
1283 2192 58 36 till
1370 2191 165 48 följande
1564 2190 157 47 belopp:

284 2264 62 27 Bih.
365 2264 43 26 till
424 2263 99 27 Riksd.
542 2262 74 26 Prot.
636 2261 86 27 1894.
757 2260 18 26 4
793 2259 86 27 Saml.
916 2259 16 26 1
951 2258 70 34 Afd.
1056 2257 19 27 6
1093 2256 80 34 Häft.
1654 2252 33 25 12

1807 1895 59 30 Ang.
1885 1894 85 30 anslag

1805 1929 36 22 till
1866 1928 103 30 telefon-

1821 1963 136 29 ledningar.

1857 2001 62 49 [8]
