2129 2516
690 167 230 30 Statsutskottets
947 168 153 29 Utlåtande
1122 168 56 29 N:o
1201 168 28 28 8.
1723 167 38 29 57

156 242 96 36 skall
278 196 191 95 iakttagas,
497 247 54 32 att
578 243 70 37 den
675 245 116 46 högre
818 244 210 49 aflöningen
1056 245 30 48 ej
1114 245 61 36 må
1200 243 186 37 tillträdas
1412 243 78 37 förr
1516 252 46 28 än
1589 244 64 37 vid
1679 245 84 36 bör-

152 293 67 47 jan
260 290 40 37 af
334 293 256 38 kalenderåret
630 300 81 31 näst
751 294 91 38 efter
878 296 70 45 det,
957 276 66 55 "då
1050 296 71 36 den
1148 295 178 49 stadgade
1352 294 259 47 tjensteåldern
1638 295 125 37 blifvit

156 342 192 49 uppnådd;

257 400 49 30 att
334 393 40 38 af
397 395 297 47 ålderstilläggen
720 401 57 31 tre
804 395 220 49 fjerdedelar
1050 397 105 36 skola
1181 409 104 24 anses
1313 397 149 36 tillhöra
1489 390 110 42 lönen
1628 397 69 35 och
1716 409 45 24 en

155 442 177 49 fjerdedel
358 446 533 58 tjenstgöringspenningarne;

257 502 50 29 att
341 496 222 48 tjensteman
599 497 93 35 skall
727 496 94 37 efter
847 496 202 49 uppnådda
1077 500 44 33 95
1151 496 331 37 sammanräknade
1507 494 159 39 lefnads-
1693 497 69 35 och

155 545 175 47 tjensteår
355 559 90 23 vara
471 545 202 48 förpligtad
693 552 54 30 att
764 547 86 36 med
867 549 153 44 pension
1040 547 260 37 motsvarande
1319 548 128 36 lönens
1464 548 85 35 hela
1566 548 136 47 belopp
1721 570 41 4 —

155 600 55 31 att
236 596 89 46 utgå
352 597 75 36 dels
455 595 81 37 från
564 596 301 48 telegrafverkets
892 598 379 47 pensionsinrättning
1298 598 115 45 enligt
1438 598 325 36 bestämmelserna

155 646 11 35 i
203 646 61 37 det
298 646 58 37 för
387 647 121 36 denna
534 648 207 47 inrättning
767 648 172 46 gällande
966 649 222 46 reglemente
1216 648 68 36 och
1314 648 76 36 dels
1417 648 84 36 med
1528 647 235 47 erforderligt

154 695 302 50 fyllnadsbelopp
500 697 41 36 af
581 697 300 46 telegrafverkets
925 698 121 36 medel
1091 719 47 3 —
1182 698 83 36 från
1301 699 158 48 tjensten
1496 698 94 46 afgå,
1627 698 134 48 Kongl.

154 746 102 49 Maj:t
283 749 90 35 eller
398 748 345 49 telegrafstyrelsen,
773 748 65 36 der
865 748 61 36 det
952 749 226 36 tillkommer
1205 749 121 36 denna
1350 754 53 31 att
1421 749 164 36 afskedet
1603 748 158 45 utfärda,

155 797 94 36 dock
290 799 170 45 obetaget
499 804 54 30 att
592 799 74 35 låta
706 799 84 35 med
831 799 202 36 detsamma
1073 799 112 45 anstå,
1228 799 120 36 derest
1387 800 66 35 och
1490 800 38 35 så
1554 801 109 44 länge
1690 778 71 57 den

154 848 402 49 pensionsberättigade
596 848 149 48 pröfvas
787 849 127 36 kunna
940 850 13 35 i
979 850 158 47 tjensten
1173 849 53 58 på
1248 855 51 30 ett
1325 849 337 37 tillfredsställande
1690 855 73 31 sätt

154 911 122 35 gagna
316 899 61 35 det
416 900 187 34 allmänna
643 899 69 36 och
753 900 72 34 kan
858 900 119 34 finnas
1004 901 106 44 villig
1136 906 55 29 att
1217 900 12 35 i
1257 900 212 35 densamma
1497 900 146 46 qvarstå
1669 907 92 28 utan

153 948 149 36 fortsatt
342 949 215 47 åtnjutande
597 949 41 36 af
670 948 270 37 innehafvande
967 949 261 47 ålderstillägg,
1255 950 151 36 hvilken
1434 950 326 46 aflöningsförmån

155 1000 94 34 skall
276 1000 12 34 i
315 999 131 36 sådant
471 999 68 36 fall
564 999 224 45 frånträdas;
817 1006 94 29 samt

255 1056 52 29 att
346 1063 44 23 en
431 1050 100 45 hvar,
572 1063 78 22 som
691 1029 97 57 efter
813 1053 92 34 1895
935 1050 57 36 års
1021 1050 137 48 ingång
1184 1050 193 36 befordras
1404 1041 57 45 till
1490 1050 184 37 ordinarie
1702 1051 60 36 be-

153 1099 162 47 fattning
354 1101 64 35 vid
456 1079 301 69 telegrafverkets
797 1101 116 45 linier,
941 1101 174 37 verkstad
1143 1102 89 35 eller
1259 1102 177 35 stationer
1463 1103 89 34 eller
1577 1102 185 35 tillträder

154 1150 172 46 aflöning,
366 1163 79 23 som
473 1132 115 64 enligt
615 1151 71 36 den
714 1164 75 35 nya
815 1126 301 77 aflöningsstaten
1144 1151 58 36 för
1229 1152 168 44 linierna,
1424 1152 220 36 verkstaden
1672 1153 90 35 eller

154 1201 227 36 stationerna
419 1200 124 37 blifvit
582 1201 98 46 höjd,
721 1202 96 35 skall
856 1215 89 23 vara
971 1203 134 47 pligtig
1134 1202 224 36 underkasta
1385 1203 55 45 sig
1467 1202 45 36 de
1536 1202 225 36 förändrade

153 1252 275 35 bestämmelser
467 1253 10 34 i
516 1251 105 49 fråga
661 1265 60 22 om
762 1252 260 48 pensionering
1062 1252 40 36 af
1137 1253 219 46 personalen
1387 1253 63 36 vid
1476 1252 286 47 telegrafverket

151 1302 112 46 jemte
291 1302 115 36 enkor
433 1302 68 36 och
526 1303 103 44 barn,
656 1315 80 22 som
762 1302 194 37 framdeles
984 1303 127 35 kunna
1137 1303 116 36 varda
1279 1302 225 37 meddelade.

252 1402 56 37 De
334 1401 42 37 af
398 1401 401 49 departementschefen
825 1403 204 44 tillstyrkta
1055 1408 163 31 staterna
1244 1402 60 37 för
1329 1402 284 49 telegrafverket
1639 1402 59 38 för
1721 1402 40 37 år

156 1455 93 34 1895
277 1454 121 36 utvisa
424 1452 163 48 följande
614 1454 255 35 slutsummor:

153 1536 302 46 aMÖNINGSStAteEos
481 1568 71 5 sosse
562 1568 125 5 snrssrerssrr
696 1569 25 4 ess
740 1568 14 4 se
773 1569 83 5 sersarer
874 1569 49 5 eran
942 1568 116 5 eeerrierrr
1066 1532 14 56 in
1099 1569 59 5 arekaR
1177 1569 117 4 eassennnren
1311 1568 49 5 annen
1390 1536 62 36 Kr.
1482 1539 201 43 1,335,700:
1714 1558 45 3 —

153 1585 526 49 öfvergångsaflöningsstatel
702 1619 14 4 =
734 1618 630 6 mimmi
1411 1597 17 23 »
1567 1591 117 41 5,250:
1711 1607 49 5 —

151 1638 186 46 pensions-
364 1638 69 36 och
461 1637 341 37 understödsstaten
832 1669 294 6 .........seecmmima
1144 1668 217 6 sms
1407 1647 18 23 »
1518 1641 166 42 —-135,820:
1711 1658 49 4 —

154 1688 360 37 omkostnadsstateln
528 1719 832 6 ...nnsnsrsssssrssrsrrrer
873 1684 154 51 srrsrsrsesrsrr
1032 1684 27 51 ser
1068 1684 26 51 inr
1099 1684 30 51 srr
1138 1684 55 51 reser
1201 1684 27 51 ere
1236 1684 27 51 sen
1272 1684 51 51 rean
1335 1684 30 51 nan
1407 1697 18 24 »
1516 1691 167 41 711,230:
1712 1708 48 5 —

151 1743 128 31 räntor
306 1739 69 36 och
402 1737 274 48 afbetalningar
703 1738 21 36 å
750 1738 607 37 lånemedel.........meecmsmssms
1403 1748 17 23 »
1462 1734 25 56 —
1516 1742 168 40 487,000:
1710 1758 50 5 —

1117 1806 246 36 tillsammans
1390 1805 62 36 Kr.
1481 1808 202 43 2,675,000:
1712 1825 46 6 —

151 1906 142 37 hvilket
332 1906 136 48 belopp
508 1906 84 36 med
635 1908 191 43 1,320,880
866 1906 139 36 kronor
1045 1905 216 50 öfverstiger
1300 1906 244 36 slutsumman
1585 1905 21 36 å
1645 1906 45 36 de
1721 1905 42 37 af

152 1957 134 48 Kongl.
327 1956 100 46 Maj:t
462 1930 202 92 faststälda,
692 1935 128 58 endast
846 1956 58 37 för
931 1957 61 36 det
1020 1934 199 73 egentliga
1231 1956 330 47 telegrafväsendet
1586 1957 174 47 gällande

151 1988 295 68 utgiftsstaterna
472 2006 60 37 för
559 2007 40 36 år
629 2009 104 35 1894.

253 2076 183 81 Slutligen
456 2108 68 36 har
542 2107 400 49 departementschefen
957 2132 47 4 —
1019 2108 85 36 med
1131 2109 146 35 erinran
1305 2113 63 40 att,
1396 2108 177 36 alltsedan
1602 2113 72 31 stat
1700 2107 60 37 för

152 2158 285 47 telegrafverket
476 2159 41 35 år
559 2162 88 32 1871
694 2158 117 36 första
850 2158 144 48 gången
1035 2158 255 37 understäldes
1317 2158 229 49 Riksdagens
1572 2158 186 49 pröfning,

151 2209 210 47 Riksdagen
401 2209 141 47 årligen
582 2209 140 36 lemnat
761 2208 41 37 af
837 2209 133 46 Kongl.
1010 2209 102 48 Maj:t
1138 2209 156 49 begärdt
1321 2209 267 46 medgifvande,
1616 2215 54 30 att
1697 2209 62 36 det

251 2273 64 27 Bih.
334 2274 42 26 till
392 2273 97 26 Riksd.
508 2273 77 26 Prot.
605 2273 86 27 1894.
728 2273 17 26 4
764 2273 86 26 Saml.
886 2275 16 24 1
922 2272 67 34 Afd.
1026 2273 19 26 6
1062 2273 81 33 Häft.
1639 2272 19 26 8
