1866 2842
121 219 148 26 Utskottet.

301 143 17 28 2
506 142 109 28 Första
638 143 198 28 kammarens
857 141 104 39 första
983 146 155 35 tillfälliga
1161 148 133 26 utskotts
1317 148 159 28 utlåtande
1497 149 44 27 Nr
1562 150 26 26 5.

344 221 173 31 Utskottet
537 222 59 31 vill
616 223 55 30 för
692 223 53 30 sin
766 224 53 30 del
840 225 231 39 understryka
1092 226 116 31 vikten
1229 236 42 21 av
1293 228 57 30 det
1371 229 166 38 problem,
1561 239 73 20 som
1657 230 135 31 beröres

298 274 10 29 i
328 274 178 31 motionen
526 276 66 30 och
612 285 75 21 som
708 277 236 40 otvivelaktigt
963 278 171 39 förtjänar
1155 280 65 30 den
1242 282 125 29 största
1388 283 319 38 uppmärksamhet.
1730 284 62 30 Väl

298 327 63 30 har
387 328 68 30 den
481 329 148 38 alltjämt
654 328 178 41 pågående
857 330 210 41 flyttningen
1092 331 79 32 från
1196 333 195 39 landsbygd
1416 335 50 30 till
1493 336 114 30 städer
1633 337 57 38 ägt
1715 345 76 21 rum

298 381 109 30 under
427 390 43 21 en
489 380 80 41 lång
587 382 89 39 följd
695 392 41 21 av
756 382 38 31 år
812 384 66 30 och
897 385 38 30 är
954 385 76 30 icke
1049 385 115 40 någon
1184 386 54 31 för
1257 386 75 32 vårt
1351 388 84 30 land
1453 389 231 31 utmärkande
1703 389 87 30 före-

299 434 112 35 teelse,
431 444 80 20 men
529 436 11 30 i
560 435 66 30 den
646 435 82 31 mån
749 437 113 30 denna
881 437 166 40 flyttning
1066 439 64 30 hos
1149 449 55 20 oss
1225 440 64 30 har
1310 440 52 30 sin
1382 442 103 29 orsak
1506 441 9 30 i
1535 442 257 39 landsbygdens

298 494 255 31 ogynnsamma
576 489 162 39 ställning
759 489 11 30 i
792 489 220 32 förhållande
1034 492 51 29 till
1107 492 170 36 städerna,
1300 494 121 30 kunna
1444 493 158 40 åtgärder
1624 494 80 31 från
1727 498 64 27 sta-

298 542 74 27 tens
396 540 75 30 sida
493 541 79 30 med
594 541 59 40 fog
675 541 220 41 ifrågasättas
918 543 55 31 för
996 547 50 28 att
1068 544 158 40 utjämna
1251 546 114 31 denna
1388 546 139 32 olikhet.

343 593 173 31 Utskottet
539 603 100 22 anser
662 595 50 39 sig
734 595 89 31 dock
845 596 80 31 från
947 597 125 39 början
1093 598 85 31 böra
1201 597 198 38 framhålla,
1423 603 49 27 att
1495 600 105 39 enligt
1623 601 78 31 dess
1723 610 68 21 me-

298 645 93 40 ning,
410 646 106 31 vilket
534 647 54 31 för
607 648 110 39 övrigt
734 650 87 29 även
838 649 11 30 i
866 650 178 31 motionen
1064 650 162 40 påpekas,
1246 652 545 40 sysselsättningsmöjligheterna

298 698 96 31 inom
413 699 203 39 jordbruket
636 709 124 31 genom
779 712 42 20 en
841 703 152 39 ständigt
1012 703 202 40 fortgående
1233 705 276 40 rationalisering
1529 715 42 21 av
1592 706 199 39 jordbruks-

299 752 131 30 arbetet
448 753 134 31 relativt
600 758 63 27 sett
680 755 180 31 minskats.
878 756 58 30 Att
953 757 67 30 den
1038 756 146 32 sålunda
1200 758 169 39 frigjorda
1387 759 253 31 arbetskraften
1659 761 135 29 kunnat

299 814 176 30 uppsugas
493 815 42 21 av
555 816 43 21 en
615 808 264 39 expanderande
897 809 158 37 industri,
1074 820 43 20 av
1134 811 128 30 handel
1281 812 65 30 och
1365 813 283 38 transportväsen
1666 823 30 20 o.
1717 823 24 21 s.
1760 823 30 20 v.

298 859 70 29 kan
386 858 32 39 ej
435 859 175 31 betraktas
628 870 75 21 som
720 865 107 27 annat
844 863 46 29 än
907 862 152 40 lyckligt.
1078 863 66 31 Det
1159 865 71 29 kan
1247 864 31 39 ej
1296 874 83 21 vara
1397 868 47 27 ett
1461 865 331 39 jordbruksintresse

298 914 49 27 att
363 911 183 32 kvarhålla
562 914 204 31 människor
782 914 44 40 på
843 915 250 39 landsbygden,
1111 916 55 31 för
1183 917 93 31 vilka
1295 918 261 39 sysselsättning
1574 918 62 31 där
1654 920 138 33 saknas,

299 965 80 30 eller
399 965 51 30 till
467 965 107 40 högre
592 967 106 36 antal,
718 968 45 29 än
782 977 74 21 som
875 969 38 30 är
932 968 217 40 erforderligt
1166 970 54 30 för
1238 980 43 21 en
1300 971 211 39 produktion
1530 981 42 20 av
1591 971 200 39 jordbruks-

298 1017 104 31 alster
430 1018 53 30 till
510 1028 42 21 en
579 1021 218 37 myckenhet,
826 1031 75 20 som
929 1023 71 29 kan
1027 1022 106 31 vinna
1159 1024 150 30 lönande
1337 1024 207 39 avsättning.
1585 1025 56 30 Att
1670 1032 122 31 genom

298 1071 184 31 konstlade
499 1073 112 30 medel
630 1075 84 29 söka
734 1074 125 30 hindra
880 1075 248 40 överflyttning
1147 1086 42 20 av
1210 1077 210 31 arbetskraft
1440 1077 78 30 från
1539 1078 168 38 jordbruk
1727 1077 65 31 och

296 1124 203 31 besläktade
534 1126 265 39 näringsgrenar
833 1127 51 30 till
910 1138 95 21 mera
1030 1129 149 30 lönande
1204 1130 261 40 sysselsättning
1489 1130 115 31 finner
1628 1132 165 29 utskottet

298 1178 79 29 med
398 1178 110 30 andra
528 1180 62 29 ord
610 1179 75 31 icke
704 1180 148 39 befogat.
875 1181 65 30 Det
960 1182 96 30 torde
1077 1183 148 30 tvärtom
1246 1184 120 29 kunna
1388 1193 99 21 anses
1508 1193 82 21 vara
1612 1184 50 30 till
1683 1184 109 33 fördel

297 1230 55 30 för
373 1232 87 29 även
482 1232 42 30 de
543 1232 94 31 inom
658 1233 202 38 jordbruket
881 1235 209 38 sysselsatta,
1111 1245 57 21 om
1189 1237 441 39 överskottsbefolkningen
1652 1238 70 29 kan
1743 1247 48 21 er-

296 1283 93 31 hålla
411 1285 117 30 arbete
548 1285 95 31 inom
663 1287 108 29 andra
791 1287 277 39 näringsgrenar,
1088 1288 105 31 vilket
1213 1289 199 39 visserligen
1431 1290 76 30 icke
1526 1291 150 30 behöver
1697 1291 93 29 inne-

296 1337 85 30 bära
402 1347 43 20 en
467 1337 164 41 flyttning
652 1338 80 32 från
752 1340 249 39 landsbygden.

343 1390 271 40 Befolkningens
632 1393 117 29 starka
767 1393 169 39 dragning
954 1394 51 30 till
1025 1394 113 30 städer
1156 1395 65 30 och
1240 1395 261 31 stadsliknande
1520 1397 192 30 samhällen
1729 1397 63 34 har

298 1443 106 39 enligt
421 1445 183 30 utskottets
620 1445 142 39 mening
780 1446 52 30 sin
850 1446 145 31 främsta
1014 1448 102 29 orsak
1133 1447 11 30 i
1161 1448 41 30 de
1219 1448 169 31 olikheter
1404 1449 10 29 i
1433 1449 277 31 lönehänseende
1727 1450 64 30 och

297 1496 361 32 arbetsförhållanden
682 1498 11 30 i
716 1499 120 38 övrigt,
861 1508 76 22 som
960 1500 89 31 varit
1072 1499 163 32 rådande.
1262 1501 66 33 Om
1353 1502 65 30 och
1443 1502 10 30 i
1478 1503 67 30 den
1569 1502 83 31 mån
1677 1503 113 31 lands-

297 1550 155 38 bygdens
474 1551 209 31 arbetskraft
703 1552 69 30 kan
793 1552 144 32 beredas
958 1553 105 39 högre
1085 1554 68 35 lön,
1175 1554 137 31 kortare
1333 1555 166 31 arbetstid
1519 1556 65 30 och
1607 1563 184 31 gynnsam-

297 1612 95 21 mare
415 1603 204 40 betingelser
642 1606 80 29 över
745 1605 119 31 huvud
886 1608 92 36 taget
1001 1607 97 30 torde
1120 1607 66 30 den
1210 1607 182 39 viktigaste
1414 1609 148 30 orsaken
1585 1609 50 30 till
1657 1609 134 38 flykten

297 1655 79 31 från
395 1657 240 39 landsbygden
654 1658 11 29 i
684 1658 94 39 varje
797 1658 61 31 fall
877 1660 158 30 avsevärt
1053 1660 188 39 försvagas.
1262 1661 118 32 Redan
1398 1662 91 30 hava
1508 1662 38 38 ju
1565 1664 10 28 i
1595 1662 93 31 detta
1706 1663 84 31 hän-

297 1709 124 30 seende
441 1709 173 40 åtskilliga
634 1710 159 40 åtgärder
813 1711 172 40 vidtagits,
1009 1713 64 30 och
1095 1713 56 30 det
1172 1715 37 29 är
1230 1715 183 30 utskottets
1435 1715 220 38 övertygelse,
1677 1718 50 29 att
1747 1717 46 28 ett

297 1763 231 30 fortsättande
545 1763 44 40 på
608 1764 113 31 denna
739 1766 64 38 väg
821 1766 71 29 kan
910 1766 78 30 leda
1006 1766 51 30 till
1074 1767 195 38 betydande
1288 1768 143 31 resultat
1456 1769 3 29 i
1478 1769 194 30 motionens
1692 1768 98 39 syfte.

342 1816 359 32 Bostadsstandarden
725 1819 39 29 är
787 1818 208 32 tvivelsutan
1019 1820 87 30 även
1131 1829 43 21 en
1198 1820 107 40 viktig
1331 1821 187 39 anledning
1544 1822 51 30 till
1621 1825 50 27 att
1694 1823 96 29 män-

298 1869 120 30 niskor
437 1870 84 30 söka
540 1870 50 39 sig
608 1871 51 30 till
678 1871 169 31 städerna.
868 1872 65 30 Det
950 1873 38 29 är
1007 1873 118 30 därför
1143 1883 43 20 av
1204 1873 82 36 vikt,
1305 1877 50 27 att
1374 1877 110 28 staten
1504 1875 86 30 även
1609 1876 10 29 i
1639 1875 151 30 fortsätt-

296 1922 129 39 ningen
449 1923 203 31 medverkar
677 1924 51 30 till
750 1934 42 20 en
815 1924 208 41 förbättring
1047 1935 42 21 av
1112 1926 256 39 landsbygdens
1391 1927 299 31 bostadsbestånd.
1716 1927 74 30 Sär-

298 1975 80 30 skilt
396 1976 68 30 vad
483 1977 256 39 landsbygdens
758 1977 149 31 kvinnor
925 1978 169 31 beträffar
1113 1979 59 30 vill
1190 1980 166 30 utskottet
1375 1981 107 38 gärna
1501 1981 230 38 understryka
1749 1981 42 30 de

298 2028 191 37 önskemål,
511 2039 74 21 som
605 2030 10 29 i
634 2031 205 37 yttrandena
860 2030 80 31 från
960 2031 93 31 olika
1073 2032 407 39 kvintoorganisationer
1499 2034 148 30 kommit
1667 2034 51 31 till
1739 2044 51 29 sy-

298 2090 59 21 nes
377 2082 67 30 och
465 2092 75 20 som
561 2082 42 40 gå
623 2087 37 26 ut
679 2082 46 40 på
746 2087 49 27 att
816 2091 124 31 genom
960 2084 195 31 förbättrad
1175 2085 136 31 teknisk
1331 2087 207 39 utrustning,
1561 2087 229 30 standardise-

297 2134 76 39 ring
396 2135 66 30 och
486 2135 276 40 rationalisering
785 2137 195 31 underlätta
1004 2138 213 31 kvinnornas
1241 2139 115 31 arbete
1380 2140 10 30 i
1414 2140 376 39 landsbygdshemmen

297 2188 65 30 och
381 2188 127 31 bereda
527 2189 410 39 landsbygdskvinnorna
956 2200 43 21 en
1019 2191 191 39 drägligare
1228 2192 145 31 tillvaro.
1395 2193 209 39 Därigenom
1623 2194 107 30 borde
1750 2193 41 31 de

297 2241 118 35 motiv,
437 2251 74 21 som
531 2251 47 21 nu
597 2242 180 31 föranleda
798 2243 66 30 den
885 2244 179 39 kvinnliga
1083 2245 199 38 ungdomen
1302 2249 50 27 att
1373 2247 84 30 söka
1479 2246 49 40 sig
1548 2247 51 30 till
1620 2247 170 35 städerna,

297 2294 191 39 försvagas,
509 2295 199 39 varigenom
729 2296 66 30 den
815 2296 153 31 hotande
988 2298 65 30 och
1074 2298 75 30 icke
1170 2299 196 30 önskvärda
1388 2299 300 40 disproportionen
1709 2300 80 30 mel-

297 2347 58 30 lan
377 2348 117 30 könen
515 2347 44 40 på
580 2348 239 40 landsbygden
842 2350 111 30 skulle
975 2350 185 39 utjämnas.

342 2401 263 39 Möjligheterna
626 2405 49 27 att
695 2402 249 31 tillfredsställa
963 2403 41 30 de
1024 2404 183 30 kulturella
1227 2405 155 30 behoven
1403 2405 36 31 få
1459 2405 75 31 icke
1554 2406 235 39 förglömmas.

298 2454 173 30 Utskottet
509 2464 96 21 avser
642 2455 123 30 härvid
802 2456 75 30 icke
904 2457 122 30 endast
1053 2457 65 30 den
1145 2458 139 39 andliga
1311 2459 163 30 kulturen
1500 2462 84 28 utan
1611 2461 87 28 även
1725 2459 65 30 den
