1928 2864
339 186 105 25 Andra
470 185 198 26 kammarens
694 181 123 30 andra
843 184 156 34 tillfälliga
1027 185 125 26 utskotts
1178 185 156 26 utlåtande
1360 186 44 26 Nr
1428 187 26 24 ö.
1606 185 34 27 13

149 263 136 39 uppsikt
323 264 81 28 över
429 263 63 29 den
521 262 174 29 allmänna
726 262 228 30 hälsovården
981 263 63 29 och
1073 263 208 38 följaktligen
1309 265 84 27 även
1421 265 80 27 över
1528 264 112 28 bostä-

147 309 116 31 derna,
303 317 77 19 men
420 310 109 34 någon
568 306 220 38 obligatorisk
827 307 338 39 bostadsinspektion
1195 307 109 29 finnes
1332 307 72 30 icke
1431 307 207 30 föreskriven

148 353 51 28 för
224 352 64 28 den
316 361 78 20 rena
424 351 244 39 landsbygden.

195 405 97 29 Såväl
322 405 7 28 i
356 405 75 29 stad
469 414 73 19 som
582 408 42 35 på
663 405 112 28 landet
814 406 77 36 äger
929 405 100 29 förste
1067 405 331 38 provinsialläkaren
1434 406 6 29 i
1468 406 88 29 länet
1584 410 57 30 att,

148 451 86 27 även
261 459 56 19 om
345 449 69 29 han
443 448 72 30 icke
541 451 37 27 är
604 449 150 29 ledamot
780 458 41 19 av
848 449 393 38 hälsovårdsnämnden,
1268 450 132 37 deltaga
1421 450 5 28 i
1448 451 194 28 nämndens

148 492 283 38 överläggningar
458 502 76 20 men
561 492 26 39 ej
616 492 7 29 i
651 492 165 29 besluten.
869 492 111 38 Enligt
1006 494 41 27 26
1073 493 19 34 &
1119 493 8 29 i
1152 493 158 37 gällande
1332 494 307 29 läkarinstruktion

148 537 207 29 ankommer
372 537 53 28 det
453 540 42 35 på
522 536 335 39 provinsialläkarna
886 536 102 29 bland
1016 540 103 26 annat
1147 540 47 26 att
1220 537 123 29 bereda
1366 538 48 37 sig
1440 538 197 29 kännedom

149 591 55 19 om
244 580 280 30 beskaffenheten
562 591 41 19 av
642 580 262 38 befolkningens
943 580 170 34 bostäder,
1146 581 7 28 i
1186 581 101 29 vilket
1326 582 168 29 avseende
1521 583 39 28 de
1580 584 59 36 äga

149 625 153 30 meddela
343 624 248 39 upplysningar
627 625 65 29 och
731 625 58 29 råd
824 625 65 29 och
925 625 84 29 söka
1047 625 209 29 medverkan
1294 636 42 19 av
1376 626 118 38 Kungl.
1532 626 109 38 Maj:ts

151 669 366 38 befallningshavande
542 669 64 29 och
633 668 104 30 förste
762 668 334 39 provinsialläkaren
1123 673 89 26 samt
1231 670 409 39 kommunalmyndighet

148 714 65 29 och
251 713 220 40 prästerskap
509 713 8 29 i
548 713 385 30 hälsovårdsdistriktet.
985 714 128 37 Högsta
1153 713 157 40 tillsynen
1349 716 80 28 över
1465 715 175 29 allmänna

150 758 229 30 hälsovården
407 758 8 29 i
443 757 83 30 riket
566 758 208 29 tillkommer
811 757 363 40 medicinalstyrelsen,
1212 768 73 20 som
1324 759 63 30 har
1412 763 47 26 att
1483 759 9 30 i
1518 760 122 29 sådant

149 803 169 29 avseende
354 802 49 29 till
442 802 137 38 ledning
607 802 53 29 för
685 802 257 30 vederbörande
967 803 339 30 hälsovårdsnämnd
1333 804 156 29 meddela
1516 804 123 37 nödiga

150 847 60 29 råd
237 847 64 29 och
328 847 232 38 anvisningar.
610 846 298 39 Länsstyrelserna
935 847 108 35 skola,
1071 857 58 19 var
1155 847 94 29 inom
1276 847 56 30 sitt
1358 848 66 35 län,
1450 849 88 29 vaka
1566 849 74 28 där-

149 893 91 36 över,
266 894 46 26 att
340 891 217 34 kommuner,
583 891 376 29 hälsovårdsnämnder
983 894 90 26 samt
1090 891 256 30 vederbörande
1365 893 115 29 läkare
1498 893 142 38 fullgöra

151 935 75 29 sina
260 935 202 38 åligganden
499 934 9 30 1
543 935 168 29 avseende
748 936 18 28 å
801 935 177 30 allmänna
1005 935 242 39 hälsovården,
1273 936 52 30 för
1350 937 103 29 vilket
1479 937 162 30 ändamål

154 980 218 32 länsstyrelse
403 981 78 37 äger
505 982 57 33 att,
588 979 61 29 där
674 979 123 30 sådant
823 979 110 30 finnes
958 989 78 20 vara
1064 989 42 20 av
1133 980 124 35 nöden,
1284 980 169 39 förelägga
1477 981 163 40 lämpliga

150 1024 100 29 viten.
301 1024 70 29 När
399 1032 122 30 genom
559 1023 256 30 vederbörande
852 1023 134 31 läkares
1024 1024 80 30 eller
1130 1025 148 29 nämnds
1304 1026 164 29 anmälan
1494 1027 80 29 eler
1599 1028 42 37 på

150 1072 107 26 annat
293 1070 65 28 sätt
395 1068 49 30 till
480 1068 236 39 länsstyrelses
752 1068 162 40 kunskap
951 1068 168 36 kommer,
1145 1072 48 27 alt
1218 1069 9 30 i
1253 1070 76 30 stad
1354 1070 80 30 eller
1459 1071 43 39 på
1528 1071 113 29 landet

150 1112 187 31 förefinnas
375 1112 327 30 missförhållanden
734 1112 9 30 i
774 1114 168 29 avseende
976 1123 44 30 pa
1056 1114 178 30 allmänna
1272 1115 241 36 hälsovården,
1552 1115 88 30 skall

151 1158 243 39 länsstyrelsen
420 1157 98 35 tillse,
544 1160 47 27 att
614 1157 140 40 tjänliga
780 1157 155 39 åtgärder
959 1158 53 30 för
1036 1158 99 30 deras
1161 1158 232 40 avhjälpande
1418 1159 164 40 vidtagas.

199 1211 51 29 Då
275 1210 272 30 bostadsvärden
573 1210 96 39 ingår
694 1220 75 20 som
795 1215 46 26 ett
860 1211 121 39 viktigt
1005 1212 52 29 led
1083 1212 10 29 i
1119 1213 64 29 den
1209 1212 252 40 förebyggande
1487 1214 154 39 sjukvår-

152 1256 75 34 den,
253 1255 90 30 hava
368 1255 228 38 landstingen,
622 1256 44 38 på
691 1255 120 30 vilka
797 1251 19 49 i
838 1259 82 27 stort
946 1259 63 27 sett
1027 1256 206 30 ankommer
1250 1266 182 30 omsorgen
1451 1268 57 19 om
1527 1259 113 29 hälso-

152 1300 65 29 och
252 1299 209 40 sjukvården
498 1299 94 30 inom
630 1299 191 40 respektiva
859 1301 68 33 län,
962 1301 70 29 helt
1072 1301 162 39 naturligt
1263 1301 82 39 tagit
1371 1302 49 39 sig
1445 1312 41 20 an
1510 1302 130 39 jämväl

152 1344 283 30 bostadsvården.
485 1344 98 30 Detta
608 1344 63 29 har
696 1344 181 38 vanligtvis
903 1345 88 29 skett
1016 1345 43 39 på
1086 1345 37 30 så
1148 1347 76 37 sätt,
1250 1349 48 26 att
1323 1346 205 31 densamma
1553 1347 86 30 knu-

151 1388 57 30 tits
232 1388 48 29 till
307 1387 169 31 distrikts-
502 1389 65 29 och
592 1388 402 40 dispensärsjukvården.
1047 1390 9 28 I
1084 1390 148 38 enlighet
1258 1391 78 29 med
1367 1391 115 38 kungl.
1510 1392 131 38 kungö-

152 1433 110 29 relsen
288 1442 41 20 av
355 1433 65 29 den
447 1433 40 29 30
513 1432 85 40 april
625 1433 84 30 1920
735 1433 176 38 angående
936 1433 207 40 statsbidrag
1167 1434 48 30 till
1241 1435 164 39 avlöning
1422 1439 33 27 åt
1472 1436 168 30 distrikts-

152 1477 199 30 sköterskor
387 1477 98 30 skola
522 1478 98 29 dessa
657 1477 199 31 sköterskor
893 1477 56 30 vid
985 1478 100 30 sidan
1119 1489 42 20 av
1198 1479 51 29 sin
1287 1483 74 27 rent
1386 1480 255 39 sjukvårdande

153 1522 221 29 verksamhet
399 1522 89 30 hava
513 1522 49 29 till
588 1522 132 39 uppgift
745 1525 46 27 att
817 1524 64 29 öva
907 1532 41 20 eu
973 1523 209 39 rådgivande
1207 1524 65 30 och
1291 1525 216 51 upplysande
1524 1526 115 39 tillsyn

153 1568 81 28 över
269 1567 41 29 de
336 1566 134 30 mindre
495 1566 219 31 bemedlades
740 1567 168 30 bostäder.
957 1567 375 44 Distriktssjukvården
1359 1571 37 28 är
1421 1560 220 49 organiserad

152 1611 10 29 i
189 1611 231 38 Stockholms,
447 1611 161 39 Uppsala,
630 1611 303 39 Södermanlands,
959 1606 271 45 Östergötlands,
1254 1614 230 40 Jönköpings,
1511 1616 129 29 Krono-

154 1656 107 38 bergs,
299 1636 141 49 Kalmar
475 1656 75 29 läns
582 1665 111 27 norra,
721 1656 172 44 Blekinge,
919 1633 211 67 Malmöhus,
1157 1658 179 35 Hallands,
1363 1658 186 40 Göteborgs
1575 1661 65 29 och

155 1700 127 37 Bohus,
320 1700 221 38 Skaraborgs,
578 1681 218 58 Värmlands,
827 1695 141 45 Örebro,
995 1682 208 59 Gävleborgs
1228 1703 66 30 och
1320 1703 227 31 Norrbottens
1573 1705 66 29 län.

151 1745 50 29 Av
227 1745 40 29 de
293 1744 184 39 landsting,
503 1754 74 21 som
603 1746 93 29 ännu
723 1745 75 30 icke
823 1746 124 30 ordnat
961 1727 296 50 ”distriktsvården
1283 1747 96 30 inom
1406 1748 74 31 sina
1505 1750 136 39 respek-

152 1789 66 30 tive
255 1789 177 38 områden,
459 1790 63 29 har
547 1790 238 39 Kopparbergs
811 1791 75 29 läns
912 1790 174 40 landsting
1110 1801 37 20 år
1175 1792 83 29 1923
1284 1792 148 31 beslutat
1458 1794 183 30 verkställa

154 1834 181 38 utredning
359 1833 212 31 beträffande
596 1835 168 29 eventuell
790 1835 233 39 organisation
1050 1845 42 20 av
1118 1836 104 38 sagda
1247 1836 94 30 vård.
1392 1838 48 30 De
1458 1838 183 40 landsting,

153 1888 75 19 som
270 1878 105 30 infört
415 1878 403 40 dispensärverksamhet
862 1880 172 39 (samtliga
1071 1881 75 29 med
1186 1881 177 39 undantag
1399 1892 42 20 av
1479 1883 162 40 Uppsala,

153 1922 177 35 Gotlands,
369 1922 161 40 Blekinge
567 1923 65 30 och
657 1924 270 30 Västmanlands
953 1925 87 38 läns)
1065 1925 90 30 hava
1180 1925 10 29 i
1215 1926 41 30 de
1282 1926 258 36 instruktioner,
1567 1938 72 20 som

154 1967 167 31 utfärdats
357 1967 54 30 för
440 1967 439 40 dispensärsköterskorna,
905 1969 227 40 uttryckligen
1158 1969 141 32 betonat
1322 1971 117 31 vikten
1465 1982 42 20 av
1532 1973 109 29 bedri-

153 2013 126 29 vandet
315 2022 42 20 av
383 2012 326 40 bostadshygienisk
734 2013 460 40 upplysningsverksamhet.
1245 2016 101 30 Såväl
1372 2016 167 31 distrikts-
1567 2027 72 20 som

152 2056 428 40 dispensärsköterskorna
606 2059 62 37 äga
694 2058 215 39 naturligtvis
934 2061 65 27 rätt
1024 2062 58 35 att,
1106 2069 55 20 om
1182 2060 170 30 särskilda
1370 2062 155 38 åtgärder
1542 2072 100 20 anses

154 2101 192 39 påkallade,
372 2102 121 29 därom
519 2103 80 37 göra
624 2103 163 29 anmälan
814 2103 49 29 till
891 2103 255 31 vederbörande
1170 2103 244 40 tjänsteläkare
1432 2107 80 30 eller
1529 2107 112 30 hälso-

153 2145 246 31 vårdsnämnd.

201 2199 124 31 Utöver
367 2200 66 30 den
480 2200 318 31 bostadsvårdande
843 2201 230 39 verksamhet,
1123 2212 74 20 som
1245 2204 147 30 sålunda
1432 2204 211 31 tillkommer

153 2244 168 30 distrikts-
363 2245 66 29 och
465 2244 439 41 dispensärsköterskorna,
930 2247 90 30 hava
1047 2223 171 71 Blekinge,
1246 2248 198 31 Malmöhus
1470 2251 107 29 och
1579 2250 63 30 Väs-

154 2289 235 30 ternorrlands
415 2290 75 29 läns
515 2289 173 40 landsting
713 2290 140 31 inrättat
870 2294 45 27 ett
929 2291 151 40 speciellt
1098 2300 104 30 organ
1222 2293 52 30 för
1291 2294 197 31 ändamålet
1510 2295 10 29 i
1539 2295 104 38 fråga,

154 2343 41 20 en
233 2333 353 41 bostadsinspeklion,
624 2344 75 20 som
725 2335 204 31 handhaves
954 2346 42 20 av
1021 2336 104 31 förste
1150 2338 335 38 provinsialläkaren
1511 2340 65 29 och
1602 2350 40 20 en

156 2378 108 30 under
289 2378 131 30 honom
448 2379 147 39 lydande
621 2379 330 41 bostadsinspektris
978 2381 22 36 (i
1028 2381 305 32 Västernorrlands
1359 2383 56 30 län
1441 2383 201 41 inspektör).

157 2413 389 59 Bostadsinspektionen
573 2424 9 29 i
608 2424 304 31 Västernorrlands
938 2426 55 29 län
1020 2426 63 30 har
1108 2426 154 51 fungerat
1288 2428 106 29 sedan
1420 2428 37 30 år
1476 2430 83 29 1916
1578 2430 63 29 och

155 2467 10 29 i
184 2468 198 30 Malmöhus
401 2469 65 29 och
486 2469 160 38 Blekinge
664 2469 57 30 län
740 2470 106 29 sedan
864 2469 37 30 år
921 2471 92 29 1919.
1052 2471 48 29 De
1118 2473 119 39 anslag
1255 2472 9 30 i
1284 2473 138 35 kronor,
1441 2483 72 20 som
1529 2474 113 30 veder-

157 2511 152 31 börande
328 2513 173 38 landsting
516 2513 134 39 beviljat
667 2514 51 30 för
731 2514 207 34 ändamålet,
954 2515 88 30 hava
1057 2516 50 29 för
1122 2516 39 29 de
1176 2495 133 52 SENS
1323 2517 67 29 fem
1407 2520 80 28 åren
1504 2519 138 40 utgjort:
