1868 2770
498 178 286 30 Statsutskottets
806 178 179 31 utlåtande
1004 187 43 21 nr
1066 179 41 29 42
1127 178 40 30 år
1188 179 84 29 1964
1613 178 15 30 1

800 477 65 41 Nr
887 477 57 40 42

347 586 185 31 Utlåtande
548 586 12 31 i
573 586 191 40 anledning
778 596 44 21 av
838 587 91 30 vissa
945 596 43 21 av
1002 587 127 39 Kungl.
1144 587 126 39 Maj:ts:
1288 586 12 30 i
1313 586 322 40 statsverkspropo-

543 650 150 30 sitionen
723 649 126 40 gjorda
880 649 304 40 framställningar
1214 649 179 40 angående
1424 648 123 40 anslag
1575 648 59 41 för

544 711 204 40 budgetåret
780 712 143 33 1964/65
955 711 53 31 till
1037 711 202 40 främjande
1270 706 43 35 av
1345 710 290 41 bostadsförsörj-

544 774 128 40 ningen
688 783 47 21 m.
751 783 47 21 m.
813 774 110 40 jämte
941 774 12 30 i
967 775 118 29 ämnet
1102 773 125 31 väckta
1242 773 183 32 motioner.

1400 835 75 35 (3:e
1491 834 94 36 avd.)

192 951 14 30 I
227 951 264 40 propositionen
512 954 43 28 nr
577 952 15 30 1
621 951 131 40 (bilaga
776 952 50 34 13,
847 951 201 40 punkterna
1069 950 141 36 37—40,
1232 950 52 36 44,
1307 950 131 31 91—92
1460 952 91 29 sänt
1571 950 60 35 94)

147 1004 65 31 har
228 1004 126 40 Kungl.
371 1004 116 40 Maj:t,
505 1005 111 30 under
632 1005 220 40 åberopande
869 1014 44 21 av
926 1004 109 41 bilagt
1051 1005 125 40 utdrag
1193 1013 44 22 av
1252 1002 384 43 statsrådsprotökollet

148 1058 82 30 över
246 1058 289 30 inrikesärenden
551 1058 55 30 för
622 1059 68 29 den
707 1059 18 30 3
742 1059 143 39 januari
903 1058 93 35 1964,
1014 1058 179 40 föreslagit
1208 1057 189 40 riksdagen
1413 1059 52 29 att

193 1112 39 29 A.
257 1111 221 31 beträffande
496 1112 120 40 anslag
633 1112 21 30 å
670 1111 262 41 driftbudgeten

193 1164 24 30 I.
242 1164 209 40 bemyndiga
477 1165 125 39 Kungl.
630 1165 107 39 Maj:t
761 1167 52 28 att
837 1165 140 39 vidtaga
1002 1165 42 30 de
1069 1164 191 41 ändringar
1285 1163 12 32 i
1321 1164 318 41 personalförteck-

149 1218 130 39 ningen
308 1219 56 30 för
392 1218 326 40 bostadsstyrelsen,
750 1228 76 20 som
856 1217 198 59 föranledes
1084 1227 42 21 av
1153 1218 68 30 vad
1251 1217 388 51 departementschefen

149 1271 194 40 föreslagit;

194 1324 41 30 II.
260 1324 187 39 godkänna
468 1335 44 21 av
532 1318 387 46 departementschefen
941 1324 165 32 förordad
1128 1323 256 41 avlöningsstat
1404 1324 56 31 för
1479 1315 160 39 bostads-

152 1378 180 39 styrelsen,
349 1380 50 28 att
414 1377 179 40 tillämpas
608 1379 73 30 tills
696 1378 118 30 vidare
830 1379 44 29 fr.
889 1388 32 20 o.
937 1388 46 20 m.
1001 1377 208 40 budgetåret
1224 1377 157 36 1964/65;

195 1431 57 30 III.
277 1431 208 39 bemyndiga
508 1431 124 40 Kungl.
655 1431 106 39 Maj:t
783 1433 51 28 att
854 1431 140 39 vidtaga
1015 1431 43 30 de
1079 1431 191 39 ändringar
1289 1431 13 29 i
1322 1430 317 40 personalförteck-

151 1484 129 39 ningen
307 1485 56 30 för
390 1484 452 35 länsbostadsnämnderna,
873 1493 75 21 som
976 1483 198 31 föranledes
1202 1493 43 21 av
1270 1483 68 31 vad
1365 1483 275 41 depårtéments-

150 1538 126 30 chefen
295 1538 193 39 föreslagit;

196 1591 55 31 IV.
277 1591 186 40 godkänna
494 1601 42 20 av
565 1591 387 40 departementschefen
982 1590 166 31 förordad
1178 1590 254 39 avlöningsstat
1463 1590 56 30 för
1548 1590 92 30 läns-

151 1644 374 35 bostadsnämnderna,
543 1646 50 28 att
610 1644 178 39 tillämpas
805 1644 71 30 tills
892 1644 118 30 vidare
1028 1644 43 29 fr:
1089 1652 29 21 6.
1135 1653 47 20 m.
1198 1643 205 40 budgetåret
1422 1643 156 36 1964/65;

196 1697 39 30 V.
260 1698 186 39 godkänna
473 1707 42 21 av
541 1697 386 40 departementschefen
954 1696 185 31 förordade
1167 1696 190 40 ändringar
1382 1697 12 30 i
1420 1696 221 31 bestämmel-

153 1760 102 22 serna
273 1761 58 20 om
348 1752 237 39 räntebidrag;

198 1804 55 30 VI.
278 1804 56 30 för
350 1804 205 38 budgetåret
574 1804 139 33 1964/65
733 1804 111 29 under
861 1804 82 30 elfte
960 1803 224 30 huvudtiteln
1200 1803 120 30 anvisa

201 1858 33 33 1)
264 1858 52 29 till
335 1857 335 39 Bostadsstyrelsen:
689 1856 214 39 Avlöningar
920 1859 49 28 ett
986 1855 273 40 förslagsanslag
1277 1865 42 21 av
1335 1855 19 30 4
1368 1856 64 30 599
1446 1855 64 31 000
1526 1856 69 35 kr.;

199 1911 36 32 2)
265 1910 52 30 till
339 1909 335 40 Bostadsstyrelsen:
699 1909 258 30 Omkostnader
979 1911 49 28 ett
1050 1908 272 40 förslagsanslag
1345 1917 43 22 av
1408 1909 63 30 920
1486 1908 63 31 000
1571 1909 68 35 kr.;

199 1964 36 32 3)
265 1963 52 30 till
334 1963 472 30 Länsbostadsnämnderna:
826 1963 212 38 Avlöningar
1055 1964 48 28 ett
1120 1961 273 41 förslagsanslag
1410 1971 43 21 av
1469 1962 17 30 7
1501 1962 63 30 533
1578 1962 64 30 000

154 2012 68 44 kr.;
1317 2015 2 2 |

199 2070 37 33 4)
266 2070 52 30 till
364 2069 472 31 Länsbostadsnämnderna:
885 2068 259 30 Omkostnader
1181 2070 57 29 'ett
1284 2068 272 40 förslagsanslag
1602 2078 42 20 av

158 2124 93 29 1063
267 2124 62 30 000
350 2124 68 35 kr.;

201 2176 37 33 5)
268 2176 51 29 till
336 2175 234 39 Räntebidrag
587 2177 49 29 ett
653 2174 272 40 förslagsanslag
942 2183 42 21 av
1002 2174 59 30 185
1077 2174 62 30 000
1154 2174 63 30 000
1234 2173 68 36 'kr.;
1322 2169 87 69 sarbt
1431 2231 2 3 '

201 2230 36 28 B.
263 2228 221 30 beträffande
503 2229 119 38 anslag
640 2229 20 29 å
678 2227 307 40 kapitalbudgeten

203 2281 23 28 I.
251 2281 186 38 godkänna
457 2290 41 20 av
517 2280 386 39 departementschefen
922 2279 165 56 förordad
1107 2279 150 39 ändring
1275 2288 43 21 av
1334 2278 311 31 bestämmelserna

159 2344 57 19 om
235 2333 431 35 lantarbetarbostadslån;

204 2387 40 29 II.
270 2386 158 39 medgiva
447 2388 50 28 att
516 2386 67 34 lån,
605 2396 73 20 som
699 2386 88 29 skall
808 2385 82 40 utgå
908 2385 81 30 från
1007 2384 212 30 lånefonden
1238 2385 55 29 för
1311 2385 334 39 bostadsbyggande,

158 2441 58 29 må
242 2440 145 39 beviljas
413 2440 90 29 intill
534 2439 91 30 1075
641 2438 62 30 000
719 2439 62 29 000
807 2439 53 29 kr.
887 2438 111 30 under
1024 2438 38 30 år
1091 2437 82 31 1964
1201 2439 90 28 samt
1319 2438 13 29 1
1350 2437 63 31 080
1427 2438 63 30 000
1504 2438 63 30 000
1593 2438 53 30 kr.

160 2494 112 30 under
291 2494 38 30 år
352 2494 97 35 1965;

166 2557 13 28 1
196 2573 42 4 —
251 2555 135 39 Bihang
402 2555 52 29 till
468 2554 204 39 riksdagens
687 2554 177 40 protokoll
881 2554 127 30 1964.6
1023 2553 99 30 saml.
1138 2553 48 29 Nr
1201 2553 41 29 42
