1874 2770
499 167 285 33 Statsutskottets
805 165 179 33 utlåtande
1004 176 43 21 nr
1066 164 42 33 42
1127 167 39 30 år
1187 163 84 33 1964
1588 160 40 34 83ä

187 250 74 31 dels
280 249 67 32 ock
364 250 113 30 nedan
497 249 154 30 nämnda
670 249 156 30 moment
844 248 11 29 i
873 246 189 31 utskottets
1080 244 211 31 hemställan
1310 244 78 30 bort
1406 243 46 31 ha
1471 243 157 37 följande

145 304 145 37 lydelse:

499 356 50 30 »4.
573 355 223 31 beträffande
821 354 186 30 införande
1032 362 42 20 av
1099 354 48 29 ett
1172 350 387 38 kreditgarantisystem
1584 349 45 38 på

452 409 304 31 bostadsområdet
773 408 79 30 med
870 407 98 30 bifall
987 406 52 31 till
1057 406 219 30 motionerna
1294 405 29 29 I:
1339 404 63 30 419
1421 404 65 30 och
1504 404 45 29 II:
1567 403 62 30 494

454 464 91 30 samt
563 463 12 30 i
594 461 187 38 anledning
800 470 43 22 av
861 460 220 31 motionerna
1099 460 30 29 1:
1145 459 62 30 520
1227 459 65 30 och
1311 458 46 30 II:
1374 457 73 36 632,
1468 456 161 38 samtliga

454 517 174 30 motioner
650 515 104 31 såvitt
776 524 49 21 nu
849 515 39 30 är
911 514 10 30 i
944 513 109 38 fråga,
1076 513 187 37 godkänna
1286 512 66 29 vad
1375 511 172 30 utskottet
1570 519 59 21 an-

455 570 108 35 fört
533 566 34 44 ;»

189 687 35 35 4)
255 686 224 31 beträffande
493 685 257 31 bostadslånets
767 683 131 31 storlek

188 766 37 35 a)
253 776 43 21 av
311 767 123 30 herrar
448 766 145 36 Boman,
609 765 66 29 Per
690 764 204 36 Jacobsson,
910 762 165 40 Per-Olof
1090 762 155 36 Hanson,
1261 762 174 30 Svensson
1453 760 11 30 i
1480 760 150 41 Ljungs-

144 821 79 35 kile,
240 820 132 31 Wedén
388 821 64 29 och
467 819 208 40 Gustafsson
690 819 11 29 i
717 817 197 34 Skellefteå,
929 816 94 31 vilka
1039 818 114 29 ansett
1168 817 51 28 att

186 873 74 31 dels
283 873 59 31 det
365 873 118 40 stycke
505 873 13 30 i
540 872 190 30 utskottets
751 870 163 41 yttrande
936 870 45 40 på
1005 879 25 21 s.
1056 870 49 34 16,
1131 878 74 21 som
1227 868 120 40 börjar
1369 867 80 31 med
1473 868 156 39 »Frågan

145 937 76 21 om»
237 928 65 30 och
317 928 110 31 slutar
441 927 78 30 med
534 926 144 30 »härom
692 924 214 38 avstyrkes»,
919 923 79 31 bort
1010 923 46 30 ha
1070 922 157 38 följande
1241 921 145 38 lydelse:

189 981 158 38 »Frågan
365 990 56 21 om
439 980 67 30 den
524 980 81 30 övre
622 979 230 37 lånegränsen
870 977 55 30 för
941 975 204 32 bostadslån
1163 975 88 30 skall
1270 975 125 37 prövas
1415 984 41 20 av
1472 974 158 30 bostads-

144 1034 167 38 politiska
327 1033 243 40 utredningen.
588 1031 117 38 Enligt
721 1030 191 31 utskottets
929 1029 140 37 mening
1085 1029 63 30 bör
1165 1028 191 30 emellertid
1375 1037 42 21 en
1434 1027 70 31 viss
1521 1027 109 38 juste-

146 1089 77 37 ring
251 1097 43 22 av
321 1087 43 31 de
391 1096 48 21 nu
466 1085 204 39 tillämpade
698 1085 273 37 lånegränserna
998 1083 158 37 vidtagas
1184 1083 86 29 utan
1299 1083 51 28 att
1377 1081 251 37 utredningens

146 1141 131 38 förslag
296 1141 173 30 inväntas.
490 1140 14 29 I
524 1138 220 31 motionerna
763 1138 30 29 I:
809 1137 63 31 520
893 1137 65 30 och
978 1137 46 29 II:
1040 1136 62 30 632
1123 1135 147 30 föreslås
1292 1136 50 28 att
1361 1134 267 30 bostadslånens

144 1195 81 30 övre
240 1194 105 40 gräns
361 1193 55 30 för
431 1192 325 41 byggnadsföretag,
774 1200 76 21 som
866 1190 165 40 påbörjas
1047 1189 88 30 efter
1154 1189 14 29 1
1186 1189 67 40 juli
1273 1188 92 35 1964,
1383 1188 89 30 skall
1489 1197 84 21 vara
1588 1187 41 31 97

145 1250 146 36 procent
311 1248 56 30 för
387 1246 297 38 företagsformer,
706 1254 75 22 som
802 1254 49 20 nu
872 1244 55 30 får
949 1244 80 30 låna
1052 1243 60 30 100
1134 1243 154 37 procent,
1311 1243 91 29 samt
1423 1241 40 30 92
1485 1242 144 36 procent

146 1302 55 30 för
222 1301 297 38 företagsformer,
542 1309 76 22 som
638 1309 48 20 nu
708 1299 55 30 får
785 1298 81 30 låna
887 1297 40 31 95
950 1298 153 37 procent.
1125 1296 179 30 Utskottet
1324 1295 118 30 finner
1463 1295 166 30 motions-

143 1355 206 37 yrkandena
364 1353 272 31 välmotiverade
652 1352 66 31 och
733 1350 195 39 tillstyrker
945 1351 188 29 desamma.
1151 1348 126 38 Övriga
1293 1347 337 38 motionsyrkanden

144 1408 178 39 angående
339 1407 149 39 ändring
504 1416 43 21 av
562 1406 272 39 lånegränserna
850 1405 73 29 kan
938 1404 171 30 utskottet
1125 1403 70 30 inte
1213 1402 206 40 tillstyrka.»

186 1461 74 32 dels
279 1461 66 31 ock
363 1461 115 30 nedan
496 1459 155 31 nämnda
669 1460 157 29 moment
844 1458 10 30 i
873 1457 189 30 utskottets
1081 1455 211 31 hemställan
1310 1455 78 30 bort
1406 1455 46 30 ha
1471 1454 158 38 följande

145 1515 145 38 lydelse:

497 1566 50 31 »6.
572 1565 223 31 beträffande
809 1563 258 32 bostadslånets
1084 1562 130 31 storlek
1229 1562 79 30 med
1322 1561 99 30 bifall
1438 1561 51 30 till
1506 1561 122 30 motio-

454 1629 110 22 nerna
593 1619 108 31 I:520
732 1618 65 31 och
827 1618 46 30 II:
890 1617 62 31 632
984 1618 90 29 samt
1104 1616 77 30 med
1211 1616 119 37 avslag
1359 1615 20 30 å
1408 1615 220 30 motionerna

453 1674 30 30 1:
499 1674 63 30 419
593 1673 65 31 och
688 1672 46 30 II:
750 1671 74 35 494,
856 1671 108 30 I:510
995 1670 64 31 och
1090 1670 46 29 II:
1152 1669 74 36 624,
1257 1669 105 30 I:511
1396 1668 65 30 och
1492 1669 45 29 II:
1554 1667 74 35 623,

453 1728 29 29 I:
500 1727 59 30 191
580 1726 65 31 och
663 1726 45 29 II:
724 1725 61 30 297
807 1726 91 29 samt
915 1724 29 30 I:
962 1724 39 30 75
1020 1723 65 30 och
1102 1724 46 28 II:
1164 1722 51 35 92,
1234 1723 42 30 de
1293 1722 73 30 åtta
1383 1721 246 30 förstnämnda

453 1780 221 30 motionerna
692 1778 104 31 såvitt
813 1787 49 21 nu
881 1778 38 29 är
937 1778 11 29 i
966 1777 108 37 fråga,
1094 1777 10 30 i
1123 1775 166 32 skrivelse
1308 1775 52 30 till
1379 1775 125 39 Kungl.
1524 1774 106 40 Maj:t

455 1834 78 37 giva
547 1833 53 30 till
615 1832 119 30 känna
748 1832 66 29 vad
830 1831 171 30 utskottet
1017 1829 153 35 anfört
1138 1825 35 50 ;»

187 1914 40 35 b)
248 1923 43 21 av
306 1914 123 29 herrar
447 1912 129 40 Virgin,
593 1911 189 39 Holmberg
797 1910 155 39 Staxäng
969 1909 65 31 och
1053 1909 184 35 Turesson,
1254 1908 96 30 vilka
1367 1910 114 28 ansett
1499 1909 51 28 att

188 1967 75 31 dels
278 1967 58 30 det
350 1967 120 37 stycke
483 1966 12 30 i
509 1966 190 30 utskottets
712 1964 165 38 yttrande
892 1963 44 38 på
951 1972 26 21 s.
994 1962 49 35 16,
1060 1971 74 21 som
1149 1961 120 37 börjar
1284 1961 78 29 med
1379 1960 157 37 »Frågan
1551 1969 76 21 om»

146 2021 65 30 och
233 2021 112 30 slutar
367 2020 78 30 med
469 2019 144 30 »härom
636 2018 213 37 avstyrkes»,
871 2016 79 30 bort
972 2016 148 31 ersättas
1143 2015 78 29 med
1244 2015 71 29 text
1338 2023 42 20 av
1402 2013 158 38 följande
1581 2014 49 36 ly-

143 2073 108 32 delse:

190 2127 73 30 >»En
293 2127 174 39 sänkning
496 2135 43 21 av
567 2125 271 39 lånegränserna
867 2124 56 29 för
953 2122 272 39 flerfamiljshus
1255 2121 169 39 föreslogs
1453 2121 109 29 redan
1590 2129 42 21 av

145 2180 311 37 bostadspolitiska
478 2179 242 36 utredningen.
742 2177 116 37 Några
879 2175 153 30 bärande
1055 2175 75 29 skäl
1155 2174 54 29 för
1231 2175 51 29 att
1304 2173 90 37 ånyo
1417 2173 149 30 avvakta
1588 2181 42 21 en

144 2233 300 36 tidsfördröjande
460 2231 172 38 prövning
649 2240 42 20 av
708 2231 66 29 den
792 2231 81 28 övre
889 2229 149 37 gränsen
1056 2228 55 29 för
1129 2227 139 37 statliga
1284 2226 203 30 bostadslån
1505 2234 123 29 genom

144 2287 65 29 den
231 2285 208 37 föregående
459 2284 39 30 år
516 2284 148 30 tillsatta
683 2281 312 38 bostadspolitiska
1016 2279 207 31 kommittén
1245 2287 103 22 anser
1367 2279 171 29 utskottet
1558 2279 71 29 inte

144 2339 178 37 föreligga.
345 2338 51 30 En
418 2337 106 30 redan
546 2345 48 21 nu
615 2335 206 38 genomförd
844 2334 174 36 sänkning
1040 2342 41 20 av
1102 2333 191 39 gränserna
1316 2331 112 30 skulle
1450 2332 178 29 dessutom

146 2392 167 30 innebära
338 2392 51 29 att
413 2391 197 29 låneramar
634 2389 65 30 och
724 2388 121 37 anslag
871 2387 118 30 räckte
1013 2386 51 30 till
1090 2387 48 29 ett
1163 2386 111 29 större
1299 2385 93 29 antal
1420 2385 208 36 lägenheter.

147 2444 184 38 Samtidigt
351 2443 112 31 skulle
481 2444 48 29 ett
547 2442 84 31 ökat
649 2442 172 37 sparande
840 2440 194 37 tillskapas,
1054 2439 106 30 vilket
1179 2438 171 30 utskottet
1368 2446 102 21 anser
1489 2446 142 28 synner-

147 2499 89 37 ligen
259 2498 178 30 önskvärt.
459 2496 128 31 Vidare
609 2495 112 31 skulle
743 2494 202 38 därigenom
968 2503 42 20 en
1033 2492 220 30 konkurrens
1277 2490 127 31 mellan
1427 2490 93 31 olika
1543 2490 88 30 före-

146 2560 19 30 3
178 2578 44 4 —
233 2559 137 40 Bihang
386 2558 52 31 till
451 2558 205 39 riksdagens
669 2556 178 41 protokoll
862 2556 94 30 1964.
971 2557 20 28 6
1005 2554 99 30 saml.
1119 2555 48 29 Nr
1182 2554 41 30 42
