2188 2620
404 200 16 28 2
556 201 116 29 Andra
696 200 227 30 Kammarens
953 200 182 38 Tillfälliga
1164 200 140 30 Utskotts
1329 199 79 40 (N:o
1435 200 34 38 3)
1499 200 173 31 Utlåtande
1696 201 61 29 N:o
1784 202 50 29 13.

510 280 72 35 Till
611 280 77 35 stöd
716 280 54 35 för
800 280 54 34 sin
882 280 212 35 hemställan
1123 281 101 34 anför
1252 280 236 35 motionären:

514 335 41 34 »I
584 337 95 32 ännu
707 334 162 46 gällande
885 333 476 48 tjenstgöringsreglemente
1378 333 54 35 för
1451 333 195 36 tullverket
1663 334 43 34 af
1725 335 38 33 år
1783 336 96 34 1831
1903 335 91 35 stad-

403 388 116 46 gades,
551 389 54 33 att
632 387 149 48 tullpass
810 387 55 35 för
892 387 179 46 utgående
1101 388 120 47 fartyg
1249 387 115 35 skulle
1392 387 267 35 underskrifvas
1687 387 37 35 af
1751 387 243 36 tullkammar-

403 441 262 35 föreståndaren
705 441 66 34 och
808 440 466 48 tolagsuppbördsmannen,
1314 440 104 35 sedan
1457 440 177 48 fartygets
1662 440 185 47 umgälder
1875 441 121 35 blifvit

404 494 151 47 erlagda,
599 493 143 36 hvilken
782 494 185 35 föreskrift
1006 494 280 47 uppenbarligen
1326 494 211 35 tillkommit
1574 496 45 46 på
1656 494 117 47 grund
1801 494 109 43 deraf,
1941 496 54 34 att

403 547 276 48 stapelstäderna
716 547 90 35 hade
864 547 65 35 och
980 551 97 31 ännu
1131 547 105 35 hafva
1276 547 206 48 skyldighet
1526 550 54 32 att
1621 548 271 34 tillhandahålla
1938 552 56 31 nö-

403 601 80 47 diga
520 601 136 35 lokaler
696 602 37 33 åt
774 600 195 35 tullverket
1012 601 67 34 och
1123 600 222 36 fördenskull
1372 601 108 35 borde
1509 602 142 46 åtnjuta
1684 602 119 45 någon
1832 601 163 35 säkerhet

403 655 54 34 för
497 654 305 35 utbekommande
860 654 37 34 af
948 654 42 35 de
1043 654 208 43 inkomster,
1304 654 169 35 hvarmed
1524 654 241 47 fullgörandet
1821 654 37 35 af
1907 654 87 35 före-

403 708 152 35 nämnda
593 707 245 48 skyldigheter
875 708 65 34 och
978 707 109 35 andra
1126 708 53 34 för
1211 708 172 46 sjöfarten
1412 707 178 47 behöfliga
1618 708 151 46 utgifter
1798 707 113 35 skulle
1941 709 54 33 be-

403 761 134 35 stridas.

509 815 116 34 Sedan
662 815 10 34 1
711 814 90 47 följd
839 814 37 34 af
911 814 124 46 kongl.
1067 814 237 46 kungörelsen
1335 815 67 34 den
1435 815 45 34 18
1512 814 184 35 december
1730 814 98 35 1857
1859 814 135 34 förord-

404 870 89 42 nats,
532 870 55 33 att
623 868 142 46 tolagen
795 867 114 35 skulle
938 869 116 33 såsom
1083 867 146 35 särskild
1258 867 109 47 afgift
1395 868 161 46 upphöra
1585 870 75 32 mot
1693 867 223 47 godtgörelse
1939 867 57 35 till

404 922 162 35 städerna
610 921 11 34 i
664 922 81 34 mån
790 921 37 35 af
869 921 60 34 der
970 920 198 48 inflytande
1204 920 198 44 tullmedel,
1433 921 63 34 har
1523 920 474 48 tolagsuppbördsmannens

405 975 220 35 underskrift
653 976 20 33 å
701 974 178 47 utgående
907 974 151 47 tullpass
1086 974 76 34 icke
1190 974 123 46 längre
1342 975 108 46 tagits
1478 974 12 34 1
1519 974 163 48 anspråk,
1705 974 66 35 och
1791 974 204 46 derigenom

405 1029 106 34 hafva
539 1028 163 35 städerna
730 1027 179 35 beröfvats
946 1027 234 46 möjligheten
1210 1029 55 33 att
1293 1040 93 34 noga
1415 1027 229 44 kontrollera,
1674 1029 53 33 att
1755 1028 100 34 deras
1882 1027 115 46 öfriga

404 1082 197 34 inkomster
629 1081 36 35 af
692 1080 217 47 sjötrafiken,
939 1080 179 47 nemligen
1149 1080 257 47 hamnafgifter
1435 1081 53 34 för
1517 1081 122 47 fartyg
1666 1081 65 34 och
1752 1093 112 32 varor,
1886 1080 112 35 blifva

405 1136 73 34 före
508 1135 176 47 fartygets
711 1133 178 47 afsegling
918 1133 154 46 erlagda,
1108 1133 43 35 då
1179 1133 162 35 deremot
1365 1134 72 35 före
1470 1134 100 35 1857
1600 1134 396 47 tolagsuppbördsman-

406 1201 77 28 nen,
514 1201 76 22 som
620 1187 223 35 inkasserade
871 1187 114 46 öfriga
1014 1186 37 35 af
1079 1186 204 47 sjötrafiken
1314 1187 177 46 utgående
1521 1187 194 46 umgälder,
1747 1199 62 22 var
1828 1187 11 33 i
1856 1186 141 36 tillfälle

405 1244 53 33 att
485 1241 217 35 kontrollera
730 1241 99 34 deras
857 1240 200 46 ordentliga
1086 1240 220 46 erläggande.

512 1296 69 34 Att
617 1294 341 46 hamnumgälderna
996 1294 56 34 för
1081 1293 217 47 sjöstäderna
1326 1296 59 32 äro
1414 1294 106 46 högst
1548 1293 176 47 behöfliga
1753 1293 64 35 och
1847 1293 56 35 till
1932 1294 65 34 och

407 1349 80 35 med.
523 1349 13 34 i
575 1349 128 45 många
741 1347 64 35 fall
844 1346 235 47 otillräckliga
1107 1348 53 34 att
1187 1347 156 35 bestrida
1371 1347 42 35 de
1443 1347 161 45 utgifter,
1634 1358 73 24 som
1739 1348 52 33 ett
1819 1346 181 48 nöjaktigt

406 1401 279 48 tillgodoseende
722 1401 37 35 af
795 1412 134 23 samma
965 1400 124 35 trafiks
1122 1400 109 35 behof
1268 1400 186 44 medförer,
1488 1400 136 35 bevisas
1652 1400 109 44 deraf,
1792 1402 65 41 att,
1887 1400 112 47 enligt

407 1455 158 35 handels-
597 1455 64 34 och
690 1454 322 47 sjöfartskomiténs
1041 1453 145 48 nyligen
1212 1453 140 47 afgifna
1371 1453 237 42 betänkande,
1637 1466 59 23 n:o
1723 1456 34 40 5,
1781 1455 44 34 21
1850 1453 149 35 svenska

408 1510 147 34 hamnar
597 1508 112 34 under
747 1509 85 34 åren
879 1508 259 34 1894—1898
1182 1507 80 35 haft
1301 1509 110 33 större
1440 1507 153 47 utgifter
1620 1510 44 32 än
1693 1506 198 36 inkomster
1919 1507 81 34 med

408 1563 87 35 brist
523 1562 58 35 till
608 1561 130 48 belopp
767 1560 171 35 vexlande
967 1560 80 35 från
1080 1562 112 42 6,000
1222 1560 58 35 till
1312 1562 165 42 556,000
1509 1560 142 35 kronor.

512 1616 76 34 Det
624 1618 37 32 är
697 1614 149 35 sålunda
883 1614 54 35 för
984 1614 163 35 städerna
1188 1614 36 35 af
1263 1616 75 32 stor
1378 1615 75 45 vigt
1493 1615 54 34 att
1588 1614 143 35 komma
1768 1614 12 34 1
1820 1614 179 47 åtnjutan-

408 1670 42 34 de
493 1669 37 35 af
572 1669 77 34 sina
683 1668 319 41 hamninkomster,
1047 1667 144 35 hvarför
1232 1667 111 47 nödig
1381 1667 163 35 säkerhet
1586 1667 55 35 för
1680 1667 215 35 närvarande
1923 1667 77 34 icke

407 1723 123 34 finnes.

513 1776 123 35 Såsom
664 1775 98 35 bevis
791 1774 108 48 derpå
926 1774 101 36 torde
1056 1774 36 35 få
1120 1774 169 48 åberopas
1318 1772 75 37 dels
1423 1775 53 34 ett
1503 1774 80 35 från
1604 1773 221 35 Karlskrona
1840 1774 39 34 år
1901 1775 95 34 1881

408 1830 13 35 i
450 1829 165 46 förening
642 1828 80 35 med
750 1829 193 34 hamntaxa
969 1828 199 46 ifrågasatt,
1197 1839 83 23 men
1310 1827 134 35 nekadt
1480 1827 132 35 förbud
1639 1827 55 35 för
1721 1827 123 48 fartyg
1871 1829 54 33 att
1952 1827 49 34 af-

409 1883 106 47 segla,
540 1882 111 35 innan
670 1881 341 47 hamnumgälderna
1040 1881 140 46 erlagts,
1210 1879 77 37 dels
1317 1893 43 22 en
1389 1881 78 35 från
1495 1881 200 35 Strömstad
1721 1881 40 35 år
1792 1881 99 35 1887
1920 1880 83 35 med

410 1935 185 36 enahanda
622 1935 137 48 påföljd
786 1935 163 47 ingifven
978 1934 223 47 underdånig
1229 1934 160 36 ansökan
1416 1935 13 34 i
1456 1946 137 23 samma
1620 1934 95 48 syfte
1744 1934 67 35 och
1832 1933 168 46 slutligen

409 1990 13 34 i
449 1989 359 49 prejudikatsamling
836 1989 194 35 refereradt
1057 1988 73 35 mål
1157 1988 183 47 angående
1369 1987 197 36 utsökande
1595 1987 64 36 hos
1688 1987 154 36 mäklare
1871 1987 36 34 af
1923 1986 78 35 obe-

409 2043 96 35 talda
533 2043 258 46 hamnafgifter
819 2042 56 35 för
901 2042 178 47 afsegladt
1106 2042 130 47 fartyg.

517 2096 57 35 Då
603 2096 275 35 underlåtenhet
905 2098 54 32 att
987 2095 143 47 erlägga
1157 2095 98 35 dessa
1285 2095 146 47 afgifter
1459 2094 71 35 kan
1553 2094 89 36 först
1661 2095 118 45 någon
1799 2093 55 35 tid
1873 2093 129 36 efteråt

413 2150 109 35 blifva
564 2151 46 46 på
652 2150 131 47 platser
820 2149 82 35 med
928 2149 91 46 liflig
1045 2148 106 36 trafik
1180 2148 186 48 upptäckt,
1405 2148 173 35 försvåras
1606 2146 333 37 åstadkommandet
1966 2148 39 34 af

412 2202 209 47 erforderlig
648 2203 200 46 bevisning,
869 2202 66 35 och
955 2201 227 48 följaktligen
1204 2201 70 35 kan
1295 2214 44 23 en
1354 2200 327 37 tillfredsställande
1700 2200 159 36 kontroll
1879 2200 124 35 endast

412 2257 124 35 vinnas
564 2255 217 48 derigenom,
812 2257 55 34 att
894 2255 222 47 utklarering
1140 2255 36 35 af
1203 2254 123 49 fartyg
1353 2254 77 36 icke
1458 2254 93 45 sker,
1572 2255 116 35 förrän
1716 2254 61 35 det
1807 2254 117 43 visats,
1949 2255 54 33 att
