2208 2680
449 188 20 30 6
623 190 118 32 Andra
762 190 229 34 Kammarens
1018 192 182 43 Tillfälliga
1229 195 142 33 Utskotts
1396 196 63 40 (Nr
1482 197 33 40 4)
1547 198 173 33 Utlåtande
1743 200 52 32 Nr
1817 202 53 31 44.

448 279 134 48 energi
617 279 63 38 till
712 280 253 49 någorlunda
994 282 131 50 billigt
1152 285 84 47 pris
1265 285 130 38 finnes
1422 287 15 37 i
1464 287 188 50 förening
1681 289 92 39 med
1800 291 105 48 goda
1932 292 111 38 kom-

447 333 301 39 munikationer
778 336 76 37 och
882 336 168 50 tillgång
1078 341 52 45 på
1158 339 135 48 malm,
1324 340 136 40 medan
1489 342 61 38 det
1579 343 74 38 blir
1679 347 73 46 tyst
1771 345 66 39 och
1856 346 67 38 öde
1941 347 104 39 inom

446 399 78 27 mer
550 390 51 37 än
630 392 48 35 ett
703 391 184 47 gammalt
916 392 351 49 bergslagsdistrikt,
1300 395 74 39 där
1399 409 89 26 man
1517 398 145 39 saknar
1688 401 260 48 vattenkraft.»

551 442 237 40 Emellertid
829 445 81 38 kan
952 447 46 48 ju
1026 448 146 38 tänkas
1201 462 136 27 annan
1365 453 126 47 utväg
1520 455 52 35 än
1601 453 78 38 den
1707 454 14 37 i
1750 455 293 41 ofvanstående

445 497 96 38 citat
584 499 182 47 anförda,
811 500 265 49 hvarigenom
1119 503 48 37 de
1208 504 204 48 järnverk,
1443 519 89 26 som
1560 507 14 37 i
1606 508 76 38 här
1710 509 142 39 afsedd
1880 513 163 48 mening

444 552 128 38 sakna
612 554 264 47 vattenkraft,
919 556 89 38 icke
1050 557 130 38 skulle
1221 559 180 38 behöfva
1441 561 185 50 förflytta
1668 563 63 38 sin
1770 565 269 39 verksamhet.

443 605 91 39 Den
576 607 96 38 eller
714 608 59 47 de,
818 621 87 26 som
947 610 161 50 förfoga
1150 612 115 39 öfver
1292 614 121 49 riklig
1441 615 170 51 tillgång
1639 620 53 46 på
1720 618 136 48 malm,
1886 623 154 36 vatten-

443 661 111 39 kraft
597 663 76 37 och
705 663 79 46 kol,
816 664 141 38 kunna
984 666 14 36 i
1027 666 133 39 stället
1187 670 90 36 rent
1306 669 42 38 af
1376 669 170 50 anlägga
1574 684 218 37 masugnar
1819 676 54 46 på
1901 675 140 38 härför

441 714 192 49 lämpliga
673 716 153 47 platser
867 719 76 36 och
975 720 158 37 förädla
1161 722 177 36 malmen
1366 723 63 36 till
1456 725 198 47 tackjärn,
1684 727 53 47 ja,
1768 727 155 37 kanske
1951 733 90 33 rent

443 768 43 38 af
513 768 62 39 till
604 769 197 40 smidbart
828 771 93 49 järn
951 773 76 38 och
1055 773 88 48 stål,
1174 775 76 38 och
1282 776 14 37 i
1325 776 145 39 sådant
1498 778 115 38 skick
1642 780 153 49 afyttra
1823 793 127 27 varan
1978 782 63 39 till

442 822 49 38 de
537 823 51 38 då
635 827 133 35 såsom
811 827 141 38 enbart
994 829 366 40 manufakturverk
1403 832 246 39 omändrade
1690 835 259 49 järnverken,
1999 838 42 37 af

441 877 141 40 hvilka
622 878 230 49 produkten
894 882 231 49 ytterligare
1165 884 190 39 förädlas.
1413 885 142 40 Håller
1586 889 308 49 uppfinningen,
1928 891 112 37 hvad

442 931 79 38 den
561 932 145 48 lofvar,
750 934 79 38 blir
870 936 227 50 säkerligen
1139 950 50 26 en
1232 939 228 51 anordning
1492 941 126 38 sådan
1649 942 78 38 den
1754 943 75 38 här
1858 945 181 49 antydda

439 986 67 38 för
548 987 124 49 öfrigt
705 991 90 35 rent
824 990 42 37 af
893 991 235 50 nödvändig
1156 993 92 38 med
1276 994 161 50 hänsyn
1465 995 63 38 till
1557 996 48 38 de
1634 1000 110 35 stora
1773 998 265 40 ekonomiska

439 1041 165 47 värden,
650 1054 88 27 som
781 1043 166 39 komma
988 1049 59 35 att
1089 1046 203 49 spolieras,
1325 1061 66 26 om
1420 1051 238 38 nuvarande
1685 1052 195 47 järnverk
1908 1054 130 38 skulle

439 1096 205 48 förflyttas
672 1097 63 37 till
763 1099 154 38 trakter
946 1100 92 38 med
1066 1101 120 49 riklig
1219 1102 170 50 tillgång
1415 1107 54 45 på
1496 1106 263 38 vattenkraft.
1817 1107 64 38 En
1911 1109 127 37 sådan

440 1150 228 49 anordning
710 1152 114 38 torde
867 1154 121 38 också
1029 1155 70 38 vid
1127 1156 145 39 sådant
1300 1158 256 39 förhållande
1584 1160 267 49 frampressas
1880 1175 50 25 ur
1959 1163 78 38 den

439 1204 273 48 synpunkten,
758 1209 59 35 att
858 1219 96 26 man
996 1221 148 26 annars
1185 1211 112 37 inom
1340 1223 50 26 en
1432 1213 36 47 ej
1513 1213 71 37 allt
1624 1215 67 37 för
1717 1215 114 49 långt
1859 1212 178 57 aflägsen

437 1257 169 39 framtid
634 1259 104 49 finge
767 1264 128 35 motse
924 1262 137 38 risken
1090 1265 42 36 af
1161 1267 58 36 att
1247 1278 57 25 nu
1333 1265 275 41 blomstrande
1628 1269 225 38 samhällen
1872 1270 165 39 komma

437 1313 60 36 att
539 1312 121 38 mista
702 1314 63 38 sin
798 1314 191 49 lifskraft,
1025 1329 146 36 genom
1201 1322 58 35 att
1289 1319 77 38 den
1394 1321 186 47 industri,
1612 1334 87 26 som
1729 1326 44 34 är
1802 1325 234 38 samhällets

438 1365 151 54 själfva
617 1367 184 47 lifsnerv,
833 1370 255 48 förflyttades
1116 1372 63 37 till
1208 1385 134 26 annan
1373 1378 72 34 ort.

543 1414 60 43 Är
644 1434 96 25 man
783 1423 187 39 öfverens
1000 1438 67 24 om
1094 1425 292 50 lämpligheten
1415 1429 43 37 af
1487 1431 58 36 att
1574 1432 132 36 staten
1736 1431 155 39 drifver
1918 1433 116 38 indu-

437 1474 127 37 striell
592 1475 270 49 verksamhet,
893 1478 116 38 torde
1039 1480 121 38 också
1189 1481 140 38 kunna
1358 1485 125 46 sägas,
1515 1483 51 38 då
1594 1485 103 38 efter
1726 1485 72 39 allt
1826 1489 59 35 att
1914 1487 121 38 döma

435 1528 43 37 vi
506 1528 74 37 här
607 1529 14 36 i
649 1529 138 39 landet
814 1532 151 48 hastigt
992 1536 143 35 närma
1164 1547 65 25 oss
1258 1547 49 26 en
1336 1536 239 50 fullständig
1604 1540 253 49 omvälfning
1881 1541 43 37 af
1943 1542 91 37 hela

435 1584 73 34 vår
549 1583 564 51 järntillverkningsindustri,
1157 1591 60 35 att
1258 1589 78 38 den
1378 1592 237 37 nuvarande
1657 1593 247 48 tidpunkten
1937 1608 97 25 vore

434 1635 66 38 för
542 1639 142 44 staten,
730 1651 87 25 som
847 1643 94 45 äger
969 1641 48 38 de
1046 1642 141 38 härför
1216 1644 262 50 erforderliga
1506 1646 405 50 förutsättningarna,
1943 1662 89 36 syn-

434 1690 182 49 nerligen
661 1692 168 49 lämplig
875 1697 59 36 att
980 1696 159 48 ingripa
1185 1697 233 49 reglerande
1463 1702 53 45 på
1557 1700 269 40 förevarande
1869 1704 164 38 område

434 1744 76 38 och
538 1747 53 45 på
620 1758 155 26 samma
802 1750 103 47 gång
934 1749 132 38 skaffa
1094 1751 60 48 sig
1182 1763 50 26 en
1259 1752 246 50 välbehöflig
1533 1754 301 40 inkomstkälla.

540 1799 169 38 Tanken
751 1804 53 44 på
846 1805 58 35 att
946 1806 131 35 staten
1118 1805 66 37 för
1224 1806 317 48 tillgodoseende
1583 1810 43 36 af
1667 1810 90 38 sina
1785 1813 45 35 år
1858 1812 102 37 efter
1988 1815 44 35 år

433 1852 184 48 stegrade
659 1855 274 47 utgiftsbehof
975 1858 73 37 bör
1090 1858 134 39 drifva
1265 1860 230 39 industriell
1527 1863 262 39 verksamhet
1817 1865 113 38 torde
1959 1879 71 24 nu-

432 1917 111 26 mera
572 1907 121 38 också
721 1908 54 38 ha
802 1912 137 47 trängt
967 1914 44 35 så
1040 1912 119 49 djupt
1190 1914 172 47 igenom,
1400 1918 58 35 att
1485 1918 127 47 några
1640 1918 196 48 befogade
1864 1920 167 38 invänd-

431 1959 146 49 ningar
618 1974 50 24 ur
710 1962 77 38 den
829 1966 264 47 synpunkten
1126 1967 88 38 icke
1241 1968 86 38 lära
1354 1969 142 38 kunna
1524 1972 164 47 påvisas
1717 1975 85 35 mot
1830 1974 75 37 här
1932 1975 97 37 rela-

431 2014 136 37 terade
596 2016 236 49 anordning.

537 2068 198 50 Möjligen
769 2071 137 38 kunde
941 2073 121 38 också
1090 2087 51 25 en
1169 2075 239 50 fullständig
1437 2078 217 50 utredning
1683 2080 42 37 af
1755 2080 132 39 denna
1914 2082 116 49 fråga

429 2120 92 39 leda
560 2123 107 37 fram
710 2124 62 37 till
814 2126 328 40 önskvärdheten
1189 2130 43 37 af
1273 2133 59 35 att
1373 2134 132 35 staten
1535 2132 154 39 drifver
1716 2135 76 37 här
1819 2136 210 48 ifrågasatt

429 2175 176 38 industri
647 2183 249 42 gemensamt
938 2182 93 37 med
1073 2183 127 37 andra
1231 2184 275 48 intressenter,
1542 2188 246 48 exempelvis
1817 2190 211 38 rättsinne-

429 2229 201 39 hafvarna
672 2232 61 36 till
774 2236 204 44 patentets
1020 2238 262 47 utnyttjande
1323 2239 14 36 i
1379 2242 91 35 vårt
1511 2240 107 47 land,
1663 2242 95 37 eller
1801 2243 66 38 det
1895 2240 130 57 bolag,

428 2283 158 38 hvilket
613 2297 57 25 nu
698 2286 270 40 tillsammans
997 2290 93 37 med
1119 2293 131 35 staten
1279 2295 44 34 är
1352 2295 117 46 ägare
1498 2295 43 36 af
1570 2294 48 38 de
1643 2298 109 36 stora
1772 2297 255 39 malmfälten

428 2336 14 37 i
470 2336 259 50 Norrbotten,
760 2340 96 39 eller
883 2342 212 40 bådadera.
