2251 2660
392 205 117 31 Andra
533 204 226 32 Kommarens
786 206 180 40 Tillfälliga
995 205 140 45 Utskotts
1161 206 63 39 (Nr
1247 207 33 39 4)
1310 207 174 33 Utlåtande
1511 208 50 32 Nr
1584 210 53 30 44.
1775 210 42 31 23

968 295 21 44 &
1015 296 58 41 12.

324 356 247 34 Järnkontoret
593 361 38 29 är
653 356 206 45 berättigadt
882 361 50 31 att
955 370 123 32 genom
1102 359 260 44 vederbörligen
1379 360 295 44 befullmäktigadt
1690 362 127 34 ombud

217 400 130 44 årligen
384 402 88 33 efter
507 402 66 43 maj
598 403 141 33 månads
763 405 128 41 utgång
914 407 79 40 taga
1017 404 55 33 del
1096 405 36 33 af
1155 405 266 34 elektrometalls
1444 405 272 36 handelsböcker
1738 408 79 33 med

215 446 206 34 tillhörande
446 447 255 34 verifikationer
724 449 53 32 för
800 451 50 31 att
875 449 219 42 kontrollera,
1119 453 49 30 att
1192 450 64 32 den
1282 450 11 33 i
1318 450 20 43 &
1365 451 40 32 10
1429 450 61 33 här
1514 452 102 32 ofvan
1640 452 178 34 bestämda

216 491 385 45 minimilicensafgiften
637 493 209 34 fortfarande
875 496 98 41 utgår
998 495 52 32 för
1074 494 66 33 alla
1169 494 4 33 i
1198 495 149 33 nämnda
1370 495 20 43 $
1416 496 140 33 afsedda
1584 497 232 44 uppgörelser.

325 537 32 33 ÅA
392 537 107 33 andra
533 537 97 34 sidan
665 538 86 33 skall
779 539 58 33 det
861 539 109 43 åligga
991 539 238 43 järnkontoret
1252 543 50 30 att
1326 540 57 33 vid
1406 541 197 43 preliminär
1626 542 190 44 upplåtelse

215 581 37 34 af
274 584 69 31 rätt
366 582 106 43 enligt
496 582 94 34 detta
607 583 161 34 kontrakt
783 583 208 35 tillförsäkra
1008 584 248 34 elektrometall
1272 585 208 43 befogenhet
1496 589 50 31 att
1563 586 129 43 årligen
1708 587 110 34 under

216 626 152 34 februari
392 627 63 34 och
480 628 135 43 augusti
631 629 163 33 månader
809 641 121 30 genom
949 629 260 43 vederbörligen
1226 630 297 44 befullmäktigadt
1539 632 126 33 ombud
1682 643 135 32 genom-

215 673 44 41 gå
282 672 258 34 vederbörande
564 673 217 34 tillverkares
804 674 414 44 tillverkningsjournaler
1241 676 53 32 för
1317 679 151 30 närmast
1483 676 206 43 föregående
1706 677 112 34 halfår

215 717 12 33 i
251 717 91 44 syfte
365 720 51 31 att
440 718 208 34 kontrollera
671 719 42 33 de
737 719 219 43 kvantiteter,
981 720 53 33 för
1058 719 117 34 hvilka
1198 720 208 44 licensafgift
1423 720 105 45 enligt
1545 722 94 33 detta
1655 722 163 34 kontrakt

215 762 89 34 skall
327 764 90 42 utgå.
537 794 2 2 .

967 855 22 44 &
1014 856 52 33 13.

323 915 205 35 Eventuella
563 917 121 34 tvister
718 918 176 43 angående
918 919 94 33 detta
1037 919 178 34 kontrakts
1238 922 89 31 rätta
1350 919 156 45 tolkning
1530 920 64 34 och
1618 920 111 45 (eller)
1753 921 64 35 till-

216 961 177 45 lämpning
416 962 96 33 skola
535 963 135 42 afgöras
694 974 123 32 genom
841 963 178 44 skiljedom
1045 964 107 43 enligt
1174 964 158 43 gällande
1355 965 56 42 lag
1435 977 53 21 om
1513 966 188 42 skiljemän.

323 1006 48 34 Af
393 1007 94 34 detta
511 1007 161 35 kontrakt
696 1013 57 29 äro
777 1011 127 32 tvenne
928 1009 174 45 exemplar
1125 1009 204 45 upprättade
1354 1010 64 34 och
1441 1010 252 36 underskrifna.

325 1097 199 35 Stockholm
548 1098 66 34 den
638 1099 42 33 22
704 1098 198 35 November
927 1100 95 33 1909.

431 1187 210 35 Godkännes
1173 1190 242 45 Aktiebolaget
1442 1191 269 43 Elektrometall,

368 1251 53 34 för
445 1251 258 44 Järnkontoret,
1281 1258 108 30 Assar
1416 1257 175 32 Grönmall.

434 1317 36 32 G.
500 1318 119 40 Geijer.

701 1468 169 35 Likheten
894 1469 78 34 med
996 1468 180 44 originalet
1199 1469 132 46 intyga:

432 1562 153 31 Andreas
609 1562 202 32 Johansson.
1219 1564 37 29 ÅA.
1289 1563 123 31 Verner
1437 1563 166 32 Carlsson.

217 1841 182 39 (Afskrift.)
1640 1845 123 39 Bilaga
1785 1846 31 29 2.

1207 1938 105 28 Inkom
1330 1937 48 30 till
1397 1939 33 28 K.
1451 1939 332 36 Vattenfallsstyrelsen

1301 1975 59 28 den
1382 1976 35 27 29
1435 1975 170 29 November
1625 1976 69 28 1909

1393 2056 125 35 Gustaf
1541 2061 63 31 etc.

307 2136 60 33 Uti
395 2136 213 43 underdånig
636 2136 180 35 skrifvelse
840 2137 66 33 den
932 2138 38 32 11
997 2137 187 33 november
1208 2138 87 33 1909
1318 2137 62 34 har
1404 2138 44 33 Ni
1471 2138 181 43 meddelat,
1677 2142 50 31 att
1751 2144 66 29 sär-

218 2180 111 34 skilda
353 2181 35 33 af
410 2181 215 42 fullmäktige
650 2182 11 33 i
681 2181 239 43 järnkontoret
942 2183 145 32 utsedda
1111 2182 259 34 kommitterade
1394 2183 11 33 i
1430 2195 42 21 en
1488 2183 53 34 till
1556 2183 92 34 Eder
1664 2183 153 44 ingifven

218 2226 180 34 skrifvelse
434 2227 37 33 af
497 2227 66 33 den
587 2228 22 31 9
633 2227 143 33 oktober
800 2228 87 33 1909
908 2227 277 43 tillkännagifvit,
1210 2231 49 30 att
1282 2228 214 43 fullmäktige
1520 2229 150 33 beslutat
1693 2229 126 33 föreslå

218 2271 295 34 brukssocieteten
537 2275 50 30 att
610 2271 70 34 låta
702 2274 44 40 på
765 2272 257 44 järnkontorets
1046 2272 187 34 bekostnad
1258 2273 145 33 anställa
1426 2273 116 34 försök
1565 2273 11 34 i
1600 2278 108 30 större
1724 2274 95 34 skala

218 2316 79 33 med
332 2316 172 43 tackjärns
540 2317 256 34 framställande
831 2319 44 42 på
905 2317 164 34 elektrisk
1094 2321 73 39 väg,
1193 2321 88 31 samt
1304 2321 50 30 att
1377 2318 156 34 bemälda
1557 2319 261 34 kommitterade

219 2361 184 43 hemställt,
428 2365 50 31 att
501 2362 45 33 Ni
571 2362 90 44 ville,
679 2363 108 33 under
803 2363 245 44 förutsättning
1064 2365 49 31 att
1130 2363 292 34 brukssocieteten
1440 2363 176 35 beslutade
1633 2364 186 34 verkställa
