1892 2792
587 130 261 28 Statsutskottets
873 128 166 29 utlåtande
1062 137 37 19 nr
1126 129 48 27 61.
1612 123 19 29 3

130 216 72 20 som
221 215 100 20 anses
346 203 225 32 utmärkande
594 203 51 31 för
672 203 171 31 »normala
865 202 270 38 förhållanden»,
1160 201 97 32 torde
1282 200 192 33 emellertid
1487 200 147 32 behovet

130 267 38 19 av
202 255 150 31 aktuella
386 254 175 42 uppgifter
595 265 53 20 om
683 253 206 31 hithörande
912 252 236 32 förhållanden
1174 263 136 21 snarare
1335 252 64 31 öka
1422 253 42 29 än
1489 251 141 31 minska.

130 306 68 31 Det
231 306 11 30 i
276 308 49 29 ett
359 305 123 31 sådant
515 305 74 41 läge
626 303 156 42 stegrade
816 303 117 31 kravet
955 305 44 39 på
1022 303 181 31 aktualitet
1225 302 115 32 kunde
1363 304 18 29 å
1405 302 105 31 andra
1534 302 97 31 sidan

129 357 65 31 den
229 356 185 41 planerade
451 354 301 42 undersökningen
786 354 171 42 knappast
991 355 99 40 sägas
1115 355 180 36 motsvara,
1319 353 43 31 då
1385 353 80 31 dess
1489 353 144 31 resultat

128 408 72 31 icke
235 407 115 31 kunde
384 406 169 32 beräknas
587 405 163 42 föreligga
783 405 114 31 förrän
932 405 125 34 2—2!/2
1081 406 36 29 år
1140 405 85 31 efter
1248 403 58 32 det
1329 403 301 42 undersökningen

132 458 117 42 börjat,
284 458 106 31 vilket
424 457 87 31 varit
544 468 39 20 av
607 456 72 31 icke
704 455 192 41 oväsentlig
919 455 178 42 betydelse
1121 455 52 32 för
1195 455 194 42 uppskovet
1413 454 77 31 med
1514 454 118 31 under-

129 509 248 41 sökningarnas
401 508 188 32 utförande.

182 560 169 32 Fördelen
376 559 77 31 med
477 559 65 31 den
566 570 45 20 nu
635 558 202 41 föreslagna,
861 558 10 30 i
896 557 139 42 Sverige
1058 557 74 32 icke
1149 557 144 41 tidigare
1309 557 149 41 prövade
1475 556 157 41 intervju-

129 611 160 31 metoden
325 611 52 31 för
411 609 541 40 konsumtionsundersökningar
986 610 36 29 är
1045 608 222 41 väsentligen,
1292 610 49 29 att
1364 608 180 31 resultatet
1567 608 64 30 kan

128 662 169 32 beräknas
320 662 166 40 föreligga
510 662 155 30 avsevärt
689 659 168 32 snabbare
881 661 42 29 än
940 659 107 41 enligt
1063 659 66 31 den
1147 659 144 41 tidigare
1307 658 209 42 tillämpade,
1534 658 99 32 tradi-

130 713 140 31 tionella
294 712 169 32 metoden.
488 711 125 31 Vidare
637 711 147 30 erhållas
809 712 109 29 större
942 710 217 41 möjligheter
1182 712 49 29 att
1253 710 88 41 välja
1365 709 41 32 de
1430 709 201 41 deltagande

128 764 181 31 hushållen
343 762 272 42 representativt.
651 761 185 31 Vinsterna
870 761 11 30 i
915 760 171 32 snabbhet
1109 760 63 31 och
1195 760 314 42 representativitet
1532 771 101 21 anses

128 826 71 20 mer
222 817 42 29 än
287 815 53 30 väl
364 815 163 39 överväga
551 813 65 31 den
633 813 123 30 förlust
777 812 5 30 i
798 812 248 41 noggrannhet,
1064 822 73 21 som
1154 811 309 41 intervjumetoden
1480 811 150 32 innebär.

181 865 120 32 Under
334 864 194 41 uppskovet
559 863 77 31 med
659 862 66 32 den
749 874 40 20 av
814 862 81 32 1945
918 864 54 30 års
996 862 139 41 riksdag
1157 862 11 30 i
1192 862 135 41 princip
1350 862 180 41 godkända
1554 863 77 31 kon-

129 915 476 40 sumtionsundersökningen
629 933 38 2 —
692 913 113 31 vilken
827 914 105 40 jämte
949 924 40 20 en
1007 913 221 41 inventering.
1239 925 40 19 av
1295 913 202 32 hushållens
1515 913 117 32 bruks-

128 967 140 31 föremål
292 966 212 32 beräknades
528 965 103 41 draga
654 976 41 19 en
719 964 147 32 kostnad
891 975 38 20 av
953 965 89 40 lägst
1066 975 38 20 ca
1127 964 60 31 675
1205 960 60 50 000
1283 965 127 30 kronor
1433 983 38 3 —
1496 964 60 31 har
1579 965 52 31 be-

128 1018 103 31 hovet
263 1017 53 31 för
349 1016 228 41 beräkningar
605 1027 39 19 av
667 1014 428 38 levnadskostnadsindex,
1119 1014 514 42 nationalbudgetberäkningar

129 1068 63 31 och
227 1068 65 31 den
328 1067 149 31 aktuella
511 1066 218 31 ekonomiska
766 1066 168 41 politiken
968 1077 39 19 av
1032 1065 149 32 aktuella
1204 1066 175 41 uppgifter
1402 1077 53 20 om
1480 1066 152 32 levnads-

128 1119 122 31 villkor
273 1118 64 31 och
361 1118 265 31 hushållsvanor
649 1117 99 31 blivit
771 1119 42 29 än
838 1128 71 19 mer
924 1116 263 31 framträdande.
1207 1116 179 32 Utskottet
1402 1127 101 21 anser
1519 1117 113 31 starka

129 1170 72 31 skäl
226 1169 67 31 tala
316 1169 52 31 för
391 1170 51 29 att
465 1168 127 31 sådana
615 1167 298 41 undersökningar
935 1167 85 31 efter
1044 1178 65 30 nya
1130 1167 154 31 metoder
1299 1167 135 31 komma
1451 1167 52 31 till
1521 1168 110 37 stånd,

129 1231 73 20 som
226 1219 125 41 Kungl.
377 1219 98 40 Maj:t
497 1219 62 31 har
581 1218 175 41 föreslagit
779 1218 11 30 i
813 1217 223 32 förevarande
1059 1217 227 42 proposition.
1319 1217 68 32 För
1410 1218 66 31 den
1500 1218 132 31 mindre

128 1270 301 41 undersökningen
464 1270 61 31 har
551 1269 126 41 Kungl.
702 1269 98 41 Maj:t
823 1269 105 31 redan
953 1268 95 32 ställt
1073 1269 112 31 19000
1207 1268 127 32 kronor
1358 1269 52 31 till
1433 1269 199 41 förfogande

128 1323 73 30 från
237 1321 298 41 socialstyrelsens
564 1320 118 40 anslag
705 1320 53 31 till
781 1320 201 41 avlöningar
1006 1319 51 32 till
1081 1319 71 32 viss
1177 1320 159 41 personal
1359 1320 53 31 för
1435 1322 110 30 större
1570 1323 62 28 sta-

129 1373 138 31 tistiska
301 1371 435 43 specialundersökningar.
772 1371 289 31 Erfarenheterna
1096 1371 72 30 från
1194 1370 112 32 denna
1329 1373 58 29 äro
1411 1371 149 31 avsedda
1583 1373 49 29 att

128 1423 168 42 utnyttjas
330 1423 53 30 för
416 1421 288 42 planläggningen
740 1433 39 19 av
816 1421 65 31 den
912 1422 109 30 större
1044 1421 513 41 konsumtionsundersökning,
1582 1422 51 30 för

129 1474 111 31 vilken
276 1473 58 31 det
367 1484 40 19 av
441 1472 126 41 Kungl.
600 1472 97 40 Maj:t
721 1471 126 32 äskade
871 1472 154 39 anslaget
1048 1476 19 26 å
1090 1471 114 31 98000
1226 1471 127 32 kronor
1376 1474 37 28 är
1436 1474 119 29 avsett.
1580 1473 52 30 De

128 1524 57 31 vid
219 1523 66 32 den
320 1523 133 31 mindre
488 1522 302 42 undersökningen
826 1522 153 31 erhållna
1013 1522 219 41 uppgifterna
1263 1522 168 32 beräknas
1455 1522 177 32 dessutom

128 1575 114 31 kunna
274 1574 49 31 bli
357 1573 226 37 användbara,
608 1573 52 31 för
682 1573 105 31 bland
812 1575 103 29 annat
939 1584 41 20 en
1003 1572 171 41 justering
1196 1584 39 19 av
1258 1572 288 42 indexbudgeten.
1580 1574 53 30 Då

129 1626 65 31 den
219 1624 192 32 emellertid
434 1625 159 31 omfattar
616 1624 122 31 endast
760 1625 71 30 åtta
847 1626 99 35 orter,
965 1623 170 32 erfordras
1151 1623 272 42 uppenbarligen
1440 1623 66 32 den
1524 1626 108 30 större

127 1675 303 42 undersökningen
454 1676 51 30 för
530 1675 169 31 vinnande
723 1686 40 19 av
786 1674 112 31 bättre
923 1674 322 42 representativitet.

182 1726 180 33 Utskottet
395 1726 60 31 har
489 1726 85 41 tagit
607 1725 55 31 del
697 1736 39 20 av
760 1726 42 30 de
825 1725 57 31 vid
906 1725 66 31 den
995 1725 134 31 mindre
1153 1725 302 42 undersökningen
1479 1726 153 41 nyttjade

128 1777 265 41 anvisningarna
428 1776 51 31 till
513 1776 241 40 intervjuarna,
790 1776 258 41 frågeformulär
1071 1787 41 20 m.
1138 1787 52 26 m.,
1215 1776 90 31 vilka
1328 1776 155 31 utmärka
1506 1777 53 41 sig
1582 1778 51 30 för

128 1838 41 20 en
192 1829 125 39 ytterst
341 1827 158 40 detaljrik
524 1826 236 41 specifikation
785 1826 10 30 i
820 1827 93 40 fråga
936 1837 54 20 om
1015 1826 91 31 olika
1129 1827 166 40 varuslag.
1328 1827 181 31 Utskottet
1531 1828 101 31 förut-

129 1880 115 35 sätter,
279 1880 49 28 att
363 1888 41 20 en
440 1877 263 40 överarbetning
726 1888 39 19 av
789 1877 94 30 detta
906 1876 154 32 material
1085 1876 85 31 skall
1194 1878 61 38 äga
1278 1887 73 20 rum
1376 1878 10 30 i
1410 1878 223 41 förenklings-

129 1929 97 40 syfte,
252 1929 37 30 så
313 1930 50 29 att
387 1927 283 41 specifikationen
695 1938 39 19 av
759 1927 42 30 de
824 1927 259 41 upplysningar,
1109 1938 73 20 som
1206 1929 58 29 äro
1289 1927 148 31 avsedda
1461 1930 49 29 att
1533 1929 99 31 inför-

128 1979 135 37 skaffas,
298 1978 153 31 kommer
484 1978 10 30 i
518 1977 170 41 rimligare
712 1977 213 31 förhållande
949 1977 52 31 till
1025 1977 65 31 den
1114 1977 91 41 lägre
1229 1977 81 41 grad
1335 1989 38 19 av
1397 1980 235 40 noggrannhet

129 2030 63 31 och
216 2029 257 40 tillförlitlighet
498 2040 72 19 som
596 2030 106 29 måste
726 2028 234 31 känneteckna
983 2028 310 41 intervjumetoden
1318 2029 10 30 i
1344 2029 194 40 jämförelse
1555 2031 76 30 med

129 2079 435 42 budgetundersökningar.

181 2130 133 31 Genom
332 2141 41 20 en
391 2130 94 41 dylik
502 2130 191 40 förenkling
710 2130 63 31 bör
789 2130 65 30 den
873 2141 44 19 nu
934 2129 256 42 ifrågavarande
1208 2132 108 29 större
1330 2131 301 41 undersökningen

128 2181 114 31 kunna
279 2181 129 30 utföras
438 2180 76 31 med
538 2181 91 40 lägre
654 2180 186 31 kostnader
863 2182 42 28 än
930 2180 62 31 vad
1017 2191 73 20 som
1115 2180 192 31 beräknats.
1343 2181 53 30 Då
1420 2192 41 20 en
1487 2182 68 30 viss
1579 2182 53 31 be-

128 2231 186 40 gränsning
338 2242 39 19 av
402 2230 320 39 undersökningens
747 2241 157 30 program
926 2230 125 41 jämväl
1074 2231 10 29 i
1109 2230 109 41 övrigt
1242 2231 63 31 bör
1321 2232 216 40 genomföras
1555 2233 76 30 med

129 2281 131 39 hänsyn
286 2281 51 30 till
363 2283 49 28 att
437 2280 230 31 erfarenheter
690 2291 54 20 om
763 2280 115 41 dylika
895 2279 297 42 undersökningar
1208 2281 9 30 i
1235 2282 74 29 vårt
1324 2281 80 31 land
1421 2281 123 31 hittills
1563 2282 69 30 sak-

129 2342 71 26 nas,
225 2341 103 30 synes
353 2330 58 31 det
434 2330 169 31 utskottet
626 2332 49 28 att
699 2330 357 41 medelsanvisningen
1082 2331 51 30 till
1157 2330 194 32 ändamålet
1367 2331 62 31 hör
1445 2331 186 41 begränsas

130 2380 76 32 med
230 2380 156 42 omkring
410 2392 41 19 en
476 2380 164 41 tredjedel
665 2392 39 19 av
728 2380 58 31 det
809 2379 126 32 iskade
960 2380 172 41 beloppet.
1158 2381 180 31 Utskottet
1355 2381 188 41 tillstyrker
1561 2382 70 30 där-

130 2431 50 31 för
203 2433 49 29 ett
275 2431 119 40 anslag
418 2431 51 30 till
493 2430 193 31 ändamålet
709 2442 40 19 av
772 2431 40 30 65
825 2431 62 31 000
910 2430 134 32 kronor.
