1916 2852
582 155 260 30 Statsutskottets
864 154 165 29 utlåtande
1053 153 47 29 Nr
1124 158 70 26 160.
1601 150 38 30 13

133 246 231 32 servarbetena
388 245 123 31 främst
532 244 80 32 böra
635 243 147 37 utväljas
805 242 102 31 bland
932 241 126 32 sådana
1084 239 193 39 arbetslösa,
1302 251 70 20 som
1398 238 144 37 tidigare
1565 235 73 33 icke

132 289 64 33 alls
221 288 135 33 erhållit
380 289 110 36 någon
514 286 261 38 sysselsättning
799 284 81 33 eller
904 296 70 20 som
998 283 119 32 endast
1142 282 142 38 deltagit
1308 282 11 31 i
1344 279 296 33 kursverksamhet

133 332 79 32 eller
235 330 145 38 frivillig
403 330 251 37 arbetstjänst.»

177 424 50 33 De
247 423 231 38 sakkunnigas
500 420 385 37 kostnadsberäkningar
906 424 155 27 ävensom
1081 416 203 40 yttrandena
1306 416 140 32 däröver
1467 413 174 33 föranleda

135 474 367 41 departementschefen
515 473 53 32 till
584 472 150 38 följande
747 470 198 33 uttalanden
965 469 80 39 (sid.
1061 470 131 32 60—64
1207 468 12 31 i
1234 464 406 41 statsrådsprotokollet):

179 534 90 32 »Vid
294 531 435 38 kostnadsberäkningarna
754 530 44 32 ha
824 530 38 31 de
890 528 213 38 sakkunniga
1129 526 212 33 uteslutande
1368 525 90 38 tagit
1485 524 85 33 sikte
1596 523 45 38 på

135 577 39 32 de
193 576 154 39 utgifter,
369 587 70 21 som
460 575 177 32 förutsatts
659 573 189 32 förbundna
868 572 74 31 med
964 570 239 34 realiserandet
1224 582 41 20 av
1286 569 55 32 det
1362 567 192 38 framlagda
1574 566 67 32 för-

135 620 118 38 slaget.
283 619 160 31 Däremot
460 618 87 31 hava
565 616 129 38 Kungl.
714 615 118 38 Maj:ts
851 613 312 39 anslagsäskanden
1182 612 54 32 för
1254 611 159 39 åtgärder
1430 611 12 31 i
1461 609 183 33 allmänhet

134 662 54 32 till
211 661 277 32 arbetslöshetens
511 659 229 38 bekämpande
761 658 144 31 lämnats
931 655 193 34 obeaktade.
1159 653 274 40 Uppenbarligen
1458 653 104 31 måste
1584 651 58 31 vid

136 705 55 31 det
218 704 178 32 definitiva
423 701 344 38 ställningstagandet
792 712 44 20 nu
863 698 177 33 förordade
1068 696 256 40 hjälpåtgärder
1349 696 156 31 bedömas
1533 694 110 32 såsom

135 750 49 29 ett
200 746 53 32 led
270 746 12 31 i
299 745 224 32 strävandena
541 747 51 29 att
608 743 121 32 bereda
747 743 37 31 de
802 741 187 33 arbetslösa
1006 739 262 39 sysselsättning
1286 739 60 31 och
1363 736 189 40 uppehälle.
1573 735 70 38 Jag

136 801 98 20 anser
257 788 69 38 mig
351 788 11 31 i
388 788 93 31 detta
505 785 241 38 sammanhang
772 784 81 32 böra
877 784 112 32 erinra
1014 795 52 20 om
1090 782 67 32 vad
1181 782 59 37 jag
1265 781 146 37 tidigare
1442 778 110 40 (prop.
1579 778 64 31 234

137 832 62 32 sid.
220 832 40 31 33
282 830 61 40 ff.)
367 829 136 38 uttalat,
524 832 50 29 att
593 828 128 32 antalet
740 826 244 39 hjälpsökande
1005 825 185 33 arbetslösa
1209 824 101 38 jämte
1331 822 128 33 antalet
1479 832 163 28 personer,

137 885 69 21 som
229 873 128 31 komme
381 876 51 28 att
453 871 137 32 beredas
615 870 111 32 arbete
749 881 116 26 genom
887 872 83 29 utav
993 866 264 34 statsmakterna
1278 865 175 33 beslutade
1476 862 169 34 särskilda

137 916 159 38 åtgärder
320 915 54 31 för
399 914 279 32 arbetslöshetens
705 911 228 39 bekämpande
959 922 72 21 men
1058 909 94 32 vilka
1178 908 96 39 eljest
1300 907 110 33 skulle
1434 907 129 31 kunnat
1588 917 55 20 an-

138 958 89 33 mäla
251 958 52 38 sig
328 958 108 31 såsom
461 955 253 39 hjälpsökande,
738 957 151 29 närmast
913 953 80 32 böra
1017 953 12 31 i
1053 951 203 39 genomsnitt
1281 950 53 32 för
1358 952 98 29 nästa
1480 947 166 39 budgetår

137 1000 203 39 uppskattas
377 999 55 32 till
471 999 149 37 110,000,
660 997 103 32 därav
788 996 155 37 omkring
971 995 139 37 100,000
1138 994 179 31 förutsatts
1343 1003 84 21 vara
1453 986 191 47 hjälpbehö-

138 1043 117 32 vande.
289 1042 54 32 Av
367 1042 97 31 dessa
486 1041 87 31 hava
594 1041 12 30 i
629 1039 165 32 avrundat
818 1039 48 32 tal
890 1038 118 38 80,000
1033 1036 181 33 beräknats
1236 1035 112 32 kunna
1372 1033 128 33 erhålla
1523 1032 121 39 syssel-

138 1085 152 37 sättning
310 1084 106 38 enligt
437 1082 216 38 arbetslinjen
673 1082 59 31 och
754 1081 117 38 20,000
893 1080 135 31 bistånd
1050 1090 117 27 genom
1187 1075 333 35 kontantunderstöd.
1555 1074 90 38 Upp-

138 1128 241 31 märksammas
402 1126 60 31 bör
483 1125 125 38 vidare,
631 1127 52 29 att
703 1123 57 32 vid
781 1135 44 20 nu
847 1122 177 38 återgivna
1044 1120 187 38 beräkning
1255 1120 37 32 de
1314 1117 260 40 hjälpsökandes
1599 1116 45 32 ål-

140 1170 57 32 der
215 1169 73 32 icke
307 1169 105 37 tagits
435 1168 12 31 i
466 1166 230 39 betraktande,
719 1169 80 29 utan
820 1176 77 21 avse
920 1164 164 32 siffrorna
1106 1160 412 35 arbetslöshetsklientelet
1537 1160 12 31 i
1571 1159 74 32 dess

139 1213 122 31 helhet.

185 1254 51 32 De
263 1253 144 33 anförda
433 1251 272 39 beräkningarna
732 1250 44 32 ha
803 1262 42 20 av
873 1249 70 38 mig
972 1247 181 38 framlagts
1183 1247 73 31 med
1285 1246 46 32 all
1360 1244 203 33 reservation
1593 1243 55 32 för

139 1296 296 38 vanskligheterna
454 1298 51 28 att
522 1293 231 40 åvägabringa
773 1292 99 32 säkra
891 1290 217 39 hållpunkter
1130 1289 53 32 för
1202 1293 47 28 ett
1270 1281 376 49 förhandsbedömande.

141 1339 153 33 Glivetvis
316 1342 82 34 göra
421 1337 52 38 sig
496 1348 127 21 samma
644 1335 207 38 svårigheter
873 1333 73 32 med
970 1332 169 33 sannolikt
1161 1331 87 32 ökad
1271 1330 120 38 styrka
1414 1328 166 39 gällande,
1605 1327 43 32 då

142 1382 55 32 det
232 1381 64 32 blir
333 1381 101 37 fråga
469 1392 53 19 om
558 1382 51 29 att
645 1382 124 34 avgöra
793 1377 12 31 i
829 1376 114 32 vilken
967 1374 239 38 utsträckning
1230 1373 104 32 under
1360 1376 98 28 nästa
1484 1371 164 38 budgetår

141 1436 91 26 unga
259 1423 185 32 arbetslösa
469 1422 114 31 kunna
610 1421 133 31 komma
769 1423 50 29 att
845 1419 81 37 ingå
952 1418 101 32 bland
1082 1417 38 32 de
1147 1415 253 40 hjälpsökande.
1452 1414 112 32 Under
1592 1425 55 19 an-

141 1466 146 38 tagande
309 1469 50 28 att
381 1464 92 32 äldre
497 1463 184 32 arbetslösa
702 1463 11 31 i
735 1460 264 40 proportionsvis
1023 1463 104 29 större
1151 1458 205 37 omfattning
1378 1457 114 31 kunna
1515 1456 133 31 förvän-

142 1512 51 29 tas
216 1508 96 31 finna
333 1506 262 38 sysselsättning
616 1505 12 31 i
651 1504 61 32 den
734 1509 109 32 öppna
865 1502 215 37 marknaden,
1104 1500 110 32 skulle
1236 1499 304 37 åldersgrupperna
1563 1498 87 31 16—

142 1552 40 30 21
206 1552 39 31 år
265 1550 113 32 kunna
399 1548 164 32 beräknas
584 1551 123 34 utgöra
729 1546 153 37 omkring
905 1546 41 31 20
968 1546 21 31 4
1013 1556 41 20 av
1077 1543 159 37 samtliga
1259 1540 287 40 hjälpbehövande
1570 1539 80 32 eller

138 1594 16 30 i
176 1591 203 40 genomsnitt
403 1591 117 37 20,000
544 1600 165 28 personer.
744 1588 119 37 Enligt
887 1585 233 39 föreliggande
1143 1584 178 39 uppgifter
1344 1595 99 26 synes
1468 1594 75 20 man
1566 1581 82 31 kun-

142 1647 43 20 na
220 1633 264 39 approximativt
516 1632 185 38 uppskatta
739 1631 37 31 de
810 1629 107 38 enligt
952 1629 217 37 arbetslinjen
1203 1627 60 32 och
1284 1624 366 38 undervisningslinjen

142 1678 133 38 hjälpta
293 1675 328 38 16—21-åringarna
639 1674 61 32 den
719 1675 40 31 30
777 1672 175 33 november
971 1672 83 31 1933
1073 1671 53 31 till
1144 1669 153 38 omkring
1316 1669 107 38 6,800,
1441 1667 112 32 vilken
1572 1666 77 32 siff-

144 1733 37 19 ra
201 1720 83 32 dock
301 1719 73 32 icke
393 1718 190 38 obetydligt
600 1717 96 32 ökats
716 1716 57 32 vid
792 1715 103 32 slutet
912 1727 41 19 av
972 1725 87 20 mars
1081 1713 96 32 1934.
1220 1712 75 32 Med
1315 1711 62 32 den
1397 1723 42 19 av
1457 1710 68 37 mig
1545 1709 105 32 förut-

144 1766 91 29 satta
252 1761 246 38 utvidgningen
517 1772 41 20 av
576 1757 350 41 hjälpverksamheten
946 1756 53 32 till
1019 1759 51 29 att
1088 1767 79 20 avse
1188 1755 116 37 15,000
1323 1765 93 26 unga
1436 1751 182 33 arbetslösa
1639 1751 12 31 i

144 1804 235 39 regelmässigt
404 1803 38 32 de
468 1802 144 32 nämnda
637 1801 304 37 åldersgrupperna
966 1798 107 32 skulle
1098 1797 143 33 sålunda
1264 1796 105 32 under
1393 1799 97 28 nästa
1513 1789 138 47 budget-

148 1849 38 31 år
210 1860 40 20 en
275 1846 163 33 avsevärd
465 1846 52 31 del
542 1857 41 20 av
607 1842 429 40 ungdomsarbetslösheten
1060 1840 116 32 kunna
1202 1839 176 37 avhjälpas
1406 1838 44 38 på
1476 1837 107 38 någon
1610 1848 41 20 av

146 1890 96 31 dessa
259 1889 86 32 båda
362 1893 117 32 vägar.
508 1887 18 32 I
543 1887 111 37 övrigt
671 1886 51 31 stå
740 1885 38 31 de
794 1883 139 39 vanliga
951 1882 269 32 reservarbetena
1237 1880 53 33 till
1308 1879 211 38 förfogande,
1537 1889 114 21 varom

144 1931 126 38 jämväl
292 1927 495 35 arbetslöshetskommissionen
809 1926 137 31 erinrat.
979 1924 148 32 Behovet
1149 1935 41 20 av
1214 1921 321 33 kontantunderstöd
1559 1920 93 32 torde

146 1973 142 32 sålunda
307 1972 115 31 kunna
443 1972 172 30 förväntas
638 1969 110 32 starkt
767 1968 118 38 nedgå.

191 2015 50 32 De
268 2013 253 38 sammanlagda
547 2011 223 32 kostnaderna
797 2011 52 31 för
877 2009 38 33 de
942 2008 169 32 särskilda
1137 2006 202 38 åtgärderna
1365 2006 12 30 1
1405 2004 179 37 anledning
1611 2015 42 20 av

146 2055 428 40 ungdomsarbetslösheten
601 2054 44 32 ha
672 2065 41 20 av
740 2053 38 31 de
804 2051 215 37 sakkunniga
1045 2049 148 38 angivits
1220 2048 53 32 till
1300 2048 195 38 10,000,000
1521 2042 131 46 kronor.

148 2097 519 36 Arbetslöshetskommissionen,
696 2107 67 20 som
789 2094 139 32 beaktat
954 2093 126 37 jämväl
1109 2092 55 31 det
1191 2091 168 32 allmänna
1386 2089 267 38 hjälpprogram-

148 2145 82 29 mets
253 2140 211 38 möjligheter
484 2143 50 28 att
555 2138 176 38 tillgodose
754 2137 37 32 de
812 2148 91 26 unga
925 2135 193 37 arbetslösa,
1141 2134 62 31 har
1225 2144 134 20 numera
1380 2131 163 32 beräknat
1564 2130 89 32 kost-

148 2184 146 32 naderna
314 2183 53 31 till
389 2186 48 27 ett
456 2181 119 38 belopp
597 2180 157 37 liggande
776 2178 120 32 mellan
919 2178 195 36 10,000,000
1137 2176 60 31 och
1219 2175 173 37 3.000,000
1414 2174 130 31 kronor.

193 2225 68 32 Vid
299 2224 305 37 kostnadsfrågans
644 2221 200 32 bedömande
882 2220 105 31 måste
1015 2218 192 33 fasthållas,
1234 2217 64 31 vad
1325 2217 59 37 jag
1410 2227 81 26 nyss
1518 2215 135 37 erinrat,

149 2268 167 37 nämligen
338 2270 51 28 att
411 2266 38 31 de
471 2265 58 32 hos
552 2264 180 37 riksdagen
755 2263 52 31 för
827 2262 201 37 budgetåret
1051 2257 183 40 1934/19335
1260 2259 100 31 redan
1383 2258 124 31 äskade
1530 2257 123 31 arbets-

149 2308 287 37 löshetsanslagen
460 2307 179 31 beräknats
664 2307 42 36 på
731 2305 119 31 sådant
874 2307 78 33 sätt,
977 2306 51 28 att
1052 2301 159 37 samtliga
1235 2299 286 39 hjälpbehövande
1547 2298 108 31 skulle

149 2351 115 32 kunna
287 2350 204 38 bispringas.
528 2348 69 38 Jag
623 2348 61 30 har
708 2347 113 31 vidare
847 2346 173 36 förutsatt,
1047 2347 50 28 att
1123 2341 376 37 reservationsanslaget
1524 2340 52 31 till
1604 2351 50 20 ar-

149 2392 239 32 betslöshetens
410 2390 229 38 bekämpande
659 2389 105 36 enligt
783 2386 219 39 medgivande
1023 2398 41 19 av
1085 2384 179 37 riksdagen
1285 2383 107 32 skulle
1413 2383 112 31 kunna
1546 2382 109 36 dispo-

151 2447 96 19 neras
274 2434 125 38 jämväl
428 2433 53 31 för
508 2433 37 31 de
573 2431 169 32 särskilda
769 2429 202 38 åtgärderna
998 2428 11 31 i
1036 2426 181 37 anledning
1245 2438 40 19 av
1312 2423 342 39 ungdomsarbetslös-

151 2477 106 32 heten.
294 2475 113 32 Under
433 2475 95 31 dessa
554 2472 282 37 omständigheter
860 2471 182 39 begränsas
1069 2469 60 31 den
1155 2480 44 19 nu
1226 2467 231 38 föreliggande
1482 2466 173 31 kostnads-
