<?xml version="1.0" encoding="UTF-8"?>
<alto xmlns="http://www.loc.gov/standards/alto/ns-v3#" xmlns:xlink="http://www.w3.org/1999/xlink" xmlns:xsi="http://www.w3.org/2001/XMLSchema-instance" xsi:schemaLocation="http://www.loc.gov/standards/alto/ns-v3# http://www.loc.gov/alto/v3/alto-3-0.xsd">
	<Description>
		<MeasurementUnit>pixel</MeasurementUnit>
		<sourceImageInformation>
			<fileName>/tmp/tess_n5kc2231_input.PNG</fileName>
		</sourceImageInformation>
		<OCRProcessing ID="OCR_0">
			<ocrProcessingStep>
				<processingSoftware>
					<softwareName>tesseract 5.3.0</softwareName>
				</processingSoftware>
			</ocrProcessingStep>
		</OCRProcessing>
	</Description>
	<Layout>
		<Page WIDTH="1880" HEIGHT="2774" PHYSICAL_IMG_NR="0" ID="page_0">
			<PrintSpace HPOS="0" VPOS="0" WIDTH="1880" HEIGHT="2774">
				<ComposedBlock ID="cblock_0" HPOS="267" VPOS="176" WIDTH="1222" HEIGHT="126">
					<TextBlock ID="block_0" HPOS="267" VPOS="176" WIDTH="1222" HEIGHT="126">
						<TextLine ID="line_0" HPOS="267" VPOS="176" WIDTH="1222" HEIGHT="42">
							<String ID="string_0" HPOS="267" VPOS="176" WIDTH="39" HEIGHT="29" WC="0.96" CONTENT="24"/><SP WIDTH="244" VPOS="176" HPOS="306"/>
							<String ID="string_1" HPOS="550" VPOS="178" WIDTH="125" HEIGHT="29" WC="0.93" CONTENT="Första"/><SP WIDTH="23" VPOS="178" HPOS="675"/>
							<String ID="string_2" HPOS="698" VPOS="178" WIDTH="246" HEIGHT="40" WC="0.91" CONTENT="lagutskottets"/><SP WIDTH="23" VPOS="178" HPOS="944"/>
							<String ID="string_3" HPOS="967" VPOS="181" WIDTH="178" HEIGHT="30" WC="0.96" CONTENT="utlåtande"/><SP WIDTH="22" VPOS="181" HPOS="1145"/>
							<String ID="string_4" HPOS="1167" VPOS="191" WIDTH="43" HEIGHT="20" WC="0.93" CONTENT="nr"/><SP WIDTH="20" VPOS="191" HPOS="1210"/>
							<String ID="string_5" HPOS="1230" VPOS="183" WIDTH="27" HEIGHT="28" WC="0.93" CONTENT="B"/><SP WIDTH="24" VPOS="183" HPOS="1257"/>
							<String ID="string_6" HPOS="1281" VPOS="183" WIDTH="40" HEIGHT="29" WC="0.95" CONTENT="14"/><SP WIDTH="21" VPOS="183" HPOS="1321"/>
							<String ID="string_7" HPOS="1342" VPOS="183" WIDTH="40" HEIGHT="29" WC="0.95" CONTENT="år"/><SP WIDTH="23" VPOS="183" HPOS="1382"/>
							<String ID="string_8" HPOS="1405" VPOS="183" WIDTH="84" HEIGHT="30" WC="0.95" CONTENT="1958"/>
						</TextLine>
						<TextLine ID="line_1" HPOS="973" VPOS="265" WIDTH="93" HEIGHT="37">
							<String ID="string_9" HPOS="973" VPOS="265" WIDTH="37" HEIGHT="30" WC="0.95" CONTENT="11"/><SP WIDTH="27" VPOS="265" HPOS="1010"/>
							<String ID="string_10" HPOS="1037" VPOS="265" WIDTH="29" HEIGHT="37" WC="0.92" CONTENT="8."/>
						</TextLine>
					</TextBlock>
				</ComposedBlock>
				<ComposedBlock ID="cblock_1" HPOS="267" VPOS="326" WIDTH="1502" HEIGHT="551">
					<TextBlock ID="block_1" HPOS="270" VPOS="326" WIDTH="1499" HEIGHT="97">
						<TextLine ID="line_2" HPOS="315" VPOS="326" WIDTH="1454" HEIGHT="55">
							<String ID="string_11" HPOS="315" VPOS="326" WIDTH="415" HEIGHT="41" WC="0.91" CONTENT="Boutredningsmannen"/><SP WIDTH="20" VPOS="326" HPOS="730"/>
							<String ID="string_12" HPOS="750" VPOS="329" WIDTH="65" HEIGHT="30" WC="0.96" CONTENT="har"/><SP WIDTH="22" VPOS="329" HPOS="815"/>
							<String ID="string_13" HPOS="837" VPOS="332" WIDTH="60" HEIGHT="33" WC="0.96" CONTENT="att,"/><SP WIDTH="24" VPOS="332" HPOS="897"/>
							<String ID="string_14" HPOS="921" VPOS="332" WIDTH="79" HEIGHT="29" WC="0.96" CONTENT="med"/><SP WIDTH="21" VPOS="332" HPOS="1000"/>
							<String ID="string_15" HPOS="1021" VPOS="332" WIDTH="225" HEIGHT="40" WC="0.96" CONTENT="iakttagande"/><SP WIDTH="23" VPOS="332" HPOS="1246"/>
							<String ID="string_16" HPOS="1269" VPOS="343" WIDTH="43" HEIGHT="20" WC="0.96" CONTENT="av"/><SP WIDTH="20" VPOS="343" HPOS="1312"/>
							<String ID="string_17" HPOS="1332" VPOS="335" WIDTH="67" HEIGHT="29" WC="0.96" CONTENT="vad"/><SP WIDTH="23" VPOS="335" HPOS="1399"/>
							<String ID="string_18" HPOS="1422" VPOS="335" WIDTH="114" HEIGHT="29" WC="0.95" CONTENT="nedan"/><SP WIDTH="23" VPOS="335" HPOS="1536"/>
							<String ID="string_19" HPOS="1559" VPOS="337" WIDTH="38" HEIGHT="29" WC="0.96" CONTENT="är"/><SP WIDTH="24" VPOS="337" HPOS="1597"/>
							<String ID="string_20" HPOS="1621" VPOS="333" WIDTH="148" HEIGHT="48" WC="0.96" CONTENT="stadgat,"/>
						</TextLine>
						<TextLine ID="line_3" HPOS="270" VPOS="376" WIDTH="1091" HEIGHT="47">
							<String ID="string_21" HPOS="270" VPOS="376" WIDTH="159" HEIGHT="40" WC="0.92" CONTENT="företaga"/><SP WIDTH="21" VPOS="376" HPOS="429"/>
							<String ID="string_22" HPOS="450" VPOS="378" WIDTH="66" HEIGHT="30" WC="0.96" CONTENT="alla"/><SP WIDTH="21" VPOS="378" HPOS="516"/>
							<String ID="string_23" HPOS="537" VPOS="378" WIDTH="56" HEIGHT="30" WC="0.96" CONTENT="för"/><SP WIDTH="20" VPOS="378" HPOS="593"/>
							<String ID="string_24" HPOS="613" VPOS="379" WIDTH="97" HEIGHT="31" WC="0.96" CONTENT="boets"/><SP WIDTH="22" VPOS="379" HPOS="710"/>
							<String ID="string_25" HPOS="732" VPOS="380" WIDTH="189" HEIGHT="41" WC="0.96" CONTENT="utredning"/><SP WIDTH="20" VPOS="380" HPOS="921"/>
							<String ID="string_26" HPOS="941" VPOS="382" WIDTH="228" HEIGHT="40" WC="0.96" CONTENT="erforderliga"/><SP WIDTH="21" VPOS="382" HPOS="1169"/>
							<String ID="string_27" HPOS="1190" VPOS="383" WIDTH="171" HEIGHT="40" WC="0.95" CONTENT="åtgärder."/>
						</TextLine>
					</TextBlock>
					<TextBlock ID="block_2" HPOS="267" VPOS="427" WIDTH="1502" HEIGHT="193">
						<TextLine ID="line_4" HPOS="314" VPOS="427" WIDTH="1454" HEIGHT="50">
							<String ID="string_28" HPOS="314" VPOS="427" WIDTH="133" HEIGHT="30" WC="0.92" CONTENT="Finnas"/><SP WIDTH="26" VPOS="427" HPOS="447"/>
							<String ID="string_29" HPOS="473" VPOS="428" WIDTH="232" HEIGHT="41" WC="0.96" CONTENT="tillgångarna"/><SP WIDTH="24" VPOS="428" HPOS="705"/>
							<String ID="string_30" HPOS="729" VPOS="430" WIDTH="31" HEIGHT="40" WC="0.93" CONTENT="ej"/><SP WIDTH="28" VPOS="430" HPOS="760"/>
							<String ID="string_31" HPOS="788" VPOS="431" WIDTH="111" HEIGHT="30" WC="0.92" CONTENT="förslå"/><SP WIDTH="25" VPOS="431" HPOS="899"/>
							<String ID="string_32" HPOS="924" VPOS="432" WIDTH="52" HEIGHT="29" WC="0.92" CONTENT="till"/><SP WIDTH="26" VPOS="432" HPOS="976"/>
							<String ID="string_33" HPOS="1002" VPOS="433" WIDTH="142" HEIGHT="39" WC="0.91" CONTENT="gäldens"/><SP WIDTH="25" VPOS="433" HPOS="1144"/>
							<String ID="string_34" HPOS="1169" VPOS="434" WIDTH="189" HEIGHT="40" WC="0.96" CONTENT="betalning,"/><SP WIDTH="28" VPOS="434" HPOS="1358"/>
							<String ID="string_35" HPOS="1386" VPOS="435" WIDTH="89" HEIGHT="30" WC="0.93" CONTENT="skall"/><SP WIDTH="25" VPOS="435" HPOS="1475"/>
							<String ID="string_36" HPOS="1500" VPOS="436" WIDTH="268" HEIGHT="41" WC="0.91" CONTENT="boutrednings-"/>
						</TextLine>
						<TextLine ID="line_5" HPOS="268" VPOS="479" WIDTH="1500" HEIGHT="46">
							<String ID="string_37" HPOS="268" VPOS="485" WIDTH="155" HEIGHT="22" WC="0.96" CONTENT="mannen"/><SP WIDTH="26" VPOS="485" HPOS="423"/>
							<String ID="string_38" HPOS="449" VPOS="479" WIDTH="84" HEIGHT="30" WC="0.96" CONTENT="söka"/><SP WIDTH="26" VPOS="479" HPOS="533"/>
							<String ID="string_39" HPOS="559" VPOS="480" WIDTH="110" HEIGHT="30" WC="0.96" CONTENT="träffa"/><SP WIDTH="26" VPOS="480" HPOS="669"/>
							<String ID="string_40" HPOS="695" VPOS="482" WIDTH="206" HEIGHT="38" WC="0.96" CONTENT="uppgörelse"/><SP WIDTH="27" VPOS="482" HPOS="901"/>
							<String ID="string_41" HPOS="928" VPOS="483" WIDTH="78" HEIGHT="30" WC="0.93" CONTENT="med"/><SP WIDTH="27" VPOS="483" HPOS="1006"/>
							<String ID="string_42" HPOS="1033" VPOS="483" WIDTH="257" HEIGHT="40" WC="0.91" CONTENT="borgenärerna"/><SP WIDTH="27" VPOS="483" HPOS="1290"/>
							<String ID="string_43" HPOS="1317" VPOS="486" WIDTH="178" HEIGHT="39" WC="0.96" CONTENT="angående"/><SP WIDTH="27" VPOS="486" HPOS="1495"/>
							<String ID="string_44" HPOS="1522" VPOS="487" WIDTH="101" HEIGHT="30" WC="0.92" CONTENT="deras"/><SP WIDTH="27" VPOS="487" HPOS="1623"/>
							<String ID="string_45" HPOS="1650" VPOS="488" WIDTH="118" HEIGHT="30" WC="0.92" CONTENT="förnö-"/>
						</TextLine>
						<TextLine ID="line_6" HPOS="267" VPOS="527" WIDTH="1502" HEIGHT="48">
							<String ID="string_46" HPOS="267" VPOS="527" WIDTH="119" HEIGHT="39" WC="0.90" CONTENT="jande."/><SP WIDTH="26" VPOS="527" HPOS="386"/>
							<String ID="string_47" HPOS="412" VPOS="529" WIDTH="76" HEIGHT="28" WC="0.96" CONTENT="Kan"/><SP WIDTH="23" VPOS="529" HPOS="488"/>
							<String ID="string_48" HPOS="511" VPOS="530" WIDTH="205" HEIGHT="39" WC="0.95" CONTENT="uppgörelse"/><SP WIDTH="25" VPOS="530" HPOS="716"/>
							<String ID="string_49" HPOS="741" VPOS="531" WIDTH="29" HEIGHT="39" WC="0.93" CONTENT="ej"/><SP WIDTH="27" VPOS="531" HPOS="770"/>
							<String ID="string_50" HPOS="797" VPOS="531" WIDTH="102" HEIGHT="30" WC="0.93" CONTENT="ernås"/><SP WIDTH="25" VPOS="531" HPOS="899"/>
							<String ID="string_51" HPOS="924" VPOS="533" WIDTH="64" HEIGHT="29" WC="0.96" CONTENT="och"/><SP WIDTH="25" VPOS="533" HPOS="988"/>
							<String ID="string_52" HPOS="1013" VPOS="533" WIDTH="85" HEIGHT="39" WC="0.96" CONTENT="fylla"/><SP WIDTH="25" VPOS="533" HPOS="1098"/>
							<String ID="string_53" HPOS="1123" VPOS="535" WIDTH="186" HEIGHT="38" WC="0.96" CONTENT="delägarna"/><SP WIDTH="26" VPOS="535" HPOS="1309"/>
							<String ID="string_54" HPOS="1335" VPOS="536" WIDTH="30" HEIGHT="39" WC="0.96" CONTENT="ej"/><SP WIDTH="26" VPOS="536" HPOS="1365"/>
							<String ID="string_55" HPOS="1391" VPOS="536" WIDTH="143" HEIGHT="36" WC="0.96" CONTENT="bristen,"/><SP WIDTH="26" VPOS="536" HPOS="1534"/>
							<String ID="string_56" HPOS="1560" VPOS="537" WIDTH="88" HEIGHT="30" WC="0.96" CONTENT="skall"/><SP WIDTH="25" VPOS="537" HPOS="1648"/>
							<String ID="string_57" HPOS="1673" VPOS="538" WIDTH="96" HEIGHT="30" WC="0.96" CONTENT="boets"/>
						</TextLine>
						<TextLine ID="line_7" HPOS="269" VPOS="578" WIDTH="1104" HEIGHT="42">
							<String ID="string_58" HPOS="269" VPOS="578" WIDTH="170" HEIGHT="39" WC="0.96" CONTENT="egendom"/><SP WIDTH="21" VPOS="578" HPOS="439"/>
							<String ID="string_59" HPOS="460" VPOS="588" WIDTH="41" HEIGHT="20" WC="0.93" CONTENT="av"/><SP WIDTH="18" VPOS="588" HPOS="501"/>
							<String ID="string_60" HPOS="519" VPOS="580" WIDTH="409" HEIGHT="40" WC="0.91" CONTENT="boutredningsmannen"/><SP WIDTH="21" VPOS="580" HPOS="928"/>
							<String ID="string_61" HPOS="949" VPOS="584" WIDTH="161" HEIGHT="29" WC="0.91" CONTENT="avträdas"/><SP WIDTH="21" VPOS="584" HPOS="1110"/>
							<String ID="string_62" HPOS="1131" VPOS="585" WIDTH="52" HEIGHT="29" WC="0.96" CONTENT="till"/><SP WIDTH="21" VPOS="585" HPOS="1183"/>
							<String ID="string_63" HPOS="1204" VPOS="585" WIDTH="169" HEIGHT="30" WC="0.96" CONTENT="konkurs."/>
						</TextLine>
					</TextBlock>
					<TextBlock ID="block_3" HPOS="268" VPOS="628" WIDTH="1500" HEIGHT="249">
						<TextLine ID="line_8" HPOS="313" VPOS="628" WIDTH="1455" HEIGHT="49">
							<String ID="string_64" HPOS="313" VPOS="629" WIDTH="14" HEIGHT="29" WC="0.96" CONTENT="I"/><SP WIDTH="18" VPOS="629" HPOS="327"/>
							<String ID="string_65" HPOS="345" VPOS="628" WIDTH="101" HEIGHT="40" WC="0.96" CONTENT="fråga"/><SP WIDTH="16" VPOS="628" HPOS="446"/>
							<String ID="string_66" HPOS="462" VPOS="638" WIDTH="57" HEIGHT="21" WC="0.96" CONTENT="om"/><SP WIDTH="17" VPOS="638" HPOS="519"/>
							<String ID="string_67" HPOS="536" VPOS="631" WIDTH="301" HEIGHT="40" WC="0.95" CONTENT="rättshandlingar"/><SP WIDTH="19" VPOS="631" HPOS="837"/>
							<String ID="string_68" HPOS="856" VPOS="642" WIDTH="75" HEIGHT="21" WC="0.95" CONTENT="som"/><SP WIDTH="16" VPOS="642" HPOS="931"/>
							<String ID="string_69" HPOS="947" VPOS="633" WIDTH="11" HEIGHT="29" WC="0.95" CONTENT="i"/><SP WIDTH="19" VPOS="633" HPOS="958"/>
							<String ID="string_70" HPOS="977" VPOS="635" WIDTH="166" HEIGHT="29" WC="0.96" CONTENT="avsevärd"/><SP WIDTH="19" VPOS="635" HPOS="1143"/>
							<String ID="string_71" HPOS="1162" VPOS="635" WIDTH="81" HEIGHT="30" WC="0.96" CONTENT="mån"/><SP WIDTH="18" VPOS="635" HPOS="1243"/>
							<String ID="string_72" HPOS="1261" VPOS="636" WIDTH="145" HEIGHT="30" WC="0.95" CONTENT="inverka"/><SP WIDTH="19" VPOS="636" HPOS="1406"/>
							<String ID="string_73" HPOS="1425" VPOS="637" WIDTH="44" HEIGHT="39" WC="0.92" CONTENT="på"/><SP WIDTH="18" VPOS="637" HPOS="1469"/>
							<String ID="string_74" HPOS="1487" VPOS="637" WIDTH="206" HEIGHT="40" WC="0.91" CONTENT="delägarnas"/><SP WIDTH="19" VPOS="637" HPOS="1693"/>
							<String ID="string_75" HPOS="1712" VPOS="639" WIDTH="56" HEIGHT="30" WC="0.92" CONTENT="be-"/>
						</TextLine>
						<TextLine ID="line_9" HPOS="268" VPOS="678" WIDTH="1500" HEIGHT="50">
							<String ID="string_76" HPOS="268" VPOS="678" WIDTH="161" HEIGHT="41" WC="0.96" CONTENT="hållning"/><SP WIDTH="17" VPOS="678" HPOS="429"/>
							<String ID="string_77" HPOS="446" VPOS="679" WIDTH="11" HEIGHT="29" WC="0.96" CONTENT="i"/><SP WIDTH="17" VPOS="679" HPOS="457"/>
							<String ID="string_78" HPOS="474" VPOS="680" WIDTH="78" HEIGHT="30" WC="0.96" CONTENT="boet"/><SP WIDTH="18" VPOS="680" HPOS="552"/>
							<String ID="string_79" HPOS="570" VPOS="684" WIDTH="91" HEIGHT="27" WC="0.96" CONTENT="samt"/><SP WIDTH="18" VPOS="684" HPOS="661"/>
							<String ID="string_80" HPOS="679" VPOS="682" WIDTH="222" HEIGHT="31" WC="0.96" CONTENT="beträffande"/><SP WIDTH="19" VPOS="682" HPOS="901"/>
							<String ID="string_81" HPOS="920" VPOS="684" WIDTH="110" HEIGHT="30" WC="0.96" CONTENT="andra"/><SP WIDTH="19" VPOS="684" HPOS="1030"/>
							<String ID="string_82" HPOS="1049" VPOS="685" WIDTH="289" HEIGHT="40" WC="0.96" CONTENT="angelägenheter"/><SP WIDTH="18" VPOS="685" HPOS="1338"/>
							<String ID="string_83" HPOS="1356" VPOS="696" WIDTH="43" HEIGHT="20" WC="0.96" CONTENT="av"/><SP WIDTH="17" VPOS="696" HPOS="1399"/>
							<String ID="string_84" HPOS="1416" VPOS="687" WIDTH="85" HEIGHT="34" WC="0.96" CONTENT="vikt,"/><SP WIDTH="20" VPOS="687" HPOS="1501"/>
							<String ID="string_85" HPOS="1521" VPOS="687" WIDTH="117" HEIGHT="31" WC="0.93" CONTENT="såsom"/><SP WIDTH="18" VPOS="687" HPOS="1638"/>
							<String ID="string_86" HPOS="1656" VPOS="691" WIDTH="112" HEIGHT="37" WC="0.92" CONTENT="avytt-"/>
						</TextLine>
						<TextLine ID="line_10" HPOS="268" VPOS="728" WIDTH="1500" HEIGHT="49">
							<String ID="string_87" HPOS="268" VPOS="728" WIDTH="79" HEIGHT="40" WC="0.95" CONTENT="ring"/><SP WIDTH="24" VPOS="728" HPOS="347"/>
							<String ID="string_88" HPOS="371" VPOS="738" WIDTH="43" HEIGHT="20" WC="0.96" CONTENT="av"/><SP WIDTH="23" VPOS="738" HPOS="414"/>
							<String ID="string_89" HPOS="437" VPOS="730" WIDTH="168" HEIGHT="39" WC="0.96" CONTENT="egendom"/><SP WIDTH="26" VPOS="730" HPOS="605"/>
							<String ID="string_90" HPOS="631" VPOS="741" WIDTH="74" HEIGHT="20" WC="0.96" CONTENT="som"/><SP WIDTH="25" VPOS="741" HPOS="705"/>
							<String ID="string_91" HPOS="730" VPOS="732" WIDTH="63" HEIGHT="30" WC="0.96" CONTENT="har"/><SP WIDTH="26" VPOS="732" HPOS="793"/>
							<String ID="string_92" HPOS="819" VPOS="734" WIDTH="143" HEIGHT="30" WC="0.96" CONTENT="särskilt"/><SP WIDTH="25" VPOS="734" HPOS="962"/>
							<String ID="string_93" HPOS="987" VPOS="735" WIDTH="104" HEIGHT="29" WC="0.97" CONTENT="värde"/><SP WIDTH="25" VPOS="735" HPOS="1091"/>
							<String ID="string_94" HPOS="1116" VPOS="735" WIDTH="54" HEIGHT="30" WC="0.96" CONTENT="för"/><SP WIDTH="25" VPOS="735" HPOS="1170"/>
							<String ID="string_95" HPOS="1195" VPOS="736" WIDTH="198" HEIGHT="39" WC="0.95" CONTENT="delägarna,"/><SP WIDTH="26" VPOS="736" HPOS="1393"/>
							<String ID="string_96" HPOS="1419" VPOS="738" WIDTH="203" HEIGHT="39" WC="0.96" CONTENT="avveckling"/><SP WIDTH="26" VPOS="738" HPOS="1622"/>
							<String ID="string_97" HPOS="1648" VPOS="748" WIDTH="42" HEIGHT="20" WC="0.93" CONTENT="av"/><SP WIDTH="25" VPOS="748" HPOS="1690"/>
							<String ID="string_98" HPOS="1715" VPOS="741" WIDTH="53" HEIGHT="28" WC="0.92" CONTENT="rö-"/>
						</TextLine>
						<TextLine ID="line_11" HPOS="268" VPOS="779" WIDTH="1500" HEIGHT="47">
							<String ID="string_99" HPOS="268" VPOS="779" WIDTH="89" HEIGHT="30" WC="0.91" CONTENT="relse"/><SP WIDTH="20" VPOS="779" HPOS="357"/>
							<String ID="string_100" HPOS="377" VPOS="788" WIDTH="76" HEIGHT="21" WC="0.96" CONTENT="som"/><SP WIDTH="18" VPOS="788" HPOS="453"/>
							<String ID="string_101" HPOS="471" VPOS="781" WIDTH="67" HEIGHT="29" WC="0.96" CONTENT="den"/><SP WIDTH="18" VPOS="781" HPOS="538"/>
							<String ID="string_102" HPOS="556" VPOS="782" WIDTH="88" HEIGHT="31" WC="0.93" CONTENT="döde"/><SP WIDTH="20" VPOS="782" HPOS="644"/>
							<String ID="string_103" HPOS="664" VPOS="782" WIDTH="97" HEIGHT="31" WC="0.92" CONTENT="idkat"/><SP WIDTH="18" VPOS="782" HPOS="761"/>
							<String ID="string_104" HPOS="779" VPOS="783" WIDTH="84" HEIGHT="30" WC="0.96" CONTENT="eller"/><SP WIDTH="19" VPOS="783" HPOS="863"/>
							<String ID="string_105" HPOS="882" VPOS="785" WIDTH="207" HEIGHT="39" WC="0.96" CONTENT="uppgörelse"/><SP WIDTH="19" VPOS="785" HPOS="1089"/>
							<String ID="string_106" HPOS="1108" VPOS="786" WIDTH="79" HEIGHT="29" WC="0.92" CONTENT="med"/><SP WIDTH="20" VPOS="786" HPOS="1187"/>
							<String ID="string_107" HPOS="1207" VPOS="786" WIDTH="267" HEIGHT="40" WC="0.92" CONTENT="borgenärerna,"/><SP WIDTH="22" VPOS="786" HPOS="1474"/>
							<String ID="string_108" HPOS="1496" VPOS="788" WIDTH="89" HEIGHT="30" WC="0.93" CONTENT="skall"/><SP WIDTH="20" VPOS="788" HPOS="1585"/>
							<String ID="string_109" HPOS="1605" VPOS="789" WIDTH="163" HEIGHT="31" WC="0.92" CONTENT="boutred-"/>
						</TextLine>
						<TextLine ID="line_12" HPOS="268" VPOS="829" WIDTH="1345" HEIGHT="48">
							<String ID="string_110" HPOS="268" VPOS="829" WIDTH="259" HEIGHT="39" WC="0.92" CONTENT="ningsmannen"/><SP WIDTH="17" VPOS="829" HPOS="527"/>
							<String ID="string_111" HPOS="544" VPOS="832" WIDTH="159" HEIGHT="29" WC="0.93" CONTENT="inhämta"/><SP WIDTH="17" VPOS="832" HPOS="703"/>
							<String ID="string_112" HPOS="720" VPOS="833" WIDTH="205" HEIGHT="39" WC="0.92" CONTENT="delägarnas"/><SP WIDTH="16" VPOS="833" HPOS="925"/>
							<String ID="string_113" HPOS="941" VPOS="835" WIDTH="150" HEIGHT="39" WC="0.96" CONTENT="mening,"/><SP WIDTH="17" VPOS="835" HPOS="1091"/>
							<String ID="string_114" HPOS="1108" VPOS="845" WIDTH="55" HEIGHT="20" WC="0.96" CONTENT="om"/><SP WIDTH="18" VPOS="845" HPOS="1163"/>
							<String ID="string_115" HPOS="1181" VPOS="836" WIDTH="56" HEIGHT="30" WC="0.96" CONTENT="det"/><SP WIDTH="15" VPOS="836" HPOS="1237"/>
							<String ID="string_116" HPOS="1252" VPOS="837" WIDTH="189" HEIGHT="40" WC="0.96" CONTENT="lämpligen"/><SP WIDTH="15" VPOS="837" HPOS="1441"/>
							<String ID="string_117" HPOS="1456" VPOS="838" WIDTH="70" HEIGHT="29" WC="0.96" CONTENT="kan"/><SP WIDTH="16" VPOS="838" HPOS="1526"/>
							<String ID="string_118" HPOS="1542" VPOS="839" WIDTH="71" HEIGHT="30" WC="0.96" CONTENT="ske."/>
						</TextLine>
					</TextBlock>
				</ComposedBlock>
				<ComposedBlock ID="cblock_2" HPOS="269" VPOS="927" WIDTH="1499" HEIGHT="138">
					<TextBlock ID="block_4" HPOS="269" VPOS="927" WIDTH="1499" HEIGHT="138">
						<TextLine ID="line_13" HPOS="970" VPOS="927" WIDTH="92" HEIGHT="38">
							<String ID="string_119" HPOS="970" VPOS="928" WIDTH="39" HEIGHT="30" WC="0.90" CONTENT="12"/><SP WIDTH="25" VPOS="928" HPOS="1009"/>
							<String ID="string_120" HPOS="1034" VPOS="927" WIDTH="28" HEIGHT="38" WC="0.84" CONTENT="8."/>
						</TextLine>
						<TextLine ID="line_14" HPOS="312" VPOS="980" WIDTH="1456" HEIGHT="48">
							<String ID="string_121" HPOS="312" VPOS="980" WIDTH="416" HEIGHT="41" WC="0.92" CONTENT="Boutredningsmannen"/><SP WIDTH="23" VPOS="980" HPOS="728"/>
							<String ID="string_122" HPOS="751" VPOS="983" WIDTH="195" HEIGHT="31" WC="0.96" CONTENT="företräder"/><SP WIDTH="23" VPOS="983" HPOS="946"/>
							<String ID="string_123" HPOS="969" VPOS="985" WIDTH="167" HEIGHT="31" WC="0.96" CONTENT="dödsboet"/><SP WIDTH="24" VPOS="985" HPOS="1136"/>
							<String ID="string_124" HPOS="1160" VPOS="988" WIDTH="72" HEIGHT="28" WC="0.96" CONTENT="mot"/><SP WIDTH="23" VPOS="988" HPOS="1232"/>
							<String ID="string_125" HPOS="1255" VPOS="987" WIDTH="112" HEIGHT="40" WC="0.96" CONTENT="tredje"/><SP WIDTH="25" VPOS="987" HPOS="1367"/>
							<String ID="string_126" HPOS="1392" VPOS="997" WIDTH="82" HEIGHT="20" WC="0.96" CONTENT="man"/><SP WIDTH="25" VPOS="997" HPOS="1474"/>
							<String ID="string_127" HPOS="1499" VPOS="992" WIDTH="90" HEIGHT="27" WC="0.96" CONTENT="samt"/><SP WIDTH="24" VPOS="992" HPOS="1589"/>
							<String ID="string_128" HPOS="1613" VPOS="991" WIDTH="80" HEIGHT="37" WC="0.95" CONTENT="äger"/><SP WIDTH="24" VPOS="991" HPOS="1693"/>
							<String ID="string_129" HPOS="1717" VPOS="992" WIDTH="51" HEIGHT="27" WC="0.95" CONTENT="att"/>
						</TextLine>
						<TextLine ID="line_15" HPOS="269" VPOS="1030" WIDTH="693" HEIGHT="35">
							<String ID="string_130" HPOS="269" VPOS="1030" WIDTH="70" HEIGHT="29" WC="0.96" CONTENT="tala"/><SP WIDTH="20" VPOS="1030" HPOS="339"/>
							<String ID="string_131" HPOS="359" VPOS="1030" WIDTH="65" HEIGHT="30" WC="0.96" CONTENT="och"/><SP WIDTH="20" VPOS="1030" HPOS="424"/>
							<String ID="string_132" HPOS="444" VPOS="1040" WIDTH="100" HEIGHT="23" WC="0.96" CONTENT="svara"/><SP WIDTH="18" VPOS="1040" HPOS="544"/>
							<String ID="string_133" HPOS="562" VPOS="1032" WIDTH="11" HEIGHT="29" WC="0.96" CONTENT="i"/><SP WIDTH="18" VPOS="1032" HPOS="573"/>
							<String ID="string_134" HPOS="591" VPOS="1032" WIDTH="71" HEIGHT="30" WC="0.96" CONTENT="mål"/><SP WIDTH="20" VPOS="1032" HPOS="662"/>
							<String ID="string_135" HPOS="682" VPOS="1042" WIDTH="75" HEIGHT="21" WC="0.96" CONTENT="som"/><SP WIDTH="18" VPOS="1042" HPOS="757"/>
							<String ID="string_136" HPOS="775" VPOS="1035" WIDTH="81" HEIGHT="29" WC="0.96" CONTENT="röra"/><SP WIDTH="17" VPOS="1035" HPOS="856"/>
							<String ID="string_137" HPOS="873" VPOS="1035" WIDTH="89" HEIGHT="30" WC="0.96" CONTENT="boet."/>
						</TextLine>
					</TextBlock>
				</ComposedBlock>
				<ComposedBlock ID="cblock_3" HPOS="265" VPOS="1128" WIDTH="1505" HEIGHT="501">
					<TextBlock ID="block_5" HPOS="971" VPOS="1128" WIDTH="92" HEIGHT="37">
						<TextLine ID="line_16" HPOS="971" VPOS="1128" WIDTH="92" HEIGHT="37">
							<String ID="string_138" HPOS="971" VPOS="1128" WIDTH="38" HEIGHT="30" WC="0.94" CONTENT="13"/><SP WIDTH="26" VPOS="1128" HPOS="1009"/>
							<String ID="string_139" HPOS="1035" VPOS="1128" WIDTH="28" HEIGHT="37" WC="0.63" CONTENT="8."/>
						</TextLine>
					</TextBlock>
					<TextBlock ID="block_6" HPOS="267" VPOS="1180" WIDTH="1503" HEIGHT="244">
						<TextLine ID="line_17" HPOS="311" VPOS="1180" WIDTH="1455" HEIGHT="46">
							<String ID="string_140" HPOS="311" VPOS="1180" WIDTH="85" HEIGHT="30" WC="0.96" CONTENT="Fast"/><SP WIDTH="17" VPOS="1180" HPOS="396"/>
							<String ID="string_141" HPOS="413" VPOS="1181" WIDTH="168" HEIGHT="39" WC="0.94" CONTENT="egendom"/><SP WIDTH="17" VPOS="1181" HPOS="581"/>
							<String ID="string_142" HPOS="598" VPOS="1182" WIDTH="85" HEIGHT="30" WC="0.94" CONTENT="eller"/><SP WIDTH="16" VPOS="1182" HPOS="683"/>
							<String ID="string_143" HPOS="699" VPOS="1185" WIDTH="160" HEIGHT="29" WC="0.96" CONTENT="tomträtt"/><SP WIDTH="18" VPOS="1185" HPOS="859"/>
							<String ID="string_144" HPOS="877" VPOS="1184" WIDTH="58" HEIGHT="30" WC="0.96" CONTENT="må"/><SP WIDTH="17" VPOS="1184" HPOS="935"/>
							<String ID="string_145" HPOS="952" VPOS="1185" WIDTH="31" HEIGHT="39" WC="0.96" CONTENT="ej"/><SP WIDTH="20" VPOS="1185" HPOS="983"/>
							<String ID="string_146" HPOS="1003" VPOS="1195" WIDTH="43" HEIGHT="20" WC="0.93" CONTENT="av"/><SP WIDTH="17" VPOS="1195" HPOS="1046"/>
							<String ID="string_147" HPOS="1063" VPOS="1185" WIDTH="409" HEIGHT="41" WC="0.92" CONTENT="boutredningsmannen"/><SP WIDTH="17" VPOS="1185" HPOS="1472"/>
							<String ID="string_148" HPOS="1489" VPOS="1189" WIDTH="173" HEIGHT="29" WC="0.96" CONTENT="överlåtas"/><SP WIDTH="19" VPOS="1189" HPOS="1662"/>
							<String ID="string_149" HPOS="1681" VPOS="1191" WIDTH="85" HEIGHT="28" WC="0.96" CONTENT="utan"/>
						</TextLine>
						<TextLine ID="line_18" HPOS="267" VPOS="1230" WIDTH="1500" HEIGHT="48">
							<String ID="string_150" HPOS="267" VPOS="1232" WIDTH="52" HEIGHT="28" WC="0.96" CONTENT="att"/><SP WIDTH="19" VPOS="1232" HPOS="319"/>
							<String ID="string_151" HPOS="338" VPOS="1230" WIDTH="189" HEIGHT="40" WC="0.96" CONTENT="delägarna"/><SP WIDTH="19" VPOS="1230" HPOS="527"/>
							<String ID="string_152" HPOS="546" VPOS="1232" WIDTH="200" HEIGHT="40" WC="0.96" CONTENT="skriftligen"/><SP WIDTH="19" VPOS="1232" HPOS="746"/>
							<String ID="string_153" HPOS="765" VPOS="1234" WIDTH="78" HEIGHT="30" WC="0.97" CONTENT="med"/><SP WIDTH="20" VPOS="1234" HPOS="843"/>
							<String ID="string_154" HPOS="863" VPOS="1235" WIDTH="59" HEIGHT="29" WC="0.96" CONTENT="två"/><SP WIDTH="18" VPOS="1235" HPOS="922"/>
							<String ID="string_155" HPOS="940" VPOS="1235" WIDTH="135" HEIGHT="30" WC="0.96" CONTENT="vittnen"/><SP WIDTH="20" VPOS="1235" HPOS="1075"/>
							<String ID="string_156" HPOS="1095" VPOS="1236" WIDTH="118" HEIGHT="30" WC="0.96" CONTENT="lämna"/><SP WIDTH="20" VPOS="1236" HPOS="1213"/>
							<String ID="string_157" HPOS="1233" VPOS="1237" WIDTH="60" HEIGHT="29" WC="0.96" CONTENT="sitt"/><SP WIDTH="20" VPOS="1237" HPOS="1293"/>
							<String ID="string_158" HPOS="1313" VPOS="1238" WIDTH="179" HEIGHT="40" WC="0.96" CONTENT="samtycke"/><SP WIDTH="21" VPOS="1238" HPOS="1492"/>
							<String ID="string_159" HPOS="1513" VPOS="1239" WIDTH="92" HEIGHT="35" WC="0.96" CONTENT="eller,"/><SP WIDTH="22" VPOS="1239" HPOS="1605"/>
							<String ID="string_160" HPOS="1627" VPOS="1240" WIDTH="63" HEIGHT="29" WC="0.96" CONTENT="där"/><SP WIDTH="19" VPOS="1240" HPOS="1690"/>
							<String ID="string_161" HPOS="1709" VPOS="1240" WIDTH="58" HEIGHT="30" WC="0.96" CONTENT="det"/>
						</TextLine>
						<TextLine ID="line_19" HPOS="267" VPOS="1280" WIDTH="1503" HEIGHT="46">
							<String ID="string_162" HPOS="267" VPOS="1280" WIDTH="30" HEIGHT="39" WC="0.96" CONTENT="ej"/><SP WIDTH="24" VPOS="1280" HPOS="297"/>
							<String ID="string_163" HPOS="321" VPOS="1280" WIDTH="71" HEIGHT="29" WC="0.96" CONTENT="kan"/><SP WIDTH="22" VPOS="1280" HPOS="392"/>
							<String ID="string_164" HPOS="414" VPOS="1281" WIDTH="160" HEIGHT="35" WC="0.96" CONTENT="erhållas,"/><SP WIDTH="22" VPOS="1281" HPOS="574"/>
							<String ID="string_165" HPOS="596" VPOS="1283" WIDTH="115" HEIGHT="29" WC="0.96" CONTENT="rätten"/><SP WIDTH="20" VPOS="1283" HPOS="711"/>
							<String ID="string_166" HPOS="731" VPOS="1283" WIDTH="44" HEIGHT="39" WC="0.96" CONTENT="på"/><SP WIDTH="21" VPOS="1283" HPOS="775"/>
							<String ID="string_167" HPOS="796" VPOS="1285" WIDTH="160" HEIGHT="29" WC="0.96" CONTENT="ansökan"/><SP WIDTH="22" VPOS="1285" HPOS="956"/>
							<String ID="string_168" HPOS="978" VPOS="1285" WIDTH="127" HEIGHT="30" WC="0.96" CONTENT="tillåter"/><SP WIDTH="21" VPOS="1285" HPOS="1105"/>
							<String ID="string_169" HPOS="1126" VPOS="1286" WIDTH="178" HEIGHT="39" WC="0.95" CONTENT="åtgärden."/><SP WIDTH="21" VPOS="1286" HPOS="1304"/>
							<String ID="string_170" HPOS="1325" VPOS="1288" WIDTH="74" HEIGHT="29" WC="0.96" CONTENT="Vad"/><SP WIDTH="23" VPOS="1288" HPOS="1399"/>
							<String ID="string_171" HPOS="1422" VPOS="1297" WIDTH="47" HEIGHT="20" WC="0.96" CONTENT="nu"/><SP WIDTH="24" VPOS="1297" HPOS="1469"/>
							<String ID="string_172" HPOS="1493" VPOS="1290" WIDTH="38" HEIGHT="28" WC="0.96" CONTENT="är"/><SP WIDTH="21" VPOS="1290" HPOS="1531"/>
							<String ID="string_173" HPOS="1552" VPOS="1291" WIDTH="75" HEIGHT="35" WC="0.96" CONTENT="sagt"/><SP WIDTH="22" VPOS="1291" HPOS="1627"/>
							<String ID="string_174" HPOS="1649" VPOS="1290" WIDTH="121" HEIGHT="30" WC="0.96" CONTENT="länder"/>
						</TextLine>
						<TextLine ID="line_20" HPOS="267" VPOS="1331" WIDTH="1500" HEIGHT="44">
							<String ID="string_175" HPOS="267" VPOS="1331" WIDTH="90" HEIGHT="29" WC="0.96" CONTENT="dock"/><SP WIDTH="20" VPOS="1331" HPOS="357"/>
							<String ID="string_176" HPOS="377" VPOS="1332" WIDTH="32" HEIGHT="39" WC="0.95" CONTENT="ej"/><SP WIDTH="23" VPOS="1332" HPOS="409"/>
							<String ID="string_177" HPOS="432" VPOS="1332" WIDTH="52" HEIGHT="29" WC="0.96" CONTENT="till"/><SP WIDTH="20" VPOS="1332" HPOS="484"/>
							<String ID="string_178" HPOS="504" VPOS="1332" WIDTH="258" HEIGHT="41" WC="0.96" CONTENT="inskränkning"/><SP WIDTH="19" VPOS="1332" HPOS="762"/>
							<String ID="string_179" HPOS="781" VPOS="1334" WIDTH="11" HEIGHT="29" WC="0.96" CONTENT="i"/><SP WIDTH="20" VPOS="1334" HPOS="792"/>
							<String ID="string_180" HPOS="812" VPOS="1335" WIDTH="67" HEIGHT="29" WC="0.96" CONTENT="den"/><SP WIDTH="21" VPOS="1335" HPOS="879"/>
							<String ID="string_181" HPOS="900" VPOS="1335" WIDTH="278" HEIGHT="40" WC="0.96" CONTENT="förfoganderätt"/><SP WIDTH="21" VPOS="1335" HPOS="1178"/>
							<String ID="string_182" HPOS="1199" VPOS="1347" WIDTH="75" HEIGHT="20" WC="0.96" CONTENT="som"/><SP WIDTH="21" VPOS="1347" HPOS="1274"/>
							<String ID="string_183" HPOS="1295" VPOS="1338" WIDTH="71" HEIGHT="30" WC="0.96" CONTENT="kan"/><SP WIDTH="20" VPOS="1338" HPOS="1366"/>
							<String ID="string_184" HPOS="1386" VPOS="1339" WIDTH="197" HEIGHT="31" WC="0.93" CONTENT="tillkomma"/><SP WIDTH="22" VPOS="1339" HPOS="1583"/>
							<String ID="string_185" HPOS="1605" VPOS="1340" WIDTH="162" HEIGHT="31" WC="0.91" CONTENT="boutred-"/>
						</TextLine>
						<TextLine ID="line_21" HPOS="267" VPOS="1380" WIDTH="968" HEIGHT="44">
							<String ID="string_186" HPOS="267" VPOS="1380" WIDTH="260" HEIGHT="40" WC="0.91" CONTENT="ningsmannen"/><SP WIDTH="24" VPOS="1380" HPOS="527"/>
							<String ID="string_187" HPOS="551" VPOS="1383" WIDTH="108" HEIGHT="40" WC="0.92" CONTENT="enligt"/><SP WIDTH="24" VPOS="1383" HPOS="659"/>
							<String ID="string_188" HPOS="683" VPOS="1384" WIDTH="310" HEIGHT="40" WC="0.91" CONTENT="lagakraftvunnet"/><SP WIDTH="24" VPOS="1384" HPOS="993"/>
							<String ID="string_189" HPOS="1017" VPOS="1388" WIDTH="218" HEIGHT="29" WC="0.96" CONTENT="testamente."/>
						</TextLine>
					</TextBlock>
					<TextBlock ID="block_7" HPOS="265" VPOS="1431" WIDTH="1502" HEIGHT="198">
						<TextLine ID="line_22" HPOS="309" VPOS="1431" WIDTH="1456" HEIGHT="49">
							<String ID="string_190" HPOS="309" VPOS="1431" WIDTH="72" HEIGHT="30" WC="0.92" CONTENT="Har"/><SP WIDTH="18" VPOS="1431" HPOS="381"/>
							<String ID="string_191" HPOS="399" VPOS="1432" WIDTH="407" HEIGHT="41" WC="0.91" CONTENT="boutredningsmannen"/><SP WIDTH="19" VPOS="1432" HPOS="806"/>
							<String ID="string_192" HPOS="825" VPOS="1437" WIDTH="86" HEIGHT="28" WC="0.96" CONTENT="utan"/><SP WIDTH="18" VPOS="1437" HPOS="911"/>
							<String ID="string_193" HPOS="929" VPOS="1436" WIDTH="220" HEIGHT="41" WC="0.96" CONTENT="erforderligt"/><SP WIDTH="20" VPOS="1436" HPOS="1149"/>
							<String ID="string_194" HPOS="1169" VPOS="1439" WIDTH="178" HEIGHT="38" WC="0.96" CONTENT="samtycke"/><SP WIDTH="19" VPOS="1439" HPOS="1347"/>
							<String ID="string_195" HPOS="1366" VPOS="1439" WIDTH="163" HEIGHT="40" WC="0.96" CONTENT="företagit"/><SP WIDTH="18" VPOS="1439" HPOS="1529"/>
							<String ID="string_196" HPOS="1547" VPOS="1440" WIDTH="121" HEIGHT="40" WC="0.96" CONTENT="åtgärd"/><SP WIDTH="23" VPOS="1440" HPOS="1668"/>
							<String ID="string_197" HPOS="1691" VPOS="1450" WIDTH="74" HEIGHT="21" WC="0.95" CONTENT="som"/>
						</TextLine>
						<TextLine ID="line_23" HPOS="266" VPOS="1481" WIDTH="1501" HEIGHT="46">
							<String ID="string_198" HPOS="266" VPOS="1481" WIDTH="9" HEIGHT="29" WC="0.96" CONTENT="i"/><SP WIDTH="28" VPOS="1481" HPOS="275"/>
							<String ID="string_199" HPOS="303" VPOS="1482" WIDTH="112" HEIGHT="30" WC="0.96" CONTENT="första"/><SP WIDTH="28" VPOS="1482" HPOS="415"/>
							<String ID="string_200" HPOS="443" VPOS="1483" WIDTH="133" HEIGHT="39" WC="0.96" CONTENT="stycket"/><SP WIDTH="27" VPOS="1483" HPOS="576"/>
							<String ID="string_201" HPOS="603" VPOS="1485" WIDTH="88" HEIGHT="38" WC="0.96" CONTENT="sägs,"/><SP WIDTH="28" VPOS="1485" HPOS="691"/>
							<String ID="string_202" HPOS="719" VPOS="1485" WIDTH="38" HEIGHT="29" WC="0.96" CONTENT="är"/><SP WIDTH="26" VPOS="1485" HPOS="757"/>
							<String ID="string_203" HPOS="783" VPOS="1485" WIDTH="66" HEIGHT="29" WC="0.93" CONTENT="den"/><SP WIDTH="27" VPOS="1485" HPOS="849"/>
							<String ID="string_204" HPOS="876" VPOS="1486" WIDTH="92" HEIGHT="39" WC="0.92" CONTENT="ogill,"/><SP WIDTH="27" VPOS="1486" HPOS="968"/>
							<String ID="string_205" HPOS="995" VPOS="1496" WIDTH="56" HEIGHT="20" WC="0.96" CONTENT="om"/><SP WIDTH="27" VPOS="1496" HPOS="1051"/>
							<String ID="string_206" HPOS="1078" VPOS="1487" WIDTH="159" HEIGHT="40" WC="0.96" CONTENT="delägare"/><SP WIDTH="26" VPOS="1487" HPOS="1237"/>
							<String ID="string_207" HPOS="1263" VPOS="1489" WIDTH="127" HEIGHT="30" WC="0.96" CONTENT="väcker"/><SP WIDTH="26" VPOS="1489" HPOS="1390"/>
							<String ID="string_208" HPOS="1416" VPOS="1491" WIDTH="95" HEIGHT="29" WC="0.96" CONTENT="talan"/><SP WIDTH="27" VPOS="1491" HPOS="1511"/>
							<String ID="string_209" HPOS="1538" VPOS="1500" WIDTH="56" HEIGHT="20" WC="0.93" CONTENT="om"/><SP WIDTH="26" VPOS="1500" HPOS="1594"/>
							<String ID="string_210" HPOS="1620" VPOS="1492" WIDTH="147" HEIGHT="30" WC="0.91" CONTENT="klander"/>
						</TextLine>
						<TextLine ID="line_24" HPOS="265" VPOS="1531" WIDTH="1499" HEIGHT="49">
							<String ID="string_211" HPOS="265" VPOS="1531" WIDTH="87" HEIGHT="31" WC="0.93" CONTENT="därå"/><SP WIDTH="16" VPOS="1531" HPOS="352"/>
							<String ID="string_212" HPOS="368" VPOS="1532" WIDTH="98" HEIGHT="30" WC="0.96" CONTENT="inom"/><SP WIDTH="16" VPOS="1532" HPOS="466"/>
							<String ID="string_213" HPOS="482" VPOS="1536" WIDTH="51" HEIGHT="28" WC="0.96" CONTENT="tre"/><SP WIDTH="17" VPOS="1536" HPOS="533"/>
							<String ID="string_214" HPOS="550" VPOS="1533" WIDTH="169" HEIGHT="31" WC="0.96" CONTENT="månader"/><SP WIDTH="16" VPOS="1533" HPOS="719"/>
							<String ID="string_215" HPOS="735" VPOS="1535" WIDTH="79" HEIGHT="30" WC="0.96" CONTENT="från"/><SP WIDTH="17" VPOS="1535" HPOS="814"/>
							<String ID="string_216" HPOS="831" VPOS="1536" WIDTH="58" HEIGHT="30" WC="0.96" CONTENT="det"/><SP WIDTH="18" VPOS="1536" HPOS="889"/>
							<String ID="string_217" HPOS="907" VPOS="1536" WIDTH="71" HEIGHT="30" WC="0.96" CONTENT="han"/><SP WIDTH="17" VPOS="1536" HPOS="978"/>
							<String ID="string_218" HPOS="995" VPOS="1537" WIDTH="72" HEIGHT="30" WC="0.96" CONTENT="fick"/><SP WIDTH="18" VPOS="1537" HPOS="1067"/>
							<String ID="string_219" HPOS="1085" VPOS="1538" WIDTH="199" HEIGHT="30" WC="0.95" CONTENT="kännedom"/><SP WIDTH="18" VPOS="1538" HPOS="1284"/>
							<String ID="string_220" HPOS="1302" VPOS="1548" WIDTH="58" HEIGHT="21" WC="0.96" CONTENT="om"/><SP WIDTH="17" VPOS="1548" HPOS="1360"/>
							<String ID="string_221" HPOS="1377" VPOS="1540" WIDTH="167" HEIGHT="40" WC="0.96" CONTENT="åtgärden"/><SP WIDTH="19" VPOS="1540" HPOS="1544"/>
							<String ID="string_222" HPOS="1563" VPOS="1542" WIDTH="65" HEIGHT="29" WC="0.96" CONTENT="och"/><SP WIDTH="19" VPOS="1542" HPOS="1628"/>
							<String ID="string_223" HPOS="1647" VPOS="1543" WIDTH="117" HEIGHT="29" WC="0.96" CONTENT="senast"/>
						</TextLine>
						<TextLine ID="line_25" HPOS="265" VPOS="1581" WIDTH="1073" HEIGHT="48">
							<String ID="string_224" HPOS="265" VPOS="1581" WIDTH="98" HEIGHT="31" WC="0.96" CONTENT="inom"/><SP WIDTH="21" VPOS="1581" HPOS="363"/>
							<String ID="string_225" HPOS="384" VPOS="1585" WIDTH="50" HEIGHT="28" WC="0.96" CONTENT="ett"/><SP WIDTH="20" VPOS="1585" HPOS="434"/>
							<String ID="string_226" HPOS="454" VPOS="1583" WIDTH="39" HEIGHT="30" WC="0.96" CONTENT="år"/><SP WIDTH="20" VPOS="1583" HPOS="493"/>
							<String ID="string_227" HPOS="513" VPOS="1584" WIDTH="108" HEIGHT="30" WC="0.96" CONTENT="sedan"/><SP WIDTH="21" VPOS="1584" HPOS="621"/>
							<String ID="string_228" HPOS="642" VPOS="1585" WIDTH="127" HEIGHT="39" WC="0.96" CONTENT="lagfart"/><SP WIDTH="20" VPOS="1585" HPOS="769"/>
							<String ID="string_229" HPOS="789" VPOS="1586" WIDTH="84" HEIGHT="30" WC="0.96" CONTENT="eller"/><SP WIDTH="20" VPOS="1586" HPOS="873"/>
							<String ID="string_230" HPOS="893" VPOS="1586" WIDTH="222" HEIGHT="42" WC="0.96" CONTENT="inskrivning"/><SP WIDTH="21" VPOS="1586" HPOS="1115"/>
							<String ID="string_231" HPOS="1136" VPOS="1589" WIDTH="202" HEIGHT="40" WC="0.96" CONTENT="beviljades."/>
						</TextLine>
					</TextBlock>
				</ComposedBlock>
				<ComposedBlock ID="cblock_4" HPOS="262" VPOS="1679" WIDTH="1502" HEIGHT="348">
					<TextBlock ID="block_8" HPOS="968" VPOS="1679" WIDTH="93" HEIGHT="38">
						<TextLine ID="line_26" HPOS="968" VPOS="1679" WIDTH="93" HEIGHT="38">
							<String ID="string_232" HPOS="968" VPOS="1680" WIDTH="39" HEIGHT="30" WC="0.96" CONTENT="14"/><SP WIDTH="25" VPOS="1680" HPOS="1007"/>
							<String ID="string_233" HPOS="1032" VPOS="1679" WIDTH="29" HEIGHT="38" WC="0.92" CONTENT="8."/>
						</TextLine>
					</TextBlock>
					<TextBlock ID="block_9" HPOS="263" VPOS="1724" WIDTH="1501" HEIGHT="155">
						<TextLine ID="line_27" HPOS="306" VPOS="1724" WIDTH="1458" HEIGHT="49">
							<String ID="string_234" HPOS="306" VPOS="1724" WIDTH="69" HEIGHT="30" WC="0.96" CONTENT="Till"/><SP WIDTH="22" VPOS="1724" HPOS="375"/>
							<String ID="string_235" HPOS="397" VPOS="1726" WIDTH="167" HEIGHT="31" WC="0.96" CONTENT="dödsboet"/><SP WIDTH="21" VPOS="1726" HPOS="564"/>
							<String ID="string_236" HPOS="585" VPOS="1727" WIDTH="156" HEIGHT="30" WC="0.93" CONTENT="hörande"/><SP WIDTH="22" VPOS="1727" HPOS="741"/>
							<String ID="string_237" HPOS="763" VPOS="1729" WIDTH="279" HEIGHT="39" WC="0.91" CONTENT="penningmedel,"/><SP WIDTH="24" VPOS="1729" HPOS="1042"/>
							<String ID="string_238" HPOS="1066" VPOS="1739" WIDTH="75" HEIGHT="21" WC="0.96" CONTENT="som"/><SP WIDTH="22" VPOS="1739" HPOS="1141"/>
							<String ID="string_239" HPOS="1163" VPOS="1732" WIDTH="100" HEIGHT="38" WC="0.96" CONTENT="göras"/><SP WIDTH="23" VPOS="1732" HPOS="1263"/>
							<String ID="string_240" HPOS="1286" VPOS="1733" WIDTH="256" HEIGHT="30" WC="0.96" CONTENT="räntebärande"/><SP WIDTH="23" VPOS="1733" HPOS="1542"/>
							<String ID="string_241" HPOS="1565" VPOS="1742" WIDTH="124" HEIGHT="31" WC="0.93" CONTENT="genom"/><SP WIDTH="24" VPOS="1742" HPOS="1689"/>
							<String ID="string_242" HPOS="1713" VPOS="1735" WIDTH="51" HEIGHT="29" WC="0.91" CONTENT="in-"/>
						</TextLine>
						<TextLine ID="line_28" HPOS="264" VPOS="1783" WIDTH="1499" HEIGHT="49">
							<String ID="string_243" HPOS="264" VPOS="1783" WIDTH="158" HEIGHT="40" WC="0.96" CONTENT="sättning"/><SP WIDTH="18" VPOS="1783" HPOS="422"/>
							<String ID="string_244" HPOS="440" VPOS="1784" WIDTH="11" HEIGHT="29" WC="0.96" CONTENT="i"/><SP WIDTH="17" VPOS="1784" HPOS="451"/>
							<String ID="string_245" HPOS="468" VPOS="1784" WIDTH="104" HEIGHT="35" WC="0.95" CONTENT="bank,"/><SP WIDTH="20" VPOS="1784" HPOS="572"/>
							<String ID="string_246" HPOS="592" VPOS="1785" WIDTH="100" HEIGHT="30" WC="0.96" CONTENT="skola"/><SP WIDTH="18" VPOS="1785" HPOS="692"/>
							<String ID="string_247" HPOS="710" VPOS="1786" WIDTH="148" HEIGHT="30" WC="0.96" CONTENT="insättas"/><SP WIDTH="19" VPOS="1786" HPOS="858"/>
							<String ID="string_248" HPOS="877" VPOS="1787" WIDTH="11" HEIGHT="29" WC="0.96" CONTENT="i"/><SP WIDTH="18" VPOS="1787" HPOS="888"/>
							<String ID="string_249" HPOS="906" VPOS="1787" WIDTH="97" HEIGHT="30" WC="0.95" CONTENT="boets"/><SP WIDTH="19" VPOS="1787" HPOS="1003"/>
							<String ID="string_250" HPOS="1022" VPOS="1797" WIDTH="118" HEIGHT="21" WC="0.92" CONTENT="namn."/><SP WIDTH="19" VPOS="1797" HPOS="1140"/>
							<String ID="string_251" HPOS="1159" VPOS="1790" WIDTH="194" HEIGHT="30" WC="0.91" CONTENT="Dödsboets"/><SP WIDTH="20" VPOS="1790" HPOS="1353"/>
							<String ID="string_252" HPOS="1373" VPOS="1791" WIDTH="170" HEIGHT="39" WC="0.96" CONTENT="egendom"/><SP WIDTH="19" VPOS="1791" HPOS="1543"/>
							<String ID="string_253" HPOS="1562" VPOS="1792" WIDTH="57" HEIGHT="30" WC="0.95" CONTENT="må"/><SP WIDTH="19" VPOS="1792" HPOS="1619"/>
							<String ID="string_254" HPOS="1638" VPOS="1793" WIDTH="31" HEIGHT="39" WC="0.93" CONTENT="ej"/><SP WIDTH="23" VPOS="1793" HPOS="1669"/>
							<String ID="string_255" HPOS="1692" VPOS="1792" WIDTH="71" HEIGHT="31" WC="0.92" CONTENT="hel-"/>
						</TextLine>
						<TextLine ID="line_29" HPOS="263" VPOS="1832" WIDTH="1499" HEIGHT="47">
							<String ID="string_256" HPOS="263" VPOS="1832" WIDTH="50" HEIGHT="31" WC="0.96" CONTENT="ler"/><SP WIDTH="17" VPOS="1832" HPOS="313"/>
							<String ID="string_257" HPOS="330" VPOS="1833" WIDTH="104" HEIGHT="40" WC="0.96" CONTENT="eljest"/><SP WIDTH="19" VPOS="1833" HPOS="434"/>
							<String ID="string_258" HPOS="453" VPOS="1835" WIDTH="309" HEIGHT="31" WC="0.95" CONTENT="sammanblandas"/><SP WIDTH="19" VPOS="1835" HPOS="762"/>
							<String ID="string_259" HPOS="781" VPOS="1837" WIDTH="79" HEIGHT="29" WC="0.96" CONTENT="med"/><SP WIDTH="19" VPOS="1837" HPOS="860"/>
							<String ID="string_260" HPOS="879" VPOS="1838" WIDTH="67" HEIGHT="29" WC="0.92" CONTENT="vad"/><SP WIDTH="19" VPOS="1838" HPOS="946"/>
							<String ID="string_261" HPOS="965" VPOS="1838" WIDTH="407" HEIGHT="41" WC="0.91" CONTENT="boutredningsmannen"/><SP WIDTH="20" VPOS="1838" HPOS="1372"/>
							<String ID="string_262" HPOS="1392" VPOS="1842" WIDTH="83" HEIGHT="29" WC="0.96" CONTENT="eller"/><SP WIDTH="20" VPOS="1842" HPOS="1475"/>
							<String ID="string_263" HPOS="1495" VPOS="1851" WIDTH="117" HEIGHT="21" WC="0.96" CONTENT="annan"/><SP WIDTH="20" VPOS="1851" HPOS="1612"/>
							<String ID="string_264" HPOS="1632" VPOS="1843" WIDTH="130" HEIGHT="30" WC="0.96" CONTENT="tillhör."/>
						</TextLine>
					</TextBlock>
					<TextBlock ID="block_10" HPOS="262" VPOS="1883" WIDTH="1500" HEIGHT="144">
						<TextLine ID="line_30" HPOS="307" VPOS="1883" WIDTH="1455" HEIGHT="50">
							<String ID="string_265" HPOS="307" VPOS="1883" WIDTH="129" HEIGHT="31" WC="0.96" CONTENT="Utöver"/><SP WIDTH="19" VPOS="1883" HPOS="436"/>
							<String ID="string_266" HPOS="455" VPOS="1885" WIDTH="65" HEIGHT="29" WC="0.96" CONTENT="vad"/><SP WIDTH="20" VPOS="1885" HPOS="520"/>
							<String ID="string_267" HPOS="540" VPOS="1894" WIDTH="42" HEIGHT="21" WC="0.96" CONTENT="av"/><SP WIDTH="20" VPOS="1894" HPOS="582"/>
							<String ID="string_268" HPOS="602" VPOS="1886" WIDTH="40" HEIGHT="30" WC="0.96" CONTENT="18"/><SP WIDTH="19" VPOS="1886" HPOS="642"/>
							<String ID="string_269" HPOS="661" VPOS="1886" WIDTH="80" HEIGHT="40" WC="0.96" CONTENT="kap."/><SP WIDTH="20" VPOS="1886" HPOS="741"/>
							<String ID="string_270" HPOS="761" VPOS="1889" WIDTH="18" HEIGHT="29" WC="0.92" CONTENT="5"/><SP WIDTH="23" VPOS="1889" HPOS="779"/>
							<String ID="string_271" HPOS="802" VPOS="1887" WIDTH="15" HEIGHT="37" WC="0.92" CONTENT="$"/><SP WIDTH="22" VPOS="1887" HPOS="817"/>
							<String ID="string_272" HPOS="839" VPOS="1887" WIDTH="199" HEIGHT="32" WC="0.92" CONTENT="föranledes"/><SP WIDTH="20" VPOS="1887" HPOS="1038"/>
							<String ID="string_273" HPOS="1058" VPOS="1889" WIDTH="58" HEIGHT="30" WC="0.96" CONTENT="må"/><SP WIDTH="19" VPOS="1889" HPOS="1116"/>
							<String ID="string_274" HPOS="1135" VPOS="1890" WIDTH="169" HEIGHT="39" WC="0.96" CONTENT="egendom"/><SP WIDTH="20" VPOS="1890" HPOS="1304"/>
							<String ID="string_275" HPOS="1324" VPOS="1891" WIDTH="31" HEIGHT="40" WC="0.93" CONTENT="ej"/><SP WIDTH="24" VPOS="1891" HPOS="1355"/>
							<String ID="string_276" HPOS="1379" VPOS="1892" WIDTH="225" HEIGHT="31" WC="0.91" CONTENT="förskottsvis"/><SP WIDTH="21" VPOS="1892" HPOS="1604"/>
							<String ID="string_277" HPOS="1625" VPOS="1893" WIDTH="137" HEIGHT="40" WC="0.92" CONTENT="utgivas"/>
						</TextLine>
						<TextLine ID="line_31" HPOS="264" VPOS="1933" WIDTH="1498" HEIGHT="45">
							<String ID="string_278" HPOS="264" VPOS="1933" WIDTH="52" HEIGHT="30" WC="0.95" CONTENT="till"/><SP WIDTH="26" VPOS="1933" HPOS="316"/>
							<String ID="string_279" HPOS="342" VPOS="1934" WIDTH="170" HEIGHT="40" WC="0.96" CONTENT="delägare,"/><SP WIDTH="27" VPOS="1934" HPOS="512"/>
							<String ID="string_280" HPOS="539" VPOS="1937" WIDTH="79" HEIGHT="29" WC="0.96" CONTENT="med"/><SP WIDTH="25" VPOS="1937" HPOS="618"/>
							<String ID="string_281" HPOS="643" VPOS="1937" WIDTH="136" HEIGHT="31" WC="0.96" CONTENT="mindre"/><SP WIDTH="25" VPOS="1937" HPOS="779"/>
							<String ID="string_282" HPOS="804" VPOS="1939" WIDTH="58" HEIGHT="29" WC="0.96" CONTENT="det"/><SP WIDTH="25" VPOS="1939" HPOS="862"/>
							<String ID="string_283" HPOS="887" VPOS="1939" WIDTH="71" HEIGHT="29" WC="0.96" CONTENT="kan"/><SP WIDTH="26" VPOS="1939" HPOS="958"/>
							<String ID="string_284" HPOS="984" VPOS="1940" WIDTH="60" HEIGHT="30" WC="0.96" CONTENT="ske"/><SP WIDTH="26" VPOS="1940" HPOS="1044"/>
							<String ID="string_285" HPOS="1070" VPOS="1942" WIDTH="86" HEIGHT="28" WC="0.96" CONTENT="utan"/><SP WIDTH="25" VPOS="1942" HPOS="1156"/>
							<String ID="string_286" HPOS="1181" VPOS="1950" WIDTH="79" HEIGHT="21" WC="0.96" CONTENT="men"/><SP WIDTH="27" VPOS="1950" HPOS="1260"/>
							<String ID="string_287" HPOS="1287" VPOS="1942" WIDTH="55" HEIGHT="30" WC="0.96" CONTENT="för"/><SP WIDTH="26" VPOS="1942" HPOS="1342"/>
							<String ID="string_288" HPOS="1368" VPOS="1951" WIDTH="128" HEIGHT="27" WC="0.95" CONTENT="annan,"/><SP WIDTH="25" VPOS="1951" HPOS="1496"/>
							<String ID="string_289" HPOS="1521" VPOS="1952" WIDTH="79" HEIGHT="21" WC="0.96" CONTENT="vars"/><SP WIDTH="27" VPOS="1952" HPOS="1600"/>
							<String ID="string_290" HPOS="1627" VPOS="1945" WIDTH="70" HEIGHT="28" WC="0.96" CONTENT="rätt"/><SP WIDTH="26" VPOS="1945" HPOS="1697"/>
							<String ID="string_291" HPOS="1723" VPOS="1945" WIDTH="39" HEIGHT="29" WC="0.96" CONTENT="är"/>
						</TextLine>
						<TextLine ID="line_32" HPOS="262" VPOS="1984" WIDTH="497" HEIGHT="43">
							<String ID="string_292" HPOS="262" VPOS="1984" WIDTH="173" HEIGHT="31" WC="0.96" CONTENT="beroende"/><SP WIDTH="21" VPOS="1984" HPOS="435"/>
							<String ID="string_293" HPOS="456" VPOS="1995" WIDTH="41" HEIGHT="20" WC="0.96" CONTENT="av"/><SP WIDTH="19" VPOS="1995" HPOS="497"/>
							<String ID="string_294" HPOS="516" VPOS="1987" WIDTH="243" HEIGHT="40" WC="0.96" CONTENT="utredningen."/>
						</TextLine>
					</TextBlock>
				</ComposedBlock>
				<ComposedBlock ID="cblock_5" HPOS="258" VPOS="2081" WIDTH="1505" HEIGHT="402">
					<TextBlock ID="block_11" HPOS="964" VPOS="2081" WIDTH="93" HEIGHT="38">
						<TextLine ID="line_33" HPOS="964" VPOS="2081" WIDTH="93" HEIGHT="38">
							<String ID="string_295" HPOS="964" VPOS="2082" WIDTH="39" HEIGHT="30" WC="0.94" CONTENT="15"/><SP WIDTH="25" VPOS="2082" HPOS="1003"/>
							<String ID="string_296" HPOS="1028" VPOS="2081" WIDTH="29" HEIGHT="38" WC="0.93" CONTENT="8."/>
						</TextLine>
					</TextBlock>
					<TextBlock ID="block_12" HPOS="260" VPOS="2134" WIDTH="1503" HEIGHT="193">
						<TextLine ID="line_34" HPOS="306" VPOS="2134" WIDTH="1454" HEIGHT="48">
							<String ID="string_297" HPOS="306" VPOS="2134" WIDTH="45" HEIGHT="31" WC="0.96" CONTENT="Så"/><SP WIDTH="21" VPOS="2134" HPOS="351"/>
							<String ID="string_298" HPOS="372" VPOS="2137" WIDTH="99" HEIGHT="28" WC="0.96" CONTENT="snart"/><SP WIDTH="21" VPOS="2137" HPOS="471"/>
							<String ID="string_299" HPOS="492" VPOS="2135" WIDTH="168" HEIGHT="32" WC="0.96" CONTENT="dödsboet"/><SP WIDTH="21" VPOS="2135" HPOS="660"/>
							<String ID="string_300" HPOS="681" VPOS="2137" WIDTH="128" HEIGHT="30" WC="0.96" CONTENT="beretts"/><SP WIDTH="22" VPOS="2137" HPOS="809"/>
							<String ID="string_301" HPOS="831" VPOS="2138" WIDTH="56" HEIGHT="31" WC="0.96" CONTENT="för"/><SP WIDTH="21" VPOS="2138" HPOS="887"/>
							<String ID="string_302" HPOS="908" VPOS="2139" WIDTH="187" HEIGHT="40" WC="0.96" CONTENT="bodelning"/><SP WIDTH="21" VPOS="2139" HPOS="1095"/>
							<String ID="string_303" HPOS="1116" VPOS="2141" WIDTH="83" HEIGHT="30" WC="0.96" CONTENT="eller"/><SP WIDTH="22" VPOS="2141" HPOS="1199"/>
							<String ID="string_304" HPOS="1221" VPOS="2141" WIDTH="170" HEIGHT="31" WC="0.96" CONTENT="arvskifte"/><SP WIDTH="23" VPOS="2141" HPOS="1391"/>
							<String ID="string_305" HPOS="1414" VPOS="2144" WIDTH="91" HEIGHT="28" WC="0.96" CONTENT="samt"/><SP WIDTH="21" VPOS="2144" HPOS="1505"/>
							<String ID="string_306" HPOS="1526" VPOS="2143" WIDTH="142" HEIGHT="39" WC="0.96" CONTENT="delning"/><SP WIDTH="21" VPOS="2143" HPOS="1668"/>
							<String ID="string_307" HPOS="1689" VPOS="2144" WIDTH="71" HEIGHT="29" WC="0.96" CONTENT="kan"/>
						</TextLine>
						<TextLine ID="line_35" HPOS="260" VPOS="2185" WIDTH="1502" HEIGHT="47">
							<String ID="string_308" HPOS="260" VPOS="2185" WIDTH="64" HEIGHT="39" WC="0.96" CONTENT="äga"/><SP WIDTH="23" VPOS="2185" HPOS="324"/>
							<String ID="string_309" HPOS="347" VPOS="2194" WIDTH="80" HEIGHT="20" WC="0.96" CONTENT="rum"/><SP WIDTH="25" VPOS="2194" HPOS="427"/>
							<String ID="string_310" HPOS="452" VPOS="2188" WIDTH="84" HEIGHT="27" WC="0.96" CONTENT="utan"/><SP WIDTH="23" VPOS="2188" HPOS="536"/>
							<String ID="string_311" HPOS="559" VPOS="2195" WIDTH="81" HEIGHT="21" WC="0.96" CONTENT="men"/><SP WIDTH="25" VPOS="2195" HPOS="640"/>
							<String ID="string_312" HPOS="665" VPOS="2187" WIDTH="54" HEIGHT="30" WC="0.96" CONTENT="för"/><SP WIDTH="23" VPOS="2187" HPOS="719"/>
							<String ID="string_313" HPOS="742" VPOS="2188" WIDTH="125" HEIGHT="39" WC="0.96" CONTENT="någon,"/><SP WIDTH="22" VPOS="2188" HPOS="867"/>
							<String ID="string_314" HPOS="889" VPOS="2198" WIDTH="81" HEIGHT="21" WC="0.96" CONTENT="vars"/><SP WIDTH="23" VPOS="2198" HPOS="970"/>
							<String ID="string_315" HPOS="993" VPOS="2191" WIDTH="70" HEIGHT="29" WC="0.96" CONTENT="rätt"/><SP WIDTH="23" VPOS="2191" HPOS="1063"/>
							<String ID="string_316" HPOS="1086" VPOS="2191" WIDTH="38" HEIGHT="29" WC="0.96" CONTENT="är"/><SP WIDTH="22" VPOS="2191" HPOS="1124"/>
							<String ID="string_317" HPOS="1146" VPOS="2190" WIDTH="171" HEIGHT="31" WC="0.96" CONTENT="beroende"/><SP WIDTH="23" VPOS="2190" HPOS="1317"/>
							<String ID="string_318" HPOS="1340" VPOS="2201" WIDTH="43" HEIGHT="21" WC="0.96" CONTENT="av"/><SP WIDTH="22" VPOS="2201" HPOS="1383"/>
							<String ID="string_319" HPOS="1405" VPOS="2192" WIDTH="243" HEIGHT="40" WC="0.96" CONTENT="utredningen,"/><SP WIDTH="25" VPOS="2192" HPOS="1648"/>
							<String ID="string_320" HPOS="1673" VPOS="2193" WIDTH="89" HEIGHT="31" WC="0.96" CONTENT="skall"/>
						</TextLine>
						<TextLine ID="line_36" HPOS="260" VPOS="2235" WIDTH="1503" HEIGHT="47">
							<String ID="string_321" HPOS="260" VPOS="2235" WIDTH="409" HEIGHT="40" WC="0.92" CONTENT="boutredningsmannen"/><SP WIDTH="19" VPOS="2235" HPOS="669"/>
							<String ID="string_322" HPOS="688" VPOS="2239" WIDTH="82" HEIGHT="38" WC="0.96" CONTENT="göra"/><SP WIDTH="19" VPOS="2239" HPOS="770"/>
							<String ID="string_323" HPOS="789" VPOS="2239" WIDTH="166" HEIGHT="30" WC="0.96" CONTENT="anmälan"/><SP WIDTH="17" VPOS="2239" HPOS="955"/>
							<String ID="string_324" HPOS="972" VPOS="2240" WIDTH="123" HEIGHT="30" WC="0.96" CONTENT="härom"/><SP WIDTH="19" VPOS="2240" HPOS="1095"/>
							<String ID="string_325" HPOS="1114" VPOS="2241" WIDTH="51" HEIGHT="30" WC="0.96" CONTENT="till"/><SP WIDTH="19" VPOS="2241" HPOS="1165"/>
							<String ID="string_326" HPOS="1184" VPOS="2241" WIDTH="187" HEIGHT="40" WC="0.96" CONTENT="delägarna"/><SP WIDTH="18" VPOS="2241" HPOS="1371"/>
							<String ID="string_327" HPOS="1389" VPOS="2243" WIDTH="65" HEIGHT="30" WC="0.93" CONTENT="och"/><SP WIDTH="18" VPOS="2243" HPOS="1454"/>
							<String ID="string_328" HPOS="1472" VPOS="2244" WIDTH="121" HEIGHT="38" WC="0.92" CONTENT="avgiva"/><SP WIDTH="16" VPOS="2244" HPOS="1593"/>
							<String ID="string_329" HPOS="1609" VPOS="2244" WIDTH="154" HEIGHT="30" WC="0.92" CONTENT="redovis-"/>
						</TextLine>
						<TextLine ID="line_37" HPOS="260" VPOS="2286" WIDTH="476" HEIGHT="41">
							<String ID="string_330" HPOS="260" VPOS="2286" WIDTH="84" HEIGHT="39" WC="0.96" CONTENT="ning"/><SP WIDTH="20" VPOS="2286" HPOS="344"/>
							<String ID="string_331" HPOS="364" VPOS="2286" WIDTH="56" HEIGHT="30" WC="0.96" CONTENT="för"/><SP WIDTH="20" VPOS="2286" HPOS="420"/>
							<String ID="string_332" HPOS="440" VPOS="2287" WIDTH="53" HEIGHT="29" WC="0.96" CONTENT="sin"/><SP WIDTH="19" VPOS="2287" HPOS="493"/>
							<String ID="string_333" HPOS="512" VPOS="2287" WIDTH="224" HEIGHT="40" WC="0.96" CONTENT="förvaltning."/>
						</TextLine>
					</TextBlock>
					<TextBlock ID="block_13" HPOS="258" VPOS="2336" WIDTH="1501" HEIGHT="147">
						<TextLine ID="line_38" HPOS="304" VPOS="2336" WIDTH="1455" HEIGHT="48">
							<String ID="string_334" HPOS="304" VPOS="2336" WIDTH="115" HEIGHT="31" WC="0.96" CONTENT="Sedan"/><SP WIDTH="28" VPOS="2336" HPOS="419"/>
							<String ID="string_335" HPOS="447" VPOS="2338" WIDTH="186" HEIGHT="40" WC="0.96" CONTENT="bodelning"/><SP WIDTH="28" VPOS="2338" HPOS="633"/>
							<String ID="string_336" HPOS="661" VPOS="2339" WIDTH="83" HEIGHT="30" WC="0.95" CONTENT="eller"/><SP WIDTH="28" VPOS="2339" HPOS="744"/>
							<String ID="string_337" HPOS="772" VPOS="2340" WIDTH="171" HEIGHT="31" WC="0.93" CONTENT="arvskifte"/><SP WIDTH="28" VPOS="2340" HPOS="943"/>
							<String ID="string_338" HPOS="971" VPOS="2341" WIDTH="181" HEIGHT="31" WC="0.92" CONTENT="förrättats"/><SP WIDTH="30" VPOS="2341" HPOS="1152"/>
							<String ID="string_339" HPOS="1182" VPOS="2353" WIDTH="42" HEIGHT="20" WC="0.96" CONTENT="av"/><SP WIDTH="28" VPOS="2353" HPOS="1224"/>
							<String ID="string_340" HPOS="1252" VPOS="2343" WIDTH="197" HEIGHT="41" WC="0.96" CONTENT="delägarna,"/><SP WIDTH="31" VPOS="2343" HPOS="1449"/>
							<String ID="string_341" HPOS="1480" VPOS="2345" WIDTH="89" HEIGHT="30" WC="0.93" CONTENT="skall"/><SP WIDTH="27" VPOS="2345" HPOS="1569"/>
							<String ID="string_342" HPOS="1596" VPOS="2345" WIDTH="163" HEIGHT="31" WC="0.91" CONTENT="boutred-"/>
						</TextLine>
						<TextLine ID="line_39" HPOS="259" VPOS="2386" WIDTH="1500" HEIGHT="49">
							<String ID="string_343" HPOS="259" VPOS="2386" WIDTH="260" HEIGHT="40" WC="0.92" CONTENT="ningsmannen"/><SP WIDTH="19" VPOS="2386" HPOS="519"/>
							<String ID="string_344" HPOS="538" VPOS="2389" WIDTH="52" HEIGHT="29" WC="0.96" CONTENT="till"/><SP WIDTH="18" VPOS="2389" HPOS="590"/>
							<String ID="string_345" HPOS="608" VPOS="2398" WIDTH="107" HEIGHT="21" WC="0.96" CONTENT="envar"/><SP WIDTH="18" VPOS="2398" HPOS="715"/>
							<String ID="string_346" HPOS="733" VPOS="2399" WIDTH="43" HEIGHT="21" WC="0.96" CONTENT="av"/><SP WIDTH="16" VPOS="2399" HPOS="776"/>
							<String ID="string_347" HPOS="792" VPOS="2391" WIDTH="80" HEIGHT="30" WC="0.93" CONTENT="dem"/><SP WIDTH="19" VPOS="2391" HPOS="872"/>
							<String ID="string_348" HPOS="891" VPOS="2391" WIDTH="118" HEIGHT="40" WC="0.92" CONTENT="utgiva"/><SP WIDTH="19" VPOS="2391" HPOS="1009"/>
							<String ID="string_349" HPOS="1028" VPOS="2392" WIDTH="130" HEIGHT="30" WC="0.96" CONTENT="honom"/><SP WIDTH="18" VPOS="2392" HPOS="1158"/>
							<String ID="string_350" HPOS="1176" VPOS="2393" WIDTH="268" HEIGHT="32" WC="0.96" CONTENT="tillkommande"/><SP WIDTH="19" VPOS="2393" HPOS="1444"/>
							<String ID="string_351" HPOS="1463" VPOS="2396" WIDTH="179" HEIGHT="39" WC="0.93" CONTENT="egendom."/><SP WIDTH="21" VPOS="2396" HPOS="1642"/>
							<String ID="string_352" HPOS="1663" VPOS="2397" WIDTH="96" HEIGHT="30" WC="0.90" CONTENT="Sam-"/>
						</TextLine>
						<TextLine ID="line_40" HPOS="258" VPOS="2438" WIDTH="1330" HEIGHT="45">
							<String ID="string_353" HPOS="258" VPOS="2445" WIDTH="57" HEIGHT="21" WC="0.96" CONTENT="ma"/><SP WIDTH="19" VPOS="2445" HPOS="315"/>
							<String ID="string_354" HPOS="334" VPOS="2438" WIDTH="57" HEIGHT="39" WC="0.95" CONTENT="lag"/><SP WIDTH="18" VPOS="2438" HPOS="391"/>
							<String ID="string_355" HPOS="409" VPOS="2447" WIDTH="91" HEIGHT="26" WC="0.96" CONTENT="vare,"/><SP WIDTH="18" VPOS="2447" HPOS="500"/>
							<String ID="string_356" HPOS="518" VPOS="2440" WIDTH="64" HEIGHT="29" WC="0.97" CONTENT="där"/><SP WIDTH="18" VPOS="2440" HPOS="582"/>
							<String ID="string_357" HPOS="600" VPOS="2449" WIDTH="44" HEIGHT="20" WC="0.93" CONTENT="av"/><SP WIDTH="19" VPOS="2449" HPOS="644"/>
							<String ID="string_358" HPOS="663" VPOS="2440" WIDTH="209" HEIGHT="30" WC="0.91" CONTENT="skiftesman"/><SP WIDTH="20" VPOS="2440" HPOS="872"/>
							<String ID="string_359" HPOS="892" VPOS="2442" WIDTH="191" HEIGHT="30" WC="0.96" CONTENT="verkställd"/><SP WIDTH="20" VPOS="2442" HPOS="1083"/>
							<String ID="string_360" HPOS="1103" VPOS="2444" WIDTH="141" HEIGHT="39" WC="0.96" CONTENT="delning"/><SP WIDTH="20" VPOS="2444" HPOS="1244"/>
							<String ID="string_361" HPOS="1264" VPOS="2444" WIDTH="98" HEIGHT="31" WC="0.93" CONTENT="blivit"/><SP WIDTH="21" VPOS="2444" HPOS="1362"/>
							<String ID="string_362" HPOS="1383" VPOS="2445" WIDTH="205" HEIGHT="31" WC="0.92" CONTENT="ståndande."/>
						</TextLine>
					</TextBlock>
				</ComposedBlock>
			</PrintSpace>
		</Page>
	</Layout>
</alto>
