1890 2786
504 157 293 36 Statsutskottets
820 158 185 36 utlåtande
1029 170 42 24 nr
1091 163 76 32 157.
1551 165 40 31 19

83 236 108 43 siktig
211 237 86 43 plan
319 237 55 34 för
394 238 285 43 upprustningen
700 251 48 21 av
768 238 226 36 Stockholms
1014 240 173 43 högskola
1208 241 11 34 i
1241 241 156 43 enlighet
1417 242 83 34 med
1521 243 72 34 vad

80 289 12 33 i
105 290 184 35 motionen
304 290 148 42 anförts,
466 292 74 34 dels
555 291 67 35 ock
636 296 56 30 att
706 292 189 43 riksdagen
908 294 115 33 måtte
1039 294 61 34 vid
1114 294 263 43 godkännande
1392 308 47 21 av
1452 295 140 35 huvud-

83 347 120 30 staten
217 343 56 35 för
289 344 227 35 Stockholms
531 345 172 43 högskola
718 346 56 34 för
789 346 215 43 budgetåret
1022 347 157 43 1952/53
1197 348 142 34 besluta
1355 349 136 34 sådana
1506 350 86 34 änd-

82 396 118 43 ringar
223 397 6 34 i
247 397 134 43 Kungl.
401 398 130 42 Maj:ts
552 398 130 44 förslag
702 411 77 23 som
799 399 201 35 föranledas
1021 413 47 21 av
1086 400 12 34 i
1116 401 186 35 motionen
1321 401 196 36 framförda
1535 415 57 31 yr-

82 449 155 42 kanden,
256 451 180 43 nämligen

128 504 34 42 a)
191 509 58 29 att
266 504 81 34 från
365 505 67 34 och
451 506 83 34 med
554 506 102 34 detta
675 506 178 43 budgetår
871 507 154 34 inrättas
1044 520 45 21 en
1108 520 51 31 ny
1178 508 181 44 professur
1376 509 12 34 i
1406 509 186 44 psykologi

81 557 83 33 eller
185 557 12 34 i
219 558 211 43 pedagogik,
453 571 44 21 en
520 571 50 31 ny
592 559 181 43 professur
795 560 12 33 i
830 560 166 44 sociologi
1020 566 95 29 samt
1136 574 45 21 en
1204 574 50 31 ny
1276 562 180 43 professur
1478 563 12 34 i
1513 575 79 31 geo-

81 610 101 42 grafi,
198 611 143 34 särskilt
355 612 279 43 kulturgeografi
649 614 84 34 med
749 613 210 35 ekonomisk
974 614 167 43 geografi,
1157 615 12 33 i
1183 615 157 43 enlighet
1354 617 82 34 med
1452 616 139 35 univer-

80 663 286 36 sitetskanslerns
390 665 217 43 tillstyrkan,

127 719 38 42 b)
194 724 57 29 att
272 719 12 34 i
305 720 161 42 anslaget
486 720 55 33 till
561 720 161 34 materiel
744 732 48 22 m.
814 733 48 21 m.
883 721 115 34 måtte
1020 721 197 43 inrymmas
1240 725 43 31 25
1298 726 66 30 000
1386 722 132 35 kronor
1537 723 54 34 till

82 772 197 43 utgivande
296 785 46 21 av
358 785 44 21 en
418 773 214 42 högskolans
651 773 175 41 årsskrift,
844 774 120 34 varför
981 775 162 42 anslaget
1158 775 11 33 i
1186 775 81 34 dess
1283 775 121 35 helhet
1420 776 65 34 bör
1502 789 89 31 upp-

81 825 96 34 föras
195 826 84 34 med
300 830 55 29 ett
374 826 80 34 från
475 830 66 30 490
556 830 65 30 000
644 827 55 34 till
721 831 67 30 515
802 831 67 30 000
890 827 132 35 kronor
1041 828 81 42 höjt
1143 828 142 44 belopp,

127 879 32 42 c)
188 883 57 29 att
264 880 161 42 anslaget
443 879 54 34 till
516 880 352 42 engångskostnader
886 880 56 34 för
958 881 395 44 materielanskaffning
1368 883 116 33 måtte
1502 895 89 31 upp-

80 931 96 35 föras
196 933 83 34 med
300 937 56 29 ett
375 932 79 34 från
477 936 64 31 125
556 936 66 31 000
642 933 56 34 till
719 937 66 30 200
800 937 66 31 000
887 934 132 34 kronor
1037 934 82 43 höjt
1139 935 143 43 belopp,
1302 936 12 34 i
1334 935 156 43 enlighet
1509 936 81 34 med

81 985 413 34 universitetskanslerns
515 985 142 44 förslag;

126 1038 76 34 dels
225 1039 66 33 två
315 1038 229 44 likalydande
568 1039 189 41 motioner,
781 1040 134 34 väckta
939 1041 69 33 den
1032 1053 69 21 ena
1124 1041 99 34 imom
1247 1041 114 34 första
1383 1042 209 34 kammaren

81 1103 46 21 av
149 1091 82 34 herr
253 1091 156 43 Mogård
431 1105 48 21 m.
502 1092 38 42 fl.
568 1093 44 42 (I:
626 1093 82 42 419)
736 1093 68 34 och
828 1093 70 34 den
921 1094 113 33 andra
1056 1094 97 34 inom
1178 1095 113 34 andra
1312 1095 209 34 kammaren
1545 1108 45 21 av

80 1144 81 34 herr
181 1145 145 34 Håstad
348 1158 48 21 m.
418 1146 38 42 fl.
484 1146 64 43 (II:
563 1146 81 43 571)
671 1146 11 34 i
705 1147 100 33 vilka
826 1146 203 35 hemställts
1052 1152 56 29 att
1131 1147 190 44 riksdagen
1344 1148 61 34 vid
1428 1148 158 35 behand-

80 1198 118 43 lingen
216 1211 47 22 av
280 1199 267 44 propositionen
564 1212 60 22 om
640 1200 259 34 universiteten
915 1201 68 34 och
999 1201 70 34 den
1085 1201 222 35 medicinska
1323 1202 267 44 undervisning-

81 1264 44 21 en
142 1253 116 33 måtte
275 1253 11 33 i
303 1253 155 34 avsende
474 1253 48 43 på
539 1253 226 35 Stockholms
782 1253 173 44 högskola
972 1254 141 34 besluta
1129 1259 59 30 att
1204 1255 71 34 öka
1292 1256 138 33 antalet
1446 1256 144 34 docent-

80 1305 247 44 befattningar
349 1309 129 31 utöver
500 1307 72 34 vad
596 1307 134 43 Kungl.
755 1307 115 43 Maj:t
892 1307 183 44 föreslagit
1097 1309 83 33 med
1204 1312 33 37 6,
1260 1308 182 36 fördelade
1463 1310 83 34 med
1570 1313 21 30 2

79 1360 48 41 på
142 1359 69 34 den
227 1360 639 44 matematisk-naturvetenskapliga,
884 1364 17 30 1
921 1362 48 42 på
984 1362 70 33 den
1071 1366 107 29 stats-
1195 1362 67 34 och
1279 1363 305 42 rättsvetenskap-

80 1412 70 43 liga
170 1413 67 34 och
258 1417 20 30 3
299 1414 48 42 på
366 1413 70 34 den
454 1413 264 35 humanistiska
736 1414 204 34 fakulteten
960 1420 96 28 samt
1076 1419 57 30 att
1151 1420 56 29 ett
1226 1416 144 33 särskilt
1390 1416 123 43 anslag
1531 1429 60 22 om

80 1469 43 30 25
138 1469 65 30 000
228 1465 133 35 kronor
384 1466 150 43 beviljas
559 1467 175 34 avseende
758 1472 101 29 extra
882 1468 219 34 medverkan
1125 1467 81 35 från
1229 1468 79 34 icke
1331 1469 260 43 stipendierade

80 1519 187 34 docenters
285 1519 78 34 sida
380 1532 128 30 genom
527 1519 123 34 kurser
667 1520 84 34 eller
767 1520 169 35 liknande
953 1521 13 33 i
983 1521 215 43 högskolans
1217 1522 266 43 undervisning;

126 1572 76 34 dels
223 1584 45 22 en
291 1572 97 34 inom
411 1573 113 34 andra
544 1573 210 34 kammaren
776 1585 47 22 av
845 1573 57 34 fru
923 1574 173 35 Eriksson
1119 1574 11 34 i
1153 1574 209 35 Stockholm
1385 1575 110 34 väckt
1516 1588 74 22 mo-

80 1625 77 34 tion
178 1625 65 43 (II:
258 1626 97 42 566),
371 1626 77 33 vari
465 1626 213 41 hemställts,
697 1631 57 29 att
771 1626 189 44 riksdagen
975 1628 116 33 måtte
1109 1628 152 40 besluta,
1279 1633 58 29 att
1352 1640 44 22 en
1412 1628 180 44 professur

79 1679 12 33 i
116 1679 167 43 sociologi
308 1679 153 34 inrättas
488 1679 61 35 vid
576 1679 226 35 Stockholms
828 1680 172 43 högskola
1025 1680 80 35 från
1130 1681 68 34 och
1224 1682 83 34 med
1331 1681 259 35 höstterminen

82 1734 100 38 1932;

125 1784 76 34 dels
221 1785 68 34 ock
311 1797 44 22 en
376 1785 97 35 inom
494 1786 112 34 andra
626 1786 211 34 kammaren
858 1799 46 22 av
925 1787 81 34 herr
1028 1787 170 34 Wiklund
1219 1787 11 34 i
1251 1787 208 35 Stockholm
1481 1788 110 34 väckt

82 1837 138 34 motion
240 1838 64 43 (II:
320 1840 80 41 572)
422 1839 75 33 vari
513 1839 213 40 hemställts,
743 1844 57 29 att
816 1840 188 42 riksdagen
1021 1840 82 34 ville
1119 1840 134 43 bevilja
1270 1845 19 30 9
1305 1845 68 30 850
1387 1841 131 34 kronor
1533 1842 55 33 till

82 1892 230 34 bestridande
337 1904 47 21 av
410 1892 332 34 driftkostnaderna
766 1893 56 34 för
847 1893 291 42 kriminologiska
1164 1894 185 34 institutet
1375 1894 60 34 vid
1463 1894 124 35 Stock-

79 1944 116 34 holms
217 1945 173 42 högskola
412 1945 12 33 i
447 1945 155 43 enlighet
625 1946 83 34 med
732 1947 125 33 därom
881 1959 47 21 av
950 1946 214 43 högskolans
1188 1947 147 43 styrelse
1358 1947 102 43 gjord
1483 1947 107 34 fram-

79 1997 179 43 ställning.

125 2051 236 34 Beträffande
388 2052 258 43 motiveringen
673 2052 56 34 för
755 2053 45 33 de
826 2052 213 35 motionsvis
1065 2052 127 43 gjorda
1217 2053 210 43 yrkandena
1452 2053 56 34 får
1533 2058 56 30 ut-

82 2103 137 34 skottet
238 2104 153 34 hänvisa
408 2105 54 34 till
481 2105 225 34 motionerna
724 2106 30 33 I:
769 2109 80 36 417,
869 2106 29 33 I:
913 2109 80 35 419,
1013 2106 50 33 II:
1079 2110 65 30 566
1166 2106 66 34 och
1251 2107 51 33 II:
1318 2110 77 30 572.

125 2211 407 44 Departementschefen
546 2211 65 34 har
626 2211 228 34 beträffande
869 2211 258 43 utgiftsposten
1142 2212 221 42 Avlöningar
1377 2212 212 43 inlednings-

79 2264 54 34 vis
156 2264 122 34 anfört
300 2264 169 42 följande.

124 2343 69 43 Jag
216 2343 63 33 vill
301 2343 55 33 till
378 2355 44 21 en
446 2342 127 43 början
596 2343 115 33 erinra
733 2355 60 22 om
818 2347 56 30 att
897 2343 11 33 i
931 2343 268 50 propositionen
1224 2347 158 30 1952:12
1407 2345 183 42 angående

80 2388 93 33 löne-
203 2387 67 33 och
326 2387 313 42 pensionsreglering
668 2387 56 33 för
751 2387 216 42 professorer
996 2387 68 34 och
1094 2387 96 34 vissa
1218 2388 113 34 andra
1360 2388 230 34 akademiska

82 2432 111 33 lärare
222 2444 48 21 m.
317 2432 21 33 fl.
368 2431 189 40 förordats,
588 2436 56 29 att
674 2431 217 43 professurer
920 2431 67 34 och
1018 2431 271 43 befattningar
1277 2427 20 52 i
1311 2432 274 43 laboratorsgra-

80 2477 69 33 den
178 2476 61 34 vid
270 2476 109 34 bland
407 2481 113 29 annat
547 2476 227 34 Stockholms
803 2476 67 34 och
899 2477 199 42 Göteborgs
1127 2476 191 43 högskolor
1345 2477 100 34 skola
1472 2477 117 35 inord-
