2223 2688
729 216 252 36 Stats-Utskottets
1005 224 150 29 Memorial
1176 225 58 29 N:o
1257 224 53 31 52.
1747 231 37 28 43

281 308 322 53 Aflöningsstat
630 310 75 42 för
730 310 469 53 Riksgäldskontorets
1226 315 274 53 tjenstemiän
1526 320 85 42 och
1636 321 128 43 vakt-

897 373 244 53 betjening.

210 434 95 33 P——L
313 434 21 33 —
346 434 133 33 ALL"
482 434 21 33 ——
540 434 139 33 000000"
688 434 40 33 0000
742 434 1090 33 NNNEENNSOEENEENOERENNNNEONSENERSNNANEONOOAOAAONIIEEROARAIROENRTTINKETROAEEEIEEKE

1137 499 59 24 Lön
1637 497 115 42 Summa.
1824 473 2 104 |

1247 577 2 15 |
1564 579 3 30 |
1773 584 53 25 od

246 618 12 28 1
287 613 227 41 Sekreterare,
540 626 71 22 som
623 616 108 33 tillika
746 620 37 29 är
799 606 242 46 Ombudsman
1028 602 16 58 |
1116 622 107 38 4,400
1247 577 52 87 H
1378 618 188 45 1,600"—'
1598 614 19 57 —
1641 628 105 39 6,000
1773 631 53 43 |]

246 669 12 28 I
289 666 127 31 Kassör
456 691 567 12 sosssssss
737 640 75 80 ess
827 691 196 12 essens
1038 648 2 69 |
1116 673 107 39 4,400
1247 665 52 56 —
1341 637 12 91 =
1378 675 106 39 1,600
1515 641 48 72 =
1597 637 23 91 —
1640 679 108 39 6:000
1772 675 53 47 —

246 721 13 28 1
284 717 221 33 Kamererare.
514 743 509 11 ..sosesssrsir
892 704 45 65 ss
952 704 75 65 eos
1038 721 2 45 |
1117 725 106 37 -4,000
1247 731 52 38 —
1379 726 105 39 -1,600
1516 715 47 53 =
1641 730 106 38 —5,600
1772 738 53 34 —

243 772 13 28 I
286 768 136 32 RevisOr
449 794 132 7 sosse
606 795 101 7 sees
731 796 69 7 oss
825 797 68 7 rss
924 798 100 8 ses
1117 768 182 46 2500
1260 759 42 59 —
1416 770 147 51 800
1520 766 57 60 =]
1607 766 15 60 —
1641 773 184 49 3,300
1779 766 50 60 —/

243 823 13 29 1
282 819 327 34 Kassabokhållare.
667 823 372 33 .........o.o.c..o.c
1117 827 106 38 2,000
1247 816 43 49 -
1415 828 68 31 300
1509 824 54 49 [—]
1641 832 107 39 2,800
1773 836 52 40 —

244 874 13 29 1
283 870 289 34 Lånebokhållare
608 898 415 10 .....ssssosos00
977 857 48 69 os
1038 875 185 59 -2,000
1247 869 52 78 -
1415 879 68 31 800
1515 873 48 57 =]
1640 883 107 39 —2,800
1772 870 53 59 ||

244 926 13 28 1
282 922 214 40 Registrator
520 923 63 32 och
606 924 149 33 Kanslist.
769 951 255 8 ........
1038 938 1 11 |
1117 929 105 38 --1,500
1247 941 52 16 |]
1414 931 69 30 900
1517 947 45 21 —-
1640 934 107 39 —-2,400
1772 932 53 29 ||

243 977 13 29 1
282 973 317 35 Kammarskrifvare.
609 1000 414 10 .............
1038 980 185 38 "--1,500
1247 974 45 73 -
1415 981 68 31 600
1509 978 45 27 —
1640 985 107 39 2,100
1772 983 53 51 —

244 1028 13 29 1
281 1025 119 32 Förste
429 1025 232 35 Vaktmästare.
705 1052 4 8 .
734 1053 288 8 ..........
1037 1064 1 8 |
1154 1031 68 31 700
1247 1034 52 45 |—
1415 1032 68 31 100
1516 1053 46 25 —|
1679 1036 68 30 800
1772 1029 53 40 —

244 1080 12 28 1
282 1076 233 33 Vaktmästare
546 1104 475 9 ................
1037 1108 1 11 |
1153 1082 69 31 600
1246 1094 46 31 —
1416 1083 67 31 100
1516 1104 46 5 —
1679 1087 68 31 700
1771 1080 54 55 |—]

244 1131 12 28 1
283 1127 233 33 Vaktmästare
541 1154 480 10 ................
1036 1124 2 64 |
1154 1133 68 31 600
1246 1126 53 58 —
1416 1134 67 31 100
1517 1156 45 26 |-—
1678 1138 68 31 700
1771 1136 54 47 —

244 1182 11 28 1
282 1178 231 34 Vaktmästare
544 1206 477 9 ................
1036 1189 2 41 |
1154 1185 68 31 600
1246 1190 53 42 =
1416 1186 67 32 100
1508 1186 54 24 —]
1680 1190 67 30 700
1771 1189 53 49 =

750 1250 131 33 Summa
904 1241 135 59 kronor|
1088 1254 132 40 24,800
1244 1242 54 59 ||
1374 1257 106 38 —9,100
1511 1275 43 5 |]
1612 1258 134 40 33,900
1770 1241 54 64 |—

347 1341 150 41 Tillägg:
520 1342 66 33 För
612 1343 172 41 Revisorn,
809 1345 231 43 Bokhållarne,
1064 1348 231 39 Registratorn
1321 1349 60 31 och
1406 1349 194 33 Kanslisten
1624 1355 85 28 samt
1725 1352 99 33 Kam-

210 1392 255 32 marskrifvaren
495 1393 76 40 kan,
597 1394 40 32 då
662 1395 40 32 de
731 1395 72 32 icke
828 1397 178 33 innehafva
1034 1409 108 22 annan
1166 1399 324 43 tjenstebefattning,
1527 1401 101 33 lönen
1653 1403 84 32 efter
1759 1404 65 32 fem

210 1445 53 30 års
287 1444 223 41 tjenstgöring
533 1446 87 31 inom
644 1446 126 41 graden
794 1447 149 42 förhöjas
965 1450 76 32 med
1071 1475 6 6 .
1126 1475 6 6 .
1181 1477 7 8 .
1236 1475 5 7 .
1291 1476 6 5 .
1345 1476 6 6 .
1508 1453 132 33 Kronor
1667 1455 81 32 500:
1776 1473 49 5 —

344 1498 85 29 samt
462 1495 51 32 för
542 1496 162 33 Revisorn
734 1498 63 32 och
824 1499 238 41 Bokhållarne,
1093 1501 85 32 efter
1205 1502 45 32 tio
1276 1503 52 30 års
1351 1502 116 42 tjenst-

209 1546 118 41 göring
349 1546 88 32 inom
462 1547 125 41 graden
612 1548 76 33 med
710 1550 196 42 ytterligare
967 1577 6 6 .
1020 1577 6 7 .
1073 1578 7 7 .
1133 1577 2 6 .
1187 1578 2 5 .
1238 1578 5 6 .
1292 1578 7 6 .
1347 1578 6 6 .
1402 1579 6 6 .
1570 1581 13 14 »
1665 1556 82 33 5300:
1774 1576 50 5 —

341 1597 67 33 För
431 1598 297 43 vaktbetjeningen
752 1600 66 33 kan
842 1601 192 43 aflöningen
1048 1603 84 33 efter
1147 1603 64 33 fem
1227 1606 52 30 års
1297 1604 167 34 ordinarie

207 1648 103 41 tjenst
334 1649 63 32 och
421 1649 167 34 derunder
617 1651 208 42 ådagalagdt
847 1653 264 34 välförhållande
1134 1655 108 41 höjas,
1264 1656 102 32 lönen
1389 1656 73 33 med
1570 1684 12 14 »
1666 1660 80 32 100:
1774 1679 44 4 —

207 1699 62 33 och
293 1700 471 43 tjenstgöringspenningarne
793 1704 77 32 med
912 1730 6 6 .
968 1731 6 6 .
1022 1731 6 6 .
1567 1735 14 14 3
1665 1711 80 32 100:
1774 1730 45 5 —

340 1752 305 42 Vaktbetjeningen
673 1755 148 42 åtnjuter
843 1756 40 32 fri
906 1756 123 34 bostad
1052 1757 76 33 med
1156 1758 103 41 nödig
1273 1759 182 32 vedbrand.
1503 1760 112 34 Skulle
1633 1761 110 33 denna
1757 1763 64 31 för-

204 1804 77 30 mån
304 1803 133 32 komma
459 1807 50 29 att
535 1804 53 32 för
617 1804 246 35 vaktmästarne
890 1807 82 33 eller
999 1810 111 39 någon
1135 1809 35 32 af
1195 1810 75 31 dem
1293 1810 162 41 upphöra,
1478 1814 57 30 äro
1558 1812 39 32 de
1612 1812 210 42 berättigade

205 1856 50 29 att
276 1854 11 31 i
312 1855 113 32 stället
449 1857 111 30 såsom
583 1857 432 43 tjenstgöringspenningar
1037 1860 152 41 uppbära
1212 1863 60 30 200
1295 1861 125 33 kronor
1443 1862 90 33 hvar.

338 1906 64 32 Vid
427 1907 256 42 tillämpningen
707 1909 36 32 af
765 1910 110 32 denna
899 1910 234 42 aflöningsstat
1155 1912 167 41 iakttages
1347 1913 159 42 derjemte
1531 1915 165 41 följande:

343 1960 62 39 1:0)
428 1958 50 32 De
502 1959 76 32 med
602 1959 113 42 hvarje
739 1960 191 42 befattning
959 1962 161 33 förenade
1149 1964 429 42 tjenstgöringspenningar
1600 1966 33 33 få
1655 1966 168 42 uppbäras

204 2007 123 33 endast
348 2008 53 32 för
425 2009 65 32 den
512 2010 58 40 tid,
599 2011 164 41 tjenstens
780 2013 217 33 innehafvare
1012 2014 169 41 verkligen
1198 2015 192 41 tjenstgjort
1403 2016 83 32 eller
1498 2017 136 42 åtnjutit
1649 2021 171 37 semester,

200 2069 77 22 men
301 2059 96 33 skola
419 2060 52 33 för
496 2061 64 33 den
583 2062 59 40 tid,
665 2062 67 34 han
756 2064 97 41 eljest
876 2065 84 32 varit
976 2064 72 34 från
1062 2066 265 41 tjenstgöringen
1344 2067 140 40 befriad,
1498 2070 80 39 utgå
1591 2069 49 31 till
1657 2069 73 40 den,
1745 2080 69 22 som

199 2111 147 41 tjensten
368 2111 171 42 förrättat;
565 2113 86 33 dock
673 2116 54 31 må
749 2115 218 42 Fullmäktige
996 2116 110 33 kunna
1129 2118 165 40 medgifva
1319 2118 64 32 den
1406 2119 199 41 tjensteman
1625 2121 82 32 eller
1723 2121 92 32 vakt-

335 2214 13 14 +
368 2213 34 25 Så
429 2214 81 31 länge
540 2215 198 25 Sekreteraren
768 2217 116 24 innehar
909 2218 36 24 fri
965 2219 100 23 bostad
1085 2219 66 31 utgå
1169 2219 391 32 tjenstgöringspenningarne
1579 2221 64 25 med
1662 2222 98 23 endast
1779 2223 48 23 600

201 2247 115 30 kronor;
345 2248 71 24 dock
445 2248 30 24 så
504 2251 50 29 att,
579 2250 47 24 vid
646 2251 98 31 afdrag
762 2252 10 23 i
789 2251 72 31 följd
882 2252 28 24 af
927 2251 222 32 tjenstledighet,
1171 2254 160 30 detsamma,
1350 2255 63 23 med
1432 2255 176 32 tillämpning
1627 2256 28 23 af
1674 2256 33 23 de
1726 2256 44 24 för
1789 2257 39 23 så-

204 2282 67 24 dant
297 2282 53 24 fall
382 2283 77 30 gifna
486 2283 218 33 bestämmelser,
734 2286 62 24 sker
824 2286 44 24 för
895 2286 63 24 hela
985 2287 134 31 beloppet
1145 2288 28 24 af
1191 2287 392 33 tjenstgöringspenningarne
1601 2290 62 24 från
1683 2290 144 32 aflönings-

200 2316 134 32 beloppet
352 2317 9 24 i
380 2317 63 24 dess
462 2318 103 24 helhet.
