2200 2686
451 239 35 27 12
925 242 250 29 Stats-Utskottets
1200 244 151 28 Memorial
1374 244 55 28 N:o
1453 243 53 30 52.

405 316 133 33 hvadan
572 317 98 32 alltså
705 317 64 33 den
802 318 158 33 framtida
990 319 297 43 vedergällningen
1316 321 52 32 för
1391 322 105 40 sagda
1520 323 151 42 uppdrag
1696 324 62 33 och
1783 324 112 43 bestyr
1918 325 92 33 kom-

405 379 71 21 mer
500 371 48 30 att
570 368 181 33 innefattas
778 369 9 32 i
813 369 65 33 den
906 370 156 42 aflöning,
1087 372 155 41 gällande
1268 376 67 30 stat
1357 376 182 39 upptager;

499 422 61 29 3:0.
607 420 49 32 De
697 420 72 33 med
812 420 112 43 hvarje
963 422 188 42 befattning
1189 424 163 33 förenade
1377 425 430 43 tjenstgöringspenningar
1830 427 33 33 få
1885 427 126 43 uppbä-

405 481 55 21 ras
497 470 119 33 endast
649 471 52 32 för
738 472 62 31 den
834 472 58 40 tid,
928 473 163 41 tjenstens
1116 474 216 34 innehafvare
1357 476 173 41 verkligen
1553 477 194 42 tjenstgjort
1775 478 82 32 eller
1879 479 133 42 åtnjutit

407 526 171 36 semester,
601 534 76 21 men
705 523 95 32 skola
822 523 52 32 för
898 524 64 32 den
986 525 57 39 tid,
1067 525 66 32 han
1157 526 99 41 eljest
1280 527 83 33 varit
1386 528 71 32 från
1483 528 267 42 tjenstgöringen
1776 529 141 41 befriad,
1932 532 80 39 utgå

405 573 49 32 till
479 573 74 40 den,
579 585 70 21 som
671 574 147 41 tjensten
845 574 175 41 förrättat;
1046 576 86 33 dock
1156 579 52 31 må
1232 578 220 42 Fullmäktige
1478 579 112 33 kunna
1613 581 165 41 medgifva
1795 581 65 33 den
1874 582 139 42 tjenste-

405 636 75 21 man
515 625 83 32 eller
626 626 218 42 vaktbetjent,
869 638 70 21 som
963 627 35 33 af
1019 628 151 42 sjukdom
1194 629 137 34 hindras
1355 630 74 33 från
1453 631 220 33 bestridande
1699 633 35 32 af
1754 634 49 31 sin
1827 634 113 41 tjenst,
1965 638 49 29 att

404 677 152 41 uppbära
600 677 40 33 de
685 677 51 32 för
782 688 124 22 samma
949 679 102 41 tjenst
1096 681 157 32 anvisade
1295 683 431 42 tjenstgöringspenningar
1770 685 82 32 eller
1901 687 111 40 någon

405 727 54 31 del
493 728 102 31 deraf.

502 780 61 30 4:0.
610 778 214 42 Tjensteman
865 779 52 32 vid
954 779 339 43 Riksgäldskontoret
1331 782 50 33 får
1422 782 75 34 icke
1541 795 109 22 annan
1686 784 315 44 tjenstebefattning

403 832 92 30 utom
523 830 337 41 Riksgäldskontoret
886 835 159 37 mottaga.
1091 833 84 39 Den,
1199 845 71 21 som
1293 834 50 32 till
1366 835 202 41 tjensteman
1591 836 55 32 vid
1669 836 339 42 Riksgäldskontoret

403 884 183 37 utnämnes,
627 892 75 22 vare
742 882 130 41 skyldig
915 886 49 29 att
1000 884 223 33 annorstädes
1259 886 244 33 innehafvande
1538 888 315 42 tjenstebefattning
1887 893 120 37 genast

402 927 182 51 frånträda.
1332 939 4 3 i

505 984 224 41 Tjensteman,
766 995 70 22 som
872 985 50 32 till
955 985 82 42 följd
1061 985 35 33 af
1115 985 89 34 förut
1227 987 156 41 gällande
1409 988 211 42 stadganden
1643 990 143 33 innehar
1801 991 103 42 tjenst
1918 994 92 30 utom

403 1034 346 42 Riksgäldskontoret,
774 1037 51 31 må
851 1036 86 32 dock
961 1037 193 33 densamma
1176 1038 182 41 bibehålla,
1385 1041 37 31 så
1448 1040 99 41 länge
1573 1041 64 32 den
1665 1042 74 32 icke
1765 1046 37 29 är
1826 1043 52 32 för
1892 1043 117 42 tjenst-

403 1087 163 41 göringen
593 1089 10 31 i
627 1087 339 41 Riksgäldskontoret
987 1088 177 42 hinderlig.

1160 1176 16 40 8
1202 1178 47 31 19.

534 1240 63 31 Till
622 1240 145 41 belöning
782 1239 62 43 för
871 1242 88 30 extra
985 1241 126 33 arbeten
1136 1242 61 32 och
1226 1243 49 31 till
1298 1246 222 37 uppmuntran
1535 1245 62 43 för
1622 1247 88 30 extra
1730 1246 192 39 ordinarier,
1939 1257 70 22 som

403 1291 182 40 ådagalagt
619 1292 169 41 synnerlig
821 1292 48 31 flit
905 1291 62 32 och
1001 1292 210 42 skicklighet,
1240 1305 62 30 ega
1326 1295 220 40 Fullmäktige
1572 1299 49 29 att
1644 1297 154 32 använda
1821 1297 64 33 fem
1908 1301 97 29 tusen

403 1341 126 33 kronor
563 1342 141 41 årligen;
730 1342 86 33 dock
839 1342 50 33 får
913 1343 86 31 hvad
1023 1343 98 34 häraf
1142 1345 105 32 under
1270 1347 89 31 årets
1382 1346 79 42 lopp
1487 1346 72 33 icke
1584 1347 117 32 behöft
1723 1348 153 41 utgifvas,
1898 1349 108 32 under

403 1396 48 29 ett
488 1393 191 41 påföljande
717 1396 37 30 år
791 1394 28 41 ej
852 1394 53 31 för
929 1404 125 22 samma
1081 1396 154 32 ändamål
1259 1398 180 31 användas.
1484 1398 67 31 För
1580 1398 99 41 öfrigt
1703 1409 62 30 ega
1788 1400 219 41 Fullmäktige

400 1444 74 32 icke
509 1447 49 29 att
590 1445 130 32 tilldela
754 1445 213 41 betjeningen
1003 1446 52 31 vid
1090 1447 340 41 Riksgäldskontoret
1463 1448 149 33 hvarken
1647 1450 253 42 ljuspenningar
1924 1451 82 33 eller

401 1495 105 32 andra
529 1495 168 41 arfvoden,
721 1499 42 29 än
789 1496 39 32 de
852 1496 10 31 i
887 1495 315 42 aflöningsstaterna
1227 1499 62 32 och
1314 1499 93 33 detta
1428 1500 207 41 reglemente
1654 1501 158 33 särskildt
1828 1502 174 33 bestämda

401 1546 81 32 eller
504 1547 179 41 medgifna.

1159 1637 17 40 $
1200 1638 49 30 20.

533 1699 116 33 Såsom
673 1700 298 42 begrafningshjelp
997 1702 81 33 eller
1100 1703 180 32 understöd
1295 1705 59 42 för
1377 1704 190 33 sterbhusen
1595 1705 85 33 efter
1704 1705 122 34 aflidne
1848 1706 156 34 obemed-

397 1750 77 32 lade
508 1751 201 41 tjenstemän
744 1752 62 31 och
842 1752 227 42 vaktbetjente
1104 1755 53 31 vid
1191 1754 336 41 Riksgäldskontoret
1581 1756 60 32 och
1693 1757 20 31 f.
1761 1757 32 34 d.
1846 1758 159 32 General-

400 1801 346 40 assistans-kontoret,
784 1814 63 29 ega
882 1803 218 43 Fullmäktige
1138 1809 58 35 att,
1220 1806 105 32 under
1347 1807 116 41 loppet
1486 1808 36 31 af
1541 1807 114 42 hvarje
1680 1809 45 38 år,
1753 1808 180 41 disponera
1966 1821 40 21 en

400 1862 127 22 summa
551 1851 34 33 af
606 1852 100 42 högst
728 1854 55 31 två
805 1853 131 34 hundra
958 1855 157 42 tjugufem
1139 1856 133 33 kronor.

1156 1942 16 41 8
1196 1944 49 29 21.

531 2005 123 32 Derest
682 2004 108 34 Enke-
813 2006 61 32 och
896 2006 255 41 Pupillkassans
1177 2009 53 31 vid
1252 2009 330 41 Riksgäldskontoret
1611 2011 164 33 afslutade
1802 2012 62 33 och
1887 2014 112 32 veder-

396 2055 153 41 börligen
591 2056 187 40 granskade
814 2057 230 43 räkenskaper
1065 2059 52 33 för
1139 2060 92 32 tiden
1256 2061 49 31 till
1329 2061 63 32 och
1420 2061 74 32 med
1521 2062 57 32 det
1606 2064 45 38 år,
1678 2063 42 32 då
1746 2066 97 30 nästa
1866 2064 136 42 riksdag

398 2107 112 38 slutar,
548 2106 105 32 skulle
688 2109 79 38 visa,
808 2112 49 28 att
892 2109 139 33 kassans
1056 2111 170 32 inkomster
1250 2112 106 32 under
1379 2114 72 30 året
1472 2113 195 41 understigit
1689 2114 40 32 de
1752 2115 247 41 utbetalningar,

400 2168 70 21 som
506 2158 167 32 derunder
707 2159 123 32 kassan
855 2160 119 41 ålegat,
998 2163 53 30 må
1076 2162 63 32 den
1164 2163 140 32 sålunda
1327 2163 189 41 uppkomna
1539 2165 129 38 bristen,
1697 2165 89 32 inom
1810 2169 45 29 ett
1879 2167 120 41 belopp

397 2208 35 32 af
467 2207 99 42 högst
589 2210 54 31 två
667 2212 96 30 tusen
789 2210 189 34 tvåhundra
1001 2212 113 33 femtio
1138 2213 124 33 kronor
1284 2215 52 31 för
1359 2216 81 38 året,
1466 2214 36 33 af
1520 2215 355 41 Riksgäldskontorets
1889 2218 109 32 medel

398 2259 195 41 godtgöras,
627 2261 107 31 under
766 2261 165 33 förbehåll
966 2263 110 40 likväl,
1116 2268 49 28 att
1187 2265 87 32 hvad
1297 2265 72 32 utaf
1390 2266 111 32 denna
1523 2267 266 40 anslagssumma
1815 2268 52 32 för
1891 2272 48 29 ett
1963 2271 37 30 år

397 2311 28 40 ej
456 2310 117 32 behöft
603 2312 170 32 användas
797 2313 73 32 icke
895 2314 50 32 får
968 2315 51 31 för
1043 2319 46 28 ett
1113 2321 101 27 annat
1237 2316 36 33 af
1292 2317 121 32 kassan
1437 2317 265 43 tillgodonjutas,
1728 2319 60 32 och
1811 2319 107 33 under
1940 2320 59 32 vil-
