<?xml version="1.0" encoding="UTF-8"?>
<alto xmlns="http://www.loc.gov/standards/alto/ns-v3#" xmlns:xlink="http://www.w3.org/1999/xlink" xmlns:xsi="http://www.w3.org/2001/XMLSchema-instance" xsi:schemaLocation="http://www.loc.gov/standards/alto/ns-v3# http://www.loc.gov/alto/v3/alto-3-0.xsd">
	<Description>
		<MeasurementUnit>pixel</MeasurementUnit>
		<sourceImageInformation>
			<fileName>/tmp/tess_wnblu8cq_input.PNG</fileName>
		</sourceImageInformation>
		<OCRProcessing ID="OCR_0">
			<ocrProcessingStep>
				<processingSoftware>
					<softwareName>tesseract 5.3.0</softwareName>
				</processingSoftware>
			</ocrProcessingStep>
		</OCRProcessing>
	</Description>
	<Layout>
		<Page WIDTH="1912" HEIGHT="2844" PHYSICAL_IMG_NR="0" ID="page_0">
			<PrintSpace HPOS="0" VPOS="0" WIDTH="1912" HEIGHT="2844">
				<ComposedBlock ID="cblock_0" HPOS="485" VPOS="170" WIDTH="1117" HEIGHT="41">
					<TextBlock ID="block_0" HPOS="485" VPOS="170" WIDTH="1117" HEIGHT="41">
						<TextLine ID="line_0" HPOS="485" VPOS="170" WIDTH="1117" HEIGHT="41">
							<String ID="string_0" HPOS="485" VPOS="173" WIDTH="421" HEIGHT="38" WC="0.92" CONTENT="Bevillningsutskottets"/><SP WIDTH="22" VPOS="173" HPOS="906"/>
							<String ID="string_1" HPOS="928" VPOS="173" WIDTH="226" HEIGHT="33" WC="0.96" CONTENT="betänkande"/><SP WIDTH="20" VPOS="173" HPOS="1154"/>
							<String ID="string_2" HPOS="1174" VPOS="173" WIDTH="54" HEIGHT="32" WC="0.91" CONTENT="Nr"/><SP WIDTH="24" VPOS="173" HPOS="1228"/>
							<String ID="string_3" HPOS="1252" VPOS="173" WIDTH="52" HEIGHT="31" WC="0.84" CONTENT="64."/><SP WIDTH="255" VPOS="173" HPOS="1304"/>
							<String ID="string_4" HPOS="1559" VPOS="170" WIDTH="43" HEIGHT="33" WC="0.93" CONTENT="31"/>
						</TextLine>
					</TextBlock>
				</ComposedBlock>
				<GraphicalElement ID="cblock_1" HPOS="138" VPOS="247" WIDTH="1507" HEIGHT="14"></GraphicalElement >
				<GraphicalElement ID="cblock_2" HPOS="940" VPOS="255" WIDTH="680" HEIGHT="14"></GraphicalElement >
				<GraphicalElement ID="cblock_3" HPOS="179" VPOS="261" WIDTH="632" HEIGHT="9"></GraphicalElement >
				<ComposedBlock ID="cblock_4" HPOS="168" VPOS="269" WIDTH="1458" HEIGHT="84">
					<TextBlock ID="block_1" HPOS="168" VPOS="269" WIDTH="1458" HEIGHT="84">
						<TextLine ID="line_1" HPOS="168" VPOS="269" WIDTH="1247" HEIGHT="45">
							<String ID="string_5" HPOS="168" VPOS="290" WIDTH="82" HEIGHT="24" WC="0.88" CONTENT="Tariff"/><SP WIDTH="18" VPOS="290" HPOS="250"/>
							<String ID="string_6" HPOS="268" VPOS="290" WIDTH="47" HEIGHT="24" WC="0.96" CONTENT="Act"/><SP WIDTH="1098" VPOS="290" HPOS="315"/>
							<String ID="string_7" HPOS="1413" VPOS="269" WIDTH="2" HEIGHT="15" WC="0.89" CONTENT="|"/>
						</TextLine>
						<TextLine ID="line_2" HPOS="180" VPOS="320" WIDTH="1446" HEIGHT="33">
							<String ID="string_8" HPOS="180" VPOS="326" WIDTH="26" HEIGHT="23" WC="0.95" CONTENT="of"/><SP WIDTH="22" VPOS="326" HPOS="206"/>
							<String ID="string_9" HPOS="228" VPOS="326" WIDTH="69" HEIGHT="24" WC="0.95" CONTENT="1930"/><SP WIDTH="319" VPOS="326" HPOS="297"/>
							<String ID="string_10" HPOS="616" VPOS="323" WIDTH="250" HEIGHT="30" WC="0.58" CONTENT="Description"/><SP WIDTH="30" VPOS="323" HPOS="866"/>
							<String ID="string_11" HPOS="896" VPOS="324" WIDTH="34" HEIGHT="22" WC="0.93" CONTENT="of"/><SP WIDTH="28" VPOS="324" HPOS="930"/>
							<String ID="string_12" HPOS="958" VPOS="322" WIDTH="172" HEIGHT="24" WC="0.89" CONTENT="Artieles"/><SP WIDTH="306" VPOS="322" HPOS="1130"/>
							<String ID="string_13" HPOS="1436" VPOS="320" WIDTH="190" HEIGHT="28" WC="0.95" CONTENT="Rates"/><SP WIDTH="-99" VPOS="320" HPOS="1626"/>
							<String ID="string_14" HPOS="1527" VPOS="316" WIDTH="29" HEIGHT="38" WC="0.96" CONTENT="of"/><SP WIDTH="13" VPOS="316" HPOS="1556"/>
							<String ID="string_15" HPOS="1569" VPOS="320" WIDTH="57" HEIGHT="28" WC="0.96" CONTENT="duty"/>
						</TextLine>
					</TextBlock>
				</ComposedBlock>
				<ComposedBlock ID="cblock_5" HPOS="166" VPOS="360" WIDTH="1250" HEIGHT="35">
					<TextBlock ID="block_2" HPOS="166" VPOS="360" WIDTH="1250" HEIGHT="35">
						<TextLine ID="line_3" HPOS="166" VPOS="360" WIDTH="1250" HEIGHT="35">
							<String ID="string_16" HPOS="166" VPOS="360" WIDTH="140" HEIGHT="32" WC="0.95" CONTENT="paragraph"/><SP WIDTH="865" VPOS="360" HPOS="306"/>
							<String ID="string_17" HPOS="1171" VPOS="387" WIDTH="1" HEIGHT="3" WC="0.39" CONTENT="|"/><SP WIDTH="241" VPOS="387" HPOS="1172"/>
							<String ID="string_18" HPOS="1413" VPOS="366" WIDTH="3" HEIGHT="29" WC="0.77" CONTENT="|"/>
						</TextLine>
					</TextBlock>
				</ComposedBlock>
				<GraphicalElement ID="cblock_6" HPOS="148" VPOS="397" WIDTH="1489" HEIGHT="14"></GraphicalElement >
				<GraphicalElement ID="cblock_7" HPOS="1413" VPOS="407" WIDTH="4" HEIGHT="84"></GraphicalElement >
				<ComposedBlock ID="cblock_8" HPOS="141" VPOS="455" WIDTH="1497" HEIGHT="341">
					<TextBlock ID="block_3" HPOS="141" VPOS="455" WIDTH="1497" HEIGHT="341">
						<TextLine ID="line_4" HPOS="396" VPOS="455" WIDTH="1009" HEIGHT="37">
							<String ID="string_19" HPOS="396" VPOS="459" WIDTH="84" HEIGHT="27" WC="0.92" CONTENT="lined"/><SP WIDTH="25" VPOS="459" HPOS="480"/>
							<String ID="string_20" HPOS="505" VPOS="467" WIDTH="36" HEIGHT="19" WC="0.93" CONTENT="or"/><SP WIDTH="27" VPOS="467" HPOS="541"/>
							<String ID="string_21" HPOS="568" VPOS="458" WIDTH="159" HEIGHT="32" WC="0.92" CONTENT="vat-lined,"/><SP WIDTH="27" VPOS="458" HPOS="727"/>
							<String ID="string_22" HPOS="754" VPOS="457" WIDTH="172" HEIGHT="32" WC="0.92" CONTENT="embossed,"/><SP WIDTH="29" VPOS="457" HPOS="926"/>
							<String ID="string_23" HPOS="955" VPOS="456" WIDTH="134" HEIGHT="36" WC="0.95" CONTENT="printed,"/><SP WIDTH="27" VPOS="456" HPOS="1089"/>
							<String ID="string_24" HPOS="1116" VPOS="464" WIDTH="35" HEIGHT="19" WC="0.96" CONTENT="or"/><SP WIDTH="26" VPOS="464" HPOS="1151"/>
							<String ID="string_25" HPOS="1177" VPOS="455" WIDTH="164" HEIGHT="28" WC="0.96" CONTENT="decorated"/><SP WIDTH="28" VPOS="455" HPOS="1341"/>
							<String ID="string_26" HPOS="1369" VPOS="463" WIDTH="36" HEIGHT="19" WC="0.96" CONTENT="or"/>
						</TextLine>
						<TextLine ID="line_5" HPOS="394" VPOS="490" WIDTH="1244" HEIGHT="46">
							<String ID="string_27" HPOS="394" VPOS="501" WIDTH="204" HEIGHT="28" WC="0.89" CONTENT="ornamented"/><SP WIDTH="24" VPOS="501" HPOS="598"/>
							<String ID="string_28" HPOS="622" VPOS="501" WIDTH="32" HEIGHT="28" WC="0.96" CONTENT="in"/><SP WIDTH="27" VPOS="501" HPOS="654"/>
							<String ID="string_29" HPOS="681" VPOS="510" WIDTH="61" HEIGHT="26" WC="0.96" CONTENT="any"/><SP WIDTH="27" VPOS="510" HPOS="742"/>
							<String ID="string_30" HPOS="769" VPOS="509" WIDTH="130" HEIGHT="19" WC="0.86" CONTENT="manner"/><SP WIDTH="33" VPOS="509" HPOS="899"/>
							<String ID="string_31" HPOS="932" VPOS="518" WIDTH="466" HEIGHT="9" WC="0.0" CONTENT=".........s-se&gt;steststecer"/><SP WIDTH="21" VPOS="518" HPOS="1398"/>
							<String ID="string_32" HPOS="1419" VPOS="490" WIDTH="22" HEIGHT="36" WC="0.87" CONTENT="$"/><SP WIDTH="23" VPOS="490" HPOS="1441"/>
							<String ID="string_33" HPOS="1464" VPOS="498" WIDTH="92" HEIGHT="29" WC="0.96" CONTENT="14.50"/><SP WIDTH="24" VPOS="498" HPOS="1556"/>
							<String ID="string_34" HPOS="1580" VPOS="504" WIDTH="58" HEIGHT="28" WC="0.93" CONTENT="per"/>
						</TextLine>
						<TextLine ID="line_6" HPOS="1421" VPOS="541" WIDTH="214" HEIGHT="33">
							<String ID="string_35" HPOS="1421" VPOS="544" WIDTH="54" HEIGHT="25" WC="0.96" CONTENT="ton"/><SP WIDTH="17" VPOS="544" HPOS="1475"/>
							<String ID="string_36" HPOS="1492" VPOS="542" WIDTH="33" HEIGHT="27" WC="0.93" CONTENT="of"/><SP WIDTH="16" VPOS="542" HPOS="1525"/>
							<String ID="string_37" HPOS="1541" VPOS="541" WIDTH="94" HEIGHT="33" WC="0.91" CONTENT="2,000"/>
						</TextLine>
						<TextLine ID="line_7" HPOS="1408" VPOS="585" WIDTH="223" HEIGHT="39">
							<String ID="string_38" HPOS="1408" VPOS="588" WIDTH="4" HEIGHT="36" WC="0.49" CONTENT="|"/><SP WIDTH="10" VPOS="588" HPOS="1412"/>
							<String ID="string_39" HPOS="1422" VPOS="586" WIDTH="128" HEIGHT="36" WC="0.49" CONTENT="pounds"/><SP WIDTH="25" VPOS="586" HPOS="1550"/>
							<String ID="string_40" HPOS="1575" VPOS="585" WIDTH="56" HEIGHT="27" WC="0.96" CONTENT="but"/>
						</TextLine>
						<TextLine ID="line_8" HPOS="1409" VPOS="626" WIDTH="223" HEIGHT="34">
							<String ID="string_41" HPOS="1409" VPOS="631" WIDTH="64" HEIGHT="29" WC="0.45" CONTENT="not"/><SP WIDTH="8" VPOS="631" HPOS="1473"/>
							<String ID="string_42" HPOS="1481" VPOS="630" WIDTH="65" HEIGHT="27" WC="0.63" CONTENT="less"/><SP WIDTH="8" VPOS="630" HPOS="1546"/>
							<String ID="string_43" HPOS="1554" VPOS="626" WIDTH="78" HEIGHT="31" WC="0.73" CONTENT="than"/>
						</TextLine>
						<TextLine ID="line_9" HPOS="1410" VPOS="673" WIDTH="217" HEIGHT="32">
							<String ID="string_44" HPOS="1410" VPOS="674" WIDTH="63" HEIGHT="27" WC="0.79" CONTENT="115"/><SP WIDTH="35" VPOS="674" HPOS="1473"/>
							<String ID="string_45" HPOS="1508" VPOS="673" WIDTH="31" HEIGHT="32" WC="0.16" CONTENT="«&amp;"/><SP WIDTH="28" VPOS="673" HPOS="1539"/>
							<String ID="string_46" HPOS="1567" VPOS="681" WIDTH="60" HEIGHT="19" WC="0.94" CONTENT="nor"/>
						</TextLine>
						<TextLine ID="line_10" HPOS="141" VPOS="717" WIDTH="1484" HEIGHT="27">
							<String ID="string_47" HPOS="141" VPOS="724" WIDTH="2" HEIGHT="11" WC="0.49" CONTENT="|"/><SP WIDTH="1268" VPOS="724" HPOS="143"/>
							<String ID="string_48" HPOS="1411" VPOS="728" WIDTH="2" HEIGHT="8" WC="0.47" CONTENT="|"/><SP WIDTH="20" VPOS="728" HPOS="1413"/>
							<String ID="string_49" HPOS="1433" VPOS="725" WIDTH="90" HEIGHT="19" WC="0.95" CONTENT="more"/><SP WIDTH="24" VPOS="725" HPOS="1523"/>
							<String ID="string_50" HPOS="1547" VPOS="717" WIDTH="78" HEIGHT="27" WC="0.96" CONTENT="than"/>
						</TextLine>
						<TextLine ID="line_11" HPOS="1475" VPOS="760" WIDTH="103" HEIGHT="36">
							<String ID="string_51" HPOS="1475" VPOS="761" WIDTH="40" HEIGHT="28" WC="0.86" CONTENT="30"/><SP WIDTH="29" VPOS="761" HPOS="1515"/>
							<String ID="string_52" HPOS="1544" VPOS="760" WIDTH="34" HEIGHT="36" WC="0.36" CONTENT="«&amp;"/>
						</TextLine>
					</TextBlock>
				</ComposedBlock>
				<GraphicalElement ID="cblock_9" HPOS="1413" VPOS="495" WIDTH="3" HEIGHT="84"></GraphicalElement >
				<ComposedBlock ID="cblock_10" HPOS="193" VPOS="788" WIDTH="1221" HEIGHT="101">
					<TextBlock ID="block_4" HPOS="193" VPOS="788" WIDTH="1221" HEIGHT="101">
						<TextLine ID="line_12" HPOS="193" VPOS="788" WIDTH="1221" HEIGHT="64">
							<String ID="string_53" HPOS="193" VPOS="810" WIDTH="82" HEIGHT="28" WC="0.95" CONTENT="1516"/><SP WIDTH="79" VPOS="810" HPOS="275"/>
							<String ID="string_54" HPOS="354" VPOS="813" WIDTH="148" HEIGHT="32" WC="0.95" CONTENT="Matches,"/><SP WIDTH="25" VPOS="813" HPOS="502"/>
							<String ID="string_55" HPOS="527" VPOS="812" WIDTH="126" HEIGHT="28" WC="0.95" CONTENT="friction"/><SP WIDTH="23" VPOS="812" HPOS="653"/>
							<String ID="string_56" HPOS="676" VPOS="820" WIDTH="36" HEIGHT="19" WC="0.93" CONTENT="or"/><SP WIDTH="24" VPOS="820" HPOS="712"/>
							<String ID="string_57" HPOS="736" VPOS="811" WIDTH="118" HEIGHT="32" WC="0.92" CONTENT="lucifer,"/><SP WIDTH="26" VPOS="811" HPOS="854"/>
							<String ID="string_58" HPOS="880" VPOS="810" WIDTH="34" HEIGHT="28" WC="0.96" CONTENT="of"/><SP WIDTH="22" VPOS="810" HPOS="914"/>
							<String ID="string_59" HPOS="936" VPOS="810" WIDTH="43" HEIGHT="28" WC="0.96" CONTENT="all"/><SP WIDTH="23" VPOS="810" HPOS="979"/>
							<String ID="string_60" HPOS="1002" VPOS="809" WIDTH="215" HEIGHT="37" WC="0.96" CONTENT="descriptions,"/><SP WIDTH="22" VPOS="809" HPOS="1217"/>
							<String ID="string_61" HPOS="1239" VPOS="817" WIDTH="54" HEIGHT="27" WC="0.96" CONTENT="per"/><SP WIDTH="23" VPOS="817" HPOS="1293"/>
							<String ID="string_62" HPOS="1316" VPOS="788" WIDTH="98" HEIGHT="64" WC="0.60" CONTENT="gross!"/>
						</TextLine>
						<TextLine ID="line_13" HPOS="393" VPOS="852" WIDTH="1021" HEIGHT="37">
							<String ID="string_63" HPOS="393" VPOS="856" WIDTH="34" HEIGHT="27" WC="0.96" CONTENT="of"/><SP WIDTH="22" VPOS="856" HPOS="427"/>
							<String ID="string_64" HPOS="449" VPOS="864" WIDTH="60" HEIGHT="19" WC="0.96" CONTENT="one"/><SP WIDTH="23" VPOS="864" HPOS="509"/>
							<String ID="string_65" HPOS="532" VPOS="856" WIDTH="143" HEIGHT="27" WC="0.96" CONTENT="hundred"/><SP WIDTH="23" VPOS="856" HPOS="675"/>
							<String ID="string_66" HPOS="698" VPOS="856" WIDTH="61" HEIGHT="26" WC="0.92" CONTENT="and"/><SP WIDTH="33" VPOS="856" HPOS="759"/>
							<String ID="string_67" HPOS="792" VPOS="853" WIDTH="172" HEIGHT="36" WC="0.92" CONTENT="forty-four"/><SP WIDTH="35" VPOS="853" HPOS="964"/>
							<String ID="string_68" HPOS="999" VPOS="853" WIDTH="105" HEIGHT="32" WC="0.96" CONTENT="boxes,"/><SP WIDTH="34" VPOS="853" HPOS="1104"/>
							<String ID="string_69" HPOS="1138" VPOS="852" WIDTH="178" HEIGHT="35" WC="0.92" CONTENT="containing"/><SP WIDTH="33" VPOS="852" HPOS="1316"/>
							<String ID="string_70" HPOS="1349" VPOS="854" WIDTH="65" HEIGHT="34" WC="0.51" CONTENT="not/"/>
						</TextLine>
					</TextBlock>
				</ComposedBlock>
				<GraphicalElement ID="cblock_11" HPOS="324" VPOS="414" WIDTH="6" HEIGHT="547"></GraphicalElement >
				<GraphicalElement ID="cblock_12" HPOS="139" VPOS="341" WIDTH="6" HEIGHT="696"></GraphicalElement >
				<ComposedBlock ID="cblock_13" HPOS="192" VPOS="889" WIDTH="1449" HEIGHT="306">
					<TextBlock ID="block_5" HPOS="192" VPOS="889" WIDTH="1449" HEIGHT="306">
						<TextLine ID="line_14" HPOS="393" VPOS="889" WIDTH="1199" HEIGHT="43">
							<String ID="string_71" HPOS="393" VPOS="907" WIDTH="88" HEIGHT="20" WC="0.96" CONTENT="more"/><SP WIDTH="20" VPOS="907" HPOS="481"/>
							<String ID="string_72" HPOS="501" VPOS="899" WIDTH="76" HEIGHT="28" WC="0.96" CONTENT="than"/><SP WIDTH="22" VPOS="899" HPOS="577"/>
							<String ID="string_73" HPOS="599" VPOS="907" WIDTH="59" HEIGHT="19" WC="0.95" CONTENT="one"/><SP WIDTH="23" VPOS="907" HPOS="658"/>
							<String ID="string_74" HPOS="681" VPOS="898" WIDTH="143" HEIGHT="28" WC="0.96" CONTENT="hundred"/><SP WIDTH="21" VPOS="898" HPOS="824"/>
							<String ID="string_75" HPOS="845" VPOS="897" WIDTH="139" HEIGHT="28" WC="0.96" CONTENT="matches"/><SP WIDTH="21" VPOS="897" HPOS="984"/>
							<String ID="string_76" HPOS="1005" VPOS="905" WIDTH="55" HEIGHT="27" WC="0.96" CONTENT="per"/><SP WIDTH="23" VPOS="905" HPOS="1060"/>
							<String ID="string_77" HPOS="1083" VPOS="897" WIDTH="61" HEIGHT="27" WC="0.92" CONTENT="box"/><SP WIDTH="28" VPOS="897" HPOS="1144"/>
							<String ID="string_78" HPOS="1172" VPOS="916" WIDTH="225" HEIGHT="7" WC="0.63" CONTENT=".........-.-"/><SP WIDTH="68" VPOS="916" HPOS="1397"/>
							<String ID="string_79" HPOS="1465" VPOS="889" WIDTH="89" HEIGHT="41" WC="0.76" CONTENT="17!/,"/><SP WIDTH="21" VPOS="889" HPOS="1554"/>
							<String ID="string_80" HPOS="1575" VPOS="900" WIDTH="17" HEIGHT="19" WC="0.32" CONTENT="ec"/>
						</TextLine>
						<TextLine ID="line_15" HPOS="1440" VPOS="944" WIDTH="170" HEIGHT="28">
							<String ID="string_81" HPOS="1440" VPOS="944" WIDTH="59" HEIGHT="28" WC="0.94" CONTENT="per"/><SP WIDTH="22" VPOS="944" HPOS="1499"/>
							<String ID="string_82" HPOS="1521" VPOS="944" WIDTH="89" HEIGHT="28" WC="0.95" CONTENT="gross"/>
						</TextLine>
						<TextLine ID="line_16" HPOS="193" VPOS="983" WIDTH="1221" HEIGHT="43">
							<String ID="string_83" HPOS="193" VPOS="984" WIDTH="81" HEIGHT="28" WC="0.96" CONTENT="1623"/><SP WIDTH="50" VPOS="984" HPOS="274"/>
							<String ID="string_84" HPOS="324" VPOS="1016" WIDTH="1" HEIGHT="10" WC="0.64" CONTENT="|"/><SP WIDTH="30" VPOS="1016" HPOS="325"/>
							<String ID="string_85" HPOS="355" VPOS="987" WIDTH="86" HEIGHT="26" WC="0.93" CONTENT="Hard"/><SP WIDTH="20" VPOS="987" HPOS="441"/>
							<String ID="string_86" HPOS="461" VPOS="986" WIDTH="82" HEIGHT="35" WC="0.89" CONTENT="crisp"/><SP WIDTH="19" VPOS="986" HPOS="543"/>
							<String ID="string_87" HPOS="562" VPOS="986" WIDTH="95" HEIGHT="27" WC="0.93" CONTENT="bread"/><SP WIDTH="21" VPOS="986" HPOS="657"/>
							<String ID="string_88" HPOS="678" VPOS="985" WIDTH="90" HEIGHT="27" WC="0.96" CONTENT="made"/><SP WIDTH="20" VPOS="985" HPOS="768"/>
							<String ID="string_89" HPOS="788" VPOS="985" WIDTH="83" HEIGHT="27" WC="0.93" CONTENT="from"/><SP WIDTH="20" VPOS="985" HPOS="871"/>
							<String ID="string_90" HPOS="891" VPOS="993" WIDTH="54" HEIGHT="27" WC="0.90" CONTENT="rye"/><SP WIDTH="18" VPOS="993" HPOS="945"/>
							<String ID="string_91" HPOS="963" VPOS="983" WIDTH="85" HEIGHT="28" WC="0.92" CONTENT="flour"/><SP WIDTH="19" VPOS="983" HPOS="1048"/>
							<String ID="string_92" HPOS="1067" VPOS="984" WIDTH="62" HEIGHT="27" WC="0.96" CONTENT="and"/><SP WIDTH="18" VPOS="984" HPOS="1129"/>
							<String ID="string_93" HPOS="1147" VPOS="986" WIDTH="54" HEIGHT="24" WC="0.96" CONTENT="not"/><SP WIDTH="20" VPOS="986" HPOS="1201"/>
							<String ID="string_94" HPOS="1221" VPOS="991" WIDTH="86" HEIGHT="19" WC="0.95" CONTENT="more"/><SP WIDTH="20" VPOS="991" HPOS="1307"/>
							<String ID="string_95" HPOS="1327" VPOS="983" WIDTH="87" HEIGHT="37" WC="0.92" CONTENT="than;"/>
						</TextLine>
						<TextLine ID="line_17" HPOS="397" VPOS="1026" WIDTH="1017" HEIGHT="42">
							<String ID="string_96" HPOS="397" VPOS="1030" WIDTH="17" HEIGHT="26" WC="0.95" CONTENT="5"/><SP WIDTH="21" VPOS="1030" HPOS="414"/>
							<String ID="string_97" HPOS="435" VPOS="1037" WIDTH="57" HEIGHT="28" WC="0.92" CONTENT="per"/><SP WIDTH="22" VPOS="1037" HPOS="492"/>
							<String ID="string_98" HPOS="514" VPOS="1031" WIDTH="124" HEIGHT="25" WC="0.92" CONTENT="centum"/><SP WIDTH="21" VPOS="1031" HPOS="638"/>
							<String ID="string_99" HPOS="659" VPOS="1028" WIDTH="34" HEIGHT="28" WC="0.93" CONTENT="of"/><SP WIDTH="23" VPOS="1028" HPOS="693"/>
							<String ID="string_100" HPOS="716" VPOS="1029" WIDTH="99" HEIGHT="26" WC="0.92" CONTENT="wheat"/><SP WIDTH="22" VPOS="1029" HPOS="815"/>
							<String ID="string_101" HPOS="837" VPOS="1027" WIDTH="93" HEIGHT="34" WC="0.91" CONTENT="flour,"/><SP WIDTH="24" VPOS="1027" HPOS="930"/>
							<String ID="string_102" HPOS="954" VPOS="1027" WIDTH="25" HEIGHT="27" WC="0.96" CONTENT="if"/><SP WIDTH="21" VPOS="1027" HPOS="979"/>
							<String ID="string_103" HPOS="1000" VPOS="1036" WIDTH="71" HEIGHT="26" WC="0.96" CONTENT="any,"/><SP WIDTH="23" VPOS="1036" HPOS="1071"/>
							<String ID="string_104" HPOS="1094" VPOS="1026" WIDTH="73" HEIGHT="28" WC="0.93" CONTENT="with"/><SP WIDTH="22" VPOS="1026" HPOS="1167"/>
							<String ID="string_105" HPOS="1189" VPOS="1029" WIDTH="86" HEIGHT="33" WC="0.92" CONTENT="yeast"/><SP WIDTH="21" VPOS="1029" HPOS="1275"/>
							<String ID="string_106" HPOS="1296" VPOS="1034" WIDTH="34" HEIGHT="20" WC="0.96" CONTENT="as"/><SP WIDTH="22" VPOS="1034" HPOS="1330"/>
							<String ID="string_107" HPOS="1352" VPOS="1026" WIDTH="62" HEIGHT="42" WC="0.92" CONTENT="the:"/>
						</TextLine>
						<TextLine ID="line_18" HPOS="392" VPOS="1067" WIDTH="1249" HEIGHT="41">
							<String ID="string_108" HPOS="392" VPOS="1073" WIDTH="162" HEIGHT="35" WC="0.92" CONTENT="leavening"/><SP WIDTH="21" VPOS="1073" HPOS="554"/>
							<String ID="string_109" HPOS="575" VPOS="1073" WIDTH="165" HEIGHT="27" WC="0.22" CONTENT="substance"/><SP WIDTH="30" VPOS="1073" HPOS="740"/>
							<String ID="string_110" HPOS="770" VPOS="1090" WIDTH="628" HEIGHT="9" WC="0.0" CONTENT=".......s.sssesrsseerserrerteroets"/><SP WIDTH="86" VPOS="1090" HPOS="1398"/>
							<String ID="string_111" HPOS="1484" VPOS="1067" WIDTH="86" HEIGHT="28" WC="0.88" CONTENT="Free."/><SP WIDTH="69" VPOS="1067" HPOS="1570"/>
							<String ID="string_112" HPOS="1639" VPOS="1068" WIDTH="2" HEIGHT="39" WC="0.63" CONTENT="|"/>
						</TextLine>
						<TextLine ID="line_19" HPOS="192" VPOS="1105" WIDTH="1448" HEIGHT="47">
							<String ID="string_113" HPOS="192" VPOS="1116" WIDTH="82" HEIGHT="27" WC="0.96" CONTENT="1716"/><SP WIDTH="49" VPOS="1116" HPOS="274"/>
							<String ID="string_114" HPOS="323" VPOS="1105" WIDTH="3" HEIGHT="47" WC="0.91" CONTENT="|"/><SP WIDTH="27" VPOS="1105" HPOS="326"/>
							<String ID="string_115" HPOS="353" VPOS="1116" WIDTH="150" HEIGHT="35" WC="0.92" CONTENT="Sulphate"/><SP WIDTH="25" VPOS="1116" HPOS="503"/>
							<String ID="string_116" HPOS="528" VPOS="1116" WIDTH="91" HEIGHT="27" WC="0.92" CONTENT="wood"/><SP WIDTH="25" VPOS="1116" HPOS="619"/>
							<String ID="string_117" HPOS="644" VPOS="1116" WIDTH="87" HEIGHT="35" WC="0.92" CONTENT="pulp,"/><SP WIDTH="26" VPOS="1116" HPOS="731"/>
							<String ID="string_118" HPOS="757" VPOS="1115" WIDTH="150" HEIGHT="27" WC="0.92" CONTENT="bleached"/><SP WIDTH="25" VPOS="1115" HPOS="907"/>
							<String ID="string_119" HPOS="932" VPOS="1114" WIDTH="62" HEIGHT="28" WC="0.90" CONTENT="and"/><SP WIDTH="27" VPOS="1114" HPOS="994"/>
							<String ID="string_120" HPOS="1021" VPOS="1113" WIDTH="203" HEIGHT="32" WC="0.90" CONTENT="unbleached,"/><SP WIDTH="28" VPOS="1113" HPOS="1224"/>
							<String ID="string_121" HPOS="1252" VPOS="1113" WIDTH="61" HEIGHT="36" WC="0.93" CONTENT="and"/><SP WIDTH="28" VPOS="1113" HPOS="1313"/>
							<String ID="string_122" HPOS="1341" VPOS="1113" WIDTH="73" HEIGHT="31" WC="0.19" CONTENT="sul-|"/><SP WIDTH="225" VPOS="1113" HPOS="1414"/>
							<String ID="string_123" HPOS="1639" VPOS="1122" WIDTH="1" HEIGHT="25" WC="0.80" CONTENT="|"/>
						</TextLine>
						<TextLine ID="line_20" HPOS="324" VPOS="1149" WIDTH="1317" HEIGHT="46">
							<String ID="string_124" HPOS="324" VPOS="1156" WIDTH="157" HEIGHT="39" WC="0.20" CONTENT=" phite"/><SP WIDTH="27" VPOS="1156" HPOS="481"/>
							<String ID="string_125" HPOS="508" VPOS="1160" WIDTH="90" HEIGHT="26" WC="0.92" CONTENT="wood"/><SP WIDTH="29" VPOS="1160" HPOS="598"/>
							<String ID="string_126" HPOS="627" VPOS="1159" WIDTH="86" HEIGHT="35" WC="0.91" CONTENT="pulp,"/><SP WIDTH="29" VPOS="1159" HPOS="713"/>
							<String ID="string_127" HPOS="742" VPOS="1158" WIDTH="193" HEIGHT="28" WC="0.90" CONTENT="unbleached"/><SP WIDTH="36" VPOS="1158" HPOS="935"/>
							<String ID="string_128" HPOS="971" VPOS="1177" WIDTH="426" HEIGHT="7" WC="0.0" CONTENT="......ssessersesareena"/><SP WIDTH="85" VPOS="1177" HPOS="1397"/>
							<String ID="string_129" HPOS="1482" VPOS="1154" WIDTH="88" HEIGHT="28" WC="0.79" CONTENT="Free."/><SP WIDTH="69" VPOS="1154" HPOS="1570"/>
							<String ID="string_130" HPOS="1639" VPOS="1149" WIDTH="2" HEIGHT="19" WC="0.66" CONTENT="|"/>
						</TextLine>
					</TextBlock>
				</ComposedBlock>
				<ComposedBlock ID="cblock_14" HPOS="136" VPOS="1437" WIDTH="1508" HEIGHT="92">
					<TextBlock ID="block_6" HPOS="136" VPOS="1437" WIDTH="1508" HEIGHT="92">
						<TextLine ID="line_21" HPOS="174" VPOS="1437" WIDTH="1470" HEIGHT="40">
							<String ID="string_131" HPOS="174" VPOS="1441" WIDTH="239" HEIGHT="33" WC="0.96" CONTENT="Beträffande"/><SP WIDTH="27" VPOS="1441" HPOS="413"/>
							<String ID="string_132" HPOS="440" VPOS="1441" WIDTH="242" HEIGHT="36" WC="0.96" CONTENT="utredningen"/><SP WIDTH="24" VPOS="1441" HPOS="682"/>
							<String ID="string_133" HPOS="706" VPOS="1441" WIDTH="12" HEIGHT="30" WC="0.96" CONTENT="i"/><SP WIDTH="25" VPOS="1441" HPOS="718"/>
							<String ID="string_134" HPOS="743" VPOS="1439" WIDTH="148" HEIGHT="33" WC="0.96" CONTENT="ärendet"/><SP WIDTH="25" VPOS="1439" HPOS="891"/>
							<String ID="string_135" HPOS="916" VPOS="1439" WIDTH="58" HEIGHT="32" WC="0.96" CONTENT="får"/><SP WIDTH="25" VPOS="1439" HPOS="974"/>
							<String ID="string_136" HPOS="999" VPOS="1439" WIDTH="174" HEIGHT="31" WC="0.96" CONTENT="utskottet"/><SP WIDTH="24" VPOS="1439" HPOS="1173"/>
							<String ID="string_137" HPOS="1197" VPOS="1438" WIDTH="154" HEIGHT="31" WC="0.96" CONTENT="hänvisa"/><SP WIDTH="24" VPOS="1438" HPOS="1351"/>
							<String ID="string_138" HPOS="1375" VPOS="1437" WIDTH="57" HEIGHT="32" WC="0.95" CONTENT="till"/><SP WIDTH="25" VPOS="1437" HPOS="1432"/>
							<String ID="string_139" HPOS="1457" VPOS="1447" WIDTH="93" HEIGHT="22" WC="0.93" CONTENT="ovan"/><SP WIDTH="25" VPOS="1447" HPOS="1550"/>
							<String ID="string_140" HPOS="1575" VPOS="1447" WIDTH="69" HEIGHT="21" WC="0.92" CONTENT="om-"/>
						</TextLine>
						<TextLine ID="line_22" HPOS="136" VPOS="1492" WIDTH="562" HEIGHT="37">
							<String ID="string_141" HPOS="136" VPOS="1493" WIDTH="178" HEIGHT="33" WC="0.91" CONTENT="förmälda"/><SP WIDTH="18" VPOS="1493" HPOS="314"/>
							<String ID="string_142" HPOS="332" VPOS="1492" WIDTH="366" HEIGHT="37" WC="0.90" CONTENT="statsrådsprotokoll."/>
						</TextLine>
					</TextBlock>
				</ComposedBlock>
				<ComposedBlock ID="cblock_15" HPOS="128" VPOS="1590" WIDTH="1514" HEIGHT="916">
					<TextBlock ID="block_7" HPOS="128" VPOS="1590" WIDTH="1514" HEIGHT="916">
						<TextLine ID="line_23" HPOS="173" VPOS="1590" WIDTH="1466" HEIGHT="40">
							<String ID="string_143" HPOS="173" VPOS="1596" WIDTH="182" HEIGHT="32" WC="0.96" CONTENT="Utskottet"/><SP WIDTH="25" VPOS="1596" HPOS="355"/>
							<String ID="string_144" HPOS="380" VPOS="1596" WIDTH="67" HEIGHT="30" WC="0.96" CONTENT="har"/><SP WIDTH="27" VPOS="1596" HPOS="447"/>
							<String ID="string_145" HPOS="474" VPOS="1594" WIDTH="122" HEIGHT="33" WC="0.96" CONTENT="funnit"/><SP WIDTH="24" VPOS="1594" HPOS="596"/>
							<String ID="string_146" HPOS="620" VPOS="1595" WIDTH="61" HEIGHT="31" WC="0.96" CONTENT="det"/><SP WIDTH="24" VPOS="1595" HPOS="681"/>
							<String ID="string_147" HPOS="705" VPOS="1605" WIDTH="43" HEIGHT="20" WC="0.96" CONTENT="ur"/><SP WIDTH="26" VPOS="1605" HPOS="748"/>
							<String ID="string_148" HPOS="774" VPOS="1594" WIDTH="96" HEIGHT="31" WC="0.96" CONTENT="olika"/><SP WIDTH="25" VPOS="1594" HPOS="870"/>
							<String ID="string_149" HPOS="895" VPOS="1593" WIDTH="224" HEIGHT="37" WC="0.92" CONTENT="synpunkter"/><SP WIDTH="25" VPOS="1593" HPOS="1119"/>
							<String ID="string_150" HPOS="1144" VPOS="1590" WIDTH="348" HEIGHT="38" WC="0.90" CONTENT="tillfredsställande,"/><SP WIDTH="27" VPOS="1590" HPOS="1492"/>
							<String ID="string_151" HPOS="1519" VPOS="1592" WIDTH="54" HEIGHT="30" WC="0.96" CONTENT="att"/><SP WIDTH="22" VPOS="1592" HPOS="1573"/>
							<String ID="string_152" HPOS="1595" VPOS="1600" WIDTH="44" HEIGHT="22" WC="0.96" CONTENT="en"/>
						</TextLine>
						<TextLine ID="line_24" HPOS="133" VPOS="1642" WIDTH="1509" HEIGHT="38">
							<String ID="string_153" HPOS="133" VPOS="1646" WIDTH="494" HEIGHT="34" WC="0.91" CONTENT="handelsöverenskommelse"/><SP WIDTH="28" VPOS="1646" HPOS="627"/>
							<String ID="string_154" HPOS="655" VPOS="1646" WIDTH="151" HEIGHT="32" WC="0.96" CONTENT="träffats"/><SP WIDTH="30" VPOS="1646" HPOS="806"/>
							<String ID="string_155" HPOS="836" VPOS="1645" WIDTH="82" HEIGHT="32" WC="0.96" CONTENT="med"/><SP WIDTH="27" VPOS="1645" HPOS="918"/>
							<String ID="string_156" HPOS="945" VPOS="1644" WIDTH="191" HEIGHT="32" WC="0.96" CONTENT="Amerikas"/><SP WIDTH="28" VPOS="1644" HPOS="1136"/>
							<String ID="string_157" HPOS="1164" VPOS="1644" WIDTH="156" HEIGHT="32" WC="0.96" CONTENT="Förenta"/><SP WIDTH="28" VPOS="1644" HPOS="1320"/>
							<String ID="string_158" HPOS="1348" VPOS="1643" WIDTH="130" HEIGHT="32" WC="0.91" CONTENT="Stater."/><SP WIDTH="50" VPOS="1643" HPOS="1478"/>
							<String ID="string_159" HPOS="1528" VPOS="1642" WIDTH="114" HEIGHT="33" WC="0.78" CONTENT="Emel-"/>
						</TextLine>
						<TextLine ID="line_25" HPOS="132" VPOS="1695" WIDTH="1509" HEIGHT="39">
							<String ID="string_160" HPOS="132" VPOS="1700" WIDTH="108" HEIGHT="33" WC="0.92" CONTENT="lertid"/><SP WIDTH="16" VPOS="1700" HPOS="240"/>
							<String ID="string_161" HPOS="256" VPOS="1700" WIDTH="67" HEIGHT="32" WC="0.96" CONTENT="har"/><SP WIDTH="19" VPOS="1700" HPOS="323"/>
							<String ID="string_162" HPOS="342" VPOS="1699" WIDTH="175" HEIGHT="32" WC="0.96" CONTENT="utskottet"/><SP WIDTH="16" VPOS="1699" HPOS="517"/>
							<String ID="string_163" HPOS="533" VPOS="1698" WIDTH="76" HEIGHT="32" WC="0.92" CONTENT="icke"/><SP WIDTH="16" VPOS="1698" HPOS="609"/>
							<String ID="string_164" HPOS="625" VPOS="1698" WIDTH="141" HEIGHT="32" WC="0.96" CONTENT="kunnat"/><SP WIDTH="17" VPOS="1698" HPOS="766"/>
							<String ID="string_165" HPOS="783" VPOS="1697" WIDTH="120" HEIGHT="37" WC="0.96" CONTENT="undgå"/><SP WIDTH="18" VPOS="1697" HPOS="903"/>
							<String ID="string_166" HPOS="921" VPOS="1698" WIDTH="54" HEIGHT="31" WC="0.96" CONTENT="att"/><SP WIDTH="17" VPOS="1698" HPOS="975"/>
							<String ID="string_167" HPOS="992" VPOS="1696" WIDTH="122" HEIGHT="32" WC="0.96" CONTENT="erinra"/><SP WIDTH="14" VPOS="1696" HPOS="1114"/>
							<String ID="string_168" HPOS="1128" VPOS="1696" WIDTH="136" HEIGHT="35" WC="0.96" CONTENT="därom,"/><SP WIDTH="16" VPOS="1696" HPOS="1264"/>
							<String ID="string_169" HPOS="1280" VPOS="1696" WIDTH="56" HEIGHT="31" WC="0.96" CONTENT="att"/><SP WIDTH="17" VPOS="1696" HPOS="1336"/>
							<String ID="string_170" HPOS="1353" VPOS="1704" WIDTH="128" HEIGHT="28" WC="0.96" CONTENT="genom"/><SP WIDTH="15" VPOS="1704" HPOS="1481"/>
							<String ID="string_171" HPOS="1496" VPOS="1695" WIDTH="69" HEIGHT="32" WC="0.93" CONTENT="den"/><SP WIDTH="17" VPOS="1695" HPOS="1565"/>
							<String ID="string_172" HPOS="1582" VPOS="1705" WIDTH="59" HEIGHT="21" WC="0.91" CONTENT="av-"/>
						</TextLine>
						<TextLine ID="line_26" HPOS="130" VPOS="1746" WIDTH="1511" HEIGHT="43">
							<String ID="string_173" HPOS="130" VPOS="1752" WIDTH="161" HEIGHT="37" WC="0.92" CONTENT="vägning"/><SP WIDTH="21" VPOS="1752" HPOS="291"/>
							<String ID="string_174" HPOS="312" VPOS="1762" WIDTH="45" HEIGHT="21" WC="0.96" CONTENT="av"/><SP WIDTH="20" VPOS="1762" HPOS="357"/>
							<String ID="string_175" HPOS="377" VPOS="1750" WIDTH="119" HEIGHT="32" WC="0.96" CONTENT="skilda"/><SP WIDTH="19" VPOS="1750" HPOS="496"/>
							<String ID="string_176" HPOS="515" VPOS="1751" WIDTH="187" HEIGHT="36" WC="0.96" CONTENT="intressen,"/><SP WIDTH="21" VPOS="1751" HPOS="702"/>
							<String ID="string_177" HPOS="723" VPOS="1760" WIDTH="74" HEIGHT="21" WC="0.94" CONTENT="som"/><SP WIDTH="20" VPOS="1760" HPOS="797"/>
							<String ID="string_178" HPOS="817" VPOS="1749" WIDTH="151" HEIGHT="32" WC="0.96" CONTENT="kommit"/><SP WIDTH="20" VPOS="1749" HPOS="968"/>
							<String ID="string_179" HPOS="988" VPOS="1748" WIDTH="58" HEIGHT="32" WC="0.96" CONTENT="till"/><SP WIDTH="20" VPOS="1748" HPOS="1046"/>
							<String ID="string_180" HPOS="1066" VPOS="1748" WIDTH="147" HEIGHT="37" WC="0.96" CONTENT="uttryck"/><SP WIDTH="19" VPOS="1748" HPOS="1213"/>
							<String ID="string_181" HPOS="1232" VPOS="1747" WIDTH="12" HEIGHT="32" WC="0.96" CONTENT="i"/><SP WIDTH="21" VPOS="1747" HPOS="1244"/>
							<String ID="string_182" HPOS="1265" VPOS="1746" WIDTH="376" HEIGHT="37" WC="0.95" CONTENT="överenskommelsen,"/>
						</TextLine>
						<TextLine ID="line_27" HPOS="130" VPOS="1798" WIDTH="1510" HEIGHT="42">
							<String ID="string_183" HPOS="130" VPOS="1803" WIDTH="229" HEIGHT="37" WC="0.95" CONTENT="olägenheter"/><SP WIDTH="20" VPOS="1803" HPOS="359"/>
							<String ID="string_184" HPOS="379" VPOS="1803" WIDTH="125" HEIGHT="31" WC="0.93" CONTENT="kunna"/><SP WIDTH="24" VPOS="1803" HPOS="504"/>
							<String ID="string_185" HPOS="528" VPOS="1804" WIDTH="153" HEIGHT="35" WC="0.91" CONTENT="antagas"/><SP WIDTH="20" VPOS="1804" HPOS="681"/>
							<String ID="string_186" HPOS="701" VPOS="1802" WIDTH="132" HEIGHT="36" WC="0.96" CONTENT="uppstå"/><SP WIDTH="22" VPOS="1802" HPOS="833"/>
							<String ID="string_187" HPOS="855" VPOS="1801" WIDTH="57" HEIGHT="31" WC="0.96" CONTENT="för"/><SP WIDTH="21" VPOS="1801" HPOS="912"/>
							<String ID="string_188" HPOS="933" VPOS="1800" WIDTH="98" HEIGHT="32" WC="0.96" CONTENT="vissa"/><SP WIDTH="23" VPOS="1800" HPOS="1031"/>
							<String ID="string_189" HPOS="1054" VPOS="1809" WIDTH="132" HEIGHT="28" WC="0.96" CONTENT="grenar"/><SP WIDTH="21" VPOS="1809" HPOS="1186"/>
							<String ID="string_190" HPOS="1207" VPOS="1810" WIDTH="44" HEIGHT="21" WC="0.96" CONTENT="av"/><SP WIDTH="22" VPOS="1810" HPOS="1251"/>
							<String ID="string_191" HPOS="1273" VPOS="1798" WIDTH="130" HEIGHT="33" WC="0.96" CONTENT="svensk"/><SP WIDTH="21" VPOS="1798" HPOS="1403"/>
							<String ID="string_192" HPOS="1424" VPOS="1798" WIDTH="216" HEIGHT="38" WC="0.96" CONTENT="produktion"/>
						</TextLine>
						<TextLine ID="line_28" HPOS="132" VPOS="1850" WIDTH="1506" HEIGHT="41">
							<String ID="string_193" HPOS="132" VPOS="1856" WIDTH="33" HEIGHT="35" WC="0.96" CONTENT="ej"/><SP WIDTH="27" VPOS="1856" HPOS="165"/>
							<String ID="string_194" HPOS="192" VPOS="1855" WIDTH="110" HEIGHT="31" WC="0.92" CONTENT="minst"/><SP WIDTH="27" VPOS="1855" HPOS="302"/>
							<String ID="string_195" HPOS="329" VPOS="1854" WIDTH="283" HEIGHT="37" WC="0.91" CONTENT="fruktodlingen."/><SP WIDTH="35" VPOS="1854" HPOS="612"/>
							<String ID="string_196" HPOS="647" VPOS="1853" WIDTH="81" HEIGHT="32" WC="0.96" CONTENT="Vad"/><SP WIDTH="27" VPOS="1853" HPOS="728"/>
							<String ID="string_197" HPOS="755" VPOS="1853" WIDTH="116" HEIGHT="31" WC="0.96" CONTENT="denna"/><SP WIDTH="26" VPOS="1853" HPOS="871"/>
							<String ID="string_198" HPOS="897" VPOS="1852" WIDTH="123" HEIGHT="37" WC="0.96" CONTENT="odling"/><SP WIDTH="27" VPOS="1852" HPOS="1020"/>
							<String ID="string_199" HPOS="1047" VPOS="1852" WIDTH="113" HEIGHT="36" WC="0.95" CONTENT="angår"/><SP WIDTH="26" VPOS="1852" HPOS="1160"/>
							<String ID="string_200" HPOS="1186" VPOS="1851" WIDTH="96" HEIGHT="31" WC="0.95" CONTENT="hava"/><SP WIDTH="25" VPOS="1851" HPOS="1282"/>
							<String ID="string_201" HPOS="1307" VPOS="1850" WIDTH="114" HEIGHT="32" WC="0.96" CONTENT="under"/><SP WIDTH="26" VPOS="1850" HPOS="1421"/>
							<String ID="string_202" HPOS="1447" VPOS="1859" WIDTH="124" HEIGHT="22" WC="0.96" CONTENT="senare"/><SP WIDTH="26" VPOS="1859" HPOS="1571"/>
							<String ID="string_203" HPOS="1597" VPOS="1851" WIDTH="41" HEIGHT="29" WC="0.96" CONTENT="år"/>
						</TextLine>
						<TextLine ID="line_29" HPOS="132" VPOS="1901" WIDTH="1509" HEIGHT="42">
							<String ID="string_204" HPOS="132" VPOS="1907" WIDTH="97" HEIGHT="32" WC="0.95" CONTENT="olika"/><SP WIDTH="19" VPOS="1907" HPOS="229"/>
							<String ID="string_205" HPOS="248" VPOS="1906" WIDTH="170" HEIGHT="37" WC="0.96" CONTENT="åtgärder"/><SP WIDTH="22" VPOS="1906" HPOS="418"/>
							<String ID="string_206" HPOS="440" VPOS="1905" WIDTH="173" HEIGHT="36" WC="0.95" CONTENT="vidtagits"/><SP WIDTH="21" VPOS="1905" HPOS="613"/>
							<String ID="string_207" HPOS="634" VPOS="1905" WIDTH="86" HEIGHT="31" WC="0.96" CONTENT="eller"/><SP WIDTH="20" VPOS="1905" HPOS="720"/>
							<String ID="string_208" HPOS="740" VPOS="1904" WIDTH="182" HEIGHT="36" WC="0.95" CONTENT="planerats"/><SP WIDTH="20" VPOS="1904" HPOS="922"/>
							<String ID="string_209" HPOS="942" VPOS="1904" WIDTH="13" HEIGHT="31" WC="0.96" CONTENT="i"/><SP WIDTH="19" VPOS="1904" HPOS="955"/>
							<String ID="string_210" HPOS="974" VPOS="1903" WIDTH="97" HEIGHT="37" WC="0.96" CONTENT="syfte"/><SP WIDTH="20" VPOS="1903" HPOS="1071"/>
							<String ID="string_211" HPOS="1091" VPOS="1904" WIDTH="54" HEIGHT="30" WC="0.96" CONTENT="att"/><SP WIDTH="20" VPOS="1904" HPOS="1145"/>
							<String ID="string_212" HPOS="1165" VPOS="1901" WIDTH="134" HEIGHT="37" WC="0.96" CONTENT="främja"/><SP WIDTH="20" VPOS="1901" HPOS="1299"/>
							<String ID="string_213" HPOS="1319" VPOS="1902" WIDTH="256" HEIGHT="36" WC="0.95" CONTENT="avsättningen"/><SP WIDTH="21" VPOS="1902" HPOS="1575"/>
							<String ID="string_214" HPOS="1596" VPOS="1912" WIDTH="45" HEIGHT="21" WC="0.96" CONTENT="av"/>
						</TextLine>
						<TextLine ID="line_30" HPOS="130" VPOS="1953" WIDTH="1509" HEIGHT="40">
							<String ID="string_215" HPOS="130" VPOS="1958" WIDTH="129" HEIGHT="31" WC="0.96" CONTENT="svensk"/><SP WIDTH="22" VPOS="1958" HPOS="259"/>
							<String ID="string_216" HPOS="281" VPOS="1957" WIDTH="102" HEIGHT="31" WC="0.96" CONTENT="frukt"/><SP WIDTH="20" VPOS="1957" HPOS="383"/>
							<String ID="string_217" HPOS="403" VPOS="1958" WIDTH="47" HEIGHT="35" WC="0.96" CONTENT="på"/><SP WIDTH="22" VPOS="1958" HPOS="450"/>
							<String ID="string_218" HPOS="472" VPOS="1957" WIDTH="70" HEIGHT="31" WC="0.96" CONTENT="den"/><SP WIDTH="21" VPOS="1957" HPOS="542"/>
							<String ID="string_219" HPOS="563" VPOS="1956" WIDTH="186" HEIGHT="31" WC="0.96" CONTENT="inhemska"/><SP WIDTH="21" VPOS="1956" HPOS="749"/>
							<String ID="string_220" HPOS="770" VPOS="1954" WIDTH="231" HEIGHT="33" WC="0.96" CONTENT="marknaden."/><SP WIDTH="41" VPOS="1954" HPOS="1001"/>
							<String ID="string_221" HPOS="1042" VPOS="1955" WIDTH="56" HEIGHT="31" WC="0.96" CONTENT="Då"/><SP WIDTH="20" VPOS="1955" HPOS="1098"/>
							<String ID="string_222" HPOS="1118" VPOS="1954" WIDTH="67" HEIGHT="31" WC="0.96" CONTENT="den"/><SP WIDTH="23" VPOS="1954" HPOS="1185"/>
							<String ID="string_223" HPOS="1208" VPOS="1953" WIDTH="249" HEIGHT="37" WC="0.92" CONTENT="föreliggande"/><SP WIDTH="22" VPOS="1953" HPOS="1457"/>
							<String ID="string_224" HPOS="1479" VPOS="1955" WIDTH="160" HEIGHT="29" WC="0.69" CONTENT="överevs-"/>
						</TextLine>
						<TextLine ID="line_31" HPOS="130" VPOS="2004" WIDTH="1510" HEIGHT="40">
							<String ID="string_225" HPOS="130" VPOS="2008" WIDTH="217" HEIGHT="32" WC="0.91" CONTENT="kommelsen"/><SP WIDTH="25" VPOS="2008" HPOS="347"/>
							<String ID="string_226" HPOS="372" VPOS="2008" WIDTH="162" HEIGHT="35" WC="0.96" CONTENT="innebär,"/><SP WIDTH="24" VPOS="2008" HPOS="534"/>
							<String ID="string_227" HPOS="558" VPOS="2009" WIDTH="53" HEIGHT="30" WC="0.96" CONTENT="att"/><SP WIDTH="24" VPOS="2009" HPOS="611"/>
							<String ID="string_228" HPOS="635" VPOS="2007" WIDTH="169" HEIGHT="37" WC="0.93" CONTENT="gällande"/><SP WIDTH="24" VPOS="2007" HPOS="804"/>
							<String ID="string_229" HPOS="828" VPOS="2005" WIDTH="219" HEIGHT="38" WC="0.91" CONTENT="tilläggstull"/><SP WIDTH="23" VPOS="2005" HPOS="1047"/>
							<String ID="string_230" HPOS="1070" VPOS="2005" WIDTH="115" HEIGHT="32" WC="0.93" CONTENT="skulle"/><SP WIDTH="25" VPOS="2005" HPOS="1185"/>
							<String ID="string_231" HPOS="1210" VPOS="2005" WIDTH="184" HEIGHT="36" WC="0.92" CONTENT="borttagas"/><SP WIDTH="24" VPOS="2005" HPOS="1394"/>
							<String ID="string_232" HPOS="1418" VPOS="2004" WIDTH="12" HEIGHT="31" WC="0.87" CONTENT="i"/><SP WIDTH="25" VPOS="2004" HPOS="1430"/>
							<String ID="string_233" HPOS="1455" VPOS="2004" WIDTH="106" HEIGHT="37" WC="0.96" CONTENT="fråga"/><SP WIDTH="23" VPOS="2004" HPOS="1561"/>
							<String ID="string_234" HPOS="1584" VPOS="2014" WIDTH="56" HEIGHT="21" WC="0.96" CONTENT="om"/>
						</TextLine>
						<TextLine ID="line_32" HPOS="130" VPOS="2055" WIDTH="1510" HEIGHT="42">
							<String ID="string_235" HPOS="130" VPOS="2060" WIDTH="130" HEIGHT="37" WC="0.96" CONTENT="äpplen"/><SP WIDTH="24" VPOS="2060" HPOS="260"/>
							<String ID="string_236" HPOS="284" VPOS="2059" WIDTH="114" HEIGHT="32" WC="0.96" CONTENT="under"/><SP WIDTH="24" VPOS="2059" HPOS="398"/>
							<String ID="string_237" HPOS="422" VPOS="2059" WIDTH="146" HEIGHT="36" WC="0.96" CONTENT="januari"/><SP WIDTH="24" VPOS="2059" HPOS="568"/>
							<String ID="string_238" HPOS="592" VPOS="2058" WIDTH="133" HEIGHT="32" WC="0.96" CONTENT="månad"/><SP WIDTH="23" VPOS="2058" HPOS="725"/>
							<String ID="string_239" HPOS="748" VPOS="2059" WIDTH="66" HEIGHT="31" WC="0.96" CONTENT="och"/><SP WIDTH="25" VPOS="2059" HPOS="814"/>
							<String ID="string_240" HPOS="839" VPOS="2057" WIDTH="229" HEIGHT="33" WC="0.96" CONTENT="beträffande"/><SP WIDTH="25" VPOS="2057" HPOS="1068"/>
							<String ID="string_241" HPOS="1093" VPOS="2060" WIDTH="112" HEIGHT="34" WC="0.96" CONTENT="päron"/><SP WIDTH="24" VPOS="2060" HPOS="1205"/>
							<String ID="string_242" HPOS="1229" VPOS="2056" WIDTH="114" HEIGHT="32" WC="0.96" CONTENT="under"/><SP WIDTH="22" VPOS="2056" HPOS="1343"/>
							<String ID="string_243" HPOS="1365" VPOS="2055" WIDTH="186" HEIGHT="33" WC="0.96" CONTENT="december"/><SP WIDTH="24" VPOS="2055" HPOS="1551"/>
							<String ID="string_244" HPOS="1575" VPOS="2056" WIDTH="65" HEIGHT="31" WC="0.96" CONTENT="och"/>
						</TextLine>
						<TextLine ID="line_33" HPOS="131" VPOS="2107" WIDTH="1509" HEIGHT="42">
							<String ID="string_245" HPOS="131" VPOS="2112" WIDTH="145" HEIGHT="37" WC="0.96" CONTENT="januari"/><SP WIDTH="20" VPOS="2112" HPOS="276"/>
							<String ID="string_246" HPOS="296" VPOS="2112" WIDTH="182" HEIGHT="37" WC="0.96" CONTENT="månader,"/><SP WIDTH="20" VPOS="2112" HPOS="478"/>
							<String ID="string_247" HPOS="498" VPOS="2111" WIDTH="100" HEIGHT="32" WC="0.96" CONTENT="torde"/><SP WIDTH="18" VPOS="2111" HPOS="598"/>
							<String ID="string_248" HPOS="616" VPOS="2121" WIDTH="85" HEIGHT="21" WC="0.96" CONTENT="man"/><SP WIDTH="22" VPOS="2121" HPOS="701"/>
							<String ID="string_249" HPOS="723" VPOS="2111" WIDTH="38" HEIGHT="31" WC="0.96" CONTENT="få"/><SP WIDTH="19" VPOS="2111" HPOS="761"/>
							<String ID="string_250" HPOS="780" VPOS="2110" WIDTH="115" HEIGHT="31" WC="0.96" CONTENT="räkna"/><SP WIDTH="18" VPOS="2110" HPOS="895"/>
							<String ID="string_251" HPOS="913" VPOS="2109" WIDTH="79" HEIGHT="32" WC="0.96" CONTENT="med"/><SP WIDTH="18" VPOS="2109" HPOS="992"/>
							<String ID="string_252" HPOS="1010" VPOS="2110" WIDTH="55" HEIGHT="31" WC="0.96" CONTENT="att"/><SP WIDTH="18" VPOS="2110" HPOS="1065"/>
							<String ID="string_253" HPOS="1083" VPOS="2109" WIDTH="157" HEIGHT="31" WC="0.96" CONTENT="nämnda"/><SP WIDTH="19" VPOS="2109" HPOS="1240"/>
							<String ID="string_254" HPOS="1259" VPOS="2108" WIDTH="221" HEIGHT="32" WC="0.96" CONTENT="strävanden"/><SP WIDTH="17" VPOS="2108" HPOS="1480"/>
							<String ID="string_255" HPOS="1497" VPOS="2107" WIDTH="143" HEIGHT="32" WC="0.95" CONTENT="komma"/>
						</TextLine>
						<TextLine ID="line_34" HPOS="130" VPOS="2159" WIDTH="1510" HEIGHT="42">
							<String ID="string_256" HPOS="130" VPOS="2165" WIDTH="55" HEIGHT="30" WC="0.96" CONTENT="att"/><SP WIDTH="21" VPOS="2165" HPOS="185"/>
							<String ID="string_257" HPOS="206" VPOS="2172" WIDTH="126" HEIGHT="29" WC="0.96" CONTENT="genom"/><SP WIDTH="21" VPOS="2172" HPOS="332"/>
							<String ID="string_258" HPOS="353" VPOS="2162" WIDTH="368" HEIGHT="32" WC="0.95" CONTENT="överenskommelsen"/><SP WIDTH="21" VPOS="2162" HPOS="721"/>
							<String ID="string_259" HPOS="742" VPOS="2162" WIDTH="74" HEIGHT="32" WC="0.96" CONTENT="lida"/><SP WIDTH="21" VPOS="2162" HPOS="816"/>
							<String ID="string_260" HPOS="837" VPOS="2163" WIDTH="52" HEIGHT="29" WC="0.96" CONTENT="ett"/><SP WIDTH="22" VPOS="2163" HPOS="889"/>
							<String ID="string_261" HPOS="911" VPOS="2161" WIDTH="91" HEIGHT="32" WC="0.96" CONTENT="visst"/><SP WIDTH="19" VPOS="2161" HPOS="1002"/>
							<String ID="string_262" HPOS="1021" VPOS="2160" WIDTH="168" HEIGHT="32" WC="0.91" CONTENT="avbräck."/><SP WIDTH="41" VPOS="2160" HPOS="1189"/>
							<String ID="string_263" HPOS="1230" VPOS="2159" WIDTH="71" HEIGHT="33" WC="0.96" CONTENT="Vid"/><SP WIDTH="22" VPOS="2159" HPOS="1301"/>
							<String ID="string_264" HPOS="1323" VPOS="2159" WIDTH="249" HEIGHT="37" WC="0.96" CONTENT="övervägande"/><SP WIDTH="22" VPOS="2159" HPOS="1572"/>
							<String ID="string_265" HPOS="1594" VPOS="2169" WIDTH="46" HEIGHT="21" WC="0.96" CONTENT="av"/>
						</TextLine>
						<TextLine ID="line_35" HPOS="128" VPOS="2210" WIDTH="1510" HEIGHT="41">
							<String ID="string_266" HPOS="128" VPOS="2215" WIDTH="44" HEIGHT="32" WC="0.96" CONTENT="de"/><SP WIDTH="19" VPOS="2215" HPOS="172"/>
							<String ID="string_267" HPOS="191" VPOS="2215" WIDTH="98" HEIGHT="31" WC="0.93" CONTENT="olika"/><SP WIDTH="19" VPOS="2215" HPOS="289"/>
							<String ID="string_268" HPOS="308" VPOS="2214" WIDTH="327" HEIGHT="37" WC="0.89" CONTENT="tullkoncessioner,"/><SP WIDTH="20" VPOS="2214" HPOS="635"/>
							<String ID="string_269" HPOS="655" VPOS="2223" WIDTH="75" HEIGHT="23" WC="0.93" CONTENT="som"/><SP WIDTH="20" VPOS="2223" HPOS="730"/>
							<String ID="string_270" HPOS="750" VPOS="2214" WIDTH="21" HEIGHT="30" WC="0.93" CONTENT="å"/><SP WIDTH="21" VPOS="2214" HPOS="771"/>
							<String ID="string_271" HPOS="792" VPOS="2215" WIDTH="94" HEIGHT="29" WC="0.96" CONTENT="ömse"/><SP WIDTH="20" VPOS="2215" HPOS="886"/>
							<String ID="string_272" HPOS="906" VPOS="2212" WIDTH="99" HEIGHT="32" WC="0.96" CONTENT="sidor"/><SP WIDTH="19" VPOS="2212" HPOS="1005"/>
							<String ID="string_273" HPOS="1024" VPOS="2212" WIDTH="166" HEIGHT="36" WC="0.96" CONTENT="lämnats,"/><SP WIDTH="20" VPOS="2212" HPOS="1190"/>
							<String ID="string_274" HPOS="1210" VPOS="2212" WIDTH="93" HEIGHT="30" WC="0.93" CONTENT="samt"/><SP WIDTH="19" VPOS="2212" HPOS="1303"/>
							<String ID="string_275" HPOS="1322" VPOS="2210" WIDTH="316" HEIGHT="33" WC="0.92" CONTENT="överenskommel-"/>
						</TextLine>
						<TextLine ID="line_36" HPOS="130" VPOS="2262" WIDTH="1509" HEIGHT="40">
							<String ID="string_276" HPOS="130" VPOS="2276" WIDTH="80" HEIGHT="22" WC="0.95" CONTENT="sens"/><SP WIDTH="20" VPOS="2276" HPOS="210"/>
							<String ID="string_277" HPOS="230" VPOS="2266" WIDTH="161" HEIGHT="31" WC="0.96" CONTENT="innehåll"/><SP WIDTH="20" VPOS="2266" HPOS="391"/>
							<String ID="string_278" HPOS="411" VPOS="2265" WIDTH="12" HEIGHT="31" WC="0.96" CONTENT="i"/><SP WIDTH="23" VPOS="2265" HPOS="423"/>
							<String ID="string_279" HPOS="446" VPOS="2265" WIDTH="121" HEIGHT="37" WC="0.96" CONTENT="övrigt"/><SP WIDTH="19" VPOS="2265" HPOS="567"/>
							<String ID="string_280" HPOS="586" VPOS="2265" WIDTH="66" HEIGHT="31" WC="0.96" CONTENT="har"/><SP WIDTH="20" VPOS="2265" HPOS="652"/>
							<String ID="string_281" HPOS="672" VPOS="2264" WIDTH="200" HEIGHT="32" WC="0.93" CONTENT="emellertid"/><SP WIDTH="21" VPOS="2264" HPOS="872"/>
							<String ID="string_282" HPOS="893" VPOS="2264" WIDTH="185" HEIGHT="35" WC="0.95" CONTENT="utskottet,"/><SP WIDTH="26" VPOS="2264" HPOS="1078"/>
							<String ID="string_283" HPOS="1104" VPOS="2263" WIDTH="5" HEIGHT="31" WC="0.96" CONTENT="i"/><SP WIDTH="21" VPOS="2263" HPOS="1109"/>
							<String ID="string_284" HPOS="1130" VPOS="2263" WIDTH="113" HEIGHT="31" WC="0.96" CONTENT="likhet"/><SP WIDTH="20" VPOS="2263" HPOS="1243"/>
							<String ID="string_285" HPOS="1263" VPOS="2263" WIDTH="79" HEIGHT="31" WC="0.93" CONTENT="med"/><SP WIDTH="18" VPOS="2263" HPOS="1342"/>
							<String ID="string_286" HPOS="1360" VPOS="2262" WIDTH="279" HEIGHT="36" WC="0.91" CONTENT="departements-"/>
						</TextLine>
						<TextLine ID="line_37" HPOS="130" VPOS="2312" WIDTH="1505" HEIGHT="41">
							<String ID="string_287" HPOS="130" VPOS="2317" WIDTH="136" HEIGHT="36" WC="0.92" CONTENT="chefen,"/><SP WIDTH="22" VPOS="2317" HPOS="266"/>
							<String ID="string_288" HPOS="288" VPOS="2316" WIDTH="122" HEIGHT="31" WC="0.96" CONTENT="funnit"/><SP WIDTH="22" VPOS="2316" HPOS="410"/>
							<String ID="string_289" HPOS="432" VPOS="2317" WIDTH="60" HEIGHT="31" WC="0.96" CONTENT="det"/><SP WIDTH="21" VPOS="2317" HPOS="492"/>
							<String ID="string_290" HPOS="513" VPOS="2315" WIDTH="247" HEIGHT="37" WC="0.96" CONTENT="föreliggande"/><SP WIDTH="23" VPOS="2315" HPOS="760"/>
							<String ID="string_291" HPOS="783" VPOS="2315" WIDTH="172" HEIGHT="35" WC="0.96" CONTENT="förslaget"/><SP WIDTH="21" VPOS="2315" HPOS="955"/>
							<String ID="string_292" HPOS="976" VPOS="2315" WIDTH="111" HEIGHT="36" WC="0.96" CONTENT="ägnat"/><SP WIDTH="21" VPOS="2315" HPOS="1087"/>
							<String ID="string_293" HPOS="1108" VPOS="2315" WIDTH="54" HEIGHT="30" WC="0.96" CONTENT="att"/><SP WIDTH="22" VPOS="2315" HPOS="1162"/>
							<String ID="string_294" HPOS="1184" VPOS="2313" WIDTH="129" HEIGHT="32" WC="0.96" CONTENT="bereda"/><SP WIDTH="20" VPOS="2313" HPOS="1313"/>
							<String ID="string_295" HPOS="1333" VPOS="2314" WIDTH="67" HEIGHT="30" WC="0.93" CONTENT="vår"/><SP WIDTH="23" VPOS="2314" HPOS="1400"/>
							<String ID="string_296" HPOS="1423" VPOS="2312" WIDTH="212" HEIGHT="36" WC="0.91" CONTENT="exporthan-"/>
						</TextLine>
						<TextLine ID="line_38" HPOS="128" VPOS="2363" WIDTH="1507" HEIGHT="41">
							<String ID="string_297" HPOS="128" VPOS="2369" WIDTH="58" HEIGHT="31" WC="0.96" CONTENT="del"/><SP WIDTH="28" VPOS="2369" HPOS="186"/>
							<String ID="string_298" HPOS="214" VPOS="2368" WIDTH="201" HEIGHT="36" WC="0.96" CONTENT="betydande"/><SP WIDTH="28" VPOS="2368" HPOS="415"/>
							<String ID="string_299" HPOS="443" VPOS="2367" WIDTH="158" HEIGHT="32" WC="0.96" CONTENT="fördelar"/><SP WIDTH="25" VPOS="2367" HPOS="601"/>
							<String ID="string_300" HPOS="626" VPOS="2367" WIDTH="65" HEIGHT="31" WC="0.96" CONTENT="och"/><SP WIDTH="27" VPOS="2367" HPOS="691"/>
							<String ID="string_301" HPOS="718" VPOS="2366" WIDTH="209" HEIGHT="31" WC="0.96" CONTENT="överhuvud"/><SP WIDTH="29" VPOS="2366" HPOS="927"/>
							<String ID="string_302" HPOS="956" VPOS="2365" WIDTH="134" HEIGHT="37" WC="0.96" CONTENT="främja"/><SP WIDTH="27" VPOS="2365" HPOS="1090"/>
							<String ID="string_303" HPOS="1117" VPOS="2364" WIDTH="255" HEIGHT="36" WC="0.96" CONTENT="utvecklingen"/><SP WIDTH="26" VPOS="2364" HPOS="1372"/>
							<String ID="string_304" HPOS="1398" VPOS="2374" WIDTH="47" HEIGHT="21" WC="0.93" CONTENT="av"/><SP WIDTH="28" VPOS="2374" HPOS="1445"/>
							<String ID="string_305" HPOS="1473" VPOS="2363" WIDTH="162" HEIGHT="32" WC="0.91" CONTENT="handels-"/>
						</TextLine>
						<TextLine ID="line_39" HPOS="132" VPOS="2415" WIDTH="1502" HEIGHT="38">
							<String ID="string_306" HPOS="132" VPOS="2419" WIDTH="283" HEIGHT="33" WC="0.96" CONTENT="förbindelserna"/><SP WIDTH="32" VPOS="2419" HPOS="415"/>
							<String ID="string_307" HPOS="447" VPOS="2419" WIDTH="132" HEIGHT="31" WC="0.96" CONTENT="mellan"/><SP WIDTH="32" VPOS="2419" HPOS="579"/>
							<String ID="string_308" HPOS="611" VPOS="2418" WIDTH="148" HEIGHT="35" WC="0.96" CONTENT="Sverige"/><SP WIDTH="29" VPOS="2418" HPOS="759"/>
							<String ID="string_309" HPOS="788" VPOS="2418" WIDTH="63" HEIGHT="31" WC="0.96" CONTENT="och"/><SP WIDTH="33" VPOS="2418" HPOS="851"/>
							<String ID="string_310" HPOS="884" VPOS="2418" WIDTH="157" HEIGHT="30" WC="0.96" CONTENT="Förenta"/><SP WIDTH="32" VPOS="2418" HPOS="1041"/>
							<String ID="string_311" HPOS="1073" VPOS="2417" WIDTH="177" HEIGHT="31" WC="0.95" CONTENT="Staterna."/><SP WIDTH="52" VPOS="2417" HPOS="1250"/>
							<String ID="string_312" HPOS="1302" VPOS="2415" WIDTH="57" HEIGHT="31" WC="0.95" CONTENT="Av"/><SP WIDTH="32" VPOS="2415" HPOS="1359"/>
							<String ID="string_313" HPOS="1391" VPOS="2415" WIDTH="154" HEIGHT="32" WC="0.93" CONTENT="sålunda"/><SP WIDTH="30" VPOS="2415" HPOS="1545"/>
							<String ID="string_314" HPOS="1575" VPOS="2424" WIDTH="59" HEIGHT="21" WC="0.91" CONTENT="an-"/>
						</TextLine>
						<TextLine ID="line_40" HPOS="131" VPOS="2469" WIDTH="644" HEIGHT="37">
							<String ID="string_315" HPOS="131" VPOS="2472" WIDTH="103" HEIGHT="32" WC="0.96" CONTENT="förda"/><SP WIDTH="26" VPOS="2472" HPOS="234"/>
							<String ID="string_316" HPOS="260" VPOS="2471" WIDTH="75" HEIGHT="32" WC="0.96" CONTENT="skäl"/><SP WIDTH="26" VPOS="2471" HPOS="335"/>
							<String ID="string_317" HPOS="361" VPOS="2471" WIDTH="206" HEIGHT="30" WC="0.96" CONTENT="hemställer"/><SP WIDTH="24" VPOS="2471" HPOS="567"/>
							<String ID="string_318" HPOS="591" VPOS="2469" WIDTH="184" HEIGHT="37" WC="0.96" CONTENT="utskottet,"/>
						</TextLine>
					</TextBlock>
				</ComposedBlock>
				<ComposedBlock ID="cblock_16" HPOS="1700" VPOS="1593" WIDTH="139" HEIGHT="26">
					<TextBlock ID="block_8" HPOS="1700" VPOS="1593" WIDTH="139" HEIGHT="26">
						<TextLine ID="line_41" HPOS="1700" VPOS="1593" WIDTH="139" HEIGHT="26">
							<String ID="string_319" HPOS="1700" VPOS="1593" WIDTH="139" HEIGHT="26" WC="0.95" CONTENT="Utskottet."/>
						</TextLine>
					</TextBlock>
				</ComposedBlock>
			</PrintSpace>
		</Page>
	</Layout>
</alto>
