2210 2638
643 194 357 43 Bevillningsutskottets
1023 199 197 33 betänkande
1245 200 53 33 Nr
1322 204 30 29 5.
1759 206 39 31 17

946 291 45 33 16
1022 290 34 46 8.

303 355 32 34 1.
392 354 74 37 Vid
495 357 233 46 hälsobrunn,
758 359 128 36 badort
914 361 86 35 eller
1028 374 120 23 annan
1177 363 127 36 kurort
1332 367 21 32 å
1380 365 138 46 landet,
1550 367 65 36 där
1634 367 160 37 särskild

191 406 123 36 läkare
342 407 116 37 finnes
487 412 165 44 anställd,
683 415 58 32 må
769 415 46 44 på
842 414 121 36 därom
992 415 104 48 gjord
1124 417 205 48 ansökning
1354 419 139 48 Kungl.
1525 421 125 48 Maj:ts
1670 422 125 36 befall-

191 460 300 48 ningshafvande,
537 465 110 35 sedan
689 467 267 36 vederbörande
998 469 362 38 kommunalstämma
1405 473 127 36 därtill
1564 475 139 36 lämnat
1731 476 64 36 sitt

191 513 114 46 bifall,
349 517 163 35 meddela
553 518 174 48 rättighet
768 520 56 36 till
858 521 428 51 bränvinsutskänkning
1322 525 57 36 för
1407 526 147 36 kortare
1582 528 55 36 tid
1667 535 46 29 än
1743 532 49 41 år,

191 568 93 35 dock
319 571 53 33 att
399 570 62 35 vid
490 572 111 35 sådan
629 573 253 48 utskänkning
909 576 175 48 egentligt
1112 578 182 36 brännvin
1323 582 59 33 må
1410 580 297 38 tillhandahållas
1737 596 58 22 en-

190 622 81 35 dast
298 622 62 35 vid
389 624 165 36 måltider
582 628 37 34 åt
647 626 169 47 spisande
844 632 132 44 gäster.

298 678 32 33 2.
389 677 75 36 Vid
505 680 234 36 meddelande
781 682 40 34 af
859 683 344 48 utskänkningsrätt
1236 687 114 47 enligt
1385 689 119 35 denna
1533 690 175 47 paragraf
1733 694 57 32 må

188 729 136 47 Kungl.
369 731 124 48 Maj:ts
534 733 401 48 befallningshafvande
977 738 219 37 föreskrifva
1237 741 44 35 de
1313 741 326 50 inskränkningar,
1673 757 74 23 som
1778 744 13 36 i

190 782 111 48 öfrigt
329 783 123 37 kunna
481 798 104 24 anses
613 788 145 47 nödiga.

939 900 46 33 17
1016 899 34 45 $S.

300 964 31 33 1.
389 963 51 35 På
482 964 151 37 auktion
662 988 51 4 —
742 989 50 3 —
823 990 47 3 —
901 991 50 3 —
981 969 87 48 (lika
1110 972 82 34 med
1234 974 210 35 nuvarande
1480 974 149 49 lydelse)
1662 998 47 3 —
1740 999 51 3 —

190 1036 50 3 —
270 1037 50 3 —
349 1015 13 35 1
391 1017 110 47 öfrigt
529 1018 160 49 behörig.

298 1071 34 34 2.
389 1070 114 48 Bolag
545 1075 57 33 må
646 1095 48 3 —
725 1096 51 4 —
806 1097 47 3 —
885 1098 48 3 —
971 1076 88 47 (lika
1101 1078 81 35 med
1224 1081 209 35 nuvarande
1476 1082 150 48 lydelse)
1659 1105 47 3 —
1739 1106 50 4 —

189 1144 51 3 —
269 1145 50 3 —
348 1123 293 39 tillhandahåller
668 1128 13 35 i
713 1128 56 35 sin
797 1130 143 35 rörelse.

297 1179 20 32 3.
390 1171 237 45 Öfverlåtelse
657 1204 47 3 —
737 1204 47 3 —
815 1205 50 3 —
893 1206 51 3 —
976 1184 87 47 (lika
1104 1187 83 35 med
1229 1189 210 35 nuvarande
1477 1190 150 47 lydelse)
1657 1213 51 3 —
1740 1214 47 3 —

188 1250 51 5 --
269 1252 48 3 —
347 1232 218 46 medgifven.

294 1287 35 33 4.
387 1285 140 36 Afiider
568 1288 71 35 den
674 1311 47 3 —
753 1311 49 4 —
833 1312 47 3 —
911 1313 50 3 —
991 1290 88 49 (lika
1113 1294 82 35 med
1229 1296 211 35 nuvarande
1476 1297 149 48 lydelse)
1657 1320 49 4 —
1739 1321 47 4 —

190 1357 46 3 —
268 1358 48 4 —
346 1338 151 48 behörig
524 1341 66 35 och
619 1342 160 48 lämplig.

297 1393 19 32 5.
386 1391 142 37 Aflider
556 1395 80 45 den,
668 1408 74 23 som
772 1399 45 44 på
845 1399 118 45 grund
991 1398 41 35 af
1060 1402 45 32 16
1136 1400 22 46 $
1187 1400 154 36 innehar
1369 1402 175 48 rättighet
1571 1404 57 36 till
1656 1405 131 36 bränn-

186 1442 336 52 vinsutskänkning
549 1470 51 3 —
630 1471 51 4 —
711 1471 47 4 —
791 1472 47 4 —
870 1451 88 47 (lika
986 1454 82 34 med
1095 1455 210 35 nuvarande
1333 1456 150 48 lydelse)
1514 1479 50 4 —
1592 1480 52 4 —
1665 1481 51 3 —
1737 1482 47 3 —

186 1497 66 35 och
279 1498 160 49 lämplig.

931 1597 46 33 23
1009 1597 34 45 8.

295 1661 31 34 1.
385 1661 57 34 Då
482 1662 174 47 rättighet
690 1686 47 4 —
770 1687 47 3 —
848 1687 50 4 —
929 1688 47 3 —
1008 1667 88 46 (lika
1124 1669 82 35 med
1234 1671 211 35 nuvarande
1472 1671 150 47 lydelse)
1654 1695 50 3 —
1735 1695 49 4 —

184 1734 50 3 —-
267 1734 46 3 —
344 1714 500 50 taxeringsmyndigheterna.

292 1768 33 33 2.
383 1766 169 48 Afgiften
593 1769 56 36 för
678 1792 50 4 —
757 1793 50 3 —
837 1794 50 3 —
917 1795 50 2 —
997 1773 88 47 (lika
1120 1775 81 35 med
1229 1778 211 34 nuvarande
1473 1778 149 48 lydelse)
1655 1801 47 4 —
1734 1803 48 4 —

185 1840 47 4 —
265 1840 48 5 —
343 1820 230 38 förskottsvis
602 1822 56 36 till
686 1825 266 36 vederbörande
980 1828 281 46 uppbördsman.

929 1936 49 32 40
1008 1935 34 46 8.

288 1998 112 36 Idkar
427 2002 118 45 någon
576 2023 47 3 —
651 2024 48 3 —
723 2024 47 4 —
794 2025 46 3 —
872 2003 88 48 (lika
988 2006 82 35 med
1097 2008 210 35 nuvarande
1336 2008 150 48 lydelse)
1518 2032 47 3 —
1588 2032 51 4 —
1660 2032 49 5 —
1732 2034 48 3 —

180 2049 57 36 till
266 2051 243 48 detaljhandel
538 2054 177 48 förlustig.

288 2104 152 36 Utöfvar
468 2107 80 43 den,
580 2120 74 23 som
684 2109 144 36 erhållit
855 2109 174 48 rättighet
1056 2111 57 36 till
1140 2112 254 48 utskänkning
1424 2114 114 48 enligt
1570 2118 45 33 16
1646 2117 23 46 $
1698 2117 83 35 den-

180 2169 135 23 samma
343 2159 210 36 annorledes
584 2182 48 4 —
664 2182 48 5 —
735 2183 47 4 —
806 2184 46 3 —
885 2162 87 48 (lika
1001 2165 81 35 med
1110 2167 210 34 nuvarande
1343 2167 149 48 lydelse)
1515 2190 50 4 —
1587 2190 48 4 —
1659 2191 47 4 —
1731 2192 48 4 —

180 2222 74 23 som
284 2223 87 36 nyss
400 2217 39 30 är
466 2214 115 46 sagdt.

224 2325 133 42 DBihang
380 2325 49 33 till
456 2326 108 34 Riksd.
584 2332 85 37 prot.
696 2332 95 30 1911.
821 2333 20 30 5
855 2330 99 34 Saml.
980 2335 19 28 1
1019 2331 88 42 Afd.
1134 2335 21 29 5
1180 2332 94 42 Häft.
1714 2339 19 29 3
