2206 2628
252 1046 138 26 Utskottets

252 1083 126 31 yttrande.

437 204 40 33 14
879 204 355 45 Bevillningsulskottets
1258 206 195 34 betänkande
1478 204 52 36 Nr
1554 207 29 32 5.

433 296 148 48 ningen,
618 297 67 37 och
717 297 61 37 det
806 297 118 37 skulle
953 310 86 25 vara
1067 298 233 49 synnerligen
1328 297 187 50 olyckligt,
1546 310 56 24 om
1631 297 71 37 den
1730 296 301 49 föreställningen

433 351 121 37 blefve
594 351 143 45 allmän,
781 354 53 34 att
862 353 71 35 den
961 352 185 37 blifvande
1174 352 244 48 utredningen
1445 352 93 35 hade
1566 352 56 35 till
1649 351 263 48 hufvudsaklig
1939 364 90 35 upp-

433 404 71 48 gift
537 407 53 34 att
617 405 208 48 genomföra
853 405 292 37 modifikationer
1173 406 95 36 inom
1299 406 210 37 nuvarande
1536 405 250 48 lagstiftnings
1815 417 88 25 ram.
1959 406 70 47 Jag

434 461 110 45 vågar
571 459 108 36 också
707 459 148 47 hoppas,
887 463 53 32 att
967 459 211 48 Riksdagen
1207 460 30 49 ej
1269 460 93 36 skall
1389 465 87 42 göra
1504 459 194 37 utskottets
1727 458 217 48 motivering
1973 458 58 37 till

434 511 57 37 sin
532 512 67 36 ooh
640 512 205 48 därigenom
889 513 83 36 från
1009 513 126 49 början
1170 526 44 35 ge
1255 513 243 48 utredningen
1527 525 46 24 en
1600 513 77 36 helt
1704 525 120 23 annan
1851 512 179 37 innebörd

434 571 47 30 än
522 566 80 45 den,
640 578 74 24 som
750 566 128 36 Andra
913 567 209 36 kammaren
1149 580 129 35 genom
1307 567 64 36 sitt
1399 567 120 36 beslut
1546 567 82 35 med
1656 566 196 48 anledning
1880 566 41 36 af
1946 567 83 34 herr

433 619 174 37 Jonssons
635 619 13 36 i
675 620 169 36 Hökhult
872 620 136 37 motion
1036 621 95 36 velat
1158 621 100 47 gifva
1286 633 45 24 en
1360 621 112 35 sådan
1500 620 207 48 utredning.

542 673 137 37 Genom
709 673 63 37 sitt
799 673 105 37 bifall
930 674 58 36 till
1015 675 84 35 herr
1128 675 243 47 Söderberghs
1401 687 46 23 m.
1478 675 35 35 fl.
1545 673 134 37 motion
1698 687 45 22 nr
1765 676 71 33 111
1859 674 67 36 och
1945 674 84 35 herr

433 727 192 48 Hagbergs
661 740 47 23 m.
738 728 35 35 fl.
813 727 136 37 motion
978 740 44 23 nr
1052 730 46 33 23
1129 728 162 47 påkallas
1320 727 212 48 förändring
1560 727 12 36 1
1600 728 47 46 $$
1680 730 58 42 17,
1771 730 47 33 23
1840 728 67 36 och
1936 730 49 33 40
2015 727 14 36 i

433 780 704 49 brännvinsförsäljningsförordningen.

540 835 73 36 Det
639 834 174 48 yrkande,
844 847 74 24 som
948 836 84 35 herr
1059 835 240 37 Kvarnzelius
1327 838 46 45 på
1401 836 105 35 dessa
1526 836 159 47 grunder
1704 835 233 45 framställde,
1959 836 67 35 och

434 900 74 25 som
538 888 40 36 af
602 888 127 36 Andra
757 888 210 37 kammaren
995 888 131 46 bifölls,
1157 892 159 45 upptaga
1344 889 37 37 vi
1410 889 105 36 alltså
1543 891 45 45 på
1616 891 113 46 nytt.»

544 1052 45 33 16
619 1051 22 46 8
670 1049 13 36 i
710 1050 166 47 gällande
904 1050 212 48 förordning
1143 1051 185 47 angående
1357 1050 215 48 försäljning
1600 1050 40 36 af
1665 1049 193 46 brännvin,
1888 1050 14 36 i
1930 1049 94 37 hvil-

434 1104 72 35 ken
540 1104 171 47 paragraf
734 1104 236 36 förevarande
998 1104 175 37 motioner
1201 1105 118 48 åsyfta
1347 1104 165 48 ändring,
1544 1109 39 30 är
1611 1104 40 35 af
1676 1104 158 48 följande
1863 1104 156 48 lydelse:

542 1160 54 33 »1.
652 1157 124 36 Klubb
819 1158 87 36 eller
939 1170 120 24 annan
1087 1158 168 48 förening
1283 1160 66 43 må,
1380 1158 93 36 efter
1501 1158 268 36 vederbörande
1798 1158 222 35 kommunal-

434 1211 170 48 styrelses
631 1211 169 45 hörande,
832 1212 125 36 kunna
985 1212 40 35 af
1049 1213 136 47 Kungl.
1215 1212 124 48 Maj:ts
1360 1211 401 48 befallningshafvande
1776 1211 157 36 tilldelas
1952 1214 76 33 rätt

432 1265 117 36 under
576 1265 106 47 högst
710 1268 52 33 ett
789 1267 39 34 år
856 1265 13 36 i
898 1266 130 35 sänder
1055 1269 54 33 att
1135 1266 184 36 utskänka
1346 1265 181 37 brännvin
1554 1268 37 33 åt
1609 1265 79 36 sina
1708 1265 233 36 medlemmar
1960 1264 67 37 och

434 1318 178 49 inbjudna
639 1321 129 44 gäster.

543 1375 34 33 2.
634 1372 74 36 Vid
735 1373 234 45 hälsobrunn,
1001 1373 127 36 badort
1155 1374 87 35 eller
1270 1386 120 23 annan
1419 1373 128 36 kurort
1574 1375 20 33 å
1622 1373 133 45 landet,
1787 1373 64 35 där
1871 1372 158 36 särskild

434 1426 124 36 läkare
599 1427 116 35 finnes
756 1427 166 44 anställd,
967 1430 57 32 må
1057 1429 46 46 på
1131 1428 121 36 därom
1281 1427 104 48 gjord
1413 1426 206 48 ansökning
1646 1427 135 46 Kungl.
1814 1425 126 49 Maj:ts
1969 1426 57 35 be-

435 1479 364 48 fallningshafvande,
844 1481 112 35 sedan
994 1481 267 36 vederbörande
1302 1481 362 35 kommunalstämma
1698 1480 154 35 lämnats
1880 1479 143 36 tillfälle

435 1536 54 34 att
529 1537 98 44 yttra
654 1533 66 48 sig,
751 1534 164 36 meddela
943 1534 173 48 rättighet
1144 1534 57 36 till
1229 1532 454 48 brännvinsutskänkning
1711 1533 55 36 för
1795 1533 145 36 kortare
1968 1533 55 36 tid

435 1593 46 30 än
523 1590 50 42 år,
616 1587 93 36 dock
741 1590 53 33 att
821 1587 63 37 vid
912 1588 112 36 sådan
1051 1588 254 46 utskänkning
1332 1586 177 48 egentligt
1536 1586 181 37 brännvin
1746 1589 57 33 må
1831 1587 193 35 tillhanda-

434 1641 115 36 hållas
577 1642 127 35 endast
732 1640 61 37 vid
821 1641 168 36 måltider
1017 1644 37 34 åt
1081 1641 170 48 spisande
1278 1643 131 45 gäster.

543 1697 33 33 3.
633 1694 189 48 Rättighet
862 1695 58 36 till
961 1695 252 47 utskänkning
1250 1697 20 33 å
1298 1694 333 48 passagerarfartyg
1659 1697 57 33 må
1744 1697 46 45 på
1818 1693 205 49 ansökning

435 1749 126 35 kunna
602 1748 200 47 medgifvas
830 1749 41 35 af
895 1749 137 47 Kungl.
1062 1749 125 48 Maj:ts
1215 1747 401 48 befallningshafvande
1644 1748 13 36 i
1686 1749 62 35 det
1774 1749 72 43 län,
1877 1749 148 34 hvarest

435 1803 177 47 fartygets
640 1801 118 36 rederi
785 1803 66 35 har
880 1803 64 36 sitt
972 1806 86 33 säte.
1116 1803 119 35 Sådan
1262 1802 254 47 utskänkning
1544 1804 57 33 må
1629 1802 128 35 endast
1785 1807 67 42 äga
1871 1814 79 23 rum
1971 1801 58 36 till

435 1855 177 47 förtäring
653 1855 148 37 ombord
843 1858 20 33 å
905 1856 160 48 fartyget
1105 1856 67 36 och
1213 1859 68 41 må,
1311 1856 116 35 under
1455 1857 61 34 det
1544 1856 159 48 fartyget
1730 1855 117 48 ligger
1875 1855 14 35 i
1917 1856 110 34 hamn

435 1910 88 35 eller
549 1908 63 37 vid
634 1909 97 44 land,
762 1909 153 37 allenast
942 1910 65 35 ske
1035 1909 56 37 till
1119 1909 254 48 besättningen
1402 1910 67 35 och
1497 1909 57 36 till
1582 1910 92 44 dem,
1704 1921 75 24 som
1808 1909 14 35 i
1850 1909 178 47 fartygets

434 1962 357 37 restaurationslokal
819 1962 124 49 intaga
971 1963 136 37 måltid.

542 2019 35 33 4.
635 2017 75 35 Där
752 2016 14 36 i
806 2021 111 32 annat
959 2017 64 36 fall
1065 2023 45 30 än
1152 2017 98 36 förut
1277 2016 12 36 i
1318 2018 119 35 denna
1465 2018 22 46 8
1517 2022 38 30 är
1584 2017 104 46 sagdt
1715 2015 313 38 värdshusrörelse

435 2070 56 36 för
532 2072 118 46 någon
692 2071 59 35 del
791 2070 41 36 af
864 2073 77 34 året
982 2070 232 48 tillfälligtvis
1256 2071 73 35 kan
1370 2083 87 24 vara
1498 2070 40 35 af
1576 2070 355 47 omständigheterna
1969 2072 57 45 på-

435 2124 133 45 kallad,
599 2124 92 36 dock
719 2123 31 49 ej
782 2124 63 36 vid
872 2125 100 47 läger
999 2125 87 35 eller
1114 2125 65 35 där
1206 2128 109 44 trupp
1344 2124 104 49 eljest
1477 2129 39 30 är
1544 2124 54 36 för
1617 2124 87 35 flera
1724 2124 110 47 dagar
1854 2135 173 24 samman-

436 2178 146 47 dragen,
613 2181 58 32 må
712 2178 55 35 för
808 2178 146 36 kortare
988 2178 54 35 tid
1071 2183 45 30 än
1145 2180 40 33 år
1212 2178 175 47 rättighet
1414 2177 58 36 till
1499 2176 454 49 brännvinsutskänkning
1981 2179 46 45 på

436 2232 121 35 därom
587 2231 41 35 af
652 2231 268 37 vederbörande
948 2231 103 49 gjord
1080 2231 204 47 ansökning
1313 2231 182 36 meddelas
1524 2231 40 35 af
1588 2231 136 47 Kungl.
1755 2230 125 49 Maj:ts
1904 2230 123 36 befall-

435 2284 301 48 ningshafvande.
