1890 2830
543 172 308 32 Bankoutskottets
871 173 176 31 utlåtande
1069 174 49 30 Nr
1141 176 29 29 5.

90 250 140 45 Övriga
245 251 157 45 statliga
416 252 258 36 institutioner.
683 281 398 7 .................
1146 254 66 35 989
1232 253 167 45 volymer

94 310 86 35 Icke
205 311 156 44 statliga
383 311 270 44 institutioner,
675 313 153 44 privata
850 312 150 44 företag
1022 313 67 35 och

140 370 384 45 sammanslutningar
558 399 519 7 ...........ss.ss.ssosee.
1143 372 65 35 745
1302 388 17 17 »

95 427 183 37 Enskilda
306 429 175 36 forskare
512 458 565 7 .....sssssssosssssos
978 423 102 54 isens
1110 431 98 42 2,861
1302 447 17 17 »

93 487 211 36 Utländska
321 488 178 36 bibliotek
515 517 6 7 .
544 517 536 7 .....ssssssssssssssss
1026 483 57 53 ora
1185 485 24 53 5)
1302 505 17 18 »

140 572 76 35 För
233 573 251 36 lånesökande
502 575 71 34 har
594 574 392 44 riksdagsbiblioteket
1007 574 119 36 under
1149 575 42 35 år
1211 575 89 35 1941
1323 575 75 35 för-

93 630 139 36 medlat
251 631 65 36 lån
339 631 88 36 från
451 633 43 35 19
516 633 192 35 inhemska
728 633 179 35 bibliotek
929 634 67 35 och
1020 633 117 36 arkiv.

139 784 212 35 Tillväxten
372 797 48 24 av
440 786 413 44 riksdagsbibliotekets
873 787 206 36 bokförråd
1100 788 118 35 under
1243 788 43 35 år
1308 789 88 34 1941

93 844 152 43 utgöres
271 855 48 24 av
343 845 100 42 3,467
467 846 154 34 arbeten
645 846 12 34 i
682 846 100 43 3,142
807 846 100 35 band
929 847 68 35 och
1022 848 186 43 upptager
1234 858 45 24 en
1303 847 93 45 hyll-

93 901 112 45 längd
229 914 49 23 av
299 904 91 35 74.64
410 906 129 33 meter.

138 961 102 40 Från
265 963 161 34 svenska
450 963 262 44 myndigheter
736 965 67 34 och
827 964 258 35 institutioner
1108 957 177 43 ävensom
1308 965 88 35 från

94 1019 168 36 enskilda
302 1021 206 36 författare
549 1023 67 34 och
655 1023 174 44 utgivare
854 1023 70 35 har
952 1023 217 36 biblioteket
1199 1023 197 45 emottagit

96 1080 189 44 exemplar
305 1091 48 23 av
370 1081 206 35 utkommet
597 1081 175 35 officiellt
793 1082 69 35 och
883 1082 312 35 statsunderstött
1214 1083 119 42 tryck.

138 1138 87 36 Som
251 1138 131 44 givare
410 1140 49 34 ha
488 1139 193 36 dessutom
709 1140 66 35 299
803 1140 197 36 inländska
1028 1141 67 35 och
1124 1141 43 35 37
1194 1141 201 36 utländska

93 1196 259 36 institutioner
390 1198 66 34 och
493 1199 290 44 korporationer
822 1202 97 32 samt
945 1200 44 35 37
1017 1200 168 35 enskilda
1214 1211 181 34 personer

95 1254 245 45 ihågkommit
360 1256 217 36 biblioteket
605 1258 56 43 (se
683 1258 205 44 vidfogade
909 1258 173 45 bilaga").

136 1315 156 35 Jämlikt
318 1315 139 45 Kungl.
486 1316 138 44 Maj:ts
652 1317 255 35 förordnande
940 1317 164 44 (Svensk
1129 1318 265 45 författnings-

92 1373 161 45 samling
277 1374 90 35 1922
394 1387 47 23 nr
465 1376 84 44 601)
578 1376 50 34 ha
653 1376 90 35 1940
767 1377 63 35 års
854 1376 540 45 byggnadskostnadssakkun-

91 1431 89 45 niga
206 1433 67 34 och
299 1433 91 35 1936
417 1434 62 35 års
507 1435 675 44 näringsorganisationssakkunniga
1206 1436 99 34 efter
1333 1447 61 24 av-

94 1491 115 36 slutat
238 1492 129 35 arbete
394 1492 58 35 till
477 1493 394 44 riksdagsbiblioteket
898 1494 231 35 överlämnat
1156 1494 44 34 de
1228 1494 167 45 publika-

92 1550 133 43 tioner,
246 1561 80 24 som
347 1562 47 23 av
415 1551 83 35 dem
519 1551 227 36 förvärvats.

139 1609 103 35 Från
265 1609 161 36 änkefru
462 1610 156 35 Stina
651 1610 161 35 Melin
843 1611 70 35 har
934 1610 217 36 biblioteket
1173 1612 120 34 under
1317 1611 79 35 året

91 1667 76 35 fått
190 1669 170 42 mottaga
383 1668 62 35 det
471 1669 239 44 synnerligen
735 1670 235 35 omfattande
996 1670 68 35 och
1086 1670 214 36 värdefulla
1323 1672 71 34 ste-

91 1726 223 45 nografiska
354 1727 189 44 bibliotek,
576 1740 80 23 som
686 1729 140 35 hennes
862 1728 202 36 framlidne
1097 1730 117 43 make,
1247 1732 148 32 överste

93 1785 121 36 Olof
250 1786 174 44 Melin,
462 1787 119 35 under
602 1799 45 23 en
664 1788 89 44 lång
771 1788 97 44 följd
888 1800 48 23 av
954 1788 43 35 år
1016 1788 85 35 med
1121 1788 158 45 sällsynt
1298 1789 97 35 fors-

92 1844 126 36 karnit
241 1845 148 44 samlat,
412 1846 67 34 och
503 1857 78 23 som
603 1847 182 34 makarna
810 1847 116 34 Melin
949 1858 134 32 genom
1107 1849 223 34 testamente
1353 1847 43 35 år

93 1903 89 35 1930
208 1903 230 36 förordnade
464 1905 117 34 skulle
607 1904 58 35 till
690 1904 217 35 biblioteket
930 1905 145 34 lämnas
1100 1917 79 23 som
1204 1906 190 34 donation.

92 1961 237 44 Biblioteket,
349 1973 80 23 som
446 1962 183 35 omfattar
647 1963 102 43 2,050
765 1963 101 35 band
884 1964 67 34 och
968 1963 143 44 häften,
1128 1964 203 35 bestående
1349 1976 47 23 av

93 2020 205 35 teoretiska
317 2021 68 34 och
401 2021 208 35 historiska
627 2021 153 35 arbeten
801 2023 97 33 samt
915 2022 227 43 läroböcker,
1158 2033 85 24 men
1263 2023 133 35 endast

93 2079 274 45 undantagsvis
388 2091 47 23 av
456 2091 27 23 s.
503 2081 32 33 k.
556 2079 364 45 övningslitteratur,
938 2081 79 34 icke
1037 2081 132 35 endast
1189 2081 208 35 innehåller

95 2138 155 34 enstaka
274 2138 206 44 dyrgripar
504 2139 67 34 och
599 2138 153 35 arbeten
779 2151 48 23 av
851 2139 158 44 sällsynt
1036 2139 90 35 eller
1149 2141 25 34 t.
1201 2152 31 23 o.
1258 2152 48 23 m.
1333 2151 63 24 rar

94 2197 190 42 karaktär,
308 2197 63 34 det
395 2197 107 34 torde
523 2198 95 33 även
641 2208 78 24 som
739 2198 126 34 helhet
886 2209 94 23 vara
1005 2209 45 23 en
1072 2198 110 44 högst
1204 2209 193 34 represen-

96 2254 97 35 tativ
217 2255 68 34 och
310 2255 75 34 rikt
410 2255 210 35 fasetterad
647 2255 160 44 samling
832 2267 48 23 av
904 2256 52 33 in-
985 2257 66 34 och
1076 2257 175 34 utländsk
1279 2258 121 33 steno-

132 2540 109 31 Bihang
252 2540 42 25 till
305 2540 168 32 riksdagens
484 2540 146 32 protokoll
644 2541 72 25 1942.
754 2540 15 24 8
787 2539 73 26 saml.
896 2541 40 24 Nr
954 2541 73 24 4—565.

1437 787 137 27 Tillväxt.

1558 2543 15 22 NN
