1854 2786
430 180 119 30 Andra
569 181 246 39 lagutskottets
837 181 180 30 utlåtande
1035 190 43 21 nr
1096 182 39 29 31
1156 182 40 30 år
1218 181 83 31 1957
1575 182 39 30 23

237 265 144 38 (Kungl.
402 265 127 40 Maj:ts
551 265 150 40 förslag)

1053 266 213 34 (Utskottets
1287 267 150 40 förslag)

823 342 14 30 1
869 341 28 38 8.

146 409 169 30 Befinner
335 409 50 39 sig
407 409 91 30 riket
518 409 11 30 i
549 409 87 40 krig,
661 409 98 30 skola
779 409 57 30 be-

104 460 229 29 stämelserna
363 460 10 29 i
404 460 85 30 2—4
521 460 37 37 $$
589 461 64 38 äga
683 460 151 40 tillämp-

102 510 94 40 ning.
220 511 66 29 Vid
307 511 186 39 krigsfara,
515 511 74 29 vari
611 511 91 29 riket
723 511 112 29 befin-

102 570 63 21 ner
180 561 60 39 sig,
256 562 82 29 eller
353 562 101 39 eljest
471 562 109 29 under
597 562 237 29 utomordent-

103 612 76 39 liga,
201 621 43 20 av
263 612 78 39 krig
358 612 208 40 föranledda
586 612 247 39 förhållanden

103 663 81 39 äger
201 662 196 40 Konungen
415 662 178 35 förordna,
612 663 50 28 att
680 662 153 30 nämnda

101 713 264 30 bestämmelser
381 713 100 29 skola
498 712 187 39 tillämpas.

145 764 250 30 Förordnande
422 773 76 20 som
526 763 11 30 i
560 763 111 40 första
698 763 134 38 stycket

100 815 79 38 sägs
204 814 100 34 skall,
328 814 57 29 vid
409 815 145 38 äventyr
577 815 50 28 att
651 814 58 29 det
732 814 101 39 eljest

102 865 169 34 förfaller,
296 865 96 29 inom
417 874 44 19 en
485 864 128 30 månad
638 864 195 30 understäl-

101 916 52 29 las
182 915 188 39 riksdagen
399 915 54 30 för
483 915 78 30 dess
591 915 172 39 prövning
792 923 42 20 av

102 966 126 39 frågan
257 966 175 29 huruvida
462 965 253 30 förordnandet
746 965 88 29 skall

102 1017 107 30 bestå.
243 1017 71 29 Blir
347 1015 252 30 förordnandet
630 1015 76 30 icke
737 1015 96 29 inom

103 1067 57 30 två
178 1067 168 30 månader
366 1067 80 29 från
462 1067 60 29 det
539 1066 294 38 underställning-

102 1127 43 20 en
162 1118 93 29 skett
271 1127 41 21 av
328 1117 188 39 riksdagen
533 1116 104 40 gillat,
656 1116 89 29 skall
762 1117 71 29 det-

102 1177 135 21 samma
254 1177 83 20 vara
354 1168 165 30 förfallet.

925 409 166 30 Befinner
1112 410 52 39 sig
1185 410 92 30 riket
1297 411 11 29 i
1328 411 87 39 krig,
1438 411 98 30 skola
1555 412 56 30 be-

880 460 267 29 stämmelserna
1170 461 11 29 i
1204 461 86 29 2—4
1313 461 37 37 88
1375 463 64 39 äga
1461 462 149 40 tillämp-

880 510 94 40 ning.

924 561 67 30 Vid
1018 561 185 40 krigsfara,
1232 562 74 29 vari
1333 562 91 30 riket
1450 563 160 30 befinner

880 612 62 38 sig,
985 613 79 38 äger
1105 612 196 40 Konungen
1342 613 177 37 förordna,
1560 615 50 28 att

883 663 157 29 nämnda
1070 662 303 31 bestämmmelser
1407 664 100 29 skola
1538 664 70 29 till-

877 712 147 39 lämpas.
1040 713 132 30 Sådant
1184 714 238 39 förordnande
1439 714 98 35 skall,
1552 715 56 29 vid

879 764 145 38 äventyr
1047 765 50 27 att
1119 763 57 30 det
1200 764 101 39 eljest
1323 764 168 35 förfaller,
1513 765 96 29 inom

878 823 43 20 en
942 814 128 29 månad
1091 814 234 30 underställas
1345 815 189 39 riksdagen
1554 816 55 29 för

883 864 79 30 dess
996 865 171 39 prövning
1202 874 42 20 av
1274 865 126 39 frågan
1433 865 174 30 huruvida

882 915 256 29 förordnandet
1170 915 91 29 skall
1292 915 109 30 bestå.
1435 916 72 29 Blir
1540 916 69 29 för-

878 965 196 30 ordnandet
1108 965 76 30 icke
1219 966 96 29 inom
1349 966 58 29 två
1441 966 168 29 månader

878 1016 81 29 från
993 1016 58 29 det
1083 1016 326 39 underställningen
1444 1016 91 30 skett
1568 1025 41 21 av

878 1066 188 39 riksdagen
1084 1066 107 39 gillat,
1210 1066 88 30 skall
1316 1068 194 28 detsamma
1526 1076 82 20 vara

878 1117 166 29 förfallet.

925 1167 116 30 Under
1078 1167 110 29 andra
1228 1167 301 40 utomordentliga,
1567 1176 42 21 av

878 1218 78 41 krig
994 1218 208 39 föranledda
1243 1218 245 39 förhållanden
1529 1218 80 39 äger

877 1269 196 38 Konungen
1097 1269 81 29 med
1201 1268 205 39 riksdagens
1431 1268 177 39 samtycke

877 1319 179 39 förordna,
1084 1321 51 27 att
1163 1319 155 30 nämnda
1347 1319 261 29 bestämmelser

877 1369 100 30 skola
997 1369 186 39 tillämpas.

457 1470 29 29 4.
511 1470 79 29 med
612 1470 197 39 förklaring
831 1471 51 29 att
904 1469 188 39 riksdagen
1115 1470 121 29 funnit
1256 1469 70 32 viss
1349 1469 149 39 ändring
1520 1469 83 30 höra

411 1521 158 38 vidtagas
594 1520 11 29 i
627 1520 58 29 det
709 1528 125 31 genom
856 1520 263 40 propositionen
1142 1520 196 39 framlagda
1362 1520 166 39 förslaget
1551 1519 51 29 till

412 1572 56 39 lag
491 1580 58 20 om
571 1571 135 30 ändrad
729 1571 129 39 lydelse
881 1580 43 20 av
949 1571 14 29 1
992 1571 15 37 $
1032 1570 100 39 lagen
1157 1570 67 29 den
1249 1570 37 30 21
1313 1579 94 22 mars
1433 1570 82 30 1940
1545 1570 58 33 (nr

415 1622 78 34 176)
529 1622 78 29 med
637 1622 95 29 vissa
761 1622 265 33 bestämmelser
1057 1630 56 20 om
1145 1621 169 30 fraktfart
1344 1621 79 29 med
1456 1620 147 30 svenska

413 1673 116 39 fartyg
551 1674 126 38 antaga
700 1673 166 39 förslaget
889 1672 80 30 med
991 1673 67 29 den
1080 1672 196 39 ändringen
1297 1672 50 29 att
1370 1671 155 30 nämnda
1547 1680 58 30 pa-

411 1724 119 38 ragraf
548 1723 148 30 erhåller
714 1723 167 39 följande,
901 1723 117 29 såsom
1035 1723 190 29 utskottets
1244 1722 129 39 förslag
1391 1722 212 29 betecknade

412 1774 146 39 lydelse:

229 1841 144 38 (Kungl.
396 1841 126 39 Maj:ts
544 1841 149 39 förslag)

1045 1839 214 35 (Utskottets
1280 1839 149 39 förslag)

816 1908 14 28 1
862 1906 27 37 3.

140 1975 167 29 Befinner
329 1975 51 39 sig
400 1975 91 29 riket
512 1975 10 29 i
544 1975 85 38 krig,
653 1975 99 29 skola
773 1975 55 28 be-

100 2026 266 29 stämmelserna
391 2025 11 29 i
428 2026 18 29 2
473 2025 62 29 och
563 2025 17 29 3
609 2025 36 36 $$
675 2026 63 37 äga
765 2025 66 28 lill-

99 2076 178 39 ämpning.
296 2076 65 29 Vid
378 2076 185 38 krigsfara,
579 2075 74 29 vari
670 2075 90 30 riket
775 2075 55 29 he-

99 2126 117 28 finner
238 2126 60 38 sig,
321 2126 81 29 eller
423 2126 101 39 eljest
547 2126 109 29 under
678 2127 152 27 utomor-

99 2176 164 39 dentliga,
292 2186 41 20 av
361 2176 78 39 krig
465 2175 206 40 föranledda
699 2175 131 39 förhål-

99 2227 126 29 landen
252 2228 81 35 äger
357 2226 194 38 Konungen
577 2225 177 32 förordna,
781 2226 49 27 att

99 2276 155 29 nämnda
284 2276 263 28 bestämmelser
577 2275 97 28 skola
704 2275 125 28 tilläm-

97 2335 73 30 pas.

142 2376 249 29 Förordnande
419 2384 74 20 som
522 2376 10 28 i
556 2376 111 39 första
694 2374 135 37 stycket

98 2427 78 37 sägs
203 2426 99 33 skall,
328 2426 55 29 vid
408 2426 144 37 äventyr
575 2426 50 27 att
647 2425 54 30 det
729 2425 100 38 eljest

99 2477 169 34 förfaller,
295 2476 93 32 inom
415 2485 41 19 en
482 2476 126 30 månad
636 2475 194 29 understäl-

921 1973 165 29 Befinner
1108 1973 50 38 sig
1180 1973 91 29 riket
1291 1973 9 29 i
1323 1973 86 38 krig,
1433 1972 96 30 skola
1551 1972 55 29 be-

877 2023 266 30 stämmelserna
1168 2023 11 29 i
1205 2024 18 29 2
1250 2023 64 29 och
1340 2023 17 29 3
1386 2023 37 36 $$
1452 2024 62 37 äga
1540 2023 66 28 till-

876 2074 191 38 lämpning.

920 2124 66 30 Vid
1014 2124 185 38 krigsfara,
1226 2124 74 28 vari
1329 2123 90 30 riket
1445 2123 160 29 befinner

877 2175 60 38 sig,
981 2175 79 37 äger
1101 2174 195 38 Konungen
1337 2174 177 32 förordna,
1556 2174 49 27 att

876 2225 154 29 nämnda
1060 2224 262 29 bestämmelser
1352 2223 98 30 skola
1482 2223 124 29 tilläm-

877 2283 72 30 pas.
983 2274 130 29 Sådant
1146 2273 237 39 förordnande
1418 2273 98 32 skall,
1549 2273 55 28 vid

876 2326 144 36 äventyr
1043 2325 49 28 att
1115 2323 57 29 det
1195 2323 101 38 eljest
1319 2323 167 33 förfaller,
1511 2323 92 27 inom

876 2384 41 19 en
941 2374 126 29 månad
1089 2373 234 30 underställas
1343 2373 186 37 riksdagen
1552 2373 53 28 för

879 2425 80 28 dess
992 2424 172 39 prövning
1197 2433 42 19 av
1273 2423 121 38 frågan
1428 2422 174 29 huruvida

875 2475 251 29 förordnandet
1146 2474 89 31 skall
1255 2473 106 30 bestå.
1382 2473 71 29 Blir
1472 2472 132 29 förord-
