1886 2782
487 144 286 30 Statsutskottets
793 142 179 31 utlåtande
991 151 43 21 nr
1053 143 19 29 5
1092 142 39 30 år
1152 142 81 29 1961
1568 139 39 30 73

121 224 163 40 samtliga
300 224 174 30 motioner
492 224 104 30 såvitt
614 233 47 20 nu
679 224 38 29 är
734 223 11 30 i
764 223 108 39 fråga,
891 223 66 30 och
974 224 50 28 att
1043 222 189 30 utskottets
1250 220 163 41 yttrande
1432 220 65 30 och
1515 219 96 30 hem-

121 277 127 31 ställan
268 277 120 30 därför
406 278 78 30 bort
504 277 46 30 ha
570 276 156 40 följande
746 276 144 40 lydelse:

167 331 34 29 »I
220 330 153 40 enlighet
391 330 79 30 med
488 330 68 30 vad
574 330 170 29 utskottet
764 328 117 31 anfört
899 328 112 30 under
1030 326 291 40 nästföregående
1338 326 116 40 punkt
1472 325 62 30 bör
1553 325 56 30 be-

124 384 266 30 stämmelserna
407 393 57 20 om
482 383 184 30 ferieresor
684 382 54 31 för
755 382 212 30 husmödrar
985 381 128 30 ändras
1132 380 42 30 fr.
1193 390 30 21 o.
1242 389 45 21 m.
1306 380 66 29 den
1393 380 14 29 1
1426 379 68 40 juli
1515 378 94 31 1961.

167 438 177 30 Utskottet
360 437 214 34 hemställer,

477 493 51 28 att
554 490 187 39 riksdagen
767 489 58 30 må
850 489 11 30 i
888 488 189 40 anledning
1104 497 43 21 av
1173 487 126 39 Kungl.
1326 486 125 40 Maj:ts
1479 485 132 39 förslag

433 546 92 28 samt
540 544 79 29 med
633 543 98 30 bifall
747 543 51 30 till
813 543 221 29 motionerna
1049 543 28 28 1:
1094 542 64 30 336
1173 541 66 30 och
1253 541 46 30 II:
1315 540 63 30 399
1394 542 92 28 samt
1501 540 29 29 I:
1546 539 62 30 431

433 598 66 29 och
519 597 46 30 II:
581 597 73 35 512,
675 596 161 40 samtliga
856 596 173 29 motioner
1050 595 104 30 såvitt
1174 603 48 21 nu
1242 595 40 29 är
1301 594 11 29 i
1332 593 110 40 fråga,

479 651 36 33 a)
545 650 187 40 godkänna
748 659 42 20 av
806 649 171 30 utskottet
994 648 186 30 förordade
1198 647 189 39 ändringar
1404 656 42 20 av
1462 647 151 29 bestäm-

434 704 175 30 melserna
628 713 57 20 om
705 703 184 30 ferieresor
909 702 55 30 för
984 701 227 35 husmödrar;

476 758 39 33 b)
545 757 52 30 till
621 757 197 30 Ferieresor
841 756 56 39 för
922 755 213 30 husmödrar
1160 755 54 29 för
1238 753 206 40 budgetåret
1472 753 141 33 1961/62

432 811 122 30 anvisa
573 813 48 28 ett
641 809 273 40 förslagsanslag
934 818 42 21 av
997 808 61 31 700
1073 808 63 30 000
1156 809 161 29 kronor.»

168 927 37 34 8)
234 927 58 30 vid
307 926 159 40 punkten
483 927 41 30 34
546 926 144 40 (Bidrag
706 926 52 30 till
776 925 130 30 driften
924 935 43 20 av
984 924 266 34 semesterhem)
1272 933 42 20 av
1330 924 122 30 herrar
1469 923 145 36 Boman,

122 980 67 30 Per
204 980 203 37 Jacobsson,
424 979 177 37 Edström,
616 979 150 39 Kaijser,
787 978 129 39 Virgin,
932 978 164 39 Staxäng,
1113 977 205 39 Malmborg,
1336 976 126 30 fröken
1479 975 134 37 Elmén,

124 1034 123 29 herrar
265 1034 116 30 Cassel
399 1034 65 29 och
483 1032 208 39 Gustafsson
710 1032 11 30 i
740 1031 196 35 Skellefteå,
955 1031 95 30 vilka
1069 1033 115 28 ansett
1202 1032 50 28 att
1271 1030 172 30 utskottet
1461 1030 78 29 bort
1558 1038 58 21 av-

126 1087 122 39 styrka
274 1086 126 40 Kungl.
427 1086 125 39 Maj:ts
580 1086 130 39 förslag
736 1086 65 29 och
828 1087 50 28 att
905 1084 190 30 utskottets
1122 1083 164 41 yttrande
1312 1083 66 30 och
1403 1082 213 30 hemställan

126 1140 122 30 därför
266 1141 79 30 bort
365 1140 45 29 ha
434 1139 157 40 följande
614 1139 145 40 lydelse:

171 1194 197 29 >»Utskottet
387 1202 113 25 anser,
523 1195 50 27 att
593 1191 266 40 ifrågavarande
880 1190 212 39 statsbidrag
1113 1189 65 30 har
1198 1189 39 30 så
1257 1189 99 39 ringa
1376 1188 162 40 praktisk
1558 1188 56 29 be-

125 1247 132 40 tydelse
278 1246 54 30 för
351 1246 278 29 husmödrarnas
649 1244 222 40 möjligheter
891 1246 50 28 att
961 1244 146 29 bekosta
1126 1242 139 30 vistelse
1286 1242 58 30 vid
1365 1241 249 30 semesterhem

126 1302 50 28 att
194 1301 49 29 ett
260 1299 244 30 bibehållande
523 1309 42 20 av
582 1299 166 39 bidragen
766 1298 72 30 inte
856 1298 39 29 är
913 1297 196 30 motiverat.
1128 1297 177 30 Utskottet
1323 1295 155 31 biträder
1495 1295 122 29 därför

126 1353 41 29 de
191 1353 11 29 i
227 1353 219 29 motionerna
472 1351 196 30 framförda
695 1351 175 38 förslagen
896 1352 50 28 att
971 1349 330 39 bidragsgivningen
1328 1348 89 29 skall
1444 1347 171 39 upphöra.

126 1406 111 39 Något
265 1406 121 39 anslag
414 1405 55 30 för
496 1404 200 30 ändamålet
723 1404 63 29 bör
813 1403 223 39 följaktligen
1063 1403 72 29 inte
1164 1402 149 34 anvisas,
1341 1401 203 39 varigenom
1572 1409 43 20 en

125 1459 188 39 besparing
334 1459 79 29 med
436 1458 63 30 480
515 1458 63 29 000
601 1458 130 29 kronor
754 1456 159 30 erhålles.

171 1512 117 30 Under
314 1511 221 39 åberopande
562 1520 42 20 av
630 1511 56 29 det
712 1509 150 30 anförda
887 1508 204 31 hemställer
1117 1508 181 34 utskottet,

481 1566 51 28 att
558 1563 187 39 riksdagen
771 1563 58 29 må
855 1562 80 30 med
960 1561 100 30 bifall
1086 1561 53 30 till
1167 1561 220 29 motionerna
1415 1560 29 30 I:
1461 1559 62 30 336
1551 1559 66 30 och

437 1618 46 29 II:
500 1617 63 30 399
585 1619 90 27 samt
695 1617 29 29 I:
740 1616 60 30 431
824 1616 65 30 och
909 1616 45 29 II:
971 1615 74 34 512,
1067 1614 163 40 samtliga
1250 1614 173 29 motioner
1444 1613 105 30 såvitt
1569 1622 48 20 nu

436 1670 39 29 är
493 1671 11 29 i
524 1670 109 39 fråga,
653 1669 96 30 avslå
768 1669 125 39 Kungl.
912 1668 125 39 Maj:ts
1058 1667 229 30 förevarande
1307 1666 161 39 förslag.»

172 1778 36 33 9)
233 1778 58 29 vid
310 1778 158 38 punkten
489 1778 42 29 35
558 1771 212 44 (Stipendier
790 1775 55 30 för
865 1774 269 30 underlättande
1156 1783 42 20 av
1216 1772 396 34 husmoderssemester)

128 1840 43 20 av
186 1830 124 30 herrar
325 1830 150 39 Kaijser,
496 1829 130 39 Virgin,
643 1829 153 39 Staxäng
813 1829 65 29 och
895 1828 127 36 Cassel,
1039 1828 96 29 vilka
1152 1830 114 27 ansett
1284 1829 50 28 att
1352 1827 172 29 utskottet
1541 1826 78 30 bort

129 1884 167 39 avstyrka
314 1883 126 39 Kungl.
460 1882 125 39 Maj:ts
605 1882 131 39 förslag
754 1882 65 29 och
838 1884 50 27 att
908 1880 121 30 därför
1048 1881 190 28 utskottets
1257 1879 163 39 yttrande
1440 1879 65 29 och
1525 1879 95 29 hem-

129 1936 127 30 ställan
277 1937 78 29 bort
375 1936 45 29 ha
442 1935 158 39 följande
621 1935 144 39 lydelse:

175 1989 142 30 >Såsom
339 1988 214 30 framhållits
576 1997 41 20 av
638 1987 261 30 motionärerna
920 1986 40 29 är
982 1985 256 39 stipendiernas
1260 1984 125 39 belopp
1409 1984 38 30 så
1470 1984 75 29 små
1568 1986 50 27 att

130 2043 51 33 de,
199 2042 87 30 även
304 2042 9 29 i
332 2042 41 29 de
391 2041 61 30 fall
470 2041 182 29 maximalt
671 2040 213 39 stipendium
902 2039 112 39 utgår,
1033 2039 72 28 inte
1123 2038 70 29 kan
1211 2038 208 39 möjliggöra
1438 2039 181 28 semestcr-

129 2095 139 30 vistelse
295 2095 53 29 för
372 2104 42 19 en
439 2094 200 34 husmoder,
665 2093 44 30 då
733 2093 100 38 eljest
858 2092 230 29 ekonomiska
1114 2091 214 39 svårigheter
1353 2091 117 38 lägger
1494 2090 126 29 hinder

130 2149 10 28 i
160 2149 121 38 vägen.
302 2148 78 29 Med
400 2147 138 39 hänsyn
560 2146 117 30 härtill
699 2146 65 29 och
785 2145 110 30 under
918 2144 219 39 åberopande
1159 2153 41 20 av
1220 2144 66 29 vad
1309 2144 171 29 utskottet
1502 2142 118 30 anfört

131 2201 111 29 under
258 2199 290 39 nästföregående
565 2199 113 39 punkt
694 2199 61 29 bör
772 2198 104 39 något
893 2198 121 38 anslag
1032 2197 54 29 för
1102 2196 199 30 ändamålet
1318 2197 10 28 i
1346 2196 273 38 fortsättningen

130 2254 72 28 inte
226 2253 150 30 anvisas.
401 2252 211 38 Därigenom
636 2251 148 29 erhålles
809 2260 42 20 en
876 2250 186 38 besparing
1086 2249 80 29 med
1192 2249 93 29 1000
1301 2249 62 29 000
1389 2249 141 29 kronor.

176 2306 176 29 Utskottet
375 2304 213 33 hemställer,

486 2358 50 28 att
563 2356 188 39 riksdagen
777 2355 57 30 må
861 2355 79 30 med
967 2355 99 30 bifall
1093 2355 52 29 till
1174 2354 219 30 motionerna
1421 2354 28 29 I:
1466 2354 63 29 336
1557 2354 64 29 och

440 2410 46 29 11:
503 2410 74 34 399,
599 2409 102 29 såvitt
722 2417 48 20 nu
791 2409 38 29 är
850 2408 9 29 i
881 2407 109 39 fråga,
1012 2406 96 30 avslå
1128 2406 125 39 Kungl.
1276 2406 123 38 Maj:ts
1422 2406 200 30 förevaran-

442 2463 41 29 de
503 2462 159 39 förslag.»
