1878 2774
293 155 41 30 36
650 158 286 31 Statsutskottets
960 161 179 30 utlåtande
1160 171 43 20 nr
1224 164 20 28 5
1265 163 40 29 år
1328 164 81 29 1961

295 234 138 31 anvisas
455 235 44 31 bl.
522 245 30 21 a.
575 236 54 30 för
651 240 49 27 att
722 238 239 39 provisoriska
983 241 237 39 anordningar
1242 243 90 29 skall
1355 243 121 30 kunna
1498 245 193 30 avvecklas.
1714 245 65 29 De-

295 289 358 37 partementschefens
677 290 133 41 förslag
833 292 11 29 i
868 292 93 31 detta
984 294 170 30 avseende
1177 295 70 30 kan
1272 296 171 31 utskottet
1465 297 148 31 biträda.

338 341 225 31 Beträffande
577 343 41 30 de
631 344 161 30 enskilda
805 346 215 30 anstalterna
1034 347 66 30 och
1114 348 450 40 inackorderingshemmen
1578 351 64 29 har
1657 347 122 48 depar-

292 395 276 30 tementschefen
594 396 125 31 räknat
745 398 81 29 med
851 408 42 19 en
918 399 202 40 utbyggnad
1145 410 42 20 av
1211 401 201 40 ytterligare
1438 405 48 28 ett
1513 404 106 29 50-tal
1647 404 131 39 platser

292 447 57 29 vid
377 448 160 29 enskilda
565 449 167 30 anstalter
761 451 66 29 och
858 452 58 29 125
946 452 132 39 platser
1104 454 58 29 vid
1190 454 463 41 inackorderingshemmen.
1683 457 94 30 Även

292 499 94 30 detta
408 500 131 40 förslag
561 502 69 29 kan
654 503 171 31 utskottet
848 504 186 40 tillstyrka.

338 552 119 31 Såsom
482 554 387 39 departementschefen
894 558 127 35 anfört,
1047 559 63 30 bör
1134 560 125 40 Kungl.
1284 561 107 39 Maj:t
1415 562 128 30 liksom
1567 563 126 30 hittills
1717 563 59 30 vid

292 605 242 41 fördelningen
549 617 41 21 av
606 609 156 39 anslaget
777 610 123 30 kunna
914 612 125 29 avvika
1055 612 80 30 från
1149 614 66 29 vad
1231 622 76 21 som
1322 615 58 29 vid
1395 615 381 41 anslagsberäkningen

291 660 176 38 upptagits
494 660 55 30 för
573 661 42 30 de
639 662 95 30 olika
758 663 363 39 bidragsändamålen.
1147 666 120 39 Någon
1294 668 187 40 anledning
1508 668 54 30 för
1588 665 188 48 riksdagen

290 714 51 28 att
357 712 187 31 härutöver
560 715 82 38 göra
659 716 105 39 något
782 717 180 30 uttalande
979 719 149 30 rörande
1146 719 252 39 dispositionen
1415 731 43 20 av
1473 722 166 39 anslaget,
1658 723 117 30 såsom

291 764 175 32 förordats
489 766 11 30 i
523 767 177 31 motionen
724 769 46 30 II:
787 769 74 35 393,
886 779 101 31 synes
1011 771 77 31 icke
1112 772 177 40 föreligga.
1314 773 269 40 Ifrågavarande
1607 776 168 30 motions-

288 818 156 39 yrkande
471 821 180 38 avstyrkes
678 822 132 30 därför.

334 872 185 35 Utskottet,
536 883 75 20 som
627 875 71 29 inte
713 875 110 30 heller
839 877 10 29 i
867 877 110 39 övrigt
995 877 118 31 funnit
1132 878 187 41 anledning
1336 880 52 30 till
1406 881 139 30 erinran
1563 884 73 28 mot
1652 882 123 39 depar-

288 926 294 30 tementschefens
604 927 140 40 förslag,
766 929 211 36 hemställer,

641 985 22 30 I.
682 988 50 28 att
750 986 186 40 riksdagen
954 988 59 30 må
1029 989 53 29 till
1100 989 127 40 Bidrag
1245 990 53 29 till
1314 991 226 30 anordnande
1558 1001 42 21 av
1619 993 154 30 erkända

596 1038 256 31 vårdanstalter
872 1040 56 40 för
949 1041 383 32 alkoholmissbrukare
1355 1053 46 23 m,
1424 1053 45 22 m.
1492 1044 56 30 för
1568 1045 206 40 budgetåret

597 1092 139 32 1961/62
760 1093 122 30 anvisa
903 1096 48 28 ett
973 1095 357 41 reservationsanslag
1353 1106 42 20 av
1417 1097 63 30 850
1494 1098 62 30 000
1580 1098 146 36 kronor;

640 1145 41 29 II.
706 1148 51 27 att
785 1146 177 31 motionen
991 1148 125 31 11:393
1144 1149 75 29 icke
1247 1150 59 29 må
1333 1149 181 32 föranleda
1541 1151 115 39 någon
1684 1152 88 30 riks-

595 1197 128 40 dagens
743 1199 133 39 åtgärd.

328 1330 95 34 55:0)
449 1331 126 37 Bidrag
589 1332 52 30 till
658 1333 274 30 driftkostnader
948 1335 57 29 vid
1023 1335 152 30 erkända
1192 1336 63 29 och
1273 1337 158 29 enskilda
1447 1338 252 30 vårdanstalter
1715 1339 57 29 för

286 1383 378 32 alkoholmissbrukare
688 1396 44 20 m.
758 1397 44 19 m.
827 1388 123 37 Kungl.
976 1388 103 37 Maj:t
1104 1389 64 29 har
1195 1389 128 37 (punkt
1347 1390 50 34 55,
1422 1400 26 20 s.
1476 1391 176 35 103—110)
1682 1392 89 30 före-

285 1435 102 40 slagit
410 1437 186 40 riksdagen
619 1440 50 29 att
692 1439 74 30 dels
791 1440 186 38 godkänna
1001 1450 43 20 av
1067 1441 385 39 departementschefen
1477 1443 186 31 förordade
1687 1445 85 29 änd-

284 1488 119 40 ringar
420 1499 42 20 av
478 1491 198 38 grunderna
695 1492 56 30 för
769 1493 123 39 bidrag
909 1494 52 29 till
981 1494 278 30 driftkostnader
1277 1495 58 30 vid
1354 1496 154 30 erkända
1527 1497 65 29 och
1611 1497 160 30 enskilda

284 1542 255 31 vårdanstalter
567 1544 55 30 för
648 1545 395 36 alkoholmissbrukare,
1073 1549 50 28 att
1151 1548 177 39 tillämpas
1357 1549 43 30 fr.
1430 1558 29 21 o.
1488 1558 44 21 m.
1562 1550 66 29 den
1659 1551 14 29 1
1703 1550 67 39 juli

287 1595 93 35 1961,
400 1596 71 30 dels
490 1597 65 29 ock
573 1598 52 29 till
645 1598 127 40 Bidrag
790 1599 52 30 till
863 1599 277 31 driftkostnader
1158 1601 57 29 vid
1234 1601 157 30 erkända
1409 1603 64 29 och
1493 1603 159 30 enskilda
1670 1603 101 30 vård-

284 1649 167 29 anstalter
475 1649 55 30 för
554 1650 383 33 alkoholmissbrukare
962 1662 44 20 m.
1031 1663 46 20 m.
1102 1653 55 30 för
1179 1653 206 40 budgetåret
1412 1655 139 33 1961/62
1577 1656 121 30 anvisa
1722 1658 48 28 ett

283 1701 273 41 förslagsanslag
583 1713 41 20 av
650 1704 118 30 21000
783 1705 64 30 000
873 1705 140 31 kronor.

326 1783 166 39 Anslaget
514 1784 39 29 är
576 1784 11 29 i
610 1784 159 39 gällande
793 1785 145 30 riksstat
961 1786 145 39 uppfört
1130 1787 78 29 med
1236 1787 36 29 17
1289 1787 62 30 800
1366 1788 63 30 000
1453 1788 140 31 kronor.

326 1837 93 29 Från
434 1837 93 29 detta
542 1837 120 39 anslag
677 1837 102 39 utgår
792 1838 122 39 bidrag
928 1839 52 29 till
995 1839 278 30 driftkostnader
1287 1840 58 30 vid
1359 1841 155 30 erkända
1529 1842 65 29 och
1609 1842 161 30 enskilda

280 1889 258 30 vårdanstalter
561 1890 55 29 för
638 1890 394 36 alkoholmissbrukare,
1057 1892 194 39 ersättning
1276 1893 55 29 för
1354 1894 93 29 vissa
1472 1895 174 29 särskilda
1669 1896 101 29 vård-

283 1943 189 29 kostnader
494 1943 58 29 vid
576 1943 154 30 erkända
756 1944 178 35 anstalter,
959 1944 123 40 bidrag
1106 1945 51 30 till
1182 1945 278 31 driftkostnader
1483 1947 59 30 vid
1566 1948 204 30 inackorde-

282 1996 178 39 ringshem
480 1995 55 31 för
553 1996 345 40 omhändertagande
918 2007 41 20 av
979 1997 384 32 alkoholmissbrukare
1383 2000 111 30 under
1514 2000 142 31 fritiden
1675 2003 95 28 samt

281 2048 123 40 bidrag
425 2049 50 29 till
497 2049 189 29 kostnader
707 2049 56 30 för
784 2049 223 40 familjevård
1029 2060 43 21 av
1093 2051 393 32 alkoholmissbrukare.

327 2102 77 29 Med
423 2102 137 39 hänsyn
579 2102 52 29 till
649 2102 429 40 kostnadsutvecklingen,
1099 2104 125 30 främst
1243 2104 264 41 löneökningar,
1526 2107 65 29 har
1609 2108 159 29 maximi-

282 2154 170 39 beloppen
476 2154 55 30 för
553 2155 267 39 ifrågavarande
843 2156 122 39 bidrag
988 2156 96 39 höjts
1109 2158 199 38 upprepade
1332 2158 128 40 gånger
1484 2160 65 29 och
1573 2163 117 28 senast
1715 2169 54 31 ge-

284 2216 82 21 nom
388 2208 113 29 beslut
524 2217 42 20 av
592 2209 81 29 1960
698 2208 57 30 års
780 2209 153 39 riksdag.
955 2210 57 30 Fr.
1036 2219 30 20 o.
1091 2220 45 20 m.
1160 2211 66 29 den
1252 2211 14 29 1
1291 2211 68 39 juli
1386 2213 81 29 1960
1492 2213 102 39 utgår
1616 2215 153 38 garanti-

282 2261 157 39 bidraget
463 2262 79 28 med
566 2261 101 39 högst
695 2262 37 29 13
758 2262 131 29 kronor
914 2263 40 30 50
980 2263 59 29 öre
1064 2264 65 29 och
1153 2263 384 42 beläggningsbidraget
1562 2267 79 29 med
1666 2267 102 39 högst

285 2314 39 29 10
347 2314 129 29 kronor
498 2314 55 29 för
574 2315 66 39 dag
661 2315 65 29 och
747 2315 179 39 vårdplats
948 2325 90 30 resp.
1061 2316 130 30 vårdad
1214 2325 138 30 person.
1375 2318 392 39 Departementschefen

282 2366 66 30 har
369 2366 116 31 funnit
507 2367 52 39 sig
581 2368 120 29 kunna
722 2367 179 40 tillstyrka
921 2378 42 20 en
985 2369 149 40 höjning
1156 2379 41 20 av
1219 2370 254 40 driftbidragen
1496 2373 78 29 med
1596 2373 19 30 2
1637 2374 131 29 kronor

282 2420 42 29 50
346 2420 57 29 öre
424 2421 64 29 och
508 2420 170 35 förordar,
699 2423 51 28 att
771 2421 297 40 garantibidraget
1089 2422 55 30 får
1164 2422 82 40 utgå
1266 2424 81 29 med
1367 2424 101 39 högst
1492 2425 37 30 15
1552 2426 129 30 kronor
1702 2427 66 30 och

282 2473 384 40 beläggningsbidraget
691 2475 80 29 med
797 2475 102 39 högst
927 2476 36 29 11
992 2475 131 31 kronor
1149 2476 41 30 fr.
1217 2485 30 21 o.
1274 2486 46 22 m.
1347 2477 67 30 den
1441 2479 15 28 1
1483 2478 67 40 juli
1579 2479 94 31 1961.
1699 2480 69 30 För
