2184 2598
166 1395 134 33 Tillfällig

146 1429 174 25 löneförbätt-

133 1464 60 31 ring
217 1463 28 25 åt
266 1464 69 24 vissa

158 1497 87 25 lärare
262 1498 45 23 vid

146 1531 84 31 högre
248 1530 68 25 folk-

185 1565 99 24 skolor.

178 1606 118 48 [167.]

348 189 38 29 72
890 187 230 29 Statsutskotlets
1143 186 150 28 utlåtande
1314 184 49 29 Nr
1385 185 28 28 8.

344 273 115 41 tagas,
488 267 32 47 ej
552 266 114 35 heller
693 266 144 34 kunnat
863 265 174 47 begynna
1063 262 118 36 under
1208 262 135 35 läsåret
1364 261 260 43 1915—1916,
1653 259 70 35 och
1742 257 212 37 hemställes

344 316 135 47 därför,
506 322 53 30 att
585 316 61 35 det
672 315 59 36 för
757 313 256 38 förstnämnda
1039 314 95 34 läsår
1160 311 183 48 beviljade
1370 312 166 46 anslaget
1554 313 115 33 måtte
1687 308 59 36 för
1764 307 191 37 enahanda

345 367 170 36 ändamål
555 373 102 42 tagas
696 367 13 34 i
750 365 158 48 anspråk
945 364 118 36 under
1098 364 135 34 läsåret
1271 362 261 35 1916—1917.
1586 360 199 41 Utskottet,
1813 371 79 23 som
1919 358 33 44 ej

346 418 126 36 funnit
498 421 114 44 något
638 422 77 31 mot
741 416 322 46 framställningen
1090 418 53 31 att
1169 414 133 44 erinra,
1330 412 57 36 får
1413 411 235 48 följaktligen
1675 410 203 41 hemställa,

848 471 54 30 att
928 464 196 48 riksdagen
1152 467 60 32 må

848 514 35 47 a)
916 515 137 47 bevilja
1087 518 47 45 på
1170 519 110 30 extra
1314 518 71 31 stat
1420 512 58 35 för
1505 515 40 32 år
1574 512 95 35 1917
1698 511 59 35 till
1785 514 172 44 upprätt-

749 566 170 37 hållande
951 566 120 35 under
1096 566 135 34 läsåret
1261 564 247 36 1916—1917
1537 575 44 22 av
1607 561 132 36 svensk
1766 560 192 36 undervis-

749 619 92 46 ning
868 621 36 32 åt
931 617 154 35 svenska
1110 616 108 35 barn:
1255 616 13 34 i
1295 614 123 36 Berlin
1450 613 108 45 1,800
1586 613 148 43 kronor,
1762 612 13 34 i
1802 610 156 37 London

751 669 108 44 2,000
887 668 136 34 kronor
1049 666 67 36 och
1144 666 12 34 i
1184 665 194 48 Hamburg
1407 665 108 44 1,600
1543 664 152 43 kronor;

851 718 39 42 b)
917 717 180 48 medgiva,
1138 721 53 30 att
1218 715 63 36 det
1309 718 47 45 på
1382 720 107 30 extra
1516 718 73 31 stat
1615 712 59 37 för
1701 715 41 33 år
1770 713 96 35 1915
1894 712 65 35 be-

750 768 136 48 viljade
912 767 135 48 belopp
1072 780 44 22 av
1136 767 109 44 1,700
1266 766 134 35 kronor
1417 765 59 35 till
1496 762 326 50 upprätthållande
1843 761 117 37 under

750 820 135 34 läsåret
922 818 247 35 1914—1915
1207 830 44 22 av
1286 817 132 35 svensk
1446 814 271 47 undervisning
1744 816 38 32 åt
1808 813 153 35 svenska

751 870 92 35 barn
870 870 13 34 i
910 868 103 36 Paris
1040 870 59 33 må
1126 867 58 36 för
1211 866 193 36 enahanda
1429 865 172 36 ändamål
1628 863 187 37 användas
1842 862 120 36 under

751 921 135 34 läsåret
916 919 262 42 1916—1917;

853 971 172 46 samtliga
1064 968 135 49 belopp
1240 973 55 30 att
1330 969 89 46 utgå
1454 966 118 47 enligt
1599 965 45 35 de
1670 964 290 43 bestämmelser,

753 1020 136 48 Kungl.
909 1019 105 48 Maj:t
1041 1020 70 34 kan
1138 1020 103 33 finna
1268 1017 172 48 lämpligt
1466 1016 192 42 fastställa,
1686 1015 70 35 och
1784 1014 84 36 med
1890 1018 73 31 rätt

754 1070 59 36 för
840 1070 136 43 Kungl.
995 1069 106 47 Maj:t
1128 1074 54 30 att
1209 1067 114 37 redan
1351 1067 118 35 under
1488 1069 40 32 år
1550 1066 95 35 1916
1665 1078 45 23 av
1730 1065 234 48 tillgängliga

754 1120 120 36 medel
902 1119 207 36 utanordna
1135 1117 281 49 ifrågavarande
1443 1117 134 47 belopp
1606 1116 89 36 eller
1718 1115 102 36 delar
1837 1114 125 37 därav.

982 1269 118 48 Högre
1119 1268 214 49 folkskolor.

457 1370 125 49 165:0o0)
610 1373 137 47 Kungl.
776 1372 102 47 Maj:t
904 1372 66 35 har
997 1370 190 48 föreslagit
1214 1369 196 48 riksdagen

455 1425 76 34 dels
558 1422 180 48 medgiva,
767 1427 55 31 att
848 1423 57 34 till
933 1421 45 36 de
1005 1422 117 34 lärare
1149 1420 61 36 vid
1239 1420 113 47 högre
1379 1418 195 44 folkskola,
1602 1431 78 23 som
1703 1419 13 34 i
1734 1417 233 49 vederbörlig

354 1475 162 47 ordning
542 1474 146 35 erhållit
715 1472 186 36 ordinarie
928 1472 238 45 anställning,
1195 1473 61 32 må
1284 1469 117 36 under
1428 1472 88 32 åren
1547 1470 93 34 1916
1661 1469 69 35 och
1754 1469 94 35 1917
1877 1471 91 45 utgå

354 1524 168 48 tillfällig
548 1522 312 48 löneförbättring
886 1522 117 47 enligt
1021 1521 191 36 enahanda
1230 1520 174 48 grunder,
1425 1532 79 23 som
1523 1532 45 22 av
1586 1519 198 47 riksdagen
1804 1518 164 48 stadgats

354 1574 233 37 beträffande
613 1573 167 48 tillfällig
807 1571 310 49 löneförbättring
1143 1570 120 37 under
1289 1574 41 32 år
1359 1572 94 34 1916
1482 1573 38 32 åt
1537 1571 96 34 vissa
1651 1569 185 36 ordinarie
1850 1570 118 34 lärare

355 1626 63 37 vid
445 1625 213 42 folkskolor,
687 1624 84 36 med
793 1628 74 31 rätt
885 1622 57 37 för
962 1621 133 50 Kungl.
1114 1621 105 49 Maj:t
1238 1626 52 31 att
1310 1620 146 36 utfärda
1475 1620 45 36 de
1539 1627 167 28 närmare
1725 1618 242 45 föreskrifter,

356 1690 77 23 som
462 1676 58 36 för
547 1676 239 47 tillämpning
812 1687 44 22 av
882 1674 105 35 dessa
1012 1672 163 49 grunder
1203 1675 60 32 må
1290 1672 164 35 befinnas
1481 1670 255 47 erforderliga,

457 1727 76 35 dels
572 1726 60 35 ock
672 1725 58 36 för
770 1724 206 36 beredande
1016 1737 43 22 av
1094 1722 280 49 ifrågavarande
1413 1720 313 49 löneförbättring
1762 1721 127 35 anvisa
1923 1722 47 46 på

357 1783 105 30 extra
502 1781 74 31 stat
615 1775 57 36 för
708 1778 40 32 år
778 1777 93 33 1917
900 1780 53 30 ett
980 1773 285 48 förslagsanslag
1292 1786 43 22 av
1365 1773 133 40 15,000
1526 1773 146 42 kronor,
1701 1770 84 36 med
1813 1775 73 31 rätt
1912 1769 59 37 för

358 1828 137 47 Kungl.
523 1826 106 48 Maj:t
660 1831 55 30 att
744 1825 58 36 för
829 1825 208 35 ändamålet
1064 1826 73 34 låta
1164 1837 44 22 av
1235 1824 234 46 tillgängliga
1496 1822 119 35 medel
1642 1821 115 36 redan
1785 1821 120 36 under
1931 1823 40 33 år

361 1879 94 35 1916
485 1877 231 36 förskottsvis
744 1876 209 35 utanordna
980 1874 236 48 erforderligt
1243 1874 146 47 belopp.

458 1971 101 43 Över
586 1977 120 36 denna
732 1976 277 47 framställning
1035 1976 166 35 kommer
1229 1976 181 34 utskottet
1437 1978 53 31 att
1519 1972 195 37 framdeles
1739 1972 119 36 under
1874 1972 96 36 riks-

358 2029 119 47 dagen
505 2029 130 47 avgiva
661 2026 202 44 utlåtande,
890 2027 114 35 vilket
1032 2026 183 35 utskottet
1243 2024 153 36 härmed
1423 2024 120 36 skolat
1571 2023 57 36 för
1654 2023 199 48 riksdagen

862 2078 156 34 anmäla.
