2182 2604
817 196 229 30 Statsutskottets
1068 198 151 29 utlåtande
1240 199 48 28 Nr
1309 200 28 28 8.
1808 200 39 30 73

440 427 64 50 G.
574 428 745 64 Folkbildningsåtgärder
1354 433 13 48 i
1404 433 217 62 övrigt.

906 543 266 37 Folkbibliotek.

339 622 120 48 166:0)
486 625 138 48 Kungl.
664 625 105 48 Maj:t
800 626 65 36 har
892 626 192 50 föreslagit
1110 628 197 49 riksdagen
1334 629 181 49 medgiva,
1544 636 53 30 att
1624 630 82 37 från
1734 631 63 37 det
1824 631 21 37 å

233 674 187 37 ordinarie
452 681 73 30 stat
552 675 186 49 uppförda
765 675 327 52 förslagsanslaget
1119 680 58 34 till
1206 679 202 37 understöd
1435 684 37 32 åt
1499 680 258 38 folkbibliotek
1785 686 59 33 må

232 724 58 37 för
317 726 198 48 utgivande
542 740 45 22 av
615 728 116 47 årliga
756 728 133 48 tillägg
916 730 58 34 till
1001 729 321 49 grundkatalogen
1349 737 87 29 över
1463 730 58 37 för
1540 731 97 36 folk-
1656 733 68 35 och
1744 734 99 35 skol-

232 775 180 37 bibliotek
451 777 156 48 lämplig
646 778 188 35 litteratur
874 779 77 35 tills
991 779 125 36 vidare
1156 783 88 45 utgå
1284 786 52 30 ett
1363 782 135 48 belopp
1526 795 44 37 av
1597 783 108 48 högst
1732 785 110 42 2,500

232 826 135 36 kronor
393 828 152 47 årligen.

333 877 259 49 Utredningen
618 880 13 34 i
658 879 152 36 ärendet
829 880 199 36 återfinnes
1047 884 21 32 å
1087 880 67 36 sid.
1175 882 197 35 326—328
1392 883 12 34 i
1425 883 415 49 statsrådsprotokollet.

332 978 52 36 På
424 978 136 49 Kungl.
588 978 125 49 Maj:ts
740 979 128 37 därom
895 981 134 47 gjorda
1055 980 277 51 framställning
1359 984 172 35 anvisade
1558 985 197 47 riksdagen
1782 986 59 35 till

232 1029 242 36 utarbetande
514 1043 44 22 av
598 1042 44 23 en
682 1030 274 50 grundkatalog
982 1038 88 29 över
1096 1032 59 36 för
1182 1032 95 36 folk-
1304 1034 68 35 och
1400 1035 260 36 skolbibliotek
1686 1037 155 47 lämplig

229 1079 189 36 litteratur
445 1083 47 45 på
519 1086 105 30 extra
650 1086 72 31 stat
749 1080 57 36 för
832 1084 41 33 år
903 1084 95 34 1913
1027 1087 54 31 ett
1109 1083 135 49 belopp
1271 1096 44 23 av
1343 1086 136 42 20,000
1507 1086 147 35 kronor.
1707 1086 54 36 De
1789 1100 49 22 nu

230 1128 208 49 föreslagna
465 1132 117 47 årliga
607 1132 179 47 tilläggen
814 1132 57 35 till
898 1133 322 48 grundkatalogen
1248 1137 56 33 stå
1329 1136 13 34 i
1369 1138 363 34 överensstämmelse
1755 1136 84 37 med

229 1179 71 36 den
336 1182 97 46 plan,
476 1194 78 23 som
591 1194 44 23 av
675 1181 207 37 dåvarande
910 1183 405 47 departementschefen
1344 1184 199 37 framlades
1572 1186 57 36 för
1658 1189 94 33 1912
1781 1191 57 32 års

228 1230 149 48 riksdag
416 1232 12 34 i
469 1231 178 36 samband
687 1232 84 35 med
809 1231 178 50 förslaget
1027 1235 58 34 till
1125 1236 313 46 omorganisation
1476 1249 43 22 av
1547 1235 292 38 folkbiblioteks-

227 1281 175 35 väsendet
442 1282 68 35 och
538 1283 122 34 vilken
688 1295 43 22 av
759 1282 196 49 riksdagen
983 1283 189 36 lämnades
1200 1291 90 29 utan
1318 1286 160 36 erinran.
1531 1286 198 45 Utskottet,
1759 1300 77 23 som

228 1343 108 24 anser
362 1333 57 45 sig
446 1331 89 36 böra
562 1332 146 36 biträda
735 1332 70 36 den
833 1332 255 50 föreliggande
1115 1334 334 50 framställningen,
1479 1337 222 44 hemställer,

731 1388 54 31 att
812 1384 197 48 riksdagen
1037 1387 59 33 må
1123 1385 182 48 medgiva,
1333 1392 54 30 att
1413 1386 84 36 från
1525 1386 62 37 det
1610 1391 20 32 å
1652 1388 184 36 ordinarie

632 1439 73 30 stat
737 1433 186 49 uppförda
955 1434 327 50 förslagsanslaget
1308 1438 58 34 till
1396 1437 204 37 understöd
1634 1441 36 33 åt
1697 1438 138 37 folkbi-

631 1483 140 37 bliotek
811 1487 60 33 må
910 1484 58 37 för
1009 1486 200 47 utgivande
1237 1499 43 23 av
1308 1488 116 48 årliga
1451 1489 132 48 tillägg
1609 1490 58 34 till
1694 1490 141 47 grund-

629 1535 193 45 katalogen
850 1542 88 29 över
966 1534 58 37 för
1043 1536 94 36 folk-
1155 1537 67 36 och
1243 1538 260 36 skolbibliotek
1518 1540 156 47 lämplig
1692 1542 141 34 littera-

627 1590 63 30 tur
729 1587 76 34 tills
844 1585 125 36 vidare
1002 1590 90 45 utgå
1119 1592 52 30 ett
1199 1588 133 47 belopp
1361 1601 42 22 av
1426 1589 109 48 högst
1563 1591 109 42 2,500
1700 1591 134 35 kronor

629 1636 152 46 årligen.

659 1801 434 50 Populärvetenskapliga
1113 1804 287 48 föreläsningar.

327 1882 122 47 167:0)
478 1884 135 49 Kungl.
642 1885 106 48 Maj:t
782 1886 67 36 har
876 1885 190 50 föreslagit
1094 1887 194 49 riksdagen
1317 1894 55 30 att
1399 1888 57 36 för
1483 1889 201 37 understöd
1713 1891 118 35 under

222 1947 43 22 av
305 1933 406 49 departementschefen
752 1937 11 34 i
804 1937 403 48 statsrådsprotokollet
1246 1940 158 46 angivna
1430 1940 135 35 villkor
1592 1943 36 33 åt
1655 1942 176 35 anstalter

221 1984 69 36 och
331 1983 225 49 föreningar,
597 1998 78 23 som
716 1987 164 35 anordna
920 1989 432 47 populärvetenskapliga
1389 1988 278 50 föreläsningar,
1696 1991 134 47 bevilja

221 2037 48 45 på
295 2039 105 30 extra
426 2040 74 30 stat
529 2034 57 36 för
613 2038 39 32 år
674 2038 93 33 1917
797 2042 52 30 ctt
875 2038 128 46 anslag
1034 2050 45 22 av
1110 2040 158 40 192,000
1296 2040 135 34 kronor
1458 2047 171 28 ävensom
1648 2041 179 47 medgiva,

221 2090 54 30 att
301 2097 43 22 av
371 2083 102 36 detta
499 2086 128 46 anslag
654 2089 59 32 må
740 2086 116 47 enligt
889 2100 42 21 av
958 2086 134 47 Kungl.
1114 2088 105 47 Maj:t
1249 2088 208 36 fastställda
1484 2090 133 35 villkor
1644 2091 184 35 användas

220 2135 79 36 dels
327 2135 108 47 högst
465 2136 135 40 12,000
628 2136 135 35 kronor
790 2137 58 34 till
877 2136 202 36 understöd
1108 2140 36 32 åt
1171 2138 274 49 centralbyråer
1472 2140 68 35 och
1566 2141 262 46 undantagsvis

219 2191 92 30 även
351 2188 37 32 åt
427 2184 114 36 andra
582 2186 378 48 sammanslutningar
995 2186 56 36 för
1077 2186 225 50 förmedling
1328 2202 43 22 av
1398 2188 126 49 dylika
1550 2189 278 49 föreläsningar,

220 2234 77 36 dels
335 2237 109 41 2,000
482 2236 135 35 kronor
656 2237 57 34 till
755 2249 44 22 en
829 2237 64 35 hos
921 2236 429 51 folkskolöverstyrelsen
1379 2239 159 36 anställd
1566 2239 262 50 föreläsnings-

326 2292 116 38 Bihang
465 2293 44 28 till
531 2293 168 37 riksdagens
715 2294 148 36 protokoll
887 2295 90 28 1916.
1023 2296 18 27 6
1062 2296 82 28 saml.
1188 2296 19 26 8
1229 2296 73 37 häft.
1346 2296 63 37 (Nr
1432 2297 41 36 8)
1686 2296 37 30 10

1863 649 96 32 Årliga
1969 650 95 32 tillägg

1863 683 41 24 till
1932 684 131 30 grundka-

1863 717 107 32 talogen
2001 720 62 22 över

1862 750 41 25 för
1927 751 69 24 folk-
2014 752 48 24 och

1868 784 188 26 skolbibliotek

1861 818 111 32 lämplig
1994 819 68 25 litte-

1921 857 79 21 ratur.

1900 894 120 49 [168.]

1883 1909 130 32 Populär-

1849 1943 199 32 vetenskapliga

1849 1975 199 33 föreläsningar.

1891 2018 117 46 [169.]
