2136 2604
345 191 40 31 98
881 192 230 29 Statsutskottets
1132 192 151 29 utlåtande
1304 192 49 28 Nr
1373 192 30 28 8.

746 290 69 23 nor
854 282 55 31 att
944 280 91 46 utgå
1073 280 47 45 på
1160 277 46 36 de
1245 277 145 43 villkor,
1432 277 136 48 Kungl.
1610 277 107 47 Maj:t
1755 277 71 35 kan
1853 277 102 35 finna

745 328 77 35 skäl
849 327 212 36 bestämma.

148 428 62 38 (Re
239 428 71 24 EteR
448 429 122 43 203:0)
595 429 53 35 På
677 427 120 37 grund
824 441 43 22 av
893 427 279 37 framställning
1198 441 45 23 av
1270 428 136 35 Kungl.
1434 427 104 48 Maj:t
1565 426 58 37 får
1649 428 180 35 utskottet
1852 428 104 35 hem-

161 462 81 30 jande
261 469 33 16 av
674 459 22 17 d
1147 459 22 17 5
1357 459 22 17 (=)

137 495 177 24 skididrotten
346 480 118 44 Ställa,

143 529 80 24 bland
246 536 64 24 angr
854 533 54 31 att
947 529 196 48 riksdagen
1185 531 60 32 må
1285 527 180 48 medgiva,
1507 533 53 30 att
1587 528 63 36 det
1676 531 48 45 på
1751 534 107 30 extra
1884 533 73 30 stat

172 563 105 23 domen.

755 578 57 37 för
839 582 41 32 år
909 581 94 34 1915
1024 578 174 37 anvisade
1216 579 135 48 belopp
1371 591 43 23 av
1434 579 136 42 30,000
1589 579 137 36 kronor
1744 578 59 36 för
1821 580 134 34 under-

165 605 118 46 [204]
753 629 190 48 stödjande
982 642 45 23 av
1066 629 236 36 skididrotten
1342 628 111 36 bland
1492 629 201 45 ungdomen
1720 631 62 33 må
1807 632 49 43 på
1882 634 75 30 sätt

755 680 69 36 och
865 679 119 36 under
1021 680 144 43 villkor,
1207 679 136 48 Kungl.
1382 679 106 48 Maj:t
1528 680 70 35 kan
1625 680 102 35 finna
1753 686 82 41 gott
1860 679 97 36 före-

749 731 133 43 skriva,
919 729 59 37 för
1005 730 193 36 enahanda
1226 730 168 35 ändamål
1422 729 184 36 användas
1634 729 120 36 under
1777 733 39 32 år
1849 732 107 34 1917.

349 946 53 47 K.
453 944 346 51 Understöd
834 945 60 49 åt
923 944 360 63 vetenskap,
1317 944 286 50 vitterhet
1631 944 113 50 och
1776 944 182 50 konst

1055 1034 80 34 m.
1174 1034 80 34 m.

170 1134 120 38 Svenska
449 1124 122 43 204:0)
597 1124 52 35 På
675 1124 124 48 grund
826 1137 44 22 av
897 1124 136 48 Kungl.
1061 1123 122 48 Maj:ts
1211 1124 128 35 därom
1365 1123 133 49 gjorda
1524 1123 277 49 framställning
1821 1123 57 36 får
1898 1129 60 30 ut-

153 1167 153 66 ed
348 1176 137 35 skottet
512 1175 202 44 hemställa,

170 1221 114 72 [205.]
850 1230 53 29 att
942 1224 196 48 riksdagen
1178 1227 71 43 må,
1287 1226 13 33 i
1330 1224 117 36 likhet
1474 1224 84 35 med
1585 1224 71 36 vad
1684 1223 58 37 för
1771 1224 188 48 åtskilliga

262 1273 8 8 ”
750 1274 221 48 föregående
1012 1278 40 32 år
1091 1280 62 43 ägt
1193 1288 96 29 rum,
1317 1274 58 36 för
1402 1277 40 33 år
1473 1276 93 34 1917
1594 1276 59 34 till
1680 1274 153 36 svenska
1853 1274 105 47 forn-

749 1325 307 48 skriftsällskapet
1083 1326 127 35 anvisa
1237 1328 46 45 på
1310 1330 105 31 extra
1442 1330 74 31 stat
1541 1331 56 30 ett
1623 1325 135 48 belopp
1785 1338 43 22 av
1848 1326 112 42 2,000

750 1377 147 42 kronor,
939 1376 119 35 under
1096 1376 135 35 villkor
1271 1381 54 30 att
1364 1376 198 48 sällskapet
1602 1374 261 37 kostnadsfritt
1901 1374 59 37 för

751 1431 138 31 statens
930 1426 158 48 räkning
1128 1427 188 35 avlämnar
1343 1427 73 35 300
1444 1426 190 48 exemplar
1661 1439 44 22 av
1733 1427 82 34 sina
1843 1426 118 36 under

751 1477 230 48 anslagsåret
1007 1478 153 47 utgivna
1187 1476 164 36 arbeten.

155 1573 156 59 Samfundet
452 1575 121 48 205:0)
600 1578 16 35 I
643 1577 203 48 anledning
872 1590 43 23 av
943 1578 136 47 Kungl.
1107 1576 122 49 Maj:ts
1256 1578 14 35 i
1296 1582 124 31 ämnet
1447 1577 132 48 gjorda
1605 1576 279 49 framställning
1904 1576 57 36 får

130 1624 41 57 för
182 1622 150 59 utgivande
350 1629 182 36 utskottet
558 1628 205 44 hemställa,

146 1696 40 18 ter
203 1690 113 24 rörande
854 1683 55 30 att
943 1678 197 48 riksdagen
1168 1680 71 41 må,
1267 1678 13 35 i
1307 1678 116 35 likhet
1450 1677 85 36 med
1561 1677 70 36 vad
1659 1676 57 37 för
1744 1680 88 33 åren
1862 1679 95 34 1907

131 1758 25 23 vi
184 1720 149 66 Kandi
753 1730 149 34 —L1916
944 1734 63 43 ägt
1037 1742 95 30 rum,
1160 1729 59 34 till
1247 1727 201 37 understöd
1475 1730 38 33 åt
1539 1727 211 49 samfundet
1770 1728 68 47 för
1864 1729 96 46 utgi-

173 1797 116 49 [206.]
753 1781 117 34 vande
897 1791 46 23 av
970 1778 247 48 handskrifter
1243 1781 154 33 rörande
1425 1777 291 37 Skandinaviens
1734 1778 151 35 historia
1912 1781 48 45 på

754 1834 106 31 extra
895 1834 74 31 stat
996 1828 57 37 för
1081 1832 39 32 år
1150 1831 94 33 1917
1274 1829 124 35 anvisa
1425 1834 54 30 ett
1507 1829 127 47 anslag
1661 1841 45 23 av
1736 1829 110 43 1,000
1873 1829 86 35 kro-

754 1893 80 30 nor,
876 1879 119 36 under
1034 1880 133 35 villkor
1194 1884 55 31 att
1275 1878 213 37 samfundet
1509 1880 59 34 till
1596 1879 364 48 ecklesiastikdepar-

755 1935 181 31 tementet
971 1931 188 35 avlämnar
1187 1932 47 34 50
1263 1931 190 47 exemplar
1479 1942 44 23 av
1550 1929 70 36 den
1649 1929 57 36 för
1733 1931 229 47 anslagsåret

756 1981 158 36 avsedda
941 1981 297 48 publikationen.

177 2094 121 38 Svenska
457 2081 120 43 206:0)
602 2081 51 36 På
685 2081 125 49 grund
837 2094 43 23 av
906 2080 138 49 Kungl.
1072 2081 124 48 Maj:ts
1225 2081 126 36 därom
1378 2080 131 49 gjorda
1537 2079 277 49 framställning
1829 2079 59 37 får
1902 2085 59 30 ut-

157 2127 157 58 vitterhete"
355 2133 139 35 skottet
520 2133 204 43 hemställa,

176 2205 114 44 [207
859 2187 54 31 att
941 2182 196 47 riksdagen
1165 2185 71 41 må,
1264 2182 13 35 i
1303 2182 116 35 likhet
1443 2181 84 36 med
1545 2181 70 36 vad
1635 2180 57 36 för
1711 2179 250 37 innevarande

758 2236 41 33 år
838 2238 62 42 ägt
936 2246 95 30 rum,
1071 2234 58 34 till
1169 2232 308 46 understödjande
1517 2245 45 23 av
1589 2231 151 37 svenska
1768 2231 194 36 vitterhets-
