2188 2596
138 267 180 30 Utbildnings-

127 300 93 25 kurser
237 300 40 24 för
289 301 38 23 lä-

126 334 201 24 rarinnorihus-

135 367 39 31 lig
186 367 131 25 ekonomi.

173 409 115 46 [132.]

153 761 148 25 Utskottets

164 796 129 30 yttrande.

140 1159 71 31 Ökat
229 1167 98 31 anslag.

126 1632 149 25 Understöd
286 1634 40 23 till

136 1666 183 25 läroanstalter

125 1699 41 25 för
176 1700 150 25 utbildande

124 1741 34 16 av
179 1734 149 24 lärarinnor

125 1768 9 23 i
157 1767 168 25 handarbete.

167 1809 117 49 [133.]

346 182 41 30 58
894 185 229 29 Stalsutskotltets
1144 185 149 29 utlåtande
1315 185 48 29 Nr
1384 185 29 28 8.

451 258 121 48 130:0)
600 260 138 49 Kungl.
766 260 104 48 Maj:t
905 261 66 35 har
998 260 192 48 föreslagit
1216 261 195 47 riksdagen
1441 267 54 30 att
1521 263 58 34 till
1606 262 204 36 understöd
1838 262 118 36 under

347 311 46 35 de
423 310 144 45 villkor,
595 310 141 49 Kungl.
763 310 106 48 Maj:t
896 312 71 35 kan
993 312 102 35 finna
1123 312 77 35 skäl
1228 312 215 44 bestämma,
1471 312 58 35 till
1557 312 238 36 anordnande
1823 325 44 23 av
1894 318 61 30 ut-

346 361 322 48 bildningskurser
707 361 58 36 för
800 363 205 34 lärarinnor
1040 363 12 34 i
1088 362 126 47 huslig
1240 363 171 35 ekonomi
1439 363 126 35 anvisa
1591 366 47 44 på
1665 368 107 30 extra
1798 367 71 31 stat
1896 362 59 36 för

346 415 42 32 år
426 413 93 34 1917
560 414 37 33 åt
636 412 212 36 fackskolan
888 411 59 37 för
986 412 123 48 huslig
1149 413 171 35 ekonomi
1346 414 13 34 i
1388 412 163 49 Uppsala
1579 414 137 42 23,600
1743 414 146 43 kronor,
1918 416 37 33 åt

346 463 184 48 styrelsen
565 461 58 37 för
659 462 250 48 aktiebolaget
941 463 186 35 Ateneum
1154 461 59 37 för
1238 463 131 36 flickor
1395 465 13 33 i
1436 463 214 36 Stockholm
1678 465 112 42 4,000
1817 464 139 35 kronor

346 513 70 36 och
456 516 38 32 åt
534 511 205 49 Göteborgs
779 514 185 35 allmänna
991 512 337 50 folkskolestyrelse
1356 514 175 36 likaledes
1560 515 112 43 4,000
1699 514 148 44 kronor,
1876 515 78 34 till-

346 564 98 47 hopa
472 565 135 41 31,600
634 564 148 34 kronor.

448 613 258 48 Utredningen
745 615 13 34 i
798 614 153 36 ärendet
991 614 202 36 återfinnes
1234 617 19 32 å
1289 613 66 36 sid.
1384 616 198 35 236-—240
1610 615 12 34 i
1650 614 305 49 statsrådsproto-

346 665 124 34 kollet.

448 764 72 35 Till
547 763 279 49 ifrågavarande
853 765 129 35 kurser
1008 765 67 35 har
1100 765 198 48 riksdagen
1325 769 46 45 på
1399 771 104 30 extra
1530 771 72 31 stat
1630 765 58 39 för
1707 766 249 36 innevarande

346 817 41 33 år
427 815 142 36 anvisat
609 815 121 35 medel
763 816 58 34 till
848 816 135 47 belopp
1011 828 42 23 av
1080 817 246 47 sammanlagt
1355 817 137 43 30,100
1519 817 150 36 kronor.
1722 817 60 37 Nu
1809 815 148 49 förelig-

345 865 120 47 gande
510 864 276 49 framställning
824 866 155 35 innebär
1020 879 45 23 en
1106 867 141 47 ökning
1286 879 43 24 av
1360 866 62 36 det
1450 867 58 35 till
1536 866 208 50 Göteborgs
1771 867 186 36 allmänna

347 915 336 50 folkskolestyrelse
719 915 183 49 utgående
929 916 175 48 beloppet
1131 920 21 32 å
1180 918 109 42 2,500
1316 918 138 35 kronor
1482 918 84 35 med
1596 920 109 41 1,500
1733 919 137 35 kronor
1896 918 58 34 till

345 967 110 43 4,000
500 967 145 35 kronor.
700 966 199 44 Utskottet,
941 980 76 22 som
1054 967 86 35 med
1179 968 144 43 hänsyn
1363 969 58 34 till
1449 968 69 35 vad
1545 967 72 36 den
1644 970 13 35 i
1685 969 152 36 ärendet
1863 967 94 37 före-

345 1016 131 48 bragta
515 1017 250 47 utredningen
800 1017 103 48 giver
942 1017 63 36 vid
1047 1017 148 36 handen
1233 1018 64 35 vill
1338 1019 117 34 uttala
1494 1019 58 34 sin
1592 1017 207 47 förväntan,
1828 1023 55 31 att
1910 1018 46 35 de

345 1079 52 23 nu
439 1066 183 48 utgående
663 1066 287 49 elevavgifterna
988 1068 116 34 hållas
1144 1080 88 23 nere
1272 1068 61 35 vid
1372 1081 140 22 samma
1537 1069 136 48 belopp
1702 1083 78 22 som
1809 1069 145 43 hittills,

346 1117 223 44 hemställer,

849 1173 54 30 att
942 1168 197 47 riksdagen
1171 1171 60 32 må
1261 1169 57 34 till
1350 1168 201 36 understöd
1583 1169 121 36 under
1734 1170 45 35 de
1811 1170 144 43 villkor,

751 1218 136 47 Kungl.
914 1218 103 46 Maj:t
1056 1219 73 34 kan
1155 1219 102 35 finna
1284 1219 78 35 skäl
1389 1220 214 43 bestämma,
1631 1221 58 35 till
1717 1220 238 36 anordnande

750 1281 42 23 av
822 1268 349 47 utbildningskurser
1190 1269 67 47 för
1284 1269 209 36 lärarinnor
1518 1270 14 35 i
1557 1271 119 46 huslig
1703 1271 161 35 ekonomi
1889 1284 66 22 an-

749 1320 76 35 visa
865 1322 47 44 på
939 1324 103 30 extra
1069 1324 74 31 stat
1171 1318 58 37 för
1255 1323 40 32 år
1324 1322 95 33 1917
1448 1323 37 33 åt
1504 1319 214 37 fackskolan
1747 1320 57 37 för
1831 1322 125 47 huslig

749 1370 171 35 ekonomi
946 1370 12 34 i
985 1369 165 48 Uppsala
1178 1371 134 42 23,600
1339 1371 149 44 kronor,
1516 1374 37 32 åt
1571 1372 182 47 styrelsen
1768 1371 58 36 för
1841 1373 115 35 aktie-

750 1420 145 47 bolaget
935 1419 190 36 Ateneum
1162 1419 57 36 för
1245 1420 127 36 flickor
1399 1421 13 35 i
1439 1419 213 38 Stockholm
1681 1424 111 41 4,000
1820 1423 136 35 kronor

749 1471 67 34 och
857 1473 39 32 åt
944 1469 205 48 Göteborgs
1194 1470 186 36 allmänna
1414 1470 339 51 folkskolestyrelse
1781 1473 174 35 likaledes

750 1522 109 42 4,000
888 1521 147 43 kronor,
1062 1520 159 48 tillhopa
1248 1522 135 42 31,600
1411 1522 147 36 kronor.

451 1621 118 41 131:o)
622 1621 16 35 I
667 1620 166 48 enlighet
861 1620 84 36 med
972 1621 137 48 Kungl.
1138 1621 123 47 Maj:ts
1289 1621 128 36 därom
1445 1621 131 49 gjorda
1602 1621 277 50 framställning
1900 1622 57 36 får

347 1672 179 36 utskottet
553 1672 204 42 hemställa,

850 1726 55 31 att
931 1721 198 49 riksdagen
1156 1725 71 40 må,
1254 1724 13 33 1
1293 1723 117 35 likhet
1437 1723 83 35 med
1546 1723 69 36 vad
1634 1723 57 36 för
1709 1724 247 36 innevarande

750 1775 39 32 år
829 1776 64 43 ägt
933 1785 95 30 rum,
1071 1773 58 34 till
1171 1772 202 37 understöd
1405 1772 58 36 för
1490 1773 75 36 dels
1591 1774 104 48 högre
1721 1774 234 36 handarbets-

751 1818 401 68 lärarinneseminarieg
1160 1823 61 36 vid
1240 1823 127 36 Maria
1385 1823 239 49 Nordenfelts
1642 1824 186 47 kvinnliga
1840 1825 118 47 yrkes-

748 1872 99 35 skola
887 1872 14 35 i
941 1871 182 49 Göteborg,
1152 1874 77 35 dels
1255 1874 151 35 Andrea
1434 1874 175 36 Eneroths
1635 1875 319 37 handarbetsskola

748 1923 60 35 och
835 1922 235 36 seminarium
1101 1924 13 34 i
1144 1922 198 38 Stockholm
1370 1930 95 30 samt
1492 1925 76 35 dels
1588 1925 217 48 föreningen
1826 1925 130 36 Hand-

747 1973 148 36 arbetets
910 1978 154 31 vänners
1084 1974 62 35 och
1166 1974 128 36 Hulda
1315 1975 171 35 Lundins
1503 1975 105 48 högre
1622 1976 333 47 slöjdseminarium

747 2025 13 33 i
800 2022 200 37 Stockholm
1040 2025 119 47 enligt
1200 2024 43 36 de
1278 2025 288 44 bestämmelser,
1594 2026 137 48 Kungl.
1762 2026 106 47 Maj:t
1895 2030 61 32 må

746 2074 103 35 finna
887 2080 82 42 gott
1003 2074 179 44 meddela,
1224 2078 47 45 på
1309 2081 105 30 extra
1454 2081 72 30 stat
1553 2075 57 36 för
1638 2079 40 32 år
1708 2079 93 33 1917
1831 2077 125 36 anvisa

748 2123 57 36 för
846 2137 46 23 en
928 2138 64 22 var
1036 2138 44 22 av
1120 2125 162 36 nämnda
1309 2131 56 31 tre
1392 2127 258 35 läroanstalter
1678 2132 53 31 ett
1759 2127 127 47 anslag
1912 2139 44 23 av

749 2176 108 42 3,100
886 2176 145 43 kronor,
1060 2177 91 34 eller
1177 2176 158 49 tillhopa
1366 2178 133 43 11,100
1527 2177 148 35 kronor.
