1850 2764
228 122 20 29 4
583 119 285 31 Statsutskottets
889 120 178 31 utlåtande
1086 131 43 20 nr
1147 122 39 30 21
1208 121 39 30 år
1267 122 84 30 1965

894 416 52 36 Nr
973 417 46 35 21

451 517 183 31 Utlåtande
653 518 11 30 i
680 519 187 40 anledning
884 528 42 21 av
941 520 127 39 Kungl.
1085 520 125 39 Maj:ts
1227 520 217 40 proposition
1463 521 178 38 angående
1661 522 55 28 ut-

668 571 103 38 gifter
791 572 45 39 på
860 572 208 39 tilläggsstat
1089 574 33 28 II
1145 573 51 30 till
1218 573 189 30 riksstaten
1429 574 56 39 för
1510 574 201 39 budgetåret

672 626 159 36 1964/65,
853 626 11 29 i
885 626 65 29 vad
969 626 262 39 propositionen
1252 636 100 21 avser
1373 627 344 31 kommunikations-

667 677 291 40 departementets
982 679 394 31 verksamhetsområde.

1515 742 74 33 (4:e
1613 742 93 33 avd.)

719 902 497 38 DRIFTBUDCETEN

770 1025 122 49 Sjätte
913 1027 248 36 huvudtiteln

271 1127 224 30 Kommittéer
520 1130 63 28 och
610 1129 223 36 utredningar
857 1138 121 27 genom
1005 1131 229 36 sakkunniga.
1261 1132 12 28 I
1301 1130 152 39 enlighet
1480 1130 79 30 med
1585 1131 128 38 Kungl.

228 1180 124 39 Maj:ts
373 1181 11 29 i
407 1181 263 38 propositionen
692 1191 41 20 nr
755 1183 18 29 2
802 1182 130 39 (bilaga
956 1183 28 35 3,
1007 1183 114 39 punkt
1146 1184 27 34 1,
1198 1193 25 20 s.
1250 1184 35 29 11
1312 1184 66 29 och
1402 1184 38 30 12
1464 1193 42 20 av
1528 1184 107 39 bilagt
1659 1185 53 28 ut-

227 1234 85 38 drag
327 1243 43 20 av
386 1234 382 39 statsrådsprotokollet
783 1236 79 29 över
878 1236 482 30 kommunikationsärenden
1378 1237 54 29 för
1449 1238 66 29 den
1533 1238 18 28 4
1568 1238 143 39 januari

229 1287 99 35 1965)
353 1287 194 39 framlagda
568 1288 132 39 förslag
718 1288 200 31 hemställer
937 1290 181 37 utskottet,

590 1343 50 27 att
658 1342 188 39 riksdagen
863 1342 58 29 må
938 1343 50 29 till
1007 1343 230 30 Kommittéer
1255 1344 64 29 och
1340 1344 227 39 utredningar
1584 1353 125 30 genom

544 1394 223 40 sakkunniga
791 1395 43 39 på
857 1395 208 39 tilläggsstat
1088 1396 30 29 II
1142 1397 51 29 till
1216 1396 190 30 riksstaten
1430 1397 54 29 för
1506 1397 205 39 budgetåret

548 1447 148 35 1964/65
715 1448 120 29 anvisa
855 1450 47 28 ett
921 1449 357 39 reservationsanslag
1297 1459 41 20 av
1360 1450 62 29 700
1436 1450 63 30 000
1520 1450 62 34 kr.,
1603 1451 107 29 därav

544 1500 136 30 hälften
703 1503 49 27 att
774 1501 171 30 avräknas
967 1504 72 27 mot
1061 1502 458 31 automobilskattemedlen.

269 1571 203 29 Stockholm
492 1572 66 29 den
580 1572 41 29 16
639 1571 154 30 februari
816 1572 81 30 1965

704 1660 48 30 På
773 1661 281 30 statsutskottets
1076 1662 145 39 vägnar:

788 1749 140 31 GÖSTA
947 1750 190 30 BOHMAN

266 1951 242 30 Närvarande:
526 1961 35 21 se
579 1952 112 30 under
709 1952 194 30 utlåtandet
921 1962 41 20 nr
978 1953 56 35 20;
1054 1954 89 29 dock
1160 1956 50 29 att
1228 1954 79 29 herr
1324 1955 115 39 Harry
1457 1955 163 29 Carlsson
1639 1956 70 29 del-

224 1996 84 39 tagit
324 1996 11 29 i
353 1997 115 29 stället
483 1996 54 30 för
552 1997 81 29 herr
649 1996 134 30 Dahlén
799 1997 65 29 och
879 1997 79 30 herr
975 1997 194 40 Björkman
1172 1992 19 49 i
1213 1998 114 30 stället
1345 1999 54 29 för
1415 2000 80 28 herr
1512 2000 196 29 Petersson.
