2195 2707
455 222 37 32 16
890 222 126 32 Banko-
1026 218 180 46 Utskottets
1211 222 168 33 Memorial
1400 224 63 33 N:o
1490 224 47 31 12.

496 303 93 32 Mom.
618 306 27 29 2.
689 303 220 41 Fullmäktige
935 315 62 30 ega
1021 307 48 29 att
1089 306 36 30 så
1137 305 51 31 väl

410 354 51 32 för
496 354 289 40 hufvudkontoret,
822 365 81 29 som,
937 357 43 40 på
1007 355 125 42 förslag
1156 356 33 32 af

411 405 254 33 vederbörande
705 406 151 42 styrelse,
894 406 52 32 för
986 407 200 40 afdelnings-

409 457 165 32 kontoren
597 457 195 40 bestämma,
816 458 112 32 hvilka
942 460 109 30 såsom
1065 458 121 33 osäkra

409 508 149 33 ansedda
581 508 190 42 fordringar
800 510 95 32 skola
921 510 91 32 föras
1036 511 88 31 inom
1149 510 36 32 li-

409 560 77 32 nien
509 560 11 31 i
542 560 282 42 räkenskaperna.
1156 563 2 2 |

1323 305 98 32 Mom.
1459 309 28 29 2.
1536 305 176 33 Likaledes
1741 306 179 42 berättigas
1936 307 83 43 full-

1239 355 138 42 mäktige
1401 359 52 37 att,
1483 357 56 32 der
1567 357 78 40 efter
1672 368 167 31 noggrann
1856 360 162 40 pröfning

1239 408 120 41 skäligt
1377 408 113 40 finnes,
1511 408 165 43 beviljade
1701 409 236 34 Riksbankens
1951 411 67 41 gäl-

1240 459 151 39 denärer,
1433 471 69 21 som
1526 461 50 31 sin
1605 461 164 40 egendom
1792 462 50 31 till
1869 461 148 33 konkurs

1240 511 134 40 afträdt,
1414 511 123 32 ackord
1581 512 53 32 vid
1670 513 146 40 liqviden
1852 513 35 33 af
1919 514 98 32 deras

1241 562 135 32 skulder
1398 563 50 31 till
1475 562 226 34 Riksbanken.

1319 614 98 32 Mom.
1444 616 28 31 3.
1518 614 25 32 I
1566 618 100 29 annat
1690 617 43 30 än
1757 615 50 33 det
1824 615 13 32 i
1854 617 163 44 nästföre-

1234 667 124 38 gående
1383 677 91 21 mom.
1498 669 24 30 2
1550 667 215 41 omförmälda
1780 667 72 41 fall
1868 670 56 30 må
1936 669 78 41 full-

1236 717 138 41 mäktige
1410 717 68 32 icke
1508 717 213 34 efterskänka
1743 720 104 39 något
1869 720 35 31 af
1928 720 87 32 hvad

1237 768 104 40 enligt
1376 768 89 40 gifna
1503 768 209 33 föreskrifter
1753 769 62 31 och
1857 771 156 39 gällande

1235 818 236 42 författningar
1504 819 63 33 bör
1606 820 163 42 erläggas,
1805 824 79 30 utan
1920 821 95 33 skola

1235 871 65 31 alla
1343 870 115 41 frågor
1500 882 52 21 om
1598 872 147 40 eftergift
1787 873 226 32 underställas

1234 920 248 34 nästblifvande
1525 921 271 34 Banko-Utskott
1833 924 50 31 till
1920 923 93 42 afgö-

1233 972 103 33 rande
1371 973 11 31 i
1421 972 66 33 den
1515 973 152 42 ordning,
1690 974 246 34 instruktionen
1960 975 52 32 för

1235 1024 93 32 detta
1349 1024 139 32 Utskott
1511 1024 145 41 stadgar.

1314 1075 98 32 Mom.
1425 1078 29 29 4.
1483 1075 81 33 Lika
1577 1076 76 33 med
1667 1077 189 33 nuvarande
1871 1088 97 22 mom.
1984 1081 29 30 2.

536 1175 15 31 I
584 1175 148 32 afseende
761 1176 18 31 å
812 1174 37 32 de
877 1175 10 31 i
909 1174 33 43 $$
975 1176 38 31 69
1037 1175 59 32 och
1121 1177 39 30 70
1183 1176 34 31 af
1238 1176 319 41 bankoreglementet
1579 1177 264 34 förekommande
1868 1179 144 33 bestäm-

402 1225 115 31 melser
539 1225 164 40 angående
730 1226 411 41 tjenstemannabiträdena
1167 1227 50 31 vid
1240 1227 226 32 Riksbankens
1490 1228 240 33 hufvudkontor
1752 1230 11 31 i
1786 1230 78 41 följd
1891 1231 35 31 af
1946 1231 63 40 köp

403 1275 62 32 och
499 1275 190 42 försäljning
712 1276 167 33 derstädes
903 1276 34 32 af
957 1276 174 33 utländska
1159 1278 119 39 vexlar,
1303 1278 94 32 hafva
1424 1278 201 42 fullmäktige
1648 1280 60 32 hos
1731 1280 169 33 Utskottet
1922 1282 85 41 gjort

403 1325 137 42 skriftlig
562 1326 246 42 framställning,
833 1326 61 33 den
917 1327 166 33 Utskottet
1106 1338 95 22 anser
1223 1329 47 41 sig
1300 1328 80 33 böra
1404 1330 178 41 ordagrant
1605 1331 119 41 intaga,
1749 1333 37 31 så
1808 1332 154 42 lydande:

539 1378 153 32 "Jemlikt
714 1389 93 21 mom.
834 1381 17 29 5
875 1377 15 42 $
913 1381 40 30 70
975 1379 35 32 af
1030 1379 150 40 gällande
1204 1380 196 40 reglemente
1422 1380 50 32 för
1493 1381 224 33 Riksbankens
1744 1382 195 42 förvaltning
1952 1394 57 30 ega

402 1428 198 42 deputerade
633 1432 47 29 att
708 1433 117 37 antaga
847 1429 59 32 och
935 1430 163 41 entlediga
1120 1430 150 32 biträden
1294 1431 49 31 för
1368 1431 40 32 de
1432 1433 150 39 göromål
1605 1433 60 32 och
1689 1433 122 42 bestyr,
1837 1444 70 22 som
1932 1434 75 32 här-

400 1478 77 43 flyta
499 1480 34 31 af
553 1479 173 33 utländska
748 1481 123 31 vexlars
894 1480 63 42 köp
980 1481 60 32 och
1069 1481 200 42 försäljning,
1295 1485 83 29 samt
1397 1482 128 42 jemlikt
1547 1494 95 22 mom.
1668 1487 19 29 2
1711 1485 16 42 $&
1755 1487 38 30 69
1820 1488 48 29 att
1881 1485 124 32 tilldela

400 1530 94 33 dessa
521 1530 149 33 biträden
693 1531 152 42 lämpliga
868 1531 167 34 arfvoden.
1079 1532 179 33 Biträdena
1280 1533 90 33 inom
1397 1533 156 34 kontoret
1575 1534 52 33 för
1654 1535 38 32 de
1707 1535 179 33 utländska
1899 1537 106 32 vexel-

401 1581 161 33 affärerna
586 1585 56 29 äro
665 1583 137 32 sålunda
828 1582 70 33 icke
922 1586 164 38 upptagna
1109 1584 10 31 i
1142 1584 225 33 Riksbankens
1392 1588 66 29 stat
1481 1586 61 31 och
1567 1586 184 40 derigenom
1774 1587 173 33 beröfvade
1967 1588 39 32 de

400 1632 163 32 förmåner
594 1633 11 31 i
641 1633 157 33 afseende
837 1635 19 31 å
889 1635 139 41 pension
1062 1635 60 32 och
1159 1635 203 33 förbättrade
1391 1635 102 33 vilkor
1517 1636 84 33 efter
1623 1636 111 42 längre
1762 1638 51 32 väl
1840 1638 164 34 vitsordad

399 1684 223 41 tjenstgöring,
657 1695 69 22 som
750 1688 56 30 äro
831 1685 226 33 Riksbankens
1081 1685 99 43 öfrige
1203 1687 193 41 tjenstemän
1419 1687 253 34 tillförsäkrade.
1726 1690 58 32 Ett
1807 1689 116 33 sådant
1945 1702 59 20 un-

398 1735 118 40 dantag
556 1735 50 31 till
646 1736 92 31 dessa
767 1736 166 32 biträdens
959 1737 99 32 skada
1081 1737 62 32 kan
1169 1737 82 33 dock
1274 1737 71 33 icke
1370 1748 77 22 vara
1469 1739 172 40 betingadt
1668 1740 34 31 af
1722 1741 202 39 göromålens
1948 1742 54 31 be-

398 1784 181 33 skaffenhet
599 1786 87 32 inom
710 1787 90 32 detta
828 1787 128 39 kontor,
982 1791 79 28 enär
1083 1788 92 32 dessa
1199 1789 145 40 göromål
1368 1790 100 31 måste
1495 1789 50 32 för
1571 1790 129 32 banken
1729 1791 59 32 och
1813 1791 71 33 dess
1901 1792 101 32 ända-

397 1837 62 32 mål
487 1848 95 21 anses
609 1837 67 33 lika
699 1838 118 41 vigtiga
839 1838 61 32 och
927 1838 120 41 nödiga
1069 1850 69 22 som
1161 1840 38 31 de
1224 1840 114 41 öfriga,
1362 1840 175 42 hvarjemte
1562 1840 38 33 de
1623 1841 71 33 från
1723 1842 40 33 de
1779 1842 221 42 handläggan-

399 1888 54 31 des
478 1888 72 31 sida
572 1887 111 33 fordra
705 1889 72 31 icke
800 1889 123 32 mindre
947 1890 217 40 ordentlighet
1188 1891 59 31 och
1272 1891 167 40 duglighet
1462 1895 84 28 samt
1569 1895 46 28 ett
1628 1892 66 32 ofta
1707 1903 86 22 mera
1808 1894 194 41 ansträngdt

398 1938 122 42 arbete,
549 1942 40 28 än
614 1939 36 32 af
669 1939 101 41 öfriga
793 1940 225 32 Riksbankens
1042 1941 194 42 tjenstemän
1260 1942 9 31 i
1292 1942 127 40 vanliga
1442 1942 55 31 fall
1522 1942 152 42 begäres.

531 1991 64 30 Det
628 1991 401 40 undantagsförhållande,
1067 1993 11 31 i
1116 1992 121 32 hvilket
1271 1993 228 40 expeditionen
1526 1994 88 31 inom
1644 1995 90 31 detta
1761 1995 120 32 kontor
1909 1996 10 30 i
1942 2006 54 20 an-

399 2041 89 31 förda
523 2041 56 32 fall
617 2041 108 32 blifvit
754 2042 95 39 stäld,
889 2042 58 31 har
970 2042 155 42 derjemte
1148 2043 99 32 vållat
1271 2047 47 28 ett
1341 2046 100 29 annat
1463 2044 125 40 sådant,
1612 2055 66 22 som
1701 2045 201 41 fullmäktige
1926 2046 71 32 icke

397 2102 73 21 anse
494 2091 74 33 fullt
589 2092 155 42 lämpligt.
791 2094 63 32 För
876 2093 44 32 all
943 2094 216 41 tjenstgöring
1182 2095 85 31 inom
1291 2093 226 34 Riksbankens
1541 2095 102 41 öfriga
1656 2096 118 32 kontor
1786 2097 105 40 gäller
1906 2108 89 21 nem-

396 2142 83 40 ligen
515 2143 62 31 den
613 2144 10 30 i
657 2144 407 41 tjenstgöringsstadgarne
1103 2145 171 32 faststälda
1310 2146 120 39 regeln,
1471 2148 49 29 att
1542 2146 85 32 inom
1653 2147 109 42 hvarje
1789 2147 120 32 kontor
1937 2151 57 29 äro

398 2193 60 32 den
494 2194 79 32 eller
600 2194 39 32 de
664 2194 169 33 derstädes
857 2196 151 31 anstälda
1030 2196 204 42 förmännen,
1259 2196 39 33 de
1324 2198 48 32 må
1399 2208 42 20 nu
1464 2196 101 33 kallas
1590 2197 234 41 kommissarie,
1854 2198 141 32 sekrete-

397 2256 86 28 rare,
515 2245 213 33 ombudsman
754 2246 78 32 eller
859 2246 201 43 kamrerare,
1085 2248 166 40 ansvarige
1276 2247 50 32 för
1352 2248 205 40 göromålens
1586 2249 180 41 ordentliga
1789 2249 202 42 besörjande,

396 2298 83 29 samt
517 2299 48 29 att
602 2296 38 33 de
664 2297 179 32 kontroller
876 2298 61 31 och
962 2298 59 31 den
1047 2298 107 42 tillsyn
1176 2298 172 41 stadgarne
1372 2299 195 32 föreskrifva
1590 2300 98 32 blifva
1712 2304 159 37 noggrant
1895 2301 84 31 efter
