2194 2630
484 193 20 32 2
920 195 259 35 Statsutskottets
1211 197 176 35 Utlåtande
1414 200 64 32 N:o
1507 202 51 31 41.

428 273 117 50 dånig
587 274 199 38 skrifvelse
829 275 74 38 den
944 279 46 34 25
1033 278 160 37 oktober
1232 281 109 47 1900,
1380 279 80 38 däri
1488 282 187 49 styrelsen
1705 284 225 38 hemställde
1958 299 60 24 om

427 326 228 48 inrättande,
684 327 114 37 bland
827 334 125 39 annat,
982 328 41 37 af
1049 330 193 50 åtskilliga
1270 345 75 36 nya
1373 332 450 53 baningenjörstjänster,
1845 338 172 37 anmälde

428 382 67 43 att,
537 378 48 36 då
626 378 72 37 den
726 379 121 37 under
875 380 183 49 byggnad
1090 383 166 36 varande
1285 384 119 49 linjen
1439 384 195 51 Göteborg
1659 388 126 38 —Skee
1814 389 205 37 beräknats

426 429 152 37 komma
606 435 56 31 att
689 435 137 44 utgöra
857 433 71 35 169
957 432 209 49 kilometer,
1195 435 115 37 äfven
1337 436 59 36 för
1424 436 124 38 denna
1576 438 91 50 linje
1687 440 120 37 skulle
1827 440 191 38 erfordras

427 494 47 23 en
501 481 272 50 baningenjör;
803 496 86 24 men
917 487 121 47 ansåg
1066 486 188 49 styrelsen
1283 492 67 44 att,
1380 501 80 23 som
1478 488 117 50 linjen
1614 490 83 38 icke
1717 505 90 24 vore
1826 492 192 38 beräknad

426 538 55 31 att
508 532 120 38 blifva
656 533 128 50 färdig
811 534 79 38 förr
918 541 47 32 än
993 550 60 23 om
1082 540 119 47 några
1231 542 51 45 år,
1311 540 285 50 framställning
1623 541 61 38 för
1711 543 64 38 det
1803 545 214 36 dåvarande

425 584 85 37 icke
539 585 165 38 behöfde
732 592 115 43 göras
877 601 59 23 om
963 590 246 48 upptagande
1237 591 8 36 i
1268 596 123 32 staten
1412 592 41 37 af
1469 592 121 38 denne
1611 594 404 51 befattningshafvare.

527 636 18 37 I
573 637 60 37 sin
662 637 259 39 förstberörda
947 641 259 50 underdåniga
1234 643 200 38 skrifvelse
1463 645 42 36 af
1529 645 75 37 den
1626 648 45 34 18
1691 648 207 38 november
1921 650 94 36 1903

425 688 68 37 har
516 688 379 52 järnvägsstyrelsen
922 706 49 23 nu
1000 693 206 38 framhållit
1234 700 65 42 att,
1330 696 117 37 sedan
1476 696 179 39 arbetena
1674 701 21 34 å
1714 699 71 37 den
1807 700 80 37 öfre
1907 700 109 37 delen

425 740 41 37 af
489 740 118 50 linjen
637 742 352 50 Göteborg—Skee
1018 744 93 38 eller
1139 747 174 37 sträckan
1342 748 138 37 mellan
1508 749 211 38 Uddevalla
1747 751 70 37 och
1848 751 98 38 Skee
1976 756 41 33 så

424 792 249 48 framskridit,
715 800 56 31 att
811 796 124 36 denna
975 797 226 38 bansträcka
1241 799 234 38 beräknades
1515 801 151 38 komma
1702 807 55 32 att
1784 809 146 44 öppnas
1957 804 60 37 för

424 843 136 38 allmän
590 846 111 36 trafik
729 846 120 37 under
877 848 200 38 december
1105 851 136 36 månad
1270 853 40 35 år
1341 854 108 44 1903,
1471 853 241 37 erfordrades
1731 856 60 36 för
1809 856 206 37 utöfvande

425 896 41 36 af
491 896 218 38 banbefälet
738 901 21 34 å
787 898 123 38 denna
938 901 148 37 sträcka
1115 915 47 23 en
1191 916 51 36 ny
1270 903 263 51 baningenjör,
1563 910 91 32 enär
1681 907 83 36 med
1792 908 149 49 hänsyn
1959 908 57 36 till

424 949 104 36 såväl
570 949 125 37 denna
736 950 246 39 bansträckas
1015 953 208 38 afskildhet
1250 955 83 37 från
1362 956 65 37 det
1453 956 124 50 öfriga
1605 958 302 38 statsbanenätet
1935 973 80 24 som

423 1000 88 37 dess
538 1000 130 50 längd,
698 1002 178 50 omkring
904 1006 46 35 85
980 1004 88 49 km.,
1098 1005 218 39 densamma
1343 1007 83 38 icke
1445 1007 209 51 lämpligen
1673 1010 124 38 kunde
1816 1011 199 50 förläggas

422 1052 57 37 till
520 1066 126 24 annan
686 1053 238 39 bansektion.
980 1057 52 36 På
1073 1062 76 32 sätt
1189 1058 217 51 framginge
1447 1061 41 36 af
1526 1062 207 48 styrelsens
1764 1064 252 48 nyssberörda

421 1104 261 50 underdåniga
723 1106 201 39 skrifvelse
965 1109 73 37 den
1081 1112 47 34 25
1159 1110 159 38 oktober
1348 1114 110 45 1900,
1487 1126 91 23 vore
1608 1114 64 36 det
1699 1115 210 37 emellertid
1937 1121 76 45 sty-

421 1156 146 37 relsens
606 1157 117 37 afsikt
749 1163 66 44 att,
846 1160 98 37 efter
970 1160 284 39 fullbordandet
1281 1164 41 36 af
1347 1165 238 37 återstående
1615 1165 110 38 delen
1753 1167 41 36 af
1819 1167 194 37 beslutade

422 1209 424 50 statsbanebyggnader
873 1226 139 35 genom
1031 1213 194 38 Bohuslän
1245 1214 93 38 eller
1357 1216 176 37 sträckan
1553 1217 462 51 Uddevalla—Göteborg

423 1259 259 51 (Olskroken),
710 1262 176 50 förlägga
914 1264 111 37 äfven
1054 1265 127 38 denna
1209 1267 150 37 sträcka
1386 1268 120 37 under
1533 1269 294 49 ifrågavarande
1855 1271 158 48 tjänste-

422 1325 106 24 mans
569 1313 193 49 banbefäl,
804 1315 249 49 hvarigenom
1094 1317 75 37 den
1197 1332 74 36 nya
1299 1319 275 38 bansektionen
1603 1321 119 37 skulle
1751 1322 83 38 från
1864 1325 46 35 85
1940 1324 72 37 km.

421 1365 215 36 utsträckas
664 1370 56 32 att
748 1367 158 37 omfatta
936 1370 70 35 169
1036 1368 75 38 km.

525 1466 126 38 Sedan
671 1467 250 39 bansträckan
941 1471 138 37 mellan
1099 1471 209 39 Uddevalla
1328 1474 72 36 och
1420 1473 98 39 Skee
1540 1475 72 37 den
1636 1478 43 35 16
1698 1476 200 38 december
1916 1480 95 35 1903

421 1518 180 50 upplåtits
629 1519 59 37 för
716 1520 138 38 allmän
882 1522 111 36 trafik
1022 1523 71 37 och
1113 1524 47 36 då
1180 1525 73 36 den
1272 1525 225 50 ifrågasatta
1517 1541 75 35 nya
1612 1527 266 51 befattningen
1899 1543 113 36 synes

421 1584 90 23 vara
538 1571 60 37 för
620 1572 495 52 järnvägsförvaltningens
1144 1576 183 49 behöriga
1355 1577 187 39 skötande
1562 1579 238 50 erforderlig,
1821 1581 108 37 torde
1950 1583 63 36 det

420 1622 84 37 icke
546 1623 91 37 böra
678 1623 133 50 längre
840 1629 108 33 anstå
975 1627 87 37 med
1089 1627 236 39 tillsättande
1354 1630 42 36 af
1420 1630 229 50 densamma,
1677 1632 156 38 hvarför
1857 1633 71 49 jag
1954 1634 59 36 för

420 1674 79 37 min
539 1675 61 36 del
641 1689 111 24 anser
793 1678 80 48 mig
901 1678 127 37 kunna
1055 1679 191 50 tillstyrka
1277 1682 393 50 järnvägsstyrelsens
1699 1684 224 38 hemställan
1952 1699 59 24 om

420 1726 216 38 inrättande
664 1728 41 36 af
730 1742 47 24 en
804 1743 53 36 ny
884 1730 403 52 baningenjörstjänst.

523 1828 84 38 Den
648 1829 220 51 föreslagna
908 1845 74 37 nya
1022 1835 587 52 stationsinspektorsbefattningen
1651 1839 24 36 å
1706 1841 118 43 första
1856 1840 156 37 klassens

420 1882 130 36 station
579 1887 99 31 samt
707 1884 552 52 underinspektorsbefattningen
1287 1888 70 36 och
1386 1888 46 37 de
1462 1897 49 29 tre
1529 1887 482 58 expeditionsföreständare-

422 1934 290 49 befattningarna
752 1939 66 32 äro
861 1936 176 49 samtliga
1078 1938 157 37 afsedda
1275 1939 60 37 för
1375 1940 267 51 Norrköpings
1675 1943 152 48 station,
1856 1943 155 38 hvilken

421 1985 120 49 enligt
570 1985 208 49 styrelsens
807 1987 147 50 förslag
982 1988 121 38 skulle
1132 1991 206 49 uppflyttas
1367 1992 83 37 från
1478 1993 119 37 andra
1624 1994 58 36 till
1706 1995 121 37 första
1845 1995 163 37 klassen.

523 2037 17 36 I
567 2037 210 50 anledning
804 2039 41 37 af
871 2040 207 49 styrelsens
1108 2041 282 52 framställning
1417 2044 12 36 i
1457 2045 124 37 denna
1610 2046 61 37 del
1700 2060 111 24 anser
1834 2047 71 49 jag
1933 2048 78 48 mig

421 2088 92 37 böra
554 2089 136 48 erinra,
733 2095 55 32 att
828 2091 83 37 före
955 2094 94 35 1897
1095 2096 60 34 års
1182 2094 284 51 lönereglering
1507 2097 233 38 stationerna
1767 2099 84 36 icke
1880 2100 131 36 voro
1989 2084 25 65 i

421 2139 443 51 aflöningsreglementet
904 2144 212 49 uppdelade
1158 2146 12 36 i
1211 2147 197 37 bestämda
1439 2148 157 48 klasser,
1626 2150 115 37 ehuru
1768 2151 12 36 i
1808 2151 202 49 praktiken

421 2205 46 23 en
509 2193 118 37 sådan
655 2194 237 50 uppdelning
920 2197 229 37 åtminstone
1178 2198 10 35 i
1217 2199 78 36 viss
1324 2202 85 34 mån
1436 2201 104 49 gjort
1568 2202 61 48 sig
1656 2202 188 48 gällande.
1899 2203 110 37 Järn-

420 2245 289 49 vägsstyrelsen
737 2246 222 50 ifrågasatte
988 2248 211 39 emellertid
1226 2250 12 37 i
1266 2251 57 36 sin
1351 2252 261 50 underdåniga
1640 2254 201 38 skrifvelse
1869 2255 73 37 den
1962 2257 46 35 26

421 2297 204 36 november
669 2300 110 45 1892,
821 2304 57 32 att
919 2300 234 38 stationerna
1194 2305 115 34 måtte
1350 2303 145 39 indelas
1523 2305 12 36 i
1564 2305 129 49 dylika
1720 2306 147 38 klasser
1894 2307 13 36 i
1933 2308 77 36 för-
