2288 2745
551 179 17 29 8
1026 177 223 37 Lag-Utskottets
1276 178 148 28 Utlåtande
1447 179 56 26 N:o
1526 176 53 30 35.

510 266 260 49 ifrågaställda
809 266 267 49 förändringar
1116 267 10 35 i
1168 267 173 48 gällande
1382 265 348 50 lagbestämmelser
1763 269 118 34 måste
1916 266 76 37 ske.
2047 266 16 37 I
2093 269 20 35 2

509 319 84 46 kap.
624 320 45 34 10
698 315 18 48 $
745 316 358 37 Giftermålsbalken
1136 318 168 48 stadgas:
1333 317 58 47 »Ej
1422 321 60 31 må
1510 318 85 43 den,
1624 331 79 22 som
1732 325 60 28 mö
1820 319 122 46 lägrat
1970 318 143 45 hafver,

509 368 36 37 få
586 369 120 36 henne
748 369 59 36 till
842 369 99 46 äkta,
973 375 88 30 utan
1080 369 115 50 fader
1223 369 61 36 och
1312 369 123 36 moder
1459 367 105 51 gifva
1591 369 62 36 der
1673 369 46 49 ja
1747 368 61 37 och
1837 368 178 49 samtycke
2042 369 71 36 till»

509 434 33 22 0.
572 434 26 23 8.
627 434 52 31 v.;
716 421 70 35 och
816 421 10 35 i
856 424 20 33 3
905 422 84 47 kap.
1022 424 44 34 10
1095 417 18 50 $
1142 434 140 23 samma
1309 421 88 36 balk
1425 420 109 36 heter
1563 420 80 36 det:
1672 419 162 37 »Häfdar
1862 433 85 23 man
1975 421 140 47 qvinna

508 472 123 36 under
672 472 335 48 äktenskapslöfte,
1049 472 47 36 då
1136 472 96 36 skall
1274 472 72 36 han
1374 478 87 42 taga
1490 472 122 36 henne
1640 472 59 35 till
1728 472 98 45 äkta,
1856 485 60 22 om
1944 472 75 35 hon
2049 472 65 36 det

509 527 128 45 påstår
678 524 61 36 och
778 524 130 36 hennes
946 525 107 45 fader
1081 524 60 36 och
1169 524 124 36 moder
1322 523 118 37 dertill
1467 523 200 48 samtycka»
1696 537 32 23 o.
1758 537 27 23 s.
1813 537 34 23 v.
1902 523 75 37 Det
2004 537 110 35 synes

509 575 197 37 Utskottet
736 580 103 31 utom
869 576 68 35 allt
965 575 144 45 tvifvel,
1138 581 56 30 att
1223 589 60 22 om
1312 588 85 23 man
1425 575 196 49 borttager
1648 574 364 49 giftomannarätten
2032 576 11 35 i
2063 575 52 36 af-

510 627 137 37 seende
688 630 48 45 på
775 627 159 50 myndig
973 634 72 40 mö,
1087 627 73 36 kan
1192 640 86 23 man
1305 627 83 36 icke
1417 627 205 48 lämpligen
1648 628 77 35 låta
1753 630 150 45 qvarstå
1932 632 55 31 ett
2015 627 100 37 stad-

509 679 133 48 gande,
678 692 80 22 som
791 680 172 35 lemnade
991 679 235 36 föräldrarne
1255 679 103 35 makt
1386 684 56 31 att
1470 679 135 35 hindra
1633 679 141 36 hennes
1803 678 206 48 äktenskap
2034 680 81 46 just

509 732 11 34 i
562 731 45 36 de
649 730 120 49 begge
810 729 79 47 fall,
931 731 47 36 då
1019 731 64 36 det
1118 738 39 28 är
1190 736 96 30 mest
1314 731 200 48 angeläget
1540 729 58 37 för
1626 730 121 36 henne
1776 736 56 31 att
1858 729 37 37 få
1922 729 95 50 gifta
2044 731 68 48 sig,

509 782 99 34 helst
648 795 80 21 som
769 781 161 47 afsigten
972 783 11 33 i
1024 782 161 34 nämnda
1214 782 233 47 stadganden
1478 782 80 34 icke
1587 782 100 34 lärer
1713 782 99 34 varit
1839 785 123 43 någon
1991 795 122 21 annan

510 840 45 28 än
584 837 55 31 att
668 832 226 36 åtminstone
925 832 10 35 i
964 831 64 37 det
1056 831 76 46 fall,
1162 837 55 31 att
1244 831 236 36 föräldrarne
1509 831 112 46 lefde,
1649 830 246 46 förekomma,
1920 831 65 36 det
2003 832 110 49 lagen

510 890 101 29 emot
651 883 193 49 giftermål
878 889 90 30 utan
1004 883 109 36 deras
1141 884 193 48 samtycke
1363 883 126 36 kunde
1517 883 137 48 gäckas
1683 883 233 48 derigenom,
1946 888 55 31 att
2029 897 83 22 man

508 934 172 36 förledde
722 941 58 29 mö
823 935 58 35 till
922 935 210 47 lägersmål.
1186 934 295 48 Konseqvensen
1521 948 110 34 synes
1668 934 181 36 likaledes
1882 933 141 45 fordra,
2059 940 55 30 att

509 985 227 49 stadgandet
777 986 11 35 i
832 988 18 34 6
892 986 85 48 kap.
1023 988 12 34 1
1083 982 17 50 $
1130 983 373 39 Giftermålsbalken:
1538 983 141 39 »Gifter
1707 986 56 48 sig
1791 992 59 29 mö
1880 991 82 31 mot
1988 984 125 37 faders

509 1038 101 47 vilja,
640 1038 93 34 eller
761 1037 162 44 moders,
953 1036 109 36 hafve
1090 1036 107 36 fader
1226 1038 91 34 eller
1346 1037 132 35 moder
1505 1037 87 35 våld
1621 1043 56 29 att
1704 1044 92 41 göra
1824 1037 123 36 henne
1975 1037 138 44 arflös»,

509 1088 40 36 af
573 1101 140 23 samma
748 1088 80 36 skäl
861 1089 81 35 icke
975 1089 190 47 tillämpas
1195 1091 20 32 å
1243 1095 72 38 mö,
1345 1101 79 23 som
1454 1101 88 36 eger
1570 1089 87 47 ingå
1686 1088 206 48 äktenskap
1921 1094 90 30 utan
2040 1087 74 37 för-

511 1140 192 35 äldrarnes
731 1140 205 49 samtycke,
967 1139 156 36 emedan
1153 1140 74 35 hon
1257 1140 9 35 i
1296 1140 133 35 sådant
1456 1139 66 36 fall
1551 1147 40 28 är
1617 1145 54 30 att
1687 1139 162 48 jemföra
1868 1140 87 36 med
1974 1139 138 45 dotter,

509 1204 80 22 som
625 1190 125 36 blifvit
785 1191 96 35 enka
909 1191 71 35 och
1009 1204 60 22 om
1098 1191 151 35 hvilken
1280 1193 19 33 2
1329 1187 17 49 $
1376 1192 10 33 i
1415 1191 233 35 sistnämnda
1674 1190 84 49 kap.
1788 1190 153 46 förmår,
1970 1196 56 30 att
2054 1203 60 23 om

511 1243 86 43 hon,
627 1242 134 35 medan
791 1243 74 34 hon
894 1243 11 34 i
934 1243 79 34 sina
1041 1242 205 35 föräldrars
1275 1242 69 35 hus
1373 1243 115 34 vistas
1518 1242 69 35 och
1617 1242 108 35 deras
1753 1242 96 35 bröd
1879 1248 92 37 äter,
2000 1241 114 48 gifter

513 1294 57 46 sig
598 1299 80 29 mot
712 1292 108 36 deras
848 1293 89 47 vilja
965 1293 70 35 och
1064 1292 65 36 det
1157 1293 85 35 sker
1270 1291 58 36 »af
1352 1291 124 37 förakt
1504 1293 92 34 eller
1624 1292 255 36 sidovördnad
1908 1293 92 35 eller
2029 1292 83 35 med

509 1344 73 35 den
620 1357 79 22 som
741 1345 31 46 ej
816 1343 131 36 hafver
987 1344 93 47 godt
1121 1357 111 22 namn
1266 1344 69 35 och
1369 1344 138 48 rykte»,
1541 1343 234 36 föräldrarne
1805 1343 110 36 hafva
1942 1344 88 35 våld
2058 1349 55 29 att

509 1401 91 42 göra
641 1395 120 35 henne
804 1395 126 44 arflös;
973 1395 68 35 och
1084 1395 108 35 torde
1233 1395 67 35 sist
1335 1394 249 36 omförmälda
1612 1395 206 48 stadgande
1848 1395 145 35 således
2021 1395 93 35 böra

510 1445 157 37 omfatta
690 1446 142 47 jemväl
861 1453 72 37 mö,
963 1459 80 22 som
1071 1446 156 49 myndig
1255 1453 51 28 är.

610 1514 15 35 I
655 1514 168 48 enlighet
851 1514 84 35 med
965 1514 99 35 hvad
1092 1513 154 36 sålunda
1277 1512 125 37 blifvit
1430 1512 164 45 anfördt,
1622 1512 57 36 får
1707 1513 195 36 Utskottet
1921 1513 193 37 vördsamt

509 1565 205 48 tillstyrka:

1016 1627 53 33 1:o
1112 1629 55 30 att
1195 1623 213 48 Riksdagen
1444 1627 117 32 måtte
1595 1623 59 36 för
1695 1624 54 35 sin
1792 1623 59 35 del
1884 1624 149 34 besluta
2067 1637 45 22 en

912 1674 237 49 författning,
1192 1675 193 47 angående
1427 1674 161 49 ändring
1628 1673 39 36 af
1703 1675 129 47 lagens
1865 1674 247 48 stadgande
2089 1669 27 58 i

911 1727 98 35 vissa
1050 1726 103 36 delar
1193 1725 160 36 rörande
1389 1724 361 49 giftomannarätten
1784 1731 96 30 samt
1906 1724 207 37 föräldrars

912 1783 76 30 rätt
1015 1783 56 29 att
1099 1776 134 36 hindra
1266 1776 146 36 dotters
1446 1776 191 48 giftermål
1678 1776 70 35 och
1782 1782 55 30 att
1868 1783 92 41 göra
1992 1776 120 35 henne

911 1828 123 44 arflös,
1063 1831 39 32 så
1130 1828 178 47 lydande:

1011 1887 102 35 »Med
1146 1887 159 48 ändring
1333 1886 40 36 af
1397 1887 97 35 hvad
1523 1887 10 35 i
1563 1887 61 48 lag
1650 1887 118 35 finnes
1797 1886 177 48 stadgadt
2002 1890 111 44 angå-

914 1938 94 36 ende
1036 1938 204 48 giftomans
1267 1938 177 35 inseende
1474 1937 105 36 öfver
1607 1944 60 29 mö
1697 1943 96 30 samt
1817 1950 60 23 om
1896 1937 125 36 faders
2042 1938 70 35 och

913 1989 148 36 moders
1096 1994 76 30 rätt
1200 1994 55 30 att
1282 1989 134 34 hindra
1446 1988 145 36 dotters
1619 1987 191 50 giftermål
1840 1988 70 36 och
1939 1994 56 30 att
2022 1995 90 42 göra

914 2041 120 35 henne
1064 2040 122 43 arflös,
1214 2039 197 36 förordnas
1440 2052 79 22 som
1547 2039 125 49 följer:

1016 2103 16 31 1
1065 2097 27 47 $.
1147 2099 72 43 Mö,
1257 2112 79 22 som
1369 2099 156 47 myndig
1559 2106 50 37 är,
1652 2098 132 36 stånde
1821 2099 32 47 ej
1890 2098 118 35 under
2042 2098 70 48 gif-

912 2156 138 30 toman.

1014 2212 19 33 2
1063 2206 29 49 $.
1147 2208 106 37 Hvad
1283 2210 10 34 i
1323 2211 19 34 2
1371 2209 84 47 kap.
1488 2211 44 33 10
1560 2205 18 49 $
1607 2209 69 35 och
1707 2211 19 34 3
1755 2209 84 47 kap.
1872 2210 43 35 10
1936 2205 17 49 $
1975 2207 137 37 Gifter-

916 2260 230 36 målsbalken
1188 2267 39 27 är
1267 2259 243 36 Tföreskrifvet
1551 2260 193 48 angående
1778 2259 125 36 faders
1936 2259 71 36 och
2035 2272 77 22 mo-
