1916 2836
547 168 291 30 Statsutskottets
862 168 186 31 memorial
1073 168 50 31 Nr
1150 167 50 30 47.
1259 186 8 3 -
1557 167 17 29 3

119 255 101 29 extra
256 254 359 36 reservationsanslag
651 264 44 21 av
721 254 136 36 500,000
883 254 127 30 kronor
1038 254 52 30 att
1115 253 149 30 fördelas
1289 263 44 20 av
1358 252 134 36 Kungl.
1517 252 102 36 Maj:t

119 305 88 31 efter
232 305 175 32 inhämtat
431 306 132 36 förslag
587 306 79 30 från
691 305 332 37 skytteförbundens
1047 304 241 37 överstyrelse,
1315 306 111 29 röstar

838 409 62 35 Ja;

162 494 84 36 Den,
271 495 57 31 det
351 495 32 36 ej
409 495 76 36 vill,
511 497 110 29 röstar

824 563 82 36 Nej;

162 666 135 31 Vinner
320 666 78 36 Nej,
423 667 62 30 har
510 667 186 36 riksdagen
714 668 11 29 i
742 668 112 30 likhet
878 667 77 31 med
979 667 109 31 andra
1113 668 205 31 kammaren
1342 668 155 36 avslagit
1518 668 40 31 de
1574 678 45 20 av

119 718 120 31 herrar
262 718 198 31 Johansson
485 719 11 30 i
519 719 233 36 Friggeråker
776 729 44 21 m.
847 719 45 36 fl.,
916 719 157 37 Trygger
1097 729 45 21 m.
1168 719 45 36 fl.,
1238 719 181 36 Lindgren
1443 729 44 21 m.
1506 720 33 30 fl.
1557 719 63 31 och

119 769 175 32 Lindman
318 780 45 21 m.
389 770 33 31 fl.
459 771 125 31 väckta
620 771 217 31 motionerna
870 781 55 21 om
954 771 123 36 anslag
1102 771 53 31 för
1178 771 206 36 budgetåret
1408 771 211 31 1925—1926

118 822 58 30 till
200 821 56 31 det
281 822 178 36 frivilliga
482 823 302 36 skytteväsendets
807 822 271 37 befrämjande.>

838 944 62 30 2:0.

161 1028 134 36 Kungl.
320 1028 103 37 Maj:t
447 1029 87 31 hade
558 1029 111 31 under
692 1030 114 35 punkt
829 1030 40 31 38
894 1029 183 37 föreslagit
1101 1029 188 36 riksdagen
1306 1030 52 30 att
1375 1030 139 30 minska
1531 1029 88 31 ordi-

117 1080 98 31 narie
253 1081 394 36 reservationsanslaget
685 1082 58 30 till
777 1082 321 36 truppförbandens
1132 1082 185 35 övningar,
1352 1091 60 26 nu,
1448 1082 170 35 1,775,000

117 1132 140 36 kronor,
281 1132 79 32 med
384 1133 138 36 226,000
546 1133 129 31 kronor
698 1134 58 30 till
781 1134 172 36 1,549,000
977 1134 137 31 kronor.

161 1184 17 31 I
213 1184 256 37 sammanhang
504 1185 77 31 med
614 1185 94 31 detta
743 1185 126 32 ärende
904 1185 87 32 hade
1015 1186 171 31 utskottet
1210 1185 57 31 till
1292 1185 214 37 behandling
1531 1186 87 30 före-

117 1235 76 31 haft
227 1237 128 30 tvenne
390 1236 226 37 likalydande
651 1238 180 36 motioner,
867 1238 138 36 väckta,
1040 1237 66 31 den
1140 1247 66 21 ena
1229 1235 56 36 (nr
1309 1235 53 36 33)
1387 1238 95 30 inom
1510 1237 109 31 första

117 1287 204 32 kammaren
354 1298 45 21 av
435 1288 79 31 herr
545 1289 39 31 E.
610 1289 153 37 Trygger
786 1300 45 20 m.
856 1290 39 35 fl.
920 1290 64 31 och
1007 1289 65 32 den
1096 1289 112 31 andra
1231 1286 56 37 (nr
1312 1286 53 36 28)
1390 1290 95 30 inom
1508 1288 111 32 andra

117 1339 204 32 kammaren
356 1350 44 21 av
435 1340 80 31 herr
549 1340 43 32 Å.
616 1341 175 32 Lindman
826 1351 44 21 m.
894 1341 60 36 fl.;
978 1341 12 31 i
1013 1341 100 31 vilka
1136 1341 173 31 motioner
1333 1340 208 37 hemställts,
1566 1341 52 30 att

118 1391 189 37 riksdagen
341 1392 109 31 måtte
484 1392 133 36 bevilja
651 1393 48 31 ett
733 1393 124 36 anslag
881 1403 45 20 av
952 1393 115 36 50,000
1091 1393 129 31 kronor
1243 1393 59 30 till
1326 1392 223 32 anordnande
1573 1402 45 20 av

117 1443 177 37 frivilliga
328 1444 175 37 övningar
537 1444 77 31 med
649 1444 257 32 landsstormen
941 1444 110 32 under
1085 1444 207 37 budgetåret
1317 1444 223 36 1925—1926,
1565 1445 53 30 att

117 1496 86 36 utgå
226 1496 12 30 i
262 1496 158 36 enlighet
444 1496 78 31 med
545 1496 40 31 de
610 1496 269 37 bestämmelser,
904 1507 74 21 som
1001 1507 45 20 av
1071 1496 135 36 Kungl.
1231 1496 102 37 Maj:t
1358 1496 211 32 utfärdades.

158 1600 180 32 Utskottet
372 1600 88 32 hade
494 1600 110 32 under
635 1601 114 36 punkt
782 1598 86 37 31:0o)
892 1611 45 21 av
960 1601 63 31 sitt
1047 1600 247 32 ovannämnda
1317 1600 184 32 utlåtande
1525 1601 92 31 hem-

115 1652 110 37 ställt,
254 1653 52 31 att
334 1652 187 37 riksdagen
545 1653 12 31 i
580 1653 193 36 anledning
797 1663 45 21 av
866 1653 135 36 Kungl.
1025 1653 120 36 Maj:ts
1169 1653 134 36 förslag
1327 1653 63 31 och
1413 1653 77 31 med
1514 1653 103 31 bifall

115 1704 58 31 till
208 1704 240 32 ovanberörda
481 1714 45 21 av
560 1705 121 30 herrar
715 1705 158 37 Trygger
908 1715 45 21 m.
978 1705 34 31 fl.
1047 1705 63 31 och
1145 1704 176 32 Lindman
1353 1715 45 21 m.
1424 1705 33 31 fl.
1491 1705 127 31 väckta

116 1756 170 32 motioner
309 1754 40 36 (I:
364 1756 39 31 33
428 1756 64 32 och
514 1756 46 32 IT:
574 1754 54 36 28)
651 1758 107 30 måtte
783 1757 140 31 minska
947 1757 177 31 ordinarie
1148 1757 395 36 reservationsanslaget
1560 1756 57 31 till

116 1808 319 36 truppförbandens
470 1809 183 36 övningar,
689 1819 59 26 nu,
784 1810 172 35 1,775,000
980 1809 139 36 kronor,
1144 1809 78 31 med
1247 1809 139 36 176,000
1410 1809 127 31 kronor
1560 1809 57 30 till

116 1861 171 36 1,599,000
311 1861 139 31 kronor.

158 1912 18 31 I
210 1922 42 21 en
285 1912 61 32 vid
374 1912 199 32 utlåtandet
596 1913 104 37 fogad
724 1913 218 31 reservation
965 1913 88 31 hade
1076 1913 80 31 herr
1179 1913 43 31 ÅA.
1247 1913 37 32 C.
1310 1912 174 32 Lindblad
1507 1923 45 21 m.
1576 1913 40 36 fl.

116 1965 189 36 hemställt,
340 1965 52 31 att
427 1964 189 37 riksdagen
650 1966 108 30 måtte
785 1966 77 31 med
887 1965 103 31 bifall
1014 1965 57 31 till
1095 1965 136 36 Kungl.
1256 1965 120 36 Maj:ts
1400 1965 131 36 förslag
1554 1965 64 31 och

116 2016 78 32 med
217 2017 123 36 avslag
364 2018 20 29 å
408 2017 40 31 de
472 2026 44 22 av
540 2017 80 31 herr
642 2017 159 37 Trygger
824 2028 46 20 m.
895 2017 34 31 fl.
954 2014 40 36 (I:
1008 2015 54 36 33)
1086 2017 63 32 och
1169 2027 44 21 av
1230 2017 81 31 herr
1326 2017 176 31 Lindman
1519 2027 45 22 m.
1582 2017 34 31 fl.

117 2066 58 37 (II:
189 2066 53 37 28)
266 2069 127 31 väckta
417 2069 219 31 motionerna
659 2069 140 31 minska
820 2069 177 32 ordinarie
1014 2069 394 37 reservationsanslaget
1424 2069 58 31 till
1499 2070 119 35 trupp-

116 2121 210 31 förbandens
349 2121 186 36 övningar,
560 2131 48 21 nu
632 2122 171 36 1,775,000
820 2122 140 36 kronor,
977 2121 78 32 med
1072 2122 137 35 226,000
1226 2122 129 30 kronor
1372 2121 58 31 till
1447 2121 170 36 1,549,000

116 2174 138 31 kronor.

159 2278 121 31 Första
315 2278 205 31 kammaren
554 2278 63 31 har
652 2278 133 31 bifallit
818 2277 68 32 vad
919 2277 169 32 utskottet
1112 2277 192 37 hemställt,
1329 2278 156 31 varemot
1507 2277 111 32 andra

115 2330 205 32 kammaren
343 2330 135 32 bifallit
502 2330 65 31 den
590 2330 62 32 vid
674 2330 159 36 punkten
856 2330 124 35 fogade
1004 2330 270 31 reservationen.

159 2434 68 31 För
250 2434 114 32 denna
386 2435 120 36 frågas
529 2435 200 37 avgörande
753 2434 146 31 medelst
923 2443 199 28 gemensam
1139 2434 220 37 omröstning
1376 2434 55 31 får
1447 2435 171 31 utskottet

117 2486 127 33 föreslå
267 2487 155 38 följande
447 2487 415 38 voteringsproposition:
