2189 2661
365 199 122 34 Första
510 202 220 34 Kammarens
754 204 184 43 Tillfälliga
968 207 151 33 Utskotts
1141 207 78 40 (N:o
1242 211 33 38 1)
1305 210 175 35 Utlåtande
1502 214 62 31 N:o
1587 217 48 29 14.
1751 221 17 27 9

324 285 72 36 För
439 285 88 38 våra
573 288 398 51 hushållningssällskap
1016 298 40 32 är
1097 294 104 37 också
1241 297 165 37 intresset
1442 300 54 35 för
1530 301 278 44 Jordbrukarnes

188 337 476 44 kooperationsverksamhet
697 343 192 44 ingalunda
916 345 230 45 främmande,
1175 350 85 33 utan
1289 360 79 24 man
1397 351 66 35 har
1489 352 91 35 inom
1604 352 127 47 många
1758 354 50 37 så-

189 389 92 34 dana
321 389 155 45 sällskap
516 392 156 45 vidtagit
707 391 167 48 åtgärder
905 396 54 35 för
992 398 77 35 dess
1096 398 206 46 främjande,
1332 401 104 35 bland
1464 406 110 32 annat
1600 415 124 33 genom
1751 417 57 25 an-

189 440 176 34 ordnande
406 441 40 34 af
483 443 214 36 studieresor
741 446 54 33 till
836 445 196 39 Danmark,
1073 450 109 33 redan
1218 450 108 35 innan
1360 455 216 43 statsanslag
1603 455 54 35 för
1684 454 124 38 sådant

188 488 162 37 ändamål
391 492 140 45 erhölls,
572 504 124 34 genom
734 498 219 35 utsändande
988 499 38 35 af
1056 500 229 44 stipendiater
1313 502 54 35 för
1394 505 211 35 studerande
1629 507 38 34 af
1692 506 114 47 någon

188 542 150 34 särskild
366 553 87 33 gren
482 544 40 34 af
546 544 192 46 förenings-
766 548 85 35 eller
878 550 231 35 andelsväsen
1138 562 29 24 o.
1196 562 26 25 s.
1252 563 32 24 v.

322 592 163 47 Ledning
534 597 64 33 och
643 598 76 34 stöd
764 599 55 34 för
859 600 280 44 jordbrukarnes
1183 603 476 44 kooperationsverksamhet
1703 620 103 26 anser

187 644 175 34 utskottet
405 643 105 37 alltså
550 647 12 34 i
604 647 147 36 främsta
791 653 150 33 rummet
979 653 83 34 böra
1103 654 104 34 sökas
1247 655 61 34 hos
1349 655 454 51 hushållningssällskapen.

186 693 190 36 Huruvida
413 696 169 45 derjemte
621 699 59 35 det
720 700 71 35 kan
831 702 109 35 blifva
974 704 132 44 nödigt,
1135 707 65 41 att,
1229 703 112 38 såsom
1369 709 215 35 motionären
1609 713 127 45 tänkt”
1740 713 64 45 sig,

187 748 116 32 staten
344 747 134 35 lemnar
518 749 200 36 densamma
745 750 109 47 något
881 755 176 34 materielt
1085 756 198 44 understöd,
1314 758 115 35 derom
1457 761 71 33 kan
1556 762 175 36 utskottet
1758 775 47 24 nu

185 796 79 35 icke
303 799 98 41 yttra
443 799 64 43 sig,
549 803 40 41 ty
628 801 59 35 det
713 813 104 32 synes
844 805 175 35 utskottet
1042 806 142 35 alldeles
1211 808 107 44 klart,
1348 813 55 31 att
1430 811 58 34 det
1515 812 187 45 härvidlag
1724 815 78 34 icke

186 847 63 34 bör
290 858 88 24 vara
419 852 127 41 staten,
588 862 71 24 som
700 852 147 37 föreslår
886 856 281 44 organisationer
1200 858 62 35 och
1292 859 164 46 erbjuder
1482 863 111 34 medel
1621 864 52 35 till
1702 866 102 35 deras

187 899 282 43 genomförande,
509 904 87 32 utan
620 906 55 32 att
710 904 65 35 den
808 906 157 35 enskilda
1000 908 319 44 företagsamheten
1347 910 108 36 måste
1483 916 84 41 taga
1596 914 204 46 initiativet,

188 950 63 34 och
278 950 90 34 först
394 951 106 35 sedan
528 953 59 34 det
614 954 93 35 visat
735 956 64 44 sig,
829 960 53 32 att
910 958 41 34 de
980 959 173 35 enskildes
1181 960 138 36 krafter
1337 962 77 35 icke
1429 965 109 33 räcka
1555 965 55 34 för
1625 967 176 35 vinnande

186 1000 39 34 af
250 1003 51 32 ett
328 1001 88 35 visst
442 1003 175 36 bestämdt
643 1003 80 46 mål,
752 1007 70 34 kan
850 1008 58 34 det
936 1009 109 35 blifva
1073 1008 102 46 fråga
1204 1021 51 25 om
1285 1014 54 33 att
1358 1024 35 24 se
1408 1014 65 40 till,
1494 1015 174 36 huruvida
1684 1022 116 31 staten

185 1052 63 33 bör
275 1053 103 33 träda
406 1054 157 35 emellan.

318 1102 85 35 Med
444 1104 112 35 denna
585 1107 227 46 uppfattning
839 1110 39 34 af
903 1108 126 47 frågan
1055 1112 65 34 har
1148 1113 175 35 utskottet
1351 1115 77 35 icke
1456 1116 137 36 kunnat
1619 1114 180 55 tillstyrka

185 1155 52 32 ett
277 1153 143 45 förslag,
462 1166 71 24 som
562 1157 104 43 afser,
695 1161 54 31 att
776 1163 117 32 staten
920 1162 112 35 skulle
1061 1165 85 42 taga
1175 1164 78 34 hela
1282 1164 114 36 denna
1420 1167 379 44 kooperationsrörelse

186 1214 52 23 om
267 1204 93 34 hand
387 1206 65 34 och
479 1208 104 33 ställa
611 1208 10 34 i
650 1209 109 45 utsigt
788 1212 188 35 understöd
1004 1213 39 35 af
1067 1215 202 34 statsmedel
1296 1216 54 34 till
1378 1218 77 34 dess
1482 1219 207 45 främjande.

319 1254 66 36 Om
427 1258 174 35 utskottet
641 1258 145 38 sålunda
829 1262 30 45 ej
900 1263 71 35 kan
1005 1264 139 35 förorda
1174 1267 235 35 anställandet
1436 1268 40 35 af
1500 1280 42 24 en
1569 1272 191 44 utredning
1787 1274 10 33 i

184 1305 65 34 den
277 1307 224 45 omfattning,
530 1310 215 36 motionären
774 1312 193 46 föreslagit,
997 1315 66 34 har
1087 1316 59 35 det
1174 1317 89 34 dock
1290 1322 99 39 synts
1416 1320 185 45 utskottet,
1631 1325 54 32 att
1712 1323 11 34 i
1747 1327 52 31 ett

183 1356 87 34 visst
311 1357 163 36 afseende
515 1370 42 24 en
594 1362 189 45 utredning
815 1364 84 35 eller
927 1366 261 45 undersökning
1215 1369 105 34 borde
1348 1380 121 34 genom
1499 1375 135 32 statens
1661 1374 137 45 försorg

184 1407 144 45 bringas
355 1409 54 34 till
437 1408 113 37 stånd.

317 1458 149 36 Ideerna
495 1462 54 34 till
577 1463 63 34 och
668 1467 177 33 mönstren
873 1466 54 35 för
955 1468 41 33 de
1025 1468 92 35 olika
1146 1469 175 36 formerna
1350 1471 38 34 af
1412 1473 228 44 kooperation
1667 1476 128 35 mellan

179 1507 236 45 jordbrukare
443 1512 108 36 hafva
576 1514 41 44 ju
644 1515 11 33 i
676 1515 191 37 allmänhet
887 1518 152 36 hemtats
1053 1518 79 36 från
1147 1521 171 44 utlandet,
1335 1524 167 35 särskildt
1517 1523 78 37 från
1610 1525 186 37 Danmark

183 1559 63 34 och
275 1559 191 45 Tyskland.
522 1563 100 36 Utan
649 1566 127 35 tvifvel
803 1568 112 35 skulle
944 1570 59 34 det
1030 1569 43 36 då
1100 1571 55 35 för
1183 1582 41 24 en
1252 1572 100 44 hvar,
1374 1575 134 35 enskild
1529 1577 84 34 eller
1631 1578 164 44 korpora-

182 1610 85 43 tion,
309 1622 71 24 som
423 1614 143 35 arbetar
606 1616 54 35 för
700 1617 99 35 dessa
831 1619 113 35 ideers
971 1621 237 36 realiserande
1236 1623 65 34 här
1327 1624 12 34 i
1367 1625 130 44 landet,
1526 1637 87 25 vara
1641 1629 54 34 till
1722 1632 74 32 stor

181 1660 111 35 fördel
320 1663 63 34 och
411 1664 107 44 hjelp,
548 1677 53 23 om
628 1665 150 48 tillgång
805 1669 125 36 funnes
957 1672 54 34 till
1034 1682 42 24 en
1104 1670 44 46 på
1175 1671 81 37 vårt
1284 1672 105 46 språk
1409 1676 163 45 affattad,
1591 1679 204 45 tillförlitlig

182 1712 64 33 och
280 1710 219 47 någorlunda
532 1716 207 47 fullständig
765 1721 221 44 redogörelse
1014 1722 54 36 för
1095 1724 93 35 hvad
1212 1735 69 24 som
1310 1726 12 34 i
1349 1726 97 36 detta
1475 1728 162 36 afseende
1664 1731 130 35 utförts

182 1763 63 33 och
272 1764 161 42 pröfvats
460 1766 10 34 i
499 1768 110 34 andra
635 1769 132 35 länder.

316 1813 151 45 Spridda
495 1819 253 45 upplysningar
775 1821 11 34 i
813 1825 118 32 ämnet
947 1821 55 37 stå
1020 1825 205 45 visserligen
1241 1830 54 31 att
1311 1828 116 34 hemta
1442 1829 12 34 i
1469 1829 321 47 facklitteraturen,

179 1862 13 34 i
218 1863 410 41 landtbrukstidskrifter
655 1881 29 23 o.
715 1882 24 23 s.
770 1882 46 33 v.,
846 1873 197 46 hvarjemte
1071 1886 124 34 genom
1223 1878 41 34 de
1284 1879 226 36 omförmälda
1532 1882 259 37 studieresorna

180 1913 161 37 tillfällen
384 1918 139 35 beredts
552 1930 42 24 en
622 1922 55 34 del
703 1923 181 35 landtmän
912 1928 54 32 att
994 1926 250 37 företrädesvis
1281 1929 1 34 i
1309 1928 186 38 Danmark
1522 1933 154 35 inhemta
1705 1935 84 34 kun-

181 1965 86 44 skap
308 1978 54 23 om
403 1969 98 35 detta
534 1971 76 44 slag
637 1972 39 34 af
700 1973 298 47 föreningsväsen,
1027 1988 78 24 men
1132 1979 182 45 möjlighet
1342 1984 53 31 att
1422 1993 123 33 genom
1573 1984 151 35 studium
1754 1986 39 34 af

179 2014 108 45 något
318 2019 121 35 arbete
466 2018 44 45 på
538 2023 152 34 svenska
717 2022 144 45 språket
887 2027 106 35 vinna
1021 2032 161 32 närmare
1209 2030 195 36 kännedom
1433 2044 50 23 om
1512 2034 276 44 jordbrukarnes

179 2066 377 44 kooperationsrörelse
596 2073 12 33 i
647 2075 160 35 utlandet
847 2077 121 44 finnes,
1009 2077 115 38 såvidt
1152 2082 174 35 utskottet
1353 2083 64 35 har
1444 2085 53 43 sig
1526 2086 140 41 bekant,
1695 2087 88 35 icke.

314 2119 15 34 I
363 2119 121 47 Norge
512 2123 75 44 har,
617 2122 111 38 såsom
756 2127 40 34 af
820 2128 81 34 herr
927 2128 208 47 Lindhagen
1162 2130 180 46 påpekats,
1370 2135 142 44 nyligen
1540 2134 44 46 på
1612 2137 174 46 offentligt

178 2169 161 44 uppdrag
366 2173 192 35 verkstälts
586 2186 42 23 en
656 2177 261 46 undersökning
943 2180 39 34 af
1011 2182 79 34 »det
1118 2184 203 43 europeiske
1349 2184 342 39 Landbosamvirke»
1722 2190 64 34 och

179 2219 118 36 derom
325 2222 162 44 utgifvits
515 2236 42 24 en
584 2227 147 45 utförlig
758 2229 197 36 berättelse.

313 2272 70 35 Att
423 2275 127 36 bereda
591 2275 87 37 våra
713 2278 396 49 hushållningssällskap
1137 2285 64 34 och
1226 2285 233 44 jordbrukare
1487 2287 149 47 tillgång
1663 2291 53 34 till
1744 2293 41 33 de

264 2330 76 32 Bih.
367 2331 53 32 till
442 2332 114 33 Riksd.
582 2334 87 33 Prot.
694 2338 91 31 1902.
829 2340 21 29 8
872 2338 100 33 Saml.
1016 2343 23 29 2
1059 2341 77 39 Afd.
1183 2346 16 27 1
1224 2343 107 32 Kand.
1376 2347 19 29 9
1418 2341 96 49 Häft.
1726 2354 16 25 2
