1870 2790
243 168 19 30 4
561 166 119 30 Andra
702 165 245 40 lagutskottets
969 162 179 31 utlatande
1165 172 45 21 nr
1229 163 19 29 4
1268 171 39 20 ar
1328 161 85 30 1953

266 249 46 30 På
338 248 113 39 grund
478 257 42 21 av
542 247 67 31 vad
634 246 150 35 sålunda
808 245 137 35 anförts
970 244 56 30 får
1051 243 171 30 utskottet
1246 241 196 34 hemställa,

599 301 50 29 att
681 297 228 32 förevarande
940 296 184 33 motioner,
1156 295 29 30 I:
1203 294 41 33 18
1274 294 65 31 och
1370 294 47 30 II:
1433 293 53 34 24,
1517 292 76 31 icke
1623 291 110 31 måtte

555 352 184 30 föranleda
764 351 113 39 någon
900 349 208 39 riksdagens
1133 347 133 40 åtgärd.

289 460 202 31 Stockholm
516 459 67 31 den
606 459 39 29 15
671 457 155 31 februari
854 456 80 30 1955

680 564 49 30 Pa
750 563 110 30 andra
881 561 247 41 lagutskottets
1150 561 145 38 vägnar:

785 633 136 30 EDVIN
946 630 249 33 JACOBSSON

293 1019 63 29 Vid
379 1018 97 30 detta
498 1016 145 31 ärendes
669 1014 210 39 behandling
901 1013 64 30 har
989 1012 153 30 närvaril

292 1081 80 29 från
417 1080 167 29 första
627 1079 223 29 kammaren:
886 1076 122 30 herrar
1041 1075 74 29 Nils
1149 1074 212 32 Elowsson+:,
1397 1073 150 31 Sunner,
1582 1071 83 29 Axel
1700 1071 37 28 E.

248 1126 184 32 Svensson,
453 1125 58 28 fru
531 1124 165 31 Svenson,
713 1122 58 29 fru
791 1121 181 39 Carlqvist,
992 1120 121 29 herrar
1132 1119 224 37 Magnusson,
1379 1116 134 30 Anders
1533 1116 38 28 E.
1591 1115 149 29 Johans-

248 1179 61 19 son
333 1169 65 29 och
423 1168 202 33 Grönkvist;

293 1231 79 30 från
440 1230 122 30 andra
593 1229 222 30 kammaren:
839 1228 80 29 herr
941 1227 193 29 Jacobsson
1156 1226 9 28 i
1187 1225 105 33 Tobo,
1315 1224 58 29 fru
1397 1223 238 32 Sandström+,
1658 1222 81 28 herr

249 1275 162 30 Carlsson
433 1275 10 29 i
469 1274 169 33 Bakeröd,
662 1273 127 30 fröken
812 1272 116 39 Höjer,
953 1271 122 29 herrar
1099 1269 108 33 Odhe,
1229 1269 194 36 Bengtsson
1447 1268 11 28 i
1481 1267 164 37 Varberg,
1669 1266 71 28 frö-

247 1321 68 28 ken
341 1319 139 30 Sandell
505 1319 64 29 och
593 1318 81 29 herr
698 1317 241 29 Fredriksson.

284 1403 12 13 >
318 1403 33 29 Ej
372 1402 178 23 närvarande
570 1400 47 24 vid
636 1399 177 24 utlåtandets
833 1398 145 30 justering.

822 2461 54 13 IDUNS
885 2461 96 14 TRYCKERI,
991 2460 84 14 ESSELTE,
1086 2460 59 13 STHLM
1154 2460 20 12 55

959 2493 78 15 503228
