1872 2792
453 166 387 29 Jordbruksutskottets
857 166 180 30 utlåtande
1053 176 42 20 nr
1113 168 15 28 1
1146 167 38 29 år
1202 168 83 29 1955
1581 168 39 30 83

115 249 110 31 lunda
261 250 116 39 uppgå
412 249 52 31 till
506 250 57 34 (15
578 250 62 30 000
656 250 62 30 000
748 251 36 36 +
816 250 94 31 1000
926 250 63 30 000
1014 252 56 34 =)
1115 251 37 29 16
1166 251 59 30 000
1238 251 59 30 000
1333 251 141 35 kronor,
1513 262 105 20 varav

115 292 20 29 4
150 292 62 30 000
225 292 61 30 000
309 292 130 29 kronor
465 292 117 30 täckes
606 302 42 21 av
671 293 66 29 den
761 293 55 29 för
838 293 206 39 budgetåret
1069 292 149 37 1954/55
1242 294 200 30 fastställda
1467 295 151 39 garanti-

115 344 132 20 ramen.
264 335 66 29 För
350 335 268 39 tillgodoseende
635 344 42 21 av
694 335 149 30 väntade
863 335 155 40 anspråk
1036 335 113 30 skulle
1166 345 121 21 ramen
1304 337 56 30 för
1378 336 240 40 kreditgaran-

116 379 25 29 ti
165 378 111 29 under
297 377 206 39 budgetåret
526 377 149 35 1955/56
698 377 147 30 sålunda
868 377 134 31 behöva
1025 378 194 31 fastställas
1243 379 52 29 till
1321 379 39 30 12
1375 379 63 30 000
1453 380 62 29 000
1540 380 79 29 kro-

116 428 74 21 nor.
215 419 52 30 Då
290 420 57 29 det
371 419 107 39 enligt
502 420 169 38 styrelsen
698 428 101 30 synes
824 420 11 29 i
859 420 69 39 hög
955 420 85 40 grad
1065 421 189 39 angeläget,
1281 422 51 30 att
1358 421 169 39 lagrings-
1552 422 64 30 och

116 461 456 40 torkningsmöjligheterna
596 462 54 30 för
676 462 127 30 främst
829 463 186 39 spannmål
1041 463 64 30 och
1131 463 208 39 oljeväxtfrö
1364 465 159 29 avsevärt
1549 464 70 30 för-

113 504 144 34 bättras,
280 504 64 29 och
366 504 57 30 det
444 504 120 30 därför
585 505 38 29 är
644 504 193 34 motiverat,
860 506 50 28 att
931 505 385 39 kreditmöjligheterna
1341 507 55 29 för
1417 506 200 40 utbyggnad

114 556 42 20 av
181 547 67 29 den
273 546 203 30 nuvarande
501 546 384 40 lagerhuskapaciteten
910 547 229 34 underlättas,
1167 556 101 31 synes
1296 557 121 21 ramen
1445 549 54 29 för
1525 549 93 30 låne-

118 588 136 39 garanti
278 588 83 30 böra
386 589 186 39 väsentligt
597 589 126 31 utökas
750 589 54 30 för
829 590 102 30 nästa
957 589 180 39 budgetår.
1164 590 175 39 Styrelsen
1366 590 58 30 vill
1453 591 89 29 dock
1567 591 52 29 in-

118 631 155 29 skränka
293 630 50 39 sig
364 631 52 29 till
436 632 50 28 att
506 631 138 34 föreslå,
665 632 50 29 att
734 640 122 21 ramen
877 631 55 31 för
954 632 205 38 budgetåret
1183 632 148 36 1955/56
1352 632 192 31 fastställes
1567 633 52 30 till

118 673 39 29 10
172 673 63 29 000
250 672 62 30 000
335 673 141 29 kronor.

159 748 393 40 Departementschefen
571 748 64 30 har
654 748 117 30 anfört
790 749 169 39 följande.

162 799 411 39 »Lantbruksstyrelsens
596 799 131 40 förslag
750 800 10 28 i
783 799 99 39 fråga
905 809 58 20 om
986 799 316 39 kreditgarantiens
1327 801 213 39 omfattning
1562 801 55 29 för

113 851 102 29 nästa
235 850 168 39 budgetår
423 859 102 20 anser
544 850 60 40 jag
623 851 121 29 kunna
766 851 165 39 godtagas
953 852 97 29 utom
1073 851 104 30 såvitt
1198 852 105 38 gäller
1323 852 296 39 jordbruksegna-

116 900 113 29 hems-
251 900 64 29 och
337 900 278 38 lagerhuslånen.
639 900 115 39 Enligt
776 900 74 30 min
871 901 143 39 mening
1035 900 64 30 bör
1118 900 131 40 jämväl
1273 901 221 31 beträffande
1518 902 99 30 dessa

116 950 89 30 bäda
236 950 209 30 låneformer
472 951 41 29 de
539 951 54 30 för
619 951 235 29 innevarande
880 951 171 39 budgetår
1077 951 198 30 fastställda
1302 952 316 41 maximibeloppen

116 1001 190 29 bibehällas
331 1001 232 29 oförändrade
587 1001 110 30 under
722 1002 100 29 nästa
844 1001 180 40 budgetår.
1050 1002 13 29 I
1086 1001 110 30 likhet
1220 1002 77 30 med
1321 1003 66 29 vad
1413 1012 74 21 som
1512 1003 106 40 gäller

117 1052 53 28 för
194 1051 236 30 innevarande
453 1051 168 39 budgetår
644 1051 61 31 bör
729 1052 123 39 Kungl.
876 1052 107 39 Maj:t
1007 1053 62 39 äga
1092 1052 208 40 befogenhet
1323 1055 61 32 att,
1409 1063 55 20 om
1489 1054 129 30 förhål-

117 1102 150 29 landena
286 1109 57 32 ger
362 1102 187 40 anledning
568 1102 126 36 därtill,
715 1102 120 40 medge
853 1102 188 40 jämkning
1061 1103 11 30 i
1092 1103 241 40 fördelningen
1355 1113 41 21 av
1416 1104 202 30 maximibe-

117 1152 125 39 loppen
270 1152 221 31 beträffande
519 1152 58 30 lån
605 1153 55 30 för
686 1154 91 38 yttre
806 1153 63 30 och
899 1153 75 30 inre
1003 1153 290 41 rationalisering,
1321 1154 298 40 jordbruksegna-

116 1203 159 29 hemslån
297 1203 90 29 samt
408 1202 174 30 driftslån.

160 1254 13 29 I
199 1254 94 29 detta
320 1254 257 40 sammanhang
600 1255 97 31 torde
722 1255 59 40 jag
807 1255 38 31 få
870 1256 151 41 anmäla,
1049 1257 49 28 att
1122 1256 62 40 jag
1209 1256 57 30 vid
1292 1257 258 39 behandlingen
1578 1267 43 21 av

115 1304 165 40 anslagen
308 1304 20 30 å
355 1304 309 41 kapitalbudgeten
691 1306 123 29 ämnar
842 1305 140 35 föreslå,
1011 1307 50 29 att
1088 1306 66 30 den
1184 1308 201 29 nuvarande
1415 1308 204 39 utlåningen

115 1354 81 30 från
218 1355 434 39 bevattningslånefonden
675 1356 89 30 skall
787 1356 149 30 ersättas
959 1365 43 22 av
1024 1358 49 28 ett
1095 1358 129 38 system
1249 1358 79 29 med
1352 1358 117 39 statlig
1491 1358 131 29 kredit-

116 1405 136 39 garanti
277 1406 111 29 under
413 1406 66 29 den
506 1406 74 31 inre
604 1406 337 40 rationaliseringen.
971 1407 129 30 Härför
1125 1407 97 30 torde
1249 1408 192 30 emellertid
1467 1408 76 31 icke
1570 1417 51 21 er-

115 1456 138 30 fordras
273 1456 113 39 någon
405 1455 132 40 ökning
557 1466 41 20 av
617 1456 298 40 garantibeloppet
935 1456 55 31 för
1009 1457 75 29 inre
1102 1457 293 40 rationalisering.
1417 1458 202 31 Eventuella

115 1506 166 30 förluster
297 1507 11 29 i
325 1506 189 39 anledning
531 1515 41 21 av
589 1506 180 39 garantien
787 1507 97 30 torde
902 1507 84 29 böra
1006 1507 119 30 täckas
1144 1507 78 30 från
1241 1507 228 32 förevarande
1488 1509 130 39 anslag.

159 1557 74 29 Vad
258 1556 154 30 härefter
439 1556 107 39 angår
572 1557 266 39 anslagsfrågan
864 1557 64 29 har
956 1557 487 39 lånegarantiverksamheten
1470 1568 47 20 nu
1544 1559 76 30 nått

115 1617 43 19 en
176 1608 109 29 sådan
303 1607 223 40 omfattning,
545 1609 50 28 att
613 1616 42 21 en
673 1607 132 40 ökning
824 1616 41 22 av
883 1608 157 39 anslaget
1059 1617 102 30 synes
1180 1608 202 31 motiverad.
1401 1609 102 30 Detta
1523 1610 96 29 torde

115 1658 120 29 därför
263 1657 11 29 i
302 1657 152 40 enlighet
482 1658 77 30 med
588 1657 378 41 lantbruksstyrelsens
994 1658 132 40 förslag
1153 1658 84 31 böra
1267 1659 169 40 uppföras
1463 1661 79 29 med
1571 1661 48 29 ett

115 1708 53 29 till
191 1708 61 30 100
267 1708 62 29 000
350 1708 131 30 kronor
503 1708 76 39 höjt
600 1708 124 40 belopp
746 1708 54 30 för
822 1709 101 29 nästa
945 1708 179 40 budgetår.

159 1758 66 40 Jag
244 1759 96 30 torde
361 1758 163 40 slutligen
544 1759 37 30 få
601 1759 52 29 till
673 1758 212 40 behandling
905 1760 154 39 upptaga
1080 1769 41 20 en
1143 1759 97 40 fråga
1262 1769 55 20 om
1339 1761 126 30 räntan
1486 1761 20 30 å
1526 1760 94 31 vissa

115 1808 59 30 lån
205 1808 80 30 från
317 1808 66 30 den
417 1808 249 30 förutvarande
699 1808 403 39 egnahemslånefonden
1132 1818 105 20 m.m.
1272 1809 85 30 1954
1388 1810 56 29 års
1476 1810 143 39 riksdag

121 1859 61 33 (IX
201 1860 38 28 ht
261 1858 93 35 1954,
373 1869 32 30 p.
429 1859 61 29 134
510 1868 25 21 s.
555 1860 79 33 259)
659 1860 146 38 medgav
824 1859 73 32 dels
917 1861 51 28 att
989 1860 66 29 den
1075 1860 109 39 årliga
1203 1861 126 29 räntan
1350 1862 20 29 å
1387 1861 68 30 den
1477 1862 142 30 stående

115 1910 101 30 delen
238 1919 41 20 av
302 1910 57 29 lån
384 1910 79 30 från
487 1910 411 38 egnahemslånefonden,
924 1919 73 20 som
1023 1910 162 39 beviljats
1208 1911 87 29 efter
1319 1911 172 39 ingången
1516 1921 42 21 av
1582 1912 38 30 år

118 1960 83 29 1920
223 1969 80 20 men
326 1960 73 30 före
422 1961 66 28 den
513 1960 14 29 1
550 1960 66 39 juli
642 1959 82 30 1940
747 1960 63 29 och
835 1960 53 30 för
912 1959 92 31 vilka
1028 1960 432 40 amorteringsskyldighet
1485 1961 133 35 inträtt,

116 2009 95 40 finge
231 2010 55 29 för
307 2009 37 30 år
368 2009 81 30 1955
473 2009 179 30 nedsättas
674 2009 52 30 till
748 2009 50 34 3,6
820 2011 154 38 procent,
998 2009 73 30 dels
1094 2010 64 29 ock
1180 2012 50 28 att
1249 2010 10 29 i
1282 2011 169 29 avseende
1472 2011 19 30 å
1514 2011 104 40 köpe-

117 2061 141 38 skilling
283 2061 53 29 för
362 2061 110 30 sådan
497 2061 354 39 jordbrukslägenhet
876 2061 82 29 eller
984 2061 159 39 byggnad
1172 2061 19 30 å
1216 2061 236 40 åbolägenhet,
1481 2072 73 21 som
1582 2064 37 30 år

119 2111 82 29 1920
225 2111 81 29 eller
331 2120 121 21 senare
477 2111 38 29 år
539 2111 141 29 försålts
705 2111 79 29 från
810 2111 293 39 kronoegendom,
1128 2113 126 28 räntan
1280 2112 103 38 finge,
1410 2113 9 28 i
1445 2113 66 30 den
1537 2114 81 29 mån

115 2161 278 39 köpeskillingen
419 2161 220 30 förräntades
664 2161 106 39 enligt
795 2161 185 30 enahanda
1005 2162 161 38 grunder,
1194 2171 72 20 som
1292 2163 83 38 gällt
1400 2163 82 30 eller
1508 2164 111 38 gällde

117 2211 53 29 för
189 2212 66 28 den
275 2212 141 29 stående
435 2211 99 30 delen
553 2221 41 20 av
612 2211 74 30 före
707 2212 65 29 den
794 2211 14 28 1
828 2211 67 39 juli
918 2211 83 29 1940
1021 2211 143 39 beviljat
1184 2212 247 38 egnahemslån
1451 2213 55 30 för
1524 2214 95 38 jord-

118 2261 321 39 brukslägenheter,
467 2262 108 29 under
601 2261 38 29 år
667 2261 81 29 1955
774 2261 81 38 utgå
882 2261 88 29 efter
997 2261 51 33 3,6
1075 2263 153 37 procent.
1255 2262 244 30 Motsvarande
1526 2264 94 29 med-

117 2312 145 39 givande
286 2312 96 28 torde
407 2320 46 19 nu
478 2311 82 30 böra
586 2311 176 29 inhämtas
787 2320 41 20 av
852 2311 188 37 riksdagen
1065 2311 220 31 beträffande
1311 2312 37 29 år
1376 2312 93 30 1956.
1495 2313 124 30 Därest

117 2362 185 38 riksdagen
324 2361 137 29 bifaller
483 2362 93 29 detta
600 2361 139 38 förslag,
762 2360 96 30 torde
880 2361 57 29 det
961 2361 35 29 få
1018 2361 190 30 ankomma
1228 2361 44 39 på
1294 2362 125 38 Kungl.
1442 2363 105 38 Maj:t
1569 2365 50 28 att

117 2412 140 29 utfärda
278 2411 39 29 de
340 2410 502 38 författningsbestämmelser,
866 2419 73 20 som
961 2410 121 30 därvid
1104 2409 64 29 blir
1189 2410 255 39 erforderliga.»
