1862 2786
246 145 60 29 146
574 144 386 30 Jordbruksutskottets
981 144 179 30 utlåtande
1178 154 41 20 nr
1240 146 14 28 1
1275 146 39 28 år
1335 146 83 29 1955

556 228 200 39 främjande
792 237 42 20 av
870 228 257 39 landsbygdens
1164 227 253 41 elektrifiering
1454 228 54 30 för
1543 228 204 40 budgetåret

561 278 147 34 1955/56
733 277 122 30 anvisa
879 280 48 27 ett
952 278 357 40 reservationsanslag
1335 288 42 20 av
1401 278 96 30 4500
1512 279 63 30 000
1600 279 145 34 kronor;

599 328 36 33 2)
665 330 50 28 att
729 328 189 39 riksdagen
936 328 58 30 må
1011 329 79 29 med
1106 328 99 30 bifall
1222 329 53 29 till
1293 329 179 29 motionen
1484 330 46 28 II:
1546 329 74 34 350,
1644 329 103 30 såvitt

558 387 47 20 nu
623 379 37 29 är
678 379 10 28 i
706 378 109 40 fråga,
833 379 10 28 i
861 378 165 30 skrivelse
1046 378 52 30 till
1117 379 124 39 Kungl.
1260 379 106 39 Maj:t
1382 379 151 35 anhålla,
1552 381 51 28 att
1622 380 124 39 Kungl.

557 428 106 39 Maj:t
678 428 79 31 ville
773 428 70 30 låta
859 428 156 40 företaga
1029 429 69 29 den
1113 429 389 40 författningsändring,
1520 439 76 21 som
1613 430 134 30 utskot-

557 480 48 28 tet
626 478 155 30 förordat
801 479 11 29 i
832 479 58 29 det
909 479 204 39 förgående;

597 528 36 34 3)
662 530 50 28 att
732 529 188 39 riksdagen
941 529 67 34 må,
1029 530 80 29 med
1129 529 98 30 bifall
1247 530 11 30 i
1277 530 230 31 förevarande
1526 531 55 30 del
1602 531 53 29 till
1676 541 71 20 mo-

558 579 119 29 tionen
703 580 45 29 II:
765 580 72 34 350,
866 580 11 28 i
906 580 168 30 skrivelse
1102 580 52 30 till
1181 581 126 39 Kungl.
1338 581 106 39 Maj:t
1471 582 197 34 hemställa,
1697 584 50 27 att

558 630 125 39 Kungl.
710 630 105 39 Maj:t
842 630 80 30 ville
946 648 45 4 —
1018 630 45 40 på
1091 631 68 29 sätt
1186 631 171 30 utskottet
1386 632 158 30 förordat
1569 650 45 3 —
1640 632 107 30 fram-

557 680 99 39 lägga
685 680 130 39 förslag
844 681 148 35 rörande
1023 681 153 30 ändrade
1207 682 153 39 grunder
1390 682 54 30 för
1474 682 272 40 kraftlednings-

556 729 211 30 lånefonden
783 730 11 29 i
812 730 100 40 fråga
929 740 59 20 om
1006 731 163 30 säkerhet
1188 732 64 30 och
1272 732 212 30 låneränta.»

293 780 35 32 7)
359 780 64 29 Vid
440 780 160 39 punkten
620 781 118 34 123:o)
765 780 202 34 (Täckande
986 790 43 21 av
1046 781 165 30 förluster
1227 782 45 40 på
1289 783 114 39 grund
1421 793 42 21 av
1482 784 119 39 statlig
1618 784 127 30 kredit-

246 830 154 39 garanti)
427 839 42 21 av
491 830 122 30 herrar
634 830 104 37 Nord,
760 831 174 37 Hansson,
956 832 88 29 Bror
1064 831 150 38 Nilsson,
1239 833 126 39 Antby,
1390 834 148 40 Ekdahl,
1562 835 183 39 Agerberg,

245 880 121 30 Rimås
386 880 64 30 och
469 881 140 29 Nilsson
630 881 10 29 i
660 881 194 34 Lönsboda,
874 882 96 30 vilka
991 884 115 28 ansett

291 931 74 29 dels
388 933 50 28 att
461 931 112 39 tredje
597 931 133 39 stycket
752 941 43 21 av
818 932 188 32 utskottets
1031 933 180 30 utlåtande
1233 933 44 40 på
1303 943 25 20 s.
1354 934 40 30 88
1418 934 78 30 bort
1520 935 45 30 ha
1589 936 157 39 följande

246 980 145 39 lydelse:

291 1031 98 29 >Med
409 1031 188 40 anledning
618 1041 42 21 av
681 1032 64 30 vad
767 1032 148 31 sålunda
935 1033 137 30 anförts
1093 1043 101 21 anser
1216 1035 172 31 utskottet
1409 1035 10 29 i
1440 1036 111 29 likhet
1574 1037 79 29 med
1674 1046 71 20 mo-

244 1080 202 31 tionärerna
465 1082 215 40 nödvändigt
699 1084 50 28 att
768 1092 123 20 ramen
909 1083 54 30 för
983 1083 267 40 ifrågavarande
1271 1086 224 30 verksamhet
1514 1086 86 30 ökas
1622 1087 54 30 för
1696 1090 50 27 att

245 1131 58 29 det
322 1133 94 29 stora
434 1132 146 30 behovet
597 1142 41 21 av
656 1133 118 39 dylika
790 1133 58 30 lån
866 1134 70 29 kan
954 1134 211 39 tillgodoses.
1184 1135 178 32 Utskottet
1380 1136 153 31 biträder
1553 1137 103 30 alltså
1675 1147 71 20 mo-

246 1181 161 30 tionerna
432 1183 28 29 I:
476 1183 40 29 35
544 1182 66 30 och
636 1184 44 29 II:
696 1183 51 34 46,
773 1184 104 30 såvitt
902 1193 47 21 nu
975 1185 38 29 är
1040 1185 11 28 i
1076 1185 108 40 fråga,
1210 1186 65 29 och
1300 1187 194 38 tillstyrker
1520 1188 150 30 sålunda
1695 1190 51 28 att

244 1231 267 40 ifrågavarande
538 1242 76 20 ram
641 1233 54 30 för
720 1235 102 29 nästa
846 1234 169 40 budegtår
1041 1235 89 30 skall
1157 1236 214 31 bestämmas
1398 1237 52 29 till
1476 1239 49 28 ett
1550 1238 126 41 belopp
1703 1248 42 20 av

245 1282 40 29 25
301 1282 63 30 000
379 1283 61 30 000
458 1283 141 30 kronor.
618 1284 73 29 Vad
708 1284 171 30 beträffar
896 1285 173 40 yrkandet
1089 1286 10 29 i
1119 1296 134 20 samma
1271 1287 172 30 motioner
1460 1297 58 21 om
1535 1288 149 41 höjning
1704 1299 41 20 av

244 1332 307 41 maximibeloppet
566 1334 55 29 för
637 1335 235 29 innevarande
888 1335 180 40 budgetår,
1085 1336 57 30 får
1155 1338 172 29 utskottet
1342 1338 116 36 erinra
1475 1348 57 20 om
1550 1341 51 28 att
1617 1340 126 39 Kungl.

245 1382 107 40 Maj:t
375 1391 123 31 genom
522 1384 115 30 beslut
661 1385 67 29 den
754 1385 39 29 18
819 1385 154 30 februari
999 1386 83 30 1955
1108 1388 173 39 medgivit,
1307 1390 51 27 att
1383 1397 42 22 av
1450 1389 57 30 det
1530 1390 55 30 för
1610 1390 59 30 lån
1692 1391 51 29 till

239 1435 92 37 yttre
351 1434 282 39 rationalisering
652 1435 63 29 och
737 1435 75 30 inre
833 1436 282 40 rationalisering
1135 1438 151 30 avsedda
1308 1439 432 40 garantibemyndigandet

244 1484 111 29 under
378 1484 205 39 budgetåret
608 1485 147 36 1954/55
781 1486 95 39 finge
899 1504 43 3 —
963 1487 11 28 i
997 1487 68 29 den
1089 1488 81 29 mån
1194 1488 295 41 bemyndigandet
1513 1491 77 29 icke
1613 1493 95 38 toges
1732 1493 11 28 i

243 1534 156 39 anspråk
418 1534 54 30 för
492 1535 107 39 sagda
620 1535 162 31 ändamål
800 1554 44 3 —
861 1537 101 39 högst
982 1537 19 30 3
1017 1537 62 30 000
1095 1538 61 31 000
1176 1539 130 30 kronor
1327 1540 205 40 disponeras
1552 1541 55 30 för
1627 1542 117 40 statlig

243 1583 253 41 kreditgaranti
522 1586 169 29 avseende
714 1586 443 40 jordbruksegnahemslån
1181 1598 44 20 m.
1250 1599 45 20 m.
1321 1591 151 30 Härmed
1497 1592 98 30 torde
1621 1593 123 29 motio-

244 1635 168 29 närernas
430 1635 181 30 önskemål
629 1636 10 29 i
655 1636 114 30 denna
786 1637 54 29 del
858 1637 47 29 bli
921 1638 11 29 i
948 1637 188 31 huvudsak
1152 1639 243 40 tillgodosett.»

287 1685 73 31 dels
383 1687 50 28 atl
454 1686 109 29 andra
587 1687 134 38 stycket
743 1696 42 21 av
806 1688 187 30 utskottets
1016 1689 178 31 utlåtande
1215 1690 45 40 på
1283 1700 26 21 s.
1332 1691 42 30 89
1395 1692 77 30 bort
1493 1695 149 28 ersättas
1665 1695 76 29 med

243 1736 72 28 text
336 1745 41 20 av
397 1735 157 40 följande
576 1736 143 39 lydelse:

289 1796 15 16 >
311 1786 73 29 Vad
407 1785 153 31 härefter
585 1787 107 39 angår
715 1788 298 41 garantibeloppet
1036 1790 55 29 för
1116 1791 55 29 lån
1195 1791 51 30 till
1271 1792 219 40 uppförande
1514 1804 44 20 av
1580 1795 162 39 lagerhus

242 1835 64 29 har
329 1835 11 29 i
365 1836 219 30 motionerna
609 1838 28 28 1:
653 1838 63 29 369
739 1838 64 29 och
827 1839 45 30 II:
889 1840 62 29 229
975 1842 91 27 samt
1092 1841 44 30 II:
1153 1841 62 30 450
1239 1843 132 38 yrkats,
1396 1845 50 30 att
1469 1844 161 41 beloppet
1653 1846 89 30 skall

242 1885 104 39 höjas
374 1887 77 29 med
480 1887 17 29 6
514 1887 63 30 000
592 1887 62 31 000
681 1888 195 40 respektive
903 1890 95 30 2000
1014 1889 63 32 000
1106 1891 129 30 kronor
1262 1893 11 29 i
1300 1893 221 31 förhållande
1549 1896 39 29 tll
1616 1892 125 49 Kungl.

242 1935 125 39 Maj:ts
387 1936 140 40 förslag.
548 1937 130 31 Därvid
697 1938 63 30 har
780 1940 11 28 i
811 1939 220 30 motionerna
1050 1941 143 30 särskilt
1212 1943 262 36 understrukits
1495 1945 58 30 det
1574 1948 94 29 stora
1686 1947 57 30 be-

241 1985 104 30 hovet
364 1996 41 20 av
424 1987 111 30 ökade
556 1988 297 39 lagerutrymmen
872 1990 55 30 för
945 1990 115 30 frukt-
1079 1991 65 30 och
1164 1993 387 41 trädgårdsprodukter.
1574 1996 94 31 Även
1689 2000 53 27 ut-

242 2036 130 30 skottet
393 2037 115 30 finner
529 2038 58 29 det
606 2057 44 3 —
670 2039 77 30 med
770 2039 137 40 hänsyn
929 2040 53 30 till
1003 2041 376 42 trädgårdsnäringens
1399 2044 343 41 bekymmersamma

241 2086 76 39 läge
338 2105 45 3 —
402 2088 180 39 angeläget
603 2090 50 28 att
674 2089 165 40 lämpliga
860 2090 132 36 lokaler
1014 2091 10 29 i
1046 2093 110 29 större
1178 2094 244 41 utsträckning
1444 2097 45 29 än
1509 2098 67 29 vad
1599 2098 24 30 f.
1646 2108 32 20 n.
1703 2100 38 29 är

241 2136 100 31 fallet
358 2138 116 30 ställes
491 2138 10 29 i
518 2139 149 40 ordning
682 2139 54 30 för
752 2140 79 30 dess
847 2141 201 39 produkter.
1067 2142 117 41 Enligt
1199 2144 190 31 utskottets
1408 2147 140 40 mening
1565 2158 102 29 synes
1685 2150 57 29 det

240 2186 122 31 därför
379 2197 81 20 vara
477 2188 167 40 påkallat,
661 2191 51 28 att
730 2199 121 21 ramen
869 2191 54 30 för
940 2192 200 31 ändamålet
1158 2193 110 41 höjes.
1288 2195 78 31 Med
1384 2196 196 32 beaktande
1598 2209 43 20 av
1658 2200 83 30 nöd-

240 2237 229 37 vändigheten
488 2240 48 28 att
556 2239 150 38 iakttaga
726 2240 279 32 återhållsamhet
1024 2242 11 30 i
1055 2243 97 38 fråga
1173 2254 54 20 om
1248 2245 248 40 investeringar
1517 2249 39 29 är
1577 2250 164 30 utskottet

241 2288 189 30 emellertid
453 2289 74 30 icke
550 2290 109 30 berett
683 2292 48 28 att
754 2291 142 31 förorda
920 2293 111 34 större
1055 2294 131 40 ökning
1210 2296 44 29 än
1279 2296 68 30 den
1373 2306 74 21 som
1472 2298 139 40 begärts
1635 2300 11 29 i
1670 2310 71 20 mo-

243 2337 117 32 tionen
382 2339 45 29 II:
443 2338 63 31 450
530 2340 83 29 eller
636 2340 51 30 till
709 2341 19 30 6
742 2341 63 30 000
820 2342 62 30 000
905 2342 140 31 kronor.
1070 2344 175 31 Utskottet
1266 2346 206 32 förutsätter
1495 2349 90 31 dock
1608 2351 132 34 därvid,

241 2389 51 28 att
310 2388 58 29 det
385 2388 125 41 belopp
528 2390 20 29 å
568 2390 18 30 2
602 2391 61 30 000
678 2391 62 30 000
759 2391 140 35 kronor,
920 2402 77 21 som
1016 2393 149 32 sålunda
1184 2396 118 30 ställes
1321 2397 53 31 till
1393 2398 208 41 förfogande
1620 2402 120 29 utöver

240 2437 57 30 det
320 2447 42 21 av
382 2439 124 40 Kungl.
528 2440 107 39 Maj:t
654 2441 197 40 föreslagna
871 2442 170 41 beloppet,
1063 2444 71 31 helt
1156 2446 159 30 kommer
1337 2449 50 29 att
1409 2450 179 30 användas
1610 2451 54 30 för
1685 2452 56 29 be-
