<?xml version="1.0" encoding="UTF-8"?>
<alto xmlns="http://www.loc.gov/standards/alto/ns-v3#" xmlns:xlink="http://www.w3.org/1999/xlink" xmlns:xsi="http://www.w3.org/2001/XMLSchema-instance" xsi:schemaLocation="http://www.loc.gov/standards/alto/ns-v3# http://www.loc.gov/alto/v3/alto-3-0.xsd">
	<Description>
		<MeasurementUnit>pixel</MeasurementUnit>
		<sourceImageInformation>
			<fileName>/tmp/tess_wcbq8qca_input.PNG</fileName>
		</sourceImageInformation>
		<OCRProcessing ID="OCR_0">
			<ocrProcessingStep>
				<processingSoftware>
					<softwareName>tesseract 5.3.0</softwareName>
				</processingSoftware>
			</ocrProcessingStep>
		</OCRProcessing>
	</Description>
	<Layout>
		<Page WIDTH="1866" HEIGHT="2798" PHYSICAL_IMG_NR="0" ID="page_0">
			<PrintSpace HPOS="0" VPOS="0" WIDTH="1866" HEIGHT="2798">
				<ComposedBlock ID="cblock_0" HPOS="414" VPOS="163" WIDTH="1181" HEIGHT="40">
					<TextBlock ID="block_0" HPOS="414" VPOS="163" WIDTH="1181" HEIGHT="40">
						<TextLine ID="line_0" HPOS="414" VPOS="163" WIDTH="1181" HEIGHT="40">
							<String ID="string_0" HPOS="414" VPOS="163" WIDTH="387" HEIGHT="33" WC="0.92" CONTENT="Jordbruksutskottets"/><SP WIDTH="21" VPOS="163" HPOS="801"/>
							<String ID="string_1" HPOS="822" VPOS="166" WIDTH="179" HEIGHT="31" WC="0.96" CONTENT="utlåtande"/><SP WIDTH="19" VPOS="166" HPOS="1001"/>
							<String ID="string_2" HPOS="1020" VPOS="177" WIDTH="43" HEIGHT="21" WC="0.96" CONTENT="nr"/><SP WIDTH="24" VPOS="177" HPOS="1063"/>
							<String ID="string_3" HPOS="1087" VPOS="169" WIDTH="14" HEIGHT="29" WC="0.96" CONTENT="1"/><SP WIDTH="24" VPOS="169" HPOS="1101"/>
							<String ID="string_4" HPOS="1125" VPOS="169" WIDTH="40" HEIGHT="29" WC="0.96" CONTENT="år"/><SP WIDTH="22" VPOS="169" HPOS="1165"/>
							<String ID="string_5" HPOS="1187" VPOS="170" WIDTH="82" HEIGHT="29" WC="0.96" CONTENT="1955"/><SP WIDTH="289" VPOS="170" HPOS="1269"/>
							<String ID="string_6" HPOS="1558" VPOS="171" WIDTH="37" HEIGHT="32" WC="0.79" CONTENT="129"/>
						</TextLine>
					</TextBlock>
				</ComposedBlock>
				<ComposedBlock ID="cblock_1" HPOS="81" VPOS="295" WIDTH="1511" HEIGHT="1003">
					<TextBlock ID="block_1" HPOS="81" VPOS="295" WIDTH="1511" HEIGHT="788">
						<TextLine ID="line_1" HPOS="90" VPOS="295" WIDTH="1501" HEIGHT="50">
							<String ID="string_7" HPOS="90" VPOS="295" WIDTH="38" HEIGHT="30" WC="0.93" CONTENT="15"/><SP WIDTH="16" VPOS="295" HPOS="128"/>
							<String ID="string_8" HPOS="144" VPOS="295" WIDTH="63" HEIGHT="31" WC="0.93" CONTENT="200"/><SP WIDTH="24" VPOS="295" HPOS="207"/>
							<String ID="string_9" HPOS="231" VPOS="295" WIDTH="140" HEIGHT="32" WC="0.89" CONTENT="kronor."/><SP WIDTH="26" VPOS="295" HPOS="371"/>
							<String ID="string_10" HPOS="397" VPOS="296" WIDTH="219" HEIGHT="40" WC="0.96" CONTENT="Högskolans"/><SP WIDTH="25" VPOS="296" HPOS="616"/>
							<String ID="string_11" HPOS="641" VPOS="300" WIDTH="122" HEIGHT="40" WC="0.95" CONTENT="anslag"/><SP WIDTH="23" VPOS="300" HPOS="763"/>
							<String ID="string_12" HPOS="786" VPOS="301" WIDTH="54" HEIGHT="30" WC="0.96" CONTENT="till"/><SP WIDTH="25" VPOS="301" HPOS="840"/>
							<String ID="string_13" HPOS="865" VPOS="301" WIDTH="179" HEIGHT="32" WC="0.96" CONTENT="Särskilda"/><SP WIDTH="25" VPOS="301" HPOS="1044"/>
							<String ID="string_14" HPOS="1069" VPOS="303" WIDTH="305" HEIGHT="42" WC="0.96" CONTENT="undersökningar"/><SP WIDTH="24" VPOS="303" HPOS="1374"/>
							<String ID="string_15" HPOS="1398" VPOS="306" WIDTH="63" HEIGHT="30" WC="0.93" CONTENT="bör"/><SP WIDTH="23" VPOS="306" HPOS="1461"/>
							<String ID="string_16" HPOS="1484" VPOS="306" WIDTH="107" HEIGHT="30" WC="0.92" CONTENT="mins-"/>
						</TextLine>
						<TextLine ID="line_2" HPOS="88" VPOS="345" WIDTH="1504" HEIGHT="51">
							<String ID="string_17" HPOS="88" VPOS="345" WIDTH="64" HEIGHT="30" WC="0.96" CONTENT="kas"/><SP WIDTH="20" VPOS="345" HPOS="152"/>
							<String ID="string_18" HPOS="172" VPOS="346" WIDTH="11" HEIGHT="29" WC="0.96" CONTENT="i"/><SP WIDTH="20" VPOS="346" HPOS="183"/>
							<String ID="string_19" HPOS="203" VPOS="347" WIDTH="246" HEIGHT="30" WC="0.96" CONTENT="motsvarande"/><SP WIDTH="20" VPOS="347" HPOS="449"/>
							<String ID="string_20" HPOS="469" VPOS="348" WIDTH="92" HEIGHT="36" WC="0.96" CONTENT="mån,"/><SP WIDTH="22" VPOS="348" HPOS="561"/>
							<String ID="string_21" HPOS="583" VPOS="348" WIDTH="167" HEIGHT="32" WC="0.96" CONTENT="eftersom"/><SP WIDTH="19" VPOS="348" HPOS="750"/>
							<String ID="string_22" HPOS="769" VPOS="352" WIDTH="127" HEIGHT="29" WC="0.96" CONTENT="arvode"/><SP WIDTH="19" VPOS="352" HPOS="896"/>
							<String ID="string_23" HPOS="915" VPOS="352" WIDTH="53" HEIGHT="30" WC="0.96" CONTENT="till"/><SP WIDTH="20" VPOS="352" HPOS="968"/>
							<String ID="string_24" HPOS="988" VPOS="362" WIDTH="43" HEIGHT="21" WC="0.96" CONTENT="en"/><SP WIDTH="20" VPOS="362" HPOS="1031"/>
							<String ID="string_25" HPOS="1051" VPOS="355" WIDTH="80" HEIGHT="30" WC="0.96" CONTENT="med"/><SP WIDTH="20" VPOS="355" HPOS="1131"/>
							<String ID="string_26" HPOS="1151" VPOS="355" WIDTH="155" HEIGHT="30" WC="0.96" CONTENT="nämnda"/><SP WIDTH="20" VPOS="355" HPOS="1306"/>
							<String ID="string_27" HPOS="1326" VPOS="356" WIDTH="121" HEIGHT="31" WC="0.96" CONTENT="försök"/><SP WIDTH="20" VPOS="356" HPOS="1447"/>
							<String ID="string_28" HPOS="1467" VPOS="357" WIDTH="125" HEIGHT="39" WC="0.92" CONTENT="syssel-"/>
						</TextLine>
						<TextLine ID="line_3" HPOS="88" VPOS="395" WIDTH="1503" HEIGHT="52">
							<String ID="string_29" HPOS="88" VPOS="397" WIDTH="70" HEIGHT="27" WC="0.93" CONTENT="satt"/><SP WIDTH="22" VPOS="397" HPOS="158"/>
							<String ID="string_30" HPOS="180" VPOS="395" WIDTH="344" HEIGHT="42" WC="0.92" CONTENT="befattningshavare"/><SP WIDTH="25" VPOS="395" HPOS="524"/>
							<String ID="string_31" HPOS="549" VPOS="409" WIDTH="48" HEIGHT="20" WC="0.93" CONTENT="nu"/><SP WIDTH="24" VPOS="409" HPOS="597"/>
							<String ID="string_32" HPOS="621" VPOS="399" WIDTH="170" HEIGHT="32" WC="0.91" CONTENT="bestrides"/><SP WIDTH="25" VPOS="399" HPOS="791"/>
							<String ID="string_33" HPOS="816" VPOS="401" WIDTH="80" HEIGHT="31" WC="0.96" CONTENT="från"/><SP WIDTH="24" VPOS="401" HPOS="896"/>
							<String ID="string_34" HPOS="920" VPOS="404" WIDTH="96" HEIGHT="30" WC="0.96" CONTENT="detta"/><SP WIDTH="23" VPOS="404" HPOS="1016"/>
							<String ID="string_35" HPOS="1039" VPOS="404" WIDTH="132" HEIGHT="40" WC="0.95" CONTENT="anslag."/><SP WIDTH="26" VPOS="404" HPOS="1171"/>
							<String ID="string_36" HPOS="1197" VPOS="405" WIDTH="126" HEIGHT="31" WC="0.96" CONTENT="Vidare"/><SP WIDTH="25" VPOS="405" HPOS="1323"/>
							<String ID="string_37" HPOS="1348" VPOS="406" WIDTH="160" HEIGHT="33" WC="0.96" CONTENT="förordar"/><SP WIDTH="23" VPOS="406" HPOS="1508"/>
							<String ID="string_38" HPOS="1531" VPOS="408" WIDTH="60" HEIGHT="39" WC="0.96" CONTENT="jag"/>
						</TextLine>
						<TextLine ID="line_4" HPOS="87" VPOS="446" WIDTH="1503" HEIGHT="50">
							<String ID="string_39" HPOS="87" VPOS="446" WIDTH="52" HEIGHT="30" WC="0.96" CONTENT="att"/><SP WIDTH="24" VPOS="446" HPOS="139"/>
							<String ID="string_40" HPOS="163" VPOS="446" WIDTH="67" HEIGHT="30" WC="0.95" CONTENT="den"/><SP WIDTH="24" VPOS="446" HPOS="230"/>
							<String ID="string_41" HPOS="254" VPOS="447" WIDTH="175" HEIGHT="36" WC="0.95" CONTENT="assistent,"/><SP WIDTH="26" VPOS="447" HPOS="429"/>
							<String ID="string_42" HPOS="455" VPOS="458" WIDTH="74" HEIGHT="21" WC="0.93" CONTENT="som"/><SP WIDTH="24" VPOS="458" HPOS="529"/>
							<String ID="string_43" HPOS="553" VPOS="450" WIDTH="24" HEIGHT="30" WC="0.93" CONTENT="f."/><SP WIDTH="26" VPOS="450" HPOS="577"/>
							<String ID="string_44" HPOS="603" VPOS="460" WIDTH="33" HEIGHT="20" WC="0.91" CONTENT="n."/><SP WIDTH="26" VPOS="460" HPOS="636"/>
							<String ID="string_45" HPOS="662" VPOS="451" WIDTH="167" HEIGHT="41" WC="0.96" CONTENT="tillfälligt"/><SP WIDTH="24" VPOS="451" HPOS="829"/>
							<String ID="string_46" HPOS="853" VPOS="453" WIDTH="172" HEIGHT="30" WC="0.96" CONTENT="överförts"/><SP WIDTH="25" VPOS="453" HPOS="1025"/>
							<String ID="string_47" HPOS="1050" VPOS="454" WIDTH="81" HEIGHT="31" WC="0.93" CONTENT="från"/><SP WIDTH="25" VPOS="454" HPOS="1131"/>
							<String ID="string_48" HPOS="1156" VPOS="455" WIDTH="357" HEIGHT="41" WC="0.91" CONTENT="lantbruksstyrelsen"/><SP WIDTH="25" VPOS="455" HPOS="1513"/>
							<String ID="string_49" HPOS="1538" VPOS="458" WIDTH="52" HEIGHT="30" WC="0.96" CONTENT="till"/>
						</TextLine>
						<TextLine ID="line_5" HPOS="88" VPOS="496" WIDTH="1502" HEIGHT="51">
							<String ID="string_50" HPOS="88" VPOS="496" WIDTH="132" HEIGHT="31" WC="0.93" CONTENT="statens"/><SP WIDTH="18" VPOS="496" HPOS="220"/>
							<String ID="string_51" HPOS="238" VPOS="497" WIDTH="305" HEIGHT="40" WC="0.92" CONTENT="husdjursförsök,"/><SP WIDTH="21" VPOS="497" HPOS="543"/>
							<String ID="string_52" HPOS="564" VPOS="500" WIDTH="43" HEIGHT="30" WC="0.93" CONTENT="fr."/><SP WIDTH="21" VPOS="500" HPOS="607"/>
							<String ID="string_53" HPOS="628" VPOS="509" WIDTH="29" HEIGHT="21" WC="0.92" CONTENT="o."/><SP WIDTH="20" VPOS="509" HPOS="657"/>
							<String ID="string_54" HPOS="677" VPOS="511" WIDTH="46" HEIGHT="21" WC="0.82" CONTENT="m."/><SP WIDTH="20" VPOS="511" HPOS="723"/>
							<String ID="string_55" HPOS="743" VPOS="503" WIDTH="100" HEIGHT="30" WC="0.96" CONTENT="nästa"/><SP WIDTH="20" VPOS="503" HPOS="843"/>
							<String ID="string_56" HPOS="863" VPOS="503" WIDTH="169" HEIGHT="40" WC="0.96" CONTENT="budgetår"/><SP WIDTH="20" VPOS="503" HPOS="1032"/>
							<String ID="string_57" HPOS="1052" VPOS="504" WIDTH="177" HEIGHT="33" WC="0.95" CONTENT="definitivt"/><SP WIDTH="20" VPOS="504" HPOS="1229"/>
							<String ID="string_58" HPOS="1249" VPOS="506" WIDTH="89" HEIGHT="31" WC="0.96" CONTENT="skall"/><SP WIDTH="19" VPOS="506" HPOS="1338"/>
							<String ID="string_59" HPOS="1357" VPOS="508" WIDTH="156" HEIGHT="39" WC="0.95" CONTENT="placeras"/><SP WIDTH="20" VPOS="508" HPOS="1513"/>
							<String ID="string_60" HPOS="1533" VPOS="508" WIDTH="57" HEIGHT="30" WC="0.96" CONTENT="vid"/>
						</TextLine>
						<TextLine ID="line_6" HPOS="88" VPOS="545" WIDTH="1502" HEIGHT="53">
							<String ID="string_61" HPOS="88" VPOS="545" WIDTH="220" HEIGHT="34" WC="0.95" CONTENT="sistnämnda"/><SP WIDTH="32" VPOS="545" HPOS="308"/>
							<String ID="string_62" HPOS="340" VPOS="548" WIDTH="209" HEIGHT="32" WC="0.86" CONTENT="institution."/><SP WIDTH="33" VPOS="548" HPOS="549"/>
							<String ID="string_63" HPOS="582" VPOS="550" WIDTH="121" HEIGHT="41" WC="0.96" CONTENT="Någon"/><SP WIDTH="32" VPOS="550" HPOS="703"/>
							<String ID="string_64" HPOS="735" VPOS="553" WIDTH="241" HEIGHT="41" WC="0.96" CONTENT="uppflyttning"/><SP WIDTH="31" VPOS="553" HPOS="976"/>
							<String ID="string_65" HPOS="1007" VPOS="554" WIDTH="12" HEIGHT="29" WC="0.96" CONTENT="i"/><SP WIDTH="32" VPOS="554" HPOS="1019"/>
							<String ID="string_66" HPOS="1051" VPOS="555" WIDTH="166" HEIGHT="41" WC="0.96" CONTENT="lönegrad"/><SP WIDTH="32" VPOS="555" HPOS="1217"/>
							<String ID="string_67" HPOS="1249" VPOS="566" WIDTH="43" HEIGHT="21" WC="0.95" CONTENT="av"/><SP WIDTH="31" VPOS="566" HPOS="1292"/>
							<String ID="string_68" HPOS="1323" VPOS="557" WIDTH="267" HEIGHT="41" WC="0.96" CONTENT="ifrågavarande"/>
						</TextLine>
						<TextLine ID="line_7" HPOS="87" VPOS="596" WIDTH="1504" HEIGHT="48">
							<String ID="string_69" HPOS="87" VPOS="596" WIDTH="165" HEIGHT="31" WC="0.96" CONTENT="assistent"/><SP WIDTH="21" VPOS="596" HPOS="252"/>
							<String ID="string_70" HPOS="273" VPOS="598" WIDTH="63" HEIGHT="31" WC="0.96" CONTENT="bör"/><SP WIDTH="23" VPOS="598" HPOS="336"/>
							<String ID="string_71" HPOS="359" VPOS="598" WIDTH="157" HEIGHT="32" WC="0.96" CONTENT="däremot"/><SP WIDTH="22" VPOS="598" HPOS="516"/>
							<String ID="string_72" HPOS="538" VPOS="600" WIDTH="76" HEIGHT="31" WC="0.96" CONTENT="icke"/><SP WIDTH="24" VPOS="600" HPOS="614"/>
							<String ID="string_73" HPOS="638" VPOS="602" WIDTH="71" HEIGHT="30" WC="0.93" CONTENT="ske."/><SP WIDTH="24" VPOS="602" HPOS="709"/>
							<String ID="string_74" HPOS="733" VPOS="601" WIDTH="251" HEIGHT="43" WC="0.91" CONTENT="Överföringen"/><SP WIDTH="23" VPOS="601" HPOS="984"/>
							<String ID="string_75" HPOS="1007" VPOS="606" WIDTH="138" HEIGHT="30" WC="0.96" CONTENT="medför"/><SP WIDTH="24" VPOS="606" HPOS="1145"/>
							<String ID="string_76" HPOS="1169" VPOS="608" WIDTH="47" HEIGHT="29" WC="0.96" CONTENT="ett"/><SP WIDTH="24" VPOS="608" HPOS="1216"/>
							<String ID="string_77" HPOS="1240" VPOS="607" WIDTH="83" HEIGHT="31" WC="0.93" CONTENT="ökat"/><SP WIDTH="23" VPOS="607" HPOS="1323"/>
							<String ID="string_78" HPOS="1346" VPOS="608" WIDTH="245" HEIGHT="31" WC="0.92" CONTENT="medelsbehov"/>
						</TextLine>
						<TextLine ID="line_8" HPOS="88" VPOS="647" WIDTH="1502" HEIGHT="49">
							<String ID="string_79" HPOS="88" VPOS="647" WIDTH="111" HEIGHT="30" WC="0.96" CONTENT="under"/><SP WIDTH="27" VPOS="647" HPOS="199"/>
							<String ID="string_80" HPOS="226" VPOS="647" WIDTH="229" HEIGHT="32" WC="0.96" CONTENT="förevarande"/><SP WIDTH="28" VPOS="647" HPOS="455"/>
							<String ID="string_81" HPOS="483" VPOS="651" WIDTH="122" HEIGHT="40" WC="0.96" CONTENT="anslag"/><SP WIDTH="28" VPOS="651" HPOS="605"/>
							<String ID="string_82" HPOS="633" VPOS="660" WIDTH="43" HEIGHT="21" WC="0.96" CONTENT="av"/><SP WIDTH="30" VPOS="660" HPOS="676"/>
							<String ID="string_83" HPOS="706" VPOS="652" WIDTH="116" HEIGHT="32" WC="0.95" CONTENT="12800"/><SP WIDTH="28" VPOS="652" HPOS="822"/>
							<String ID="string_84" HPOS="850" VPOS="653" WIDTH="140" HEIGHT="32" WC="0.96" CONTENT="kronor."/><SP WIDTH="30" VPOS="653" HPOS="990"/>
							<String ID="string_85" HPOS="1020" VPOS="655" WIDTH="79" HEIGHT="31" WC="0.96" CONTENT="Med"/><SP WIDTH="28" VPOS="655" HPOS="1099"/>
							<String ID="string_86" HPOS="1127" VPOS="656" WIDTH="138" HEIGHT="40" WC="0.95" CONTENT="hänsyn"/><SP WIDTH="28" VPOS="656" HPOS="1265"/>
							<String ID="string_87" HPOS="1293" VPOS="658" WIDTH="53" HEIGHT="30" WC="0.95" CONTENT="till"/><SP WIDTH="28" VPOS="658" HPOS="1346"/>
							<String ID="string_88" HPOS="1374" VPOS="659" WIDTH="146" HEIGHT="30" WC="0.96" CONTENT="behovet"/><SP WIDTH="28" VPOS="659" HPOS="1520"/>
							<String ID="string_89" HPOS="1548" VPOS="669" WIDTH="42" HEIGHT="21" WC="0.95" CONTENT="av"/>
						</TextLine>
						<TextLine ID="line_9" HPOS="85" VPOS="696" WIDTH="1504" HEIGHT="54">
							<String ID="string_90" HPOS="85" VPOS="696" WIDTH="135" HEIGHT="31" WC="0.95" CONTENT="biträde"/><SP WIDTH="24" VPOS="696" HPOS="220"/>
							<String ID="string_91" HPOS="244" VPOS="697" WIDTH="55" HEIGHT="31" WC="0.93" CONTENT="för"/><SP WIDTH="22" VPOS="697" HPOS="299"/>
							<String ID="string_92" HPOS="321" VPOS="698" WIDTH="302" HEIGHT="41" WC="0.92" CONTENT="kontorsgöromål"/><SP WIDTH="23" VPOS="698" HPOS="623"/>
							<String ID="string_93" HPOS="646" VPOS="703" WIDTH="58" HEIGHT="30" WC="0.96" CONTENT="vid"/><SP WIDTH="23" VPOS="703" HPOS="704"/>
							<String ID="string_94" HPOS="727" VPOS="701" WIDTH="245" HEIGHT="34" WC="0.96" CONTENT="institutionen"/><SP WIDTH="23" VPOS="701" HPOS="972"/>
							<String ID="string_95" HPOS="995" VPOS="705" WIDTH="56" HEIGHT="31" WC="0.93" CONTENT="för"/><SP WIDTH="23" VPOS="705" HPOS="1051"/>
							<String ID="string_96" HPOS="1074" VPOS="706" WIDTH="179" HEIGHT="32" WC="0.92" CONTENT="marklära"/><SP WIDTH="23" VPOS="706" HPOS="1253"/>
							<String ID="string_97" HPOS="1276" VPOS="708" WIDTH="147" HEIGHT="32" WC="0.96" CONTENT="föreslår"/><SP WIDTH="22" VPOS="708" HPOS="1423"/>
							<String ID="string_98" HPOS="1445" VPOS="709" WIDTH="70" HEIGHT="41" WC="0.96" CONTENT="jag,"/><SP WIDTH="24" VPOS="709" HPOS="1515"/>
							<String ID="string_99" HPOS="1539" VPOS="711" WIDTH="50" HEIGHT="29" WC="0.96" CONTENT="att"/>
						</TextLine>
						<TextLine ID="line_10" HPOS="86" VPOS="746" WIDTH="1502" HEIGHT="52">
							<String ID="string_100" HPOS="86" VPOS="746" WIDTH="18" HEIGHT="29" WC="0.69" CONTENT="5"/><SP WIDTH="15" VPOS="746" HPOS="104"/>
							<String ID="string_101" HPOS="119" VPOS="746" WIDTH="64" HEIGHT="32" WC="0.94" CONTENT="600"/><SP WIDTH="22" VPOS="746" HPOS="183"/>
							<String ID="string_102" HPOS="205" VPOS="747" WIDTH="130" HEIGHT="31" WC="0.96" CONTENT="kronor"/><SP WIDTH="23" VPOS="747" HPOS="335"/>
							<String ID="string_103" HPOS="358" VPOS="749" WIDTH="89" HEIGHT="30" WC="0.96" CONTENT="skall"/><SP WIDTH="21" VPOS="749" HPOS="447"/>
							<String ID="string_104" HPOS="468" VPOS="750" WIDTH="173" HEIGHT="32" WC="0.96" CONTENT="beräknas"/><SP WIDTH="23" VPOS="750" HPOS="641"/>
							<String ID="string_105" HPOS="664" VPOS="752" WIDTH="53" HEIGHT="30" WC="0.95" CONTENT="till"/><SP WIDTH="22" VPOS="752" HPOS="717"/>
							<String ID="string_106" HPOS="739" VPOS="762" WIDTH="42" HEIGHT="21" WC="0.93" CONTENT="en"/><SP WIDTH="22" VPOS="762" HPOS="781"/>
							<String ID="string_107" HPOS="803" VPOS="754" WIDTH="415" HEIGHT="42" WC="0.92" CONTENT="kontorsbiträdestjänst"/><SP WIDTH="21" VPOS="754" HPOS="1218"/>
							<String ID="string_108" HPOS="1239" VPOS="757" WIDTH="11" HEIGHT="30" WC="0.96" CONTENT="i"/><SP WIDTH="23" VPOS="757" HPOS="1250"/>
							<String ID="string_109" HPOS="1273" VPOS="759" WIDTH="156" HEIGHT="39" WC="0.93" CONTENT="reglerad"/><SP WIDTH="23" VPOS="759" HPOS="1429"/>
							<String ID="string_110" HPOS="1452" VPOS="760" WIDTH="136" HEIGHT="30" WC="0.92" CONTENT="beford-"/>
						</TextLine>
						<TextLine ID="line_11" HPOS="85" VPOS="796" WIDTH="1504" HEIGHT="55">
							<String ID="string_111" HPOS="85" VPOS="796" WIDTH="188" HEIGHT="43" WC="0.91" CONTENT="ringsgång"/><SP WIDTH="26" VPOS="796" HPOS="273"/>
							<String ID="string_112" HPOS="299" VPOS="799" WIDTH="56" HEIGHT="31" WC="0.96" CONTENT="för"/><SP WIDTH="26" VPOS="799" HPOS="355"/>
							<String ID="string_113" HPOS="381" VPOS="799" WIDTH="255" HEIGHT="33" WC="0.95" CONTENT="institutionen."/><SP WIDTH="27" VPOS="799" HPOS="636"/>
							<String ID="string_114" HPOS="663" VPOS="803" WIDTH="65" HEIGHT="40" WC="0.96" CONTENT="Jag"/><SP WIDTH="25" VPOS="803" HPOS="728"/>
							<String ID="string_115" HPOS="753" VPOS="803" WIDTH="71" HEIGHT="32" WC="0.96" CONTENT="kan"/><SP WIDTH="26" VPOS="803" HPOS="824"/>
							<String ID="string_116" HPOS="850" VPOS="805" WIDTH="87" HEIGHT="30" WC="0.96" CONTENT="även"/><SP WIDTH="26" VPOS="805" HPOS="937"/>
							<String ID="string_117" HPOS="963" VPOS="805" WIDTH="188" HEIGHT="40" WC="0.96" CONTENT="tillstyrka,"/><SP WIDTH="27" VPOS="805" HPOS="1151"/>
							<String ID="string_118" HPOS="1178" VPOS="809" WIDTH="50" HEIGHT="29" WC="0.96" CONTENT="att"/><SP WIDTH="26" VPOS="809" HPOS="1228"/>
							<String ID="string_119" HPOS="1254" VPOS="808" WIDTH="53" HEIGHT="30" WC="0.96" CONTENT="till"/><SP WIDTH="27" VPOS="808" HPOS="1307"/>
							<String ID="string_120" HPOS="1334" VPOS="810" WIDTH="194" HEIGHT="41" WC="0.96" CONTENT="ersättning"/><SP WIDTH="26" VPOS="810" HPOS="1528"/>
							<String ID="string_121" HPOS="1554" VPOS="810" WIDTH="35" HEIGHT="30" WC="0.96" CONTENT="åt"/>
						</TextLine>
						<TextLine ID="line_12" HPOS="85" VPOS="846" WIDTH="1503" HEIGHT="53">
							<String ID="string_122" HPOS="85" VPOS="846" WIDTH="176" HEIGHT="33" WC="0.92" CONTENT="ciceroner"/><SP WIDTH="17" VPOS="846" HPOS="261"/>
							<String ID="string_123" HPOS="278" VPOS="849" WIDTH="58" HEIGHT="30" WC="0.93" CONTENT="vid"/><SP WIDTH="18" VPOS="849" HPOS="336"/>
							<String ID="string_124" HPOS="354" VPOS="849" WIDTH="104" HEIGHT="32" WC="0.93" CONTENT="Wiad"/><SP WIDTH="19" VPOS="849" HPOS="458"/>
							<String ID="string_125" HPOS="477" VPOS="850" WIDTH="90" HEIGHT="31" WC="0.95" CONTENT="skall"/><SP WIDTH="17" VPOS="850" HPOS="567"/>
							<String ID="string_126" HPOS="584" VPOS="852" WIDTH="141" HEIGHT="31" WC="0.96" CONTENT="anvisas"/><SP WIDTH="20" VPOS="852" HPOS="725"/>
							<String ID="string_127" HPOS="745" VPOS="854" WIDTH="48" HEIGHT="29" WC="0.96" CONTENT="ett"/><SP WIDTH="18" VPOS="854" HPOS="793"/>
							<String ID="string_128" HPOS="811" VPOS="855" WIDTH="124" HEIGHT="40" WC="0.96" CONTENT="belopp"/><SP WIDTH="20" VPOS="855" HPOS="935"/>
							<String ID="string_129" HPOS="955" VPOS="865" WIDTH="42" HEIGHT="21" WC="0.96" CONTENT="av"/><SP WIDTH="19" VPOS="865" HPOS="997"/>
							<String ID="string_130" HPOS="1016" VPOS="856" WIDTH="63" HEIGHT="31" WC="0.96" CONTENT="500"/><SP WIDTH="20" VPOS="856" HPOS="1079"/>
							<String ID="string_131" HPOS="1099" VPOS="857" WIDTH="140" HEIGHT="31" WC="0.96" CONTENT="kronor."/><SP WIDTH="22" VPOS="857" HPOS="1239"/>
							<String ID="string_132" HPOS="1261" VPOS="859" WIDTH="169" HEIGHT="40" WC="0.96" CONTENT="Slutligen"/><SP WIDTH="17" VPOS="859" HPOS="1430"/>
							<String ID="string_133" HPOS="1447" VPOS="860" WIDTH="63" HEIGHT="32" WC="0.93" CONTENT="bör"/><SP WIDTH="19" VPOS="860" HPOS="1510"/>
							<String ID="string_134" HPOS="1529" VPOS="870" WIDTH="59" HEIGHT="21" WC="0.93" CONTENT="an-"/>
						</TextLine>
						<TextLine ID="line_13" HPOS="85" VPOS="896" WIDTH="1502" HEIGHT="51">
							<String ID="string_135" HPOS="85" VPOS="896" WIDTH="109" HEIGHT="40" WC="0.96" CONTENT="slaget"/><SP WIDTH="25" VPOS="896" HPOS="194"/>
							<String ID="string_136" HPOS="219" VPOS="898" WIDTH="11" HEIGHT="30" WC="0.96" CONTENT="i"/><SP WIDTH="25" VPOS="898" HPOS="230"/>
							<String ID="string_137" HPOS="255" VPOS="899" WIDTH="153" HEIGHT="40" WC="0.96" CONTENT="enlighet"/><SP WIDTH="24" VPOS="899" HPOS="408"/>
							<String ID="string_138" HPOS="432" VPOS="901" WIDTH="79" HEIGHT="30" WC="0.93" CONTENT="med"/><SP WIDTH="24" VPOS="901" HPOS="511"/>
							<String ID="string_139" HPOS="535" VPOS="901" WIDTH="360" HEIGHT="42" WC="0.90" CONTENT="högskolestyrelsens"/><SP WIDTH="27" VPOS="901" HPOS="895"/>
							<String ID="string_140" HPOS="922" VPOS="906" WIDTH="131" HEIGHT="41" WC="0.96" CONTENT="förslag"/><SP WIDTH="26" VPOS="906" HPOS="1053"/>
							<String ID="string_141" HPOS="1079" VPOS="907" WIDTH="103" HEIGHT="40" WC="0.96" CONTENT="höjas"/><SP WIDTH="24" VPOS="907" HPOS="1182"/>
							<String ID="string_142" HPOS="1206" VPOS="911" WIDTH="80" HEIGHT="29" WC="0.96" CONTENT="med"/><SP WIDTH="29" VPOS="911" HPOS="1286"/>
							<String ID="string_143" HPOS="1315" VPOS="910" WIDTH="39" HEIGHT="30" WC="0.95" CONTENT="16"/><SP WIDTH="15" VPOS="910" HPOS="1354"/>
							<String ID="string_144" HPOS="1369" VPOS="910" WIDTH="62" HEIGHT="31" WC="0.96" CONTENT="000"/><SP WIDTH="27" VPOS="910" HPOS="1431"/>
							<String ID="string_145" HPOS="1458" VPOS="912" WIDTH="129" HEIGHT="29" WC="0.95" CONTENT="kronor"/>
						</TextLine>
						<TextLine ID="line_14" HPOS="83" VPOS="948" WIDTH="1504" HEIGHT="54">
							<String ID="string_146" HPOS="83" VPOS="948" WIDTH="45" HEIGHT="38" WC="0.96" CONTENT="på"/><SP WIDTH="25" VPOS="948" HPOS="128"/>
							<String ID="string_147" HPOS="153" VPOS="950" WIDTH="113" HEIGHT="38" WC="0.96" CONTENT="grund"/><SP WIDTH="24" VPOS="950" HPOS="266"/>
							<String ID="string_148" HPOS="290" VPOS="959" WIDTH="42" HEIGHT="21" WC="0.96" CONTENT="av"/><SP WIDTH="24" VPOS="959" HPOS="332"/>
							<String ID="string_149" HPOS="356" VPOS="950" WIDTH="198" HEIGHT="32" WC="0.93" CONTENT="beräknade"/><SP WIDTH="24" VPOS="950" HPOS="554"/>
							<String ID="string_150" HPOS="578" VPOS="952" WIDTH="427" HEIGHT="44" WC="0.92" CONTENT="löneklassförändringar"/><SP WIDTH="24" VPOS="952" HPOS="1005"/>
							<String ID="string_151" HPOS="1029" VPOS="958" WIDTH="66" HEIGHT="29" WC="0.96" CONTENT="och"/><SP WIDTH="24" VPOS="958" HPOS="1095"/>
							<String ID="string_152" HPOS="1119" VPOS="957" WIDTH="468" HEIGHT="45" WC="0.91" CONTENT="lönegradsuppflyttningar"/>
						</TextLine>
						<TextLine ID="line_15" HPOS="81" VPOS="997" WIDTH="1505" HEIGHT="54">
							<String ID="string_153" HPOS="81" VPOS="997" WIDTH="11" HEIGHT="29" WC="0.96" CONTENT="i"/><SP WIDTH="24" VPOS="997" HPOS="92"/>
							<String ID="string_154" HPOS="116" VPOS="998" WIDTH="157" HEIGHT="40" WC="0.96" CONTENT="reglerad"/><SP WIDTH="23" VPOS="998" HPOS="273"/>
							<String ID="string_155" HPOS="296" VPOS="999" WIDTH="323" HEIGHT="43" WC="0.93" CONTENT="befordringsgång."/><SP WIDTH="25" VPOS="999" HPOS="619"/>
							<String ID="string_156" HPOS="644" VPOS="1003" WIDTH="365" HEIGHT="42" WC="0.92" CONTENT="Högskolestyrelsens"/><SP WIDTH="25" VPOS="1003" HPOS="1009"/>
							<String ID="string_157" HPOS="1034" VPOS="1007" WIDTH="120" HEIGHT="40" WC="0.96" CONTENT="övriga"/><SP WIDTH="24" VPOS="1007" HPOS="1154"/>
							<String ID="string_158" HPOS="1178" VPOS="1009" WIDTH="131" HEIGHT="40" WC="0.96" CONTENT="förslag"/><SP WIDTH="23" VPOS="1009" HPOS="1309"/>
							<String ID="string_159" HPOS="1332" VPOS="1011" WIDTH="71" HEIGHT="30" WC="0.96" CONTENT="kan"/><SP WIDTH="22" VPOS="1011" HPOS="1403"/>
							<String ID="string_160" HPOS="1425" VPOS="1011" WIDTH="61" HEIGHT="40" WC="0.92" CONTENT="jag"/><SP WIDTH="24" VPOS="1011" HPOS="1486"/>
							<String ID="string_161" HPOS="1510" VPOS="1013" WIDTH="76" HEIGHT="30" WC="0.92" CONTENT="där-"/>
						</TextLine>
						<TextLine ID="line_16" HPOS="85" VPOS="1050" WIDTH="356" HEIGHT="33">
							<String ID="string_162" HPOS="85" VPOS="1051" WIDTH="93" HEIGHT="28" WC="0.96" CONTENT="emot"/><SP WIDTH="20" VPOS="1051" HPOS="178"/>
							<String ID="string_163" HPOS="198" VPOS="1050" WIDTH="75" HEIGHT="30" WC="0.96" CONTENT="icke"/><SP WIDTH="20" VPOS="1050" HPOS="273"/>
							<String ID="string_164" HPOS="293" VPOS="1051" WIDTH="148" HEIGHT="32" WC="0.96" CONTENT="biträda."/>
						</TextLine>
					</TextBlock>
					<TextBlock ID="block_2" HPOS="83" VPOS="1099" WIDTH="1503" HEIGHT="199">
						<TextLine ID="line_17" HPOS="128" VPOS="1099" WIDTH="1458" HEIGHT="55">
							<String ID="string_165" HPOS="128" VPOS="1099" WIDTH="27" HEIGHT="30" WC="0.87" CONTENT="Å"/><SP WIDTH="26" VPOS="1099" HPOS="155"/>
							<String ID="string_166" HPOS="181" VPOS="1101" WIDTH="431" HEIGHT="43" WC="0.91" CONTENT="personalförteckningen"/><SP WIDTH="26" VPOS="1101" HPOS="612"/>
							<String ID="string_167" HPOS="638" VPOS="1105" WIDTH="62" HEIGHT="30" WC="0.96" CONTENT="bör"/><SP WIDTH="26" VPOS="1105" HPOS="700"/>
							<String ID="string_168" HPOS="726" VPOS="1107" WIDTH="168" HEIGHT="40" WC="0.96" CONTENT="uppföras"/><SP WIDTH="28" VPOS="1107" HPOS="894"/>
							<String ID="string_169" HPOS="922" VPOS="1118" WIDTH="42" HEIGHT="20" WC="0.96" CONTENT="en"/><SP WIDTH="26" VPOS="1118" HPOS="964"/>
							<String ID="string_170" HPOS="990" VPOS="1108" WIDTH="555" HEIGHT="46" WC="0.90" CONTENT="institutionsvaktmästartjänst"/><SP WIDTH="30" VPOS="1108" HPOS="1545"/>
							<String ID="string_171" HPOS="1575" VPOS="1115" WIDTH="11" HEIGHT="29" WC="0.95" CONTENT="i"/>
						</TextLine>
						<TextLine ID="line_18" HPOS="84" VPOS="1150" WIDTH="1502" HEIGHT="49">
							<String ID="string_172" HPOS="84" VPOS="1150" WIDTH="166" HEIGHT="40" WC="0.96" CONTENT="lönegrad"/><SP WIDTH="24" VPOS="1150" HPOS="250"/>
							<String ID="string_173" HPOS="274" VPOS="1151" WIDTH="47" HEIGHT="31" WC="0.96" CONTENT="Ca"/><SP WIDTH="23" VPOS="1151" HPOS="321"/>
							<String ID="string_174" HPOS="344" VPOS="1152" WIDTH="39" HEIGHT="29" WC="0.96" CONTENT="14"/><SP WIDTH="23" VPOS="1152" HPOS="383"/>
							<String ID="string_175" HPOS="406" VPOS="1153" WIDTH="64" HEIGHT="30" WC="0.96" CONTENT="och"/><SP WIDTH="22" VPOS="1153" HPOS="470"/>
							<String ID="string_176" HPOS="492" VPOS="1163" WIDTH="42" HEIGHT="21" WC="0.93" CONTENT="en"/><SP WIDTH="21" VPOS="1163" HPOS="534"/>
							<String ID="string_177" HPOS="555" VPOS="1155" WIDTH="346" HEIGHT="41" WC="0.92" CONTENT="provberedartjänst"/><SP WIDTH="23" VPOS="1155" HPOS="901"/>
							<String ID="string_178" HPOS="924" VPOS="1159" WIDTH="11" HEIGHT="28" WC="0.96" CONTENT="i"/><SP WIDTH="24" VPOS="1159" HPOS="935"/>
							<String ID="string_179" HPOS="959" VPOS="1159" WIDTH="166" HEIGHT="40" WC="0.96" CONTENT="lönegrad"/><SP WIDTH="24" VPOS="1159" HPOS="1125"/>
							<String ID="string_180" HPOS="1149" VPOS="1160" WIDTH="45" HEIGHT="31" WC="0.96" CONTENT="Ca"/><SP WIDTH="26" VPOS="1160" HPOS="1194"/>
							<String ID="string_181" HPOS="1220" VPOS="1161" WIDTH="49" HEIGHT="30" WC="0.93" CONTENT="13."/><SP WIDTH="34" VPOS="1161" HPOS="1269"/>
							<String ID="string_182" HPOS="1303" VPOS="1161" WIDTH="26" HEIGHT="30" WC="0.80" CONTENT="Å"/><SP WIDTH="24" VPOS="1161" HPOS="1329"/>
							<String ID="string_183" HPOS="1353" VPOS="1163" WIDTH="109" HEIGHT="31" WC="0.96" CONTENT="andra"/><SP WIDTH="25" VPOS="1163" HPOS="1462"/>
							<String ID="string_184" HPOS="1487" VPOS="1164" WIDTH="99" HEIGHT="30" WC="0.96" CONTENT="sidan"/>
						</TextLine>
						<TextLine ID="line_19" HPOS="83" VPOS="1200" WIDTH="1502" HEIGHT="49">
							<String ID="string_185" HPOS="83" VPOS="1200" WIDTH="63" HEIGHT="30" WC="0.96" CONTENT="bör"/><SP WIDTH="26" VPOS="1200" HPOS="146"/>
							<String ID="string_186" HPOS="172" VPOS="1202" WIDTH="132" HEIGHT="30" WC="0.93" CONTENT="antalet"/><SP WIDTH="26" VPOS="1202" HPOS="304"/>
							<String ID="string_187" HPOS="330" VPOS="1203" WIDTH="591" HEIGHT="44" WC="0.90" CONTENT="institutionsvaktmästartjänster"/><SP WIDTH="27" VPOS="1203" HPOS="921"/>
							<String ID="string_188" HPOS="948" VPOS="1209" WIDTH="11" HEIGHT="29" WC="0.96" CONTENT="i"/><SP WIDTH="28" VPOS="1209" HPOS="959"/>
							<String ID="string_189" HPOS="987" VPOS="1210" WIDTH="164" HEIGHT="39" WC="0.96" CONTENT="lönegrad"/><SP WIDTH="29" VPOS="1210" HPOS="1151"/>
							<String ID="string_190" HPOS="1180" VPOS="1212" WIDTH="45" HEIGHT="30" WC="0.96" CONTENT="Ca"/><SP WIDTH="30" VPOS="1212" HPOS="1225"/>
							<String ID="string_191" HPOS="1255" VPOS="1213" WIDTH="38" HEIGHT="29" WC="0.96" CONTENT="12"/><SP WIDTH="28" VPOS="1213" HPOS="1293"/>
							<String ID="string_192" HPOS="1321" VPOS="1213" WIDTH="158" HEIGHT="31" WC="0.96" CONTENT="minskas"/><SP WIDTH="28" VPOS="1213" HPOS="1479"/>
							<String ID="string_193" HPOS="1507" VPOS="1216" WIDTH="78" HEIGHT="29" WC="0.96" CONTENT="med"/>
						</TextLine>
						<TextLine ID="line_20" HPOS="83" VPOS="1252" WIDTH="1086" HEIGHT="46">
							<String ID="string_194" HPOS="83" VPOS="1260" WIDTH="43" HEIGHT="20" WC="0.96" CONTENT="en"/><SP WIDTH="19" VPOS="1260" HPOS="126"/>
							<String ID="string_195" HPOS="145" VPOS="1252" WIDTH="65" HEIGHT="30" WC="0.96" CONTENT="och"/><SP WIDTH="18" VPOS="1252" HPOS="210"/>
							<String ID="string_196" HPOS="228" VPOS="1254" WIDTH="131" HEIGHT="29" WC="0.96" CONTENT="antalet"/><SP WIDTH="18" VPOS="1254" HPOS="359"/>
							<String ID="string_197" HPOS="377" VPOS="1253" WIDTH="108" HEIGHT="33" WC="0.93" CONTENT="förste"/><SP WIDTH="19" VPOS="1253" HPOS="485"/>
							<String ID="string_198" HPOS="504" VPOS="1256" WIDTH="472" HEIGHT="42" WC="0.91" CONTENT="expeditionsvaktstjänster"/><SP WIDTH="21" VPOS="1256" HPOS="976"/>
							<String ID="string_199" HPOS="997" VPOS="1262" WIDTH="79" HEIGHT="30" WC="0.96" CONTENT="med"/><SP WIDTH="19" VPOS="1262" HPOS="1076"/>
							<String ID="string_200" HPOS="1095" VPOS="1270" WIDTH="74" HEIGHT="22" WC="0.33" CONTENT="en.»"/>
						</TextLine>
					</TextBlock>
				</ComposedBlock>
				<ComposedBlock ID="cblock_2" HPOS="75" VPOS="1352" WIDTH="1510" HEIGHT="1210">
					<TextBlock ID="block_3" HPOS="78" VPOS="1352" WIDTH="1507" HEIGHT="353">
						<TextLine ID="line_21" HPOS="128" VPOS="1352" WIDTH="1457" HEIGHT="49">
							<String ID="string_201" HPOS="128" VPOS="1352" WIDTH="186" HEIGHT="32" WC="0.93" CONTENT="Utskottet,"/><SP WIDTH="24" VPOS="1352" HPOS="314"/>
							<String ID="string_202" HPOS="338" VPOS="1354" WIDTH="13" HEIGHT="29" WC="0.89" CONTENT="I"/><SP WIDTH="24" VPOS="1354" HPOS="351"/>
							<String ID="string_203" HPOS="375" VPOS="1354" WIDTH="220" HEIGHT="31" WC="0.95" CONTENT="motionerna"/><SP WIDTH="24" VPOS="1354" HPOS="595"/>
							<String ID="string_204" HPOS="619" VPOS="1357" WIDTH="29" HEIGHT="29" WC="0.70" CONTENT="1:"/><SP WIDTH="19" VPOS="1357" HPOS="648"/>
							<String ID="string_205" HPOS="667" VPOS="1357" WIDTH="60" HEIGHT="30" WC="0.95" CONTENT="183"/><SP WIDTH="24" VPOS="1357" HPOS="727"/>
							<String ID="string_206" HPOS="751" VPOS="1358" WIDTH="64" HEIGHT="29" WC="0.95" CONTENT="och"/><SP WIDTH="23" VPOS="1358" HPOS="815"/>
							<String ID="string_207" HPOS="838" VPOS="1359" WIDTH="45" HEIGHT="29" WC="0.94" CONTENT="II:"/><SP WIDTH="17" VPOS="1359" HPOS="883"/>
							<String ID="string_208" HPOS="900" VPOS="1360" WIDTH="63" HEIGHT="30" WC="0.96" CONTENT="238"/><SP WIDTH="24" VPOS="1360" HPOS="963"/>
							<String ID="string_209" HPOS="987" VPOS="1360" WIDTH="64" HEIGHT="30" WC="0.91" CONTENT="har"/><SP WIDTH="24" VPOS="1360" HPOS="1051"/>
							<String ID="string_210" HPOS="1075" VPOS="1362" WIDTH="132" HEIGHT="39" WC="0.91" CONTENT="yrkats,"/><SP WIDTH="24" VPOS="1362" HPOS="1207"/>
							<String ID="string_211" HPOS="1231" VPOS="1365" WIDTH="50" HEIGHT="28" WC="0.96" CONTENT="att"/><SP WIDTH="24" VPOS="1365" HPOS="1281"/>
							<String ID="string_212" HPOS="1305" VPOS="1365" WIDTH="57" HEIGHT="30" WC="0.93" CONTENT="vid"/><SP WIDTH="24" VPOS="1365" HPOS="1362"/>
							<String ID="string_213" HPOS="1386" VPOS="1366" WIDTH="199" HEIGHT="30" WC="0.92" CONTENT="lantbruks-"/>
						</TextLine>
						<TextLine ID="line_22" HPOS="82" VPOS="1402" WIDTH="1502" HEIGHT="56">
							<String ID="string_214" HPOS="82" VPOS="1402" WIDTH="223" HEIGHT="40" WC="0.96" CONTENT="högskolan"/><SP WIDTH="-18" VPOS="1402" HPOS="305"/>
							<String ID="string_215" HPOS="287" VPOS="1398" WIDTH="22" HEIGHT="55" WC="0.96" CONTENT="i"/><SP WIDTH="19" VPOS="1398" HPOS="309"/>
							<String ID="string_216" HPOS="328" VPOS="1405" WIDTH="150" HEIGHT="40" WC="0.96" CONTENT="enlighet"/><SP WIDTH="17" VPOS="1405" HPOS="478"/>
							<String ID="string_217" HPOS="495" VPOS="1408" WIDTH="79" HEIGHT="29" WC="0.92" CONTENT="med"/><SP WIDTH="22" VPOS="1408" HPOS="574"/>
							<String ID="string_218" HPOS="596" VPOS="1408" WIDTH="358" HEIGHT="41" WC="0.91" CONTENT="högskolestyrelsens"/><SP WIDTH="23" VPOS="1408" HPOS="954"/>
							<String ID="string_219" HPOS="977" VPOS="1412" WIDTH="133" HEIGHT="41" WC="0.96" CONTENT="förslag"/><SP WIDTH="17" VPOS="1412" HPOS="1110"/>
							<String ID="string_220" HPOS="1127" VPOS="1414" WIDTH="88" HEIGHT="31" WC="0.96" CONTENT="skall"/><SP WIDTH="22" VPOS="1414" HPOS="1215"/>
							<String ID="string_221" HPOS="1237" VPOS="1415" WIDTH="149" HEIGHT="31" WC="0.96" CONTENT="inrättas"/><SP WIDTH="23" VPOS="1415" HPOS="1386"/>
							<String ID="string_222" HPOS="1409" VPOS="1426" WIDTH="42" HEIGHT="21" WC="0.96" CONTENT="en"/><SP WIDTH="23" VPOS="1426" HPOS="1451"/>
							<String ID="string_223" HPOS="1474" VPOS="1419" WIDTH="110" HEIGHT="39" WC="0.96" CONTENT="tjänst"/>
						</TextLine>
						<TextLine ID="line_23" HPOS="83" VPOS="1454" WIDTH="1501" HEIGHT="52">
							<String ID="string_224" HPOS="83" VPOS="1462" WIDTH="75" HEIGHT="21" WC="0.96" CONTENT="som"/><SP WIDTH="19" VPOS="1462" HPOS="158"/>
							<String ID="string_225" HPOS="177" VPOS="1454" WIDTH="107" HEIGHT="31" WC="0.93" CONTENT="förste"/><SP WIDTH="18" VPOS="1454" HPOS="284"/>
							<String ID="string_226" HPOS="302" VPOS="1455" WIDTH="353" HEIGHT="33" WC="0.91" CONTENT="biblioteksassistent"/><SP WIDTH="17" VPOS="1455" HPOS="655"/>
							<String ID="string_227" HPOS="672" VPOS="1460" WIDTH="11" HEIGHT="29" WC="0.96" CONTENT="i"/><SP WIDTH="19" VPOS="1460" HPOS="683"/>
							<String ID="string_228" HPOS="702" VPOS="1459" WIDTH="164" HEIGHT="40" WC="0.96" CONTENT="lönegrad"/><SP WIDTH="18" VPOS="1459" HPOS="866"/>
							<String ID="string_229" HPOS="884" VPOS="1461" WIDTH="43" HEIGHT="30" WC="0.96" CONTENT="Ce"/><SP WIDTH="21" VPOS="1461" HPOS="927"/>
							<String ID="string_230" HPOS="948" VPOS="1462" WIDTH="49" HEIGHT="30" WC="0.96" CONTENT="17."/><SP WIDTH="20" VPOS="1462" HPOS="997"/>
							<String ID="string_231" HPOS="1017" VPOS="1463" WIDTH="123" HEIGHT="30" WC="0.96" CONTENT="Såsom"/><SP WIDTH="17" VPOS="1463" HPOS="1140"/>
							<String ID="string_232" HPOS="1157" VPOS="1465" WIDTH="208" HEIGHT="41" WC="0.95" CONTENT="motivering"/><SP WIDTH="17" VPOS="1465" HPOS="1365"/>
							<String ID="string_233" HPOS="1382" VPOS="1468" WIDTH="121" HEIGHT="31" WC="0.96" CONTENT="härför"/><SP WIDTH="17" VPOS="1468" HPOS="1503"/>
							<String ID="string_234" HPOS="1520" VPOS="1470" WIDTH="64" HEIGHT="29" WC="0.95" CONTENT="har"/>
						</TextLine>
						<TextLine ID="line_24" HPOS="82" VPOS="1503" WIDTH="1501" HEIGHT="51">
							<String ID="string_235" HPOS="82" VPOS="1503" WIDTH="147" HEIGHT="35" WC="0.96" CONTENT="anförts,"/><SP WIDTH="27" VPOS="1503" HPOS="229"/>
							<String ID="string_236" HPOS="256" VPOS="1506" WIDTH="51" HEIGHT="29" WC="0.93" CONTENT="att"/><SP WIDTH="22" VPOS="1506" HPOS="307"/>
							<String ID="string_237" HPOS="329" VPOS="1506" WIDTH="369" HEIGHT="39" WC="0.91" CONTENT="personalresurserna"/><SP WIDTH="23" VPOS="1506" HPOS="698"/>
							<String ID="string_238" HPOS="721" VPOS="1509" WIDTH="89" HEIGHT="31" WC="0.95" CONTENT="visat"/><SP WIDTH="24" VPOS="1509" HPOS="810"/>
							<String ID="string_239" HPOS="834" VPOS="1510" WIDTH="51" HEIGHT="41" WC="0.96" CONTENT="sig"/><SP WIDTH="23" VPOS="1510" HPOS="885"/>
							<String ID="string_240" HPOS="908" VPOS="1512" WIDTH="232" HEIGHT="42" WC="0.96" CONTENT="otillräckliga"/><SP WIDTH="24" VPOS="1512" HPOS="1140"/>
							<String ID="string_241" HPOS="1164" VPOS="1515" WIDTH="11" HEIGHT="29" WC="0.96" CONTENT="i"/><SP WIDTH="24" VPOS="1515" HPOS="1175"/>
							<String ID="string_242" HPOS="1199" VPOS="1515" WIDTH="218" HEIGHT="33" WC="0.96" CONTENT="förhållande"/><SP WIDTH="24" VPOS="1515" HPOS="1417"/>
							<String ID="string_243" HPOS="1441" VPOS="1518" WIDTH="53" HEIGHT="30" WC="0.96" CONTENT="till"/><SP WIDTH="24" VPOS="1518" HPOS="1494"/>
							<String ID="string_244" HPOS="1518" VPOS="1520" WIDTH="65" HEIGHT="29" WC="0.96" CONTENT="den"/>
						</TextLine>
						<TextLine ID="line_25" HPOS="81" VPOS="1552" WIDTH="1503" HEIGHT="50">
							<String ID="string_245" HPOS="81" VPOS="1552" WIDTH="160" HEIGHT="31" WC="0.96" CONTENT="alltmera"/><SP WIDTH="26" VPOS="1552" HPOS="241"/>
							<String ID="string_246" HPOS="267" VPOS="1554" WIDTH="113" HEIGHT="30" WC="0.93" CONTENT="ökade"/><SP WIDTH="27" VPOS="1554" HPOS="380"/>
							<String ID="string_247" HPOS="407" VPOS="1555" WIDTH="262" HEIGHT="32" WC="0.91" CONTENT="arbetsbördan."/><SP WIDTH="28" VPOS="1555" HPOS="669"/>
							<String ID="string_248" HPOS="697" VPOS="1559" WIDTH="103" HEIGHT="29" WC="0.96" CONTENT="Detta"/><SP WIDTH="26" VPOS="1559" HPOS="800"/>
							<String ID="string_249" HPOS="826" VPOS="1560" WIDTH="64" HEIGHT="30" WC="0.96" CONTENT="har"/><SP WIDTH="29" VPOS="1560" HPOS="890"/>
							<String ID="string_250" HPOS="919" VPOS="1561" WIDTH="108" HEIGHT="39" WC="0.96" CONTENT="enligt"/><SP WIDTH="27" VPOS="1561" HPOS="1027"/>
							<String ID="string_251" HPOS="1054" VPOS="1563" WIDTH="261" HEIGHT="32" WC="0.96" CONTENT="motionärerna"/><SP WIDTH="28" VPOS="1563" HPOS="1315"/>
							<String ID="string_252" HPOS="1343" VPOS="1567" WIDTH="162" HEIGHT="35" WC="0.96" CONTENT="medfört,"/><SP WIDTH="29" VPOS="1567" HPOS="1505"/>
							<String ID="string_253" HPOS="1534" VPOS="1570" WIDTH="50" HEIGHT="28" WC="0.96" CONTENT="att"/>
						</TextLine>
						<TextLine ID="line_26" HPOS="79" VPOS="1603" WIDTH="1505" HEIGHT="55">
							<String ID="string_254" HPOS="79" VPOS="1603" WIDTH="196" HEIGHT="39" WC="0.93" CONTENT="betydande"/><SP WIDTH="27" VPOS="1603" HPOS="275"/>
							<String ID="string_255" HPOS="302" VPOS="1605" WIDTH="293" HEIGHT="41" WC="0.92" CONTENT="eftersläpningar"/><SP WIDTH="27" VPOS="1605" HPOS="595"/>
							<String ID="string_256" HPOS="622" VPOS="1609" WIDTH="168" HEIGHT="39" WC="0.96" CONTENT="uppstått,"/><SP WIDTH="28" VPOS="1609" HPOS="790"/>
							<String ID="string_257" HPOS="818" VPOS="1611" WIDTH="143" HEIGHT="30" WC="0.96" CONTENT="särskilt"/><SP WIDTH="26" VPOS="1611" HPOS="961"/>
							<String ID="string_258" HPOS="987" VPOS="1612" WIDTH="223" HEIGHT="32" WC="0.97" CONTENT="beträffande"/><SP WIDTH="27" VPOS="1612" HPOS="1210"/>
							<String ID="string_259" HPOS="1237" VPOS="1615" WIDTH="347" HEIGHT="43" WC="0.90" CONTENT="katalogiseringsar-"/>
						</TextLine>
						<TextLine ID="line_27" HPOS="78" VPOS="1653" WIDTH="1460" HEIGHT="52">
							<String ID="string_260" HPOS="78" VPOS="1653" WIDTH="103" HEIGHT="34" WC="0.96" CONTENT="betet,"/><SP WIDTH="23" VPOS="1653" HPOS="181"/>
							<String ID="string_261" HPOS="204" VPOS="1654" WIDTH="65" HEIGHT="29" WC="0.96" CONTENT="och"/><SP WIDTH="22" VPOS="1654" HPOS="269"/>
							<String ID="string_262" HPOS="291" VPOS="1656" WIDTH="51" HEIGHT="28" WC="0.96" CONTENT="att"/><SP WIDTH="21" VPOS="1656" HPOS="342"/>
							<String ID="string_263" HPOS="363" VPOS="1655" WIDTH="220" HEIGHT="32" WC="0.96" CONTENT="bibliotekets"/><SP WIDTH="21" VPOS="1655" HPOS="583"/>
							<String ID="string_264" HPOS="604" VPOS="1658" WIDTH="279" HEIGHT="40" WC="0.96" CONTENT="låneexpedition"/><SP WIDTH="23" VPOS="1658" HPOS="883"/>
							<String ID="string_265" HPOS="906" VPOS="1662" WIDTH="110" HEIGHT="30" WC="0.96" CONTENT="måste"/><SP WIDTH="22" VPOS="1662" HPOS="1016"/>
							<String ID="string_266" HPOS="1038" VPOS="1663" WIDTH="113" HEIGHT="31" WC="0.96" CONTENT="hållas"/><SP WIDTH="24" VPOS="1663" HPOS="1151"/>
							<String ID="string_267" HPOS="1175" VPOS="1666" WIDTH="124" HEIGHT="39" WC="0.96" CONTENT="stängd"/><SP WIDTH="24" VPOS="1666" HPOS="1299"/>
							<String ID="string_268" HPOS="1323" VPOS="1667" WIDTH="92" HEIGHT="30" WC="0.95" CONTENT="vissa"/><SP WIDTH="24" VPOS="1667" HPOS="1415"/>
							<String ID="string_269" HPOS="1439" VPOS="1669" WIDTH="99" HEIGHT="30" WC="0.96" CONTENT="tider."/>
						</TextLine>
					</TextBlock>
					<TextBlock ID="block_4" HPOS="76" VPOS="1704" WIDTH="1506" HEIGHT="446">
						<TextLine ID="line_28" HPOS="124" VPOS="1704" WIDTH="1458" HEIGHT="51">
							<String ID="string_270" HPOS="124" VPOS="1704" WIDTH="14" HEIGHT="29" WC="0.95" CONTENT="I"/><SP WIDTH="22" VPOS="1704" HPOS="138"/>
							<String ID="string_271" HPOS="160" VPOS="1704" WIDTH="110" HEIGHT="30" WC="0.95" CONTENT="likhet"/><SP WIDTH="22" VPOS="1704" HPOS="270"/>
							<String ID="string_272" HPOS="292" VPOS="1706" WIDTH="78" HEIGHT="29" WC="0.96" CONTENT="med"/><SP WIDTH="23" VPOS="1706" HPOS="370"/>
							<String ID="string_273" HPOS="393" VPOS="1706" WIDTH="261" HEIGHT="32" WC="0.96" CONTENT="motionärerna"/><SP WIDTH="22" VPOS="1706" HPOS="654"/>
							<String ID="string_274" HPOS="676" VPOS="1718" WIDTH="102" HEIGHT="21" WC="0.95" CONTENT="anser"/><SP WIDTH="21" VPOS="1718" HPOS="778"/>
							<String ID="string_275" HPOS="799" VPOS="1711" WIDTH="171" HEIGHT="31" WC="0.96" CONTENT="utskottet"/><SP WIDTH="24" VPOS="1711" HPOS="970"/>
							<String ID="string_276" HPOS="994" VPOS="1713" WIDTH="57" HEIGHT="30" WC="0.96" CONTENT="det"/><SP WIDTH="24" VPOS="1713" HPOS="1051"/>
							<String ID="string_277" HPOS="1075" VPOS="1715" WIDTH="190" HEIGHT="40" WC="0.96" CONTENT="angeläget,"/><SP WIDTH="23" VPOS="1715" HPOS="1265"/>
							<String ID="string_278" HPOS="1288" VPOS="1719" WIDTH="51" HEIGHT="28" WC="0.93" CONTENT="att"/><SP WIDTH="21" VPOS="1719" HPOS="1339"/>
							<String ID="string_279" HPOS="1360" VPOS="1719" WIDTH="222" HEIGHT="30" WC="0.92" CONTENT="verksamhe-"/>
						</TextLine>
						<TextLine ID="line_29" HPOS="79" VPOS="1754" WIDTH="1503" HEIGHT="54">
							<String ID="string_280" HPOS="79" VPOS="1754" WIDTH="59" HEIGHT="29" WC="0.96" CONTENT="ten"/><SP WIDTH="25" VPOS="1754" HPOS="138"/>
							<String ID="string_281" HPOS="163" VPOS="1754" WIDTH="57" HEIGHT="30" WC="0.96" CONTENT="vid"/><SP WIDTH="25" VPOS="1754" HPOS="220"/>
							<String ID="string_282" HPOS="245" VPOS="1755" WIDTH="203" HEIGHT="31" WC="0.96" CONTENT="biblioteket"/><SP WIDTH="26" VPOS="1755" HPOS="448"/>
							<String ID="string_283" HPOS="474" VPOS="1757" WIDTH="70" HEIGHT="30" WC="0.93" CONTENT="kan"/><SP WIDTH="27" VPOS="1757" HPOS="544"/>
							<String ID="string_284" HPOS="571" VPOS="1760" WIDTH="258" HEIGHT="38" WC="0.89" CONTENT="upprälthållas"/><SP WIDTH="26" VPOS="1760" HPOS="829"/>
							<String ID="string_285" HPOS="855" VPOS="1761" WIDTH="10" HEIGHT="29" WC="0.96" CONTENT="i"/><SP WIDTH="25" VPOS="1761" HPOS="865"/>
							<String ID="string_286" HPOS="890" VPOS="1762" WIDTH="207" HEIGHT="41" WC="0.96" CONTENT="erforderlig"/><SP WIDTH="28" VPOS="1762" HPOS="1097"/>
							<String ID="string_287" HPOS="1125" VPOS="1767" WIDTH="255" HEIGHT="41" WC="0.95" CONTENT="utsträckning."/><SP WIDTH="26" VPOS="1767" HPOS="1380"/>
							<String ID="string_288" HPOS="1406" VPOS="1769" WIDTH="176" HEIGHT="31" WC="0.95" CONTENT="Utskottet"/>
						</TextLine>
						<TextLine ID="line_30" HPOS="78" VPOS="1803" WIDTH="1504" HEIGHT="56">
							<String ID="string_289" HPOS="78" VPOS="1803" WIDTH="60" HEIGHT="29" WC="0.96" CONTENT="vill"/><SP WIDTH="23" VPOS="1803" HPOS="138"/>
							<String ID="string_290" HPOS="161" VPOS="1804" WIDTH="120" HEIGHT="30" WC="0.96" CONTENT="därför"/><SP WIDTH="23" VPOS="1804" HPOS="281"/>
							<String ID="string_291" HPOS="304" VPOS="1806" WIDTH="234" HEIGHT="40" WC="0.93" CONTENT="understryka"/><SP WIDTH="22" VPOS="1806" HPOS="538"/>
							<String ID="string_292" HPOS="560" VPOS="1809" WIDTH="283" HEIGHT="31" WC="0.92" CONTENT="önskvärdheten"/><SP WIDTH="23" VPOS="1809" HPOS="843"/>
							<String ID="string_293" HPOS="866" VPOS="1820" WIDTH="42" HEIGHT="22" WC="0.96" CONTENT="av"/><SP WIDTH="24" VPOS="1820" HPOS="908"/>
							<String ID="string_294" HPOS="932" VPOS="1815" WIDTH="50" HEIGHT="29" WC="0.95" CONTENT="att"/><SP WIDTH="24" VPOS="1815" HPOS="982"/>
							<String ID="string_295" HPOS="1006" VPOS="1814" WIDTH="41" HEIGHT="29" WC="0.96" CONTENT="de"/><SP WIDTH="24" VPOS="1814" HPOS="1047"/>
							<String ID="string_296" HPOS="1071" VPOS="1824" WIDTH="42" HEIGHT="21" WC="0.96" CONTENT="av"/><SP WIDTH="23" VPOS="1824" HPOS="1113"/>
							<String ID="string_297" HPOS="1136" VPOS="1816" WIDTH="261" HEIGHT="32" WC="0.96" CONTENT="motionärerna"/><SP WIDTH="23" VPOS="1816" HPOS="1397"/>
							<String ID="string_298" HPOS="1420" VPOS="1820" WIDTH="162" HEIGHT="39" WC="0.96" CONTENT="påtalade"/>
						</TextLine>
						<TextLine ID="line_31" HPOS="76" VPOS="1853" WIDTH="1505" HEIGHT="56">
							<String ID="string_299" HPOS="76" VPOS="1853" WIDTH="176" HEIGHT="31" WC="0.96" CONTENT="bristerna"/><SP WIDTH="21" VPOS="1853" HPOS="252"/>
							<String ID="string_300" HPOS="273" VPOS="1855" WIDTH="223" HEIGHT="31" WC="0.96" CONTENT="beträffande"/><SP WIDTH="21" VPOS="1855" HPOS="496"/>
							<String ID="string_301" HPOS="517" VPOS="1860" WIDTH="227" HEIGHT="37" WC="0.96" CONTENT="personalens"/><SP WIDTH="23" VPOS="1860" HPOS="744"/>
							<String ID="string_302" HPOS="767" VPOS="1862" WIDTH="95" HEIGHT="29" WC="0.96" CONTENT="antal"/><SP WIDTH="24" VPOS="1862" HPOS="862"/>
							<String ID="string_303" HPOS="886" VPOS="1865" WIDTH="139" HEIGHT="27" WC="0.96" CONTENT="snarast"/><SP WIDTH="22" VPOS="1865" HPOS="1025"/>
							<String ID="string_304" HPOS="1047" VPOS="1865" WIDTH="193" HEIGHT="40" WC="0.92" CONTENT="avhjälpes."/><SP WIDTH="26" VPOS="1865" HPOS="1240"/>
							<String ID="string_305" HPOS="1266" VPOS="1868" WIDTH="77" HEIGHT="30" WC="0.96" CONTENT="Med"/><SP WIDTH="24" VPOS="1868" HPOS="1343"/>
							<String ID="string_306" HPOS="1367" VPOS="1869" WIDTH="139" HEIGHT="40" WC="0.96" CONTENT="hänsyn"/><SP WIDTH="23" VPOS="1869" HPOS="1506"/>
							<String ID="string_307" HPOS="1529" VPOS="1871" WIDTH="52" HEIGHT="30" WC="0.96" CONTENT="till"/>
						</TextLine>
						<TextLine ID="line_32" HPOS="78" VPOS="1903" WIDTH="1502" HEIGHT="58">
							<String ID="string_308" HPOS="78" VPOS="1903" WIDTH="122" HEIGHT="31" WC="0.96" CONTENT="kravet"/><SP WIDTH="21" VPOS="1903" HPOS="200"/>
							<String ID="string_309" HPOS="221" VPOS="1905" WIDTH="44" HEIGHT="39" WC="0.96" CONTENT="på"/><SP WIDTH="20" VPOS="1905" HPOS="265"/>
							<String ID="string_310" HPOS="285" VPOS="1906" WIDTH="287" HEIGHT="31" WC="0.96" CONTENT="återhållsamhet"/><SP WIDTH="21" VPOS="1906" HPOS="572"/>
							<String ID="string_311" HPOS="593" VPOS="1908" WIDTH="10" HEIGHT="29" WC="0.96" CONTENT="i"/><SP WIDTH="23" VPOS="1908" HPOS="603"/>
							<String ID="string_312" HPOS="626" VPOS="1909" WIDTH="99" HEIGHT="40" WC="0.96" CONTENT="fråga"/><SP WIDTH="20" VPOS="1909" HPOS="725"/>
							<String ID="string_313" HPOS="745" VPOS="1919" WIDTH="58" HEIGHT="21" WC="0.95" CONTENT="om"/><SP WIDTH="22" VPOS="1919" HPOS="803"/>
							<String ID="string_314" HPOS="825" VPOS="1912" WIDTH="216" HEIGHT="31" WC="0.95" CONTENT="inrättandet"/><SP WIDTH="22" VPOS="1912" HPOS="1041"/>
							<String ID="string_315" HPOS="1063" VPOS="1924" WIDTH="43" HEIGHT="21" WC="0.95" CONTENT="av"/><SP WIDTH="21" VPOS="1924" HPOS="1106"/>
							<String ID="string_316" HPOS="1127" VPOS="1924" WIDTH="68" HEIGHT="30" WC="0.93" CONTENT="nya"/><SP WIDTH="25" VPOS="1924" HPOS="1195"/>
							<String ID="string_317" HPOS="1220" VPOS="1917" WIDTH="147" HEIGHT="38" WC="0.91" CONTENT="ljänster"/><SP WIDTH="23" VPOS="1917" HPOS="1367"/>
							<String ID="string_318" HPOS="1390" VPOS="1919" WIDTH="117" HEIGHT="31" WC="0.96" CONTENT="finner"/><SP WIDTH="23" VPOS="1919" HPOS="1507"/>
							<String ID="string_319" HPOS="1530" VPOS="1922" WIDTH="50" HEIGHT="39" WC="0.96" CONTENT="sig"/>
						</TextLine>
						<TextLine ID="line_33" HPOS="77" VPOS="1954" WIDTH="1503" HEIGHT="57">
							<String ID="string_320" HPOS="77" VPOS="1954" WIDTH="172" HEIGHT="30" WC="0.96" CONTENT="utskottet"/><SP WIDTH="20" VPOS="1954" HPOS="249"/>
							<String ID="string_321" HPOS="269" VPOS="1956" WIDTH="192" HEIGHT="30" WC="0.95" CONTENT="emellertid"/><SP WIDTH="23" VPOS="1956" HPOS="461"/>
							<String ID="string_322" HPOS="484" VPOS="1957" WIDTH="75" HEIGHT="30" WC="0.96" CONTENT="icke"/><SP WIDTH="21" VPOS="1957" HPOS="559"/>
							<String ID="string_323" HPOS="580" VPOS="1968" WIDTH="47" HEIGHT="20" WC="0.96" CONTENT="nu"/><SP WIDTH="21" VPOS="1968" HPOS="627"/>
							<String ID="string_324" HPOS="648" VPOS="1959" WIDTH="84" HEIGHT="30" WC="0.96" CONTENT="böra"/><SP WIDTH="23" VPOS="1959" HPOS="732"/>
							<String ID="string_325" HPOS="755" VPOS="1962" WIDTH="79" HEIGHT="29" WC="0.93" CONTENT="med"/><SP WIDTH="22" VPOS="1962" HPOS="834"/>
							<String ID="string_326" HPOS="856" VPOS="1961" WIDTH="214" HEIGHT="41" WC="0.91" CONTENT="frångående"/><SP WIDTH="22" VPOS="1961" HPOS="1070"/>
							<String ID="string_327" HPOS="1092" VPOS="1974" WIDTH="43" HEIGHT="20" WC="0.96" CONTENT="av"/><SP WIDTH="20" VPOS="1974" HPOS="1135"/>
							<String ID="string_328" HPOS="1155" VPOS="1966" WIDTH="126" HEIGHT="39" WC="0.94" CONTENT="Kungl."/><SP WIDTH="22" VPOS="1966" HPOS="1281"/>
							<String ID="string_329" HPOS="1303" VPOS="1968" WIDTH="123" HEIGHT="40" WC="0.96" CONTENT="Maj:ts"/><SP WIDTH="23" VPOS="1968" HPOS="1426"/>
							<String ID="string_330" HPOS="1449" VPOS="1970" WIDTH="131" HEIGHT="41" WC="0.96" CONTENT="förslag"/>
						</TextLine>
						<TextLine ID="line_34" HPOS="77" VPOS="2004" WIDTH="1502" HEIGHT="62">
							<String ID="string_331" HPOS="77" VPOS="2004" WIDTH="176" HEIGHT="39" WC="0.96" CONTENT="tillstyrka"/><SP WIDTH="17" VPOS="2004" HPOS="253"/>
							<String ID="string_332" HPOS="270" VPOS="2005" WIDTH="100" HEIGHT="30" WC="0.96" CONTENT="bifall"/><SP WIDTH="20" VPOS="2005" HPOS="370"/>
							<String ID="string_333" HPOS="390" VPOS="2007" WIDTH="51" HEIGHT="29" WC="0.96" CONTENT="till"/><SP WIDTH="20" VPOS="2007" HPOS="441"/>
							<String ID="string_334" HPOS="461" VPOS="2008" WIDTH="229" HEIGHT="31" WC="0.96" CONTENT="motionerna."/><SP WIDTH="19" VPOS="2008" HPOS="690"/>
							<String ID="string_335" HPOS="709" VPOS="2011" WIDTH="175" HEIGHT="30" WC="0.96" CONTENT="Utskottet"/><SP WIDTH="19" VPOS="2011" HPOS="884"/>
							<String ID="string_336" HPOS="903" VPOS="2013" WIDTH="206" HEIGHT="31" WC="0.95" CONTENT="förutsätter"/><SP WIDTH="18" VPOS="2013" HPOS="1109"/>
							<String ID="string_337" HPOS="1127" VPOS="2016" WIDTH="90" HEIGHT="29" WC="0.96" CONTENT="dock"/><SP WIDTH="17" VPOS="2016" HPOS="1217"/>
							<String ID="string_338" HPOS="1234" VPOS="2018" WIDTH="132" HEIGHT="35" WC="0.96" CONTENT="därvid,"/><SP WIDTH="19" VPOS="2018" HPOS="1366"/>
							<String ID="string_339" HPOS="1385" VPOS="2022" WIDTH="50" HEIGHT="27" WC="0.96" CONTENT="att"/><SP WIDTH="19" VPOS="2022" HPOS="1435"/>
							<String ID="string_340" HPOS="1454" VPOS="2017" WIDTH="125" HEIGHT="49" WC="0.95" CONTENT="Kungl."/>
						</TextLine>
						<TextLine ID="line_35" HPOS="77" VPOS="2054" WIDTH="1501" HEIGHT="50">
							<String ID="string_341" HPOS="77" VPOS="2054" WIDTH="106" HEIGHT="39" WC="0.96" CONTENT="Maj:t"/><SP WIDTH="22" VPOS="2054" HPOS="183"/>
							<String ID="string_342" HPOS="205" VPOS="2055" WIDTH="63" HEIGHT="30" WC="0.95" CONTENT="har"/><SP WIDTH="22" VPOS="2055" HPOS="268"/>
							<String ID="string_343" HPOS="290" VPOS="2056" WIDTH="55" HEIGHT="29" WC="0.96" CONTENT="sin"/><SP WIDTH="21" VPOS="2056" HPOS="345"/>
							<String ID="string_344" HPOS="366" VPOS="2058" WIDTH="315" HEIGHT="38" WC="0.95" CONTENT="uppmärksamhet"/><SP WIDTH="19" VPOS="2058" HPOS="681"/>
							<String ID="string_345" HPOS="700" VPOS="2061" WIDTH="117" HEIGHT="30" WC="0.96" CONTENT="riktad"/><SP WIDTH="22" VPOS="2061" HPOS="817"/>
							<String ID="string_346" HPOS="839" VPOS="2062" WIDTH="44" HEIGHT="39" WC="0.96" CONTENT="på"/><SP WIDTH="21" VPOS="2062" HPOS="883"/>
							<String ID="string_347" HPOS="904" VPOS="2063" WIDTH="114" HEIGHT="30" WC="0.96" CONTENT="denna"/><SP WIDTH="23" VPOS="2063" HPOS="1018"/>
							<String ID="string_348" HPOS="1041" VPOS="2065" WIDTH="97" HEIGHT="39" WC="0.96" CONTENT="fråga"/><SP WIDTH="23" VPOS="2065" HPOS="1138"/>
							<String ID="string_349" HPOS="1161" VPOS="2067" WIDTH="64" HEIGHT="29" WC="0.96" CONTENT="och"/><SP WIDTH="22" VPOS="2067" HPOS="1225"/>
							<String ID="string_350" HPOS="1247" VPOS="2068" WIDTH="38" HEIGHT="29" WC="0.96" CONTENT="så"/><SP WIDTH="22" VPOS="2068" HPOS="1285"/>
							<String ID="string_351" HPOS="1307" VPOS="2074" WIDTH="97" HEIGHT="27" WC="0.96" CONTENT="snart"/><SP WIDTH="23" VPOS="2074" HPOS="1404"/>
							<String ID="string_352" HPOS="1427" VPOS="2071" WIDTH="60" HEIGHT="30" WC="0.96" CONTENT="ske"/><SP WIDTH="22" VPOS="2071" HPOS="1487"/>
							<String ID="string_353" HPOS="1509" VPOS="2073" WIDTH="69" HEIGHT="28" WC="0.96" CONTENT="kan"/>
						</TextLine>
						<TextLine ID="line_36" HPOS="77" VPOS="2104" WIDTH="723" HEIGHT="46">
							<String ID="string_354" HPOS="77" VPOS="2104" WIDTH="211" HEIGHT="40" WC="0.96" CONTENT="framlägger"/><SP WIDTH="25" VPOS="2104" HPOS="288"/>
							<String ID="string_355" HPOS="313" VPOS="2106" WIDTH="131" HEIGHT="40" WC="0.96" CONTENT="förslag"/><SP WIDTH="25" VPOS="2106" HPOS="444"/>
							<String ID="string_356" HPOS="469" VPOS="2108" WIDTH="51" HEIGHT="29" WC="0.96" CONTENT="till"/><SP WIDTH="26" VPOS="2108" HPOS="520"/>
							<String ID="string_357" HPOS="546" VPOS="2109" WIDTH="80" HEIGHT="30" WC="0.96" CONTENT="dess"/><SP WIDTH="27" VPOS="2109" HPOS="626"/>
							<String ID="string_358" HPOS="653" VPOS="2110" WIDTH="147" HEIGHT="40" WC="0.96" CONTENT="lösning."/>
						</TextLine>
					</TextBlock>
					<TextBlock ID="block_5" HPOS="75" VPOS="2154" WIDTH="1504" HEIGHT="90">
						<TextLine ID="line_37" HPOS="119" VPOS="2154" WIDTH="1460" HEIGHT="53">
							<String ID="string_359" HPOS="119" VPOS="2154" WIDTH="53" HEIGHT="30" WC="0.95" CONTENT="Då"/><SP WIDTH="22" VPOS="2154" HPOS="172"/>
							<String ID="string_360" HPOS="194" VPOS="2156" WIDTH="170" HEIGHT="29" WC="0.96" CONTENT="utskottet"/><SP WIDTH="20" VPOS="2156" HPOS="364"/>
							<String ID="string_361" HPOS="384" VPOS="2157" WIDTH="132" HEIGHT="38" WC="0.95" CONTENT="jämväl"/><SP WIDTH="21" VPOS="2157" HPOS="516"/>
							<String ID="string_362" HPOS="537" VPOS="2158" WIDTH="11" HEIGHT="29" WC="0.96" CONTENT="i"/><SP WIDTH="22" VPOS="2158" HPOS="548"/>
							<String ID="string_363" HPOS="570" VPOS="2159" WIDTH="112" HEIGHT="39" WC="0.96" CONTENT="övrigt"/><SP WIDTH="22" VPOS="2159" HPOS="682"/>
							<String ID="string_364" HPOS="704" VPOS="2160" WIDTH="160" HEIGHT="31" WC="0.96" CONTENT="förordar"/><SP WIDTH="21" VPOS="2160" HPOS="864"/>
							<String ID="string_365" HPOS="885" VPOS="2163" WIDTH="125" HEIGHT="40" WC="0.95" CONTENT="Kungl."/><SP WIDTH="23" VPOS="2163" HPOS="1010"/>
							<String ID="string_366" HPOS="1033" VPOS="2165" WIDTH="124" HEIGHT="39" WC="0.96" CONTENT="Maj:ts"/><SP WIDTH="23" VPOS="2165" HPOS="1157"/>
							<String ID="string_367" HPOS="1180" VPOS="2167" WIDTH="131" HEIGHT="40" WC="0.96" CONTENT="förslag"/><SP WIDTH="21" VPOS="2167" HPOS="1311"/>
							<String ID="string_368" HPOS="1332" VPOS="2170" WIDTH="110" HEIGHT="30" WC="0.96" CONTENT="under"/><SP WIDTH="22" VPOS="2170" HPOS="1442"/>
							<String ID="string_369" HPOS="1464" VPOS="2172" WIDTH="115" HEIGHT="30" WC="0.96" CONTENT="denna"/>
						</TextLine>
						<TextLine ID="line_38" HPOS="75" VPOS="2205" WIDTH="703" HEIGHT="39">
							<String ID="string_370" HPOS="75" VPOS="2205" WIDTH="267" HEIGHT="39" WC="0.91" CONTENT="anslagspunkt,"/><SP WIDTH="28" VPOS="2205" HPOS="342"/>
							<String ID="string_371" HPOS="370" VPOS="2206" WIDTH="201" HEIGHT="32" WC="0.96" CONTENT="hemställer"/><SP WIDTH="26" VPOS="2206" HPOS="571"/>
							<String ID="string_372" HPOS="597" VPOS="2210" WIDTH="181" HEIGHT="34" WC="0.96" CONTENT="utskottet,"/>
						</TextLine>
					</TextBlock>
					<TextBlock ID="block_6" HPOS="386" VPOS="2259" WIDTH="1191" HEIGHT="96">
						<TextLine ID="line_39" HPOS="430" VPOS="2259" WIDTH="1147" HEIGHT="48">
							<String ID="string_373" HPOS="430" VPOS="2260" WIDTH="50" HEIGHT="27" WC="0.96" CONTENT="att"/><SP WIDTH="20" VPOS="2260" HPOS="480"/>
							<String ID="string_374" HPOS="500" VPOS="2259" WIDTH="187" HEIGHT="39" WC="0.96" CONTENT="riksdagen"/><SP WIDTH="22" VPOS="2259" HPOS="687"/>
							<String ID="string_375" HPOS="709" VPOS="2261" WIDTH="67" HEIGHT="34" WC="0.95" CONTENT="må,"/><SP WIDTH="22" VPOS="2261" HPOS="776"/>
							<String ID="string_376" HPOS="798" VPOS="2263" WIDTH="78" HEIGHT="29" WC="0.96" CONTENT="med"/><SP WIDTH="24" VPOS="2263" HPOS="876"/>
							<String ID="string_377" HPOS="900" VPOS="2263" WIDTH="97" HEIGHT="30" WC="0.96" CONTENT="bifall"/><SP WIDTH="23" VPOS="2263" HPOS="997"/>
							<String ID="string_378" HPOS="1020" VPOS="2265" WIDTH="53" HEIGHT="30" WC="0.95" CONTENT="till"/><SP WIDTH="22" VPOS="2265" HPOS="1073"/>
							<String ID="string_379" HPOS="1095" VPOS="2266" WIDTH="125" HEIGHT="39" WC="0.96" CONTENT="Kungl."/><SP WIDTH="23" VPOS="2266" HPOS="1220"/>
							<String ID="string_380" HPOS="1243" VPOS="2269" WIDTH="124" HEIGHT="38" WC="0.93" CONTENT="Maj:ts"/><SP WIDTH="23" VPOS="2269" HPOS="1367"/>
							<String ID="string_381" HPOS="1390" VPOS="2271" WIDTH="187" HEIGHT="31" WC="0.91" CONTENT="framställ-"/>
						</TextLine>
						<TextLine ID="line_40" HPOS="386" VPOS="2307" WIDTH="1102" HEIGHT="48">
							<String ID="string_382" HPOS="386" VPOS="2307" WIDTH="82" HEIGHT="39" WC="0.96" CONTENT="ning"/><SP WIDTH="23" VPOS="2307" HPOS="468"/>
							<String ID="string_383" HPOS="491" VPOS="2311" WIDTH="90" HEIGHT="27" WC="0.92" CONTENT="saml"/><SP WIDTH="24" VPOS="2311" HPOS="581"/>
							<String ID="string_384" HPOS="605" VPOS="2310" WIDTH="78" HEIGHT="28" WC="0.96" CONTENT="med"/><SP WIDTH="25" VPOS="2310" HPOS="683"/>
							<String ID="string_385" HPOS="708" VPOS="2311" WIDTH="117" HEIGHT="38" WC="0.93" CONTENT="avslag"/><SP WIDTH="23" VPOS="2311" HPOS="825"/>
							<String ID="string_386" HPOS="848" VPOS="2311" WIDTH="19" HEIGHT="29" WC="0.91" CONTENT="å"/><SP WIDTH="23" VPOS="2311" HPOS="867"/>
							<String ID="string_387" HPOS="890" VPOS="2313" WIDTH="219" HEIGHT="31" WC="0.96" CONTENT="motionerna"/><SP WIDTH="26" VPOS="2313" HPOS="1109"/>
							<String ID="string_388" HPOS="1135" VPOS="2316" WIDTH="28" HEIGHT="29" WC="0.88" CONTENT="I:"/><SP WIDTH="19" VPOS="2316" HPOS="1163"/>
							<String ID="string_389" HPOS="1182" VPOS="2317" WIDTH="60" HEIGHT="30" WC="0.88" CONTENT="183"/><SP WIDTH="23" VPOS="2317" HPOS="1242"/>
							<String ID="string_390" HPOS="1265" VPOS="2319" WIDTH="64" HEIGHT="28" WC="0.92" CONTENT="och"/><SP WIDTH="25" VPOS="2319" HPOS="1329"/>
							<String ID="string_391" HPOS="1354" VPOS="2320" WIDTH="44" HEIGHT="29" WC="0.88" CONTENT="H:"/><SP WIDTH="17" VPOS="2320" HPOS="1398"/>
							<String ID="string_392" HPOS="1415" VPOS="2321" WIDTH="73" HEIGHT="34" WC="0.95" CONTENT="238,"/>
						</TextLine>
					</TextBlock>
					<TextBlock ID="block_7" HPOS="382" VPOS="2358" WIDTH="1193" HEIGHT="146">
						<TextLine ID="line_41" HPOS="428" VPOS="2358" WIDTH="1147" HEIGHT="52">
							<String ID="string_393" HPOS="428" VPOS="2358" WIDTH="35" HEIGHT="33" WC="0.96" CONTENT="a)"/><SP WIDTH="22" VPOS="2358" HPOS="463"/>
							<String ID="string_394" HPOS="485" VPOS="2358" WIDTH="211" HEIGHT="40" WC="0.96" CONTENT="bemyndiga"/><SP WIDTH="16" VPOS="2358" HPOS="696"/>
							<String ID="string_395" HPOS="712" VPOS="2360" WIDTH="125" HEIGHT="40" WC="0.96" CONTENT="Kungl."/><SP WIDTH="19" VPOS="2360" HPOS="837"/>
							<String ID="string_396" HPOS="856" VPOS="2362" WIDTH="104" HEIGHT="39" WC="0.96" CONTENT="Maj:t"/><SP WIDTH="19" VPOS="2362" HPOS="960"/>
							<String ID="string_397" HPOS="979" VPOS="2365" WIDTH="51" HEIGHT="28" WC="0.93" CONTENT="att"/><SP WIDTH="17" VPOS="2365" HPOS="1030"/>
							<String ID="string_398" HPOS="1047" VPOS="2364" WIDTH="11" HEIGHT="29" WC="0.96" CONTENT="i"/><SP WIDTH="17" VPOS="2364" HPOS="1058"/>
							<String ID="string_399" HPOS="1075" VPOS="2367" WIDTH="432" HEIGHT="43" WC="0.90" CONTENT="personalförteckningen"/><SP WIDTH="15" VPOS="2367" HPOS="1507"/>
							<String ID="string_400" HPOS="1522" VPOS="2373" WIDTH="53" HEIGHT="30" WC="0.96" CONTENT="för"/>
						</TextLine>
						<TextLine ID="line_42" HPOS="383" VPOS="2406" WIDTH="1192" HEIGHT="55">
							<String ID="string_401" HPOS="383" VPOS="2406" WIDTH="379" HEIGHT="41" WC="0.91" CONTENT="lantbrukshögskolan"/><SP WIDTH="26" VPOS="2406" HPOS="762"/>
							<String ID="string_402" HPOS="788" VPOS="2412" WIDTH="64" HEIGHT="29" WC="0.96" CONTENT="och"/><SP WIDTH="26" VPOS="2412" HPOS="852"/>
							<String ID="string_403" HPOS="878" VPOS="2413" WIDTH="132" HEIGHT="30" WC="0.92" CONTENT="statens"/><SP WIDTH="27" VPOS="2413" HPOS="1010"/>
							<String ID="string_404" HPOS="1037" VPOS="2414" WIDTH="308" HEIGHT="35" WC="0.91" CONTENT="lantbruksförsök"/><SP WIDTH="26" VPOS="2414" HPOS="1345"/>
							<String ID="string_405" HPOS="1371" VPOS="2420" WIDTH="138" HEIGHT="41" WC="0.96" CONTENT="vidtaga"/><SP WIDTH="26" VPOS="2420" HPOS="1509"/>
							<String ID="string_406" HPOS="1535" VPOS="2424" WIDTH="40" HEIGHT="29" WC="0.96" CONTENT="de"/>
						</TextLine>
						<TextLine ID="line_43" HPOS="382" VPOS="2457" WIDTH="808" HEIGHT="47">
							<String ID="string_407" HPOS="382" VPOS="2457" WIDTH="199" HEIGHT="39" WC="0.96" CONTENT="ändringar,"/><SP WIDTH="23" VPOS="2457" HPOS="581"/>
							<String ID="string_408" HPOS="604" VPOS="2467" WIDTH="75" HEIGHT="21" WC="0.96" CONTENT="som"/><SP WIDTH="22" VPOS="2467" HPOS="679"/>
							<String ID="string_409" HPOS="701" VPOS="2459" WIDTH="148" HEIGHT="39" WC="0.95" CONTENT="angivits"/><SP WIDTH="22" VPOS="2459" HPOS="849"/>
							<String ID="string_410" HPOS="871" VPOS="2462" WIDTH="10" HEIGHT="28" WC="0.96" CONTENT="i"/><SP WIDTH="22" VPOS="2462" HPOS="881"/>
							<String ID="string_411" HPOS="903" VPOS="2463" WIDTH="56" HEIGHT="29" WC="0.96" CONTENT="det"/><SP WIDTH="22" VPOS="2463" HPOS="959"/>
							<String ID="string_412" HPOS="981" VPOS="2463" WIDTH="209" HEIGHT="41" WC="0.96" CONTENT="föregående"/>
						</TextLine>
					</TextBlock>
					<TextBlock ID="block_8" HPOS="426" VPOS="2507" WIDTH="1149" HEIGHT="55">
						<TextLine ID="line_44" HPOS="426" VPOS="2507" WIDTH="1149" HEIGHT="55">
							<String ID="string_413" HPOS="426" VPOS="2507" WIDTH="37" HEIGHT="34" WC="0.90" CONTENT="b)"/><SP WIDTH="31" VPOS="2507" HPOS="463"/>
							<String ID="string_414" HPOS="494" VPOS="2507" WIDTH="175" HEIGHT="32" WC="0.96" CONTENT="fastställa"/><SP WIDTH="26" VPOS="2507" HPOS="669"/>
							<String ID="string_415" HPOS="695" VPOS="2509" WIDTH="156" HEIGHT="40" WC="0.92" CONTENT="följande"/><SP WIDTH="27" VPOS="2509" HPOS="851"/>
							<String ID="string_416" HPOS="878" VPOS="2512" WIDTH="254" HEIGHT="41" WC="0.92" CONTENT="avlöningsstat"/><SP WIDTH="27" VPOS="2512" HPOS="1132"/>
							<String ID="string_417" HPOS="1159" VPOS="2517" WIDTH="54" HEIGHT="30" WC="0.96" CONTENT="för"/><SP WIDTH="27" VPOS="2517" HPOS="1213"/>
							<String ID="string_418" HPOS="1240" VPOS="2518" WIDTH="335" HEIGHT="44" WC="0.89" CONTENT="lantbrukshögsko-"/>
						</TextLine>
					</TextBlock>
				</ComposedBlock>
			</PrintSpace>
		</Page>
	</Layout>
</alto>
