1858 2784
271 138 59 30 118
589 139 390 32 Jordbruksutskottets
1002 141 178 30 utlåtande
1202 152 42 19 nr
1267 143 15 29 1
1305 142 39 30 år
1367 143 84 30 1955

271 223 180 31 träffande
471 225 284 30 verksamhetens
776 226 213 41 omfattning
1007 227 63 30 har
1091 228 277 39 skogsstyrelsen
1387 228 113 40 utgått
1520 229 81 30 från
1620 230 50 29 att
1690 231 80 29 den-

272 282 44 21 na
338 273 159 31 kommer
519 276 48 28 att
589 275 48 30 bli
659 284 42 21 av
729 276 5 29 i
755 275 188 31 huvudsak
965 286 133 21 samma
1121 278 129 30 storlek
1274 287 75 21 som
1371 279 66 30 den
1459 279 54 30 för
1535 279 235 31 innevarande

271 324 170 39 budgetår
459 324 208 32 beräknade.
685 326 101 30 Trots
806 327 94 29 detta
918 328 64 29 har
1000 328 276 39 skogsstyrelsen
1291 329 129 29 räknat
1438 331 78 29 med
1535 331 49 28 ett
1600 330 83 30 ökat
1701 339 70 21 me-

271 373 188 32 delsbehov
481 375 109 30 under
615 375 228 31 förevarande
867 378 121 40 anslag
1012 387 41 21 av
1076 378 10 29 i
1109 379 82 28 runt
1214 380 49 29 tal
1289 378 94 30 1500
1398 379 62 30 000
1484 380 140 32 kronor.
1647 380 122 30 Denna

271 424 259 41 utgiftsökning
545 425 128 31 hänför
691 426 50 40 sig
758 426 61 34 till,
837 427 156 30 förutom
1009 428 230 30 automatiskt
1255 430 174 29 verkande
1447 430 155 30 faktorer
1619 440 42 21 av
1677 431 93 29 olika

272 474 83 40 slag,
382 484 45 21 en
455 475 69 31 viss
552 476 240 41 förstärkning
821 487 43 20 av
891 478 41 30 de
960 479 193 39 personella
1182 480 65 29 och
1274 479 194 31 materiella
1494 489 204 23 resurserna
1725 481 45 40 på

271 526 113 38 grund
405 534 43 21 av
466 525 144 40 vidgade
631 526 305 41 arbetsuppgifter,
958 528 148 31 framför
1127 529 60 30 allt
1207 530 10 29 i
1238 529 99 40 fråga
1357 539 56 21 om
1434 531 251 40 undervisning
1705 531 65 30 och

270 574 328 42 plantförsörjning.
619 577 67 29 För
706 585 82 31 egen
809 578 53 30 del
884 579 38 29 är
942 578 59 40 jag
1021 579 190 31 emellertid
1231 579 75 30 icke
1325 580 129 30 beredd
1474 580 175 40 tillstyrka
1670 590 41 20 en
1733 582 37 29 så

270 626 72 29 stor
368 626 289 41 anslagshöjning
683 636 74 21 som
782 629 66 29 den
874 628 276 40 skogsstyrelsen
1175 630 188 40 föreslagit.
1389 630 116 40 Enligt
1531 630 74 32 min
1629 631 141 40 mening

269 675 62 31 bör
356 676 268 31 verksamheten
649 678 111 29 under
786 679 101 29 nästa
913 679 167 39 budgetår
1106 680 11 29 i
1142 680 187 31 huvudsak
1354 680 204 41 uppehållas
1585 681 11 30 i
1622 682 147 40 ungefär

270 734 136 22 samma
430 726 212 40 omfattning
665 735 75 22 som
764 728 111 30 under
898 727 235 32 innevarande
1160 730 178 40 budgetår.
1364 730 77 31 Med
1464 731 139 39 hänsyn
1625 731 54 31 till
1703 733 66 29 den

270 777 95 29 stora
382 776 198 39 betydelsen
599 787 42 20 av
658 778 364 40 plantförsörjningen
1040 780 64 29 och
1120 780 269 30 verksamheten
1406 782 58 30 vid
1482 782 288 40 skogsvårdsgår-

270 826 109 30 darna
407 835 101 31 synes
535 827 89 30 dock
651 837 41 20 en
717 828 70 31 viss
813 838 57 21 om
897 830 65 29 ock
988 829 136 31 relativt
1150 830 193 40 begränsad
1368 832 207 40 utvidgning
1602 841 41 22 av
1669 833 100 30 dessa

270 876 368 41 verksamhetsgrenar
661 878 84 31 böra
769 878 143 31 komma
937 880 52 30 till
1018 879 111 31 stånd.

311 925 164 30 Härefter
499 927 95 29 torde
618 927 60 39 jag
700 927 38 30 få
758 928 125 39 övergå
907 928 51 30 till
982 937 42 20 en
1046 930 161 28 närmare
1230 930 172 39 prövning
1426 940 42 21 av
1490 931 279 30 medelsbehovet

267 975 112 30 under
402 976 229 31 förevarande
656 977 121 40 anslag
800 978 56 30 för
880 979 103 29 nästa
1004 979 179 40 budgetår.
1209 980 74 30 Vad
1307 980 123 30 därvid
1455 980 89 30 först
1566 981 109 39 angår
1699 981 70 30 frå-

268 1033 66 31 gan
364 1035 58 20 om
449 1026 238 32 kostnaderna
714 1028 54 29 för
798 1028 442 40 skogsvårdsstyrelsernas
1269 1030 224 30 verksamhet
1521 1031 54 30 för
1605 1031 70 30 frö-
1704 1032 64 29 och

267 1076 363 41 plantförsörjningen
660 1078 64 29 har
757 1078 277 40 skogsstyrelsen
1064 1080 221 30 beträffande
1316 1080 246 31 förstnämnda
1592 1082 177 29 verksam-

267 1127 59 30 het
344 1126 129 31 räknat
488 1128 78 29 med
584 1137 43 20 en
646 1128 226 31 nettoförlust
892 1139 43 21 av
951 1129 41 30 33
1006 1129 62 30 400
1087 1130 140 30 kronor.
1247 1131 129 30 Därvid
1395 1132 64 29 har
1478 1132 89 29 dock
1584 1132 184 30 inräknats

268 1176 190 32 kostnader
479 1178 54 30 för
556 1178 253 41 återbetalning
831 1189 43 20 av
896 1180 115 30 frölån
1032 1181 78 29 med
1133 1181 40 29 60
1188 1181 61 30 000
1270 1182 141 29 kronor.
1434 1182 66 30 För
1522 1182 247 40 plantförsörj-

269 1227 128 40 ningen
419 1228 64 30 har
505 1228 187 31 beräknats
716 1238 41 21 en
780 1230 227 30 nettoförlust
1028 1241 42 20 av
1092 1230 63 31 483
1170 1231 62 30 000
1257 1232 140 34 kronor,
1421 1241 105 22 varav
1549 1232 41 30 28
1604 1233 63 30 000
1691 1233 79 29 kro-

268 1286 64 21 nor
352 1278 113 30 skulle
486 1279 119 30 täckas
626 1289 123 31 genom
769 1281 223 39 upptagande
1013 1291 42 20 av
1075 1282 68 30 lån.
1165 1282 64 30 Vid
1248 1282 239 40 beräkningen
1507 1284 65 29 har
1594 1283 176 40 skogssty-

266 1328 115 30 relsen
397 1329 113 39 utgått
524 1330 80 29 från
621 1332 50 28 att
687 1330 107 30 redan
811 1331 9 29 i
838 1331 137 40 princip
994 1331 179 31 beslutade
1189 1332 373 41 anläggningsarbeten
1581 1334 89 31 skall
1687 1334 81 30 full-

267 1378 106 39 följas
392 1379 11 29 i
423 1379 176 40 planenlig
617 1381 158 39 ordning.
794 1381 75 30 Den
889 1382 263 40 sammanlagda
1172 1383 270 30 nettoförlusten
1462 1384 20 30 å
1499 1384 269 40 ifrågavarande

266 1429 90 30 båda
379 1430 368 40 verksamhelsgrenar
770 1431 113 30 skulle
905 1432 149 31 sålunda
1074 1433 142 30 komma
1240 1435 50 29 att
1312 1435 117 39 uppgå
1451 1434 52 30 till
1525 1435 63 30 516
1602 1435 64 30 400
1689 1435 79 30 kro-

267 1488 73 21 nor.
363 1479 13 30 I
397 1480 95 30 detta
513 1482 255 39 sammanhang
787 1482 99 29 torde
907 1482 61 40 jag
988 1483 37 30 få
1046 1483 115 30 erinra
1181 1493 57 20 om
1259 1486 50 28 att
1328 1484 60 40 jag
1408 1485 147 39 tidigare
1575 1486 38 30 år
1634 1486 57 30 vid
1712 1486 56 29 be-

266 1529 196 40 räkningen
481 1540 41 21 av
540 1531 229 30 förevarande
788 1533 123 41 anslag
931 1533 135 35 uttalat,
1087 1535 50 29 att
1157 1535 11 29 i
1188 1534 135 42 princip
1343 1535 237 31 kostnaderna
1603 1537 54 30 för
1679 1537 89 30 åter-

266 1580 224 40 betalningen
514 1591 41 20 av
579 1581 116 31 frölån
720 1583 11 29 i
756 1582 111 31 första
891 1583 96 31 hand
1011 1584 105 30 borde
1139 1585 121 30 kunna
1285 1585 120 31 täckas
1431 1594 123 31 genom
1580 1587 112 30 ökade
1716 1588 51 29 in-

266 1631 157 29 komster
452 1641 41 21 av
521 1631 278 41 fröförsäljning.
829 1633 195 31 Därutöver
1051 1634 106 30 borde
1184 1636 269 30 verksamheten
1481 1637 55 30 för
1564 1637 204 40 fröförsörj-

265 1680 130 40 ningen
421 1681 164 31 bedömas
612 1682 47 35 så,
685 1685 50 28 att
758 1683 242 32 inkomsterna
1026 1685 64 29 och
1113 1685 192 40 utgifterna
1330 1687 227 30 balanserade
1582 1689 184 30 varandra.

266 1731 118 30 Under
402 1731 314 41 fröförsäljningen
734 1733 105 31 borde
858 1734 11 29 i
889 1734 152 40 enlighet
1058 1735 145 31 härmed
1223 1738 172 39 upptagas
1414 1739 49 29 ett
1482 1738 187 35 överskott,
1691 1749 76 20 som

266 1782 146 30 svarade
439 1784 72 28 mot
536 1783 66 30 vad
627 1793 43 20 av
694 1784 250 40 utgiftsposten
970 1785 52 30 till
1047 1786 58 30 lån
1130 1786 139 41 belöper
1295 1787 19 31 å
1342 1788 126 30 frölån.
1495 1788 160 40 Angivna
1681 1790 86 30 rikt-

266 1831 104 40 linjer
393 1833 97 29 torde
513 1833 107 39 enligt
640 1834 74 29 min
737 1835 142 39 mening
901 1835 85 31 böra
1007 1836 105 39 följas
1136 1837 132 39 jämväl
1292 1838 111 30 under
1426 1840 101 29 nästa
1550 1839 179 40 budgetår.
1753 1841 13 29 I

264 1881 100 40 fråga
390 1891 59 21 om
474 1883 363 41 plantförsörjningen
862 1885 66 30 har
955 1886 271 31 nettoförlusten
1251 1888 55 30 för
1333 1889 237 30 innevarande
1596 1890 170 40 budgetår

265 1932 190 30 beräknats
473 1933 52 29 till
543 1933 163 40 omkring
722 1934 63 30 464
800 1935 63 30 000
881 1936 140 35 kronor,
1040 1937 125 30 medan
1182 1939 246 29 motsvarande
1446 1939 128 30 förlust
1591 1940 55 31 för
1664 1942 101 29 nästa

264 1982 171 40 budgetår
459 1992 42 21 av
524 1984 275 39 skogsstyrelsen
823 1986 225 39 uppskattats
1073 1988 52 29 till
1151 1987 63 31 483
1229 1988 62 30 000
1317 1989 140 30 kronor.
1484 1990 282 40 Skogsstyrelsen

264 2032 64 30 har
347 2033 192 31 emellertid
557 2034 190 40 föreslagit,
765 2037 49 28 att
834 2045 43 20 en
896 2036 138 40 speciell
1053 2038 199 39 utbyggnad
1270 2049 42 20 av
1329 2039 437 41 plantförsörjningsverk-

268 2083 183 31 samheten
475 2084 184 31 därutöver
685 2086 88 30 skall
798 2087 144 31 komma
967 2087 51 31 till
1044 2089 112 30 stånd.
1182 2090 74 30 Den
1280 2092 266 40 sammanlagda
1570 2093 196 30 kostnaden

267 2132 54 30 för
342 2133 113 30 denna
475 2135 197 38 utbyggnad
691 2136 63 30 har
774 2137 186 31 beräknats
980 2138 52 30 till
1056 2139 14 30 2
1082 2139 60 30 020
1156 2140 59 30 000
1236 2141 130 30 kronor
1386 2143 109 29 under
1517 2152 41 21 en
1581 2139 186 47 femårspe-

265 2182 86 35 riod,
368 2193 107 22 varav
488 2185 21 30 å
523 2185 205 40 budgetåret
745 2188 149 35 1955/56
910 2188 112 32 skulle
1036 2189 124 40 belöpa
1177 2191 62 29 510
1254 2191 62 31 000
1332 2192 140 30 kronor.
1489 2193 277 31 Nettoförlusten

264 2234 54 30 för
346 2234 607 42 plantförsörjningsverksamheten
981 2240 110 30 under
1117 2240 100 31 nästa
1245 2241 168 40 budgetår
1440 2243 112 31 skulle
1580 2244 45 39 på
1652 2244 113 39 grund

265 2283 108 31 härav
397 2285 114 38 uppgå
534 2286 53 30 till
616 2286 76 35 (483
705 2287 59 30 000
791 2289 37 36 +
856 2288 60 31 510
930 2289 59 30 000
1015 2290 57 34 =)
1102 2290 60 31 993
1175 2291 59 30 000
1258 2292 140 30 kronor.
1425 2293 52 30 Då
1501 2303 42 21 en
1569 2294 197 38 utbyggnad

263 2344 41 20 av
321 2334 268 40 ifrågavarande
606 2338 233 34 verksamhet,
858 2348 76 21 som
954 2339 275 40 skogsstyrelsen
1248 2342 126 36 anfört,
1395 2344 98 29 torde
1510 2353 83 21 vara
1610 2345 154 29 nödvän-

263 2384 57 40 dig
344 2386 81 29 med
447 2386 136 40 hänsyn
606 2388 53 29 till
683 2387 429 43 plantförsörjningsläget
1134 2392 11 29 i
1170 2392 126 34 landet,
1321 2402 102 30 synes
1448 2394 271 30 nettoförlusten
1744 2395 20 30 å

262 2435 269 31 verksamheten
551 2438 55 29 för
628 2439 102 29 nästa
751 2439 169 39 budgetår
940 2440 84 30 böra
1046 2441 208 40 uppskattas
1277 2443 52 30 till
1352 2444 110 29 större
1482 2444 124 41 belopp
1629 2446 44 28 än
1695 2444 67 34 det,
