<?xml version="1.0" encoding="UTF-8"?>
<alto xmlns="http://www.loc.gov/standards/alto/ns-v3#" xmlns:xlink="http://www.w3.org/1999/xlink" xmlns:xsi="http://www.w3.org/2001/XMLSchema-instance" xsi:schemaLocation="http://www.loc.gov/standards/alto/ns-v3# http://www.loc.gov/alto/v3/alto-3-0.xsd">
	<Description>
		<MeasurementUnit>pixel</MeasurementUnit>
		<sourceImageInformation>
			<fileName>/tmp/tess_7h6rp_89_input.PNG</fileName>
		</sourceImageInformation>
		<OCRProcessing ID="OCR_0">
			<ocrProcessingStep>
				<processingSoftware>
					<softwareName>tesseract 5.3.0</softwareName>
				</processingSoftware>
			</ocrProcessingStep>
		</OCRProcessing>
	</Description>
	<Layout>
		<Page WIDTH="1864" HEIGHT="2792" PHYSICAL_IMG_NR="0" ID="page_0">
			<PrintSpace HPOS="0" VPOS="0" WIDTH="1864" HEIGHT="2792">
				<ComposedBlock ID="cblock_0" HPOS="444" VPOS="136" WIDTH="1167" HEIGHT="43">
					<TextBlock ID="block_0" HPOS="444" VPOS="136" WIDTH="1167" HEIGHT="43">
						<TextLine ID="line_0" HPOS="444" VPOS="136" WIDTH="1167" HEIGHT="43">
							<String ID="string_0" HPOS="444" VPOS="146" WIDTH="389" HEIGHT="33" WC="0.90" CONTENT="Jordbruksutskottets"/><SP WIDTH="17" VPOS="146" HPOS="833"/>
							<String ID="string_1" HPOS="850" VPOS="143" WIDTH="179" HEIGHT="31" WC="0.96" CONTENT="utlåtande"/><SP WIDTH="15" VPOS="143" HPOS="1029"/>
							<String ID="string_2" HPOS="1044" VPOS="152" WIDTH="43" HEIGHT="21" WC="0.96" CONTENT="nr"/><SP WIDTH="18" VPOS="152" HPOS="1087"/>
							<String ID="string_3" HPOS="1105" VPOS="142" WIDTH="15" HEIGHT="30" WC="0.95" CONTENT="1"/><SP WIDTH="16" VPOS="142" HPOS="1120"/>
							<String ID="string_4" HPOS="1136" VPOS="142" WIDTH="40" HEIGHT="30" WC="0.96" CONTENT="år"/><SP WIDTH="16" VPOS="142" HPOS="1176"/>
							<String ID="string_5" HPOS="1192" VPOS="141" WIDTH="84" HEIGHT="30" WC="0.94" CONTENT="1955"/><SP WIDTH="277" VPOS="141" HPOS="1276"/>
							<String ID="string_6" HPOS="1553" VPOS="136" WIDTH="58" HEIGHT="31" WC="0.94" CONTENT="135"/>
						</TextLine>
					</TextBlock>
				</ComposedBlock>
				<ComposedBlock ID="cblock_1" HPOS="107" VPOS="221" WIDTH="1513" HEIGHT="1065">
					<TextBlock ID="block_1" HPOS="107" VPOS="221" WIDTH="1505" HEIGHT="358">
						<TextLine ID="line_1" HPOS="150" VPOS="221" WIDTH="1461" HEIGHT="51">
							<String ID="string_7" HPOS="150" VPOS="236" WIDTH="74" HEIGHT="30" WC="0.96" CONTENT="Vad"/><SP WIDTH="20" VPOS="236" HPOS="224"/>
							<String ID="string_8" HPOS="244" VPOS="234" WIDTH="155" HEIGHT="31" WC="0.96" CONTENT="härefter"/><SP WIDTH="20" VPOS="234" HPOS="399"/>
							<String ID="string_9" HPOS="419" VPOS="233" WIDTH="107" HEIGHT="39" WC="0.96" CONTENT="angår"/><SP WIDTH="21" VPOS="233" HPOS="526"/>
							<String ID="string_10" HPOS="547" VPOS="232" WIDTH="40" HEIGHT="30" WC="0.95" CONTENT="de"/><SP WIDTH="22" VPOS="232" HPOS="587"/>
							<String ID="string_11" HPOS="609" VPOS="229" WIDTH="174" HEIGHT="32" WC="0.93" CONTENT="särskilda"/><SP WIDTH="20" VPOS="229" HPOS="783"/>
							<String ID="string_12" HPOS="803" VPOS="228" WIDTH="222" HEIGHT="40" WC="0.92" CONTENT="delposterna"/><SP WIDTH="19" VPOS="228" HPOS="1025"/>
							<String ID="string_13" HPOS="1044" VPOS="225" WIDTH="153" HEIGHT="31" WC="0.96" CONTENT="biträder"/><SP WIDTH="19" VPOS="225" HPOS="1197"/>
							<String ID="string_14" HPOS="1216" VPOS="224" WIDTH="60" HEIGHT="40" WC="0.96" CONTENT="jag"/><SP WIDTH="20" VPOS="224" HPOS="1276"/>
							<String ID="string_15" HPOS="1296" VPOS="221" WIDTH="315" HEIGHT="40" WC="0.91" CONTENT="fiskeristyrelsens"/>
						</TextLine>
						<TextLine ID="line_2" HPOS="107" VPOS="267" WIDTH="1504" HEIGHT="58">
							<String ID="string_16" HPOS="107" VPOS="287" WIDTH="140" HEIGHT="38" WC="0.96" CONTENT="förslag,"/><SP WIDTH="26" VPOS="287" HPOS="247"/>
							<String ID="string_17" HPOS="273" VPOS="286" WIDTH="50" HEIGHT="29" WC="0.96" CONTENT="att"/><SP WIDTH="21" VPOS="286" HPOS="323"/>
							<String ID="string_18" HPOS="344" VPOS="284" WIDTH="83" HEIGHT="30" WC="0.92" CONTENT="från"/><SP WIDTH="23" VPOS="284" HPOS="427"/>
							<String ID="string_19" HPOS="450" VPOS="283" WIDTH="181" HEIGHT="39" WC="0.91" CONTENT="delposten"/><SP WIDTH="23" VPOS="283" HPOS="631"/>
							<String ID="string_20" HPOS="654" VPOS="281" WIDTH="51" HEIGHT="30" WC="0.96" CONTENT="till"/><SP WIDTH="24" VPOS="281" HPOS="705"/>
							<String ID="string_21" HPOS="729" VPOS="279" WIDTH="128" HEIGHT="39" WC="0.96" CONTENT="Bidrag"/><SP WIDTH="23" VPOS="279" HPOS="857"/>
							<String ID="string_22" HPOS="880" VPOS="278" WIDTH="54" HEIGHT="29" WC="0.95" CONTENT="till"/><SP WIDTH="22" VPOS="278" HPOS="934"/>
							<String ID="string_23" HPOS="956" VPOS="275" WIDTH="260" HEIGHT="32" WC="0.96" CONTENT="internationell"/><SP WIDTH="24" VPOS="275" HPOS="1216"/>
							<String ID="string_24" HPOS="1240" VPOS="267" WIDTH="371" HEIGHT="50" WC="0.91" CONTENT="hydrografisk-biolo-"/>
						</TextLine>
						<TextLine ID="line_3" HPOS="107" VPOS="322" WIDTH="1504" HEIGHT="54">
							<String ID="string_25" HPOS="107" VPOS="338" WIDTH="77" HEIGHT="38" WC="0.93" CONTENT="gisk"/><SP WIDTH="24" VPOS="338" HPOS="184"/>
							<String ID="string_26" HPOS="208" VPOS="336" WIDTH="130" HEIGHT="30" WC="0.96" CONTENT="anstalt"/><SP WIDTH="28" VPOS="336" HPOS="338"/>
							<String ID="string_27" HPOS="366" VPOS="335" WIDTH="86" HEIGHT="29" WC="0.96" CONTENT="även"/><SP WIDTH="25" VPOS="335" HPOS="452"/>
							<String ID="string_28" HPOS="477" VPOS="333" WIDTH="88" HEIGHT="29" WC="0.96" CONTENT="skall"/><SP WIDTH="24" VPOS="333" HPOS="565"/>
							<String ID="string_29" HPOS="589" VPOS="331" WIDTH="172" HEIGHT="30" WC="0.93" CONTENT="bestridas"/><SP WIDTH="24" VPOS="331" HPOS="761"/>
							<String ID="string_30" HPOS="785" VPOS="327" WIDTH="315" HEIGHT="32" WC="0.92" CONTENT="resekostnaderna"/><SP WIDTH="27" VPOS="327" HPOS="1100"/>
							<String ID="string_31" HPOS="1127" VPOS="326" WIDTH="54" HEIGHT="30" WC="0.96" CONTENT="för"/><SP WIDTH="26" VPOS="326" HPOS="1181"/>
							<String ID="string_32" HPOS="1207" VPOS="325" WIDTH="41" HEIGHT="31" WC="0.95" CONTENT="de"/><SP WIDTH="25" VPOS="325" HPOS="1248"/>
							<String ID="string_33" HPOS="1273" VPOS="324" WIDTH="150" HEIGHT="30" WC="0.93" CONTENT="svenska"/><SP WIDTH="24" VPOS="324" HPOS="1423"/>
							<String ID="string_34" HPOS="1447" VPOS="322" WIDTH="164" HEIGHT="31" WC="0.92" CONTENT="medlem-"/>
						</TextLine>
						<TextLine ID="line_4" HPOS="107" VPOS="371" WIDTH="1504" HEIGHT="46">
							<String ID="string_35" HPOS="107" VPOS="396" WIDTH="125" HEIGHT="21" WC="0.96" CONTENT="marna"/><SP WIDTH="20" VPOS="396" HPOS="232"/>
							<String ID="string_36" HPOS="252" VPOS="396" WIDTH="42" HEIGHT="21" WC="0.96" CONTENT="av"/><SP WIDTH="20" VPOS="396" HPOS="294"/>
							<String ID="string_37" HPOS="314" VPOS="383" WIDTH="283" HEIGHT="32" WC="0.96" CONTENT="internationella"/><SP WIDTH="20" VPOS="383" HPOS="597"/>
							<String ID="string_38" HPOS="617" VPOS="382" WIDTH="98" HEIGHT="30" WC="0.96" CONTENT="rådet"/><SP WIDTH="21" VPOS="382" HPOS="715"/>
							<String ID="string_39" HPOS="736" VPOS="381" WIDTH="55" HEIGHT="30" WC="0.93" CONTENT="för"/><SP WIDTH="20" VPOS="381" HPOS="791"/>
							<String ID="string_40" HPOS="811" VPOS="377" WIDTH="274" HEIGHT="39" WC="0.91" CONTENT="havsforskning"/><SP WIDTH="20" VPOS="377" HPOS="1085"/>
							<String ID="string_41" HPOS="1105" VPOS="377" WIDTH="110" HEIGHT="39" WC="0.95" CONTENT="jämte"/><SP WIDTH="24" VPOS="377" HPOS="1215"/>
							<String ID="string_42" HPOS="1239" VPOS="375" WIDTH="167" HEIGHT="40" WC="0.95" CONTENT="experter."/><SP WIDTH="22" VPOS="375" HPOS="1406"/>
							<String ID="string_43" HPOS="1428" VPOS="373" WIDTH="65" HEIGHT="30" WC="0.96" CONTENT="Det"/><SP WIDTH="21" VPOS="373" HPOS="1493"/>
							<String ID="string_44" HPOS="1514" VPOS="371" WIDTH="97" HEIGHT="31" WC="0.96" CONTENT="torde"/>
						</TextLine>
						<TextLine ID="line_5" HPOS="109" VPOS="421" WIDTH="1501" HEIGHT="52">
							<String ID="string_45" HPOS="109" VPOS="437" WIDTH="191" HEIGHT="30" WC="0.96" CONTENT="emellertid"/><SP WIDTH="23" VPOS="437" HPOS="300"/>
							<String ID="string_46" HPOS="323" VPOS="445" WIDTH="83" HEIGHT="21" WC="0.95" CONTENT="vara"/><SP WIDTH="22" VPOS="445" HPOS="406"/>
							<String ID="string_47" HPOS="428" VPOS="433" WIDTH="212" HEIGHT="40" WC="0.95" CONTENT="tillräckligt,"/><SP WIDTH="25" VPOS="433" HPOS="640"/>
							<String ID="string_48" HPOS="665" VPOS="441" WIDTH="57" HEIGHT="21" WC="0.93" CONTENT="om"/><SP WIDTH="21" VPOS="441" HPOS="722"/>
							<String ID="string_49" HPOS="743" VPOS="431" WIDTH="181" HEIGHT="39" WC="0.92" CONTENT="delposten"/><SP WIDTH="23" VPOS="431" HPOS="924"/>
							<String ID="string_50" HPOS="947" VPOS="428" WIDTH="167" HEIGHT="41" WC="0.91" CONTENT="uppföres"/><SP WIDTH="22" VPOS="428" HPOS="1114"/>
							<String ID="string_51" HPOS="1136" VPOS="426" WIDTH="80" HEIGHT="30" WC="0.96" CONTENT="med"/><SP WIDTH="24" VPOS="426" HPOS="1216"/>
							<String ID="string_52" HPOS="1240" VPOS="425" WIDTH="39" HEIGHT="31" WC="0.77" CONTENT="21"/><SP WIDTH="17" VPOS="425" HPOS="1279"/>
							<String ID="string_53" HPOS="1296" VPOS="424" WIDTH="62" HEIGHT="31" WC="0.77" CONTENT="000"/><SP WIDTH="22" VPOS="424" HPOS="1358"/>
							<String ID="string_54" HPOS="1380" VPOS="424" WIDTH="142" HEIGHT="30" WC="0.95" CONTENT="kronor."/><SP WIDTH="24" VPOS="424" HPOS="1522"/>
							<String ID="string_55" HPOS="1546" VPOS="421" WIDTH="64" HEIGHT="31" WC="0.96" CONTENT="Vid"/>
						</TextLine>
						<TextLine ID="line_6" HPOS="108" VPOS="472" WIDTH="1504" HEIGHT="55">
							<String ID="string_56" HPOS="108" VPOS="489" WIDTH="206" HEIGHT="38" WC="0.95" CONTENT="riksdagens"/><SP WIDTH="18" VPOS="489" HPOS="314"/>
							<String ID="string_57" HPOS="332" VPOS="486" WIDTH="99" HEIGHT="31" WC="0.96" CONTENT="bifall"/><SP WIDTH="19" VPOS="486" HPOS="431"/>
							<String ID="string_58" HPOS="450" VPOS="486" WIDTH="53" HEIGHT="29" WC="0.96" CONTENT="till"/><SP WIDTH="18" VPOS="486" HPOS="503"/>
							<String ID="string_59" HPOS="521" VPOS="482" WIDTH="228" HEIGHT="32" WC="0.96" CONTENT="förevarande"/><SP WIDTH="20" VPOS="482" HPOS="749"/>
							<String ID="string_60" HPOS="769" VPOS="481" WIDTH="131" HEIGHT="38" WC="0.96" CONTENT="förslag"/><SP WIDTH="19" VPOS="481" HPOS="900"/>
							<String ID="string_61" HPOS="919" VPOS="479" WIDTH="97" HEIGHT="31" WC="0.96" CONTENT="torde"/><SP WIDTH="20" VPOS="479" HPOS="1016"/>
							<String ID="string_62" HPOS="1036" VPOS="478" WIDTH="57" HEIGHT="30" WC="0.96" CONTENT="det"/><SP WIDTH="17" VPOS="478" HPOS="1093"/>
							<String ID="string_63" HPOS="1110" VPOS="477" WIDTH="85" HEIGHT="30" WC="0.93" CONTENT="böra"/><SP WIDTH="21" VPOS="477" HPOS="1195"/>
							<String ID="string_64" HPOS="1216" VPOS="476" WIDTH="189" HEIGHT="30" WC="0.92" CONTENT="ankomma"/><SP WIDTH="18" VPOS="476" HPOS="1405"/>
							<String ID="string_65" HPOS="1423" VPOS="474" WIDTH="45" HEIGHT="40" WC="0.96" CONTENT="på"/><SP WIDTH="18" VPOS="474" HPOS="1468"/>
							<String ID="string_66" HPOS="1486" VPOS="472" WIDTH="126" HEIGHT="40" WC="0.96" CONTENT="Kungl."/>
						</TextLine>
						<TextLine ID="line_7" HPOS="110" VPOS="525" WIDTH="1226" HEIGHT="54">
							<String ID="string_67" HPOS="110" VPOS="540" WIDTH="106" HEIGHT="39" WC="0.96" CONTENT="Maj:t"/><SP WIDTH="19" VPOS="540" HPOS="216"/>
							<String ID="string_68" HPOS="235" VPOS="540" WIDTH="51" HEIGHT="29" WC="0.96" CONTENT="att"/><SP WIDTH="18" VPOS="540" HPOS="286"/>
							<String ID="string_69" HPOS="304" VPOS="536" WIDTH="159" HEIGHT="31" WC="0.96" CONTENT="meddela"/><SP WIDTH="18" VPOS="536" HPOS="463"/>
							<String ID="string_70" HPOS="481" VPOS="535" WIDTH="114" HEIGHT="30" WC="0.96" CONTENT="beslut"/><SP WIDTH="18" VPOS="535" HPOS="595"/>
							<String ID="string_71" HPOS="613" VPOS="543" WIDTH="57" HEIGHT="21" WC="0.96" CONTENT="om"/><SP WIDTH="19" VPOS="543" HPOS="670"/>
							<String ID="string_72" HPOS="689" VPOS="531" WIDTH="254" HEIGHT="41" WC="0.96" CONTENT="dispositionen"/><SP WIDTH="19" VPOS="531" HPOS="943"/>
							<String ID="string_73" HPOS="962" VPOS="539" WIDTH="42" HEIGHT="20" WC="0.96" CONTENT="av"/><SP WIDTH="20" VPOS="539" HPOS="1004"/>
							<String ID="string_74" HPOS="1024" VPOS="528" WIDTH="170" HEIGHT="39" WC="0.91" CONTENT="anslagna"/><SP WIDTH="20" VPOS="528" HPOS="1194"/>
							<String ID="string_75" HPOS="1214" VPOS="525" WIDTH="122" HEIGHT="31" WC="0.95" CONTENT="medel."/>
						</TextLine>
					</TextBlock>
					<TextBlock ID="block_2" HPOS="110" VPOS="573" WIDTH="1504" HEIGHT="148">
						<TextLine ID="line_8" HPOS="153" VPOS="573" WIDTH="1461" HEIGHT="55">
							<String ID="string_76" HPOS="153" VPOS="589" WIDTH="188" HEIGHT="39" WC="0.89" CONTENT="Delposten"/><SP WIDTH="22" VPOS="589" HPOS="341"/>
							<String ID="string_77" HPOS="363" VPOS="588" WIDTH="52" HEIGHT="29" WC="0.96" CONTENT="till"/><SP WIDTH="22" VPOS="588" HPOS="415"/>
							<String ID="string_78" HPOS="437" VPOS="587" WIDTH="127" HEIGHT="39" WC="0.95" CONTENT="Bidrag"/><SP WIDTH="22" VPOS="587" HPOS="564"/>
							<String ID="string_79" HPOS="586" VPOS="585" WIDTH="52" HEIGHT="29" WC="0.96" CONTENT="till"/><SP WIDTH="22" VPOS="585" HPOS="638"/>
							<String ID="string_80" HPOS="660" VPOS="581" WIDTH="283" HEIGHT="32" WC="0.93" CONTENT="internationella"/><SP WIDTH="22" VPOS="581" HPOS="943"/>
							<String ID="string_81" HPOS="965" VPOS="578" WIDTH="252" HEIGHT="41" WC="0.92" CONTENT="frysinstitutet"/><SP WIDTH="22" VPOS="578" HPOS="1217"/>
							<String ID="string_82" HPOS="1239" VPOS="577" WIDTH="11" HEIGHT="29" WC="0.97" CONTENT="i"/><SP WIDTH="23" VPOS="577" HPOS="1250"/>
							<String ID="string_83" HPOS="1273" VPOS="576" WIDTH="99" HEIGHT="31" WC="0.96" CONTENT="Paris"/><SP WIDTH="26" VPOS="576" HPOS="1372"/>
							<String ID="string_84" HPOS="1398" VPOS="583" WIDTH="102" HEIGHT="32" WC="0.96" CONTENT="synes"/><SP WIDTH="24" VPOS="583" HPOS="1500"/>
							<String ID="string_85" HPOS="1524" VPOS="573" WIDTH="10" HEIGHT="30" WC="0.93" CONTENT="i"/><SP WIDTH="23" VPOS="573" HPOS="1534"/>
							<String ID="string_86" HPOS="1557" VPOS="582" WIDTH="57" HEIGHT="21" WC="0.92" CONTENT="en-"/>
						</TextLine>
						<TextLine ID="line_9" HPOS="110" VPOS="624" WIDTH="1503" HEIGHT="55">
							<String ID="string_87" HPOS="110" VPOS="641" WIDTH="106" HEIGHT="38" WC="0.96" CONTENT="lighet"/><SP WIDTH="26" VPOS="641" HPOS="216"/>
							<String ID="string_88" HPOS="242" VPOS="639" WIDTH="79" HEIGHT="30" WC="0.93" CONTENT="med"/><SP WIDTH="26" VPOS="639" HPOS="321"/>
							<String ID="string_89" HPOS="347" VPOS="635" WIDTH="318" HEIGHT="39" WC="0.91" CONTENT="kommerskollegii"/><SP WIDTH="26" VPOS="635" HPOS="665"/>
							<String ID="string_90" HPOS="691" VPOS="633" WIDTH="131" HEIGHT="39" WC="0.96" CONTENT="förslag"/><SP WIDTH="25" VPOS="633" HPOS="822"/>
							<String ID="string_91" HPOS="847" VPOS="632" WIDTH="85" HEIGHT="30" WC="0.96" CONTENT="böra"/><SP WIDTH="26" VPOS="632" HPOS="932"/>
							<String ID="string_92" HPOS="958" VPOS="630" WIDTH="168" HEIGHT="40" WC="0.96" CONTENT="uppföras"/><SP WIDTH="27" VPOS="630" HPOS="1126"/>
							<String ID="string_93" HPOS="1153" VPOS="628" WIDTH="80" HEIGHT="30" WC="0.96" CONTENT="med"/><SP WIDTH="26" VPOS="628" HPOS="1233"/>
							<String ID="string_94" HPOS="1259" VPOS="625" WIDTH="206" HEIGHT="32" WC="0.96" CONTENT="oförändrat"/><SP WIDTH="25" VPOS="625" HPOS="1465"/>
							<String ID="string_95" HPOS="1490" VPOS="624" WIDTH="123" HEIGHT="39" WC="0.96" CONTENT="belopp"/>
						</TextLine>
						<TextLine ID="line_10" HPOS="110" VPOS="689" WIDTH="323" HEIGHT="32">
							<String ID="string_96" HPOS="110" VPOS="700" WIDTH="42" HEIGHT="21" WC="0.96" CONTENT="av"/><SP WIDTH="23" VPOS="700" HPOS="152"/>
							<String ID="string_97" HPOS="175" VPOS="692" WIDTH="17" HEIGHT="28" WC="0.96" CONTENT="6"/><SP WIDTH="16" VPOS="692" HPOS="192"/>
							<String ID="string_98" HPOS="208" VPOS="690" WIDTH="62" HEIGHT="30" WC="0.96" CONTENT="000"/><SP WIDTH="23" VPOS="690" HPOS="270"/>
							<String ID="string_99" HPOS="293" VPOS="689" WIDTH="140" HEIGHT="29" WC="0.96" CONTENT="kronor."/>
						</TextLine>
					</TextBlock>
					<TextBlock ID="block_3" HPOS="112" VPOS="724" WIDTH="1504" HEIGHT="206">
						<TextLine ID="line_11" HPOS="155" VPOS="724" WIDTH="1460" HEIGHT="47">
							<String ID="string_100" HPOS="155" VPOS="742" WIDTH="71" HEIGHT="29" WC="0.96" CONTENT="Mot"/><SP WIDTH="22" VPOS="742" HPOS="226"/>
							<String ID="string_101" HPOS="248" VPOS="741" WIDTH="67" HEIGHT="29" WC="0.96" CONTENT="den"/><SP WIDTH="23" VPOS="741" HPOS="315"/>
							<String ID="string_102" HPOS="338" VPOS="738" WIDTH="148" HEIGHT="31" WC="0.93" CONTENT="svenska"/><SP WIDTH="25" VPOS="738" HPOS="486"/>
							<String ID="string_103" HPOS="511" VPOS="734" WIDTH="334" HEIGHT="32" WC="0.91" CONTENT="FAO-kommitténs"/><SP WIDTH="21" VPOS="734" HPOS="845"/>
							<String ID="string_104" HPOS="866" VPOS="731" WIDTH="193" HEIGHT="39" WC="0.95" CONTENT="beräkning"/><SP WIDTH="23" VPOS="731" HPOS="1059"/>
							<String ID="string_105" HPOS="1082" VPOS="739" WIDTH="41" HEIGHT="20" WC="0.93" CONTENT="av"/><SP WIDTH="23" VPOS="739" HPOS="1123"/>
							<String ID="string_106" HPOS="1146" VPOS="727" WIDTH="279" HEIGHT="31" WC="0.92" CONTENT="medelsbehovet"/><SP WIDTH="21" VPOS="727" HPOS="1425"/>
							<String ID="string_107" HPOS="1446" VPOS="724" WIDTH="55" HEIGHT="32" WC="0.93" CONTENT="till"/><SP WIDTH="20" VPOS="724" HPOS="1501"/>
							<String ID="string_108" HPOS="1521" VPOS="724" WIDTH="94" HEIGHT="30" WC="0.92" CONTENT="kost-"/>
						</TextLine>
						<TextLine ID="line_12" HPOS="112" VPOS="775" WIDTH="1502" HEIGHT="52">
							<String ID="string_109" HPOS="112" VPOS="793" WIDTH="155" HEIGHT="28" WC="0.92" CONTENT="naderna"/><SP WIDTH="20" VPOS="793" HPOS="267"/>
							<String ID="string_110" HPOS="287" VPOS="791" WIDTH="54" HEIGHT="29" WC="0.96" CONTENT="för"/><SP WIDTH="22" VPOS="791" HPOS="341"/>
							<String ID="string_111" HPOS="363" VPOS="789" WIDTH="154" HEIGHT="38" WC="0.95" CONTENT="Sveriges"/><SP WIDTH="20" VPOS="789" HPOS="517"/>
							<String ID="string_112" HPOS="537" VPOS="785" WIDTH="239" HEIGHT="40" WC="0.96" CONTENT="medlemskap"/><SP WIDTH="21" VPOS="785" HPOS="776"/>
							<String ID="string_113" HPOS="797" VPOS="784" WIDTH="11" HEIGHT="29" WC="0.96" CONTENT="i"/><SP WIDTH="20" VPOS="784" HPOS="808"/>
							<String ID="string_114" HPOS="828" VPOS="782" WIDTH="89" HEIGHT="31" WC="0.96" CONTENT="FAO"/><SP WIDTH="20" VPOS="782" HPOS="917"/>
							<String ID="string_115" HPOS="937" VPOS="782" WIDTH="66" HEIGHT="29" WC="0.96" CONTENT="har"/><SP WIDTH="18" VPOS="782" HPOS="1003"/>
							<String ID="string_116" HPOS="1021" VPOS="781" WIDTH="61" HEIGHT="39" WC="0.96" CONTENT="jag"/><SP WIDTH="19" VPOS="781" HPOS="1082"/>
							<String ID="string_117" HPOS="1101" VPOS="780" WIDTH="77" HEIGHT="30" WC="0.96" CONTENT="icke"/><SP WIDTH="20" VPOS="780" HPOS="1178"/>
							<String ID="string_118" HPOS="1198" VPOS="778" WIDTH="109" HEIGHT="30" WC="0.96" CONTENT="heller"/><SP WIDTH="21" VPOS="778" HPOS="1307"/>
							<String ID="string_119" HPOS="1328" VPOS="776" WIDTH="114" HEIGHT="40" WC="0.96" CONTENT="någon"/><SP WIDTH="21" VPOS="776" HPOS="1442"/>
							<String ID="string_120" HPOS="1463" VPOS="775" WIDTH="151" HEIGHT="31" WC="0.96" CONTENT="erinran."/>
						</TextLine>
						<TextLine ID="line_13" HPOS="112" VPOS="825" WIDTH="1504" HEIGHT="49">
							<String ID="string_121" HPOS="112" VPOS="844" WIDTH="74" HEIGHT="28" WC="0.96" CONTENT="Den"/><SP WIDTH="23" VPOS="844" HPOS="186"/>
							<String ID="string_122" HPOS="209" VPOS="843" WIDTH="56" HEIGHT="29" WC="0.96" CONTENT="för"/><SP WIDTH="22" VPOS="843" HPOS="265"/>
							<String ID="string_123" HPOS="287" VPOS="841" WIDTH="95" HEIGHT="29" WC="0.96" CONTENT="detta"/><SP WIDTH="22" VPOS="841" HPOS="382"/>
							<String ID="string_124" HPOS="404" VPOS="838" WIDTH="164" HEIGHT="31" WC="0.95" CONTENT="ändamål"/><SP WIDTH="22" VPOS="838" HPOS="568"/>
							<String ID="string_125" HPOS="590" VPOS="836" WIDTH="150" HEIGHT="31" WC="0.93" CONTENT="avsedda"/><SP WIDTH="24" VPOS="836" HPOS="740"/>
							<String ID="string_126" HPOS="764" VPOS="834" WIDTH="180" HEIGHT="40" WC="0.92" CONTENT="delposten"/><SP WIDTH="19" VPOS="834" HPOS="944"/>
							<String ID="string_127" HPOS="963" VPOS="832" WIDTH="65" HEIGHT="30" WC="0.96" CONTENT="bör"/><SP WIDTH="24" VPOS="832" HPOS="1028"/>
							<String ID="string_128" HPOS="1052" VPOS="830" WIDTH="133" HEIGHT="31" WC="0.96" CONTENT="således"/><SP WIDTH="23" VPOS="830" HPOS="1185"/>
							<String ID="string_129" HPOS="1208" VPOS="829" WIDTH="11" HEIGHT="29" WC="0.96" CONTENT="i"/><SP WIDTH="23" VPOS="829" HPOS="1219"/>
							<String ID="string_130" HPOS="1242" VPOS="828" WIDTH="152" HEIGHT="39" WC="0.96" CONTENT="enlighet"/><SP WIDTH="20" VPOS="828" HPOS="1394"/>
							<String ID="string_131" HPOS="1414" VPOS="825" WIDTH="82" HEIGHT="31" WC="0.93" CONTENT="med"/><SP WIDTH="23" VPOS="825" HPOS="1496"/>
							<String ID="string_132" HPOS="1519" VPOS="825" WIDTH="97" HEIGHT="30" WC="0.92" CONTENT="kom-"/>
						</TextLine>
						<TextLine ID="line_14" HPOS="112" VPOS="876" WIDTH="1330" HEIGHT="54">
							<String ID="string_133" HPOS="112" VPOS="893" WIDTH="142" HEIGHT="29" WC="0.91" CONTENT="mitténs"/><SP WIDTH="24" VPOS="893" HPOS="254"/>
							<String ID="string_134" HPOS="278" VPOS="891" WIDTH="130" HEIGHT="39" WC="0.96" CONTENT="förslag"/><SP WIDTH="22" VPOS="891" HPOS="408"/>
							<String ID="string_135" HPOS="430" VPOS="890" WIDTH="211" HEIGHT="29" WC="0.96" CONTENT="bestämmas"/><SP WIDTH="26" VPOS="890" HPOS="641"/>
							<String ID="string_136" HPOS="667" VPOS="886" WIDTH="53" HEIGHT="30" WC="0.95" CONTENT="till"/><SP WIDTH="24" VPOS="886" HPOS="720"/>
							<String ID="string_137" HPOS="744" VPOS="885" WIDTH="62" HEIGHT="30" WC="0.96" CONTENT="650"/><SP WIDTH="15" VPOS="885" HPOS="806"/>
							<String ID="string_138" HPOS="821" VPOS="884" WIDTH="66" HEIGHT="30" WC="0.95" CONTENT="000"/><SP WIDTH="20" VPOS="884" HPOS="887"/>
							<String ID="string_139" HPOS="907" VPOS="883" WIDTH="130" HEIGHT="29" WC="0.96" CONTENT="kronor"/><SP WIDTH="23" VPOS="883" HPOS="1037"/>
							<String ID="string_140" HPOS="1060" VPOS="881" WIDTH="56" HEIGHT="30" WC="0.96" CONTENT="för"/><SP WIDTH="22" VPOS="881" HPOS="1116"/>
							<String ID="string_141" HPOS="1138" VPOS="880" WIDTH="102" HEIGHT="30" WC="0.96" CONTENT="nästa"/><SP WIDTH="22" VPOS="880" HPOS="1240"/>
							<String ID="string_142" HPOS="1262" VPOS="876" WIDTH="180" HEIGHT="41" WC="0.96" CONTENT="budgetår."/>
						</TextLine>
					</TextBlock>
					<TextBlock ID="block_4" HPOS="113" VPOS="923" WIDTH="1504" HEIGHT="161">
						<TextLine ID="line_15" HPOS="157" VPOS="923" WIDTH="1460" HEIGHT="58">
							<String ID="string_143" HPOS="157" VPOS="943" WIDTH="75" HEIGHT="30" WC="0.96" CONTENT="Vad"/><SP WIDTH="25" VPOS="943" HPOS="232"/>
							<String ID="string_144" HPOS="257" VPOS="941" WIDTH="163" HEIGHT="40" WC="0.96" CONTENT="slutligen"/><SP WIDTH="25" VPOS="941" HPOS="420"/>
							<String ID="string_145" HPOS="445" VPOS="939" WIDTH="107" HEIGHT="40" WC="0.93" CONTENT="angår"/><SP WIDTH="24" VPOS="939" HPOS="552"/>
							<String ID="string_146" HPOS="576" VPOS="938" WIDTH="180" HEIGHT="39" WC="0.91" CONTENT="delposten"/><SP WIDTH="25" VPOS="938" HPOS="756"/>
							<String ID="string_147" HPOS="781" VPOS="935" WIDTH="52" HEIGHT="30" WC="0.96" CONTENT="till"/><SP WIDTH="25" VPOS="935" HPOS="833"/>
							<String ID="string_148" HPOS="858" VPOS="932" WIDTH="196" HEIGHT="32" WC="0.96" CONTENT="Kostnader"/><SP WIDTH="25" VPOS="932" HPOS="1054"/>
							<String ID="string_149" HPOS="1079" VPOS="931" WIDTH="54" HEIGHT="30" WC="0.96" CONTENT="för"/><SP WIDTH="26" VPOS="931" HPOS="1133"/>
							<String ID="string_150" HPOS="1159" VPOS="929" WIDTH="155" HEIGHT="40" WC="0.95" CONTENT="Sveriges"/><SP WIDTH="26" VPOS="929" HPOS="1314"/>
							<String ID="string_151" HPOS="1340" VPOS="925" WIDTH="239" HEIGHT="40" WC="0.96" CONTENT="medlemskap"/><SP WIDTH="25" VPOS="925" HPOS="1579"/>
							<String ID="string_152" HPOS="1604" VPOS="923" WIDTH="13" HEIGHT="31" WC="0.96" CONTENT="i"/>
						</TextLine>
						<TextLine ID="line_16" HPOS="114" VPOS="975" WIDTH="1503" HEIGHT="59">
							<String ID="string_153" HPOS="114" VPOS="992" WIDTH="208" HEIGHT="42" WC="0.93" CONTENT="europeiska"/><SP WIDTH="23" VPOS="992" HPOS="322"/>
							<String ID="string_154" HPOS="345" VPOS="986" WIDTH="501" HEIGHT="44" WC="0.91" CONTENT="växtskyddsorganisationen"/><SP WIDTH="24" VPOS="986" HPOS="846"/>
							<String ID="string_155" HPOS="870" VPOS="984" WIDTH="98" HEIGHT="30" WC="0.96" CONTENT="torde"/><SP WIDTH="26" VPOS="984" HPOS="968"/>
							<String ID="string_156" HPOS="994" VPOS="983" WIDTH="115" HEIGHT="29" WC="0.96" CONTENT="denna"/><SP WIDTH="24" VPOS="983" HPOS="1109"/>
							<String ID="string_157" HPOS="1133" VPOS="981" WIDTH="55" HEIGHT="30" WC="0.96" CONTENT="för"/><SP WIDTH="26" VPOS="981" HPOS="1188"/>
							<String ID="string_158" HPOS="1214" VPOS="980" WIDTH="102" HEIGHT="30" WC="0.96" CONTENT="nästa"/><SP WIDTH="24" VPOS="980" HPOS="1316"/>
							<String ID="string_159" HPOS="1340" VPOS="976" WIDTH="169" HEIGHT="40" WC="0.96" CONTENT="budgetår"/><SP WIDTH="24" VPOS="976" HPOS="1509"/>
							<String ID="string_160" HPOS="1533" VPOS="975" WIDTH="84" HEIGHT="30" WC="0.96" CONTENT="böra"/>
						</TextLine>
						<TextLine ID="line_17" HPOS="113" VPOS="1033" WIDTH="1002" HEIGHT="51">
							<String ID="string_161" HPOS="113" VPOS="1045" WIDTH="171" HEIGHT="39" WC="0.96" CONTENT="uppföras"/><SP WIDTH="20" VPOS="1045" HPOS="284"/>
							<String ID="string_162" HPOS="304" VPOS="1042" WIDTH="79" HEIGHT="30" WC="0.97" CONTENT="med"/><SP WIDTH="20" VPOS="1042" HPOS="383"/>
							<String ID="string_163" HPOS="403" VPOS="1040" WIDTH="206" HEIGHT="33" WC="0.96" CONTENT="oförändrat"/><SP WIDTH="19" VPOS="1040" HPOS="609"/>
							<String ID="string_164" HPOS="628" VPOS="1038" WIDTH="124" HEIGHT="39" WC="0.96" CONTENT="belopp"/><SP WIDTH="22" VPOS="1038" HPOS="752"/>
							<String ID="string_165" HPOS="774" VPOS="1045" WIDTH="43" HEIGHT="21" WC="0.96" CONTENT="av"/><SP WIDTH="22" VPOS="1045" HPOS="817"/>
							<String ID="string_166" HPOS="839" VPOS="1035" WIDTH="38" HEIGHT="30" WC="0.96" CONTENT="16"/><SP WIDTH="15" VPOS="1035" HPOS="877"/>
							<String ID="string_167" HPOS="892" VPOS="1035" WIDTH="64" HEIGHT="30" WC="0.96" CONTENT="000"/><SP WIDTH="19" VPOS="1035" HPOS="956"/>
							<String ID="string_168" HPOS="975" VPOS="1033" WIDTH="140" HEIGHT="30" WC="0.96" CONTENT="kronor."/>
						</TextLine>
					</TextBlock>
					<TextBlock ID="block_5" HPOS="114" VPOS="1076" WIDTH="1506" HEIGHT="210">
						<TextLine ID="line_18" HPOS="158" VPOS="1076" WIDTH="1458" HEIGHT="49">
							<String ID="string_169" HPOS="158" VPOS="1094" WIDTH="66" HEIGHT="30" WC="0.96" CONTENT="Vid"/><SP WIDTH="22" VPOS="1094" HPOS="224"/>
							<String ID="string_170" HPOS="246" VPOS="1093" WIDTH="101" HEIGHT="30" WC="0.96" CONTENT="bifall"/><SP WIDTH="22" VPOS="1093" HPOS="347"/>
							<String ID="string_171" HPOS="369" VPOS="1092" WIDTH="54" HEIGHT="30" WC="0.96" CONTENT="till"/><SP WIDTH="22" VPOS="1092" HPOS="423"/>
							<String ID="string_172" HPOS="445" VPOS="1091" WIDTH="67" HEIGHT="30" WC="0.96" CONTENT="vad"/><SP WIDTH="23" VPOS="1091" HPOS="512"/>
							<String ID="string_173" HPOS="535" VPOS="1088" WIDTH="148" HEIGHT="32" WC="0.96" CONTENT="sålunda"/><SP WIDTH="22" VPOS="1088" HPOS="683"/>
							<String ID="string_174" HPOS="705" VPOS="1085" WIDTH="198" HEIGHT="40" WC="0.96" CONTENT="föreslagits"/><SP WIDTH="23" VPOS="1085" HPOS="903"/>
							<String ID="string_175" HPOS="926" VPOS="1084" WIDTH="64" HEIGHT="30" WC="0.96" CONTENT="bör"/><SP WIDTH="22" VPOS="1084" HPOS="990"/>
							<String ID="string_176" HPOS="1012" VPOS="1079" WIDTH="267" HEIGHT="42" WC="0.96" CONTENT="ifrågavarande"/><SP WIDTH="25" VPOS="1079" HPOS="1279"/>
							<String ID="string_177" HPOS="1304" VPOS="1078" WIDTH="121" HEIGHT="39" WC="0.95" CONTENT="anslag"/><SP WIDTH="23" VPOS="1078" HPOS="1425"/>
							<String ID="string_178" HPOS="1448" VPOS="1076" WIDTH="168" HEIGHT="41" WC="0.96" CONTENT="uppföras"/>
						</TextLine>
						<TextLine ID="line_19" HPOS="114" VPOS="1125" WIDTH="1498" HEIGHT="55">
							<String ID="string_179" HPOS="114" VPOS="1145" WIDTH="79" HEIGHT="29" WC="0.96" CONTENT="med"/><SP WIDTH="25" VPOS="1145" HPOS="193"/>
							<String ID="string_180" HPOS="218" VPOS="1145" WIDTH="47" HEIGHT="29" WC="0.96" CONTENT="ett"/><SP WIDTH="25" VPOS="1145" HPOS="265"/>
							<String ID="string_181" HPOS="290" VPOS="1141" WIDTH="233" HEIGHT="39" WC="0.95" CONTENT="sammanlagt"/><SP WIDTH="24" VPOS="1141" HPOS="523"/>
							<String ID="string_182" HPOS="547" VPOS="1140" WIDTH="123" HEIGHT="39" WC="0.96" CONTENT="belopp"/><SP WIDTH="25" VPOS="1140" HPOS="670"/>
							<String ID="string_183" HPOS="695" VPOS="1147" WIDTH="42" HEIGHT="21" WC="0.96" CONTENT="av"/><SP WIDTH="29" VPOS="1147" HPOS="737"/>
							<String ID="string_184" HPOS="766" VPOS="1136" WIDTH="138" HEIGHT="34" WC="0.83" CONTENT="(21000"/><SP WIDTH="24" VPOS="1136" HPOS="904"/>
							<String ID="string_185" HPOS="928" VPOS="1135" WIDTH="38" HEIGHT="37" WC="0.9" CONTENT="++"/><SP WIDTH="27" VPOS="1135" HPOS="966"/>
							<String ID="string_186" HPOS="993" VPOS="1133" WIDTH="96" HEIGHT="30" WC="0.88" CONTENT="6000"/><SP WIDTH="27" VPOS="1133" HPOS="1089"/>
							<String ID="string_187" HPOS="1116" VPOS="1132" WIDTH="37" HEIGHT="37" WC="0.83" CONTENT="+"/><SP WIDTH="27" VPOS="1132" HPOS="1153"/>
							<String ID="string_188" HPOS="1180" VPOS="1130" WIDTH="63" HEIGHT="31" WC="0.92" CONTENT="650"/><SP WIDTH="14" VPOS="1130" HPOS="1243"/>
							<String ID="string_189" HPOS="1257" VPOS="1129" WIDTH="63" HEIGHT="31" WC="0.92" CONTENT="000"/><SP WIDTH="29" VPOS="1129" HPOS="1320"/>
							<String ID="string_190" HPOS="1349" VPOS="1129" WIDTH="38" HEIGHT="38" WC="0.35" CONTENT="+"/><SP WIDTH="27" VPOS="1129" HPOS="1387"/>
							<String ID="string_191" HPOS="1414" VPOS="1127" WIDTH="39" HEIGHT="31" WC="0.96" CONTENT="16"/><SP WIDTH="14" VPOS="1127" HPOS="1453"/>
							<String ID="string_192" HPOS="1467" VPOS="1127" WIDTH="62" HEIGHT="30" WC="0.96" CONTENT="000"/><SP WIDTH="26" VPOS="1127" HPOS="1529"/>
							<String ID="string_193" HPOS="1555" VPOS="1125" WIDTH="57" HEIGHT="34" WC="0.52" CONTENT="==)"/>
						</TextLine>
						<TextLine ID="line_20" HPOS="114" VPOS="1175" WIDTH="1506" HEIGHT="50">
							<String ID="string_194" HPOS="114" VPOS="1196" WIDTH="64" HEIGHT="29" WC="0.96" CONTENT="693"/><SP WIDTH="15" VPOS="1196" HPOS="178"/>
							<String ID="string_195" HPOS="193" VPOS="1195" WIDTH="62" HEIGHT="30" WC="0.96" CONTENT="000"/><SP WIDTH="25" VPOS="1195" HPOS="255"/>
							<String ID="string_196" HPOS="280" VPOS="1194" WIDTH="140" HEIGHT="29" WC="0.96" CONTENT="kronor."/><SP WIDTH="25" VPOS="1194" HPOS="420"/>
							<String ID="string_197" HPOS="445" VPOS="1193" WIDTH="14" HEIGHT="29" WC="0.96" CONTENT="I"/><SP WIDTH="25" VPOS="1193" HPOS="459"/>
							<String ID="string_198" HPOS="484" VPOS="1189" WIDTH="219" HEIGHT="32" WC="0.96" CONTENT="förhållande"/><SP WIDTH="24" VPOS="1189" HPOS="703"/>
							<String ID="string_199" HPOS="727" VPOS="1188" WIDTH="54" HEIGHT="30" WC="0.93" CONTENT="till"/><SP WIDTH="24" VPOS="1188" HPOS="781"/>
							<String ID="string_200" HPOS="805" VPOS="1183" WIDTH="363" HEIGHT="39" WC="0.92" CONTENT="medelsanvisningen"/><SP WIDTH="26" VPOS="1183" HPOS="1168"/>
							<String ID="string_201" HPOS="1194" VPOS="1181" WIDTH="56" HEIGHT="31" WC="0.96" CONTENT="för"/><SP WIDTH="24" VPOS="1181" HPOS="1250"/>
							<String ID="string_202" HPOS="1274" VPOS="1177" WIDTH="236" HEIGHT="33" WC="0.93" CONTENT="innevarande"/><SP WIDTH="24" VPOS="1177" HPOS="1510"/>
							<String ID="string_203" HPOS="1534" VPOS="1175" WIDTH="86" HEIGHT="32" WC="0.92" CONTENT="bud-"/>
						</TextLine>
						<TextLine ID="line_21" HPOS="120" VPOS="1228" WIDTH="1500" HEIGHT="58">
							<String ID="string_204" HPOS="120" VPOS="1246" WIDTH="95" HEIGHT="40" WC="0.91" CONTENT="getår"/><SP WIDTH="16" VPOS="1246" HPOS="215"/>
							<String ID="string_205" HPOS="231" VPOS="1245" WIDTH="53" HEIGHT="30" WC="0.96" CONTENT="till"/><SP WIDTH="17" VPOS="1245" HPOS="284"/>
							<String ID="string_206" HPOS="301" VPOS="1241" WIDTH="263" HEIGHT="40" WC="0.96" CONTENT="ifrågavarande"/><SP WIDTH="17" VPOS="1241" HPOS="564"/>
							<String ID="string_207" HPOS="581" VPOS="1239" WIDTH="160" HEIGHT="32" WC="0.96" CONTENT="ändamål"/><SP WIDTH="20" VPOS="1239" HPOS="741"/>
							<String ID="string_208" HPOS="761" VPOS="1237" WIDTH="144" HEIGHT="31" WC="0.96" CONTENT="innebär"/><SP WIDTH="17" VPOS="1237" HPOS="905"/>
							<String ID="string_209" HPOS="922" VPOS="1236" WIDTH="91" HEIGHT="30" WC="0.96" CONTENT="detta"/><SP WIDTH="18" VPOS="1236" HPOS="1013"/>
							<String ID="string_210" HPOS="1031" VPOS="1243" WIDTH="42" HEIGHT="21" WC="0.96" CONTENT="en"/><SP WIDTH="18" VPOS="1243" HPOS="1073"/>
							<String ID="string_211" HPOS="1091" VPOS="1232" WIDTH="130" HEIGHT="37" WC="0.96" CONTENT="ökning"/><SP WIDTH="15" VPOS="1232" HPOS="1221"/>
							<String ID="string_212" HPOS="1236" VPOS="1231" WIDTH="78" HEIGHT="31" WC="0.96" CONTENT="med"/><SP WIDTH="18" VPOS="1231" HPOS="1314"/>
							<String ID="string_213" HPOS="1332" VPOS="1230" WIDTH="37" HEIGHT="29" WC="0.95" CONTENT="31"/><SP WIDTH="15" VPOS="1230" HPOS="1369"/>
							<String ID="string_214" HPOS="1384" VPOS="1229" WIDTH="60" HEIGHT="30" WC="0.95" CONTENT="000"/><SP WIDTH="17" VPOS="1229" HPOS="1444"/>
							<String ID="string_215" HPOS="1461" VPOS="1228" WIDTH="159" HEIGHT="30" WC="0.13" CONTENT="kronor.»"/>
						</TextLine>
					</TextBlock>
				</ComposedBlock>
				<ComposedBlock ID="cblock_2" HPOS="120" VPOS="1311" WIDTH="1504" HEIGHT="255">
					<TextBlock ID="block_6" HPOS="120" VPOS="1311" WIDTH="1504" HEIGHT="255">
						<TextLine ID="line_22" HPOS="165" VPOS="1311" WIDTH="1458" HEIGHT="53">
							<String ID="string_216" HPOS="165" VPOS="1328" WIDTH="187" HEIGHT="32" WC="0.96" CONTENT="Utskottet."/><SP WIDTH="19" VPOS="1328" HPOS="352"/>
							<String ID="string_217" HPOS="371" VPOS="1327" WIDTH="66" HEIGHT="30" WC="0.96" CONTENT="Det"/><SP WIDTH="20" VPOS="1327" HPOS="437"/>
							<String ID="string_218" HPOS="457" VPOS="1324" WIDTH="197" HEIGHT="40" WC="0.96" CONTENT="framlagda"/><SP WIDTH="21" VPOS="1324" HPOS="654"/>
							<String ID="string_219" HPOS="675" VPOS="1322" WIDTH="168" HEIGHT="39" WC="0.96" CONTENT="förslaget"/><SP WIDTH="19" VPOS="1322" HPOS="843"/>
							<String ID="string_220" HPOS="862" VPOS="1320" WIDTH="112" HEIGHT="30" WC="0.96" CONTENT="möter"/><SP WIDTH="19" VPOS="1320" HPOS="974"/>
							<String ID="string_221" HPOS="993" VPOS="1318" WIDTH="77" HEIGHT="30" WC="0.96" CONTENT="icke"/><SP WIDTH="20" VPOS="1318" HPOS="1070"/>
							<String ID="string_222" HPOS="1090" VPOS="1316" WIDTH="116" HEIGHT="40" WC="0.96" CONTENT="någon"/><SP WIDTH="19" VPOS="1316" HPOS="1206"/>
							<String ID="string_223" HPOS="1225" VPOS="1315" WIDTH="143" HEIGHT="30" WC="0.96" CONTENT="erinran"/><SP WIDTH="20" VPOS="1315" HPOS="1368"/>
							<String ID="string_224" HPOS="1388" VPOS="1312" WIDTH="80" HEIGHT="31" WC="0.93" CONTENT="från"/><SP WIDTH="20" VPOS="1312" HPOS="1468"/>
							<String ID="string_225" HPOS="1488" VPOS="1311" WIDTH="135" HEIGHT="30" WC="0.90" CONTENT="utskot-"/>
						</TextLine>
						<TextLine ID="line_23" HPOS="120" VPOS="1371" WIDTH="729" HEIGHT="39">
							<String ID="string_226" HPOS="120" VPOS="1381" WIDTH="67" HEIGHT="29" WC="0.92" CONTENT="tets"/><SP WIDTH="22" VPOS="1381" HPOS="187"/>
							<String ID="string_227" HPOS="209" VPOS="1379" WIDTH="86" HEIGHT="30" WC="0.95" CONTENT="sida."/><SP WIDTH="23" VPOS="1379" HPOS="295"/>
							<String ID="string_228" HPOS="318" VPOS="1377" WIDTH="177" HEIGHT="31" WC="0.96" CONTENT="Utskottet"/><SP WIDTH="19" VPOS="1377" HPOS="495"/>
							<String ID="string_229" HPOS="514" VPOS="1374" WIDTH="202" HEIGHT="31" WC="0.96" CONTENT="hemställer"/><SP WIDTH="21" VPOS="1374" HPOS="716"/>
							<String ID="string_230" HPOS="737" VPOS="1371" WIDTH="112" HEIGHT="34" WC="0.96" CONTENT="alltså,"/>
						</TextLine>
						<TextLine ID="line_24" HPOS="475" VPOS="1411" WIDTH="1149" HEIGHT="52">
							<String ID="string_231" HPOS="475" VPOS="1427" WIDTH="51" HEIGHT="29" WC="0.96" CONTENT="att"/><SP WIDTH="16" VPOS="1427" HPOS="526"/>
							<String ID="string_232" HPOS="542" VPOS="1425" WIDTH="188" HEIGHT="38" WC="0.96" CONTENT="riksdagen"/><SP WIDTH="19" VPOS="1425" HPOS="730"/>
							<String ID="string_233" HPOS="749" VPOS="1422" WIDTH="58" HEIGHT="30" WC="0.96" CONTENT="må"/><SP WIDTH="19" VPOS="1422" HPOS="807"/>
							<String ID="string_234" HPOS="826" VPOS="1420" WIDTH="53" HEIGHT="31" WC="0.96" CONTENT="till"/><SP WIDTH="16" VPOS="1420" HPOS="879"/>
							<String ID="string_235" HPOS="895" VPOS="1419" WIDTH="129" HEIGHT="39" WC="0.96" CONTENT="Bidrag"/><SP WIDTH="19" VPOS="1419" HPOS="1024"/>
							<String ID="string_236" HPOS="1043" VPOS="1418" WIDTH="53" HEIGHT="30" WC="0.96" CONTENT="till"/><SP WIDTH="18" VPOS="1418" HPOS="1096"/>
							<String ID="string_237" HPOS="1114" VPOS="1417" WIDTH="91" HEIGHT="30" WC="0.95" CONTENT="vissa"/><SP WIDTH="19" VPOS="1417" HPOS="1205"/>
							<String ID="string_238" HPOS="1224" VPOS="1411" WIDTH="282" HEIGHT="34" WC="0.93" CONTENT="internationella"/><SP WIDTH="21" VPOS="1411" HPOS="1506"/>
							<String ID="string_239" HPOS="1527" VPOS="1420" WIDTH="97" HEIGHT="30" WC="0.91" CONTENT="orga-"/>
						</TextLine>
						<TextLine ID="line_25" HPOS="430" VPOS="1462" WIDTH="1194" HEIGHT="47">
							<String ID="string_240" HPOS="430" VPOS="1475" WIDTH="194" HEIGHT="32" WC="0.90" CONTENT="nisationer"/><SP WIDTH="17" VPOS="1475" HPOS="624"/>
							<String ID="string_241" HPOS="641" VPOS="1483" WIDTH="47" HEIGHT="21" WC="0.92" CONTENT="m."/><SP WIDTH="20" VPOS="1483" HPOS="688"/>
							<String ID="string_242" HPOS="708" VPOS="1482" WIDTH="47" HEIGHT="22" WC="0.92" CONTENT="m."/><SP WIDTH="22" VPOS="1482" HPOS="755"/>
							<String ID="string_243" HPOS="777" VPOS="1472" WIDTH="54" HEIGHT="30" WC="0.96" CONTENT="för"/><SP WIDTH="19" VPOS="1472" HPOS="831"/>
							<String ID="string_244" HPOS="850" VPOS="1469" WIDTH="207" HEIGHT="40" WC="0.93" CONTENT="budgetåret"/><SP WIDTH="22" VPOS="1469" HPOS="1057"/>
							<String ID="string_245" HPOS="1079" VPOS="1466" WIDTH="150" HEIGHT="36" WC="0.91" CONTENT="1955/56"/><SP WIDTH="20" VPOS="1466" HPOS="1229"/>
							<String ID="string_246" HPOS="1249" VPOS="1465" WIDTH="122" HEIGHT="31" WC="0.96" CONTENT="anvisa"/><SP WIDTH="20" VPOS="1465" HPOS="1371"/>
							<String ID="string_247" HPOS="1391" VPOS="1465" WIDTH="49" HEIGHT="30" WC="0.92" CONTENT="ett"/><SP WIDTH="20" VPOS="1465" HPOS="1440"/>
							<String ID="string_248" HPOS="1460" VPOS="1462" WIDTH="164" HEIGHT="39" WC="0.90" CONTENT="förslags-"/>
						</TextLine>
						<TextLine ID="line_26" HPOS="431" VPOS="1522" WIDTH="507" HEIGHT="44">
							<String ID="string_249" HPOS="431" VPOS="1527" WIDTH="122" HEIGHT="39" WC="0.96" CONTENT="anslag"/><SP WIDTH="19" VPOS="1527" HPOS="553"/>
							<String ID="string_250" HPOS="572" VPOS="1534" WIDTH="42" HEIGHT="22" WC="0.95" CONTENT="av"/><SP WIDTH="21" VPOS="1534" HPOS="614"/>
							<String ID="string_251" HPOS="635" VPOS="1524" WIDTH="63" HEIGHT="31" WC="0.95" CONTENT="693"/><SP WIDTH="14" VPOS="1524" HPOS="698"/>
							<String ID="string_252" HPOS="712" VPOS="1522" WIDTH="64" HEIGHT="31" WC="0.96" CONTENT="000"/><SP WIDTH="21" VPOS="1522" HPOS="776"/>
							<String ID="string_253" HPOS="797" VPOS="1522" WIDTH="141" HEIGHT="30" WC="0.96" CONTENT="kronor."/>
						</TextLine>
					</TextBlock>
				</ComposedBlock>
				<ComposedBlock ID="cblock_3" HPOS="123" VPOS="1646" WIDTH="1507" HEIGHT="456">
					<TextBlock ID="block_7" HPOS="123" VPOS="1646" WIDTH="1505" HEIGHT="300">
						<TextLine ID="line_27" HPOS="166" VPOS="1646" WIDTH="1460" HEIGHT="52">
							<String ID="string_254" HPOS="166" VPOS="1663" WIDTH="118" HEIGHT="35" WC="0.91" CONTENT="207:0)"/><SP WIDTH="26" VPOS="1663" HPOS="284"/>
							<String ID="string_255" HPOS="310" VPOS="1662" WIDTH="239" HEIGHT="34" WC="0.96" CONTENT="Ersättningar"/><SP WIDTH="21" VPOS="1662" HPOS="549"/>
							<String ID="string_256" HPOS="570" VPOS="1660" WIDTH="57" HEIGHT="30" WC="0.96" CONTENT="för"/><SP WIDTH="22" VPOS="1660" HPOS="627"/>
							<String ID="string_257" HPOS="649" VPOS="1659" WIDTH="94" HEIGHT="30" WC="0.96" CONTENT="vissa"/><SP WIDTH="23" VPOS="1659" HPOS="743"/>
							<String ID="string_258" HPOS="766" VPOS="1655" WIDTH="238" HEIGHT="36" WC="0.96" CONTENT="besiktningar"/><SP WIDTH="24" VPOS="1655" HPOS="1004"/>
							<String ID="string_259" HPOS="1028" VPOS="1653" WIDTH="65" HEIGHT="31" WC="0.96" CONTENT="och"/><SP WIDTH="22" VPOS="1653" HPOS="1093"/>
							<String ID="string_260" HPOS="1115" VPOS="1650" WIDTH="346" HEIGHT="38" WC="0.90" CONTENT="syneförrättningar."/><SP WIDTH="23" VPOS="1650" HPOS="1461"/>
							<String ID="string_261" HPOS="1484" VPOS="1647" WIDTH="14" HEIGHT="30" WC="0.92" CONTENT="I"/><SP WIDTH="23" VPOS="1647" HPOS="1498"/>
							<String ID="string_262" HPOS="1521" VPOS="1646" WIDTH="105" HEIGHT="37" WC="0.91" CONTENT="enlig-"/>
						</TextLine>
						<TextLine ID="line_28" HPOS="123" VPOS="1697" WIDTH="1504" HEIGHT="55">
							<String ID="string_263" HPOS="123" VPOS="1714" WIDTH="59" HEIGHT="31" WC="0.96" CONTENT="het"/><SP WIDTH="19" VPOS="1714" HPOS="182"/>
							<String ID="string_264" HPOS="201" VPOS="1714" WIDTH="80" HEIGHT="31" WC="0.96" CONTENT="med"/><SP WIDTH="20" VPOS="1714" HPOS="281"/>
							<String ID="string_265" HPOS="301" VPOS="1712" WIDTH="126" HEIGHT="40" WC="0.95" CONTENT="Kungl."/><SP WIDTH="21" VPOS="1712" HPOS="427"/>
							<String ID="string_266" HPOS="448" VPOS="1711" WIDTH="124" HEIGHT="40" WC="0.96" CONTENT="Maj:ts"/><SP WIDTH="19" VPOS="1711" HPOS="572"/>
							<String ID="string_267" HPOS="591" VPOS="1709" WIDTH="111" HEIGHT="31" WC="0.96" CONTENT="under"/><SP WIDTH="19" VPOS="1709" HPOS="702"/>
							<String ID="string_268" HPOS="721" VPOS="1706" WIDTH="161" HEIGHT="42" WC="0.96" CONTENT="punkten"/><SP WIDTH="20" VPOS="1706" HPOS="882"/>
							<String ID="string_269" HPOS="902" VPOS="1704" WIDTH="63" HEIGHT="31" WC="0.93" CONTENT="224"/><SP WIDTH="25" VPOS="1704" HPOS="965"/>
							<String ID="string_270" HPOS="990" VPOS="1703" WIDTH="43" HEIGHT="35" WC="0.91" CONTENT="(s."/><SP WIDTH="21" VPOS="1703" HPOS="1033"/>
							<String ID="string_271" HPOS="1054" VPOS="1703" WIDTH="80" HEIGHT="34" WC="0.96" CONTENT="413)"/><SP WIDTH="26" VPOS="1703" HPOS="1134"/>
							<String ID="string_272" HPOS="1160" VPOS="1701" WIDTH="124" HEIGHT="41" WC="0.96" CONTENT="gjorda"/><SP WIDTH="19" VPOS="1701" HPOS="1284"/>
							<String ID="string_273" HPOS="1303" VPOS="1697" WIDTH="262" HEIGHT="40" WC="0.93" CONTENT="framställning"/><SP WIDTH="18" VPOS="1697" HPOS="1565"/>
							<String ID="string_274" HPOS="1583" VPOS="1714" WIDTH="44" HEIGHT="4" WC="0.88" CONTENT="—"/>
						</TextLine>
						<TextLine ID="line_29" HPOS="124" VPOS="1746" WIDTH="1502" HEIGHT="49">
							<String ID="string_275" HPOS="124" VPOS="1765" WIDTH="117" HEIGHT="30" WC="0.96" CONTENT="vilken"/><SP WIDTH="15" VPOS="1765" HPOS="241"/>
							<String ID="string_276" HPOS="256" VPOS="1763" WIDTH="147" HEIGHT="31" WC="0.96" CONTENT="innebär"/><SP WIDTH="18" VPOS="1763" HPOS="403"/>
							<String ID="string_277" HPOS="421" VPOS="1764" WIDTH="51" HEIGHT="28" WC="0.96" CONTENT="att"/><SP WIDTH="16" VPOS="1764" HPOS="472"/>
							<String ID="string_278" HPOS="488" VPOS="1762" WIDTH="54" HEIGHT="30" WC="0.96" CONTENT="för"/><SP WIDTH="17" VPOS="1762" HPOS="542"/>
							<String ID="string_279" HPOS="559" VPOS="1758" WIDTH="201" HEIGHT="33" WC="0.96" CONTENT="ändamålet"/><SP WIDTH="16" VPOS="1758" HPOS="760"/>
							<String ID="string_280" HPOS="776" VPOS="1756" WIDTH="91" HEIGHT="32" WC="0.95" CONTENT="skall"/><SP WIDTH="17" VPOS="1756" HPOS="867"/>
							<String ID="string_281" HPOS="884" VPOS="1754" WIDTH="140" HEIGHT="32" WC="0.96" CONTENT="anvisas"/><SP WIDTH="17" VPOS="1754" HPOS="1024"/>
							<String ID="string_282" HPOS="1041" VPOS="1755" WIDTH="49" HEIGHT="29" WC="0.96" CONTENT="ett"/><SP WIDTH="17" VPOS="1755" HPOS="1090"/>
							<String ID="string_283" HPOS="1107" VPOS="1751" WIDTH="206" HEIGHT="32" WC="0.96" CONTENT="oförändrat"/><SP WIDTH="16" VPOS="1751" HPOS="1313"/>
							<String ID="string_284" HPOS="1329" VPOS="1749" WIDTH="126" HEIGHT="40" WC="0.96" CONTENT="belopp"/><SP WIDTH="16" VPOS="1749" HPOS="1455"/>
							<String ID="string_285" HPOS="1471" VPOS="1757" WIDTH="44" HEIGHT="22" WC="0.96" CONTENT="av"/><SP WIDTH="15" VPOS="1757" HPOS="1515"/>
							<String ID="string_286" HPOS="1530" VPOS="1748" WIDTH="18" HEIGHT="30" WC="0.96" CONTENT="5"/><SP WIDTH="16" VPOS="1748" HPOS="1548"/>
							<String ID="string_287" HPOS="1564" VPOS="1746" WIDTH="62" HEIGHT="32" WC="0.95" CONTENT="000"/>
						</TextLine>
						<TextLine ID="line_30" HPOS="124" VPOS="1798" WIDTH="1504" HEIGHT="51">
							<String ID="string_288" HPOS="124" VPOS="1816" WIDTH="132" HEIGHT="29" WC="0.96" CONTENT="kronor"/><SP WIDTH="21" VPOS="1816" HPOS="256"/>
							<String ID="string_289" HPOS="277" VPOS="1813" WIDTH="67" HEIGHT="31" WC="0.96" CONTENT="och"/><SP WIDTH="22" VPOS="1813" HPOS="344"/>
							<String ID="string_290" HPOS="366" VPOS="1814" WIDTH="51" HEIGHT="29" WC="0.93" CONTENT="att"/><SP WIDTH="23" VPOS="1814" HPOS="417"/>
							<String ID="string_291" HPOS="440" VPOS="1806" WIDTH="381" HEIGHT="43" WC="0.91" CONTENT="författningsändring"/><SP WIDTH="24" VPOS="1806" HPOS="821"/>
							<String ID="string_292" HPOS="845" VPOS="1806" WIDTH="58" HEIGHT="30" WC="0.95" CONTENT="må"/><SP WIDTH="22" VPOS="1806" HPOS="903"/>
							<String ID="string_293" HPOS="925" VPOS="1805" WIDTH="159" HEIGHT="39" WC="0.95" CONTENT="vidtagas"/><SP WIDTH="22" VPOS="1805" HPOS="1084"/>
							<String ID="string_294" HPOS="1106" VPOS="1803" WIDTH="12" HEIGHT="29" WC="0.96" CONTENT="i"/><SP WIDTH="23" VPOS="1803" HPOS="1118"/>
							<String ID="string_295" HPOS="1141" VPOS="1802" WIDTH="91" HEIGHT="40" WC="0.96" CONTENT="syfte"/><SP WIDTH="24" VPOS="1802" HPOS="1232"/>
							<String ID="string_296" HPOS="1256" VPOS="1802" WIDTH="50" HEIGHT="29" WC="0.96" CONTENT="att"/><SP WIDTH="21" VPOS="1802" HPOS="1306"/>
							<String ID="string_297" HPOS="1327" VPOS="1800" WIDTH="136" HEIGHT="40" WC="0.96" CONTENT="justera"/><SP WIDTH="22" VPOS="1800" HPOS="1463"/>
							<String ID="string_298" HPOS="1485" VPOS="1798" WIDTH="143" HEIGHT="30" WC="0.96" CONTENT="arvodet"/>
						</TextLine>
						<TextLine ID="line_31" HPOS="125" VPOS="1848" WIDTH="1503" HEIGHT="50">
							<String ID="string_299" HPOS="125" VPOS="1866" WIDTH="53" HEIGHT="29" WC="0.95" CONTENT="till"/><SP WIDTH="26" VPOS="1866" HPOS="178"/>
							<String ID="string_300" HPOS="204" VPOS="1864" WIDTH="238" HEIGHT="30" WC="0.96" CONTENT="nämndeman"/><SP WIDTH="23" VPOS="1864" HPOS="442"/>
							<String ID="string_301" HPOS="465" VPOS="1862" WIDTH="58" HEIGHT="30" WC="0.96" CONTENT="vid"/><SP WIDTH="24" VPOS="1862" HPOS="523"/>
							<String ID="string_302" HPOS="547" VPOS="1860" WIDTH="64" HEIGHT="31" WC="0.97" CONTENT="här"/><SP WIDTH="25" VPOS="1860" HPOS="611"/>
							<String ID="string_303" HPOS="636" VPOS="1856" WIDTH="269" HEIGHT="42" WC="0.96" CONTENT="ifrågavarande"/><SP WIDTH="23" VPOS="1856" HPOS="905"/>
							<String ID="string_304" HPOS="928" VPOS="1854" WIDTH="242" HEIGHT="38" WC="0.96" CONTENT="besiktningar"/><SP WIDTH="25" VPOS="1854" HPOS="1170"/>
							<String ID="string_305" HPOS="1195" VPOS="1852" WIDTH="65" HEIGHT="30" WC="0.93" CONTENT="och"/><SP WIDTH="28" VPOS="1852" HPOS="1260"/>
							<String ID="string_306" HPOS="1288" VPOS="1848" WIDTH="340" HEIGHT="42" WC="0.92" CONTENT="syneförrättningar"/>
						</TextLine>
						<TextLine ID="line_32" HPOS="125" VPOS="1912" WIDTH="460" HEIGHT="34">
							<String ID="string_307" HPOS="125" VPOS="1933" WIDTH="43" HEIGHT="4" WC="0.83" CONTENT="—"/><SP WIDTH="16" VPOS="1933" HPOS="168"/>
							<String ID="string_308" HPOS="184" VPOS="1913" WIDTH="203" HEIGHT="32" WC="0.96" CONTENT="hemställer"/><SP WIDTH="17" VPOS="1913" HPOS="387"/>
							<String ID="string_309" HPOS="404" VPOS="1912" WIDTH="181" HEIGHT="34" WC="0.95" CONTENT="utskottet,"/>
						</TextLine>
					</TextBlock>
					<TextBlock ID="block_8" HPOS="437" VPOS="1947" WIDTH="1193" HEIGHT="155">
						<TextLine ID="line_33" HPOS="480" VPOS="1947" WIDTH="1149" HEIGHT="52">
							<String ID="string_310" HPOS="480" VPOS="1963" WIDTH="51" HEIGHT="28" WC="0.96" CONTENT="att"/><SP WIDTH="23" VPOS="1963" HPOS="531"/>
							<String ID="string_311" HPOS="554" VPOS="1959" WIDTH="188" HEIGHT="40" WC="0.96" CONTENT="riksdagen"/><SP WIDTH="23" VPOS="1959" HPOS="742"/>
							<String ID="string_312" HPOS="765" VPOS="1958" WIDTH="59" HEIGHT="30" WC="0.96" CONTENT="må"/><SP WIDTH="24" VPOS="1958" HPOS="824"/>
							<String ID="string_313" HPOS="848" VPOS="1956" WIDTH="53" HEIGHT="30" WC="0.96" CONTENT="till"/><SP WIDTH="21" VPOS="1956" HPOS="901"/>
							<String ID="string_314" HPOS="922" VPOS="1954" WIDTH="249" HEIGHT="39" WC="0.96" CONTENT="Ersättningar"/><SP WIDTH="21" VPOS="1954" HPOS="1171"/>
							<String ID="string_315" HPOS="1192" VPOS="1953" WIDTH="58" HEIGHT="40" WC="0.96" CONTENT="för"/><SP WIDTH="23" VPOS="1953" HPOS="1250"/>
							<String ID="string_316" HPOS="1273" VPOS="1951" WIDTH="92" HEIGHT="30" WC="0.95" CONTENT="vissa"/><SP WIDTH="25" VPOS="1951" HPOS="1365"/>
							<String ID="string_317" HPOS="1390" VPOS="1947" WIDTH="239" HEIGHT="41" WC="0.95" CONTENT="besiktningar"/>
						</TextLine>
						<TextLine ID="line_34" HPOS="437" VPOS="1999" WIDTH="1193" HEIGHT="51">
							<String ID="string_318" HPOS="437" VPOS="2012" WIDTH="63" HEIGHT="30" WC="0.93" CONTENT="och"/><SP WIDTH="19" VPOS="2012" HPOS="500"/>
							<String ID="string_319" HPOS="519" VPOS="2008" WIDTH="343" HEIGHT="42" WC="0.92" CONTENT="syneförrättningar"/><SP WIDTH="18" VPOS="2008" HPOS="862"/>
							<String ID="string_320" HPOS="880" VPOS="2006" WIDTH="55" HEIGHT="36" WC="0.96" CONTENT="för"/><SP WIDTH="19" VPOS="2006" HPOS="935"/>
							<String ID="string_321" HPOS="954" VPOS="2003" WIDTH="206" HEIGHT="41" WC="0.93" CONTENT="budgetåret"/><SP WIDTH="22" VPOS="2003" HPOS="1160"/>
							<String ID="string_322" HPOS="1182" VPOS="2001" WIDTH="150" HEIGHT="37" WC="0.92" CONTENT="1955/56"/><SP WIDTH="22" VPOS="2001" HPOS="1332"/>
							<String ID="string_323" HPOS="1354" VPOS="2000" WIDTH="121" HEIGHT="31" WC="0.96" CONTENT="anvisa"/><SP WIDTH="18" VPOS="2000" HPOS="1475"/>
							<String ID="string_324" HPOS="1493" VPOS="2000" WIDTH="49" HEIGHT="29" WC="0.96" CONTENT="ett"/><SP WIDTH="19" VPOS="2000" HPOS="1542"/>
							<String ID="string_325" HPOS="1561" VPOS="1999" WIDTH="69" HEIGHT="29" WC="0.92" CONTENT="för-"/>
						</TextLine>
						<TextLine ID="line_35" HPOS="438" VPOS="2057" WIDTH="560" HEIGHT="45">
							<String ID="string_326" HPOS="438" VPOS="2061" WIDTH="215" HEIGHT="41" WC="0.91" CONTENT="slagsanslag"/><SP WIDTH="22" VPOS="2061" HPOS="653"/>
							<String ID="string_327" HPOS="675" VPOS="2069" WIDTH="43" HEIGHT="21" WC="0.96" CONTENT="av"/><SP WIDTH="20" VPOS="2069" HPOS="718"/>
							<String ID="string_328" HPOS="738" VPOS="2059" WIDTH="19" HEIGHT="30" WC="0.96" CONTENT="5"/><SP WIDTH="15" VPOS="2059" HPOS="757"/>
							<String ID="string_329" HPOS="772" VPOS="2058" WIDTH="63" HEIGHT="30" WC="0.95" CONTENT="000"/><SP WIDTH="22" VPOS="2058" HPOS="835"/>
							<String ID="string_330" HPOS="857" VPOS="2057" WIDTH="141" HEIGHT="29" WC="0.95" CONTENT="kronor."/>
						</TextLine>
					</TextBlock>
				</ComposedBlock>
				<ComposedBlock ID="cblock_4" HPOS="130" VPOS="2183" WIDTH="1503" HEIGHT="297">
					<TextBlock ID="block_9" HPOS="130" VPOS="2183" WIDTH="1502" HEIGHT="152">
						<TextLine ID="line_36" HPOS="173" VPOS="2183" WIDTH="1458" HEIGHT="48">
							<String ID="string_331" HPOS="173" VPOS="2198" WIDTH="117" HEIGHT="33" WC="0.92" CONTENT="208:0)"/><SP WIDTH="22" VPOS="2198" HPOS="290"/>
							<String ID="string_332" HPOS="312" VPOS="2197" WIDTH="158" HEIGHT="30" WC="0.93" CONTENT="Kontroll"/><SP WIDTH="20" VPOS="2197" HPOS="470"/>
							<String ID="string_333" HPOS="490" VPOS="2197" WIDTH="19" HEIGHT="28" WC="0.92" CONTENT="å"/><SP WIDTH="20" VPOS="2197" HPOS="509"/>
							<String ID="string_334" HPOS="529" VPOS="2193" WIDTH="296" HEIGHT="35" WC="0.96" CONTENT="standardisering"/><SP WIDTH="18" VPOS="2193" HPOS="825"/>
							<String ID="string_335" HPOS="843" VPOS="2200" WIDTH="42" HEIGHT="21" WC="0.96" CONTENT="av"/><SP WIDTH="19" VPOS="2200" HPOS="885"/>
							<String ID="string_336" HPOS="904" VPOS="2190" WIDTH="120" HEIGHT="35" WC="0.93" CONTENT="mjölk."/><SP WIDTH="19" VPOS="2190" HPOS="1024"/>
							<String ID="string_337" HPOS="1043" VPOS="2186" WIDTH="257" HEIGHT="38" WC="0.91" CONTENT="Tillstyrkande"/><SP WIDTH="19" VPOS="2186" HPOS="1300"/>
							<String ID="string_338" HPOS="1319" VPOS="2185" WIDTH="100" HEIGHT="30" WC="0.96" CONTENT="bifall"/><SP WIDTH="19" VPOS="2185" HPOS="1419"/>
							<String ID="string_339" HPOS="1438" VPOS="2184" WIDTH="51" HEIGHT="30" WC="0.96" CONTENT="till"/><SP WIDTH="19" VPOS="2184" HPOS="1489"/>
							<String ID="string_340" HPOS="1508" VPOS="2183" WIDTH="123" HEIGHT="37" WC="0.95" CONTENT="Kungl."/>
						</TextLine>
						<TextLine ID="line_37" HPOS="130" VPOS="2232" WIDTH="1502" HEIGHT="55">
							<String ID="string_341" HPOS="130" VPOS="2248" WIDTH="124" HEIGHT="39" WC="0.96" CONTENT="Maj:ts"/><SP WIDTH="18" VPOS="2248" HPOS="254"/>
							<String ID="string_342" HPOS="272" VPOS="2247" WIDTH="131" HEIGHT="38" WC="0.96" CONTENT="förslag"/><SP WIDTH="20" VPOS="2247" HPOS="403"/>
							<String ID="string_343" HPOS="423" VPOS="2246" WIDTH="110" HEIGHT="29" WC="0.96" CONTENT="under"/><SP WIDTH="18" VPOS="2246" HPOS="533"/>
							<String ID="string_344" HPOS="551" VPOS="2244" WIDTH="159" HEIGHT="40" WC="0.96" CONTENT="punkten"/><SP WIDTH="18" VPOS="2244" HPOS="710"/>
							<String ID="string_345" HPOS="728" VPOS="2242" WIDTH="63" HEIGHT="30" WC="0.93" CONTENT="225"/><SP WIDTH="25" VPOS="2242" HPOS="791"/>
							<String ID="string_346" HPOS="816" VPOS="2242" WIDTH="43" HEIGHT="33" WC="0.88" CONTENT="(s."/><SP WIDTH="18" VPOS="2242" HPOS="859"/>
							<String ID="string_347" HPOS="877" VPOS="2238" WIDTH="192" HEIGHT="34" WC="0.87" CONTENT="413—414)"/><SP WIDTH="24" VPOS="2238" HPOS="1069"/>
							<String ID="string_348" HPOS="1093" VPOS="2255" WIDTH="44" HEIGHT="4" WC="0.92" CONTENT="—"/><SP WIDTH="18" VPOS="2255" HPOS="1137"/>
							<String ID="string_349" HPOS="1155" VPOS="2235" WIDTH="243" HEIGHT="31" WC="0.95" CONTENT="innefattande"/><SP WIDTH="20" VPOS="2235" HPOS="1398"/>
							<String ID="string_350" HPOS="1418" VPOS="2232" WIDTH="214" HEIGHT="32" WC="0.96" CONTENT="oförändrad"/>
						</TextLine>
						<TextLine ID="line_38" HPOS="130" VPOS="2291" WIDTH="811" HEIGHT="44">
							<String ID="string_351" HPOS="130" VPOS="2296" WIDTH="320" HEIGHT="39" WC="0.91" CONTENT="medelsanvisning"/><SP WIDTH="21" VPOS="2296" HPOS="450"/>
							<String ID="string_352" HPOS="471" VPOS="2313" WIDTH="44" HEIGHT="4" WC="0.91" CONTENT="—"/><SP WIDTH="20" VPOS="2313" HPOS="515"/>
							<String ID="string_353" HPOS="535" VPOS="2293" WIDTH="202" HEIGHT="30" WC="0.95" CONTENT="hemställer"/><SP WIDTH="23" VPOS="2293" HPOS="737"/>
							<String ID="string_354" HPOS="760" VPOS="2291" WIDTH="181" HEIGHT="31" WC="0.95" CONTENT="utskottet,"/>
						</TextLine>
					</TextBlock>
					<TextBlock ID="block_10" HPOS="441" VPOS="2332" WIDTH="1192" HEIGHT="148">
						<TextLine ID="line_39" HPOS="484" VPOS="2332" WIDTH="1149" HEIGHT="50">
							<String ID="string_355" HPOS="484" VPOS="2346" WIDTH="51" HEIGHT="28" WC="0.96" CONTENT="att"/><SP WIDTH="21" VPOS="2346" HPOS="535"/>
							<String ID="string_356" HPOS="556" VPOS="2343" WIDTH="187" HEIGHT="39" WC="0.96" CONTENT="riksdagen"/><SP WIDTH="22" VPOS="2343" HPOS="743"/>
							<String ID="string_357" HPOS="765" VPOS="2341" WIDTH="57" HEIGHT="29" WC="0.96" CONTENT="må"/><SP WIDTH="20" VPOS="2341" HPOS="822"/>
							<String ID="string_358" HPOS="842" VPOS="2340" WIDTH="52" HEIGHT="29" WC="0.96" CONTENT="till"/><SP WIDTH="20" VPOS="2340" HPOS="894"/>
							<String ID="string_359" HPOS="914" VPOS="2338" WIDTH="162" HEIGHT="30" WC="0.92" CONTENT="Kontroll"/><SP WIDTH="31" VPOS="2338" HPOS="1076"/>
							<String ID="string_360" HPOS="1107" VPOS="2338" WIDTH="8" HEIGHT="29" WC="0.91" CONTENT="å"/><SP WIDTH="21" VPOS="2338" HPOS="1115"/>
							<String ID="string_361" HPOS="1136" VPOS="2334" WIDTH="301" HEIGHT="39" WC="0.96" CONTENT="standardisering"/><SP WIDTH="21" VPOS="2334" HPOS="1437"/>
							<String ID="string_362" HPOS="1458" VPOS="2343" WIDTH="41" HEIGHT="21" WC="0.95" CONTENT="av"/><SP WIDTH="23" VPOS="2343" HPOS="1499"/>
							<String ID="string_363" HPOS="1522" VPOS="2332" WIDTH="111" HEIGHT="40" WC="0.96" CONTENT="mjölk"/>
						</TextLine>
						<TextLine ID="line_40" HPOS="441" VPOS="2383" WIDTH="1192" HEIGHT="50">
							<String ID="string_364" HPOS="441" VPOS="2395" WIDTH="55" HEIGHT="29" WC="0.96" CONTENT="för"/><SP WIDTH="25" VPOS="2395" HPOS="496"/>
							<String ID="string_365" HPOS="521" VPOS="2392" WIDTH="204" HEIGHT="41" WC="0.91" CONTENT="budgetåret"/><SP WIDTH="26" VPOS="2392" HPOS="725"/>
							<String ID="string_366" HPOS="751" VPOS="2390" WIDTH="150" HEIGHT="36" WC="0.91" CONTENT="1955/56"/><SP WIDTH="27" VPOS="2390" HPOS="901"/>
							<String ID="string_367" HPOS="928" VPOS="2388" WIDTH="122" HEIGHT="30" WC="0.96" CONTENT="anvisa"/><SP WIDTH="25" VPOS="2388" HPOS="1050"/>
							<String ID="string_368" HPOS="1075" VPOS="2389" WIDTH="49" HEIGHT="28" WC="0.93" CONTENT="ett"/><SP WIDTH="27" VPOS="2389" HPOS="1124"/>
							<String ID="string_369" HPOS="1151" VPOS="2385" WIDTH="273" HEIGHT="39" WC="0.91" CONTENT="förslagsanslag"/><SP WIDTH="25" VPOS="2385" HPOS="1424"/>
							<String ID="string_370" HPOS="1449" VPOS="2393" WIDTH="42" HEIGHT="20" WC="0.96" CONTENT="av"/><SP WIDTH="25" VPOS="2393" HPOS="1491"/>
							<String ID="string_371" HPOS="1516" VPOS="2383" WIDTH="40" HEIGHT="29" WC="0.96" CONTENT="40"/><SP WIDTH="15" VPOS="2383" HPOS="1556"/>
							<String ID="string_372" HPOS="1571" VPOS="2383" WIDTH="62" HEIGHT="30" WC="0.96" CONTENT="000"/>
						</TextLine>
						<TextLine ID="line_41" HPOS="442" VPOS="2445" WIDTH="140" HEIGHT="35">
							<String ID="string_373" HPOS="442" VPOS="2445" WIDTH="140" HEIGHT="35" WC="0.96" CONTENT="kronor."/>
						</TextLine>
					</TextBlock>
				</ComposedBlock>
			</PrintSpace>
		</Page>
	</Layout>
</alto>
