2216 2628
639 111 384 33 Konstilutionsutskottets
1049 107 160 30 utlåtande
1232 104 53 30 Nr
1307 106 28 26 3.
1743 101 16 24 '

193 204 210 42 genomföras
429 198 207 33 beträffande
662 197 38 29 de
726 196 132 38 många,
883 204 66 19 som
976 191 150 41 uppbure
1152 189 66 30 fast
1242 187 160 38 avlöning
1423 184 79 30 eller
1524 181 142 32 utövade
1685 180 119 38 näring

195 248 81 29 eller
304 245 75 30 fritt
407 243 94 42 yrke,
530 245 78 27 enär
637 237 233 40 ersättningen
904 236 36 29 ät
969 233 94 31 dessa
1087 241 116 21 senare
1227 228 111 31 skulle
1362 227 113 30 kunna
1501 224 161 31 beräknas
1687 222 118 30 endast

195 289 85 32 efter
307 287 38 30 fri
373 283 251 44 uppskattning
649 292 41 20 av
715 280 61 30 den
806 276 141 33 mistade
974 272 329 41 arbetsförtjänsten,
1320 269 108 31 vilket
1443 266 147 42 givetvis
1608 267 105 29 mäste
1731 263 74 30 leda

197 330 55 32 till
280 332 90 28 stora
397 326 182 31 oräattvisor
608 324 9 30 i
646 320 275 42 tillämpningen.
974 317 7 31 I
1009 315 201 38 anslutning
1238 311 116 32 härtill
1381 312 52 29 ma
1457 309 187 35 anmärkas,
1669 309 60 35 att,
1754 317 48 19 om

198 384 39 19 en
261 369 220 43 lagstiftning
504 368 52 30 för
581 363 268 43 möjliggörande
873 372 41 20 av
939 359 189 38 ersättning
1152 368 40 19 av
1217 351 261 44 ifrågavarande
1500 353 51 28 art
1569 349 84 31 skall
1674 348 132 31 komma

197 414 55 31 till
276 412 107 31 stånd.
412 411 36 30 så
473 419 99 32 synes
596 406 232 38 ersättningen
855 402 81 31 dock
965 400 198 42 näppeligen
1189 398 80 30 böra
1293 396 202 30 bestämmas
1519 393 83 29 efter
1626 402 36 19 en
1689 392 118 36 sträng

198 453 247 43 uppskattning
468 462 42 20 av
535 450 61 30 den
622 449 165 30 kontanta
810 443 287 41 arbelsförtjänst.
1123 451 68 20 som
1218 440 5 28 i
1253 437 92 41 varje
1368 436 61 31 fall
1456 434 167 31 förlorats.
1660 432 63 30 Det
1740 431 64 30 kan

199 499 70 29 icke
297 505 81 21 vara
407 504 76 21 vare
508 493 51 38 sig
583 490 130 39 rimligt
737 488 83 31 eller
844 486 134 41 möjligt
1003 486 52 28 att
1079 485 127 28 ersätta
1230 478 201 43 exempelvis
1456 488 38 20 en
1519 476 178 30 affärsman
1725 473 83 30 efter

200 538 184 37 beräkning
418 545 42 20 av
495 534 58 30 det
589 532 110 30 värde,
736 530 82 30 hans
853 520 164 38 arbetstid
1048 526 69 39 ägt,
1148 534 50 18 om
1224 522 64 30 den
1313 522 142 29 använts
1480 519 6 28 i
1514 518 83 29 hans
1621 516 114 31 arbete
1759 515 50 29 för

200 591 79 30 egen
310 578 154 39 räkning,
494 578 82 27 utan
602 572 231 38 ersättningen
861 571 105 28 måste
989 566 147 31 inriktas
1160 575 42 29 pa
1226 563 56 31 det
1309 560 216 41 huvudsyfte,
1550 569 69 20 som
1643 568 85 19 ovan
1754 566 54 20 an-

203 624 90 34 förts,
329 619 170 40 nämligen
535 617 51 30 att
620 613 188 41 undanröja
843 611 38 31 de
909 610 128 36 hinder,
1066 618 69 21 som
1159 607 52 29 för
1235 604 215 39 medborgare
1474 612 41 19 av
1540 600 39 30 de
1603 598 130 31 mindre
1757 597 52 30 be-

201 662 149 32 medlade
375 660 175 31 klasserna
577 667 71 21 resa
672 656 53 39 sig
748 656 88 29 emot
859 654 47 30 ett
931 649 201 42 deltagande
1159 649 6 29 i
1192 647 56 30 det
1271 644 214 32 kommunala
1502 642 141 31 arbetet.
1675 639 134 31 Ersätt-

202 706 124 40 ningen
360 704 60 30 bör
454 700 142 32 sålunda
632 698 68 31 icke
731 697 36 30 få
795 693 192 34 överskrida
1013 694 47 29 ett
1084 691 83 30 visst
1193 688 129 31 mindre
1347 686 128 41 belopp,
1501 685 110 30 avsett
1635 685 52 28 att
1709 680 102 32 täcka

203 759 39 20 en
266 746 127 32 normal
420 741 285 41 arbetsförtjänst,
731 750 69 19 som
825 748 39 20 eu
881 736 106 31 sådan
1003 744 118 32 person
1140 743 41 20 av
1200 730 144 31 nämnda
1361 727 184 40 anledning
1561 726 63 40 går
1644 722 166 39 förlustig.

207 789 56 31 [ött
286 788 75 41 lågt
385 787 183 31 maximum
592 784 88 29 lärer
704 781 74 31 med
802 779 106 32 andra
931 777 55 31 ord
1015 777 80 30 böra
1118 775 209 30 bestämrmas.
1363 771 126 31 Genom
1514 780 39 19 en
1574 766 98 43 dylik
1697 765 114 32 anord-

203 832 83 39 ning
319 829 134 40 undgår
487 838 74 20 man
594 825 62 30 den
680 823 210 31 konsekvens
914 831 42 20 av
980 818 172 42 principen
1177 827 50 19 om
1252 813 191 38 ersättning
1465 811 52 31 för
1537 808 122 32 mistad
1685 808 126 31 arbets-

202 872 170 41 förtjänst,
398 881 69 19 som
491 867 166 42 antyddes
682 875 41 21 av
750 865 78 30 1912
853 868 55 26 års
932 856 388 36 konstitutionsutskott,
1344 854 170 39 nämligen
1539 854 51 28 att
1611 848 201 33 förtroende-

205 919 75 26 män
304 914 11 29 i
336 924 39 19 en
391 911 192 42 lyckligare
599 906 195 33 ekonomisk
812 904 168 40 ställning
997 901 110 32 skulle
1124 900 115 30 kunna
1255 903 82 36 göra
1353 895 145 42 anspråk
1514 894 43 41 på
1574 892 137 42 mycket
1727 891 88 39 höga

205 955 237 40 ersättningar,
467 950 162 33 beroende
652 960 42 30 pa
719 948 57 29 det
799 947 102 39 högre
925 944 111 36 värde,
1060 941 119 32 vartill
1204 940 95 30 deras
1323 936 164 33 arbetstid
1511 936 66 30 kan
1601 933 212 42 uppskattas.

341 995 181 31 Huruvida
545 991 188 32 sedermera
756 988 89 31 inom
869 991 146 37 gränsen
1031 984 51 31 för
1099 983 57 30 det
1176 980 197 33 fastställda
1388 979 183 30 maximum
1589 976 91 31 olika
1696 974 119 42 grada-

205 1041 108 30 tioner
347 1037 95 32 skola
476 1036 116 30 kunna
627 1031 205 33 förekomma
859 1031 51 29 för
933 1027 92 32 olika
1049 1025 65 32 fall
1137 1024 59 32 och
1221 1022 92 32 olika
1336 1021 213 32 kommuners
1572 1016 244 37 förhållanden,

207 1081 95 33 torde
335 1080 36 31 få
405 1078 178 32 ankomma
611 1087 41 30 pa
680 1085 40 20 eu
744 1078 153 26 närmare
921 1068 182 41 utredning
1127 1069 50 29 att
1201 1070 135 36 avgöra.
1385 1063 111 30 Under
1521 1061 67 31 alla
1612 1058 203 40 omständig-

208 1125 94 30 heter
336 1132 100 32 synes
469 1121 77 30 böra
573 1121 187 36 övervägas
784 1120 83 26 även
891 1113 61 31 den
976 1110 228 43 möjligheten,
1229 1110 50 28 att
1303 1105 232 40 ersättningen
1560 1103 53 31 må
1636 1101 85 42 utgå
1744 1099 74 32 med

208 1165 87 32 visst
330 1164 61 31 fixt
425 1162 128 32 mindre
587 1159 131 42 belopp,
754 1156 180 33 oberoende
969 1165 42 20 av
1046 1150 317 33 inkomstförlusten
1399 1147 11 31 i
1438 1148 56 30 det
1522 1145 165 32 konkreta
1710 1141 108 38 fallet,

210 1208 190 40 varigenom
425 1203 148 43 givetvis
597 1200 178 41 åtskilliga
798 1197 177 44 praktiska
999 1195 147 31 fördelar
1169 1203 78 21 vore
1271 1193 53 29 att
1349 1191 110 31 vinna.
1505 1187 54 32 En
1583 1185 96 44 dylik
1701 1184 117 32 anord-

210 1251 81 40 ning
325 1247 119 37 skulle,
479 1247 12 30 i
524 1242 227 34 betraktande
786 1252 41 20 av
854 1239 181 42 beloppens
1059 1235 145 42 ringhet,
1231 1232 183 42 ingalunda
1438 1231 88 31 hava
1549 1228 205 32 karaktären
1778 1237 42 20 av

210 1290 121 33 arvode
356 1291 6 29 i
389 1290 63 30 den
476 1287 189 40 meningen,
691 1287 52 28 att
768 1283 61 31 den
855 1281 111 32 skulle
990 1279 160 31 innebära
1173 1287 39 20 en
1236 1274 136 41 verklig
1395 1273 192 39 ersättning
1610 1271 53 30 för
1679 1268 142 40 nedlagt

210 1334 123 31 arbete.
390 1332 160 30 Däremot
585 1329 129 30 komme
751 1325 234 39 ersättningen
1021 1324 51 29 att
1100 1320 103 31 förete
1229 1320 69 29 stor
1322 1316 185 40 frändskap
1532 1313 72 32 med
1630 1323 40 20 en
1693 1311 128 31 trakta-

211 1373 309 40 mentsersättning,
556 1370 60 32 och
650 1368 113 31 kunde
797 1366 157 41 givetvis,
989 1364 12 30 i
1030 1363 61 31 fall
1123 1364 50 28 att
1196 1360 87 31 båda
1307 1359 113 39 slagen
1446 1368 42 20 av
1511 1355 232 39 ersättningar
1767 1364 53 19 an-

211 1418 96 41 såges
330 1416 78 31 böra
433 1415 93 40 utgå,
552 1412 168 32 desamma
743 1410 67 30 slås
833 1407 209 32 tillsamman
1065 1405 12 30 i
1101 1404 50 30 ett
1174 1403 207 40 gemensamt
1403 1399 131 41 belopp.
1580 1395 154 33 Sålunda
1750 1395 73 30 lära

213 1460 40 31 de
286 1459 11 30 i
331 1455 228 34 ovanberörda
593 1453 129 40 förslag
756 1451 54 32 till
846 1447 286 43 omorganisation
1167 1455 42 20 av
1245 1442 215 33 Stockholms
1490 1440 93 31 stads
1610 1437 213 39 förvaltning

213 1502 204 40 ifrågasatta
440 1498 182 32 »arvodena»
659 1495 57 31 till
742 1493 179 43 styrelsers
945 1490 59 32 och
1028 1488 179 32 nämnders
1231 1485 195 36 ledamöter,
1450 1482 93 32 vilka
1560 1481 40 42 ju
1616 1479 110 33 skulle
1742 1480 81 39 utga

214 1543 72 32 med
320 1542 68 31 fixa
421 1540 130 42 belopp,
579 1537 203 42 förslagsvis
805 1535 65 31 fem
895 1534 130 31 kronor.
1049 1540 82 22 vara
1154 1531 52 29 att
1229 1527 158 33 betrakta
1410 1526 108 31 såsom
1542 1535 39 21 en
1604 1520 220 34 kombinerad

215 1581 425 40 traktamentsersättning
663 1579 60 32 och
748 1576 202 40 'ersättning
974 1575 50 30 för
1048 1572 126 32 mistad
1198 1568 295 42 arbetsförtjänst'.

349 1668 176 31 Utskottet
559 1665 61 31 har
653 1674 86 22 ovan
775 1663 108 30 såsom
918 1660 52 30 sin
1004 1657 138 40 mening
1176 1654 135 37 uttalat,
1337 1654 52 30 att
1413 1652 63 31 den
1499 1651 12 31 i
1535 1650 55 32 det
1612 1643 215 49 kommunala

215 1709 399 42 förtroendeuppdragets
637 1707 104 30 natur
764 1701 173 45 grundade
960 1700 183 42 principen,
1169 1698 51 30 att
1237 1697 62 30 den
1315 1693 211 41 kommunale
1542 1691 284 33 förtroendeman-

218 1764 81 21 nens
323 1752 113 31 arbets
460 1749 91 33 skall
574 1758 81 22 vara
679 1746 169 37 oavlönat,
873 1743 149 42 alltjämt
1045 1742 60 31 bör
1128 1739 189 32 fasthållas.
1362 1736 33 31 Å
1420 1736 106 32 andra
1549 1734 96 32 sidan
1665 1733 90 31 lärer
1771 1731 57 31 det

217 1796 28 41 ej
270 1795 115 31 kunna
410 1792 173 37 bestridas,
608 1793 50 29 att
680 1790 12 30 i
717 1787 171 33 särskilda
911 1785 64 32 fall
997 1784 176 39 undantag
1196 1782 77 30 från
1298 1780 107 31 denna
1428 1778 92 41 regel
1535 1777 116 31 kunna
1674 1785 82 21 vara
1771 1773 55 41 på-

218 1836 144 33 kallade.
416 1835 69 32 Vid
519 1831 202 34 bedömande
755 1841 42 21 av
833 1829 119 40 frågan
983 1827 115 31 härom
1122 1825 106 30 måste
1251 1822 152 37 beaktas,
1428 1823 53 29 att
1505 1817 242 44 sjävstyrelsen
1770 1814 59 32 till

220 1880 51 31 sin
306 1881 102 29 natur
443 1877 213 36 förutsätter,
688 1875 55 30 att
765 1869 423 34 kommunmedlemmarna
1210 1865 194 40 omhbestyra
1427 1863 40 31 de
1490 1859 218 34 kommunala
1731 1868 97 31 ange-

221 1920 238 43 lägenheterna
475 1918 56 32 vid
554 1917 98 31 sidan
670 1927 41 20 av
729 1915 39 31 de
785 1913 138 42 dagliga
936 1910 127 43 sysslor
1077 1909 60 32 och
1149 1913 94 32 värv,
1258 1918 68 20 som
1340 1908 123 38 utgöra
1478 1904 96 31 deras
1590 1900 174 44 egentliga
1780 1910 48 20 ar-

219 1964 72 31 bete
307 1963 59 31 och
386 1973 70 21 som
471 1960 131 32 skänka
625 1959 74 31 dem
723 1958 96 30 deras
841 1955 161 37 utkomst,
1025 1952 59 32 och
1101 1953 54 30 att
1178 1949 144 32 sålunda
1345 1948 62 31 den
1432 1945 212 33 kommunale
1668 1944 161 31 förtroen-

219 2006 203 31 demannens
457 2002 165 32 arbetstid
656 2000 61 33 och
753 1996 206 35 arbetskraft
987 1994 210 43 gemenligen
1222 1992 143 31 allenast
1389 1989 55 32 till
1469 2000 38 20 en
1524 1987 53 32 del
1601 1989 165 40 upptages
1790 1994 41 21 av

219 2048 86 31 hans
337 2045 218 33 kommunala
588 2041 224 34 verksamhet.
870 2040 62 31 Om
959 2041 48 28 ett
1031 2034 212 34 kommunalt
1267 2033 154 42 uppdrag
1443 2032 61 30 har
1528 2030 56 32 det
1607 2028 148 40 omfång,
1779 2028 53 29 att

222 2090 56 31 det
300 2088 72 32 helt
395 2090 97 39 tager
515 2087 51 31 sin
591 2096 77 20 man
690 2084 13 31 i
726 2082 157 43 anspråk,
907 2082 88 30 lärer
1021 2078 113 32 därför
1158 2077 56 31 det
1236 2074 240 42 regelmässiga
1498 2073 81 31 böra
1602 2081 94 28 vara,
1720 2071 51 30 att
1793 2079 39 20 en

223 2131 144 33 avlönad
401 2130 208 42 tjänsteman
643 2125 172 33 anställes.
872 2120 204 35 Emellertid
1110 2119 67 32 kan
1214 2119 56 30 det
1293 2117 149 36 inträffa,
1470 2117 53 29 att
1545 2117 52 29 ett
1621 2110 211 34 kommunalt

223 2174 155 42 uppdrag
412 2171 200 40 visserligen
635 2169 28 41 ej
690 2173 38 27 är
751 2178 42 20 av
817 2167 63 31 den
904 2164 214 39 omfattning,
1143 2163 52 30 att
1218 2161 56 31 det
1297 2159 98 42 giver
1418 2158 67 31 full
1508 2154 267 44 sysselsättning
1798 2153 36 30 åt

358 2232 128 40 Bihang
510 2230 47 31 till
579 2229 183 41 riksdagens
786 2224 154 44 protokoll
963 2224 91 31 1918.
1098 2224 19 28 5
1142 2221 89 31 saml.
1276 2220 22 30 3
1321 2219 77 42 häft.
1443 2217 67 41 (Nr
1531 2217 45 35 3)
1774 2214 16 29 2

1862 1656 124 27 Arvoden
2010 1656 8 25 i

1861 1691 74 25 vissa
1950 1688 67 35 fall.
