1904 2806
292 150 59 30 100
686 156 378 32 Jordbruksutskottets
1086 158 176 32 utlåtande
1285 159 48 31 Nr
1359 161 26 29 1.

594 237 28 28 2.
647 236 153 30 Arvoden
839 237 64 30 och
938 236 161 31 särskilda
1137 228 228 46 ersättningar,
1400 239 52 30 be-

688 287 130 30 stämda
841 297 41 20 av
905 288 107 36 Kungl
1035 287 107 37 Maj:t:

728 337 32 39 a)
784 338 157 30 Arvoden
973 337 46 30 till
1051 341 93 27 extra

784 388 197 30 lantmätare
1003 389 63 29 och
1094 398 49 20 as-

786 438 147 38 piranter
950 449 42 19 m.
1006 449 55 25 m.,
1075 440 69 37 för-

786 490 351 37 SlagsvisS..........
1169 490 127 30 kronor
1320 491 133 35 211,500

727 539 35 40 b)
785 539 320 37 Avlöningsförbätt-

786 589 73 37 ring
881 589 33 30 åt
930 590 151 30 tekniska
1096 589 45 30 bi-

784 640 129 36 träden,
937 641 203 39 förslagsvis
1173 654 71 34 oo
1344 642 112 47 87,300
1479 651 128 30 kronor
1652 653 133 36 298,800

590 699 28 28 3.
643 698 147 30 Tillskott
834 698 47 30 till
914 699 232 38 dyrtidstillägg
1178 700 44 30 till
1254 700 87 31 vissa
1372 702 80 29 lant-

684 750 135 34 mätare,
837 750 611 38 förslägsvis.s.....s..sserssrrr
1418 746 33 48 es
1550 765 11 14 »
1652 754 135 35 363,800

648 893 29 39 2)
712 896 51 30 till
794 896 373 32 Distriktslantmätare
1201 898 64 30 och
1298 901 96 28 extra
1425 899 206 31 lantmätare
1666 909 44 25 m,.
1743 900 53 38 fl.:

601 945 209 38 Avlöningar
834 947 57 30 för
914 948 202 36 budgetåret
1144 946 141 34 1941/42
1310 949 121 32 anvisa
1457 953 45 27 ett
1526 950 272 38 förslagsanslag

601 1006 43 21 av
673 998 172 35 1,452,600
871 999 137 30 kronor.

334 1162 111 41 191:0)
496 1163 384 33 Distriktslantmätare
900 1167 67 29 och
987 1168 99 29 extra
1106 1167 211 31 lantmätare
1338 1177 48 21 m.
1397 1168 51 31 fl.:
1460 1168 336 39 Reseersättningar,

289 1212 279 39 förslagsanslag.
597 1215 14 30 I
640 1216 149 36 enlighet
817 1217 80 30 med
924 1217 122 36 Kungl.
1075 1217 119 37 Maj:ts
1224 1218 132 37 förslag
1382 1220 110 29 under
1519 1220 114 36 punkt
1665 1221 59 29 191
1752 1237 45 5 —

288 1264 237 32 innebärande
544 1266 11 29 i
575 1265 221 32 förhållande
815 1267 53 30 till
889 1267 235 31 innevarande
1144 1268 169 37 budgetår
1332 1279 42 20 en
1396 1270 79 30 med
1495 1270 138 37 hänsyn
1653 1271 52 30 till
1725 1281 69 20 me-

289 1315 245 37 delsåtgången
554 1317 112 30 under
685 1318 156 36 anslaget
859 1318 81 30 med
960 1318 120 37 30,000
1099 1319 130 30 kronor
1249 1319 164 31 minskad
1433 1320 182 37 anvisning
1636 1340 44 4 —
1699 1322 95 30 hem-

290 1366 117 30 ställer
429 1367 174 36 utskottet,

644 1445 49 28 att
719 1443 186 36 riksdagen
930 1443 58 32 må
1016 1444 51 30 till
1094 1443 371 33 Distriktslantmätare
1493 1447 67 29 och
1586 1449 97 28 extra
1708 1447 86 30 lant-

598 1493 131 30 måtare
756 1503 45 23 m,
831 1494 53 37 fl.:
910 1494 316 37 Reseersättningar
1252 1496 57 30 för
1334 1496 202 37 budgetåret
1566 1494 142 34 1941/42
1734 1508 59 21 an-

598 1544 74 30 visa
691 1547 46 28 ett
756 1543 270 39 förslagsanslag
1046 1554 43 22 av
1109 1546 139 36 860,000
1268 1547 141 31 kronor.

333 1699 111 41 192:0)
492 1701 385 32 Distriktslantmätare
901 1704 68 29 och
993 1706 100 28 extra
1117 1705 212 30 lantmätare
1354 1714 47 22 m.
1427 1706 52 31 fl.:
1505 1707 206 38 Ersättning
1735 1708 58 31 för

285 1750 127 38 publik
446 1751 219 39 renovation,
698 1752 278 39 förslagsanslag.
1010 1754 80 31 Med
1125 1755 242 37 tillstyrkande
1400 1766 42 22 av
1466 1757 100 31 bifall
1590 1759 52 30 till
1668 1758 123 38 Kungl.

286 1802 121 37 Maj:ts
431 1804 110 30 under
563 1804 113 36 punkt
701 1805 60 29 192
786 1804 124 37 gjorda
933 1805 258 38 framställning
1212 1825 44 4 —
1278 1807 238 32 innebärande
1539 1809 252 37 anslagsanvis-

286 1853 85 37 ning
394 1853 54 31 för
473 1854 200 31 ändamålet
696 1855 50 30 till
771 1855 205 31 oförändrat
998 1857 127 36 belopp
1148 1874 45 4 —
1215 1858 200 30 hemställer
1438 1860 175 36 utskottet,

641 1950 49 27 att
716 1947 186 37 riksdagen
929 1947 57 32 må
1010 1949 52 30 till
1088 1948 372 32 Distriktslantmätare
1488 1951 65 30 och
1583 1953 97 29 extra
1705 1951 86 31 lant-

595 1997 132 30 måtare
749 2006 45 25 m,
821 1997 53 37 fl.:
899 1998 199 37 Ersättning
1122 1998 56 37 för
1199 1998 123 38 publik
1347 2002 202 30 renovation
1571 2002 57 31 för
1650 2003 141 37 budget-

596 2047 73 31 året
694 2044 142 34 1941/42
859 2049 120 30 anvisa
999 2052 47 27 ett
1068 2049 270 38 förslagsanslag
1360 2061 44 21 av
1424 2053 117 35 30,000
1564 2054 139 32 kronor.

329 2204 112 41 193:0)
490 2206 201 31 Understöd
725 2205 36 32 åt
796 2207 413 37 jorddelningsväsendet
1234 2218 47 22 m.
1306 2219 62 21 m.:
1404 2210 128 38 Bidrag
1558 2211 54 32 till
1637 2212 152 37 jorddel-

282 2255 373 39 ningsförrättningar,
679 2257 278 39 förslagsanslag.
984 2259 226 32 Beträffande
1236 2261 124 36 Kungl.
1389 2262 117 36 Maj:ts
1533 2263 257 37 framställning

284 2307 112 30 under
423 2309 110 34 punkt
565 2309 61 29 193
653 2309 160 30 kommer
838 2310 165 30 utskottet
1031 2313 50 27 att
1109 2311 184 31 framdeles
1319 2313 113 30 under
1455 2313 186 36 riksdagen
1669 2315 122 36 avgiva

283 2357 189 37 utlåtande,
499 2359 106 29 vilket
631 2359 165 31 utskottet
820 2360 203 36 härigenom
1050 2361 90 31 velat
1166 2361 55 31 för
1245 2362 187 37 riksdagen

904 2453 148 31 anmäla.
