1906 2806
115 851 125 26 Utskottet.

299 157 40 30 94
701 167 381 33 Jordbruksutskottets
1103 171 177 32 utlåtande
1301 173 49 31 Nr
1375 175 27 29 1.

301 246 104 37 slaget
424 246 10 30 i
455 247 218 32 förhållande
692 250 52 30 till
764 251 234 32 innevarande
1019 254 164 36 budgetår
1204 257 80 29 med
1305 257 96 35 5,000
1422 258 139 31 kronor.
1582 260 49 30 Av
1652 261 154 37 anslaget

300 297 96 30 torde
419 298 98 34 4,000
543 299 127 30 kronor
694 301 86 30 böra
805 311 95 21 avses
926 303 55 30 för
1006 305 146 30 svenska
1177 306 414 40 skogsvårdsföreningen
1616 312 65 29 och
1710 313 95 35 1,000

299 347 127 30 kronor
451 348 56 30 för
532 349 187 32 Norrlands
745 352 372 36 skogsvårdsförbund.

344 397 63 38 Jag
427 399 98 30 torde
545 399 11 30 i
579 400 90 31 detta
691 404 254 37 sammanhang
968 404 37 32 få
1027 406 113 31 erinra
1160 417 57 21 om
1239 411 50 27 att
1313 409 81 30 1939
1416 409 57 31 års
1497 411 140 37 lagtima
1658 413 143 38 riksdag

304 447 107 39 (Prop.
432 459 40 19 nr
496 451 74 35 135;
591 460 25 21 r.
637 452 67 30 skr.
726 462 41 20 nr
791 453 71 39 185)
888 455 119 36 beslöt,
1029 459 49 27 att
1099 457 121 36 Kungl.
1242 458 102 37 Maj:t
1364 460 112 31 skulle
1496 462 64 36 äga
1580 462 54 30 för
1655 462 38 31 år
1717 464 84 30 1939

297 497 128 32 tilldela
448 499 203 39 föreningen
673 502 55 31 för
750 504 258 40 växtförädling
1027 516 44 21 av
1092 508 180 37 skogsträd
1294 510 121 37 bidrag
1435 512 80 30 med
1537 515 47 28 ett
1607 513 125 38 belopp
1754 524 44 21 av

296 548 118 36 30,000
450 550 139 37 kronor,
624 556 88 28 samt
748 555 155 37 medgav,
939 559 50 28 att
1014 557 154 38 bidraget
1193 559 94 38 finge
1311 560 80 38 utgå
1413 561 80 31 från
1518 563 279 33 domänfondens

294 599 224 32 driftsmedel.
542 602 179 32 Liknande
744 606 227 36 medgivande
994 608 177 31 lämnades
1193 619 43 20 av
1263 611 83 30 1940
1366 610 56 32 års
1445 612 141 38 riksdag
1614 613 58 39 (IX
1693 615 42 30 H.
1760 616 38 30 T.

293 659 32 27 Pp.
352 651 73 36 186;
449 661 26 20 r.
500 653 68 30 skr.
593 663 40 20 nr
654 653 48 40 9).
737 655 123 31 Därest
883 657 124 31 hinder
1031 658 77 30 från
1132 660 202 37 riksdagens
1358 662 74 30 sida
1456 663 76 30 icke
1556 665 118 36 möter,
1699 666 99 30 torde

293 702 47 28 ett
367 701 68 31 lika
462 704 87 30 stort
573 704 120 38 bidrag
718 715 44 21 av
788 708 152 30 nämnda
968 709 212 32 driftsmedel
1206 711 37 31 få
1271 712 147 31 tilldelas
1444 713 204 39 föreningen
1675 716 56 30 för
1755 715 40 32 år

294 751 113 30 1941.»

335 847 92 35 Även
450 854 166 31 utskottet
636 865 110 27 anser,
769 860 49 28 att
839 858 202 38 föreningen
1064 860 53 31 för
1138 862 300 38 växtförädlingen
1462 874 42 21 av
1528 866 180 36 skogsträd
1730 868 64 30 bör

289 900 143 33 beredas
462 902 140 33 fortsatt
630 905 121 38 bidrag
780 908 11 28 i
821 909 148 35 enlighet
997 911 79 29 med
1105 911 398 37 departementschefens
1534 916 138 38 förslag,
1702 921 91 28 samt

288 950 206 39 hemställer,
523 953 45 31 då
595 955 120 37 Kungl.
742 957 118 37 Maj:ts
884 958 229 33 förevarande
1137 961 256 40 framställning
1417 965 77 31 icke
1520 966 82 37 givit
1626 969 165 30 utskottet

288 1002 185 39 anledning
490 1004 54 30 till
564 1005 147 37 erinran,

638 1101 48 27 att
702 1098 184 38 riksdagen
904 1100 58 32 må
977 1102 52 30 till
1046 1103 195 37 Skogsvård
1257 1115 45 21 m.
1319 1116 61 21 m.:
1397 1107 128 37 Bidrag
1541 1109 51 30 till
1609 1111 89 30 vissa
1717 1111 69 37 för-

595 1149 141 36 eningar
763 1148 56 32 för
846 1150 204 37 budgetåret
1078 1150 139 37 1941/42
1246 1155 121 32 anvisa
1393 1160 47 28 ett
1467 1159 121 37 anslag
1618 1169 42 21 av
1690 1162 98 34 5,000

593 1198 138 31 kronor.

326 1319 109 40 179:0)
486 1321 198 37 Skogsvård
708 1333 48 23 m.
779 1334 60 22 m.:
863 1325 191 39 Släckning
1077 1337 43 22 av
1141 1330 176 39 skogseld,
1338 1332 278 40 förslagsanslag.
1641 1336 15 30 I
1681 1337 104 37 enlig-

280 1369 59 31 het
357 1371 77 30 med
452 1372 124 36 Kungl.
597 1372 116 37 Maj:ts
731 1376 112 30 under
859 1378 112 35 punkt
992 1379 61 30 179
1071 1379 119 37 gjorda
1211 1381 257 39 framställning
1484 1402 45 4 —
1548 1385 235 33 innebärande

280 1421 322 39 anslagsanvisning
621 1424 54 30 för
690 1425 198 32 ändamålet
903 1428 51 29 till
970 1428 203 33 oförändrat
1188 1432 127 39 belopp
1331 1451 44 3 —
1389 1434 201 32 hemställer
1607 1438 174 37 utskottet,

632 1519 48 27 att
695 1516 183 38 riksdagen
899 1519 58 31 må
974 1521 52 30 till
1044 1521 194 37 Skogsvård
1256 1534 46 21 m.
1321 1535 61 21 m.:
1399 1526 188 39 Släckning
1604 1539 41 20 av
1663 1530 117 37 skogs-

589 1566 53 30 eld
660 1566 56 31 för
731 1567 201 37 budgetåret
953 1566 140 42 1941/42
1111 1573 119 32 anvisa
1248 1577 48 28 ett
1312 1575 270 40 förslagsanslag
1599 1589 41 21 av
1660 1581 121 35 50,000

586 1617 137 30 kronor.

321 1737 109 41 180:0)
481 1739 198 37 Skogsvård
707 1751 48 22 m.
783 1752 61 22 m.:
872 1744 181 33 Särskilda
1082 1745 161 39 åtgärder
1272 1749 58 31 för
1357 1751 204 38 främjande
1589 1764 43 21 av
1658 1757 121 37 skogs-

271 1788 278 40 brandskyddet,
576 1794 357 39 reservationsanslag.
964 1796 226 34 Beträffande
1219 1800 125 38 Kungl.
1373 1803 119 37 Maj:ts
1522 1804 256 40 framställning

272 1840 112 29 under
401 1842 110 35 punkt
533 1843 61 29 180
612 1843 157 31 kommer
790 1847 165 30 utskottet
974 1851 50 27 att
1043 1849 183 32 framdeles
1246 1853 112 30 under
1376 1853 184 38 riksdagen
1582 1857 120 36 avgiva
1722 1861 52 28 ut-

271 1888 149 38 låtande,
445 1891 108 31 vilket
580 1893 163 31 utskottet
767 1895 201 38 härigenom
996 1899 91 30 velat
1110 1899 53 31 för
1188 1901 185 37 riksdagen

756 1989 149 30 anmäla.

313 2107 109 40 181:0o)
472 2108 199 38 Skogsvård
691 2120 47 23 m.
758 2121 61 22 m.:
839 2107 170 43 Åtgärder
1028 2116 58 30 för
1105 2117 93 31 ökad
1217 2119 326 37 skogsproduktion
1563 2123 12 31 i
1594 2124 178 33 Norrland

265 2166 47 22 m.
335 2167 57 29 m.,
414 2160 359 40 reservationsanslag.
799 2164 114 37 Enligt
934 2166 115 31 beslut
1071 2177 41 21 av
1138 2169 83 31 1940
1245 2169 56 32 års
1325 2172 142 36 lagtima
1490 2174 141 38 riksdag
1660 2176 109 39 (prop.

266 2217 43 20 nr
330 2209 73 36 190;
424 2208 132 38 jordbr.
578 2213 86 29 utsk.
684 2214 60 30 utl.
767 2223 42 21 nr
827 2216 54 35 42;
904 2216 36 30 R.
962 2218 69 30 skr.
1054 2228 42 20 nr
1116 2219 74 39 350)
1216 2221 65 30 har
1302 2221 54 31 för
1375 2222 265 38 ifrågavarande
1662 2228 106 30 ända-

265 2257 72 31 mål
357 2258 54 31 för
431 2260 203 36 budgetåret
656 2260 138 37 1940/41
818 2266 150 31 anvisats
990 2270 47 28 ett
1060 2271 348 39 reservationsanslag
1429 2284 43 21 av
1496 2276 171 35 1,000,000
1689 2279 78 29 kro-

264 2317 74 22 nor.

309 2359 116 31 Under
445 2362 113 34 punkt
583 2362 57 30 181
663 2362 64 30 har
751 2364 122 37 Kungl.
895 2366 102 38 Maj:t
1018 2369 174 38 föreslagit
1214 2371 185 38 riksdagen
1421 2377 49 29 att
1492 2375 55 31 för
1569 2378 197 32 ändamålet

263 2409 120 31 anvisa
403 2413 46 27 ett
471 2412 351 40 reservationsanslag
842 2426 41 21 av
903 2418 142 35 500,000
1066 2420 136 38 kronor,
1226 2422 105 32 vilket
1351 2424 125 39 belopp
1498 2428 81 30 med
1600 2428 165 32 likaledes

262 2460 141 36 500,000
419 2462 130 30 kronor
567 2463 215 37 understiger
798 2469 244 31 motsvarande
1061 2471 180 37 anvisning
1259 2472 56 31 för
1333 2474 235 34 innevarande
1586 2479 176 36 budgetår.
