1891 2835
414 142 402 40 Bevillningsutskottets
840 145 216 32 betänkande
1078 156 42 22 nr
1141 148 42 30 22
1204 149 40 30 år
1266 150 83 30 1967
1609 155 12 29 1

807 447 51 37 Nr
886 449 48 35 22

361 549 402 41 Bevillningsutskottets
793 552 217 32 betänkande
1040 554 10 29 i
1076 554 189 41 anledning
1292 566 41 20 av
1363 557 101 29 väckt
1491 558 131 30 motion

581 613 56 21 om
666 605 200 31 överlåtelse
894 616 42 20 av
962 607 56 29 AB
1049 607 195 40 Tipstjänst
1272 610 52 29 till
1349 610 157 40 Sveriges
1533 612 90 29 riks-

583 658 289 40 idrottsförbund.

1427 720 77 33 (1:a
1523 720 92 34 avd.)

179 818 12 29 I
213 827 42 20 en
276 819 96 29 inom
391 819 186 40 riksdagen
598 821 112 34 väckt,
732 821 51 30 till
804 821 379 41 bevillningsutskottet
1204 825 171 31 hänvisad
1397 827 143 35 motion,
1563 828 45 29 II:

138 871 72 35 384,
230 882 41 20 av
287 873 81 29 herr
384 874 200 29 Krönmark
600 875 65 29 har
681 876 206 34 hemställts,
906 879 49 27 att
973 878 187 40 riksdagen
1177 880 106 29 måtte
1302 881 11 28 i
1330 881 135 40 princip
1484 882 135 30 besluta

139 927 50 28 att
213 926 56 29 AB
294 927 197 39 Tipstjänst
516 929 167 30 överlåtes
708 929 52 30 till
786 930 402 32 Riksidrottsförbundet
1214 936 90 27 samt
1330 935 50 29 att
1405 935 63 30 hos
1495 935 125 40 Kungl.

140 980 105 39 Maj:t
268 980 200 31 hemställes
493 991 55 20 om
574 983 185 39 utredning
783 993 43 20 av
849 983 177 32 formerna
1051 987 64 28 och
1140 986 210 39 tidpunkten
1375 987 54 31 för
1455 990 166 29 överläm-

139 1034 138 29 nandet.

183 1141 12 29 I
213 1141 248 40 finansplanen
478 1144 38 29 är
534 1145 131 29 statens
682 1145 193 30 inkomster
891 1147 46 39 på
954 1147 98 29 titeln
1069 1148 183 39 tipsmedel
1270 1149 198 30 beräknade
1487 1151 51 29 till
1560 1151 59 30 135

138 1194 87 40 milj.
249 1196 51 29 kr.
325 1195 54 30 för
401 1196 204 40 budgetåret
631 1198 158 36 1967/68.
814 1200 67 29 För
905 1209 135 21 samma
1063 1201 168 39 budgetår
1256 1201 146 31 föreslås
1427 1205 50 28 att
1502 1204 117 35 26,375

136 1248 87 39 milj.
241 1249 50 29 kr.
308 1250 131 29 avsätts
455 1251 52 29 till
524 1251 129 30 fonden
670 1252 54 29 för
739 1253 169 30 idrottens
925 1254 209 39 främjande.

181 1302 137 39 Frågan
336 1312 57 20 om
411 1304 177 39 riktlinjer
607 1305 53 30 för
681 1306 200 31 samhällets
901 1307 291 40 idrottspolitiska
1211 1309 149 31 insatser
1382 1311 36 29 är
1439 1310 70 31 f.n.
1531 1311 89 30 före-

139 1356 68 29 mål
224 1356 54 30 för
295 1357 262 39 överväganden
574 1368 42 20 av
634 1360 81 30 1965
734 1360 55 30 års
806 1360 323 41 idrottsutredning.
1148 1363 237 40 Utredningen
1402 1365 97 29 torde
1517 1366 102 29 emel-

139 1410 101 29 lertid
260 1410 70 29 inte
352 1411 44 29 ha
417 1411 10 29 i
448 1412 158 39 uppdrag
627 1415 50 27 att
699 1413 128 31 föreslå
847 1423 69 30 nya
937 1414 130 31 former
1090 1415 54 31 för
1166 1416 230 41 finansiering
1418 1428 41 20 av
1481 1419 139 30 idrotts-

136 1464 266 30 verksamheten
422 1467 84 28 utan
527 1466 87 30 skall
634 1467 11 29 i
664 1467 186 30 huvudsak
869 1470 106 38 pröva
994 1470 239 40 inriktningen
1253 1481 41 20 av
1315 1472 55 29 det
1391 1473 139 39 statliga
1550 1474 67 29 stö-

135 1517 56 30 det
207 1518 51 29 till
275 1518 151 30 idrotten
443 1520 65 29 och
524 1520 143 30 därmed
685 1523 345 41 sammanhängande
1048 1524 126 40 frågor.

180 1625 74 29 Den
271 1625 228 32 förevarande
516 1637 35 20 m
565 1637 19 20 o
598 1628 70 30 tion
718 1638 17 20 en
788 1630 63 29 har
869 1630 156 40 följande
1042 1632 215 40 motivering.

178 1679 139 30 Allmän
339 1681 137 39 enighet
499 1682 101 29 råder
621 1692 55 20 om
698 1684 66 29 den
785 1684 174 40 betydelse
982 1686 151 30 idrotten
1154 1687 65 29 har
1241 1688 11 28 i
1274 1689 194 29 samhället.
1492 1690 63 29 Det
1578 1690 40 29 är

135 1733 69 29 inte
227 1733 87 29 blott
338 1742 123 31 genom
486 1737 48 27 att
559 1737 66 28 den
648 1737 195 39 befrämjar
865 1738 112 39 fysisk
1001 1740 199 40 utveckling
1225 1751 42 19 av
1290 1743 205 29 människor
1521 1744 10 28 i
1557 1744 59 29 vår

134 1786 127 40 många
281 1787 127 40 gånger
430 1789 132 38 ganska
583 1791 196 39 onaturliga
801 1791 99 40 miljö
920 1811 45 3 —
985 1795 85 27 utan
1091 1794 86 29 även
1200 1803 123 31 genom
1345 1796 68 29 den
1434 1797 181 30 samhälls-

135 1839 133 30 fostran
290 1850 74 20 som
385 1842 79 29 sker
483 1842 94 30 inom
598 1843 168 30 idrottens
787 1845 94 30 olika
899 1847 276 38 organisationer
1192 1867 45 2 —
1257 1858 74 20 som
1352 1849 150 31 idrotten
1524 1851 93 29 intar

135 1903 42 19 en
194 1894 225 40 särställning
434 1896 105 29 bland
556 1897 83 29 våra
656 1897 233 31 folkrörelser.

180 1947 66 29 För
274 1949 273 30 statsmakterna
574 1951 60 38 gör
661 1951 151 30 idrotten
839 1952 112 39 tjänst
978 1962 75 21 som
1081 1963 42 20 en
1151 1955 75 29 icke
1255 1955 165 41 föraktlig
1448 1957 169 30 inkomst-

137 2000 102 30 källa.
263 2001 210 40 Visserligen
497 2013 60 19 var
581 2004 158 30 avsikten
763 2014 41 20 en
828 2006 89 39 gång
941 2008 50 28 att
1015 2007 40 29 de
1079 2015 129 32 pengar
1234 2018 74 20 som
1333 2009 64 30 flöt
1421 2011 36 28 in
1480 2011 56 30 via
1560 2012 56 28 AB

135 2054 196 39 Tipstjänst
348 2056 111 29 skulle
476 2057 141 30 komma
633 2058 151 29 idrotten
801 2059 51 29 till
869 2060 97 38 godo,
984 2070 79 20 men
1081 2061 54 30 för
1153 2062 110 39 dagen
1280 2064 97 28 torde
1395 2064 57 29 det
1467 2074 84 20 vara
1569 2065 47 34 så,

135 2109 49 28 att
200 2117 39 20 ca
257 2118 42 19 en
316 2109 169 39 tredjedel
503 2120 41 20 av
561 2111 241 31 inkomsterna
819 2113 176 30 användes
1013 2114 52 30 till
1085 2116 76 29 stöd
1180 2114 53 31 för
1252 2116 161 31 idrotten.
1434 2117 182 40 Samtidigt

135 2170 75 21 som
232 2164 113 28 staten
366 2163 117 39 tjänar
506 2166 92 28 stora
621 2174 157 21 summor
799 2167 44 39 på
864 2166 162 36 idrotten,
1049 2167 54 31 får
1125 2168 280 32 idrottsrörelsen
1428 2171 63 30 hos
1516 2173 101 29 stats-

135 2216 183 30 makterna
342 2217 126 39 begära
494 2219 120 39 anslag
640 2219 55 29 för
721 2220 75 29 sina
821 2220 120 31 behov.
969 2222 186 30 Dessutom
1182 2223 100 39 utgår
1309 2224 86 29 även
1422 2225 194 40 betydande

134 2271 120 38 anslag
278 2270 80 30 från
382 2272 265 31 kommunerna.
674 2274 179 30 Storleken
878 2285 42 19 av
943 2275 101 30 dessa
1068 2277 120 39 anslag
1213 2278 97 29 torde
1336 2279 177 29 sannolikt
1537 2280 80 29 röra

135 2324 49 39 sig
201 2333 57 20 om
274 2325 148 39 ungefär
440 2335 134 21 samma
591 2336 138 21 summa
747 2337 75 20 som
840 2329 112 29 stödet
969 2328 80 31 från
1068 2331 122 29 staten.

177 2378 47 30 Ur
241 2379 127 39 många
385 2380 218 39 synpunkter
620 2381 112 30 skulle
750 2382 56 29 det
822 2391 83 21 vara
923 2392 41 20 av
981 2384 104 29 värde
1103 2386 50 27 att
1170 2384 151 30 idrotten
1339 2385 72 30 fick
1429 2395 42 20 en
1489 2387 126 29 ekono-

134 2432 106 29 miskt
262 2432 290 41 självständigare
575 2435 174 39 ställning.
773 2435 52 29 En
846 2436 137 40 lösning
1006 2436 55 31 för
1082 2438 50 29 att
1154 2437 244 32 åstadkomma
1420 2440 93 30 detta
1535 2450 80 20 vore

134 2487 50 27 att
205 2487 113 28 staten
339 2487 52 29 till
413 2488 402 31 Riksidrottsförbundet
838 2490 149 30 överläte
1009 2490 57 30 AB
1089 2491 196 39 Tipstjänst
1308 2493 65 29 och
1396 2495 50 28 att
1470 2496 112 27 staten
1605 2495 10 28 i

165 2559 15 25 1
217 2557 112 32 Bihang
341 2558 47 24 till
399 2559 170 31 riksdagens
580 2560 147 30 protokoll
739 2560 75 25 1967.
833 2565 13 20 7
856 2561 81 23 saml.
949 2561 40 24 Nr
1007 2565 31 22 22
