2214 2616
455 182 19 30 2
886 183 264 34 Statsutskottets
1180 185 176 33 Utlåtande
1379 187 63 34 N:o
1468 189 52 32 79.

415 267 145 37 således
598 268 111 36 äfven
746 268 62 37 det
845 270 129 49 längst
1010 272 70 36 ned
1109 272 162 49 belägna
1300 274 101 37 fallet
1429 275 89 37 eller
1546 276 71 36 den
1645 278 41 34 så
1714 277 146 37 kallade
1888 279 117 36 Flott-

413 318 333 49 bergsströmmen,
767 320 163 38 kronans
950 328 74 32 rätt
1044 324 237 49 följaktligen
1301 327 202 36 omfattade
1518 327 72 37 den
1605 327 58 37 del
1678 328 43 36 af
1731 328 98 38 Göta
1844 330 63 47 älf,
1924 344 81 23 som

413 369 154 49 började
604 372 83 36 med
715 372 263 39 Prästskedets
1008 375 64 36 fall
1100 376 70 36 och
1199 377 164 37 sträckte
1391 379 61 48 sig
1479 379 56 36 till
1564 379 113 37 slutet
1704 381 43 35 af
1769 381 236 50 Flottbergs-

413 427 216 43 strömmen,
667 424 84 36 med
779 425 195 50 undantag
1000 428 157 36 allenast
1184 429 43 35 af
1251 429 72 37 den
1349 435 74 32 rätt
1451 431 56 36 till
1535 437 128 31 vatten
1690 433 90 36 eller
1808 435 149 36 område
1985 437 20 33 å

412 479 76 42 öar,
528 488 80 23 som
644 475 125 38 kunde
797 477 172 37 härledas
1000 479 81 36 från
1107 480 231 49 upplåtelser
1364 482 42 36 af
1428 482 156 37 kronan.
1639 484 129 48 Något
1797 486 208 37 strandom-

411 526 89 36 råde
540 530 138 46 ansågs
720 528 169 38 däremot
924 530 81 37 icke
1041 532 210 37 tillkomma
1287 533 155 48 kronan,
1471 540 90 31 utan
1589 549 66 22 var
1682 536 86 49 Nya
1797 537 207 38 Trollhätte

411 577 228 50 kanalbolag
674 584 114 44 ägare
825 582 89 36 eller
950 583 242 38 innehafvare
1220 585 43 36 af
1287 585 355 50 besittningsrätten
1669 588 56 36 till
1754 594 102 31 östra
1884 595 120 31 stran-

411 629 84 48 den,
533 631 116 37 under
686 632 62 37 det
785 633 255 38 Trollhättans
1077 636 203 37 elektriska
1308 637 317 51 kraftaktiebolag
1652 640 98 48 ägde
1778 640 72 38 den
1877 647 127 31 västra

409 682 191 39 stranden.

513 735 74 36 För
614 735 155 38 lösande
797 737 42 36 af
862 737 122 38 denna
1012 740 194 49 svårighet
1234 741 70 36 och
1333 741 45 37 då
1406 748 103 31 östra
1538 743 178 37 stranden
1744 747 140 47 ansågs
1912 745 91 37 böra

409 786 193 37 användas
631 788 236 38 uteslutande
895 790 59 37 för
982 791 207 38 Trollhätte
1208 792 131 38 kanals
1360 794 278 50 ombyggande,
1660 796 179 37 framlade
1860 797 140 49 Kungl.

409 838 107 49 Maj:t
543 839 63 36 vid
637 841 97 35 1902
763 843 60 33 års
851 842 158 49 riksdag
1036 849 52 31 ett
1116 844 157 49 förslag,
1303 846 196 49 åsyftande
1527 853 54 31 att
1608 848 12 35 i
1646 849 252 36 samförstånd
1918 849 84 37 med

410 889 256 38 Trollhättans
696 892 203 37 elektriska
926 894 319 51 kraftaktiebolag
1272 900 21 33 å
1321 902 126 32 västra
1475 899 179 37 stranden
1674 900 122 37 skulle
1815 902 186 48 anläggas

408 944 64 34 två
501 942 184 37 särskilda
712 944 284 39 kraftstationer
1025 948 57 36 för
1108 949 299 37 vattenkraftens
1436 950 341 50 tillgodogörande.

512 993 121 38 Sedan
663 997 282 37 statsutskottet
972 999 84 36 med
1084 1000 146 37 mindre
1259 1002 212 49 väsentliga
1499 1003 205 49 ändringar
1731 1004 191 37 hemställt
1942 1018 59 23 om

407 1045 106 36 bifall
553 1047 56 35 till
649 1047 101 37 hvad
786 1048 12 36 i
843 1049 72 36 den
956 1050 129 49 kungl.
1127 1053 286 48 propositionen
1454 1054 227 49 föreslagits,
1723 1061 79 31 mot
1846 1057 155 36 hvilken

406 1097 223 37 hemställan
658 1099 97 36 dock
784 1101 175 49 samtliga
986 1102 371 39 utskottsledamöter
1384 1105 86 36 från
1489 1106 129 36 Andra
1637 1107 229 38 Kammaren
1885 1122 116 23 reser-

405 1154 107 31 verat
540 1150 71 48 sig,
640 1150 80 37 blef
742 1153 285 48 propositionen
1056 1155 40 36 af
1118 1155 137 37 Första
1277 1157 228 37 Kammaren
1523 1158 166 48 bifallen,
1710 1173 86 23 men
1816 1160 41 36 af
1872 1161 129 36 Andra

406 1201 228 37 Kammaren
662 1203 183 49 afslagen,
874 1205 150 37 hvadan
1052 1206 135 50 frågan
1216 1207 60 37 för
1303 1208 72 37 den
1402 1212 154 46 gången
1584 1210 137 37 förföll.

509 1253 17 36 I
554 1254 71 36 den
654 1254 40 36 af
718 1255 128 37 Andra
872 1256 246 39 Kammarens
1146 1259 374 39 utskottsledamöter
1548 1262 145 49 afgifna
1720 1264 280 38 reservationen

405 1304 109 49 hade,
543 1305 113 37 bland
684 1312 126 42 annat,
840 1308 235 50 framhållits,
1105 1315 54 32 att
1187 1311 223 50 fullständig
1437 1313 206 50 utredning
1671 1315 196 49 saknades,
1887 1317 113 36 huru-

404 1356 89 36 vida
521 1357 80 37 icke
629 1358 45 37 de
702 1359 59 36 för
789 1359 357 52 kraftuttagningen
1175 1363 248 50 erforderliga
1452 1366 306 49 anordningarna
1777 1368 119 36 skulle
1915 1369 83 36 med

404 1408 147 38 mindre
583 1410 162 36 kostnad
772 1411 128 37 kunna
927 1414 144 36 utföras
1099 1417 49 46 på
1176 1420 103 31 östra
1307 1416 242 49 älfstranden,
1579 1424 96 31 samt
1704 1424 66 42 att,
1800 1420 111 36 äfven
1939 1434 60 23 om

404 1460 64 36 vid
505 1461 200 49 ifrågasatt
742 1463 247 50 ombyggnad
1018 1466 40 36 af
1082 1466 210 38 Trollhätte
1319 1467 111 37 kanal
1458 1482 46 23 en
1532 1470 59 36 del
1620 1471 41 35 af
1685 1471 72 36 den
1785 1471 63 37 vid
1877 1472 122 37 denna

404 1513 132 36 strand
572 1514 162 48 belägna
770 1516 105 36 mark
912 1517 123 37 blefve
1068 1518 58 36 för
1154 1518 72 37 den
1255 1533 76 36 nya
1356 1520 180 38 kanalens
1564 1521 291 51 framdragande
1883 1525 114 36 erfor-

404 1564 133 50 derlig,
575 1566 199 49 möjlighet
811 1567 96 38 dock
943 1569 82 37 icke
1058 1575 130 44 syntes
1216 1585 92 23 vara
1336 1573 188 36 utesluten
1552 1573 61 37 för
1641 1579 55 31 att
1724 1580 187 45 utrymme
1940 1577 58 36 för

404 1617 104 35 såväl
536 1617 400 52 kanalanläggningen
965 1634 79 24 som
1084 1623 290 50 vattenledning
1400 1625 60 36 för
1488 1625 311 51 kraftuttagning
1828 1631 20 33 å
1876 1629 122 36 denna

402 1669 132 35 strand
574 1669 124 37 kunde
740 1670 167 49 beredas,
949 1673 210 49 hvarjämte
1200 1675 222 49 hemställts,
1466 1681 54 32 att
1547 1677 141 50 Kungl.
1718 1679 108 50 Maj:t
1853 1680 144 37 täcktes

401 1720 76 36 låta
514 1720 221 38 föranstalta
763 1734 61 25 om
852 1724 160 49 förnyad
1041 1726 69 36 och
1138 1726 225 50 fullständig
1390 1728 205 50 utredning
1623 1730 11 35 i
1662 1735 127 33 ämnet
1818 1737 95 31 samt
1940 1733 57 35 till

401 1772 219 49 Riksdagen
649 1774 191 37 inkomma
867 1777 85 36 med
980 1777 62 37 det
1070 1778 156 49 förslag,
1256 1779 151 38 hvartill
1435 1794 47 23 en
1510 1781 116 37 sådan
1645 1783 207 50 utredning
1870 1784 126 37 kunde

402 1823 108 49 gifva
539 1825 215 50 anledning.

504 1876 74 36 Vid
614 1877 275 51 föredragning
926 1881 71 36 den
1028 1883 20 35 6
1073 1882 84 49 juni
1197 1884 98 35 1902
1334 1884 40 36 af
1404 1884 237 50 Riksdagens
1679 1886 199 38 skrifvelse
1911 1888 84 37 med

401 1927 207 50 anledning
636 1930 41 35 af
700 1931 164 36 nämnda
892 1933 235 49 proposition
1165 1935 177 49 uppdrog
1369 1936 142 50 Kungl.
1541 1937 118 49 Maj:t,
1689 1952 80 23 som
1798 1940 91 36 fann
1917 1945 78 31 sär-

400 1979 99 37 skild
537 1981 205 49 utredning
769 1982 91 37 böra
887 1997 139 35 genom
1054 1986 216 49 sakkunnig
1297 2000 136 36 person
1461 1989 222 37 verkställas
1711 1991 141 48 därom,
1881 1991 114 37 huru-

400 2031 88 36 vida
528 2032 81 37 icke
649 2034 283 37 vattenkraften
973 2036 64 36 vid
1070 2038 250 48 Trollhättan,
1349 2040 112 36 äfven
1488 2041 120 37 under
1635 2042 277 51 förutsättning
1940 2049 54 31 att

400 2081 202 50 ifrågasatt
630 2086 246 49 ombyggnad
906 2087 40 35 af
970 2088 208 38 Trollhätte
1208 2090 111 37 kanal
1348 2091 148 38 komme
1515 2093 56 36 till
1591 2094 122 47 stånd,
1734 2095 127 37 kunde
1881 2096 112 36 ända-

400 2134 217 51 målsenligt
644 2138 274 48 tillgodogöras
947 2152 138 35 genom
1104 2141 379 51 kraftuttagningens
1502 2144 250 50 förläggande
1771 2147 58 36 till
1848 2147 144 37 älfvens

400 2190 103 31 östra
531 2188 141 47 strand,
702 2192 38 33 åt
769 2190 324 50 civilingenjören,
1122 2207 156 24 numera
1300 2196 218 48 professorn
1537 2197 125 37 Johan
1683 2197 143 38 Gustaf
1841 2199 152 36 Richert

400 2241 54 31 att
483 2238 95 37 efter
603 2241 286 50 undersökning
917 2243 130 37 därom
1074 2245 56 36 till
1159 2246 141 49 Kungl.
1330 2246 106 50 Maj:t
1465 2248 145 49 afgifva
1637 2249 63 37 det
1727 2250 176 50 yttrande
1923 2250 70 36 och

400 2288 145 50 förslag
572 2291 11 35 i
612 2292 158 37 berörda
808 2295 185 48 afseende,
1031 2295 152 38 hvartill
1215 2298 337 51 undersökningen
1580 2301 126 37 kunde
1733 2302 106 49 gifva
1867 2301 126 36 anled-

399 2341 108 50 ning,
545 2341 210 51 hvarjämte
791 2345 152 38 Richert
980 2347 298 51 bemyndigades
1312 2355 65 43 att,
1406 2351 59 37 för
1493 2352 72 37 den
1592 2353 180 38 händelse
1799 2353 107 36 mark
1934 2353 58 37 för
