1882 2820
145 590 50 23 Bil.

143 859 53 23 Bil.

143 1038 53 23 Bil.

142 1096 53 23 Bil.

219 1096 14 21 td

237 1096 14 21 td

282 185 40 28 24
484 184 116 30 Första
619 183 201 31 kammarens
833 183 137 38 första
988 185 164 38 tillfälliga
1171 184 131 31 utskotts
1322 186 161 31 utlåtande
1502 188 52 29 Nr
1575 189 27 30 7.

281 281 120 30 genom
422 273 214 39 lagstiftning
658 274 77 29 eller
757 283 43 21 av
822 275 187 38 regeringar
1032 276 62 28 och
1116 276 330 39 polismyndigheter.
1482 278 117 38 Enligt
1621 278 159 31 Finlands

281 326 68 29 nya
374 318 54 37 lag
453 318 60 29 har
538 318 143 30 sålunda
704 319 120 30 införts
850 319 261 35 bestämmelser,
1130 322 54 28 att
1208 321 209 38 förgripelser
1441 324 72 27 mot
1539 323 66 29 den
1630 323 151 30 litterära

282 362 243 37 äganderätten
547 363 85 29 skall
652 363 131 30 beivras
804 372 45 21 av
869 364 170 30 allmänna
1060 364 190 39 åklagaren,
1273 365 44 30 då
1337 366 66 29 han
1424 368 93 36 göres
1538 368 242 36 uppmärksam

282 406 115 38 härpå.
436 407 17 29 I
479 407 134 38 Italien,
640 408 147 37 Ungern,
814 409 171 36 Ryssland
1010 409 117 30 kunna
1152 410 210 30 därvarande
1387 411 184 29 nationella
1596 414 183 28 tonsättar-

282 451 263 37 organisationer
556 460 121 30 genom
691 454 53 28 att
756 453 52 29 till
820 453 368 38 polismyndigheterna
1201 455 133 29 anmäla
1347 464 41 20 en
1400 455 173 30 utebliven
1586 456 193 30 utförande-

281 496 276 38 rättsersättning
583 496 236 30 åstadkomma
843 497 125 30 förbud
992 500 73 27 mot
1091 499 116 29 vidare
1232 500 300 34 musikutförande,
1551 500 68 30 tills
1645 501 134 30 mellan-

282 540 171 30 havandet
472 540 100 30 blivit
591 541 132 35 ordnat,
745 542 62 29 och
832 542 5 28 i
855 542 175 30 Danmark
1049 543 61 29 har
1129 543 65 30 den
1213 545 40 28 20
1273 544 173 30 december
1465 545 82 29 1927
1567 545 212 38 justitsmini-

255 608 4 5 .
282 585 115 29 steriet
415 593 120 29 genom
554 587 53 28 ett
626 586 143 30 cirkulär
790 586 68 36 (bil.
888 587 54 36 20)
963 588 163 29 anmodat
1145 588 277 37 polisdirektören
1440 589 11 29 i
1471 589 227 37 Köpenhamn
1717 591 63 29 och

282 629 64 30 alla
363 630 233 37 polismästare
613 630 11 29 i
640 630 116 30 landet
773 632 54 28 att
844 631 58 29 vid
919 631 209 39 beviljandet
1146 641 44 21 av
1205 633 164 38 rättighet
1386 634 52 29 till
1455 633 81 30 drift
1554 642 44 21 av
1615 634 166 38 biografer

282 674 62 29 och
360 674 180 30 utförande
557 683 44 21 av
617 675 111 30 musik
743 675 12 29 i
771 675 221 39 danslokaler,
1009 678 229 29 restauranter
1254 680 63 27 etc.
1335 678 136 30 utfärda
1487 687 42 20 en
1544 678 235 31 bestämmelse

282 727 54 21 om
355 720 54 28 att
426 719 96 38 lagen
541 728 55 21 om
615 720 65 29 den
698 720 218 30 musikaliska
934 721 244 37 äganderätten
1198 722 84 30 skall
1298 723 141 30 beaktas
1458 723 62 29 och
1539 725 64 35 att,
1623 732 55 21 om
1695 732 83 29 upp-

281 763 123 37 repade
422 764 172 30 förseelser
606 764 153 30 däremot
770 766 108 36 göras,
892 765 119 30 oaktat
1023 765 234 40 påminnelser,
1266 768 163 37 rättighet
1441 768 52 29 till
1501 768 82 29 drift
1596 776 44 21 av
1651 768 129 37 biograf

282 808 79 30 eller
383 808 285 30 musikutövande
691 809 11 29 i
725 811 193 28 restaurant
934 810 78 29 eller
1040 810 9 30 å
1066 810 175 30 dansbana
1258 812 84 29 skall
1357 812 167 38 indragas.
1555 813 17 28 I
1591 812 187 38 Tjeckoslo-

256 877 4 5 .
282 853 122 29 vakien
424 853 217 30 tillerkännes
663 862 118 29 genom
802 854 55 38 lag
880 854 67 36 (bil.
980 856 53 35 21)
1056 863 45 21 av
1122 855 64 30 den
1208 857 40 27 24
1269 856 181 30 november
1471 858 83 28 1926
1579 857 28 37 (8
1628 858 54 35 30)
1704 857 73 30 där-

282 897 148 30 varande
458 898 400 37 tonsättarorganisation
885 898 64 30 den
969 901 125 28 största
1115 900 196 38 auktoritet,
1333 901 61 29 och
1414 901 51 29 för
1485 903 53 28 att
1558 901 221 39 understödja

283 942 73 30 dess
369 942 216 30 verksamhet
597 944 122 35 prövas
732 943 73 29 dess
818 945 100 27 taxor
930 952 43 21 av
984 944 193 38 regeringen
1190 953 41 21 en
1243 944 86 38 gång
1341 945 93 38 varje
1447 945 45 30 år.
1518 946 52 29 De
1582 947 196 29 nuvarande

281 988 144 28 taxorna
444 988 56 28 äro
520 986 102 31 också
641 986 36 31 så
695 987 97 38 höga,
812 989 54 28 att
885 988 271 37 organisationen
1174 991 37 27 är
1228 989 11 29 i
1258 988 101 31 stånd
1377 992 53 27 att
1447 990 126 38 bevilja
1593 991 186 30 avsevärda

254 1056 5 5 .
280 1031 152 29 rabatter
449 1031 59 29 vid
524 1032 198 37 uppgörelse
738 1032 52 29 för
806 1032 114 38 längre
937 1032 51 29 tid
1008 1033 46 36 (se
1070 1033 57 29 bil.
1146 1035 66 36 16).

323 1094 53 29 Av
396 1094 156 38 bifogade
574 1094 67 37 (bil.
672 1095 53 36 22)
745 1095 137 37 tryckta
901 1095 307 38 tjeckoslovakiska
1228 1097 155 30 officiella
1401 1099 97 28 taxor
1517 1097 158 39 framgår,
1697 1099 50 28 att
1767 1098 11 29 i

283 1139 95 29 detta
403 1139 80 29 land
508 1139 151 38 följande
685 1139 143 38 avgifter
854 1148 96 22 anses
976 1148 72 22 som
1074 1141 146 29 hemula:

1228 1240 90 24 Taxor
1338 1240 7 23 i
1367 1239 30 31 24,
1418 1247 34 17 av
1473 1242 112 23 bruttot
1604 1242 48 23 vid

477 1273 85 23 Antal
587 1273 103 30 platser
916 1256 155 59 Biljettpris
1211 1270 56 38 on
1342 1293 320 5 Sr
1738 1295 8 2 -

978 1298 74 24 kör
1146 1311 64 24 fullt
1234 1312 51 23 hus
1386 1310 31 33 34
1438 1313 51 23 hus
1548 1305 3 34 |!
1584 1314 80 23 halvt
1684 1314 51 23 hus

326 1398 52 25 100
397 1399 35 30 Pl
455 1418 413 7 ossesesrssserr
705 1394 27 42 er
739 1394 27 42 er
773 1394 46 42 ess
826 1394 45 42 ess
970 1400 65 24 3:—
1162 1400 42 25 5.3
1244 1400 30 30 94
1393 1402 42 24 7.9
1457 1401 30 31 4
1600 1403 59 24 10.6
1681 1401 30 31 24

307 1434 72 24 1000
398 1435 35 30 Pl
454 1454 414 6 oossseseeseeer
687 1429 44 43 are
738 1429 28 43 rr
773 1429 44 43 ere
827 1429 44 43 ret
970 1436 65 23 8:—
1161 1437 43 23 2.8
1244 1436 30 31 94
1392 1438 42 23 4.2
1457 1437 30 31 9
1615 1439 44 23 5.6
1681 1439 31 29 4

284 1486 1 4 :
306 1470 72 25 3000
398 1471 469 30 Ploososseess
612 1466 83 40 reser
702 1466 46 40 rer
757 1466 26 40 rr
790 1466 25 40 rr
827 1466 43 40 era
952 1471 83 25 20:—
1161 1473 60 23 0.95
1245 1472 30 31 94
1395 1474 39 22 1.4
1456 1473 31 31 4
1617 1475 41 23 1.9
1680 1474 30 31 4

323 1551 117 29 Ehuru
462 1551 57 30 det
541 1551 142 30 sålunda
702 1552 12 29 i
734 1552 106 29 andra
860 1551 116 30 länder
995 1552 109 29 finnes
1125 1553 151 36 exempel
1296 1552 44 38 på
1361 1554 109 37 skydd
1489 1554 52 29 för
1562 1556 215 28 tonsättarna

281 1604 43 20 av
346 1595 66 30 den
434 1597 63 36 art,
522 1604 72 21 som
618 1596 41 30 de
680 1596 13 29 i
714 1596 134 38 Sverige
870 1596 226 38 föreliggande
1118 1596 232 30 förhållanden
1373 1606 96 29 synes
1491 1599 118 37 kräva,
1633 1601 37 28 är
1692 1599 85 29 dock

281 1640 103 38 enligt
402 1639 77 30 vårt
496 1640 220 30 förmenande
733 1641 94 29 tiden
844 1649 47 21 nu
909 1641 29 37 ej
958 1641 78 30 inne
1054 1643 53 27 att
1125 1641 122 38 begära
1264 1642 196 38 lagändring
1477 1643 78 29 eller
1572 1644 205 37 vidtagande

281 1693 42 20 av
342 1684 106 30 andra
465 1684 157 38 åtgärder
639 1685 52 29 till
709 1685 109 37 skydd
835 1685 52 29 för
903 1687 227 28 tonsättarna.
1161 1686 17 29 I
1196 1686 67 38 maj
1283 1687 32 28 d.
1335 1686 29 30 å.
1384 1687 83 29 skall
1483 1687 37 38 ju
1544 1688 5 28 i
1567 1688 88 29 Rom
1673 1688 103 29 hållas

281 1737 41 21 en
343 1729 177 30 konferens
542 1729 53 30 för
615 1729 189 38 revidering
826 1738 43 21 av
891 1730 366 38 Bern-konventionen,
1281 1732 61 28 och
1366 1731 40 29 de
1428 1733 347 37 överenskommelser,

281 1782 71 21 som
377 1773 120 30 därvid
520 1774 133 37 träffas,
679 1774 95 30 torde
797 1775 137 29 komma
958 1776 52 28 att
1034 1775 277 37 nödvändiggöra
1335 1776 186 38 revidering
1545 1785 44 21 av
1612 1777 10 29 i
1647 1777 133 37 Sverige

280 1826 47 21 nu
344 1818 155 38 gällande
517 1819 65 37 lag.
615 1819 212 29 Hithörande
845 1818 112 38 frågor
975 1819 96 29 torde
1091 1819 119 30 därvid
1229 1820 136 29 komma
1384 1822 51 28 att
1453 1823 123 35 prövas
1594 1822 12 28 i
1625 1823 50 28 ett
1694 1830 84 21 sam-

281 1863 180 38 manhang.

332 1951 194 31 Stockholm
549 1952 11 29 i
583 1961 88 22 mars
695 1954 93 29 1928.

1310 2017 137 30 Styrelsen
1467 2018 41 24 för

557 2051 141 31 Styrelsen
718 2051 41 24 för

411 2086 170 31 Föreningen
602 2088 123 23 Svenska
746 2088 166 23 Tonsätlare

472 2141 105 29 KURT
600 2142 226 38 ATTERBERG,

562 2194 181 24 Ordförande.

324 2247 116 29 Patrik
467 2247 159 39 Vretblad,
665 2248 156 38 Henning
845 2248 157 39 Mankell,

384 2301 180 24 Sekreterare.
747 2303 173 23 Tonsättare.

336 2354 102 30 Oskar
460 2354 170 39 Lindberg,
733 2355 68 30 Otto
826 2355 124 39 Olsson,

389 2408 173 24 Tonsättare.
675 2409 146 30 Professor,
844 2409 172 24 Tonsättare.

327 2488 101 24 Härtill
446 2488 34 24 22
501 2488 113 31 bilagor.
655 2489 184 31 Förleckning
859 2490 169 25 omstående.

1148 2052 169 30 Föreningen
1337 2053 122 24 Svenska
1479 2054 181 23 Tonsättares

1080 2088 225 24 Internationella
1326 2089 167 31 Musikbyrå,
1515 2089 78 29 Stim,
1616 2097 26 16 u.
1665 2096 24 24 p.
1711 2096 14 17 a

1230 2142 104 29 KURT
1357 2143 225 39 ÅTTERBERG,

1313 2196 178 24 Ordförande.

1084 2248 54 39 Ulf
1158 2258 61 21 von
1239 2249 134 39 Konow,
1465 2250 89 30 Emil
1578 2250 155 38 Carelius,

1130 2303 172 24 Sekreterare
1475 2304 250 30 Musikförläggare.

1064 2356 125 38 Ludvig
1212 2356 173 39 Lindgren,
1460 2357 83 29 Karl
1571 2357 164 39 Wohlfart,

1099 2406 251 39 Musikförläggare.
1505 2411 174 24 Tonsättare.
