1882 2822
1532 188 17 10 ”-”

267 181 19 28 8
450 179 112 29 Första
584 180 199 30 kammarens
798 180 134 37 första
949 184 162 37 tillfälliga
1131 186 129 28 utskotts
1280 187 162 29 utlatande
1459 189 51 28 Nr
1533 201 25 17 7.

267 268 106 30 sadan
387 268 168 37 rubbning
568 269 199 30 förutsätter
781 270 44 30 da
839 288 43 3 —
896 280 35 21 så
946 273 103 29 framt
1064 274 133 36 Sverige
1212 283 97 21 anser
1324 275 48 38 sig
1387 276 78 29 böra
1482 277 137 30 kvarsta
1636 278 10 28 i
1665 279 100 29 Bern-

265 313 148 29 nnionen
435 330 42 3 —
499 315 53 27 att
575 313 106 37 själva
705 315 251 30 konventionen
979 318 166 37 undergår
1168 319 150 38 ändring.

309 357 219 29 Beträffande
547 358 340 38 radioutsändningar
906 361 70 37 har,
997 370 110 21 sasom
1126 372 79 28 nyss
1224 366 148 35 nämnts,
1393 365 105 29 sadan
1518 367 141 37 ändring
1677 368 86 28 före-

267 401 115 37 slagits
403 401 75 29 från
499 410 42 20 en
563 402 190 30 unionstats
776 404 82 38 sida,
882 406 62 28 och
965 407 118 35 frågan
1106 408 116 29 härom
1244 409 61 28 hör
1326 409 52 28 till
1400 409 75 29 dem
1498 419 71 20 som
1592 412 93 29 skola
1707 412 57 28 be-

265 446 142 29 handlas
425 447 20 28 å
462 446 64 28 den
544 447 207 29 omedelbart
767 448 211 31 förestående
996 451 219 30 konferensen
1232 452 53 30 för
1300 453 145 30 revision
1462 463 44 20 av
1524 455 240 30 Bernkonven-

265 490 126 29 tionen.
414 490 98 29 Huru
534 491 96 29 detta
651 491 123 38 förslag
796 493 60 29 där
877 494 151 29 kommer
1049 498 53 27 att
1124 499 177 35 upptagas,
1326 498 68 29 kan
1415 507 46 20 nu
1482 499 30 37 ej
1536 500 78 28 med
1635 500 127 29 visshet

264 535 200 36 förutsägas,
486 543 76 20 men
582 535 11 28 i
612 535 224 31 betraktande
857 547 43 20 av
920 539 41 28 de
981 540 162 30 särskilda
1162 541 250 38 regeringarnas
1432 543 119 29 hittills
1571 544 118 37 gjorda
1708 547 53 26 ut-

264 578 162 30 talanden
437 579 166 29 förefaller
616 580 57 29 det
686 581 128 30 mindre
828 583 179 38 sannolikt,
1022 587 53 26 att
1088 585 55 29 det
1158 586 104 28 skulle
1276 586 115 29 kunna
1407 587 98 30 vinna
1520 588 64 28 den
1597 588 165 37 enhälliga

264 623 205 37 anslutning,
486 632 71 21 som
573 633 78 20 vore
667 634 44 20 av
725 626 111 29 nöden
850 627 52 29 för
918 628 73 29 dess
1006 630 270 36 genomförande.

307 669 17 27 I
340 668 95 37 fråga
452 677 54 20 om
524 671 104 27 annat
646 670 169 36 offentligt
832 672 179 29 utförande
1029 682 44 20 av
1090 674 110 29 musik
1215 674 175 38 föreligger
1407 676 28 37 ej
1455 685 46 20 nu
1518 679 104 34 nagot
1637 677 126 38 förslag

263 712 52 29 till
333 712 141 37 ändring
492 721 43 21 av
552 713 261 40 konventionen,
834 716 62 29 och
914 717 76 28 med
1008 718 64 28 den
1091 719 190 29 kännedom
1300 720 198 29 akademien
1517 730 97 20 anser
1631 721 49 37 sig
1697 724 64 35 äga

263 765 56 21 om
342 757 214 37 situationen,
581 758 168 30 betvivlar
772 760 207 38 akademien,
1005 765 52 26 att
1081 772 79 20 man
1183 764 105 28 skulle
1311 764 114 30 kunna
1448 765 160 30 förvänta
1630 768 51 26 ett
1704 775 56 20 en-

264 801 116 36 hälligt
398 801 111 29 beslut
527 810 54 20 om
598 803 168 37 rubbning
784 813 44 20 av
846 805 65 29 den
927 806 268 37 förfoganderätt
1213 810 79 26 över
1310 809 236 38 uppförandet,
1567 819 71 20 som
1656 810 102 38 enligt

263 845 213 30 akademiens
496 846 135 36 mening
649 847 188 31 tillerkänts
857 852 212 28 tonsättaren
1088 860 119 28 genom
1227 855 63 26 art.
1311 854 52 27 11.

305 890 76 29 Vad
400 890 72 29 åter
490 891 164 29 beträffar
673 894 265 29 eventualiteten
958 904 42 20 av
1021 896 150 36 Sveriges
1191 897 137 28 utträde
1348 906 39 19 ur
1410 899 242 30 Bernunionen,
1673 900 87 28 lärer

262 936 51 27 ett
331 934 122 30 sadant
471 937 72 35 steg
560 935 29 37 ej
609 938 103 34 gärna
730 937 116 30 kunna
864 941 106 27 sättas
988 940 11 27 i
1016 941 103 36 fraga.
1155 941 118 29 Ideella
1294 941 94 29 såväl
1406 951 70 20 som
1494 943 174 36 praktiska
1687 944 73 29 skäl

261 980 81 36 göra
358 979 57 29 det
431 981 125 34 ytterst
571 983 94 26 svårt
680 981 51 29 för
746 984 51 27 ett
813 983 206 38 kulturland,
1037 993 72 20 som
1125 994 41 20 en
1181 994 87 27 gang
1284 986 122 29 inträtt
1422 986 10 28 i
1449 987 107 29 denna
1576 991 93 25 snart
1684 991 73 33 sagt

261 1023 197 29 universella
480 1025 312 37 sammanslutning,
816 1029 51 26 att
890 1029 130 28 anmäla
1044 1029 59 29 sitt
1125 1030 145 28 utträde.

303 1175 78 29 Med
400 1176 130 36 hänsyn
549 1176 50 29 till
619 1177 39 28 de
678 1177 206 37 svarigheter
903 1189 43 19 av
964 1180 249 30 internationell
1232 1184 111 31 natur,
1365 1191 69 21 som
1455 1183 139 28 salunda
1615 1186 56 26 äro
1690 1184 66 28 för-

260 1220 170 37 knippade
448 1221 77 28 med
544 1221 40 28 de
603 1221 11 28 i
633 1222 206 30 motionerna
861 1224 147 30 avsedda
1028 1226 200 35 atgärderna
1240 1227 52 28 för
1304 1226 248 30 inskränkande
1572 1236 41 20 av
1627 1229 130 28 tonsät-

259 1267 116 27 tarnas
389 1265 208 37 rättigheter,
614 1266 106 29 måste
736 1267 67 37 det,
820 1268 102 37 enligt
938 1269 213 30 akademiens
1166 1270 144 37 mening,
1326 1271 52 29 för
1392 1273 47 28 att
1460 1271 124 30 sådana
1600 1272 158 36 atgärder

260 1309 91 29 skola
370 1309 136 29 komma
524 1310 106 29 under
646 1313 153 27 närmare
817 1314 243 36 övervägande,
1080 1314 113 30 kunna
1211 1315 146 36 pavisas,
1377 1318 46 27 att
1447 1316 40 28 de
1504 1316 188 29 föranledas
1710 1325 44 20 av

258 1355 50 27 ett
328 1354 184 36 trängande
531 1354 120 29 behov.
682 1355 210 30 Akademien
911 1358 82 29 skall
1012 1358 10 28 i
1041 1358 56 29 det
1116 1359 148 37 följande
1284 1360 79 29 söka
1384 1360 128 37 utreda,
1533 1360 165 29 huruvida
1718 1361 38 29 så

258 1400 37 26 är
317 1398 105 29 fallet.

300 1442 245 30 Motionärerna
560 1445 80 35 göra
653 1444 164 37 gällande,
833 1448 52 27 att
900 1447 63 28 den
977 1448 312 37 sammanslutning,
1305 1457 71 20 som
1391 1449 103 29 under
1507 1449 247 36 benämningen

257 1486 208 38 Föreningen
482 1488 142 28 svenska
640 1490 206 29 tonsättares
862 1491 269 30 internationella
1149 1492 194 38 musikbyrå
1362 1494 126 33 (»Stim»
1505 1503 31 19 u.
1555 1502 31 28 p.
1606 1495 44 34 a.)
1667 1494 85 37 tagit

257 1530 52 29 till
333 1531 135 38 uppgift
492 1534 53 26 att
570 1532 213 39 tillvarataga
808 1534 47 29 in-
883 1536 61 28 och
971 1536 177 29 utländska
1175 1539 206 28 tonsättares
1406 1538 209 38 rättigheter,
1641 1538 115 29 ernått

257 1584 42 20 en
324 1576 326 38 monopolställning,
678 1586 70 20 som
772 1578 138 39 inbjöde
935 1580 48 28 till
1010 1581 274 29 maktmissbruk.
1323 1582 207 37 Föreningen
1556 1591 79 20 vore
1660 1584 92 27 näm-

257 1619 87 36 ligen
364 1620 11 28 i
396 1620 100 29 stånd
515 1622 52 27 att
589 1621 58 28 vid
667 1624 196 35 uppgörelse
884 1633 54 20 om
959 1625 186 36 ersättning
1164 1626 168 29 fastställa
1353 1627 120 29 villkor
1493 1636 44 20 av
1557 1627 195 29 ekonomisk

256 1666 112 35 natur,
389 1664 91 30 vilka
498 1665 112 29 kunde
628 1666 53 28 för
698 1669 50 26 ett
768 1668 283 30 musikutövande
1069 1670 130 37 företag
1217 1679 82 20 vara
1318 1671 212 36 fullständigt
1551 1671 203 38 oantagliga,

256 1708 79 29 eller
351 1708 120 30 villkor
487 1718 44 20 av
548 1713 93 26 snart
658 1713 74 33 sagt
748 1712 69 29 vad
834 1722 112 20 annan
962 1716 101 26 natur
1080 1723 71 20 som
1169 1715 95 29 helst.
1284 1716 16 28 I
1319 1716 167 37 atskilliga
1502 1717 59 28 fall
1578 1716 86 28 hade
1682 1717 69 27 ten-

256 1753 119 29 denser
400 1753 51 29 till
477 1753 167 30 missbruk
671 1756 99 29 också
796 1757 132 29 kunnat
947 1758 179 38 iakttagas.
1161 1759 146 30 NSalunda
1329 1760 86 29 hade
1436 1761 56 28 det
1512 1760 166 37 inträffat,
1699 1763 54 26 att

256 1797 86 29 Stim
359 1798 53 28 för
428 1798 163 36 rättighet
608 1799 51 29 till
677 1800 277 38 musikutövning
971 1803 48 28 till
1039 1811 41 20 en
1098 1803 119 37 början
1234 1804 119 37 begärt
1371 1805 91 36 högst
1485 1805 194 38 betydande
1696 1805 55 28 be-

255 1842 90 37 lopp,
371 1850 77 21 men
478 1843 184 29 sedermera
685 1844 114 30 funnit
823 1846 49 37 sig
895 1847 81 28 böra
1000 1848 105 28 sänka
1129 1848 188 36 anspraken
1341 1848 51 29 till
1415 1858 40 20 en
1480 1849 128 29 mindre
1632 1849 52 28 del
1708 1858 44 19 av

256 1894 165 29 summan,
441 1887 61 29 och
518 1887 11 28 i
547 1891 121 34 många
684 1889 58 29 fall
760 1890 87 29 hade
864 1891 224 38 förekommit,
1107 1894 52 27 att
1177 1892 362 31 musiketablissement
1557 1893 62 30 och
1636 1893 112 36 dylika

255 1931 164 29 anstalter
430 1931 116 30 krävts
558 1932 45 36 på
615 1934 187 37 ersättning
813 1934 12 29 i
836 1935 86 29 form
935 1944 44 20 av
990 1936 67 29 viss
1069 1939 138 34 procent
1220 1945 44 29 på
1275 1938 359 36 bruttoinkomsterna,
1648 1937 104 37 något

255 1983 71 21 som
342 1975 108 29 måste
464 1976 174 30 betraktas
655 1977 108 30 såsom
779 1979 11 28 i
805 1979 66 37 hög
885 1980 81 37 grad
981 1981 220 37 godtyckligt.
1232 1975 97 35 Även
1344 1986 79 33 gent
1439 1985 91 27 emot
1545 1983 64 29 den
1625 1991 39 19 ur
1679 1982 69 28 kul-

254 2020 100 28 turell
372 2021 174 36 synpunkt
563 2021 257 37 betydelsefulla
837 2024 205 30 rundradion
1060 2026 113 28 kunde
1191 2026 86 28 Stim
1295 2026 132 30 befaras
1445 2036 73 20 resa
1535 2026 214 38 godtyckliga

254 2063 157 38 anspråk,
429 2065 89 29 vilka
534 2065 113 29 kunde
664 2075 80 21 vara
759 2068 51 29 till
827 2069 104 29 skada
946 2069 52 29 för
1014 2069 57 29 det
1087 2070 178 29 allmänna.

296 2109 66 28 För
378 2109 209 29 bedömande
604 2119 44 20 av
664 2111 95 30 dessa
776 2113 275 38 anmärkningars
1068 2114 198 37 befogenhet
1287 2124 97 28 synes
1403 2125 77 20 vara
1499 2125 43 20 av
1558 2117 120 34 nöden,
1696 2117 52 27 att

254 2161 79 21 man
350 2155 60 35 gör
427 2153 48 37 sig
492 2156 153 27 närmare
662 2156 78 29 reda
759 2157 52 28 för
829 2157 40 29 de
888 2158 294 38 omständigheter,
1203 2168 70 20 som
1292 2159 11 28 i
1320 2162 50 27 ett
1389 2160 110 29 flertal
1516 2161 116 29 länder
1648 2160 102 28 fram-

252 2197 108 29 kallat
377 2199 340 38 sammanslutningar
734 2209 43 21 av
795 2201 65 29 den
877 2204 72 35 typ,
968 2211 71 21 som
1056 2203 86 29 Stim
1159 2206 255 35 representerar,
1433 2205 61 29 och
1512 2205 40 29 de
1568 2203 178 31 förhållan-

253 2241 75 38 den,
352 2243 167 28 varunder
541 2242 125 31 sådana
689 2246 341 37 sammanslutningar
1052 2248 127 29 arbeta.

295 2286 54 29 En
375 2286 299 40 lagbestämmelse,
703 2298 70 21 som
800 2290 112 38 lägger
938 2291 11 28 i
974 2293 231 28 tonsättarnas
1233 2293 90 29 hand
1351 2295 52 27 att
1430 2294 129 36 förfoga
1586 2296 79 27 över
1691 2292 57 29 det

253 2330 175 38 offentliga
445 2332 196 29 utförandet
658 2342 43 20 av
718 2334 95 30 deras
831 2335 92 37 verk,
942 2336 66 28 kan
1026 2344 100 29 synas
1143 2336 12 29 i
1171 2337 62 29 och
1249 2337 53 29 för
1319 2337 49 38 sig
1384 2347 81 20 vara
1482 2347 43 20 av
1543 2340 86 27 stort
1646 2337 105 30 värde

250 2375 54 29 för
324 2375 94 37 varje
439 2378 198 36 tonsättare,
660 2386 76 21 vars
758 2379 111 29 musik
889 2382 97 27 röner
1007 2380 204 30 allmännare
1233 2382 255 37 uppskattning.
1523 2383 74 28 Den
1619 2381 127 37 möjlig-

250 2421 70 35 gör,
340 2420 106 29 skulle
464 2429 80 20 man
561 2422 64 36 tro,
644 2422 53 29 för
714 2431 41 21 en
774 2423 106 30 sådan
898 2426 189 28 tonsättare
1106 2427 50 27 att
1176 2426 52 29 för
1245 2426 197 30 utförandet
1460 2435 43 21 av
1522 2427 41 28 de
1581 2427 82 29 verk
1682 2426 67 28 han

252 2464 243 29 åstadkommit
517 2465 144 30 utkräva
685 2469 51 27 ett
758 2468 153 37 honorar,
936 2477 70 21 som
1030 2471 189 28 motsvarar
1241 2470 64 29 den
1327 2471 206 36 popularitet
1555 2471 92 30 dessa
1673 2473 74 27 ton-
