1926 2850
280 183 36 32 10
746 189 228 29 Statsutskottets
997 192 148 28 utlåtande
1166 194 50 26 Nr
1238 195 69 28 167.

331 259 18 30 I
382 258 65 32 den
482 260 162 33 skrivelse
667 262 67 31 den
758 263 20 31 5
800 264 73 40 juni
902 265 90 38 1929,
1017 276 74 21 som
1113 266 91 42 legat
1226 267 53 32 till
1301 269 111 40 grund
1434 270 53 31 för
1509 271 125 42 Kungl.
1658 272 119 41 Maj:ts

272 300 117 32 beslut
423 301 66 32 den
523 303 20 31 5
574 303 63 41 juli
672 305 91 37 1929,
788 306 88 31 hade
899 307 169 41 styrelsen
1093 311 176 30 omnämnt
1292 313 49 29 ett
1363 312 93 31 antal
1479 312 140 33 hamnar
1641 313 132 43 (Vejby,

274 342 183 39 Sandskär,
481 344 228 40 Brändöskär,
734 347 198 40 Galtabäck,
955 349 99 39 Fotö,
1078 350 177 43 Rönnäng,
1273 353 194 38 Brantevik,
1480 354 119 39 Viken,
1613 356 162 42 Valbytte

272 385 66 31 och
363 385 183 43 Skillinge),
570 387 212 34 beträffande
806 390 89 31 vilka
917 391 270 33 intressenterna
1208 394 11 31 i
1243 394 145 32 flertalet
1410 396 59 31 fall
1484 397 105 31 redan
1605 398 169 32 avlämnat

273 427 235 42 vederbörliga
530 429 229 33 förbindelser
782 434 50 29 att
855 434 154 40 uppfylla
1032 435 156 40 gällande
1211 437 212 32 föreskrifter
1445 439 52 31 för
1520 440 196 32 erhållande
1735 453 40 19 av

273 470 218 40 statsbidrag.
551 472 68 31 Det
656 473 222 42 erforderliga
918 475 157 42 bidraget
1112 477 52 31 för
1201 478 101 32 dessa
1338 480 132 42 företag
1507 482 109 32 skulle
1653 485 122 39 utgöra

276 512 165 38 1,054,956
463 513 135 32 kronor.

329 554 18 30 I
370 565 128 21 samma
521 556 162 32 skrivelse
711 557 89 32 hade
828 560 168 39 styrelsen
1013 563 176 29 omnämnt
1205 564 49 29 ett
1269 563 110 32 flertal
1396 564 164 32 hamnar
1543 550 21 56 i
1577 566 196 43 Göteborgs

271 595 66 31 och
370 596 119 32 Bohus
522 598 57 31 län
602 598 185 42 (Hyppeln,
811 600 101 39 Rörö,
936 601 146 43 Vrångö,
1107 603 200 40 Fiskebäck,
1331 606 137 41 Björkö,
1493 608 280 40 Klädesholmen,

272 637 212 41 Tjörnekalv,
510 639 184 33 Skalhamn
718 642 65 31 och
808 643 100 31 Stora
930 644 141 42 Kornö),
1088 645 212 33 beträffande
1316 648 89 31 vilka
1422 652 133 29 snarast
1571 651 202 32 inväntades

270 679 222 43 fullständiga
516 683 416 44 ansökningshandlingar
954 688 175 40 angående
1153 690 219 42 statsbidrag.
1417 691 69 31 För
1509 692 100 32 dessa
1632 694 142 31 hamnar

270 721 213 33 beräknades
507 726 48 29 ett
579 726 210 42 statsbidrag
811 738 41 20 av
873 728 11 30 1
907 731 80 28 runt
1010 730 46 30 tal
1079 730 137 38 575,000
1237 731 134 33 kronor.

328 764 88 32 Hela
453 765 58 32 det
548 767 143 32 sålunda
723 769 146 41 angivna
902 771 287 41 anslagsbehovet
1222 774 110 31 skulle
1365 778 115 38 uppgå
1517 776 52 31 till
1607 778 164 38 1,934,421

270 806 134 32 kronor.

327 848 66 32 Till
416 850 217 32 undvikande
656 863 40 20 av
719 863 42 20 en
786 854 61 30 allt
869 865 91 20 mera
984 856 136 40 stegrad
1144 857 182 42 stockning
1348 870 40 19 av
1410 859 10 31 i
1437 860 165 32 avvaktan
1614 863 44 39 på
1674 863 99 30 stats-

267 890 123 42 bidrag
411 891 134 33 vilande
569 893 63 31 och
655 906 39 19 av
717 895 98 31 bifall
837 896 161 41 förtjänta
1020 899 230 41 ansökningar
1272 902 118 39 syntes
1414 901 58 32 det
1487 914 78 19 vara
1579 903 12 30 i
1607 903 67 41 hög
1689 904 84 41 grad

269 932 150 40 påkallat
434 936 50 29 att
500 935 151 42 företaga
663 947 42 20 en
718 937 12 30 i
747 939 164 31 avsevärd
926 941 79 29 mån
1022 940 136 31 effektiv
1174 942 128 41 ökning
1317 954 40 20 av
1372 943 254 42 ifrågavarande
1643 946 128 42 anslag,

268 976 40 29 så
341 976 133 40 mycket
507 988 92 21 mera
633 989 73 20 som
740 991 79 20 man
853 980 52 31 till
928 981 270 43 framtvingande
1221 995 41 20 av
1285 996 41 19 en
1351 985 147 33 sundare
1520 987 188 42 inriktning
1732 999 41 20 av

267 1017 256 33 vederbörande
546 1019 217 43 befolknings
787 1022 146 32 intresse
956 1023 11 31 i
990 1024 174 42 företagen
1188 1026 111 31 under
1321 1038 119 21 senare
1456 1030 37 29 år
1508 1030 174 41 avsiktligt
1694 1031 78 30 sökt

266 1060 156 31 överföra
444 1062 238 40 tyngpunkten
705 1075 41 19 av
769 1064 300 42 hamnbyggandet
1091 1067 11 31 i
1124 1068 94 41 fråga
1234 1080 54 19 om
1305 1070 133 40 vanliga
1453 1071 229 32 fiskehamnar
1696 1072 75 32 från

267 1101 44 31 de
344 1113 81 20 rena
448 1104 275 32 statshamnarna
745 1106 53 31 till
822 1106 41 32 de
887 1109 332 39 statsunderstödda,
1245 1111 52 31 till
1319 1112 108 31 vilkas
1450 1114 180 31 utförande
1652 1114 120 32 intres-

265 1145 162 30 senterna
448 1148 110 29 måste
580 1146 12 31 i
614 1149 111 39 någon
749 1150 79 29 mån
852 1149 216 33 ekonomiskt
1090 1151 149 43 bidraga.

325 1210 49 31 På
407 1213 111 39 grund
552 1224 40 20 av
624 1214 64 31 vad
712 1215 146 32 sålunda
880 1217 131 32 anförts
1034 1218 62 31 har
1118 1221 73 39 väg-
1215 1220 64 31 och
1302 1221 468 43 vattenbyggnadsstyrelsen

267 1278 41 4 —
342 1271 72 21 som
437 1263 164 32 förklarat
624 1265 51 41 sig
697 1276 93 27 anse,
815 1266 73 32 dels
912 1269 49 29 att
983 1268 349 43 hamnförbättringar
1354 1272 53 30 till
1429 1283 84 30 nyss
1536 1273 145 41 angivna
1705 1285 66 21 om-

265 1311 148 42 fattning
446 1313 107 32 borde
586 1314 114 32 kunna
730 1316 202 32 verkställas
955 1318 94 31 inom
1073 1319 119 41 loppet
1215 1331 40 20 av
1277 1321 20 30 5
1320 1323 37 29 år
1379 1322 64 30 och
1467 1323 74 31 dels
1564 1325 48 29 att
1636 1324 134 42 hänsyn

265 1364 86 29 även
384 1364 108 31 måste
526 1366 95 39 tagas
654 1365 53 31 till
730 1366 68 31 den
822 1367 180 32 därutöver
1025 1369 145 41 alltjämt
1192 1370 199 42 fortgående
1415 1372 290 44 tillströmningen
1730 1387 41 20 av

264 1423 68 31 nya
364 1413 287 43 framställningar
674 1427 54 20 om
754 1417 209 42 statsbidrag
986 1437 39 3 —
1048 1419 184 39 hemställt,
1257 1423 50 29 att
1330 1422 52 31 till
1406 1423 179 32 utförande
1608 1435 40 20 av
1672 1427 99 31 stats-

265 1462 236 33 understödda
533 1465 229 32 fiskehamnar
796 1469 104 30 måtte
934 1469 53 30 för
1015 1469 202 42 budgetåret
1242 1472 177 39 1930/1931
1444 1474 135 32 anvisas
1603 1477 49 29 ett
1675 1478 94 30 extra

263 1514 351 43 reservationsanslag
636 1527 40 20 av
698 1518 137 38 500,000
857 1519 134 31 kronor.

323 1563 18 31 I
364 1575 40 20 en
428 1565 52 31 till
504 1566 125 41 Kungl.
654 1568 98 40 Maj:t
776 1569 103 31 ställd
902 1569 165 33 skrivelse
1091 1571 65 31 den
1180 1572 40 31 23
1244 1574 195 39 september
1463 1575 81 31 1929
1566 1576 61 31 har
1652 1577 116 32 vidare

264 1614 226 41 länsstyrelsen
523 1617 14 31 i
563 1617 168 42 Göteborgs
755 1619 55 31 och
832 1619 110 32 Bohus
964 1621 64 38 län,
1053 1622 109 31 under
1184 1622 245 33 framhållande
1453 1636 40 20 av
1516 1626 58 31 det
1597 1629 91 29 stora
1715 1628 55 31 be-

264 1664 104 32 hovet
400 1677 40 20 av
474 1666 351 44 hamnanläggningar
858 1670 82 32 eller
972 1671 350 43 hamnförbättringar
1348 1675 12 30 i
1383 1675 100 38 länet,
1508 1676 141 33 betonat
1671 1689 97 31 ange-

263 1715 204 40 lägenheten
491 1728 41 20 av
555 1718 107 32 ökade
685 1720 113 31 medel
821 1720 52 31 till
895 1721 426 43 hamnbyggnadsarbeten
1343 1725 94 31 inom
1460 1726 93 32 länet
1576 1730 88 29 samt
1679 1729 89 32 hem-

264 1766 104 38 ställt,
402 1769 50 29 att
486 1770 49 29 ett
568 1769 136 42 belopp,
739 1770 75 32 icke
842 1772 268 42 understigande
1133 1774 135 38 300,000
1290 1775 135 38 kronor,
1449 1779 105 30 måtte
1577 1790 40 19 av
1639 1775 127 51 Kungl.

263 1815 99 42 Maj:t
384 1818 99 31 äskas
506 1819 53 31 för
581 1819 204 42 budgetåret
809 1822 176 40 1930/1931
1010 1823 54 31 till
1087 1825 324 32 statsunderstödda
1433 1827 236 33 fiskehamnar.

320 1875 355 43 Departementschefen
698 1880 62 30 har
783 1881 112 31 anfört
917 1881 166 41 följande:

320 1926 139 32 »Såsom
497 1930 73 39 väg-
606 1929 63 31 och
707 1931 467 43 vattenbyggnadsstyrelsen
1211 1935 195 39 framhållit,
1445 1937 61 31 har
1543 1949 76 20 man
1657 1939 110 31 under

262 1987 121 20 senare
416 1979 36 29 år
485 1979 173 42 avsiktligt
682 1981 78 31 sökt
788 1982 153 31 överföra
963 1983 264 42 tyngdpunkten
1250 1985 12 31 i
1284 1986 93 41 fråga
1399 1998 55 20 om
1477 1988 289 43 fiskehamnsbyg-

261 2027 127 40 gandet
420 2028 74 31 från
528 2029 42 31 de
603 2042 81 19 rena
718 2032 275 32 statshamnarna
1027 2034 53 31 till
1104 2036 323 32 statsunderstödda
1450 2038 149 32 hamnar.
1644 2040 123 31 Denna

261 2078 203 42 utveckling,
500 2090 74 21 som
597 2082 44 39 på
664 2083 69 30 sätt
755 2082 57 42 jag
835 2083 100 32 också
957 2084 12 30 i
994 2085 81 31 1929
1098 2087 54 29 års
1176 2087 406 42 statsverksproposition
1605 2090 159 41 antydde,

261 2137 104 31 synes
398 2129 158 40 påkallad
578 2131 77 31 med
678 2131 135 40 hänsyn
836 2133 52 31 till
912 2134 274 33 önskvärdheten
1209 2147 40 20 av
1272 2139 50 29 att
1344 2138 230 32 kostnaderna
1596 2140 52 31 för
1669 2141 97 31 fiske-

261 2177 412 45 hamnsanläiggningarna
696 2182 53 31 till
774 2183 108 42 skälig
904 2184 55 31 del
975 2184 171 33 bestridas
1162 2197 40 20 av
1218 2187 279 40 intressenterna,
1515 2190 97 32 torde
1628 2191 137 31 komma

260 2230 51 29 att
345 2230 159 38 medföra,
540 2234 50 29 att
623 2234 131 31 statens
788 2234 120 42 bidrag
941 2235 53 31 till
1027 2247 67 30 nya
1120 2237 229 32 fiskehamnar
1372 2239 64 31 och
1459 2240 243 42 förbättringar
1725 2253 40 19 av

260 2279 95 31 äldre
389 2280 141 32 hamnar
562 2282 52 31 för
646 2283 184 32 framtiden
864 2285 11 30 i
908 2286 91 41 regel
1032 2286 135 32 komma
1201 2290 49 29 att
1273 2290 81 40 utgå
1376 2290 74 31 från
1473 2302 47 19 nu
1543 2291 221 32 förevarande

260 2329 127 41 anslag.
432 2331 69 32 Det
534 2343 80 21 vore
648 2333 114 32 därför
796 2335 162 32 önskvärt
990 2338 50 29 att
1073 2337 53 31 för
1152 2338 283 33 nästkommande
1458 2340 167 43 budgetår
1648 2342 116 31 kunna

259 2379 138 42 vidtaga
418 2383 114 40 någon
555 2383 141 42 höjning
720 2396 40 19 av
783 2386 162 41 anslaget.
990 2387 53 31 Av
1067 2389 280 32 statsfinansiella
1370 2391 73 31 skäl
1466 2393 108 30 måste
1597 2393 56 40 jag
1675 2392 88 32 dock

258 2431 125 31 stanna
405 2431 56 31 vid
484 2434 51 29 att
557 2433 136 32 förorda
716 2437 50 29 ett
789 2436 196 31 oförändrat
1008 2438 268 42 anslagsbelopp
1299 2451 41 20 av
1362 2441 135 38 250,000
1519 2442 134 32 kronor.
