1924 2850
517 182 319 33 Bankoutskottets
861 181 188 32 utlåtande
1072 182 53 31 Nr
1148 182 52 30 36.
1526 180 39 31 13

145 262 93 30 samt
259 261 53 30 att
333 260 119 31 änkan
473 262 41 29 är
534 261 53 30 att
609 270 84 20 anse
713 260 117 30 såsom
850 259 56 30 för
929 258 195 31 framtiden
1147 258 231 36 fullständigt
1400 258 207 36 oförmögen

105 312 58 31 till
184 312 131 31 arbete.

146 363 127 37 Enligt
304 363 132 37 utdrag
471 373 46 21 av
548 362 290 37 bouppteckning
871 361 168 37 utgjorde
1073 360 254 37 behållningen
1360 361 11 30 i
1402 360 81 31 boet
1515 360 91 31 efter

107 412 223 34 Westerman
355 414 108 37 15,869
487 414 132 31 kronor
647 414 38 31 89
712 415 69 35 öre,
806 423 115 21 varav
948 412 113 37 enligt
1086 412 147 37 uppgift
1259 422 46 21 av
1333 412 119 31 änkan
1478 413 51 29 ett
1553 411 55 31 be-

105 466 84 38 lopp
216 477 47 21 av
285 467 88 36 4,017
395 466 133 31 kronor
551 466 38 31 75
612 465 140 37 belöpte
775 466 46 36 på
847 464 146 37 möbler,
1016 464 125 31 kläder
1167 464 65 31 och
1255 465 112 29 annat
1390 463 114 31 lösöre
1529 463 79 31 med

106 518 85 37 föga
216 517 349 38 realisationsvärde,
590 516 120 32 vadan
736 516 67 32 den
826 516 177 31 kontanta
1028 515 255 37 behållningen
1309 514 167 37 utgjorde
1502 514 107 33 11,852

104 569 134 32 kronor
261 570 38 31 14
323 572 70 29 öre.
438 569 125 31 Denna
584 567 211 37 behållning
820 567 101 37 hade,
946 567 113 36 enligt
1085 567 71 31 vad
1180 567 12 30 i
1216 566 180 31 motionen
1419 566 189 34 vitsordas,

105 621 12 30 i
140 621 148 37 januari
310 621 78 31 1933
413 620 149 37 nedgått
584 620 57 31 till
663 620 166 36 omkring
852 619 89 35 5,500
963 619 143 32 kronor.

146 671 125 32 Såsom
293 672 12 31 i
328 671 181 32 motionen
536 671 149 37 erinras,
715 681 65 21 var
810 671 132 36 frågan
973 680 57 21 om
1058 670 112 36 årligt
1200 669 194 32 understöd
1423 670 37 30 åt
1490 669 117 30 änkan

105 723 226 33 Westerman
356 724 150 31 föremål
530 724 57 30 för
609 722 220 37 behandling
853 732 47 21 av
924 721 73 32 dels
1020 722 78 31 1930
1122 723 59 29 års
1205 720 147 37 riksdag
1375 721 12 30 i
1414 720 194 36 anledning

104 786 48 22 av
176 786 44 21 en
244 777 89 30 utav
358 774 135 37 Kungl.
517 774 111 37 Maj:t
654 775 12 30 i
692 774 222 36 proposition
942 783 43 20 nr
1011 773 58 30 236
1095 772 105 37 gjord
1226 771 280 37 framställning,
1533 771 76 31 dels

104 828 66 31 ock
214 828 79 31 1932
337 828 60 31 års
419 826 147 37 riksdag
588 826 12 31 i
624 825 194 37 anledning
844 835 47 21 av
913 835 44 20 en
981 825 87 30 utav
1090 824 83 31 herr
1196 823 202 36 Lundquist
1420 823 12 30 i
1455 822 154 31 Rotebro

105 880 110 31 väckt
239 879 136 31 motion
399 877 53 33 IT:
467 878 67 31 129.

146 931 114 36 Ingen
291 941 46 20 av
365 930 101 31 dessa
498 928 314 37 framställningar
842 926 207 32 föranledde
1079 928 119 35 någon
1227 926 212 37 riksdagens
1470 925 139 37 åtgärd.

104 980 267 39 Motiveringen
396 982 56 30 för
475 980 212 37 riksdagens
710 979 223 37 ståndpunkt
957 987 138 28 angavs
1117 978 12 31 i
1153 978 78 31 1930
1253 978 60 31 års
1335 977 274 31 bankoutskotts

108 1033 188 32 utlåtande
313 1044 43 20 nr
374 1033 48 37 32,
439 1032 161 37 punkten
617 1032 27 37 9,
662 1033 47 36 på
729 1032 12 30 i
759 1030 190 32 huvudsak
968 1030 160 36 följande
1146 1030 86 31 sätt:

148 1084 260 37 Pensionering
434 1084 80 31 med
541 1083 207 31 statsmedel
775 1092 46 21 av
849 1081 244 32 efterlevande
1121 1081 57 31 till
1209 1081 219 36 tjänstemän
1454 1079 63 31 vid
1544 1080 68 30 sta-

107 1138 79 30 tens
205 1135 387 38 järnvägsbyggnader
616 1134 91 32 hade
728 1133 130 33 dittills
879 1133 229 31 förekommit
1129 1132 125 31 endast
1275 1132 12 30 i
1307 1131 149 31 enstaka
1476 1130 135 32 undan-

109 1188 160 37 tagsfall.
312 1186 251 37 Anledningen
589 1186 57 31 till
671 1186 115 31 denna
808 1185 126 36 praxis
957 1184 90 31 hade
1072 1184 106 36 varit,
1205 1184 54 30 att
1283 1182 157 32 nämnda
1465 1182 147 36 tjänste-

107 1242 86 29 män
219 1240 12 30 i
260 1239 93 32 form
379 1249 46 21 av
451 1239 110 36 högre
587 1237 173 37 avlöning
787 1239 47 28 än
860 1235 252 32 motsvarande
1139 1235 220 36 tjänstemän
1385 1233 63 32 vid
1477 1234 135 31 statens

112 1290 223 32 trafikerade
358 1290 200 37 järnvägar
584 1289 138 36 åtnjöte
746 1288 203 36 ersättning
977 1287 56 31 för
1058 1288 53 30 att
1135 1286 42 32 de
1201 1286 32 37 ej
1260 1285 89 38 ägde
1375 1284 241 37 medlemskap

112 1345 10 29 i
146 1343 137 31 statens
306 1342 218 37 järnvägars
545 1341 105 31 änke-
673 1341 65 30 och
759 1339 225 37 pupillkassa
1006 1339 65 30 och
1092 1338 210 36 därigenom
1324 1337 90 31 satts
1435 1337 12 30 i
1470 1335 146 32 tillfälle

111 1395 55 31 att
188 1393 218 37 exempelvis
431 1401 125 28 genom
579 1392 253 36 försäkringar
854 1390 140 37 skydda
1017 1390 78 31 sina
1119 1388 252 32 efterlevande.
1420 1387 195 36 Undantag

109 1445 84 31 från
214 1444 239 32 omförmälda
469 1444 124 36 praxis
609 1443 109 31 borde
736 1442 126 31 endast
885 1442 61 31 ske
967 1442 56 30 för
1042 1441 135 31 sådana
1197 1440 76 37 fall,
1293 1440 65 31 där
1377 1439 147 31 särskilt
1542 1441 71 29 öm-

106 1496 130 31 mande
288 1495 305 37 omständigheter
644 1493 169 37 förelåge.
865 1492 83 32 Med
999 1493 142 36 hänsyn
1169 1491 58 32 till
1257 1492 54 30 att
1341 1491 66 31 den
1439 1490 171 35 avlöning

108 1546 225 33 Westerman
361 1546 173 37 uppburit
561 1546 65 30 och
653 1545 122 31 vilken
802 1544 115 31 under
945 1544 41 32 de
1013 1544 138 30 senaste
1180 1544 86 29 åren
1294 1552 46 21 av
1366 1542 90 31 hans
1484 1541 126 36 tjänst-

109 1599 131 37 göring
262 1598 141 37 utgjort
423 1597 108 36 12,270
551 1597 143 36 kronor,
715 1597 81 31 bort
816 1596 110 31 räcka
946 1595 57 31 till
1026 1595 55 30 för
1105 1595 51 30 ett
1176 1592 335 33 tillfredsställande
1535 1592 78 31 ord-

107 1650 118 32 nande
253 1660 46 21 av
328 1649 138 32 änkans
494 1648 234 37 försörjning,
756 1647 119 32 kunde
905 1646 135 32 sådana
1068 1645 306 37 omständigheter
1403 1644 77 31 icke
1510 1653 102 21 anses

106 1711 91 23 vara
223 1701 200 32 förhanden
446 1701 12 31 i
487 1710 48 22 nu
560 1699 237 32 förevarande
824 1698 76 32 fall.
947 1697 214 36 Beviljande
1186 1707 47 20 av
1259 1695 195 33 understöd
1479 1696 12 30 i
1516 1695 99 31 detta

109 1753 66 32 fall
196 1753 115 31 skulle
332 1753 62 32 vid
414 1762 49 21 nu
483 1752 159 37 angivna
664 1750 253 32 förhållanden
938 1749 173 31 innebära
1131 1750 51 30 ett
1202 1747 229 38 uppgivande
1453 1758 46 20 av
1519 1756 92 21 ovan

106 1804 153 31 berörda
287 1803 228 38 principiella
542 1802 223 36 ståndpunkt
792 1802 64 31 och
885 1800 151 32 sålunda
1063 1801 123 30 kunna
1215 1799 162 31 medföra
1404 1797 207 38 vittgående

106 1856 273 31 konsekvenser.

148 1956 363 37 Omständigheterna
533 1957 11 29 i
570 1956 98 30 detta
692 1955 129 31 ärende
847 1965 109 26 synas
980 1963 148 21 numera
1150 1953 79 31 med
1253 1952 172 31 avseende
1449 1953 20 29 å
1493 1952 119 30 änkan

107 2007 244 32 Westermans
373 2008 228 30 ekonomiska
627 2006 174 37 ställning
825 2016 89 21 vara
936 2005 144 36 sådana,
1104 2006 54 29 att
1181 2006 50 29 ett
1254 2004 138 30 mindre
1416 2003 111 35 årligt
1549 2012 63 21 un-

105 2059 146 32 derstöd
277 2059 99 31 torde
398 2059 122 31 kunna
542 2058 155 36 beviljas
719 2059 87 30 utan
829 2056 230 37 uppgivande
1082 2066 45 20 av
1151 2056 66 30 den
1242 2054 227 37 principiella
1492 2053 119 32 stånd-

106 2111 127 37 punkt,
253 2121 75 20 som
346 2110 192 36 riksdagen
558 2110 155 35 tidigare
733 2109 134 36 intagit
886 2108 62 31 vid
966 2107 219 36 behandling
1205 2117 46 21 av
1270 2106 97 31 detta
1386 2106 64 31 och
1473 2106 138 30 liknan-

106 2162 43 32 de
172 2162 155 31 ärenden
350 2162 65 31 och
439 2172 75 20 som
536 2161 175 31 utskottet
733 2161 56 30 för
812 2161 55 30 sin
890 2160 56 31 del
969 2159 158 36 alltjämt
1151 2158 187 31 vidhåller.
1386 2157 72 31 Vid
1483 2157 129 31 sådant

109 2213 227 31 förhållande
355 2214 63 30 och
438 2213 44 30 då
502 2212 224 31 Westerman
746 2212 96 30 varit
861 2211 11 30 i
893 2212 136 29 statens
1048 2211 114 35 tjänst
1180 2210 11 30 i
1213 2209 109 37 drygt
1343 2211 37 28 41
1403 2210 49 29 år,
1473 2209 66 30 har
1557 2210 54 29 ut-

107 2265 134 30 skottet
259 2265 117 30 ansett
394 2264 54 35 sig
465 2264 122 30 kunna
608 2263 194 36 tillstyrka,
822 2263 54 30 att
895 2272 42 20 en
956 2261 94 36 årlig
1068 2261 158 36 pension,
1246 2260 212 36 förslagsvis
1479 2260 56 31 till
1556 2260 56 30 be-

108 2314 83 37 lopp
211 2325 46 20 av
274 2315 58 30 600
347 2314 141 35 kronor,
507 2313 154 36 beviljas
679 2314 119 30 änkan
816 2312 222 31 Westerman
1062 2312 81 30 från
1160 2312 64 30 och
1243 2311 78 30 med
1343 2311 63 31 den
1431 2312 16 28 1
1466 2311 144 35 januari

108 2366 87 33 1933.

149 2469 51 31 På
220 2468 116 36 grund
357 2479 45 20 av
421 2468 58 31 det
498 2467 153 31 anförda
672 2467 205 31 hemställer
897 2466 182 34 utskottet,

1671 1947 139 24 Utskottet.
