1924 2844
112 1225 135 23 Utskottet.

340 190 18 28 4
707 188 317 31 Bankoutskottets
1048 186 188 31 utlåtande
1261 186 52 31 Nr
1340 185 52 30 36.

298 265 188 37 Ryssland.
510 266 69 30 För
603 266 67 30 den
693 265 172 35 egendom
886 264 157 36 Kleberg
1067 263 180 32 förlorade
1270 263 11 30 i
1305 262 181 37 Ryssland
1506 262 66 30 har
1595 260 204 36 ersättning

299 310 122 30 därför
448 309 32 36 ej
509 310 128 35 utgått.
686 308 135 31 Vidare
848 308 65 30 har
941 307 120 31 änkan
1086 306 157 36 Kleberg
1271 306 146 30 erhållit
1443 305 108 36 10,000
1576 305 141 35 kronor,
1745 307 53 27 ut-

298 352 155 37 görande
476 352 55 31 för
556 352 156 35 Kleberg
736 350 155 32 utfallen
914 349 261 36 livförsäkring
1200 351 22 29 å
1246 359 43 21 en
1315 359 44 20 av
1384 348 160 31 Svenska
1569 348 87 31 röda
1679 347 118 30 korset

298 396 55 31 för
382 396 77 31 dess
488 396 179 35 delegater
697 397 108 33 tagen
833 393 172 32 kollektiv
1035 393 217 35 försäkring.
1301 392 189 30 Dessutom
1519 391 65 31 har
1614 391 71 30 hon
1713 391 85 30 från

297 439 159 31 Svenska
478 439 87 31 röda
587 438 119 30 korset
727 437 146 31 erhållit
895 447 44 20 en
962 435 201 37 ersättning
1187 446 46 20 av
1255 435 90 36 5,700
1365 435 140 35 kronor,
1528 434 120 30 vilken
1671 435 126 29 ersätt-

296 482 97 36 ning,
418 482 113 36 enligt
554 482 70 31 vad
648 481 257 30 statskontoret
930 480 113 31 under
1068 479 97 31 hand
1190 478 191 35 inhämtat,
1406 477 171 31 utbetalts
1603 477 110 31 sedan
1739 477 58 30 det

298 526 60 30 vid
384 525 193 36 utredning
605 524 94 31 visat
725 523 65 37 sig,
818 525 52 29 att
897 522 211 37 ingenjören
1135 521 156 36 Kleberg
1320 521 60 31 vid
1406 521 57 31 sin
1489 521 68 31 död
1581 521 91 30 hade
1700 520 97 30 inne-

297 568 145 32 stående
469 568 179 35 avlöning.

337 612 17 30 I
379 611 194 36 anledning
598 621 45 20 av
669 611 67 30 den
761 620 48 20 nu
835 609 129 31 väckta
987 609 132 36 frågan
1143 618 57 21 om
1224 607 111 36 årligt
1361 607 194 31 understöd
1580 608 36 30 åt
1642 606 155 31 änkefru

296 655 156 36 Kleberg
480 655 57 30 får
563 654 257 31 statskontoret
846 652 204 36 framhålla,
1077 653 55 30 att
1157 651 130 31 sådant
1313 650 194 31 understöd
1533 649 169 36 beviljats
1727 649 70 31 för-

297 699 121 30 äldrar
447 698 91 30 efter
568 697 188 31 omkomna
785 695 360 36 befattningshavare
1174 694 12 30 i
1216 695 137 29 statens
1383 693 113 36 tjänst
1526 693 126 31 endast
1683 693 113 31 under

297 741 273 35 förutsättning,
596 741 52 30 att
677 740 41 31 de
745 739 97 31 varit
868 739 12 30 i
907 738 206 31 behövande
1137 736 307 37 omständigheter
1470 737 93 30 samt
1589 737 54 30 att
1671 736 41 31 de
1740 736 56 30 för

296 785 56 30 sin
376 783 221 37 försörjning
620 783 96 31 varit
741 782 172 31 beroende
937 791 46 21 av
1007 782 68 30 den
1099 780 186 31 omkomne
1310 788 117 22 sonen.
1472 779 216 36 Ingenjören
1714 778 82 31 Kle-

296 828 85 35 berg
407 837 64 21 var
497 827 33 36 ej
557 825 360 37 befattningshavare
943 825 13 30 i
981 825 135 30 statens
1141 823 130 36 tjänst;
1298 824 65 30 och
1389 823 116 31 denna
1530 822 267 36 omständighet

296 870 114 32 skulle
428 870 80 31 med
525 870 140 35 hänsyn
682 869 58 30 till
756 868 353 36 omständigheterna
1128 867 61 31 vid
1206 867 91 30 hans
1316 866 68 31 död
1401 866 13 30 i
1431 866 65 31 och
1516 866 55 30 för
1589 866 55 35 sig
1663 865 133 31 kanske

296 914 77 31 icke
401 914 130 35 utgöra
559 913 127 31 hinder
716 913 55 30 för
803 911 202 36 beviljande
1031 921 46 20 av
1107 909 195 32 understöd
1331 910 37 30 åt
1396 909 90 31 hans
1515 909 130 35 moder,
1676 909 120 30 därest

296 957 146 31 särskilt
469 956 187 31 ömmande
682 954 305 36 omständigheter
1016 954 168 35 förelåge.
1213 952 212 31 Emellertid
1452 951 160 37 åtnjuter
1641 951 155 32 änkefru

296 1000 156 35 Kleberg
478 998 249 37 majorsänkas
756 998 156 36 pension,
940 997 65 31 och
1033 997 59 31 det
1119 999 40 28 är
1186 996 33 36 ej
1249 995 104 36 visat,
1379 997 53 29 att
1460 995 71 31 hon
1557 995 55 31 för
1641 995 57 31 sin
1726 995 70 31 för-

295 1043 163 36 sörjning
480 1043 96 31 varit
597 1042 174 30 beroende
793 1051 46 20 av
860 1041 56 30 sin
936 1040 144 31 avlidne
1103 1049 71 21 son.
1217 1039 52 31 På
1292 1039 118 35 grund
1431 1038 114 31 härav
1568 1038 71 30 kan
1662 1038 135 36 ifråga-

295 1088 123 34 sättas,
440 1085 182 32 huruvida
645 1085 12 30 i
681 1085 98 31 detta
802 1084 65 30 fall
890 1083 194 36 föreligger
1107 1081 199 37 tillräcklig
1328 1081 194 36 anledning
1546 1081 54 31 för
1622 1080 174 36 beviljan-

297 1130 41 31 de
361 1140 45 20 av
427 1130 50 30 ett
500 1129 110 35 årligt
633 1127 204 32 understöd.

334 1223 129 31 Därest
495 1223 68 31 den
594 1222 248 35 föreliggande
874 1221 133 35 frågan
1038 1220 114 31 skulle
1184 1220 168 31 bedömas
1383 1218 227 32 uteslutande
1641 1218 85 30 från
1755 1217 42 31 de

294 1274 232 37 synpunkter,
552 1273 99 31 vilka
678 1274 110 35 pläga
814 1273 126 35 läggas
966 1272 59 31 till
1051 1272 118 36 grund
1196 1272 56 30 för
1278 1271 179 37 prövning
1484 1281 45 20 av
1556 1270 158 31 ärenden
1740 1277 57 23 om

295 1326 193 31 understöd
515 1326 38 30 åt
580 1324 245 32 efterlevande
852 1323 58 32 till
936 1322 362 37 befattningshavare
1326 1323 12 30 i
1366 1323 135 30 statens
1529 1321 124 36 tjänst,
1682 1320 115 32 skulle

294 1377 113 36 enligt
421 1377 191 31 utskottets
628 1376 145 36 mening
791 1376 115 30 beslut
923 1385 58 21 om
998 1375 110 36 årligt
1126 1374 195 32 understöd
1338 1375 37 30 åt
1393 1373 210 36 ingenjören
1620 1372 176 37 Klebergs

295 1429 119 32 moder
440 1429 179 36 knappast
645 1428 124 31 kunna
795 1426 274 37 ifrågakomma.
1117 1425 213 32 Emellertid
1357 1426 100 31 torde
1484 1426 12 30 i
1524 1425 98 31 detta
1652 1425 66 30 fall
1745 1425 50 30 ett

294 1483 111 29 annat
427 1480 289 31 betraktelsesätt
740 1480 124 30 kunna
886 1479 194 30 försvaras.
1125 1478 58 30 Av
1206 1477 113 32 under
1344 1477 97 31 hand
1464 1477 163 31 erhållna
1652 1476 144 37 upplys-

295 1533 129 36 ningar
458 1532 151 31 rörande
643 1531 70 31 vad
746 1541 75 21 som
853 1530 228 31 förekommit
1114 1530 12 30 i
1159 1529 176 31 samband
1366 1529 80 31 med
1475 1528 176 36 Klebergs
1682 1528 69 31 död
1784 1528 12 30 i

294 1584 199 32 Taschkent
515 1585 40 29 år
576 1583 76 31 1918
675 1582 64 31 vill
761 1583 58 31 det
840 1581 178 36 förefalla,
1040 1591 74 21 som
1136 1591 56 21 om
1210 1581 67 31 här
1300 1580 157 36 förelåge
1479 1580 316 36 omständigheter,

295 1635 98 31 vilka
421 1635 172 36 möjligen
623 1635 119 30 kunde
774 1634 176 31 motivera
981 1633 130 36 åtgärd
1143 1633 85 30 från
1259 1634 136 29 statens
1427 1632 79 31 sida
1538 1632 56 31 för
1626 1632 169 31 beredan-

294 1688 42 30 de
361 1697 45 21 av
431 1696 44 22 en
499 1686 202 35 ersättning
727 1687 38 30 åt
790 1685 175 36 Klebergs
989 1685 121 31 moder
1136 1684 12 31 i
1174 1684 196 36 anledning
1395 1694 44 21 av
1466 1684 68 31 den
1558 1684 141 35 förlust,
1725 1684 70 30 hon

293 1738 82 32 lidit
398 1747 126 28 genom
545 1747 125 22 sonens
693 1737 187 36 bortgång.
925 1736 18 32 I
964 1736 138 32 saknad
1122 1746 46 21 av
1188 1746 44 20 en
1253 1736 13 31 i
1288 1735 169 31 officiellt
1479 1735 199 37 godtagbar
1702 1736 93 30 form

293 1790 146 32 lämnad
461 1790 153 31 relation
636 1789 155 31 rörande
815 1788 354 36 omständigheterna
1191 1788 13 30 i
1227 1787 175 32 samband
1423 1788 81 31 med
1527 1787 175 36 Klebergs
1727 1786 69 32 död

294 1843 65 30 har
382 1842 174 31 utskottet
580 1840 200 32 emellertid
803 1840 117 31 ansett
943 1840 56 36 sig
1022 1839 78 32 icke
1123 1839 124 31 kunna
1269 1839 48 37 på
1340 1839 180 36 grundval
1543 1849 45 21 av
1613 1839 68 32 den
1704 1839 90 31 före-

293 1893 170 37 liggande
487 1893 181 31 motionen
693 1894 87 34 taga
805 1891 223 37 ståndpunkt
1055 1891 57 31 till
1138 1891 133 36 frågan
1296 1901 58 21 om
1378 1890 204 37 beviljande
1610 1902 45 20 av
1683 1890 111 36 årligt

293 1945 195 31 understöd
507 1945 37 31 åt
567 1944 154 31 änkefru
744 1943 166 36 Kleberg.
953 1943 127 36 Enligt
1102 1943 193 31 utskottets
1317 1942 144 37 mening
1483 1943 63 31 bör
1569 1943 59 31 det
1650 1942 144 31 ankom-

292 2006 58 21 ma
371 1996 46 37 på
440 1996 134 36 Kungl.
596 1995 111 36 Maj:t
730 1996 54 30 att
805 1995 13 30 i
841 1995 114 31 första
978 1995 97 31 hand
1095 1996 113 35 pröva
1231 1994 117 32 denna
1372 1994 119 36 fråga;
1516 1994 65 31 och
1604 1994 111 32 såvitt
1739 1995 54 29 ut-

292 2048 132 31 skottet
445 2048 66 30 har
533 2047 55 37 sig
609 2047 133 31 bekant
763 2047 100 31 torde
883 2046 190 36 möjlighet
1095 2046 77 30 icke
1194 2045 133 32 saknas
1348 2046 54 31 att
1424 2045 138 31 erhålla
1584 2046 41 31 de
1649 2045 144 37 upplys-

292 2099 141 36 ningar,
455 2109 76 21 som
550 2099 183 31 erfordras
755 2098 56 31 för
833 2099 50 31 ett
906 2097 86 32 fullt
1014 2097 232 37 tillförlitligt
1269 2097 218 31 bedömande
1508 2107 45 21 av
1576 2098 218 36 omständig-

293 2151 148 31 heterna
461 2151 64 32 vid
545 2151 176 35 Klebergs
743 2149 187 37 bortgång.

333 2202 18 32 I
375 2203 150 35 frågans
549 2202 211 31 nuvarande
783 2201 80 37 läge
888 2201 206 31 hemställer
1119 2201 184 36 utskottet,

727 2288 55 30 att
812 2286 236 32 förevarande
1077 2287 135 31 motion
1242 2287 125 31 IT:351
1397 2287 77 32 icke
1504 2289 57 29 må
1591 2287 56 31 till
1678 2288 119 34 någon

693 2339 211 35 riksdagens
930 2338 132 36 åtgärd
1088 2337 197 32 föranleda.
