2242 2614
391 208 42 31 30
885 206 260 32 Statsutskottets
1167 205 168 33 utlåtande
1357 205 54 31 Nr
1432 207 72 29 171.

890 299 40 31 B.
975 298 71 33 För
1068 285 189 53 kvinnliga
1278 297 230 42 tjänstemän.

587 389 59 60 dä
692 388 46 67 08
758 383 20 76 |
786 405 183 33 Tjänstledig-
982 383 19 76 |
1020 387 154 67 onlgt
1124 383 20 76 9
1162 383 15 76 &
1195 383 20 76 |
1223 404 182 33 Tänstledig-
1418 368 191 137 ER
1656 403 182 33 Tjänstledig-

613 458 57 25 avd.
689 458 23 25 B
798 448 163 32 hetsavdrag
1045 456 58 26 avd.
1123 456 23 26 B
1233 443 161 43 hetsavdrag
1478 456 58 27 avd.
1558 457 22 25 B
1669 446 161 33 hetsavdrag

645 544 37 17 nr,
828 536 38 25 kr,
925 516 55 60 öre.
1079 543 40 17 nr.
1263 531 37 38 kr.
1359 516 56 58 före.
1514 543 37 16 nr.
1696 535 38 24 kr.
1801 535 48 22 öre,

768 587 3 33 |

663 639 15 25 1
872 652 31 3 —
941 637 33 26 190
1098 640 14 23 7
1325 638 14 25 1
1377 637 33 26 150
1516 636 32 26 13
1757 636 16 25 2
1810 635 34 27 140

551 726 2 11 |
663 691 16 25 2
890 690 83 25 11—
1097 689 17 26 8
1325 688 85 26 1165
1515 688 33 26 14
1757 687 16 25 2
1810 680 48 51 160
1845 676 15 59 |

551 741 1 12 |
662 741 16 26 3
890 742 14 24 1
942 740 33 26 10
1098 740 15 26 9
1325 741 13 25 1
1376 740 33 26 180
1516 740 31 26 15
1758 739 15 25 2
1809 739 34 26 180

662 793 16 25 4
890 793 14 25 1
942 792 33 25 120
1081 792 33 26 10
1325 791 84 26 1/95
1516 790 32 27 16
1757 790 16 26 3
1811 805 31 3 |—

662 844 16 26 5
891 845 13 24 1
942 843 33 26 30
1082 844 31 25 11
1324 844 16 25 2
1378 843 32 26 110
1516 842 31 26 17
1640 863 1 19 |
1757 842 16 26 3
1810 842 33 26 25

664 897 15 25 6
769 903 3 25 I
891 896 84 25 1/40
1082 895 32 25 12
1324 895 16 26 2
1376 894 34 26 125
1516 894 32 26 18
1639 885 3 41 |
1757 894 16 26 3
1810 894 34 26 50

499 968 34 34 2.
589 965 80 36 Har
709 964 229 49 tjänsteman
979 964 157 36 skadats
1179 964 56 36 till
1276 964 94 49 följd
1401 977 46 23 av
1475 963 200 49 olycksfall
1702 963 11 36 i
1742 963 167 49 tjänsten
1937 963 70 37 och

394 1018 222 49 därigenom
659 1017 109 36 blivit
809 1016 161 36 hindrad
1003 1021 56 31 att
1088 1017 217 48 tjänstgöra
1332 1018 20 34 å
1381 1029 96 36 egen
1505 1015 90 36 eller
1624 1028 123 23 annan
1776 1015 230 49 befattning,

394 1070 96 36 skall
519 1069 90 36 han:

499 1121 35 47 a)
565 1134 61 23 om
669 1119 236 49 olycksfallet
946 1118 165 37 medfört
1153 1119 187 49 sjukdom,
1375 1119 146 49 åtnjuta
1549 1117 209 37 oavkortad
1787 1118 64 36 lön
1875 1118 131 49 jämte,

394 1173 11 36 i
435 1171 309 38 förekommande
774 1171 78 42 fall,
881 1171 310 48 kallortstillägg,
1222 1173 40 34 så
1290 1172 113 47 länge
1431 1170 227 49 sjukdomen
1686 1183 120 34 varar,
1836 1175 98 31 samt

499 1223 38 50 b)
566 1237 59 23 om
666 1223 251 49 olycksfallet,
948 1222 94 37 efter
1069 1222 248 49 upphörande
1346 1235 48 23 av
1422 1222 116 36 därav
1567 1221 222 37 förorsakad
1818 1221 188 49 sjukdom,

395 1276 164 36 medfört
599 1275 122 36 under
761 1275 133 47 längre
935 1274 89 36 eller
1065 1275 150 35 kortare
1256 1274 52 36 tid
1336 1273 204 37 bestående
1569 1273 133 37 förlust
1731 1286 46 23 av
1806 1273 202 37 arbetsför-

395 1331 151 45 mågan,
575 1327 121 37 under
722 1326 104 36 tiden
854 1325 179 37 likaledes
1063 1326 147 49 åtnjuta
1226 1325 207 37 oavkortad
1448 1325 64 36 lön
1523 1325 485 48 jämte,
1677 1321 16 59 i
1711 1325 297 48 förekommande

395 1380 78 47 fall,
516 1379 309 48 kallortstillägg,
870 1377 96 37 dock
1006 1377 117 49 högst
1164 1377 97 37 intill
1303 1377 85 36 dess
1430 1390 66 23 sex
1528 1376 178 37 månader
1734 1377 161 36 förflutit
1926 1377 82 36 från

397 1431 126 48 dagen
552 1431 60 36 för
640 1429 248 49 olycksfallet,
918 1442 86 23 men
1032 1430 98 35 skall
1159 1429 306 49 tjänstemannen
1495 1429 58 35 för
1582 1428 54 36 tid
1661 1428 202 37 därutöver
1882 1442 47 22 av
1949 1429 59 36 sin

396 1483 63 35 lön
488 1485 108 33 avstå
623 1486 54 32 ett
704 1481 150 49 belopp,
884 1481 268 36 motsvarande
1182 1481 62 36 det
1271 1481 12 35 i
1315 1482 18 34 1
1360 1493 110 23 mom.
1493 1480 169 48 angivna
1681 1480 326 49 tjänstledighets-

396 1534 155 49 avdrag,
582 1536 42 34 så
652 1534 113 35 framt
794 1533 32 48 ej
858 1532 143 49 Kungl.
1029 1533 112 49 Maj:t
1169 1533 100 46 eller,
1298 1532 73 36 vad
1392 1535 118 46 angår
1529 1532 231 48 tjänsteman
1779 1532 227 36 tillhörande

396 1589 128 45 någon
561 1599 48 22 av
640 1587 96 33 1—7
775 1584 288 49 lönegraderna,
1102 1584 281 37 vederbörande
1419 1584 113 36 verks
1570 1584 170 48 styrelse,
1778 1584 122 36 finner
1923 1584 81 36 skäl

396 1637 190 49 medgiva,
629 1642 56 30 att
725 1636 136 36 sådant
902 1635 147 50 avdrag
1090 1636 83 36 icke
1215 1636 95 36 skall
1347 1641 74 44 äga
1455 1649 80 22 rum
1574 1636 90 36 eller
1705 1636 95 36 skall
1829 1636 66 36 ske
1923 1636 82 36 med

395 1689 107 48 lägre
530 1688 141 49 belopp
700 1693 48 31 än
775 1701 92 35 nyss
896 1692 116 43 sagts.

501 1743 34 33 3.
593 1739 218 38 OÖOavkortad
848 1740 63 35 lön
943 1740 132 49 jämte,
1114 1740 11 35 i
1164 1739 307 37 förekommande
1508 1739 78 46 fall,
1624 1739 297 48 kallortstillägg
1948 1741 60 34 må

398 1792 70 37 ock
495 1794 93 46 utgå
617 1792 56 35 till
700 1792 243 48 tjänsteman,
972 1804 81 23 som
1083 1791 204 50 förbjudits
1316 1796 55 31 att
1391 1791 214 49 tjänstgöra
1624 1791 56 35 till
1700 1790 308 37 förekommande

397 1857 47 23 av
472 1844 224 36 smittofara.
1679 1866 4 3 E

501 1897 35 34 4.
593 1894 301 37 Föreskrifterna
920 1894 12 35 i
960 1894 124 36 denna
1111 1895 184 48 paragraf
1319 1894 103 48 gälla
1449 1893 132 37 endast
1612 1894 57 36 för
1697 1893 66 48 tid,
1792 1893 99 37 intill
1911 1894 97 46 dess,

397 1947 121 49 enligt
553 1946 73 37 vad
665 1946 130 36 därom
833 1950 40 31 är
901 1945 150 37 särskilt
1080 1946 167 49 stadgat,
1276 1945 221 50 skyldighet
1524 1950 55 31 att
1608 1948 96 45 avgå
1733 1945 79 36 från
1844 1946 163 48 tjänsten

396 1999 179 36 inträder.

1154 2068 46 35 18
1230 2065 31 50 8.

501 2153 259 49 Tjänsteman,
789 2152 128 37 vilken
959 2152 175 48 beviljats
1171 2151 169 49 ledighet
1378 2164 46 23 av
1457 2165 125 22 annan
1611 2130 205 70 anledning
1844 2156 47 31 än
1919 2151 12 36 i
1962 2153 44 34 16

398 2206 72 35 och
502 2208 44 33 17
576 2204 44 49 $$
659 2205 241 36 omförmäles
929 2204 89 36 eller
1045 2208 41 31 är
1113 2203 159 36 hindrad
1301 2208 55 31 att
1384 2203 163 37 bestrida
1576 2203 58 36 sin
1663 2203 116 48 tjänst
1808 2206 49 46 på
1884 2203 124 49 grund

398 2271 47 22 av
472 2257 131 49 giltigt
645 2256 136 48 förfall,
811 2256 97 36 skall
937 2256 58 36 för
1022 2255 118 36 sådan
1170 2255 53 36 tid
1253 2268 45 23 av
1330 2255 59 36 sin
1423 2255 62 36 lön
1520 2258 108 33 avstå
1656 2260 52 31 ett
1735 2255 151 49 belopp,
1915 2260 94 31 mot-

398 2308 185 37 svarande
625 2308 63 36 det
728 2307 11 36 i
776 2310 45 34 17
857 2306 21 50 $&
914 2309 17 34 1
964 2320 111 23 mom.
1111 2307 166 48 angivna
1306 2306 472 49 tjänstledighetsavdrag,
1808 2311 98 32 samt
1935 2307 74 35 kan
