2216 2620
1822 204 16 29 vet

726 199 255 32 Statsutskottets
1005 193 173 38 utlåtande
1194 201 49 31 Nr
1268 204 67 28 171.
1798 207 26 27 2

986 305 45 34 10
1061 302 31 49 8.

346 387 30 34 1.
426 385 70 37 Vid
525 386 254 37 tillträdandet
808 401 47 22 av
884 388 183 37 ordinarie
1096 390 115 48 tjänst
1239 390 156 35 erhåller
1414 390 238 48 tjänsteman,
1672 404 86 23 vare
1778 391 59 48 sig

239 437 74 35 han
355 438 101 35 förut
491 438 185 37 innehade
713 439 116 36 sådan
865 440 116 47 tjänst
1013 441 88 35 eller
1133 441 46 48 ej,
1209 441 62 35 lön
1300 441 119 48 enligt
1453 442 121 47 lägsta
1601 443 236 36 löneklassen

240 488 57 35 för
326 488 71 36 den
426 490 192 47 lönegrad,
647 491 54 34 till
730 491 125 36 vilken
884 492 166 47 tjänsten
1087 492 79 47 hör,
1196 492 66 36 där
1290 493 32 47 ej
1354 493 279 36 föreskrifterna
1660 494 11 35 i
1702 496 58 46 11,
1791 497 45 33 12

239 539 88 36 eller
371 542 46 33 14
455 539 20 49 $
512 541 88 47 giva
635 541 205 48 anledning
881 543 56 35 till
970 543 188 36 avvikelse
1186 543 228 36 härutinnan
1443 544 88 37 eller
1559 545 140 48 Kungl.
1730 546 107 48 Maj:t

239 591 83 35 med
352 591 242 50 tillämpning
622 606 45 22 av
696 593 227 48 stadgandet
950 594 12 35 i
994 596 43 34 13
1067 593 20 49 $
1116 594 162 36 bestämt
1307 595 119 48 högre
1454 596 72 35 lön.

343 645 32 33 2.
432 643 105 36 Efter
577 649 54 31 att
671 644 98 36 hava
809 645 142 37 tillhört
990 659 46 23 en
1073 646 70 36 och
1180 659 142 23 samma
1354 647 189 36 löneklass
1571 647 116 37 under
1714 653 55 31 tre
1798 651 39 33 år

237 694 207 50 uppflyttas
485 695 302 48 tjänstemannen
825 697 56 36 till
917 702 164 32 närmast
1114 697 118 49 högre
1260 698 189 37 löneklass
1478 704 95 31 samt
1601 700 95 36 efter
1722 705 113 44 ytter-

237 746 116 48 ligare
394 752 56 31 tre
490 750 40 33 år
569 748 54 35 till
659 748 71 36 den
768 748 115 50 därpå
921 749 164 49 följande
1119 750 117 48 högre
1265 751 236 36 löneklassen
1530 751 69 36 och
1627 754 40 34 så
1694 752 140 47 vidare,

237 797 97 36 intill
372 798 83 37 dess
497 799 70 37 den
605 800 56 36 för
697 800 230 48 lönegraden
963 801 212 36 fastställda
1207 802 138 48 högsta
1378 803 236 36 löneklassen
1642 806 193 46 uppnåtts,

238 849 65 35 allt
331 852 41 33 så
400 850 112 37 framt
539 851 33 48 ej
603 857 114 31 annat
747 852 107 49 följer
882 866 47 22 av
958 853 284 36 föreskrifterna
1270 854 12 35 i
1313 856 150 34 11—14
1492 854 53 49 88.

341 904 33 33 3.
432 902 269 49 Uppflyttning
728 904 54 41 till
811 904 117 48 högre
955 905 187 36 löneklass
1171 905 84 36 sker
1281 906 63 35 vid
1366 906 192 48 ingången
1577 920 46 22 av
1642 907 193 36 kalender-

236 952 185 37 kvartalet
448 959 86 31 näst
562 954 94 36 efter
684 955 73 47 det,
786 955 120 36 under
930 956 115 36 vilket
1065 956 72 36 den
1157 956 57 36 för
1234 956 117 36 sådan
1370 958 263 48 uppflyttning
1652 959 183 48 stadgade

237 1004 241 48 tjänstetiden
506 1006 12 35 i
546 1005 71 36 den
646 1006 104 49 lägre
778 1006 238 37 löneklassen
1045 1007 254 50 tilländagått.

339 1056 17 36 I
384 1057 124 48 övrigt
535 1058 118 48 gäller
680 1061 123 34 såsom
832 1058 136 37 villkor
996 1060 59 36 för
1082 1060 247 49 tjänstemans
1357 1060 258 50 uppflyttning
1640 1062 56 36 till
1715 1062 117 50 högre

236 1108 203 37 löneklass:

339 1160 34 49 a)
411 1166 55 31 att
494 1161 74 36 han
595 1162 119 37 under
746 1163 114 36 minst
893 1163 84 49 fyra
1010 1163 217 37 femtedelar
1255 1178 47 23 av
1329 1165 74 36 den
1432 1165 207 48 tjänstetid,
1669 1179 80 23 som
1777 1180 56 23 er-

237 1212 145 37 fordras
420 1213 58 36 för
513 1214 189 37 vinnande
738 1228 46 22 av
811 1215 271 49 uppflyttning,
1112 1216 95 36 skall
1234 1216 98 36 hava
1359 1217 146 36 bestritt
1533 1218 57 35 sin
1618 1231 96 35 egen
1742 1219 91 36 eller

235 1267 48 46 på
311 1265 124 48 grund
463 1278 47 23 av
539 1266 248 36 förordnande
816 1280 123 23 annan
968 1273 142 31 statens
1131 1268 115 47 tjänst
1265 1268 90 36 eller
1375 1269 172 49 fullgjort
1567 1274 114 31 annat
1699 1270 134 36 offent-

234 1316 70 47 ligt
344 1316 186 50 uppdrag,
569 1317 95 37 dock
700 1323 55 31 att
791 1319 133 36 härvid
961 1319 82 37 icke
1076 1319 96 37 skall
1200 1320 100 36 föras
1328 1320 141 37 honom
1497 1321 55 36 till
1580 1322 71 35 last
1680 1322 71 36 den
1779 1322 54 36 tid

234 1367 74 36 han
341 1368 151 49 åtnjutit
520 1375 177 31 semester
724 1370 88 36 eller
840 1384 124 23 annan
993 1371 286 49 tjänstledighet
1306 1372 85 36 med
1420 1373 205 36 oavkortad
1653 1373 63 36 lön
1745 1374 89 36 eller

235 1419 167 49 ledighet
430 1420 58 36 för
518 1421 235 48 fullgörande
782 1435 47 23 av
857 1422 138 36 honom
1026 1423 202 49 åliggande
1256 1424 141 36 militär
1424 1425 268 48 tjänstgöring,

337 1471 37 49 b)
404 1477 53 31 att
484 1473 173 49 uppskov
684 1473 84 37 med
797 1474 306 49 uppflyttningen
1131 1475 83 37 icke
1241 1480 153 45 prövats
1422 1476 90 36 böra
1540 1482 74 43 äga
1640 1490 81 23 rum
1746 1477 86 36 med

234 1523 148 50 hänsyn
424 1524 54 36 till
520 1525 143 37 mindre
705 1526 62 36 väl
807 1526 189 37 vitsordad
1036 1527 258 49 tjänstgöring
1334 1528 120 36 under
1481 1528 72 37 den
1581 1529 66 48 tid,
1676 1529 156 48 tjänste-

234 1589 164 23 mannen
426 1576 142 37 tillhört
597 1577 71 36 den
695 1578 104 48 lägre
827 1578 251 48 löneklassen,
1109 1578 95 38 dock
1233 1585 54 31 att
1315 1580 12 35 i
1355 1580 168 49 tjänsten
1542 1580 200 49 begången
1759 1581 73 37 för-

234 1628 130 47 seelse,
407 1628 58 36 för
505 1629 125 36 vilken
673 1630 303 48 tjänstemannen
1018 1631 153 36 särskilt
1208 1631 225 49 bestraffats,
1463 1632 130 36 härvid
1621 1633 81 36 icke
1731 1634 101 36 må
1808 1624 27 60 i

234 1680 69 36 och
332 1680 59 36 för
420 1680 61 49 sig
507 1681 135 36 räknas
670 1681 140 37 honom
839 1683 56 35 till
922 1683 84 47 last,
1037 1688 98 31 samt

336 1731 33 50 c)
399 1737 55 31 att
481 1733 300 48 tjänstemannen
808 1734 82 37 icke
917 1734 115 37 redan
1060 1737 162 47 uppnått
1241 1735 72 37 den
1332 1736 269 46 levnadsålder,
1621 1736 63 37 vid
1704 1737 127 36 vilken

233 1783 85 48 han,
349 1784 119 49 enligt
495 1785 72 36 vad
596 1785 126 37 därom
752 1786 152 36 särskilt
923 1791 40 32 är
982 1787 162 49 stadgat,
1165 1787 95 37 skall
1278 1801 91 23 vara
1390 1788 154 49 skyldig
1558 1793 53 32 att
1631 1791 97 46 avgå
1749 1789 81 36 från

233 1835 178 49 tjänsten.
427 1851 3 3 :
849 1863 10 12 a

335 1887 130 37 Beslut
502 1902 60 23 om
593 1889 174 49 uppskov
799 1903 48 23 av
875 1890 218 49 anledning,
1122 1904 80 23 som
1230 1891 10 36 i
1271 1891 167 49 punkten
1466 1891 37 49 b)
1532 1897 100 44 sägs,
1661 1895 60 33 må
1748 1893 82 36 icke

232 1939 113 37 fattas
373 1945 93 31 utan
494 1946 54 31 att
575 1941 300 49 tjänstemannen
903 1943 160 36 lämnats
1092 1943 144 37 tillfälle
1263 1949 55 31 att
1346 1944 163 36 förklara
1538 1944 69 49 sig,
1637 1944 69 37 och
1734 1945 96 36 skall

232 1991 133 37 sådant
394 1992 121 37 beslut
543 2006 88 23 avse
657 1994 79 36 viss
764 1994 67 47 tid,
861 1995 115 36 minst
1004 2000 51 31 ett
1082 1995 326 37 kalenderkvartal
1436 2001 96 31 samt
1560 1996 113 49 högst
1700 2001 53 32 ett
1777 2000 50 33 år.

234 2043 71 36 Vid
332 2045 317 49 uppskovstidens
676 2048 146 46 utgång
849 2046 95 37 skall
972 2047 262 49 uppflyttning
1266 2047 79 48 ske,
1375 2061 60 23 om
1464 2048 31 49 ej
1522 2048 306 50 tjänstgöringen

231 2095 118 37 under
377 2096 164 37 nämnda
569 2097 54 36 tid
650 2098 97 48 givit
774 2098 206 49 anledning
1007 2099 55 35 till
1090 2099 154 49 förnyat
1271 2100 175 48 uppskov
1474 2100 163 36 därmed.

334 2150 33 34 4.
424 2148 80 37 Har
531 2148 224 49 tjänsteman
783 2150 85 37 med
897 2150 239 50 tillämpning
1163 2164 47 23 av
1238 2151 241 37 föreskriften
1508 2152 10 36 i
1550 2154 8 34 3
1580 2165 110 23 mom.
1708 2153 121 49 punk-

232 2205 62 30 ten
321 2199 40 49 b)
392 2200 91 36 först
510 2201 92 36 efter
628 2201 76 37 viss
732 2201 74 37 tids
834 2202 175 49 uppskov
1037 2203 108 36 blivit
1172 2203 211 49 uppflyttad
1411 2204 57 36 till
1496 2204 116 49 högre
1627 2205 201 48 löneklass,

231 2254 61 34 må
319 2252 151 37 verkets
499 2253 154 49 styrelse
681 2253 219 48 sedermera,
930 2268 60 23 om
1019 2255 94 36 hans
1142 2255 176 36 fortsatta
1346 2256 255 49 tjänstgöring
1617 2270 105 23 anses
1737 2256 93 37 böra

232 2304 192 37 föranleda
453 2304 134 49 därtill,
616 2306 128 36 kunna
772 2306 187 49 förordna,
997 2312 54 31 att
1079 2307 74 36 han
1181 2305 59 39 för
1266 2308 262 49 uppflyttning
1555 2309 56 35 till
1639 2314 47 31 än
1709 2308 120 49 högre

271 2366 119 37 Bihang
413 2367 45 29 till
480 2367 167 37 riksdagens
664 2368 147 36 protokoll
834 2369 90 28 1919.
971 2369 18 28 6
1011 2369 82 29 saml.
1139 2369 41 29 80
1202 2369 72 36 häft.
1300 2367 63 40 (Nr
1380 2367 88 41 171.)
1633 2378 91 20 183119
1768 2372 19 27 4
