1912 2822
66 257 112 24 Behovet
197 265 31 16 av

43 292 110 31 statliga
166 292 86 31 åtgär.

44 327 47 23 der
102 327 41 29 för
156 328 96 22 rederi-

83 361 129 24 rörelsens

55 395 183 31 finansiering.

316 171 18 30 2
683 172 319 34 Bankoutskottets
1030 173 187 32 utlåtande
1244 173 52 32 Nr
1323 173 52 31 33.

314 250 139 31 Statens
486 250 162 36 åtgärder
682 251 54 30 för
769 250 291 37 understödjande
1094 262 45 20 av
1172 252 311 37 sjöfartsnäringen
1513 253 98 36 hava,
1637 254 110 29 såsom
1771 254 13 29 i

270 303 253 35 propositionen
556 303 144 35 erinras,
724 303 126 30 hittills
872 303 215 36 väsentligen
1110 304 185 30 inskränkt
1317 304 53 35 sig
1394 305 55 30 till
1476 305 175 30 bildandet
1673 315 45 20 av
1741 314 43 21 en

271 353 280 36 rederilånefond,
576 355 79 30 från
678 355 120 30 vilken
826 355 181 35 möjlighet
1030 355 126 30 beretts
1180 355 118 31 redare
1320 357 51 29 att
1394 356 133 31 erhålla
1551 357 59 29 lån
1633 357 44 35 på
1699 356 86 36 jäm-

271 406 175 30 förelsevis
474 406 230 36 fördelaktiga
727 406 139 31 villkor.
912 406 151 37 Fonden,
1090 416 73 21 som
1187 407 138 31 tillkom
1349 416 122 28 genom
1495 408 112 31 beslut
1629 418 44 21 av
1698 408 84 31 1903

269 459 56 30 års
348 458 139 38 riksdag
511 459 61 31 och
597 459 150 31 därefter
770 459 95 31 ökats
888 468 122 27 genom
1034 459 111 32 beslut
1174 470 44 20 av
1242 469 117 22 senare
1376 460 192 38 riksdagar,
1584 461 202 36 disponerar

270 511 53 31 för
346 512 218 31 närvarande
586 513 49 30 ett
658 512 130 36 kapital
812 523 45 20 av
881 511 40 32 23
946 512 163 36 miljoner
1142 513 137 30 kronor.
1325 512 179 37 Därjämte
1520 514 64 30 har
1600 514 183 36 riksdagen

270 572 121 27 genom
424 565 140 29 särskilt
587 564 113 30 beslut
722 565 39 29 år
785 564 83 30 1926
894 564 53 31 för
970 564 271 36 nyanskaffning
1266 575 44 20 av
1335 567 148 34 tonnage
1506 566 278 30 tillhandahållit

269 616 241 35 Aktiebolaget
531 616 156 30 Svenska
710 616 277 30 Amerikalinien
1011 618 47 28 ett
1082 616 59 30 lån
1165 617 20 29 å
1210 617 18 29 6
1252 616 165 36 miljoner
1442 618 138 30 kronor.

312 667 51 31 På
396 667 114 36 grund
545 678 44 20 av
624 667 65 31 den
717 667 153 37 kraftiga
893 668 131 36 ökning
1056 678 45 20 av
1125 668 283 31 rederirörelsens
1432 669 253 37 kapitalbehov,
1709 679 74 21 som

269 720 104 30 blivit
395 729 42 21 en
461 719 86 36 följd
569 730 46 20 av
639 720 318 36 fartygsteknikens
973 719 199 37 fortgående
1188 720 203 36 utveckling
1410 721 62 31 och
1489 721 295 36 fartygsmateria-

269 772 73 30 lens
376 772 117 30 starka
527 772 191 36 fördyring,
753 772 92 31 hava
879 772 40 31 de
953 772 120 35 medel,
1108 782 73 21 som
1215 782 45 20 av
1290 772 185 36 riksdagen
1499 773 115 31 ställts
1635 773 58 31 till
1717 774 67 29 för-

269 823 146 36 fogande
450 824 54 30 för
537 824 161 35 utlåning
731 824 78 30 från
837 823 329 36 rederilånefonden,
1194 824 142 30 särskilt
1362 824 110 30 under
1494 824 40 30 de
1557 834 119 21 senare
1698 825 84 30 åren

268 876 120 31 endast
410 876 135 31 kunnat
567 875 179 37 tillgodose
769 885 42 22 en
834 876 100 36 ringa
957 875 54 32 del
1034 886 45 21 av
1102 876 194 35 anspråken
1318 877 45 35 på
1392 876 58 31 lån
1472 876 80 31 från
1568 876 135 37 fonden,
1721 877 61 31 och

269 929 111 32 denna
414 929 64 31 har
509 928 201 38 därigenom
738 929 136 31 alltmer
897 929 149 31 kommit
1068 930 51 30 att
1142 929 130 31 förlora
1299 929 12 30 i
1334 929 172 37 betydelse
1530 929 61 31 vid
1614 930 169 36 fyllandet

269 992 45 20 av
348 981 184 37 sjöfartens
556 982 251 36 kapitalbehov.
854 981 79 31 Med
967 981 136 37 hänsyn
1127 981 122 31 härtill
1275 982 63 30 och
1362 981 44 31 då
1429 981 56 31 det
1507 983 21 29 å
1551 982 109 31 andra
1683 982 99 31 sidan

269 1035 128 30 ansetts
419 1034 162 31 uteslutet
602 1035 53 29 att
677 1034 236 30 åstadkomma
937 1043 41 21 en
1002 1034 107 30 sådan
1131 1034 132 35 ökning
1287 1044 44 20 av
1355 1034 138 35 fonden,
1517 1036 51 29 att
1586 1034 65 31 den
1668 1034 115 31 kunde

270 1086 11 30 i
305 1086 157 36 nöjaktig
490 1086 242 35 utsträckning
755 1085 180 36 tillgodose
958 1086 234 35 lånebehovet,
1218 1086 92 30 hava
1332 1086 110 30 andra
1465 1086 161 36 åtgärder
1655 1088 129 29 ansetts

269 1148 85 20 vara
388 1138 224 36 erforderliga
636 1138 53 31 för
712 1138 181 35 lösningen
916 1147 44 21 av
984 1137 124 36 frågan
1132 1148 55 20 om
1211 1138 404 36 kapitalanskaffningen
1639 1138 56 31 till
1718 1138 67 30 här

270 1190 266 36 ifrågavarande
559 1191 240 35 näringsgren.

313 1242 120 31 Såsom
465 1245 160 28 närmare
657 1242 153 36 framgår
844 1253 45 20 av
921 1243 254 35 propositionen
1199 1243 64 30 har
1288 1243 147 30 sålunda
1459 1243 160 35 Sveriges
1641 1243 140 36 ångfar-

269 1295 403 36 tygsassuransförening
695 1305 45 20 m.
765 1295 33 30 fl.
823 1295 12 30 i
858 1304 42 21 en
924 1294 63 31 den
1012 1294 40 31 30
1076 1295 78 36 juni
1180 1295 84 30 1928
1289 1295 55 30 till
1362 1295 134 35 Kungl.
1514 1295 101 36 Maj:t
1630 1296 150 34 avgiven

268 1347 166 30 skrivelse
467 1346 199 31 omförmält
699 1347 54 30 sin
788 1346 114 31 avsikt
936 1348 51 29 att
1022 1346 93 31 bilda
1147 1347 48 30 ett
1218 1346 196 36 aktiebolag
1441 1346 77 31 med
1541 1346 163 31 ändamål
1727 1348 52 29 att

267 1399 141 31 bedriva
442 1399 202 31 lånerörelse
679 1407 122 28 genom
833 1398 184 31 lämnande
1043 1409 45 20 av
1112 1399 58 30 lån
1193 1400 72 29 mot
1287 1399 161 31 säkerhet
1471 1409 46 20 av
1542 1399 201 36 inteckning
1769 1399 14 30 i

267 1452 146 31 svenska
447 1451 125 37 fartyg.
618 1451 306 36 Förutsättningen
959 1451 121 31 härför
1113 1451 111 31 skulle
1258 1451 86 31 dock
1379 1461 86 21 vara
1498 1452 51 30 att
1578 1451 136 36 bolaget
1736 1462 44 20 av

267 1506 111 29 staten
411 1504 128 31 erhölle
572 1503 136 31 bistånd
732 1504 12 30 i
767 1504 149 36 ungefär
943 1513 133 21 samma
1099 1504 90 30 form
1213 1513 73 21 som
1309 1503 55 31 det
1387 1504 86 35 stöd,
1497 1504 110 30 vilket
1631 1504 149 30 lämnats

267 1557 92 30 vissa
382 1556 585 36 fastighetshypoteksinrättningar
992 1573 39 4 —
1056 1555 160 36 Sveriges
1239 1556 186 30 allmänna
1444 1555 259 37 hypoteksbank
1720 1556 61 31 och

267 1608 267 36 Konungariket
557 1608 159 36 Sveriges
739 1607 357 36 stadshypotekskassa
1114 1625 39 3 —
1174 1608 83 30 eller
1280 1607 77 31 med
1383 1608 109 30 andra
1516 1608 70 35 ord,
1603 1609 51 29 att
1670 1608 112 31 staten

267 1661 120 31 ställde
410 1661 56 30 till
489 1661 151 35 bolagets
664 1660 200 36 förfogande
887 1670 42 20 en
953 1660 222 37 garantifond
1199 1670 45 20 av
1270 1660 330 35 statsobligationer.

311 1713 64 31 Det
403 1713 12 30 i
443 1712 235 31 ovanberörda
710 1713 168 30 motioner
913 1712 52 30 I:3
999 1712 63 30 och
1085 1712 77 30 II:2
1187 1712 222 30 framställda
1435 1712 168 35 förslaget
1625 1712 156 30 ansluter

271 1766 52 35 sig
362 1765 12 30 i
414 1766 84 29 stort
536 1766 64 29 sett
638 1764 56 30 till
735 1764 62 30 den
837 1764 207 36 tankegång,
1078 1773 74 21 som
1195 1764 111 35 ligger
1368 1763 126 31 bakom
1532 1763 249 31 assuransföre-

270 1819 189 35 ningarnas
490 1817 144 36 förslag;
661 1817 86 31 dock
769 1818 62 35 går
854 1816 188 32 detsamma
1065 1818 40 29 ut
1127 1817 43 36 på
1194 1815 213 32 inrättandet
1430 1826 44 20 av
1498 1826 43 21 en
1564 1816 72 31 helt
1659 1816 120 35 statlig

270 1870 197 31 institution
491 1870 53 30 för
567 1869 206 36 ändamålet,
796 1870 155 30 närmast
972 1868 165 32 liknande
1164 1868 39 31 de
1230 1868 106 31 redan
1358 1868 213 31 existerande
1587 1868 194 37 fastighets-

269 1923 338 37 hypotekskassorna.

314 1975 17 31 I
362 1975 40 31 de
427 1974 192 37 yttranden,
644 1984 72 21 som
739 1974 152 36 avgivits
915 1976 81 28 över
1018 1973 633 37 ångfartygsassuransföreningarnas
1675 1972 105 31 fram-

268 2028 178 35 ställning,
480 2029 161 28 ävensom
674 2027 11 30 i
718 2036 81 27 nyss
826 2026 229 30 omförmälda
1078 2026 168 30 motioner
1269 2026 63 30 har
1355 2026 111 30 starkt
1489 2025 213 30 framhållits
1724 2025 58 30 be-

269 2081 103 30 hovet
405 2089 44 21 av
483 2079 164 31 effektiva
681 2079 61 30 och
777 2078 214 31 omedelbara
1021 2078 172 36 åtgärder,
1216 2078 204 35 varigenom
1444 2077 205 36 erforderlig
1673 2086 106 27 nyan-

267 2132 177 35 skaffning
471 2132 60 30 och
555 2130 272 37 modernisering
851 2140 45 21 av
919 2130 264 31 handelsflottan
1205 2129 113 31 kunde
1341 2132 65 34 äga
1429 2139 88 21 rum.
1573 2129 17 30 TI
1614 2128 166 31 samband

267 2184 141 31 därmed
443 2184 62 30 har
539 2183 255 31 understrukits
828 2183 65 31 den
925 2183 171 36 betydelse
1125 2182 92 31 detta
1240 2182 112 31 skulle
1375 2183 91 30 hava
1490 2182 54 31 för
1569 2182 41 31 de
1634 2182 148 30 svenska

268 2246 148 22 varvens
443 2236 168 36 ställning
635 2236 61 30 och
720 2235 377 36 konkurrensförmåga
1121 2236 175 35 gentemot
1319 2234 169 31 utlandet.
1535 2234 119 31 Såsom
1677 2235 103 35 ytter-

269 2289 109 36 ligare
411 2289 75 30 skäl
520 2288 53 30 för
604 2288 136 35 statligt
761 2287 75 31 stöd
860 2287 53 30 för
937 2287 64 31 den
1025 2287 147 30 svenska
1196 2287 168 36 sjöfarten
1388 2287 91 30 hava
1503 2286 211 31 framhållits
1737 2285 41 31 de

268 2341 224 36 svårigheter,
528 2339 142 32 varmed
705 2339 198 31 densamma
937 2339 53 30 för
1024 2339 219 31 närvarande
1266 2339 88 31 hade
1377 2340 51 29 att
1452 2339 124 35 kämpa
1599 2339 43 35 på
1665 2337 114 36 grund

269 2404 42 20 av
346 2393 64 31 den
443 2392 187 32 utländska
665 2392 267 35 konkurrensen,
968 2392 116 30 vilken
1113 2392 135 35 skärpts
1273 2400 120 27 genom
1417 2392 50 30 att
1491 2391 78 31 från
1593 2390 186 31 utländska

269 2445 341 37 statsmyndigheters
634 2444 74 31 sida
730 2444 161 37 åtgärder
913 2455 44 20 av
982 2444 243 36 mångahanda
1253 2444 74 36 slag
1351 2443 159 37 vidtagas
1532 2443 52 31 för
1601 2442 179 37 stödjande

268 2508 43 21 av
335 2497 250 32 vederbörande
609 2497 136 31 länders
768 2497 180 31 inhemska
971 2497 130 36 sjöfart.
