1890 2792
267 141 38 30 34
701 143 272 31 Statsutskottets
1000 141 174 31 utlåtande
1199 151 42 20 nr
1267 140 70 31 227.

269 230 115 36 ringar
403 238 43 21 av
468 228 111 32 skilda
599 229 72 35 slag
688 226 47 38 på
753 226 339 31 arbetsmarknaden.
1114 225 79 30 Med
1211 224 185 37 anledning
1417 224 108 30 härav
1546 222 109 31 måste
1674 223 66 30 den
1760 221 10 30 i

269 281 89 29 vissa
380 279 192 31 avseenden
595 278 261 31 effektiviseras.

313 330 193 37 Självfallet
528 331 47 35 är,
602 332 49 28 att
673 327 366 36 arbetsförmedlingen
1063 327 10 29 i
1098 325 265 37 fortsättningen
1387 325 126 31 liksom
1536 325 120 29 hittills
1682 323 87 31 skall

267 389 82 22 vara
371 384 47 27 ett
443 379 239 37 självständigt
704 379 66 30 och
795 378 169 37 opartiskt
986 385 106 28 organ
1115 378 66 29 och
1205 381 49 27 att
1277 376 76 31 dess
1378 376 167 30 karaktär
1569 385 42 20 av
1634 374 45 30 fri
1703 374 68 30 för-

270 432 151 30 medlare
448 431 66 30 och
542 430 237 35 medhjälpare
808 429 57 30 vid
889 428 177 36 lösningen
1095 438 41 20 av
1165 427 274 35 arbetsgivarnas
1468 423 303 39 rekryteringsfrå-

271 490 61 28 gor
349 482 65 30 och
435 482 275 35 arbetstagarnas
730 478 344 38 anställningsfrågor
1094 479 87 29 skall
1202 476 202 32 bibehållas.

312 532 74 30 Den
408 531 185 36 offentliga
616 529 366 36 arbetsförmedlingen
1006 530 66 29 har
1096 527 200 33 tillkommit
1317 527 44 38 på
1384 527 219 30 kommunalt
1626 526 148 30 initiativ

267 583 64 30 och
353 586 161 26 ansvaret
534 582 55 30 för
610 581 203 30 densamma
835 581 65 30 har
920 580 91 30 fram
1034 579 49 31 till
1105 579 56 31 det
1183 578 232 37 provisoriska
1438 576 276 37 förstatligandet
1736 575 39 31 år

269 634 82 29 1940
372 631 106 32 åvilat
501 632 216 36 landstingen
738 632 66 30 och
826 631 396 36 primärkommunerna.
1246 629 116 31 Staten
1386 629 65 29 har
1473 627 188 31 emellertid
1682 627 10 30 i
1716 626 57 31 sti-

266 683 110 36 gande
398 682 208 37 omfattning
627 683 133 29 lämnat
782 682 119 35 bidrag
926 681 48 30 till
995 680 234 31 kostnaderna
1250 679 55 31 för
1325 679 273 30 verksamheten.
1622 672 44 35 Är
1691 678 83 30 1939

269 733 150 37 uppgick
448 733 241 36 statsbidraget
718 732 48 31 till
795 741 73 22 mer
897 732 45 29 än
970 731 134 31 hälften
1134 740 41 20 av
1204 729 67 31 den
1301 729 262 35 sammanlagda
1592 727 181 31 kostnads-

273 794 169 22 summan.
466 784 180 36 Samtidigt
667 784 79 29 med
768 787 48 27 att
838 782 238 36 statsbidraget
1097 781 129 31 ökades
1250 780 70 31 fick
1345 783 110 27 staten
1481 780 107 29 större
1607 778 164 36 inflytan-

272 836 42 30 de
335 835 20 31 å
376 835 271 31 verksamheten.

314 887 72 29 Den
405 886 157 36 ordning,
585 894 73 21 som
679 884 45 37 på
742 883 170 37 grundval
932 893 41 20 av
996 884 82 30 1934
1099 881 55 32 års
1175 883 54 35 lag
1251 891 57 20 om
1328 880 159 36 offentlig
1509 879 265 31 arbetsförmed-

269 937 68 36 ling
363 936 216 37 tillämpades
607 935 109 31 under
742 943 119 22 senare
887 934 98 30 delen
1010 942 41 21 av
1081 932 191 36 1930-talet,
1299 941 62 20 var
1386 931 166 30 behäftad
1578 929 78 31 med
1684 929 91 30 vissa

268 988 131 29 brister.
428 987 136 31 Främst
586 987 71 30 kan
678 986 158 35 nämnas,
861 988 48 27 att
934 983 278 37 organisationen
1236 981 180 38 präglades
1442 991 44 20 av
1509 980 232 36 oenhetlighet
1764 979 11 30 i

269 1038 91 30 olika
381 1037 192 31 avseenden
595 1037 49 30 till
663 1036 89 37 följd
773 1045 42 20 av
836 1039 49 26 att
905 1034 273 31 huvudmännen
1198 1051 44 3 —
1261 1031 219 37 landstingen
1500 1031 65 30 och
1587 1030 41 30 de
1650 1030 125 36 städer,

269 1088 92 30 vilka
384 1088 31 36 ej
441 1088 135 35 deltaga
600 1087 11 30 i
636 1087 174 35 landsting
832 1103 44 3 —
898 1084 117 31 visade
1039 1088 46 27 ett
1111 1083 218 31 sinsemellan
1354 1082 175 31 skiftande
1554 1081 142 31 intresse
1721 1080 56 30 för

272 1139 273 31 verksamheten.
566 1138 73 30 Den
657 1137 136 36 statliga
811 1135 398 38 tillsynsmyndighetens
1227 1133 245 36 befogenheter
1488 1136 49 27 att
1555 1130 134 37 ingripa
1707 1130 66 30 och

273 1191 62 29 hos
371 1190 274 30 huvudmännen
684 1187 166 37 påfordra
887 1186 175 37 åtgärders
1099 1184 207 36 vidtagande
1341 1183 10 30 i
1391 1183 90 37 syfte
1517 1185 48 28 att
1601 1180 173 32 effektivi-

270 1249 73 21 sera
369 1238 368 36 arbetsförmedlingen
761 1246 92 27 voro,
880 1241 83 26 trots
990 1236 66 30 den
1081 1235 129 35 ökning
1235 1234 57 31 det
1319 1233 136 37 statliga
1480 1231 209 38 inflytandet
1714 1241 62 21 un-

269 1289 140 37 dergått,
434 1288 221 38 begränsade.
681 1289 119 30 Redan
824 1288 73 30 före
923 1287 56 30 det
1004 1286 109 30 andra
1137 1284 244 36 världskrigets
1405 1284 131 30 utbrott
1559 1282 217 36 ifrågasattes

270 1341 119 31 därför
413 1350 43 21 en
481 1340 193 37 ytterligare
700 1338 129 36 ökning
854 1347 42 21 av
924 1337 56 31 det
1006 1336 134 36 statliga
1169 1335 208 37 inflytandet
1402 1335 82 31 över
1509 1332 266 32 arbetsförmed-

269 1391 122 36 lingen.
418 1391 69 30 När
511 1390 113 31 denna
645 1389 39 31 år
709 1390 83 30 1940
816 1388 79 31 med
918 1387 217 36 tillämpning
1157 1395 42 21 av
1223 1387 99 35 lagen
1345 1394 56 21 om
1425 1383 215 38 tjänsteplikt
1662 1383 113 36 provi-

270 1442 124 30 soriskt
421 1440 139 32 ställdes
586 1440 109 31 under
721 1439 113 36 statlig
859 1438 147 36 ledning,
1032 1447 61 20 var
1118 1437 56 30 det
1199 1435 188 31 emellertid
1414 1435 42 30 de
1482 1433 170 32 särskilda
1678 1434 97 30 krav.

271 1501 73 21 som
372 1490 362 37 krigsförhållandena
761 1489 117 31 kunde
905 1488 137 31 befaras
1071 1488 144 29 komma
1243 1491 48 26 att
1319 1486 110 35 ställa,
1459 1494 74 21 som
1563 1493 82 21 voro
1674 1484 96 35 avgö:

269 1542 115 30 rande.
407 1541 121 36 Någon
551 1541 160 36 ställning
734 1544 72 32 togs
827 1540 74 30 icke
926 1539 49 30 till
997 1537 123 37 frågan
1142 1536 173 31 huruvida
1337 1534 368 36 arbetsförmedlingen
1728 1533 48 31 ef-

271 1597 48 26 ter
343 1592 206 36 återgången
576 1592 49 31 till
649 1590 146 37 fredliga
820 1589 243 31 förhållanden
1087 1587 107 31 borde
1221 1588 45 29 ha
1293 1587 209 30 karaktären
1526 1595 42 21 av
1594 1594 42 21 en
1662 1584 114 36 statlig

270 1644 80 30 eller
374 1652 42 22 en
440 1642 204 31 kommunal
669 1641 242 37 organisation,
939 1639 51 31 Då
1015 1648 144 21 numera
1185 1638 41 31 de
1252 1636 254 36 förhållanden,
1533 1645 74 21 som
1634 1635 141 30 motive-

268 1694 83 30 rade
371 1694 56 30 det
449 1692 232 38 provisoriska
701 1690 285 37 förstatligandet,
1006 1690 75 31 icke
1103 1689 117 36 längre
1240 1689 59 29 äro
1319 1687 55 31 för
1394 1686 150 38 handen,
1564 1685 108 31 måste
1695 1684 81 31 ifrå-

269 1743 197 37 gavarande
490 1742 168 39 spörsmål
682 1744 101 30 lösas.

315 1796 48 29 De
385 1795 218 35 sakkunniga
624 1795 45 30 ha
691 1792 175 36 föreslagit
889 1793 66 30 den
976 1790 188 36 lösningen,
1189 1794 49 27 att
1259 1788 367 35 arbetsförmedlingen
1648 1797 47 20 nu
1720 1787 56 30 de-

271 1846 128 31 finitivt
427 1845 219 35 förstatligas.
676 1844 66 30 Till
773 1843 76 31 stöd
877 1842 121 31 härför
1025 1842 46 29 ha
1099 1840 42 32 de
1169 1839 218 36 sakkunniga
1416 1838 176 37 åberopat,
1622 1837 154 30 förutom

271 1897 41 30 de
338 1896 228 36 olägenheter,
591 1904 74 22 som
691 1893 214 31 framträdde
929 1892 57 30 vid
1012 1891 261 36 tillämpningen
1299 1899 42 21 av
1367 1889 67 31 den
1460 1888 45 38 på
1532 1889 82 30 1934
1639 1887 56 31 års
1722 1888 55 35 lag

270 1947 178 36 grundade
471 1945 200 37 ordningen,
697 1944 11 30 i
733 1948 84 27 stort
841 1947 64 27 sett
929 1942 165 37 följande.
1121 1941 188 37 Uppgiften
1335 1949 73 21 som
1434 1940 122 29 bärare
1581 1948 41 21 av
1648 1938 128 30 arbets-

271 1996 252 37 förmedlingen
547 1996 104 36 ligger
677 1995 11 30 i
712 1994 68 31 viss
805 1993 81 31 mån
912 1993 57 31 vid
993 1992 99 31 sidan
1117 2001 42 21 av
1187 1990 234 36 landstingens
1448 1989 117 36 övriga
1590 1988 185 37 uppgifter.

272 2048 290 30 Erfarenheterna
587 2045 78 31 från
691 2045 94 31 tiden
810 2044 54 30 för
889 2044 56 30 det
971 2042 234 38 provisoriska
1230 2040 277 36 förstatligandet
1531 2040 45 29 ha
1601 2040 98 35 visat,
1728 2042 50 27 att

271 2097 366 35 arbetsförmedlingen
665 2096 77 30 bäst
768 2096 71 29 kan
865 2094 85 37 fylla
977 2093 74 31 sina
1080 2092 176 38 uppgifter
1282 2101 56 21 om
1366 2095 111 26 staten
1506 2090 93 30 leder
1627 2090 66 30 och
1721 2090 56 29 be-

270 2149 117 30 kostar
407 2148 77 30 dess
505 2147 229 30 verksamhet.
756 2146 129 30 Genom
905 2144 66 30 den
994 2143 134 36 statliga
1150 2142 181 35 ledningen
1354 2142 64 30 har
1439 2139 338 36 arbetsförmedling-

271 2209 42 20 en
333 2198 175 36 nämligen
529 2197 11 31 i
563 2197 93 36 långt
677 2197 109 30 större
808 2194 236 36 utsträckning
1066 2194 46 29 än
1133 2193 145 36 tidigare
1298 2193 134 30 kunnat
1456 2191 118 31 arbeta
1596 2189 80 32 med
1698 2190 79 30 hela

270 2247 349 33 arbetsmarknadens
641 2247 143 30 intresse
806 2246 54 30 för
881 2246 141 35 ögonen,
1047 2243 286 36 Organisationen
1356 2243 65 30 har
1442 2243 134 29 kunnat
1598 2242 101 35 göras
1722 2249 55 21 en-

270 2300 104 36 hetlig
397 2300 66 30 och
488 2298 143 30 därmed
652 2306 95 22 mera
770 2296 139 30 elastisk
933 2296 65 30 och
1021 2304 93 21 mera
1138 2294 154 30 effektiv.
1318 2293 66 30 Om
1409 2291 369 35 arbetsförmedlingen

272 2351 108 30 skulle
403 2348 117 37 återgå
545 2349 49 30 till
616 2347 204 31 kommunal
844 2345 213 36 huvudman,
1082 2354 80 21 vore
1189 2344 55 31 det
1268 2343 116 30 vidare
1409 2343 133 35 skäligt,
1569 2346 48 26 att
1642 2340 135 31 statsbi-

272 2401 118 35 draget
415 2399 123 37 höjdes
565 2400 75 29 icke
666 2397 188 37 obetydligt
879 2398 80 28 över
987 2396 67 30 den
1080 2395 143 36 tidigare
1252 2393 104 32 nivån
1384 2393 124 30 främst
1535 2391 78 31 med
1640 2392 137 35 hänsyn
