1898 2794
550 153 274 31 Statsutskottets
849 151 177 31 utlåtande
1050 160 41 21 nr
1117 149 71 30 227.
1583 139 40 32 23

162 240 50 30 De
230 239 95 31 delar
344 248 43 21 av
407 237 164 36 förslaget
592 236 50 31 till
663 235 273 38 byråindelning,
959 243 75 21 som
1054 234 78 30 icke
1149 232 138 31 särskilt
1307 230 175 37 upptagits
1502 229 48 30 till
1569 229 55 29 be-

118 289 165 37 handling
307 289 10 30 i
339 289 56 33 det
417 287 215 37 föregående,
657 286 180 31 föranleda
860 286 103 36 ingen
986 285 138 30 erinran
1146 282 78 31 från
1247 282 73 31 min
1341 282 83 30 sida.
1448 281 65 36 Jag
1536 280 88 30 före-

118 340 69 31 slår
211 339 109 36 alltså,
347 342 50 28 att
421 339 95 30 inom
543 337 472 36 arbetsmarknadsstyrelsen
1042 336 145 30 inrättas
1215 333 156 38 följande
1394 332 71 31 åtta
1490 339 135 30 perma-

114 395 104 27 nenta
240 390 136 38 byråer:

252 439 461 38 Arbetsförmedlingsbyrån

252 489 443 39 Yrkesvägledningsbyrån

253 542 339 39 Försäkringsbyrån

254 595 135 32 Sociala
409 594 111 38 byrån

254 646 175 31 Tekniska
448 643 111 39 byrån

254 696 278 39 Försvarsbyrån

254 748 232 38 Kanslibyrån

256 797 282 39 Kameralbyrån.

165 875 496 37 Arbetsmarknadsstyrelsens
685 870 295 38 befattning
906 862 72 54 med
1005 869 174 38 uppgifter
1204 879 42 21 av
1270 867 241 32 kriskaraktär
1532 866 97 32 torde

123 930 119 29 kunna
259 927 169 35 medföra,
448 928 49 28 att
514 927 88 29 även
617 924 11 30 i
648 923 97 37 fråga
765 932 57 21 om
843 922 67 32 den
929 923 226 36 permanenta
1173 920 99 31 delen
1290 929 44 21 av
1349 919 278 37 organisationen

121 978 223 40 jämkningar
364 977 9 30 i
395 975 239 37 fördelningen
657 984 42 22 av
720 973 174 31 ärendena
915 972 127 31 mellan
1062 970 172 38 byråerna
1255 971 120 30 kunna
1396 970 159 30 befinnas
1579 979 49 21 er-

122 1029 195 36 forderliga.
337 1028 65 36 Jag
423 1027 199 30 förutsätter
641 1030 49 26 att
709 1025 118 37 dylika
846 1023 224 38 jämkningar
1090 1022 98 31 skola
1209 1023 120 29 kunna
1352 1020 184 37 vidtagas.»

168 1131 14 30 I
203 1129 177 32 motionen
402 1129 45 29 II:
461 1129 61 29 477
548 1127 64 31 har
634 1125 45 38 på
702 1124 148 32 anförda
872 1124 77 30 skäl
968 1123 204 36 hemställts,
1195 1126 49 27 att
1266 1120 184 36 riksdagen
1473 1119 79 31 ville
1574 1118 55 30 be-

124 1182 90 30 sluta
241 1184 48 27 att
315 1180 10 30 i
350 1178 164 31 skrivelse
539 1177 50 31 till
616 1176 123 36 Kungl.
769 1175 102 37 Maj:t
895 1173 151 36 anhålla,
1073 1177 50 27 att
1149 1171 123 37 frågan
1298 1181 58 21 om
1385 1170 66 31 den
1477 1169 152 31 centrala

123 1228 498 38 arbetsvårdsorganisationen
641 1231 135 28 snarast
798 1225 107 31 måtte
925 1225 46 30 bli
992 1223 146 31 föremål
1160 1223 54 30 för
1236 1221 224 38 proposition.

168 1330 395 36 Chefsbefattningarna
585 1338 47 20 m.
653 1337 46 21 m.
723 1327 230 36 Redogörelse
977 1325 57 30 för
1056 1323 252 37 utredningens
1332 1322 132 35 förslag
1486 1321 66 30 och
1575 1319 55 30 för

126 1380 187 32 innehållet
335 1380 12 30 i
371 1380 42 30 de
434 1379 146 36 avgivna
602 1377 205 38 yttrandena
830 1377 66 30 har
917 1375 138 37 intagits
1078 1374 21 30 å
1120 1386 27 20 s.
1176 1374 128 29 74-—79
1327 1373 10 30 i
1362 1371 269 38 propositionen,

124 1434 66 30 och
210 1443 42 20 av
270 1432 113 30 denna
399 1430 214 36 redogörelse
629 1427 162 37 framgår,
809 1427 108 30 bland
935 1429 116 32 annat,
1069 1429 50 26 att
1135 1423 228 36 utredningen
1379 1420 186 37 föreslagit,
1583 1423 50 27 att

127 1483 49 32 till
200 1482 94 37 varje
316 1481 153 31 ledamot
490 1480 11 30 i
522 1477 474 37 arbetsmarknadsstyrelsen
1018 1476 66 30 och
1107 1475 10 30 i
1141 1473 237 37 delegationen
1401 1472 56 30 för
1482 1470 151 31 ärenden

126 1532 147 32 rörande
294 1530 452 35 arbetslöshetsförsäkring,
770 1529 89 30 dock
881 1527 76 31 icke
981 1527 50 31 till
1053 1524 337 38 generaldirektören
1414 1522 65 30 och
1502 1520 131 31 överdi-

128 1584 168 34 rektören,
320 1583 89 30 skall
432 1580 81 37 utgå
535 1580 128 31 arvode
686 1589 43 21 av
752 1581 18 28 2
785 1580 63 30 400
871 1577 193 37 respektive
1087 1577 64 29 600
1175 1576 129 29 kronor
1330 1574 55 30 för
1410 1572 38 31 år
1472 1576 90 26 samt
1585 1575 49 27 att

127 1635 235 30 ledamöterna
384 1642 43 21 av
447 1631 236 37 delegationen
704 1629 171 37 därjämte
896 1628 97 30 skola
1014 1626 136 37 åtnjuta
1175 1624 194 37 dagarvode
1392 1624 78 30 med
1493 1623 41 30 20
1557 1622 77 29 kro-

129 1694 63 21 nor
210 1684 55 31 för
282 1681 353 36 sammanträdesdag.

175 1733 265 37 Föredragande
463 1732 181 31 statsrådet
666 1731 65 30 har
754 1730 54 31 för
829 1738 86 28 egen
937 1729 52 30 del
1010 1728 117 30 anfört
1150 1726 164 39 följande.

179 1773 16 52 >»
199 1785 113 36 Enligt
331 1782 436 38 utredningsmajoritetens
787 1780 130 36 förslag
936 1780 111 30 skulle
1063 1777 237 36 befattningen
1317 1785 75 22 som
1419 1782 178 30 genera
1611 1773 24 29 1-

129 1837 216 30 direktör
375 1836 66 29 och
465 1834 80 30 chef
565 1834 56 30 för
641 1830 475 36 arbetsmarknadsstyrelsen
1138 1829 155 36 placeras
1316 1827 11 30 i
1350 1825 163 37 lönegrad
1536 1824 24 31 C
1586 1824 49 33 15,

131 1887 115 30 vilken
270 1885 165 36 lönegrad
460 1882 380 37 chefsbefattningarna
866 1881 57 31 vid
949 1878 395 39 generalpoststyrelsen,
1371 1874 263 38 telegrafstyrel-

132 1946 70 26 sen,
224 1937 78 35 väg-
320 1936 67 30 och
406 1932 464 38 vattenbyggnadsstyrelsen
890 1934 90 27 samt
998 1928 252 31 riksnämnden
1268 1927 56 30 för
1343 1925 205 32 ekonomisk
1568 1924 68 30 för-

132 1986 290 35 svarsberedskap
442 1984 148 31 tillhöra.
611 1983 65 30 Tre
692 1983 189 30 ledamöter
897 1981 46 30 ha
961 1978 188 32 emellertid
1166 1980 111 28 ansett
1294 1975 239 36 befattningen
1551 1975 86 29 böra

131 2036 169 37 uppföras
319 2035 10 30 i
350 2036 23 31 C
395 2036 38 29 12
454 2034 125 31 liksom
598 2033 147 31 flertalet
764 2028 556 40 generaldirektörsbefattningar.
1341 2026 100 32 Såväl
1460 2025 176 31 allmänna

132 2086 256 31 lönenämnden
413 2094 75 21 som
511 2084 246 31 statskontoret
783 2083 46 29 ha
852 2081 143 31 anslutit
1018 2080 49 36 sig
1090 2079 50 31 till
1164 2078 216 31 sistnämnda
1404 2076 139 35 förslag,
1568 2083 68 22 me-

133 2138 70 30 dan
226 2134 439 37 utredningsmajoritetens
691 2133 128 35 förslag
843 2131 122 30 vunnit
989 2129 200 36 anslutning
1213 2127 78 31 från
1317 2125 319 33 arbetsmarknads-

134 2186 282 31 kommissionen.

175 2237 63 34 Jag
263 2235 58 30 vill
348 2234 56 30 för
428 2234 72 30 min
526 2234 53 29 del
607 2233 238 35 understryka,
872 2235 50 25 att
948 2227 490 37 arbetsmarknadsstyrelsens
1466 2225 173 30 verksam-

132 2285 253 36 hetsuppgifter
408 2284 11 29 i
440 2285 65 29 den
528 2283 195 34 föreslagna
747 2280 260 35 utformningen
1030 2279 47 30 bli
1101 2278 49 31 till
1172 2276 252 35 omfattningen
1447 2276 65 29 och
1535 2274 105 30 fram-

134 2337 55 30 för
214 2336 61 30 allt
302 2336 51 29 till
380 2335 54 29 sin
462 2334 168 29 karaktär
657 2332 142 34 sådana,
826 2334 51 27 att
904 2330 222 36 synnerligen
1154 2331 94 27 stora
1276 2327 86 29 krav
1389 2324 110 31 måste
1525 2324 116 30 ställas

133 2386 43 38 på
201 2383 326 37 handlingskraften
552 2383 65 30 och
642 2382 218 35 dugligheten
888 2381 62 31 hos
975 2379 183 36 styrelsens
1183 2377 89 30 chef.
1298 2374 343 37 Arbetsuppgifterna

135 2437 54 30 för
210 2436 165 37 styrelsen
396 2433 109 31 måste
528 2433 148 30 förutses
700 2432 46 30 bli
768 2432 111 30 starkt
899 2429 169 31 växlande
1093 2429 60 30 allt
1174 2428 86 30 efter
1282 2427 42 31 de
1348 2425 44 38 på
1413 2425 230 30 arbetsmark-

136 2487 113 30 naden
270 2486 156 30 rådande
446 2483 280 31 förhållandena.
746 2482 118 30 Under
885 2480 165 31 kristider
1068 2479 47 30 bli
1136 2479 42 30 de
1198 2479 8 29 i
1226 2477 89 31 både
1334 2476 123 31 socialt
1477 2475 65 31 och
1564 2475 79 30 eko-
