1910 2852
495 181 419 38 Bevwvillningsutskottets
936 180 224 32 betänkande
1180 180 54 32 Nr
1257 180 51 32 30.
1567 179 39 30 29

150 261 225 37 gångsvärde
392 263 41 29 är
451 260 76 32 lika
542 261 98 36 givet
657 270 74 21 som
748 261 54 30 att
819 258 487 37 taxeringsmyndigheterna
1323 257 78 32 icke
1419 258 87 30 utan
1523 256 126 32 vidare

150 306 140 30 komma
314 305 53 30 att
391 304 157 36 godtaga
570 304 69 31 den
663 304 113 30 första
799 303 102 31 bästa
924 302 204 36 utredning.
1162 302 69 30 För
1257 301 327 36 fastighetsägaren
1608 303 41 28 är

149 349 40 35 ju
209 359 45 20 av
274 348 89 36 vikt,
383 349 54 30 att
457 346 385 37 anskaffningsvärdet
861 346 176 31 beräknas
1057 345 12 30 i
1091 345 183 35 överkant,
1293 344 210 36 varigenom
1524 343 124 37 fastig-

149 392 213 35 hetsägaren
385 391 157 30 kommer
565 390 12 30 i
600 390 213 36 åtnjutande
837 399 45 21 av
907 389 58 31 det
988 391 112 29 större
1123 389 183 35 avdraget.
1340 387 67 32 Om
1429 398 83 21 man
1534 387 114 31 likväl

149 437 159 33 antager,
335 436 54 29 att
417 433 349 32 överensstämmelse
793 433 149 31 vunnits
967 432 131 32 mellan
1126 432 267 31 vederbörande
1420 431 12 30 i
1460 432 105 35 fråga
1592 440 56 22 om

149 478 58 31 det
228 477 377 36 anskaffningsvärde,
625 478 89 30 varå
734 476 477 36 värdeminskningsavdrag
1233 475 92 32 skall
1346 475 163 36 åtnjutas
1529 475 55 31 för
1605 485 43 21 en

150 521 172 36 fastighet
339 521 217 31 tillhörande
573 520 180 32 maskiner
771 520 64 31 och
853 520 231 36 inventarier,
1103 521 39 29 så
1159 522 40 28 är
1218 519 146 31 därmed
1382 519 77 31 icke
1478 518 169 32 konflikt-

148 567 119 29 ämnet
290 564 187 32 definitivt
498 575 43 20 ur
562 564 160 31 världen.
756 564 144 31 Samma
922 563 223 36 svårigheter
1168 565 62 29 äro
1253 564 76 30 åter
1352 562 217 32 omedelbart
1592 563 56 30 för

149 608 150 35 handen,
324 612 39 27 så
387 610 101 29 snart
513 607 218 36 fastigheten
755 608 166 35 övergått
944 607 57 31 till
1026 617 48 26 ny
1099 609 117 33 ägare.
1252 606 84 31 Men
1360 607 50 31 ett
1436 606 212 37 ytterligare

148 651 358 31 irritationsmoment
530 651 116 36 ligger
671 651 12 30 i
708 651 68 31 den
797 650 260 36 noggrannhet,
1082 650 147 31 varmed
1253 650 395 36 taxeringsmyndighe-

148 696 101 29 terna
272 696 115 29 måste
410 694 98 31 hålla
531 694 54 31 sin
609 694 96 31 hand
728 696 84 29 över
836 696 54 29 att
914 694 328 35 fastighetsägaren
1264 693 77 32 icke
1366 695 21 29 å
1412 694 236 35 fastighetens

149 737 334 36 reparationskonto
503 737 223 36 tillgodofört
746 737 54 36 sig
822 738 138 35 avdrag
981 737 55 31 för
1057 737 108 36 inköp
1186 747 46 20 av
1252 737 137 31 sådana
1411 737 159 35 föremål,
1592 737 57 31 för

148 781 100 31 vilka
265 782 138 35 avdrag
423 780 91 33 skall
531 780 185 37 medgivas
735 781 11 30 i
766 781 92 30 form
876 791 46 20 av
940 780 329 36 värdeminskning.
1300 781 18 30 I
1336 780 168 36 samtliga
1524 791 48 20 nu
1592 781 54 30 be-

148 825 106 31 rörda
277 825 227 31 hänseenden
527 824 114 32 skulle
665 824 198 31 emellertid
885 824 63 31 vid
970 824 105 31 bifall
1100 824 57 31 till
1181 824 67 31 den
1273 824 204 36 föreslagna
1501 824 146 36 lagänd-

148 868 128 36 ringen
299 878 43 21 en
365 867 163 37 påtaglig
551 868 142 31 lättnad
715 868 142 30 komma
879 869 53 29 att
956 867 164 36 inträffa,
1144 867 64 31 och
1233 868 97 31 detta
1354 868 32 36 ej
1413 868 89 31 blott
1525 868 55 31 för
1605 868 42 31 de

147 911 276 36 skattskyldiga,
448 912 55 30 för
527 911 99 31 vilka
650 911 85 36 inga
760 911 224 36 svårigheter
1009 911 157 31 därefter
1190 911 138 32 komme
1353 913 54 30 att
1431 913 95 30 möta
1551 911 12 31 i
1588 922 58 21 av-

146 953 125 32 seende
292 955 21 30 å
333 954 219 36 avgivandet
572 965 47 20 av
640 955 42 31 de
702 954 197 37 uppgifter,
921 964 74 21 som
1017 954 56 31 för
1095 955 102 31 deras
1218 955 167 36 taxering
1407 955 66 31 här
1492 965 86 22 vore
1595 965 48 21 av

148 998 159 36 intresse,
328 1000 88 29 utan
437 1000 90 28 även
548 998 55 30 för
624 998 495 36 taxeringsmyndigheterna.

185 1039 58 33 Av
283 1040 231 36 majoriteten
554 1041 97 31 inom
690 1040 122 36 kungl.
855 1040 283 32 kammarrätten
1159 1041 66 31 har
1247 1041 114 37 gjorts
1383 1042 175 36 gällande,
1580 1043 63 35 att,

148 1085 119 31 därest
291 1085 68 30 den
381 1084 217 36 ifrågasatta
622 1083 264 37 lagändringen
908 1084 137 32 komme
1069 1084 57 31 till
1150 1085 114 35 stånd,
1287 1085 266 31 vederbörande
1577 1085 68 31 fas-

148 1127 243 36 tighetsägare
409 1127 57 31 till
484 1127 91 36 följd
592 1138 46 20 av
655 1127 472 36 anskaffningskostnadens
1145 1127 132 32 storlek
1296 1128 166 31 stundom
1480 1128 32 37 ej
1532 1128 115 32 skulle

148 1170 95 32 bliva
264 1171 12 30 i
296 1170 146 32 tillfälle
463 1172 53 30 att
536 1171 12 30 i
569 1170 450 36 beskattningshänseende
1040 1171 163 36 utnyttja
1223 1171 81 31 hela
1325 1172 59 31 det
1404 1172 146 36 avdrag,
1572 1182 74 21 som

147 1214 11 30 i
180 1214 236 31 förevarande
436 1214 173 31 avseende
629 1214 191 36 rätteligen
840 1214 108 31 borde
968 1214 128 31 honom
1117 1214 245 32 tillerkännas.
1412 1215 234 37 Farhågorna

147 1260 62 28 äro
232 1257 113 36 enligt
370 1257 74 31 min
468 1257 144 36 mening
637 1257 178 36 knappast
838 1258 183 36 befogade.
1056 1257 125 37 Enligt
1204 1258 71 31 vad
1300 1258 61 37 jag
1387 1259 82 30 från
1494 1259 152 32 sakkun-

148 1300 77 36 nigt
247 1299 74 32 håll
344 1300 129 32 erfarit
495 1302 119 35 uppgå
638 1301 41 31 de
702 1301 210 32 nuvarande
934 1301 240 32 kostnaderna
1198 1301 11 31 i
1232 1302 205 32 Stockholm
1460 1303 54 30 för
1537 1303 108 31 insät-

147 1343 106 32 tande
274 1343 12 31 i
307 1345 51 30 ett
379 1344 296 36 femvåningshus
696 1355 46 20 av
762 1346 50 30 ett
832 1347 82 34 nytt
935 1345 270 31 hissmaskineri
1227 1345 11 31 i
1260 1346 121 31 stället
1403 1347 54 30 för
1479 1348 50 30 ett
1550 1355 95 27 gam-

146 1387 88 31 malt
260 1386 57 32 till
344 1386 165 37 omkring
536 1388 88 35 6,000
649 1388 139 36 kronor,
816 1388 56 31 för
899 1388 204 32 insättande
1131 1389 185 32 därstädes
1342 1400 45 20 av
1414 1400 42 21 en
1484 1400 47 26 ny
1558 1391 86 31 hiss-

146 1429 87 36 korg
255 1430 12 30 i
289 1429 120 32 stället
430 1431 56 30 för
507 1440 43 21 en
571 1431 155 35 gammal
748 1431 113 31 sådan
882 1431 57 31 till
961 1432 164 36 omkring
1148 1432 87 36 1,000
1256 1433 140 31 kronor.
1428 1433 82 31 Med
1532 1435 113 30 större

145 1473 191 31 kostnader
359 1476 46 28 än
429 1474 102 30 dessa
552 1473 94 31 lärer
669 1484 43 20 en
736 1474 302 36 fastighetsägare
1061 1475 12 30 i
1097 1476 58 30 det
1177 1476 183 36 avseende,
1384 1486 74 21 som
1480 1477 65 30 här
1568 1479 40 29 är
1632 1478 13 29 i

148 1516 114 35 fråga,
281 1516 77 31 icke
378 1516 136 31 behöva
533 1517 123 30 räkna.
686 1517 53 31 Då
758 1517 200 32 emellertid
976 1518 55 30 för
1051 1528 42 21 en
1113 1518 167 31 rationell
1298 1519 131 32 skötsel
1449 1530 46 20 av
1514 1531 44 20 en
1577 1521 68 31 fas-

146 1558 113 36 tighet
278 1560 112 30 måste
409 1559 222 37 förutsättas,
650 1562 53 29 att
722 1560 201 36 utgifterna
942 1562 38 30 så
998 1560 116 36 jämnt
1133 1571 74 21 som
1226 1562 142 37 möjligt
1388 1563 156 32 fördelas
1560 1565 82 30 mel-

145 1601 60 31 lan
232 1601 41 31 de
299 1601 97 32 olika
421 1603 95 35 åren,
542 1603 95 31 lärer
663 1613 44 21 en
732 1603 310 37 fastighetsägare,
1069 1615 73 20 som
1170 1605 120 32 funnit
1316 1606 216 36 exempelvis
1558 1607 86 31 hiss-

145 1644 230 32 maskineriet
400 1645 11 30 i
436 1645 89 32 hans
549 1646 172 36 fastighet
745 1646 12 30 i
782 1647 112 31 behov
918 1658 46 20 av
988 1648 201 31 omedelbar
1215 1648 188 37 förnyelse,
1427 1650 140 31 komma
1590 1651 53 30 att

145 1687 74 31 låta
236 1688 79 31 med
334 1688 236 36 fastighetens
588 1691 112 30 större
719 1690 247 36 reparationer
984 1691 64 31 och
1067 1692 330 37 nyanskaffningar
1416 1693 12 30 i
1448 1694 118 36 övrigt
1584 1704 59 21 an-

147 1732 55 30 stå
221 1730 55 32 till
296 1741 124 22 senare
439 1733 49 30 år.
518 1732 68 32 Det
604 1743 45 21 av
667 1733 229 36 majoriteten
915 1734 126 32 tänkta
1062 1734 102 32 fallet
1183 1736 100 31 torde
1301 1736 136 32 således
1456 1737 76 32 icke
1552 1738 93 30 kom-

146 1783 58 22 ma
224 1774 53 31 att
297 1773 157 33 inträffa
473 1778 110 29 annat
603 1778 46 29 än
669 1777 12 30 i
700 1787 87 21 rena
806 1777 283 37 undantagsfall.
1121 1778 82 32 Men
1223 1781 116 30 såsom
1358 1782 50 30 ett
1428 1781 217 36 undantags-

147 1817 66 30 fall
239 1815 95 33 lärer
361 1818 78 32 icke
464 1818 123 32 kunna
612 1819 198 37 betecknas,
836 1823 54 29 att
918 1821 336 38 fastighetsägaren,
1281 1833 56 21 om
1362 1824 186 36 verkligen
1577 1825 67 31 fas-

147 1860 168 36 tigheten,
343 1861 83 31 tack
451 1872 86 21 vare
563 1862 200 36 utgifterna
791 1864 55 30 för
874 1865 237 36 anskaffning
1138 1876 45 20 av
1210 1866 222 32 inventarier
1459 1868 63 30 och
1550 1868 95 31 fasta

144 1902 189 37 maskiner,
348 1904 137 32 lämnat
501 1905 220 37 underskott,
737 1917 46 20 av
797 1917 122 21 annan
934 1907 254 32 inkomstkälla
1204 1911 46 28 än
1266 1909 220 37 fastigheten
1498 1911 79 31 haft
1590 1912 51 30 in-

146 1946 113 30 komst
282 1946 56 31 till
359 1947 136 36 belopp,
516 1957 73 21 som
611 1949 121 30 täcker
755 1949 97 31 detta
873 1950 219 36 underskott,
1114 1951 64 30 och
1199 1951 153 32 sålunda
1374 1953 69 31 blir
1465 1954 12 29 i
1500 1954 144 31 tillfälle

145 1990 53 29 att
221 1997 126 27 genom
370 1990 136 36 avdrag
530 1992 20 29 å
573 1990 222 33 sistnämnda
819 1992 155 32 inkomst
997 1993 232 36 tillgodoföra
1251 1995 54 36 sig
1331 1995 175 32 förlusten
1530 1998 20 30 å
1575 1998 68 31 fas-

146 2031 168 36 tigheten.
347 2032 51 31 De
420 2033 294 37 betänkligheter,
737 2035 228 36 majoriteten
989 2037 11 30 i
1024 2037 97 31 detta
1144 2039 174 31 avseende
1340 2040 130 35 anfört,
1494 2041 65 30 har
1582 2041 62 36 jag

146 2075 61 31 vid
230 2075 129 32 sådant
382 2075 225 33 förhållande
630 2077 77 32 icke
729 2080 117 30 ansett
869 2081 130 34 utgöra
1022 2080 157 32 bärande
1202 2081 77 31 skäl
1303 2082 55 31 för
1383 2083 124 37 avslag
1531 2086 20 29 å
1575 2095 68 20 mo-

146 2119 128 32 tionen.

186 2163 120 31 Under
330 2164 196 31 åheroende
549 2175 44 20 av
617 2165 71 31 vad
711 2165 61 35 jag
795 2165 152 32 sålunda
971 2167 120 31 anfört
1115 2167 64 31 och
1202 2169 78 30 med
1304 2169 146 31 särskilt
1475 2171 153 30 framhål

145 2206 105 31 lande
274 2217 46 19 av
344 2207 41 30 de
409 2207 186 36 praktiska
621 2207 165 37 fördelar,
812 2208 172 37 förslaget
1009 2210 208 36 innefattar,
1242 2212 57 30 får
1323 2212 61 36 jag
1410 2213 55 30 för
1489 2214 73 30 min
1588 2215 55 30 del

147 2247 193 38 tillstyrka,
358 2251 53 29 att
430 2250 66 31 den
513 2250 229 32 remitterade
758 2251 181 31 motionen
955 2253 130 30 varder
1103 2263 45 20 av
1166 2254 192 36 riksdagen
1377 2258 183 34 antagen.»

186 2293 372 31 Kammarrättsrådet
578 2293 146 32 Wåhlin
744 2295 164 30 anförde:

187 2334 85 31 »Det
298 2335 12 29 i
338 2335 67 30 den
432 2335 228 32 remitterade
687 2336 180 31 motionen
892 2337 130 31 väckta
1052 2338 172 35 förslaget
1249 2350 104 25 synes
1381 2341 95 31 inom
1503 2343 57 30 det
1589 2343 54 30 be-

147 2378 174 32 gränsade
345 2378 143 30 område
513 2379 194 30 detsamma
731 2389 104 21 avser
858 2390 89 20 vara
971 2383 110 33 ägnat
1105 2383 54 30 att
1182 2383 161 31 medföra
1367 2394 42 21 en
1434 2384 112 36 enligt
1570 2386 71 30 min

147 2420 141 35 mening
309 2421 179 30 önskvärd
508 2421 140 31 lättnad
667 2423 98 29 såväl
790 2423 54 29 för
865 2423 41 30 de
926 2423 399 38 deklarationspliktiga
1344 2437 74 20 som
1438 2430 88 28 även
1548 2429 64 30 och
1634 2430 7 29 i

145 2460 46 30 all
218 2463 193 35 synnerhet
437 2465 53 29 för
516 2464 495 38 taxeringsmyndighelerna,
1036 2467 63 30 och
1125 2467 60 36 jag
1212 2469 118 30 finner
1356 2481 43 19 ur
1425 2471 114 31 denna
1564 2483 63 25 Syn

147 2521 109 32 Bihang
276 2524 40 23 till
337 2525 166 31 riksdagens
524 2526 144 30 protokoll
691 2528 72 23 1930.
813 2529 14 23 7
846 2529 80 23 saml.
966 2530 33 23 22
1019 2530 67 30 häft.
1125 2531 53 23 (Nr
1197 2528 55 32 30.)
1596 2533 16 23 4
