1918 2854
478 173 417 38 Bevillningsutskottets
919 174 223 32 betänkande
1164 175 52 32 Nr
1240 175 52 31 30.
1549 175 42 32 17

131 249 230 37 föreningens
381 250 85 31 eller
487 250 160 37 bolagets
666 250 145 33 skulder
831 252 86 31 eller
938 252 12 30 i
970 261 121 22 annan
1112 252 94 32 form
1228 254 129 35 utgöra
1378 253 255 37 kapitalinsats

133 298 52 36 (24
221 300 8 37 $
256 300 433 37 kommunalskattelagen
715 303 79 31 med
819 300 216 33 tillhörande
1047 302 239 36 anvisningar
1297 304 249 36 punkt
1426 294 20 51 3
1461 304 77 36 samt
1559 305 38 31 25
1612 304 19 37 $

130 360 136 24 samma
290 353 59 36 lag
375 353 81 31 med
482 352 217 33 tillhörande
711 353 236 36 anvisningar
959 354 115 36 punkt
1087 354 45 36 5).
1157 354 77 33 Den
1247 356 113 31 andra
1374 356 130 36 frågan
1517 357 114 36 gäller

131 403 246 36 stadgandena
405 414 58 21 om
492 406 53 30 att
576 406 321 35 procentavdraget
929 406 55 31 för
1014 406 314 38 bostadsförening
1357 407 86 33 eller
1473 408 158 33 bostads-

130 454 204 37 aktiebolag
380 456 162 37 tillhörig
590 457 173 36 fastighet
812 456 31 37 (5
869 460 145 34 procent
1039 468 48 22 av
1112 459 314 36 taxeringsvärdet
1453 462 21 31 å
1498 460 131 32 ”annan

133 506 195 36 fastighet”)
358 507 93 32 skall
480 508 155 33 fördelas
662 509 132 32 mellan
822 510 209 36 föreningen
1059 510 88 32 eller
1173 510 141 37 bolaget
1342 514 94 30 samt
1465 512 164 32 medlem-

129 565 127 25 marna
282 558 86 33 eller
391 558 199 37 delägarna
615 560 161 38 sålunda,
801 563 53 30 att
879 561 150 33 medlem
1053 562 87 32 eller
1166 563 167 36 delägare
1357 563 272 38 tillgodonjuter

129 609 68 32 den
217 610 55 31 del
291 620 47 21 av
357 610 185 37 avdraget,
563 622 74 22 som
658 612 142 37 belöper
818 614 22 31 å
860 623 46 22 av
926 614 129 31 honom
1076 615 181 31 innehavd
1276 615 177 38 lägenhet,
1473 616 64 31 och
1558 617 70 30 för-

129 660 153 37 eningen
309 662 86 31 eller
421 662 141 37 bolaget
589 664 203 32 återstoden
821 663 51 37 (45
899 664 18 37 $
944 665 433 38 kommunalskattelagen
1403 667 80 32 med
1510 668 118 31 tillhö-

129 713 110 31 rande
263 713 238 37 anvisningar
525 716 114 35 punkt
664 714 45 37 2).
734 715 121 33 Under
878 717 196 35 påvisande
1096 717 336 37 attstadgandenai
1446 719 105 36 fråga
1563 719 65 33 lett

130 762 57 33 till
218 764 77 32 icke
326 765 168 37 åsyftade
524 766 162 37 resultat,
719 768 229 32 medförande
978 769 111 32 bland
1118 773 113 30 annat
1262 770 92 32 ökad
1383 771 245 32 skattebelast-

128 814 89 38 ning
240 816 56 31 för
317 815 98 33 vissa
437 816 140 38 företag
599 819 89 31 utan
708 820 251 32 motsvarande
981 820 142 32 lättnad
1146 821 56 31 för
1224 822 277 32 medlemmarna
1524 825 105 29 även-

129 875 76 22 som
240 867 12 30 i
288 867 98 32 vissa
412 868 64 32 fall
502 879 43 21 en
569 869 173 38 olämplig
766 871 264 37 överflyttning
1054 883 46 21 av
1124 873 256 32 skattebördan
1406 874 83 32 från
1513 876 116 35 några

126 916 230 34 medlemmar
377 920 57 32 till
457 920 123 38 andra,
604 922 165 32 förordar
790 923 351 37 centralföreningen
1163 926 174 36 återgång
1359 926 58 31 till
1438 926 69 31 den
1528 926 100 32 äldre

127 968 256 38 anordningen,
402 971 112 36 enligt
533 972 124 32 vilken
673 984 47 21 av
738 974 149 31 medlem
904 975 198 33 verkställd
1122 976 225 37 inbetalning
1364 988 46 21 av
1427 978 201 32 beskaffen-

128 1019 58 33 het
206 1022 54 30 att
281 1024 130 33 utgöra
430 1023 305 39 kapitaltillskott,
757 1036 84 21 vare
860 1027 57 36 sig
937 1028 56 30 för
1013 1029 223 35 amortering
1254 1039 46 21 av
1320 1030 195 36 företagets
1534 1030 95 32 skul-

128 1071 61 31 der
214 1072 85 32 eller
325 1073 55 32 för
406 1078 109 29 annat
541 1077 178 37 ändamål,
744 1078 75 31 icke
844 1080 131 34 ansågs
998 1080 130 35 utgöra
1153 1080 249 38 skattepliktig
1427 1082 118 32 intäkt
1572 1083 57 31 för

128 1126 175 37 företaget
332 1127 86 31 eller
446 1128 223 36 avdragsgill
698 1129 111 36 utgift
838 1130 56 31 för
922 1130 243 33 medlemmen.
1213 1132 71 31 Till
1311 1133 148 36 ledning
1488 1134 56 31 för
1572 1135 56 31 be-

125 1177 193 33 dömandet
338 1179 12 31 i
370 1180 72 31 vad
461 1180 85 30 mån
565 1190 46 21 av
630 1180 151 33 medlem
801 1181 198 33 verkställd
1018 1182 225 38 inbetalning
1262 1184 108 33 borde
1389 1195 102 22 anses
1511 1187 116 31 såsom

127 1229 116 36 dylikt
270 1229 307 38 kapitaltillskott,
605 1232 12 31 i
644 1230 44 32 de
717 1232 65 31 fall
809 1233 46 32 då
885 1234 194 36 företagets
1106 1235 242 37 räkenskaper
1375 1236 77 32 icke
1479 1237 147 31 omedel-

128 1279 81 34 bart
236 1281 90 36 gåve
352 1281 219 38 upplysning
597 1283 135 37 härom,
757 1285 151 32 föreslår
933 1286 351 37 centralföreningen
1308 1289 178 32 särskilda
1510 1289 118 37 legala

127 1332 124 34 regler.
284 1333 71 32 För
374 1334 70 32 den
463 1335 169 32 händelse
652 1336 367 37 centralföreningens
1041 1338 271 38 framställning
1332 1341 12 31 i
1364 1341 157 32 nämnda
1540 1341 87 32 hän-

127 1384 150 31 seenden
298 1395 120 21 vunne
437 1385 114 37 bifall,
572 1397 84 21 vore
678 1387 112 36 enligt
812 1389 228 36 föreningens
1061 1391 236 37 uppfattning
1316 1391 165 38 lämpligt
1504 1395 53 30 att
1577 1393 50 32 bi-

129 1434 139 33 behålla
294 1436 166 36 gällande
486 1438 116 34 regler
628 1449 57 21 om
711 1440 340 36 procentavdragets
1076 1442 206 37 fördelning
1305 1443 133 33 mellan
1463 1445 164 31 medlem-

126 1495 125 22 marna
276 1488 64 31 och
366 1487 184 36 företaget.
597 1488 357 39 Centralföreningen
978 1495 64 33 gör
1064 1493 163 32 däremot
1251 1495 107 36 ingen
1382 1496 147 31 erinran
1551 1498 74 29 mot

126 1535 186 37 principen
333 1549 56 21 om
409 1539 229 38 beskattning
660 1541 116 33 direkt
798 1543 62 32 hos
880 1543 279 33 medlemmarna
1179 1555 46 21 av
1237 1545 43 32 de
1292 1546 190 38 förmåner,
1497 1558 74 22 som
1584 1549 42 31 de

125 1588 152 36 åtnjutit
295 1590 83 31 från
396 1590 185 38 företaget,
599 1602 126 26 genom
741 1594 121 32 vilken
879 1595 203 37 anordning
1099 1597 230 31 förmånerna
1346 1598 180 33 beskattas
1543 1600 83 31 alle-

123 1641 82 29 nast
228 1651 43 21 en
295 1642 105 35 gång,
424 1642 64 31 och
511 1643 32 36 ej
567 1642 111 34 heller
700 1647 72 29 mot
795 1645 68 32 den
886 1647 284 33 skattetekniska
1192 1650 248 36 anordningen
1463 1653 52 31 att
1539 1652 86 31 hän-

125 1690 79 32 föra
226 1692 100 32 dessa
349 1692 180 33 förmåner
550 1695 11 31 i
582 1695 296 35 medlemmarnas
898 1699 95 32 hand
1015 1700 58 31 till
1093 1699 118 33 intäkt
1232 1711 46 21 av
1299 1712 120 22 annan
1442 1703 182 36 fastighet.

164 1741 90 33 Över
279 1745 157 31 nämnda
462 1746 271 38 framställning
758 1749 65 31 har
848 1750 77 31 1928
951 1751 59 31 års
1035 1751 441 40 bolagsskatteberedning
1502 1756 125 31 utlåtit

123 1795 55 36 sig
205 1795 12 30 i
243 1805 44 21 en
313 1797 67 30 den
407 1798 38 29 11
471 1798 145 32 oktober
643 1800 77 30 1929
747 1801 223 36 dagtecknad
996 1805 249 36 promemoria,
1273 1806 61 31 vid
1359 1806 120 31 vilken
1505 1807 119 36 fogats

122 1847 98 31 vissa
252 1848 136 36 förslag
421 1849 56 31 till
508 1850 264 38 författningar
805 1854 64 30 och
903 1854 433 34 deklarationsformulär.
1389 1859 125 31 Denna
1547 1870 77 26 pro-

124 1899 172 31 memoria
330 1903 93 28 samt
458 1901 183 37 förslagen
674 1904 58 30 till
766 1905 263 37 författningar
1063 1908 65 30 och
1163 1909 177 31 formulär
1375 1910 94 31 hava
1503 1911 119 36 fogats

121 1951 117 30 såsom
262 1951 122 36 bilaga
410 1952 62 31 vid
495 1955 277 34 propositionen.
818 1956 222 32 Utlåtanden
1066 1959 12 29 i
1104 1960 146 30 ärendet
1277 1961 94 30 hava
1396 1962 157 36 avgivits
1579 1974 46 20 av

122 2002 435 34 överståthållarämbetet
580 2006 65 30 och
668 2008 169 35 samtliga
860 2009 251 36 länsstyrelser
1135 2013 92 29 samt
1250 2011 292 34 kammarritten.

162 2103 18 31 I
206 2104 267 36 propositionen
499 2106 66 31 har
593 2108 215 38 föreslagits,
835 2112 53 30 att
916 2111 230 33 beträffande
1173 2124 46 21 av
1247 2115 195 36 delägarna
1470 2117 11 30 i
1509 2118 115 31 denna

122 2155 104 31 deras
257 2157 179 36 egenskap
469 2158 56 31 till
558 2160 211 36 föreningen
806 2162 168 37 (bolaget)
1011 2164 221 33 verkställda
1264 2167 268 37 inbetalningar
1565 2181 58 20 av-

123 2207 90 35 drag
244 2207 76 32 icke
352 2209 91 30 skall
471 2210 185 36 medgivas
688 2212 55 31 för
776 2214 68 30 vad
876 2224 74 21 som
980 2217 41 28 är
1053 2217 54 30 att
1139 2217 153 31 hänföra
1324 2219 56 30 till
1412 2220 211 36 kapitaltill-

122 2258 95 31 skott
247 2260 64 30 och
342 2262 54 29 att
428 2262 97 35 förty
556 2263 212 36 föreningen
802 2264 167 37 (bolaget)
1003 2267 78 31 icke
1111 2268 92 31 skall
1233 2271 144 29 taxeras
1409 2271 55 31 för
1494 2273 129 31 sådant

122 2309 305 36 kapitaltillskott.
473 2313 17 29 I
520 2313 173 36 förslaget
722 2315 147 35 angives
897 2319 166 29 närmare
1093 2319 69 31 vad
1190 2330 74 20 som
1293 2321 62 30 bör
1385 2322 131 32 förstås
1545 2325 78 30 med

122 2360 306 36 kapitaltillskott.
479 2364 55 30 En
563 2365 73 31 viss
666 2366 156 31 skillnad
853 2370 100 32 göres
984 2369 129 31 därvid
1141 2371 131 30 mellan
1302 2372 135 31 sådana
1469 2374 153 31 förenin-

122 2419 74 28 gar,
220 2422 74 20 som
318 2414 109 35 pläga
450 2415 148 35 upplåta
623 2416 206 36 lägenheter
854 2419 151 31 allenast
1030 2421 80 30 med
1135 2421 183 37 hyresrätt
1344 2424 54 30 för
1423 2425 199 36 begränsad

121 2463 54 31 tid
201 2463 345 39 (hyresföreningar)
572 2470 93 28 samt
689 2469 113 31 andra
826 2470 218 36 föreningar.
1088 2473 68 31 Det
1181 2474 149 31 föreslås
1353 2476 181 36 nimligen
1559 2480 64 34 att,

121 2532 111 32 Bihang
255 2534 41 24 till
320 2534 166 32 riksdagens
511 2537 145 31 protokoll
683 2539 74 25 1930.
798 2542 14 22 7
831 2543 80 22 saml.
949 2542 34 24 22
1003 2543 69 30 häft.
1110 2542 52 29 (Nr
1180 2542 54 30 30.)
1574 2547 16 24 2

1644 2122 210 30 Propositionen.
