1912 2837
462 157 404 40 Bevillningsutskottets
882 157 217 29 betänkande
1113 166 43 19 nr
1170 158 19 28 3
1203 157 39 29 år
1257 157 83 29 1967
1604 158 40 30 15

201 240 178 29 Motionen
405 240 44 29 II:
465 239 62 30 852
553 240 64 29 har
642 240 104 30 såvitt
771 249 98 20 avser
895 240 148 39 ändring
1066 240 12 29 i
1103 240 100 39 lagen
1228 248 58 21 om
1309 238 298 40 inskränkningar
1632 238 12 30 i

157 294 114 29 rätten
299 295 50 28 att
376 293 227 30 utbekomma
630 294 179 29 allmänna
836 293 184 40 handligar
1047 293 179 30 hänvisats
1255 293 52 29 till
1335 293 309 29 konstitutionsut-

158 347 128 30 skottet
301 347 64 30 och
379 348 11 29 i
404 348 111 39 övrigt
529 348 51 29 till
595 347 388 41 bevillningsutskottet.

201 455 228 30 Beträffande
447 455 40 30 de
507 455 86 35 skäl,
612 464 75 21 som
704 455 136 30 anförts
858 455 52 30 till
929 456 77 29 stöd
1025 455 54 30 för
1097 455 41 30 de
1162 456 5 29 i
1185 455 219 30 motionerna
1422 454 222 30 framställda

156 509 214 39 yrkandena,
391 509 55 30 får
466 510 179 34 utskottet,
673 511 4 28 i
696 510 67 29 den
782 509 82 30 mån
884 510 217 39 redogörelse
1120 509 122 29 härför
1262 509 29 39 ej
1315 509 136 30 lämnas
1471 509 11 29 i
1502 509 57 29 det
1579 508 63 29 föl-

156 563 117 40 jande,
288 563 148 30 hänvisa
449 564 52 29 till
515 564 219 29 motionerna
748 564 28 29 1:
791 563 73 35 686,
880 564 45 29 IT:
940 563 62 30 852
1018 563 65 30 och
1097 563 44 30 II:
1157 563 73 30 853.

201 697 161 31 Rörande
387 697 252 40 motiveringen
664 697 54 30 för
745 698 41 29 de
811 698 11 29 i
848 697 262 40 propositionen
1135 697 196 39 framlagda
1356 696 176 40 förslagen
1557 697 86 29 hän-

156 751 92 30 visar
265 752 171 29 utskottet
451 752 52 29 till
519 752 246 30 ovannämnda
782 751 356 40 statsrådsprotokoll.
1156 751 254 39 Redogörelsen
1426 750 217 30 härutinnan

157 805 173 29 återfinns
352 805 111 29 under
486 805 156 40 följande
665 805 160 29 rubriker
847 805 44 39 på
913 805 114 29 nedan
1050 805 149 39 angivna
1221 804 94 30 sidor
1337 805 11 29 i
1369 804 272 40 propositionen,

156 859 177 40 nämligen

202 913 192 40 Inledning,
411 923 25 20 s.
454 912 136 31 14—15.

201 967 253 40 Annell-lagen,
470 977 26 20 s.
513 967 137 30 15—27.

201 1021 209 40 Avsättning
424 1021 52 30 till
490 1021 394 40 nyanskaffningsfond,
900 1030 25 20 s.
941 1021 139 29 27—31.

201 1075 358 39 Remissyttrandena,
574 1085 26 20 s.
616 1075 139 30 32-47.

201 1129 404 39 Departementschefen,
621 1138 25 20 s.
661 1128 140 30 47—55.

203 1263 51 29 Av
274 1263 190 30 innehållet
485 1264 11 29 i
516 1263 41 29 de
578 1262 228 40 förevarande
828 1262 218 30 motionerna
1068 1263 57 29 må
1145 1263 64 30 här
1230 1263 134 39 återges
1385 1263 167 39 följande.

204 1317 13 29 I
238 1316 219 31 motionerna
479 1318 30 28 I:
525 1317 64 30 685
610 1317 65 30 och
695 1318 47 28 II:
758 1317 63 30 853
843 1317 204 30 framhålles
1069 1316 251 40 inledningsvis
1342 1318 50 28 att
1414 1316 41 30 de
1477 1316 165 40 föreslag-

160 1380 45 20 na
232 1371 295 39 förändringarna
553 1370 221 31 beträffande
802 1370 254 40 nyemissioner
1082 1370 65 30 och
1174 1370 67 30 den
1269 1380 25 20 s.
1322 1370 33 29 k.
1383 1370 259 40 kedjebeskatt-

159 1425 129 39 ningen
308 1425 70 29 inte
398 1425 61 29 bör
479 1425 181 39 uppfattas
682 1434 75 20 som
777 1426 47 28 ett
845 1424 182 40 slutgiltigt
1049 1424 334 39 ställningstagande
1402 1424 53 29 till
1475 1424 167 39 företags-

158 1479 289 39 beskattningens
468 1478 229 40 utformning.

204 1532 67 30 Om
292 1542 82 20 man
394 1532 59 29 vill
474 1532 45 30 nå
540 1532 56 30 det
618 1541 42 21 av
681 1531 385 40 departementschefen
1087 1531 148 40 angivna
1258 1531 114 40 syftet,
1396 1531 175 40 nämligen
1592 1533 49 28 att

159 1586 180 39 jämställa
360 1586 253 40 nyemissioner
635 1595 42 20 av
699 1586 111 29 aktier
833 1585 79 30 med
934 1585 365 40 kapitalanskaffning
1321 1585 56 29 via
1399 1585 243 29 lånemarkna-

159 1639 77 34 den,
260 1640 37 29 är
321 1639 67 34 det,
411 1638 204 30 framhåller
638 1639 261 29 motionärerna
920 1638 129 34 vidare,
1073 1638 70 29 inte
1166 1638 131 39 rimligt
1321 1639 49 28 att
1393 1638 171 39 begränsa
1587 1647 56 20 av-

159 1693 203 39 dragstiden
385 1693 52 29 till
463 1693 38 30 så
525 1693 78 29 kort
628 1693 120 39 period
774 1702 74 20 som
873 1693 47 29 tio
946 1693 48 29 år.
1020 1692 170 39 Löptiden
1216 1692 54 29 för
1296 1692 226 39 obligationer
1547 1692 11 29 i
1584 1692 59 29 nä-

159 1747 180 39 ringslivet
359 1747 38 29 är
417 1748 124 38 ytterst
563 1747 111 29 sällan
695 1747 39 29 så
752 1747 80 29 kort
853 1755 76 21 som
948 1746 48 30 tio
1018 1746 37 30 år
1077 1748 84 27 utan
1183 1746 151 30 normalt
1355 1746 41 30 20
1418 1746 19 29 å
1458 1745 40 30 30
1520 1746 48 30 år.
1590 1747 53 28 En

159 1800 216 39 nyemission
400 1800 131 29 brukar
557 1800 186 39 övervägas
770 1801 11 29 i
807 1800 170 29 samband
1003 1800 79 29 med
1109 1809 41 20 en
1177 1799 166 40 planerad
1370 1799 207 40 utvidgning
1602 1809 41 20 av

158 1853 269 30 verksamheten
450 1854 82 29 eller
557 1862 117 21 annan
698 1854 109 30 större
832 1853 268 40 nyinvestering.
1125 1853 93 30 Från
1242 1854 114 29 denna
1380 1853 264 40 utgångspunkt

159 1907 39 29 är
222 1908 56 29 det
302 1907 168 40 naturligt
494 1909 65 28 och
583 1907 242 40 psykologiskt
849 1910 88 27 mest
961 1907 158 40 lämpligt
1144 1910 50 28 att
1218 1908 57 29 vid
1298 1908 280 29 bestämmandet
1602 1917 42 20 av

160 1961 332 39 avdragsperiodens
513 1961 105 40 längd
637 1962 127 29 beakta
784 1962 67 29 den
870 1961 159 30 normala
1049 1961 258 39 omloppstiden
1327 1961 56 30 för
1402 1962 168 39 kapitalet
1590 1962 53 29 till

160 2022 42 20 en
225 2015 109 29 större
356 2014 221 39 investering,
599 2015 57 29 det
677 2015 58 30 må
756 2015 90 39 gälla
867 2014 177 30 maskiner
1066 2015 81 29 eller
1169 2015 207 39 byggnader.
1401 2015 182 30 Sannolikt
1605 2015 39 29 är

160 2070 51 28 att
234 2068 115 30 denna
372 2068 153 40 tidrymd
549 2069 38 29 är
612 2068 274 40 genomsnittligt
911 2069 118 39 längre
1054 2070 44 28 än
1122 2069 65 29 vad
1213 2078 75 20 som
1312 2070 37 28 är
1374 2069 136 30 normal
1533 2069 111 40 löptid

160 2122 55 29 för
241 2122 279 39 obligationslån.
547 2123 126 29 Rätten
699 2123 51 29 till
777 2123 128 38 avdrag
931 2122 53 30 för
1011 2122 181 40 utdelning
1217 2123 45 39 på
1287 2123 223 39 nyemitterat
1536 2124 108 28 aktie-

160 2175 134 39 kapital
312 2176 63 29 bör
395 2175 119 30 därför
534 2176 71 30 inte
625 2176 109 30 sättas
754 2176 94 39 lägre
867 2177 45 28 än
931 2177 53 28 till
1004 2176 40 30 20
1066 2176 48 30 år.

205 2231 75 28 Den
302 2232 136 28 senaste
457 2230 115 30 tidens
593 2230 237 30 erfarenheter
851 2238 57 32 ger
929 2230 105 30 också
1053 2230 58 30 vid
1131 2230 140 30 handen
1292 2232 49 29 att
1362 2231 191 40 ränteläget
1575 2231 69 30 för-

160 2284 142 29 ändrats
321 2284 44 39 på
383 2286 48 27 ett
450 2284 125 29 sådant
594 2284 68 29 sätt
681 2285 49 28 att
749 2284 226 39 utdelningen
993 2284 45 39 på
1056 2284 222 39 nyemitterat
1296 2285 132 39 kapital
1447 2285 111 29 måste
1577 2286 67 28 sät-

159 2339 54 28 tas
236 2338 138 39 mycket
398 2337 93 40 högt.
515 2338 75 28 Den
614 2338 11 28 i
649 2338 154 39 dagarna
825 2337 166 40 vidtagna
1013 2338 321 39 räntesänkningen
1359 2339 96 29 torde
1480 2339 70 29 inte
1576 2339 69 29 för-

160 2392 110 29 ändra
289 2391 127 30 bilden.
437 2391 53 29 En
510 2391 148 40 höjning
678 2400 43 20 av
740 2391 287 40 utdelningarnas
1049 2392 143 29 relativa
1214 2392 130 29 storlek
1364 2392 57 30 vid
1442 2393 203 39 nyemissio-

159 2454 62 20 ner
242 2445 98 30 torde
360 2445 143 29 komma
523 2447 50 27 att
594 2445 126 30 krävas
742 2446 11 28 i
774 2445 272 40 fortsättningen
1067 2446 86 29 även
1175 2446 78 29 med
1274 2446 137 39 hänsyn
1433 2447 52 29 till
1506 2447 67 29 den
1594 2448 53 28 in-

160 2498 100 30 förda
286 2499 95 39 eviga
404 2499 587 39 realisationsvinstbeskattningen
1016 2499 57 29 vid
1099 2499 211 40 försäljning
1335 2509 42 20 av
1401 2500 121 30 aktier.
1549 2501 12 28 I
1587 2501 60 30 da-
