1878 2792
336 149 454 31 Konstitutionsutskottets
811 149 180 31 utlåtande
1011 158 44 22 nr
1075 149 41 31 17
1136 149 40 32 år
1198 149 84 31 1960
1541 150 19 30 5

55 231 134 41 geläget
208 234 52 30 att
280 231 116 32 denna
415 232 101 41 fråga
534 233 142 41 bringas
694 233 54 30 till
770 233 55 30 sin
844 233 139 40 lösning
1001 233 77 31 före
1096 233 238 30 innevarande
1355 232 58 31 års
1434 232 125 31 andra-

56 282 230 31 kammarval.
307 283 50 31 På
378 283 115 40 grund
514 283 109 31 härav
644 292 84 22 anse
748 284 35 29 vi
802 301 46 4 —
868 282 112 31 under
1002 283 213 40 hänvisning
1235 283 53 30 till
1309 282 69 31 vad
1401 291 77 22 som
1498 291 61 21 an-

57 333 91 32 förts
166 334 12 30 i
199 333 179 31 motionen
400 334 46 31 II:
465 334 62 30 178
546 352 45 4 —
611 336 50 28 att
682 334 172 30 utskottet
875 334 78 30 bort
974 333 179 40 tillstyrka
1175 342 43 21 en
1239 333 208 40 lagändring
1467 333 13 30 i
1500 341 59 21 en-

54 385 111 41 lighet
180 384 81 31 med
276 384 200 31 motionens
492 384 141 40 förslag,
650 384 91 30 dock
756 384 81 30 med
853 384 69 30 den
937 382 295 32 modifikationen
1247 382 224 32 beträffande
1489 383 69 39 lag-

56 436 137 30 textens
214 434 231 41 utformning,
468 443 76 22 som
565 436 39 29 är
625 434 267 30 konsekvensen
914 443 43 21 av
977 433 208 40 riksdagens
1204 432 101 31 bifall
1327 433 53 30 till
1401 432 159 41 proposi-

56 485 75 31 tion
152 495 43 21 nr
217 486 61 30 103
297 485 203 40 varigenom
522 483 373 41 röstlängdsutdragen
916 483 198 31 avskaffats
1135 483 67 30 och
1223 484 125 29 ersatts
1369 482 81 30 med
1470 483 89 30 röst-

57 537 90 30 kort.
167 536 43 32 Vi
227 536 188 31 hemställa
431 535 131 36 därför,

414 587 51 29 att
488 586 188 40 riksdagen
698 585 109 31 måtte
830 584 57 32 för
909 584 55 32 sin
987 584 54 31 del
1064 583 138 31 besluta
1225 584 51 30 att
1298 584 12 30 i
1334 582 41 31 38
1401 582 16 38 $
1442 591 43 22 av
1505 582 58 40 lag

369 645 57 21 om
444 636 57 30 val
520 636 52 30 till
591 635 198 41 riksdagen,
808 636 132 30 mellan
960 635 111 30 första
1089 634 67 30 och
1176 634 109 30 andra
1306 633 145 40 stycket,
1473 632 88 31 skall

368 687 162 40 tilläggas
549 689 48 28 ett
616 687 121 39 stycke
756 695 41 21 av
817 685 158 40 följande
993 684 147 41 lydelse:

416 739 35 29 >I
481 736 225 41 röstlängden
736 735 90 32 skall
854 736 133 40 jämväl
1017 736 172 39 upptagas
1219 734 98 40 varje
1346 733 217 31 röstberätti-

369 788 78 40 gad,
468 796 76 22 som
563 787 81 31 från
663 786 236 31 valdistriktet
919 786 164 40 avflyttat
1103 785 52 30 till
1176 785 134 30 utrikes
1331 786 55 28 ort
1405 785 87 29 utan
1512 785 51 28 att

369 838 75 31 före
467 840 137 29 senaste
626 836 497 40 mantalsskrivningstillfälle
1144 835 220 40 återinflytta
1386 834 53 30 till
1461 834 102 34 riket,

368 898 83 21 men
471 898 76 21 som
566 889 57 30 det
643 888 49 37 år,
712 888 46 31 då
776 887 228 40 röstlängden
1023 887 195 39 upprättas,
1239 885 75 31 före
1334 885 69 30 den
1424 884 40 31 10
1484 884 79 40 juni

370 939 66 30 hos
463 939 69 30 den
558 938 117 31 lokala
703 937 369 41 skattemyndigheten
1099 936 134 31 anmält
1262 936 54 30 sin
1345 935 137 31 önskan
1510 936 53 29 att

367 989 145 30 kvarstå
529 989 12 30 i
560 988 236 41 röstlängden.
816 988 68 31 Vid
905 988 109 31 sådan
1035 987 176 35 anmälan,
1231 986 119 31 vilken
1370 985 89 32 skall
1479 994 85 21 vara

370 1039 235 41 egenhändigt
630 1039 265 30 undertecknad
920 1038 66 30 och
1011 1037 181 30 bevittnad
1216 1045 44 22 av
1284 1036 110 31 minst
1419 1045 45 21 en
1488 1044 76 31 per-

371 1099 74 27 son,
470 1089 89 31 skall
582 1089 99 40 fogas
704 1088 140 41 uppgift
866 1097 58 22 om
947 1088 204 30 nuvarande
1173 1087 198 30 vistelseort
1394 1087 92 30 samt
1507 1085 57 31 be-

369 1140 54 32 vis
447 1142 51 29 att
521 1139 181 31 sökanden
725 1140 40 30 är
788 1139 129 30 svensk
939 1138 238 40 medborgare.
1203 1138 43 31 Så
1271 1139 98 29 snart
1392 1136 172 40 röstläng-

370 1191 69 30 den
456 1190 110 36 blivit,
584 1190 46 40 på
648 1191 70 30 sätt
735 1190 12 30 i
765 1188 42 31 45
828 1189 16 37 $
866 1190 89 39 sägs,
975 1188 116 31 rättad
1110 1187 67 32 och
1195 1186 267 39 underskriven,
1480 1186 84 41 ålig-

370 1249 60 32 ger
452 1241 58 30 det
532 1240 254 31 valnämndens
810 1239 212 32 ordförande
1045 1238 84 32 eller
1150 1237 231 41 magistraten
1404 1239 51 29 att
1477 1238 86 29 utan

370 1291 151 40 förnyad
538 1291 159 30 ansökan
713 1290 159 31 tillställa
890 1289 180 31 sökanden
1088 1288 126 32 sådant
1230 1288 166 36 röstkort,
1414 1296 77 23 som
1507 1296 57 23 av-

369 1351 55 22 ses
442 1342 12 30 i
473 1341 41 31 55
533 1351 20 21 a
573 1341 49 38 $.>

328 2435 97 23 600736
464 2432 165 26 Stockholm
643 2432 76 25 1960.
739 2433 81 24 Isaac
830 2433 114 24 Marcus
955 2432 187 32 Boktryckeri
1158 2432 169 31 Aktiebolag
