2200 2666
723 208 225 32 Statsutskottets
977 210 150 29 Utlåtande
1150 210 58 29 N:r
1233 210 49 29 72.
1758 208 39 31 27

208 294 57 36 för
305 293 67 37 den
414 293 200 36 utsträckta
657 292 303 49 pensionsrättens
996 289 224 51 åtnjutande,
1253 290 128 37 trädde
1411 291 157 36 emellan
1598 289 45 49 på
1671 288 128 38 sådant

208 354 80 40 sätt,
318 352 54 33 att
400 347 273 37 vederbörande
703 346 169 49 delegare
901 344 111 37 funne
1041 345 82 36 med
1152 346 54 35 sin
1234 344 118 37 fördel
1372 343 173 51 förenligt
1564 350 55 30 att
1638 344 159 36 vidhålla

208 405 69 35 den
318 402 21 37 å
380 404 88 35 hans
512 408 137 42 vägnar
692 376 153 61 sålunda
886 399 298 37 reservationsvis
1210 399 139 62 gjorda
1378 375 178 60 anmälan.
1586 371 11 81 =
1615 399 72 36 Till
1716 412 82 24 svar

209 458 85 35 härå
322 457 94 36 hade
445 434 229 58 direktionen
702 456 12 34 i
743 455 190 36 skrifvelse
962 454 70 35 den
1062 456 46 34 22
1137 455 83 48 juni
1253 456 94 35 1897
1381 454 186 35 meddelat
1595 458 65 39 att,
1682 454 117 48 enligt

208 512 244 36 direktionens
495 511 132 43 beslut,
668 508 238 37 förenämnda
948 509 185 48 personals
1173 513 76 31 rätt
1282 509 11 34 i
1322 507 244 37 omförmälda
1596 484 201 60 hänseende

207 567 119 36 skulle
364 578 102 24 anses
505 564 163 37 bevarad
697 577 133 36 genom
860 563 68 36 den
958 563 153 36 sålunda
1140 563 292 36 reservationsvis
1461 562 126 49 gjorda
1616 563 181 36 anmälan.

198 622 211 49 "Styrelsens
446 620 170 35 anmälan
659 595 68 59 och
770 618 245 36 direktionens
1052 630 82 23 svar
1171 618 93 35 hade
1299 616 202 37 meddelats
1529 617 70 36 den
1627 617 12 35 i
1668 617 128 35 kassan

207 676 187 48 delaktiga
425 674 226 49 personalen,
680 673 202 61 hvarjemte
911 672 173 49 styrelsen
1114 671 79 49 gått
1220 672 10 35 i
1260 670 221 50 författning
1510 684 59 23 om
1598 671 199 49 uträkning

209 729 92 37 efter
344 706 245 59 dircktionens
631 727 195 48 anvisning
855 725 40 37 af
921 726 43 36 de
992 697 365 82 retroaktivafgifter,
1377 738 77 23 som
1474 726 121 36 skulle
1615 701 181 61 bifordras

206 784 57 36 för
292 786 55 34 att
374 782 231 49 delaktighet
629 782 141 49 jemväl
799 760 55 56 för
878 779 459 50 inqvarteringsförmånen
1367 780 120 36 skulle
1516 781 124 35 kunna
1659 780 136 36 vinnas.

207 838 56 37 Då
292 838 197 49 styrelsens
517 837 120 35 beslut
666 840 54 31 att
749 834 92 37 afslå
870 835 43 36 de
942 834 243 37 omförmälda
1214 835 292 49 ansökningarna
1535 847 59 23 om
1624 834 173 36 inträde
1773 830 28 61 i

206 895 137 34 statens
373 891 301 49 jernvägstrafiks
707 889 373 49 pensionsinrättning
1114 889 11 35 i
1153 888 95 49 följd
1277 887 39 37 af
1342 889 43 36 de
1414 887 57 37 för
1499 887 218 50 pröfningen
1747 901 51 23 er-

206 946 203 49 forderliga
451 945 308 49 uträkningarnas
799 942 241 51 vidlyftighet
1075 943 79 36 icke
1183 943 143 36 kunnat
1353 941 113 39 fattas
1494 942 77 37 förr
1600 949 46 29 än
1675 942 70 36 den
1777 945 20 35 6

207 1013 98 24 mars
338 1002 115 43 1899;
483 999 46 36 då
556 999 125 36 vidare
710 998 82 36 från
816 998 234 50 personalens
1078 997 77 36 sida
1185 999 114 48 gjorts
1328 997 177 50 gällande,
1533 1002 54 31 att
1616 997 44 36 de
1685 1002 112 31 retro-

207 1053 266 51 aktivafgifter,
502 1066 78 23 som
609 1053 115 49 enligt
752 1052 69 36 den
852 1054 11 34 i
892 1052 127 36 sådant
1047 1052 203 36 hänseende
1270 1051 264 37 föranstaltade
1551 1051 246 50 uträkningen

207 1110 120 36 skulle
360 1108 186 37 erfordras
575 1107 57 37 för
660 1106 199 37 vinnandet
888 1106 40 36 af
955 1106 227 49 delaktighet
1209 1107 14 35 i
1251 1106 68 36 den
1348 1106 165 36 enskilda
1538 1106 260 49 jernvägspen-

207 1164 237 44 sionskassan,
482 1175 86 24 vore
612 1161 57 37 för
711 1162 93 49 höga
845 1160 58 37 för
945 1166 55 30 att
1033 1161 124 36 kunna
1182 1159 39 37 af
1247 1161 215 48 personalen
1492 1161 135 48 gäldas,
1656 1160 67 36 och
1753 1160 46 36 då

208 1219 175 48 slutligen
412 1217 64 36 vid
511 1218 98 36 1900
639 1215 57 37 års
724 1215 149 49 riksdag
902 1216 136 47 förslag
1066 1215 128 36 väckts
1223 1228 59 23 om
1313 1215 69 35 den
1410 1213 281 51 ifrågavarande
1720 1227 76 36 per-

207 1273 167 36 sonalens
403 1271 208 37 eventuella
631 1270 144 36 inträde
804 1271 12 35 i
845 1274 134 31 statens
1004 1269 304 48 jernvägstrafiks
1329 1269 355 49 pensionsanstalter,
1704 1270 94 35 hvil-

206 1328 64 35 ket
327 1325 140 49 förslag
525 1324 213 37 föranledde
794 1324 358 48 riksdagsskrifvelse
1199 1324 10 34 i
1254 1328 133 40 ämnet,
1429 1323 93 36 hade
1564 1322 129 49 frågan
1736 1336 60 22 om

205 1380 207 38 beredande
455 1379 37 36 åt
528 1391 139 24 samma
695 1379 165 48 personal
890 1377 40 36 af
957 1377 227 49 delaktighet
1209 1378 14 35 i
1253 1378 69 35 den
1350 1378 165 35 enskilda
1540 1378 259 48 jernvägspen-

206 1435 227 36 sionskassan
458 1434 139 48 jemväl
625 1432 57 37 för
710 1432 297 49 inqvarteringen
1035 1431 70 36 fått
1133 1432 110 44 hvila;
1273 1432 67 35 och
1370 1432 91 35 hade
1491 1432 70 35 den
1590 1431 118 37 under
1735 1431 60 36 då-

205 1489 161 36 varande
408 1487 252 37 förhållanden
703 1487 78 35 icke
823 1487 115 36 heller
977 1491 134 31 ansetts
1147 1487 89 35 böra
1265 1486 59 36 till
1352 1485 224 50 behandling
1604 1491 192 44 upptagas,

206 1543 46 36 då
284 1543 177 49 styrelsen
495 1541 71 36 den
605 1544 45 35 15
680 1553 97 23 mars
805 1540 153 36 sistlidet
985 1542 40 34 år
1053 1539 105 50 afgaf
1184 1540 61 35 sitt
1273 1539 188 37 utlåtande
1489 1541 12 34 i
1530 1539 199 50 anledning
1758 1539 40 37 af

205 1596 112 37 ofvan
351 1595 243 38 omförmälda
623 1593 367 50 riksdagsskrifvelse.
1048 1593 198 50 Styrelsen,
1276 1607 77 23 som
1382 1594 45 48 på
1455 1593 250 37 förekommen
1735 1607 60 22 an-

206 1651 151 49 ledning
385 1651 81 35 sökt
495 1649 67 37 och
591 1648 147 37 erhållit
767 1647 219 37 bekräftelse
1014 1647 46 50 på
1088 1651 52 33 att
1168 1653 121 31 rätten
1318 1654 54 30 att
1400 1647 138 37 erhålla
1567 1648 229 49 delaktighet

202 1706 137 48 jemväl
367 1703 58 37 för
453 1703 300 49 inqvarteringen
782 1701 225 38 fortfarande
1036 1702 100 36 stode
1165 1703 214 48 personalen
1409 1709 130 42 öppen,
1570 1702 93 36 hade
1688 1703 106 36 emel-

207 1759 119 45 lertid,
355 1758 114 37 såsom
498 1763 157 40 nämnts,
683 1759 119 35 ansett
830 1758 54 48 sig
913 1758 88 35 böra
1029 1770 51 22 nu
1109 1756 242 50 återupptaga
1381 1757 118 36 denna
1526 1755 114 51 fråga.

312 1813 114 36 Hvad
455 1812 45 36 då
527 1811 91 37 först
646 1813 156 47 anginge
831 1812 181 35 storleken
1041 1809 40 37 af
1106 1811 44 36 de
1178 1810 364 51 retroaktivafgifter,
1572 1824 77 23 som
1675 1811 120 37 skulle

205 1867 182 37 erfordras
428 1866 55 36 för
513 1869 55 34 att
596 1866 132 36 bereda
757 1866 69 35 den
855 1864 278 50 ifrågavarande
1162 1866 211 49 personalen
1404 1865 226 50 delaktighet
1670 1866 12 35 i
1724 1866 70 36 den

205 1922 165 36 enskilda
404 1920 471 50 jernvägspensionskassan
915 1920 139 48 jemväl
1095 1918 57 37 för
1185 1921 309 47 ingvarteringen,
1523 1919 37 37 så
1587 1920 208 49 framginge

205 1977 37 35 af
267 1976 52 36 fil.
348 1976 210 35 licentiaten
586 1974 187 49 Ahlbergs
801 1973 240 37 omförmälda
1065 1974 12 35 i
1105 1975 199 35 november
1328 1977 95 35 1901
1447 1973 141 51 afgifna
1604 1973 191 37 utlåtande

206 2031 84 36 med
335 2031 155 48 bilagor,
532 2034 55 31 att
628 2028 20 36 å
689 2028 110 48 sagda
842 2028 120 36 kassas
1000 2028 199 36 direktions
1226 2036 140 41 vägnar
1394 2028 84 36 med
1486 2007 209 57 ”skrifvelse
1725 2028 70 36 den

210 2087 45 35 13
285 2085 200 35 november
518 2085 93 36 1901
645 2081 260 38 öfverlemnats
933 2095 43 23 en
1006 2096 34 35 p.
1067 2095 58 31 m.,
1152 2082 255 37 innehållande
1435 2083 94 36 vissa
1558 2083 11 34 i
1589 2083 207 36 utlåtandet

205 2143 167 32 närmare
413 2136 151 51 angifna
603 2137 172 49 grunder,
816 2136 46 49 på
901 2136 128 36 hvilka
1071 2137 243 48 uträkningen
1361 2136 40 36 af
1439 2136 101 37 dessa
1579 2138 217 35 retroaktiv-

204 2191 151 51 afgifter
383 2192 119 36 skulle
530 2166 109 70 hvila;
667 2193 95 34 samt
790 2196 54 30 att
873 2190 167 49 Ahlberg
1068 2190 83 36 med
1179 2166 236 74 tillämpning
1443 2190 40 36 af
1510 2191 101 36 dessa
1635 2191 162 49 grunder

206 2247 179 36 beräknat
427 2246 113 48 sagda
581 2244 167 50 afgifters
780 2246 136 47 belopp
950 2244 68 36 den
1051 2246 16 33 1
1096 2246 74 47 juli
1203 2247 96 35 1902
1330 2245 57 35 till
1419 2246 136 44 71,103
1586 2245 137 37 kronor
1749 2248 47 35 44

207 2308 70 38 öre,
311 2302 5 34 i
345 2300 98 36 hvad
473 2303 134 33 statens
636 2304 129 44 anpart
794 2299 167 48 anginge,
991 2299 65 35 och
1085 2299 56 35 till
1174 2301 134 43 70,467
1342 2299 134 36 kronor
1514 2302 13 34 1
1563 2306 70 38 öre,
1661 2300 11 35 i
1702 2300 98 36 hvad
