2117 2707
649 186 132 31 Banko-
791 182 181 47 Utskottets
976 190 173 32 Memorial
1171 193 59 30 N:o
1252 193 29 32 2.
1698 201 16 28 7

163 268 39 36 af
227 268 214 50 Riksdagen
478 272 156 37 utsedde
662 275 229 37 revisorerne
920 276 108 38 hafva
1057 280 55 35 uti
1139 281 81 36 sina
1248 281 219 39 berättelser
1494 285 182 51 tillstyrkt
1691 301 65 23 an-

160 319 218 38 svarsfrihet
406 321 56 36 för
490 323 107 37 dessa
624 324 154 38 kontors
807 329 185 47 styrelser.

291 372 73 36 Vid
398 373 132 37 sådant
563 375 234 39 förhållande
832 379 67 36 och
930 380 47 36 då
1009 381 352 49 Banko-Utskottet,
1390 387 64 35 vid
1481 401 51 23 nu
1562 390 190 37 verkstäld

159 421 289 50 undersökning,
476 425 122 37 funnit
628 426 231 52 fullmäktige
893 430 108 37 hafva
1029 434 79 35 med
1135 447 150 36 omsorg
1316 438 67 35 och
1412 439 54 35 nit
1493 438 172 51 fullgjort
1693 442 62 36 det

158 473 85 35 dem
272 475 171 36 lemnade
474 477 182 49 uppdrag,
686 479 208 37 hemställer
922 482 203 46 Utskottet,

607 534 54 31 att
689 531 264 38 ansvarsfrihet
969 537 59 33 må
1043 535 152 49 beviljas
1212 537 234 50 fullmäktige
1461 539 59 37 för
1534 541 220 38 förvaltnin-

557 593 72 35 gen
658 580 39 36 af
722 582 255 38 Riksbankens
1006 588 40 34 så
1073 588 60 35 väl
1162 588 166 37 hufvud-
1348 604 79 22 som
1449 591 304 49 afdelningskon-

556 636 58 30 tor
654 632 119 37 under
806 637 39 32 år
881 637 92 34 1875
1009 635 185 39 äfvensom
1224 639 56 36 för
1306 641 46 36 de
1380 643 124 36 beslut
1532 645 67 35 och
1629 649 123 43 åtgär-

555 681 77 46 der,
675 683 125 37 hvilka
832 686 117 36 finnas
984 690 229 36 antecknade
1242 692 9 34 i
1280 691 252 49 fullmäktiges
1560 698 191 46 protokoll

554 731 79 37 från
663 734 67 36 och
760 736 84 36 med
873 737 69 36 den
973 740 43 33 15
1045 738 156 39 Januari
1235 745 91 34 1876
1356 744 55 35 till
1428 746 67 35 och
1512 747 83 36 med
1612 760 141 24 samma

553 783 74 49 dag
654 785 254 39 innevarande
938 791 50 33 år.

352 880 220 39 Stockholm
601 885 69 36 den
702 888 19 34 9
751 887 177 39 Februari
959 892 106 36 1877.

715 1040 52 35 På
796 1040 209 40 Utskottets
1033 1052 155 40 vägnar:

795 1142 33 36 J.
858 1143 33 36 J.
921 1125 182 58 EKMAN.

781 1659 326 45 Rättelser

539 1728 62 37 Uti
628 1730 341 41 Banko-Utskottets
998 1736 190 37 Memorial
1216 1738 74 37 N:o
1319 1741 29 35 1.

260 1807 59 29 Sid.
365 1809 27 36 5,
416 1810 61 29 rad.
525 1814 13 25 1
566 1813 132 36 uppifrån
721 1818 72 27 står:
816 1816 55 31 Vid
899 1819 77 28 1875
999 1822 45 27 års
1068 1820 100 37 början
1191 1824 57 27 läs:
1270 1822 56 29 Vid
1352 1825 78 28 1876
1454 1827 46 27 års
1523 1826 99 37 början

368 1852 12 15 A

279 1872 13 11 »
367 1862 26 25 5
438 1875 16 13 »
502 1855 34 28 21
628 1879 16 14 35
744 1882 12 11 »
817 1861 193 35 12,861:184:
1037 1864 37 27 65
1204 1888 16 13 »
1273 1867 192 35 12,861,184:
1492 1869 37 28 65

279 1916 12 11 sw
367 1896 27 32 My
502 1898 38 27 2
629 1923 12 10 »
741 1924 18 14 »
813 1903 174 35 7,434:812:
1014 1907 30 27 11
1202 1931 13 11 »
1267 1909 174 35 7,434,812:
1468 1913 31 26 11

279 1959 11 10 ss
366 1939 26 32 &&
520 1941 19 26 4
628 1965 12 9 »
742 1966 17 14 »
813 1947 31 26 år
871 1947 76 28 1776
1201 1974 11 10 »
1264 1953 31 26 år
1320 1953 77 27 1876

278 2001 13 10 »
365 1980 27 34 838
438 2003 17 14 »
522 1983 15 25 9
626 2008 15 12 ”
742 2010 12 10 »
813 1988 113 34 -30,750
949 1993 35 25 st.
1200 2017 12 10 »
1265 1994 133 35 311,750
1422 1999 34 30 st,

275 2043 16 12 »
346 2023 46 33 14,
438 2045 16 14 5
523 2024 15 26 9
743 2051 12 11 »
812 2032 31 26 år
869 2032 78 27 1865
1199 2059 13 10 »
1264 2038 30 26 år
1320 2037 78 28 1876

523 2044 6 7 -
628 2049 16 13 »”

343 2064 49 34 35,
440 2087 12 11 »
521 2068 18 26 2
574 2068 129 29 nedifrån
738 2092 17 14 ,,
811 2073 45 28 lån
880 2075 43 27 till
1262 2079 43 28 lån
1330 2081 47 27 två
1399 2080 43 28 till
