2224 2622
220 1642 100 26 Andra

180 1676 174 27 kammarens

224 1709 94 27 beslut.

200 1844 141 27 Utskottet.

432 193 18 29 d
615 191 119 32 Första
757 192 203 32 kammarens
983 194 140 31 andra
1147 194 170 40 tillfälliga
1342 196 131 31 utskotts
1498 197 166 32 utlåtande
1687 198 52 31 Nr
1761 200 49 29 13.

391 277 174 37 debitera
593 277 123 49 enligt
744 279 118 36 femte
892 278 105 37 klass
1018 279 9 35 i
1052 280 356 48 resereglementet.
1450 282 227 38 Emellertid
1699 284 163 37 föreslås
1882 285 11 35 i
1914 288 100 34 årets

390 328 471 49 statsverksproposition,
892 335 56 30 att
976 329 47 37 de
1052 333 61 33 må
1132 331 212 49 uppflyttas
1365 332 9 35 i
1396 332 124 48 fjärde
1541 333 116 37 klass.
1699 335 316 48 Departements-

391 379 137 36 chefen
569 384 125 44 yttrar
734 380 133 36 härom
896 380 10 35 i
936 381 522 49 statsverkspropositionen,
1497 383 69 37 sid.
1605 386 72 34 289
1721 386 124 36 under
1877 385 137 48 sjunde

391 430 258 43 huvudtiteln,
679 430 185 48 följande:
915 431 152 36 »Andre
1096 431 453 51 fartygsinspektörerna
1574 435 99 36 hava
1701 435 62 36 vid
1789 437 226 48 upprepade

390 480 179 37 tillfällen
598 480 105 48 gjort
731 481 289 49 framställning
1040 495 60 22 om
1121 483 293 37 resekostnads-
1434 484 72 36 och
1527 485 488 50 traktamentsersättning,

392 531 193 49 ntgående
615 531 123 49 enligt
767 531 124 48 fjärde
921 532 10 35 i
952 532 129 36 stället
1101 533 60 35 för
1181 537 125 33 såsom
1331 534 135 37 hittills
1487 535 118 36 femte
1625 536 157 36 klassen
1802 536 11 35 i
1833 537 182 48 gällande

391 582 341 48 resereglemente,
774 582 71 36 och
883 582 99 37 hava
1019 596 50 22 nu
1107 584 155 49 förnyat
1289 585 125 36 denna
1443 586 297 49 framställning.
1795 587 224 37 Kommers-

391 632 210 48 kollegium
634 632 213 49 tillstyrker
875 647 52 22 nu
956 633 138 37 liksom
1124 634 103 37 förut
1252 635 338 49 framställningen
1611 637 137 48 ifråga.
1794 637 78 50 Jag
1893 651 125 35 anser,

392 688 55 31 att
475 696 87 23 man
591 685 86 36 icke
702 683 134 49 längre
861 684 178 48 skäligen
1068 685 75 36 kan
1175 691 182 31 motsätta
1387 687 60 48 sig
1467 686 356 50 tillmötesgåendet
1844 702 48 23 av
1912 689 106 37 detta

392 734 472 50 fartygsinspektörernas
893 735 236 37 önskemål».

491 785 136 49 Enligt
663 785 212 36 utskottets
905 785 158 49 mening
1090 787 79 36 tala
1199 800 146 24 samma
1374 788 95 47 skäl,
1507 802 82 23 som
1620 794 65 32 äro
1725 790 292 36 bestämmande

392 835 59 36 för
478 848 47 22 en
547 836 265 49 uppflyttning
837 849 48 23 av
909 836 448 49 fartygsinspektionens
1383 839 118 36 andre
1521 839 243 49 inspektörer
1789 840 84 36 från
1899 840 118 36 femte

390 885 57 35 till
478 885 123 48 fjärde
631 887 105 35 klass
764 886 12 35 i
804 887 361 48 resereglementet,
1186 888 59 36 för
1265 902 45 23 en
1332 889 180 37 liknande
1533 890 265 49 uppflyttning
1819 903 48 23 av
1884 890 135 48 yrkes-

390 936 295 49 ingpektionens
714 937 381 48 underinspektörer,
1117 938 129 37 varför
1266 940 190 37 utskottet
1480 940 5 36 i
1506 940 127 37 denna
1653 941 62 36 del
1735 940 67 36 vill
1822 940 195 49 tillstyrka

391 986 72 36 den
493 987 10 35 i
532 988 197 36 motionen
770 987 140 48 gjorda
951 988 243 38 hemställan.
1251 990 198 37 Utskottet
1491 1004 114 23 anser
1642 992 60 48 sig
1743 991 215 37 emellertid
1983 992 34 48 ej

391 1037 93 37 böra
511 1038 169 47 förorda,
707 1041 125 34 såsom
859 1051 48 23 av
936 1039 240 37 motionären
1199 1041 146 48 yrkats,
1371 1047 55 31 att
1445 1041 69 37 här
1534 1041 298 50 ifrågavarande
1853 1042 166 49 ändring

391 1101 47 22 av
473 1089 347 48 resereglementet
861 1089 166 36 erhåller
1056 1091 213 35 retroaktiv
1304 1092 146 36 verkan
1479 1093 84 36 från
1588 1093 72 36 och
1690 1093 87 36 med
1805 1093 137 47 början
1971 1106 47 23 av

391 1141 39 32 år
462 1141 107 45 1919,
599 1145 93 31 utan
718 1140 68 36 bör
814 1139 65 37 det
900 1140 206 36 ankomma
1122 1144 50 45 på
1187 1142 143 48 Kungl.
1349 1143 106 46 Maj:t
1469 1148 54 31 att
1540 1144 216 35 bestämma
1772 1143 244 49 tidpunkten,

390 1189 47 36 då
466 1195 55 30 ett
549 1191 212 36 eventuellt
790 1190 128 36 beslut
946 1191 133 36 härom
1110 1191 99 37 skall
1238 1193 109 36 träda
1376 1193 10 36 i
1415 1194 112 35 kraft.

492 1241 87 36 Med
609 1241 211 49 anledning
850 1254 48 23 av
928 1241 72 36 vad
1030 1241 162 37 sålunda
1222 1244 160 44 anförts,
1407 1244 232 36 hemställde
1669 1245 202 46 utskottet,

491 1297 55 30 att
576 1292 121 36 andra
717 1292 225 36 kammaren
959 1292 60 36 för
1034 1292 59 36 sin
1109 1293 63 36 del
1189 1297 116 33 måtte
1323 1294 163 47 besluta,
1503 1300 53 31 att
1573 1295 210 48 riksdagen
1799 1295 11 36 i
1828 1295 188 36 skrivelse

390 1340 57 36 till
488 1342 146 48 Kungl.
675 1342 108 48 Maj:t
810 1342 91 37 ville
931 1342 164 47 anhålla,
1126 1349 54 31 att
1208 1344 410 49 yrkesinspektionens
1648 1346 369 49 underinspektörer

390 1392 212 48 uppflyttas
627 1393 11 35 i
666 1398 172 31 närmast
866 1393 122 48 högre
1017 1393 105 36 klass
1151 1394 10 35 i
1191 1395 147 48 Kungl.
1369 1396 127 47 Maj:ts
1522 1396 328 49 resereglemente
1876 1410 47 22 av
1943 1396 73 37 den

394 1443 43 34 13
467 1442 79 37 dec.
591 1444 95 35 1907
730 1443 71 36 och
834 1443 164 39 sålunda
1028 1444 58 36 för
1110 1444 85 36 sina
1224 1445 253 48 tjänsteresor
1505 1452 74 42 äga
1607 1452 56 31 att
1692 1447 173 37 debitera
1895 1446 121 49 enligt

390 1492 348 38 bestämmelserna
775 1494 11 35 i
827 1493 126 48 fjärde
994 1493 106 38 klass
1141 1495 10 35 i
1190 1496 168 36 nämnda
1395 1497 251 48 reglemente,
1680 1504 100 30 samt
1804 1503 57 31 att
1888 1498 129 36 beslut

390 1543 133 37 härom
566 1548 62 33 må
668 1545 111 36 träda
806 1544 10 36 i
848 1545 103 36 kraft
979 1545 64 36 vid
1073 1545 192 49 tidpunkt,
1295 1560 80 23 som
1398 1561 46 23 av
1469 1548 143 49 Kungl.
1639 1549 107 48 Maj:t
1766 1548 248 37 bestämmes.

491 1645 132 36 Andra
665 1645 224 37 kammaren
919 1645 126 37 beslöt
1073 1646 59 36 för
1162 1646 58 36 sin
1250 1647 60 37 del
1340 1648 145 46 bifalla,
1510 1649 74 36 vad
1614 1649 90 36 dess
1734 1649 195 49 tillfälliga
1958 1655 58 30 ut-

390 1695 105 36 skott
531 1695 211 37 hemställt.
799 1696 129 37 Sedan
971 1696 106 37 detta
1106 1697 130 36 beslut
1260 1698 182 48 delgivits
1472 1700 122 35 första
1623 1699 237 47 kammaren,
1890 1700 125 37 beslöt

390 1745 226 38 kammaren
641 1746 162 37 hänvisa
832 1747 161 37 ärendet
1021 1747 56 36 till
1107 1748 67 36 sitt
1203 1748 119 37 andra
1350 1749 195 49 tillfälliga
1574 1750 160 37 utskott.

492 1846 200 37 Utskottet
720 1848 57 36 får
806 1847 162 37 hänvisa
993 1848 56 36 till
1077 1848 75 36 vad
1183 1850 279 36 statskontoret
1489 1851 128 35 anfört
1646 1856 80 31 mot
1754 1851 261 37 motionärens

390 1897 146 48 förslag
579 1897 72 36 och
680 1898 74 35 kan
779 1898 11 35 i
819 1898 204 37 huvudsak
1051 1898 210 37 inskränka
1292 1900 59 48 sig
1379 1900 57 35 till
1466 1905 54 31 att
1546 1900 207 37 instämma
1781 1901 95 37 däri.
1932 1902 82 37 Vad

390 1947 180 36 beträffar
610 1948 74 35 den
725 1961 46 23 av
813 1947 121 37 andra
975 1949 247 36 kammarens
1264 1951 147 35 utskott
1453 1951 162 36 anförda
1644 1952 282 49 motiveringen
1956 1953 59 36 för

389 2003 54 30 ett
468 1998 276 48 jämställande
777 2012 46 22 av
852 1999 420 49 underinspektörerna
1292 2001 61 37 vid
1375 2001 390 50 yrkesinspektionen
1788 2004 87 35 med
1896 2003 118 36 andre

388 2048 298 49 inspektörerna
710 2049 62 35 vid
801 2049 440 49 fartygsinspektionen,
1268 2055 40 32 så
1328 2065 115 35 synes
1465 2051 72 37 den
1559 2053 190 36 utskottet
1768 2067 92 23 vara
1880 2054 135 49 byggd

389 2102 49 45 på
477 2099 197 36 svävande
717 2100 71 35 och
816 2099 11 36 i
856 2100 97 36 intet
992 2101 193 36 avseende
1219 2102 200 48 bestyrkta
1447 2103 210 48 uppgifter.
1714 2103 81 37 Och
1825 2109 96 32 även
1953 2118 59 22 om

391 2150 67 48 fog
501 2150 60 36 för
603 2155 56 31 ett
696 2150 138 36 sådant
872 2151 277 47 jämställande
1180 2152 129 37 kunde
1335 2153 221 46 förefinnas,
1587 2154 254 49 uppkommer
1870 2155 9 35 i
1908 2155 106 48 varje

391 2200 66 36 fall
496 2201 150 48 frågan,
677 2214 60 22 om
763 2200 64 37 det
856 2201 75 37 kan
962 2215 113 23 anses
1104 2202 155 36 rättvist
1288 2208 54 31 att
1361 2204 111 48 flytta
1488 2218 78 35 upp
1595 2205 420 48 underinspektörerna

389 2251 63 36 vid
482 2251 391 49 yrkesinspektionen
903 2252 9 35 i
944 2265 146 23 samma
1114 2253 106 36 klass
1241 2254 9 35 i
1271 2254 356 50 resereglementet,
1656 2255 56 36 till
1733 2255 128 37 vilken
1881 2256 133 50 yrkes-
