2222 2620
732 189 258 32 Statsutskottets
1012 189 168 31 utlåtande
1202 188 52 30 Nr
1278 191 48 27 61.
1786 185 35 30 11

947 596 67 39 Nr
1041 597 69 38 61.

701 703 127 27 Ankom
851 703 49 27 till
925 703 188 36 riksdagens
1138 701 104 28 kansli
1267 702 61 26 den
1356 701 35 27 19
1416 700 79 36 april
1523 700 78 27 1918
1626 699 40 27 kl.
1693 699 17 27 3
1734 707 25 18 e.
1784 707 40 18 m.

546 812 194 36 Utlåtande
779 812 15 35 i
833 812 196 47 anledning
1070 824 44 22 av
1145 811 132 47 Kungl.
1307 810 127 48 Maj:ts
1457 808 227 48 proposition
1713 807 115 49 angåä-

641 872 86 35 ende
768 871 160 49 befrielse
962 876 64 41 för
1067 871 170 48 kaptenen
1274 870 61 36 vid
1369 870 133 47 flottan
1541 869 122 35 Johan
1692 867 136 49 Sigurd

642 930 232 50 Svinhufvud
915 938 51 28 att
995 932 115 46 gälda
1138 931 86 34 visst
1251 930 127 35 honom
1407 929 54 35 till
1489 928 191 48 utgivande
1708 928 122 35 ådömt

642 990 348 50 ersättningsbelopp.

1525 1038 74 49 (1:a
1627 1038 98 49 avd.)

332 1145 64 37 Uti
438 1158 46 24 en
511 1144 57 37 till
595 1144 205 49 riksdagen
829 1145 157 42 avlåten,
1019 1144 72 36 den
1121 1145 20 34 5
1172 1144 94 49 april
1297 1145 97 34 1918
1424 1143 238 49 dagtecknad
1691 1155 138 36 propo-

231 1197 112 36 sition
383 1196 57 49 (nr
481 1196 100 49 222),
616 1210 79 23 som
733 1197 192 36 hänvisats
962 1196 58 36 till
1058 1195 274 37 förberedande
1368 1195 233 49 behandling
1642 1208 47 22 av
1717 1199 111 31 stats-

229 1249 198 46 utskottet,
465 1249 67 36 har
576 1248 141 49 Kungl.
765 1248 116 49 Maj:t,
926 1248 120 37 under
1087 1247 237 50 åberopande
1365 1260 46 23 av
1451 1246 282 50 propositionen
1773 1245 56 37 bi-

230 1297 79 57 lagt
348 1277 139 72 utdrag
528 1314 47 22 av
615 1273 409 80 statsrådsprotokollet
1065 1304 89 31 över
1181 1299 390 49 sjöförsvarsärenden
1601 1298 57 36 för
1686 1310 143 24 samma

230 1352 87 47 dag,
347 1348 192 71 föreslagit
578 1352 215 48 riksdagen,
823 1357 55 31 att
918 1352 189 48 kaptenen
1143 1351 65 35 vid
1236 1350 133 37 flottan
1396 1351 125 35 Johan
1550 1349 139 49 Sigurd
1719 1348 109 37 Svin-

229 1403 147 36 hufvud
404 1406 61 33 må
491 1403 138 37 befrias
657 1403 83 36 från
770 1403 72 36 den
870 1403 152 47 honom,
1048 1402 153 48 jämlikt
1227 1402 313 36 kammarrättens
1568 1402 126 47 utslag
1713 1400 72 36 den
1806 1402 20 34 9

232 1451 149 69 augusti
412 1457 110 46 1916,
552 1455 203 49 åliggande
774 1454 221 50 skyldighet
1015 1459 55 31 att
1090 1454 55 36 till
1165 1454 222 36 statsverket
1407 1453 130 64 utgiva
1559 1455 112 46 1,714
1691 1453 138 35 kronor

232 1508 21 35 5
296 1511 63 32 öre
382 1507 119 49 jämte
514 1480 133 80 'ränta,
676 1512 97 31 samt
805 1512 54 31 att
887 1506 289 49 ifrågavarande
1204 1506 137 49 belopp
1369 1508 60 33 må
1456 1519 44 22 ur
1526 1482 304 71 räkenskaperna

231 1559 160 36 avföras.

334 1610 236 36 Beträffande
597 1610 253 49 utredningen
878 1610 11 36 i
914 1610 154 36 ärendet
1089 1609 56 36 får
1163 1609 183 37 utskottet
1364 1608 157 37 hänvisa
1540 1608 57 36 till
1618 1607 211 50 åberopade

231 1657 418 57 statsrådsprotokollet.
868 1697 12 11 .

335 1764 130 38 Under
500 1767 39 34 år
569 1766 96 35 1915
694 1765 171 49 yppades
893 1764 64 37 vid
985 1764 248 48 redovisning
1262 1777 47 23 av
1336 1763 101 37 vissa
1464 1763 133 46 medel,
1627 1776 81 23 som
1737 1763 92 48 kap-

230 1822 112 31 tenen
381 1816 239 37 Svinhufvud
660 1817 13 35 i
715 1817 191 49 egenskap
949 1829 46 23 av
1027 1816 89 36 chef
1152 1816 59 36 för
1254 1818 32 34 1.
1315 1815 424 49 bevärimgskompaniet
1765 1814 64 36 vid

230 1868 153 37 flottans
411 1868 141 37 station
579 1868 12 36 i
619 1868 234 36 Karlskrona
879 1868 192 50 uppburit,
1100 1867 94 37 brist
1222 1868 57 35 till
1306 1867 138 50 belopp
1473 1880 47 23 av
1550 1868 111 47 1,714
1690 1866 140 37 kronor

204 1951 3 3 .
231 1921 22 35 5
270 1925 74 32 öre.
373 1920 134 49 Enligt
523 1920 74 47 vad
617 1920 251 49 utredningen
887 1920 12 36 i
919 1920 154 36 ärendet
1090 1920 107 64 giver
1215 1919 65 37 vid
1299 1919 160 47 handen,
1471 1919 97 36 hade
1586 1918 63 36 vid
1670 1918 72 36 den
1762 1918 66 47 tid,

231 1972 47 37 då
305 1971 286 65 ifrågavarande
619 1972 95 37 brist
741 1975 179 46 uppstått,
951 1972 151 36 särskilt
1119 1975 49 45 på
1186 1971 126 59 grund
1331 1985 47 23 av
1396 1971 153 37 flottans
1569 1970 261 48 mobilisering

231 2038 47 23 en
319 2027 40 33 så
391 2030 79 30 stor
497 2024 242 36 arbetsbörda
765 2024 141 49 påvilat
935 2022 240 38 Svinhufvud
1203 2024 13 35 i
1244 2024 95 35 hans
1367 2023 191 49 egenskap
1587 2036 47 23 av
1662 2022 88 37 chef
1774 2022 56 36 för

233 2072 33 40 I.
307 2075 422 50 beväringskompaniet
769 2075 64 37 vid
874 2076 166 35 nämnda
1081 2076 151 47 station,
1263 2080 52 31 att
1356 2075 61 36 det
1456 2075 81 36 icke
1564 2075 97 35 varit
1689 2074 140 36 honom

231 2127 151 49 möjligt
423 2133 65 42 att,
528 2133 93 30 utan
653 2127 280 37 åsidosättande
962 2141 47 22 av
1037 2127 116 36 andra
1180 2127 181 48 göromål,
1391 2127 96 49 själv
1515 2126 214 49 ombesörja
1758 2125 70 37 den

231 2157 257 63 ekonomiska
504 2179 282 49 förvaltningen
813 2179 64 36 vid
905 2179 229 49 kompaniet.
1177 2178 88 37 Med
1293 2179 147 49 hänsyn
1460 2178 55 36 till
1534 2178 12 36 i
1566 2178 153 36 ärendet
1734 2177 96 36 före-

230 2231 139 36 komna
419 2231 321 49 omständigheter
790 2231 68 37 -har
898 2231 62 36 det
1002 2231 70 36 ock
1114 2236 142 31 ansetts
1298 2231 266 48 otvivelaktigt
1591 2252 50 4 —
1670 2243 61 23 om
1760 2229 70 37 ock

226 2283 179 49 juridiskt
445 2283 188 38 bindande
673 2283 106 37 bevis
821 2282 127 37 därför
988 2286 48 46 på
1077 2283 123 49 grund
1242 2296 48 23 av
1330 2281 262 51 föreliggande
1628 2281 202 38 förhållan-

1877 1773 149 23 Utskottets

1888 1808 129 29 yttrande.
