1884 2784
255 153 20 30 8
525 150 452 30 Konstitutionsutskottets
997 151 183 30 memorial
1198 160 42 20 nr
1260 152 41 29 37
1322 152 38 29 år
1382 152 83 29 1966

412 229 224 33 (Nuvarande
663 229 147 39 lydelse)

257 293 191 33 föranleda,
485 293 58 29 må
576 292 223 40 fullmäktige
836 292 10 29 i
880 292 89 29 riks-

257 337 263 39 gäldskontoret
559 337 129 39 bevilja
729 337 146 39 pension
916 336 53 30 till

256 381 78 34 den,
354 390 75 21 som
445 382 89 29 varit
552 382 151 29 ledamot
722 391 43 20 av
781 382 187 38 riksdagen

260 426 82 29 1960
371 426 81 29 eller
480 426 156 39 tidigare,
666 428 92 28 samt
785 426 52 29 till
866 426 103 29 efter-

256 470 143 30 levande
420 471 51 29 till
493 471 110 29 sådan
622 471 246 39 riksdagsman
890 470 78 29 med

255 514 108 39 högre
380 515 124 39 belopp
524 516 45 28 än
588 524 76 20 som
683 515 105 40 följer
807 524 43 21 av
867 515 102 29 dessa

256 559 464 39 övergångsbestämmelser.

294 648 85 29 Avd.
391 648 40 29 D.
447 649 150 29 Pension
609 649 142 39 jämlikt
763 649 101 29 dessa
874 649 95 29 över-

255 693 371 39 gångsbestämmelser
653 695 112 38 utgår,
794 694 87 30 efter
908 704 59 20 an-

255 738 111 29 sökan
395 738 63 29 hos
487 738 221 39 fullmäktige
739 739 11 28 i
778 738 189 40 riksgälds-

256 780 171 36 kontoret,
448 781 11 29 i
480 781 40 29 de
541 781 72 34 fall,
634 781 44 29 då
698 782 147 38 pension
866 782 11 28 i
898 782 71 29 sär-

257 825 91 29 skild
374 826 148 39 ordning
548 826 161 39 beviljats
737 836 42 20 av
804 826 166 41 fullmäk-

256 868 76 39 tige,
352 869 79 29 från
450 870 65 28 och
534 870 78 29 med
631 870 67 29 den
717 871 68 39 dag
801 870 167 39 fullmäk-

257 913 66 39 tige
345 913 191 30 bestämma
555 915 65 28 och
639 915 12 28 i
669 915 120 39 övriga
807 915 62 29 fall
889 915 80 29 från

255 958 66 29 och
340 958 78 29 med
437 958 68 30 den
523 959 75 39 dag,
618 959 44 29 då
681 960 116 28 rätten
815 960 52 28 till
885 968 83 30 pen-

258 1002 78 28 sion
371 1002 132 30 inträtt.
542 1003 194 29 Pensionen
775 1004 100 38 utgår
912 1004 55 30 till

253 1046 67 29 och
340 1047 77 29 med
438 1048 67 28 den
525 1048 76 39 dag,
621 1048 45 29 då
685 1057 44 20 en
749 1048 129 30 månad
898 1048 69 29 för-

254 1091 97 29 flutit
386 1091 88 30 efter
507 1092 330 39 pensionstagarens
873 1093 94 29 från-

254 1135 93 34 fälle,
372 1136 92 34 eller,
489 1136 62 29 där
575 1137 284 38 pensionsrätten
882 1146 86 30 upp-

253 1179 66 30 hör
334 1189 42 20 av
391 1190 116 20 annan
523 1181 199 39 anledning,
737 1182 54 29 till
807 1181 64 30 och
887 1182 80 29 med

254 1224 175 39 utgången
453 1234 42 20 av
518 1226 66 29 den
608 1226 140 34 månad,
772 1227 112 29 under
905 1227 62 28 vil-

254 1268 69 29 ken
344 1270 114 28 rätten
481 1270 162 39 upphört.

1182 231 225 39 (Föreslagen
1434 231 145 39 lydelse)

1028 293 190 35 föranleda,
1245 294 58 29 må
1328 294 169 38 styrelsen
1524 294 55 39 för
1605 294 136 29 riksda-

1027 346 83 30 gens
1130 338 362 39 förvaltningskontor
1512 339 128 39 bevilja
1659 348 82 30 pen-

1029 382 76 29 sion
1130 383 51 28 till
1206 383 77 33 den,
1309 392 75 20 som
1408 383 89 29 varit
1522 383 151 30 ledamot
1698 393 42 20 av

1027 427 188 38 riksdagen
1245 427 82 30 1960
1355 428 83 28 eller
1464 428 157 39 tidigare,
1650 429 90 28 samt

1027 471 54 29 till
1102 471 236 30 efterlevande
1359 472 51 29 till
1434 472 109 29 sådan
1565 473 176 38 riksdags-

1027 525 83 19 man
1132 517 80 28 med
1234 516 108 39 högre
1362 517 125 38 belopp
1510 517 44 28 än
1578 526 75 20 som
1676 517 64 29 föl-

1026 560 54 39 jer
1115 569 41 21 av
1191 561 102 29 dessa
1328 561 411 39 övergångsbestämmel-

1028 613 63 20 ser.

1065 649 84 29 Avd.
1162 650 40 28 D.
1218 650 150 29 Pension
1381 650 141 39 jämlikt
1534 651 101 29 dessa
1645 651 95 29 över-

1026 694 371 39 gångsbestämmelser
1425 696 111 38 utgår,
1564 696 87 30 efter
1679 706 59 19 an-

1027 739 109 29 sökan
1163 740 63 28 hos
1254 739 169 39 styrelsen
1450 740 57 39 för
1532 740 206 40 riksdagens

1027 781 371 40 förvaltningskontor,
1418 783 11 28 i
1447 783 40 29 de
1506 782 72 35 fall,
1597 783 44 29 då
1658 792 83 30 pen-

1027 826 76 29 sion
1127 827 11 28 i
1163 827 151 29 särskild
1339 827 150 39 ordning
1512 827 160 39 beviljats
1698 837 42 20 av

1026 871 181 38 styrelsen,
1227 871 79 29 från
1324 871 64 30 och
1406 872 79 29 med
1503 872 66 29 den
1587 872 67 39 dag
1670 874 71 37 sty-

1026 915 113 29 relsen
1167 915 210 30 bestämmer
1403 916 66 29 och
1495 917 12 28 i
1533 917 117 38 övriga
1677 917 62 29 fall

1026 959 79 30 från
1125 960 65 29 och
1209 961 79 28 med
1308 960 66 29 den
1394 961 75 38 dag,
1489 961 45 29 då
1552 962 114 28 rätten
1685 962 54 28 till

1026 1004 145 39 pension
1193 1005 133 29 inträtt.
1349 1005 195 29 Pensionen
1565 1005 100 39 utgår
1686 1006 52 29 till

1026 1048 64 29 och
1110 1049 79 29 med
1210 1050 65 28 den
1297 1050 76 38 dag,
1394 1049 45 30 då
1457 1059 44 19 en
1520 1050 128 30 månad
1669 1050 70 29 för-

1026 1093 96 29 flutit
1157 1093 89 29 efter
1280 1094 328 39 pensionstagarens
1643 1095 95 29 från-

1026 1137 92 34 fälle,
1143 1138 93 33 eller,
1261 1139 62 29 där
1347 1139 281 38 pensionsrätten
1653 1148 86 30 upp-

1025 1182 66 29 hör
1105 1191 43 20 av
1162 1191 118 21 annan
1296 1183 198 39 anledning,
1509 1184 53 29 till
1578 1183 64 30 och
1658 1184 80 29 med

1026 1226 175 39 utgången
1224 1236 43 20 av
1290 1228 67 28 den
1380 1227 139 34 månad,
1544 1228 110 29 under
1677 1229 62 28 vil-

1025 1271 67 29 ken
1115 1272 114 28 rätten
1253 1272 162 39 upphört.

298 1313 288 40 Pensionstagare
601 1315 80 38 äger
695 1333 45 3 —
753 1334 44 2 —
810 1334 44 2 —
867 1334 44 3 —
923 1335 45 3 —
982 1334 44 3 —
1040 1325 42 20 av
1096 1316 198 39 riksdagen.

294 1358 85 29 Avd.
408 1358 38 29 E.
475 1359 233 39 Fullmäktige
739 1360 11 28 i
778 1360 189 39 riksgälds-

256 1402 162 30 kontoret
452 1403 63 39 äga
551 1403 142 30 utfärda
729 1405 42 29 de
806 1405 161 29 närmare

251 1446 229 35 föreskrifter,
513 1456 73 20 som
617 1448 57 29 må
704 1448 177 30 erfordras
912 1449 54 29 för

251 1491 266 39 tillämpningen
537 1502 42 19 av
598 1492 101 30 dessa
719 1493 247 39 övergångsbe-

252 1537 228 29 stämmelser.

298 1579 263 39 Utbetalningar
587 1581 79 28 med
693 1582 79 29 stöd
798 1591 43 20 av
865 1582 101 29 dessa

252 1624 456 39 övergångsbestämmelser
759 1626 206 29 verkställas

253 1677 43 20 av
311 1668 337 39 riksgäldskontoret
664 1670 94 34 eller,
781 1671 5 28 i
801 1671 66 29 den
884 1671 82 29 mån

254 1712 327 39 kanslideputerade
615 1714 111 29 tillika
758 1715 80 29 med
869 1715 98 29 kam-

253 1765 122 21 rarnas
400 1757 130 29 talmän
553 1758 122 30 därom
699 1759 202 36 bestämma,
925 1769 42 20 av

251 1810 119 20 annan
391 1802 204 39 myndighet
615 1804 82 28 eller
719 1804 204 39 inrättning.

1065 1360 84 29 Avd.
1178 1361 38 28 E.
1245 1361 175 38 Styrelsen
1448 1361 57 40 för
1532 1362 205 39 riksdagens

1024 1405 363 39 förvaltningskontor
1416 1406 82 39 äger
1527 1407 142 29 utfärda
1699 1407 41 29 de

1023 1450 160 29 närmare
1219 1450 230 34 föreskrifter,
1486 1459 75 21 som
1595 1451 56 29 må
1687 1460 51 20 er-

1022 1493 137 30 fordras
1189 1494 55 29 för
1272 1495 267 39 tillämpningen
1566 1505 43 19 av
1636 1495 102 30 dessa

1022 1538 464 39 övergångsbestämmelser.

1070 1582 265 39 Utbetalningar
1360 1583 78 29 med
1466 1584 76 29 stöd
1569 1593 43 20 av
1637 1584 100 29 dessa

1024 1626 455 39 övergångsbestämmelser
1530 1628 207 29 verkställas

1023 1681 42 20 av
1080 1672 338 39 riksgäldskontoret
1434 1674 92 33 eller,
1550 1674 4 29 i
1570 1674 66 29 den
1653 1674 82 29 mån

1024 1714 169 38 styrelsen
1240 1715 57 39 för
1341 1716 205 39 riksdagens
1592 1717 144 39 förvalt-

1024 1759 232 39 ningskontor
1289 1760 123 30 därom
1444 1760 217 37 bestämmer,
1696 1771 41 20 av

1024 1813 118 20 annan
1163 1804 204 39 myndighet
1388 1805 83 29 eller
1492 1805 203 39 inrättning.

295 1925 122 30 Denna
435 1926 55 39 lag
508 1926 116 30 träder
643 1928 12 28 i
673 1927 97 30 kraft
789 1928 66 29 den
877 1929 14 28 1
912 1929 68 39 juli
1001 1928 92 30 1966.
1113 1929 237 38 Fullmäktige
1367 1929 11 29 i
1396 1929 338 39 riksgäldskontoret

250 1968 91 31 skall
357 1970 89 29 dock
462 1971 128 38 avgöra
606 1971 306 39 pensionsärende,
930 1973 74 29 vari
1021 1973 159 30 ansökan
1197 1974 189 29 inkommit
1403 1974 51 29 till
1473 1974 262 39 riksgäldskon-

251 2015 88 28 toret
358 2014 73 30 före
451 2016 154 29 nämnda
623 2016 76 39 dag.

1352 2493 82 15 MARCUS
1443 2493 74 15 BOKTR.
1525 2493 64 15 STHLM
1603 2493 36 16 1966
1656 2494 77 16 660026
