1904 2830
497 147 379 33 Jordbruksutskottets
902 151 177 31 utlåtande
1104 153 48 30 Nr
1180 155 47 29 75.
1601 154 18 30 9

109 231 48 28 att
180 230 115 30 vända
318 230 49 37 sig
389 231 52 29 till
464 231 230 31 leverantörer
720 233 142 30 utanför
887 235 345 36 regleringsområdet
1256 239 97 36 göres
1375 241 172 31 beroende
1571 251 42 21 av

109 280 367 37 lantbruksstyrelsens
498 283 237 36 medgivande.
754 301 46 4 —
819 284 157 36 Angivna
998 287 179 38 undantag
1196 288 80 31 från
1295 290 237 38 huvudregeln
1552 293 61 29 äro

108 331 181 36 betingade
311 332 75 30 icke
407 333 87 30 blott
516 342 43 21 av
581 334 306 36 partihandlarnas
909 344 87 28 egna
1017 340 85 27 utan
1124 339 86 29 även
1234 349 43 20 av
1301 340 312 33 konsumenternas

108 381 176 31 intressen.
330 383 49 30 Av
404 384 138 37 hänsyn
567 385 51 30 till
644 385 209 32 sistberörda
877 387 168 31 intressen
1067 390 97 30 torde
1187 391 77 36 den,
1289 400 74 22 som
1387 392 136 32 erhållit
1547 394 65 30 till-

108 432 100 31 stånd
232 436 49 28 att
305 434 82 30 idka
410 435 220 37 partihandel
656 437 96 30 inom
777 439 354 38 regleringsområdet,
1158 442 86 30 böra
1268 441 68 32 låta
1360 445 50 36 sig
1434 445 178 37 angeläget

108 493 82 21 vara
208 487 49 28 att
274 486 79 29 med
370 486 196 31 beaktande
583 497 43 20 av
644 489 56 30 det
719 489 94 31 förut
831 490 150 31 anförda
999 492 85 30 söka
1102 493 110 31 ordna
1230 503 43 21 en
1293 494 318 33 tillfredsställande

107 534 157 32 tillförsel
285 545 43 21 av
349 537 95 30 torsk
464 538 51 30 till
535 538 156 32 området
710 539 121 38 ifråga.

154 586 62 30 Det
240 587 96 30 torde
359 587 89 37 ligga
472 588 11 30 i
507 590 123 30 sakens
654 594 113 33 natur,
792 595 49 28 att
864 593 247 36 partihandeln
1135 594 74 32 icke
1233 597 70 29 kan
1327 597 80 31 eller
1431 607 60 22 ens
1515 598 64 31 bör
1603 599 10 30 i

107 636 95 37 varje
225 638 105 36 detalj
355 640 149 35 regleras
531 649 123 27 genom
679 642 42 30 de
748 643 134 36 villkor,
907 653 75 21 som
1006 645 105 37 enligt
1135 647 68 30 vad
1227 656 48 21 nu
1301 651 91 33 sagts
1418 649 99 31 skola
1542 649 69 31 för-

106 687 149 37 knippas
276 689 80 30 med
380 689 156 32 tillstånd
560 691 50 30 till
635 690 110 33 sådan
768 694 138 30 handel.
952 695 83 31 Man
1057 695 55 31 får
1135 697 83 36 nöja
1240 698 50 36 sig
1313 699 79 30 med
1416 702 49 28 att
1488 701 125 36 angiva

107 737 90 32 vissa
226 739 178 32 allmänna
436 741 182 36 riktlinjer.
673 743 213 38 Erforderlig
917 745 118 37 tillsyn
1067 748 80 29 över
1179 748 92 30 huru
1302 748 268 34 förhållandena
1603 752 10 30 i

106 788 184 35 praktiken
308 791 160 31 utveckla
485 791 50 37 sig
552 792 96 31 torde
667 793 86 31 böra
769 795 122 30 utövas
910 805 44 21 av
971 797 359 38 lantbruksstyrelsen.
1371 800 68 31 För
1457 804 49 28 att
1524 798 88 46 möj-

106 838 129 37 liggöra
260 840 151 31 kontroll
434 842 81 30 över
538 843 289 37 partihandlarna
849 846 97 31 torde
970 847 100 31 dessa
1094 848 85 31 böra
1205 859 84 22 vara
1314 851 157 37 skyldiga
1497 855 50 29 att
1569 852 44 38 på

103 890 176 30 anmodan
305 892 118 31 lämna
448 893 352 38 lantbruksstyrelsen
825 897 69 30 alla
919 897 42 30 de
986 899 251 37 upplysningar
1262 900 178 38 angående
1464 913 44 21 av
1531 904 78 30 dem

104 940 163 31 bedriven
286 942 128 31 handel
433 944 80 30 med
534 944 97 31 färsk
650 946 106 36 torsk,
777 956 75 21 som
871 948 167 36 styrelsen
1058 950 70 30 kan
1148 950 99 32 finna
1267 952 234 39 erforderliga.
1545 954 64 31 Det

103 992 97 30 torde
222 993 88 29 även
332 993 85 31 böra
440 993 113 39 åligga
575 996 80 30 dem
678 999 50 28 att
752 997 46 37 på
822 998 193 32 anfordran
1038 1001 101 31 ställa
1161 1002 52 30 sin
1236 1003 186 38 bokföring
1445 1004 51 31 till
1521 1006 86 30 lant-

103 1042 293 38 bruksstyrelsens
419 1045 207 38 förfogande
646 1048 10 30 i
676 1049 66 29 och
763 1049 55 30 för
838 1050 152 31 kontroll
1009 1060 43 22 av
1072 1053 273 32 verksamheten.
1389 1055 79 31 Helt
1491 1059 116 28 natur-

104 1092 58 37 ligt
182 1094 64 29 har
266 1094 9 30 i
297 1095 111 36 dylikt
427 1096 63 31 fall
510 1098 351 38 lantbruksstyrelsen
880 1104 49 28 att
948 1102 99 37 tillse,
1070 1106 49 28 att
1141 1104 95 37 dylik
1258 1106 349 38 bokföringsgransk-

103 1143 83 38 ning
203 1145 132 31 utföres
354 1146 45 37 på
418 1146 124 33 sådant
561 1150 76 35 sätt,
660 1153 49 28 att
729 1151 31 37 ej
781 1152 182 37 olägenhet
982 1154 108 30 därav
1109 1155 145 37 uppstår
1274 1156 55 31 för
1348 1157 259 32 vederbörande

102 1194 256 39 affärsföretag.
406 1197 173 38 Styrelsen
606 1201 63 30 bör
694 1202 118 31 vidare
838 1204 55 30 för
919 1207 49 28 att
993 1205 120 31 kunna
1137 1206 77 31 leda
1237 1208 242 37 utvecklingen
1503 1209 11 31 i
1539 1210 68 30 rätt

102 1245 153 39 riktning
274 1248 64 35 äga
357 1248 130 32 tilldela
509 1252 270 38 partihandlare,
801 1264 74 21 som
897 1256 75 30 icke
992 1255 98 38 lojalt
1109 1258 123 30 utövar
1253 1258 75 31 sina
1350 1259 256 38 befogenheter,

102 1297 145 38 varning
266 1299 81 30 eller
367 1299 55 31 för
443 1301 139 32 kortare
602 1304 81 30 eller
705 1305 118 37 längre
843 1306 50 31 tid
914 1307 146 37 indraga
1079 1305 438 47 partihandelstillståndet.

147 1380 218 38 Proposition
386 1384 12 30 i
419 1386 141 31 ärendet
580 1389 97 30 torde
697 1388 140 38 Jämlikt
857 1389 20 40 8
900 1392 42 29 54
965 1391 351 39 riksdagsordningen
1336 1394 119 31 kunna
1478 1395 131 31 avlåtas

104 1434 83 28 utan
211 1433 124 31 hinder
361 1444 42 21 av
428 1439 49 28 att
504 1438 66 30 den
595 1438 53 31 för
673 1441 271 35 propositioners
970 1443 231 31 avlämnande
1225 1444 52 30 till
1303 1444 184 38 riksdagen
1512 1446 10 30 i
1548 1446 59 30 all-

104 1483 140 31 mänhet
261 1485 163 36 stadgade
442 1487 49 30 tid
510 1487 70 37 gått
597 1489 51 30 till
667 1490 101 30 ända.
810 1491 64 37 Jag
890 1492 200 32 förutsätter
1109 1496 58 34 att,
1186 1494 108 30 innan
1313 1495 235 32 förordnande
1566 1506 43 21 av

104 1533 120 37 Kungl.
247 1534 102 38 Maj:t
370 1537 176 32 meddelas
566 1539 105 37 enligt
693 1541 55 30 det
771 1551 42 21 av
835 1542 70 37 mig
927 1543 185 32 förordade
1136 1544 395 40 författningsförslaget,
1553 1547 56 31 det

104 1585 192 37 ytterligare
324 1588 238 37 övervägande
590 1600 43 21 av
660 1592 150 37 ärendet,
841 1602 74 22 som
945 1604 42 20 ur
1016 1595 287 37 handelspolitisk
1331 1598 178 36 synpunkt
1538 1599 70 30 kan

103 1634 114 32 finnas
243 1637 225 39 erforderligt,
494 1641 89 30 skall
608 1641 90 32 hava
724 1643 56 37 ägt
806 1653 87 21 rum.

145 1736 263 38 Propositionen
431 1749 98 22 avser
551 1741 277 39 bemyndigande
850 1745 89 30 intill
962 1747 66 30 den
1054 1748 14 28 1
1091 1747 62 37 juli
1180 1749 82 29 1939
1286 1748 53 31 för
1361 1750 122 36 Kungl.
1506 1750 102 38 Maj:t

103 1790 49 27 att
174 1788 106 37 enligt
305 1789 165 33 liknande
495 1793 159 36 grunder,
683 1803 75 21 som
785 1795 94 38 följts
905 1796 57 31 vid
989 1797 68 30 den
1082 1797 37 31 år
1149 1799 82 30 1934
1257 1800 228 35 genomförda
1511 1810 95 28 orga-

101 1838 194 32 nisationen
321 1850 41 21 av
392 1843 387 39 strömmingshandeln,
807 1847 130 36 reglera
967 1848 152 31 handeln
1146 1851 78 29 med
1254 1850 94 31 färsk
1376 1852 107 30 torsk.
1537 1852 70 30 Där

103 1889 121 36 Kungl.
250 1890 101 38 Maj:t
376 1892 38 30 så
438 1892 195 38 förordnar,
659 1896 89 29 skall
772 1897 219 35 partihandel
1017 1900 79 29 med
1121 1901 94 30 torsk
1241 1901 108 30 under
1374 1902 68 30 viss
1465 1902 50 31 tid
1539 1904 66 29 och

101 1939 94 31 inom
214 1940 82 31 visst
314 1942 142 31 område
475 1943 76 31 icke
569 1944 36 31 få
623 1945 159 31 bedrivas
800 1950 84 27 utan
903 1948 154 31 tillstånd
1077 1959 43 20 av
1138 1950 358 38 lantbruksstyrelsen.
1539 1953 66 30 En-

102 1991 75 30 dast
195 1992 106 35 torsk,
320 1992 123 37 inköpt
462 1994 79 30 från
558 1996 269 37 partihandlare,
848 1998 87 30 skall
954 1999 62 31 där
1035 1999 36 31 få
1090 2000 92 31 föras
1201 2001 11 30 i
1233 2002 244 37 detaljhandel.
1498 2004 107 31 Parti-

102 2042 151 30 handeln
276 2043 87 30 skall
386 2043 11 31 i
422 2043 108 32 första
554 2046 93 31 hand
670 2047 146 31 omfatta
839 2050 105 35 torsk,
971 2049 128 38 fångad
1123 2061 42 20 av
1186 2054 147 29 svenska
1358 2053 129 32 fiskare
1509 2055 96 30 inom

102 2093 354 36 regleringsområdet.
514 2096 115 37 Enligt
660 2098 399 36 departementschefens
1091 2102 177 32 uttalande
1300 2104 10 29 i
1344 2101 261 45 propositionen

101 2152 98 22 avser
225 2144 202 37 ifrågasatta
453 2147 167 37 reglering
649 2148 52 31 för
728 2151 217 30 närvarande
973 2153 155 30 närmast
1155 2149 311 38 Öresundskusten.

145 2194 175 31 Motionen
343 2196 41 29 II:
404 2197 60 29 732
491 2197 153 38 innebär,
669 2202 48 28 att
742 2201 56 30 det
820 2201 148 36 begärda
993 2202 291 38 bemyndigandet
1309 2206 87 30 skall
1420 2207 185 36 begränsas

103 2243 71 31 dels
194 2248 48 27 att
261 2246 90 35 gälla
369 2246 50 30 till
439 2247 66 30 den
530 2249 12 28 1
565 2248 63 37 juli
650 2250 82 29 1937
764 2250 71 31 dels
854 2252 66 29 ock
939 2255 49 27 att
1007 2262 79 21 avse
1105 2254 198 31 Malmöhus
1323 2257 66 30 län.
1435 2257 79 30 Med
1534 2268 71 20 mo-

104 2293 115 31 tionen
236 2295 44 29 II:
296 2296 63 29 803
379 2295 73 31 åter
468 2295 131 38 åsyftas
618 2299 203 37 utvidgning
840 2311 42 19 av
901 2302 213 36 regleringen
1132 2304 10 28 i
1161 2305 84 29 nära
1264 2306 342 32 överensstämmelse

101 2344 79 29 med
198 2345 56 29 det
272 2345 138 37 förslag,
431 2356 75 20 som
522 2347 181 37 framlagts
721 2359 42 20 av
783 2351 83 29 1935
885 2349 56 32 års
957 2352 316 38 fiskeriutredning,
1293 2355 50 30 till
1362 2359 49 27 att
1429 2356 80 31 från
1527 2358 76 30 bör-

102 2393 60 35 Jan
178 2395 146 30 omfatta
343 2394 112 32 Skåne
473 2398 64 28 och
554 2398 163 36 Blekinge
734 2403 89 26 samt
839 2410 79 20 avse
936 2402 153 30 handeln
1107 2404 88 35 med,
1214 2404 153 31 förutom
1383 2406 97 30 färsk
1499 2409 105 35 torsk,

103 2443 62 37 sill,
182 2445 187 36 rödspätta,
387 2447 153 30 skrubba
565 2448 164 39 (flundra)
754 2451 64 29 och
836 2452 223 30 sandskädda
1081 2453 124 39 (slätta)
1229 2456 164 30 ävensom
1409 2458 114 34 gädda
1538 2459 67 30 och

140 2508 110 32 Bihang
270 2510 40 25 till
330 2510 166 32 riksdagens
517 2512 145 31 protokoll
684 2514 74 24 1936.
787 2515 32 23 10
837 2515 79 25 saml.
945 2517 38 23 Nr
1002 2518 39 23 75.
1559 2521 15 24 2

1658 1761 129 25 Utskottet.
