1856 2774
449 179 299 36 Statsutskottets
765 178 187 35 utlåtande
969 191 42 21 nr
1029 180 65 31 102
1112 178 39 33 år
1168 179 89 32 1959
1561 180 40 28 13

107 274 112 22 serna.
236 260 233 35 Beträffande
487 260 228 43 yttrandena,
733 259 96 34 vilka
847 259 10 33 i
875 257 263 44 propositionen
1158 256 183 42 återgivits
1359 255 127 34 endast
1504 255 10 34 i
1533 255 68 33 den

106 315 84 34 mån
211 316 42 33 de
276 314 224 34 beträffande
522 314 94 33 vissa
637 313 170 43 spörsmål
830 311 146 34 avviker
997 310 78 34 från
1096 310 252 42 utredningens
1369 308 130 42 förslag
1520 308 81 33 eller

111 368 60 34 det
195 368 100 43 eljest
320 367 137 34 funnits
482 367 148 34 särskild
655 366 189 42 anledning
869 370 56 28 att
950 365 116 41 återge
1092 364 91 40 dem,
1208 363 166 34 hänvisas
1399 362 53 34 till
1477 374 126 30 propo-

106 422 162 41 sitionen,
292 434 27 23 s.
343 425 147 31 26—32.

626 543 452 45 Departementschefen

154 643 402 44 Departementschefen
575 643 64 34 har
658 642 117 34 anfört
793 643 10 33 i
823 641 189 34 huvudsak
1030 640 168 43 följande.

155 717 141 34 Vården
317 728 46 22 av
382 715 165 44 psykiskt
567 714 104 43 sjuka
691 717 37 31 är
749 726 46 22 av
815 713 115 34 skilda
949 712 75 35 skäl
1044 715 95 31 ännu
1160 711 117 34 starkt
1296 710 164 35 eftersatt
1479 708 12 35 i
1510 708 95 35 vissa

107 770 236 35 hänseenden.
372 770 57 34 En
459 768 286 44 grundläggande
776 767 105 34 orsak
910 766 118 34 härtill
1058 765 101 34 torde
1190 776 86 22 vara
1306 768 57 29 att
1391 763 210 42 kunskapen

108 837 60 22 om
185 824 42 34 de
244 823 171 44 psykiska
432 822 271 43 sjukdomarnas
720 825 107 29 natur
845 823 38 31 är
901 818 197 43 bristfällig.
1115 818 124 34 Därav
1257 817 102 42 följer
1376 816 151 43 givetvis
1547 819 56 30 att

109 879 86 33 våra
216 876 223 43 möjligheter
460 876 53 34 till
535 875 150 34 effektiv
707 874 87 34 vård
817 877 38 30 är
878 872 226 43 begränsade.
1126 872 160 33 Numera
1308 870 101 35 torde
1433 870 60 34 det
1516 881 85 21 vara

108 932 149 33 allmänt
276 930 127 34 erkänt
421 934 55 30 att
495 941 43 22 en
557 927 241 35 intensifierad
818 926 217 44 psykiatrisk
1053 925 65 35 och
1139 937 117 21 annan
1277 923 194 35 medicinsk
1490 922 111 34 forsk-

108 985 84 42 ning
209 984 81 34 med
308 983 146 43 mycket
472 987 73 29 stor
563 981 224 35 sannolikhet
805 981 71 33 kan
895 980 112 42 skapa
1024 991 72 31 nya
1114 978 65 34 och
1199 988 272 33 gynnsammare
1490 975 111 34 förut-

110 1038 198 42 sättningar
325 1036 55 34 för
397 1048 43 22 en
459 1035 201 34 förbättrad
678 1034 87 34 vård
783 1034 66 34 och
867 1032 257 43 framgångsrik
1141 1031 216 42 behandling
1375 1042 45 22 av
1438 1029 163 43 psykiskt

110 1091 114 42 sjuka.
238 1090 81 33 Inte
333 1090 111 33 minst
457 1089 101 34 torde
572 1087 269 43 möjligheterna
856 1086 53 34 till
924 1085 261 43 förebyggande
1201 1083 164 43 åtgärder
1378 1083 122 33 kunna
1517 1082 85 34 ökas

109 1143 104 43 högst
232 1142 202 44 väsentligt.
452 1142 68 43 Jag
537 1142 101 34 torde
657 1140 185 43 härvidlag
860 1139 37 35 få
915 1140 113 34 erinra
1047 1151 58 22 om
1124 1139 67 33 den
1212 1150 45 22 av
1276 1136 251 43 utredningens
1546 1148 56 22 ex-

109 1202 79 39 pert
203 1197 10 34 i
229 1197 60 34 det
304 1196 209 43 föregående
530 1195 184 43 återgivna
729 1193 242 43 redogörelsen
987 1192 54 34 för
1056 1192 94 34 olika
1167 1189 436 44 forskningsinriktningar

109 1251 96 34 inom
228 1250 232 43 psykiatrien,
483 1262 45 22 av
551 1249 118 33 vilken
693 1247 216 43 redogörelse
932 1246 93 34 klart
1048 1245 154 42 framgår
1226 1244 96 34 vilka
1346 1247 96 30 stora
1466 1242 135 42 möjlig-

108 1305 99 33 heter
230 1316 75 21 som
329 1315 44 22 en
396 1303 81 34 med
501 1301 324 35 tillfredsställande
848 1311 152 23 resurser
1023 1299 166 34 utrustad
1213 1298 147 34 modern
1385 1295 218 44 psykiatrisk

109 1358 182 41 forskning
312 1357 11 33 i
345 1356 197 34 samarbete
564 1356 82 33 med
668 1366 117 23 annan
808 1353 183 42 forskning
1011 1353 71 33 kan
1104 1364 40 30 ge
1166 1351 54 34 för
1242 1351 162 34 lösandet
1427 1362 45 21 av
1494 1349 108 34 bland

111 1415 110 30 annat
241 1409 352 43 sinnessjukvårdens
613 1406 307 35 svårbemästrade
939 1405 189 43 uppgifter.

154 1472 79 34 Den
257 1471 182 43 forskning
461 1471 95 34 inom
577 1469 231 43 psykiatrien,
831 1481 75 21 som
929 1467 54 34 för
1004 1466 220 34 närvarande
1248 1465 161 34 bedrives
1433 1464 60 33 vid
1516 1464 86 33 våra

111 1525 216 34 medicinska
350 1524 203 39 fakulteter,
576 1523 64 34 har
663 1522 88 43 givit
774 1521 198 35 värdefulla
994 1523 63 31 rön
1080 1520 11 33 i
1113 1520 155 42 kampen
1291 1524 77 28 mot
1391 1516 213 43 sinnessjuk-

111 1579 182 34 domarna.
317 1578 91 33 Man
433 1581 37 30 är
494 1577 91 34 dock
608 1588 146 22 numera
778 1576 149 33 allmänt
951 1586 44 22 av
1019 1574 67 33 den
1109 1572 277 44 uppfattningen
1410 1576 56 29 att
1489 1571 116 33 denna

111 1632 182 42 forskning
315 1631 64 34 bör
401 1630 254 43 kompletteras
678 1628 81 35 med
782 1641 43 22 en
850 1628 116 34 starkt
988 1626 173 43 utvidgad
1183 1625 218 44 psykiatrisk
1423 1623 183 43 forskning

112 1685 60 34 vid
196 1684 323 43 sinnessjukhusen.
543 1683 131 34 Härtill
697 1683 160 33 kommer
881 1681 61 34 det
966 1685 95 30 stora
1084 1680 66 34 och
1173 1679 186 34 kännbara
1382 1678 153 34 behovet
1559 1689 46 21 av

112 1737 380 44 specialistutbildning
511 1749 45 22 av
575 1736 166 34 blivande
760 1736 119 33 läkare
899 1735 95 33 inom
1014 1733 344 42 sinnessjukvården.
1376 1752 47 4 —
1443 1735 86 30 1955
1551 1731 55 33 års

111 1790 512 44 läkarutbildningsutredning
640 1789 154 40 föreslår,
813 1794 55 28 att
886 1788 253 42 principbeslut
1157 1787 38 33 så
1212 1791 99 29 snart
1329 1786 60 33 ske
1405 1785 72 33 kan
1494 1784 112 34 fattas

110 1858 59 20 om
190 1845 268 42 organiserande
480 1856 45 21 av
546 1856 43 21 en
610 1843 214 41 forsknings-
845 1842 66 33 och
932 1840 325 41 utbildningsenhet
1282 1839 25 43 (i
1328 1838 277 41 fortsättningen

112 1898 118 34 kallad
251 1897 404 42 forskningsavdelning)
680 1896 59 33 vid
761 1900 80 28 vart
862 1895 66 33 och
949 1899 52 28 ett
1022 1906 45 21 av
1087 1893 199 34 Ulleråkers
1307 1891 148 43 sjukhus
1476 1891 10 33 i
1507 1891 98 42 Upp-

111 1952 85 40 sala,
216 1951 52 34 S:t
288 1951 86 33 Lars
395 1950 148 42 sjukhus
564 1951 10 33 i
594 1950 115 39 Lund,
728 1949 200 41 Lillhagens
949 1947 147 42 sjukhus
1116 1947 10 32 i
1147 1946 182 41 Göteborg
1348 1945 65 33 och
1433 1944 171 33 Beckom-

111 2005 106 42 berga
240 2004 148 42 sjukhus
412 2005 10 33 i
445 2003 217 35 Stockholm.
684 2003 69 33 För
773 2014 86 30 egen
884 2002 54 33 del
963 2001 58 33 vill
1042 2000 61 42 jag
1125 1998 251 43 inledningsvis
1399 1998 127 39 uttala,
1550 2002 56 28 att

109 2058 62 43 jag
189 2059 80 33 med
288 2058 139 42 hänsyn
446 2058 52 32 till
519 2058 67 33 den
607 2055 293 42 utomordentligt
920 2059 94 29 stora
1034 2053 205 42 betydelsen
1259 2065 46 20 av
1324 2052 113 33 ökade
1457 2052 148 32 insatser

112 2113 47 41 på
175 2113 100 33 detta
292 2112 144 33 område
453 2111 11 34 i
481 2110 189 34 huvudsak
688 2109 155 33 biträder
861 2107 249 41 utredningens
1128 2106 140 41 förslag.
1286 2105 104 33 Mina
1408 2104 197 42 ställnings-

112 2165 177 41 taganden
309 2165 10 33 i
339 2165 94 33 olika
451 2163 223 34 hänseenden
694 2162 154 41 framgår
868 2174 45 20 av
933 2161 60 33 det
1011 2160 166 41 följande.

157 2228 77 33 Vad
260 2227 88 33 först
373 2225 172 34 beträffar
570 2225 122 41 frågan
718 2236 58 20 om
802 2220 493 43 forskningsavdelningarnas
1321 2218 220 41 lokalisering
1568 2221 38 30 är

110 2280 62 42 jag
187 2292 80 21 ense
284 2279 81 33 med
383 2278 232 41 utredningen
632 2290 57 20 om
708 2281 55 28 att
780 2274 477 42 forskningsavdelningarna
1274 2272 126 34 endast
1417 2272 63 33 bör
1497 2272 108 33 inrät-

112 2338 56 28 tas
188 2332 59 34 vid
268 2331 266 42 sinnessjukhus
555 2331 9 32 i
585 2335 105 34 orter,
710 2329 62 33 där
793 2328 191 34 teoretiska
1003 2326 216 34 medicinska
1239 2324 242 35 institutioner
1501 2324 104 33 finns.

112 2386 215 41 Härigenom
352 2385 128 42 skapas
504 2383 221 42 möjligheter
748 2382 53 33 för
825 2381 198 34 samarbete
1047 2379 79 34 med
1151 2379 101 33 dessa
1275 2377 242 35 institutioner
1540 2377 65 34 och

112 2439 234 43 utnyttjande
373 2451 44 20 av
444 2438 100 33 deras
571 2448 150 21 resurser
747 2435 53 33 för
826 2433 307 43 grundforskning,
1161 2433 110 32 vilket
1297 2435 38 30 är
1362 2443 44 21 av
1433 2430 174 42 väsentlig

113 2493 180 42 betydelse
311 2492 53 33 för
381 2492 66 32 den
465 2490 238 43 psykiatriska
721 2488 236 42 forskningen.
