2264 2640
472 221 108 29 Första
604 221 199 28 Kammarens
830 219 158 38 Tillfälliga
1016 219 127 29 Utskotts
1167 217 70 39 (N:o
1263 216 32 38 3)
1325 217 154 29 Utlåtande
1501 217 60 29 N:o
1587 218 29 28 2.
1821 215 18 30 5

352 300 105 37 Hvad
491 313 50 23 nu
575 307 41 28 är
644 299 106 49 sagdt
777 300 128 48 gäller,
932 298 116 37 såsom
1078 310 115 38 synes,
1222 302 136 31 statens
1385 295 337 50 skogsförvaltning
1750 296 11 35 i
1790 303 52 28 sö-

246 355 66 35 dra
341 355 68 35 och
439 355 186 35 mellersta
658 353 159 49 Sverige,
845 354 91 35 eller
964 354 10 34 i
1004 353 44 36 de
1078 353 72 44 län,
1178 365 77 23 som
1287 351 98 48 ligga
1414 351 103 35 söder
1545 364 60 22 om
1635 349 206 37 Dalelfven.

246 409 72 35 Det
358 409 208 36 finansiella
608 408 193 37 resultatet
829 406 41 37 af
895 408 115 35 denna
1040 406 230 48 förvaltning
1299 405 154 49 antydes
1481 403 40 37 af
1547 404 127 49 grefve
1703 406 140 35 ZLewen-

246 465 111 45 haupt
395 475 131 36 genom
570 474 45 23 en
643 462 219 47 hänvisning
890 462 59 34 till
978 459 256 45 förhållandet,
1262 458 131 37 sådant
1420 459 71 44 det,
1520 459 117 48 enligt
1666 458 69 36 den
1764 456 79 37 offi-

246 517 107 35 ciella
396 516 203 36 statistiken
642 514 58 36 för
728 514 39 36 år
801 517 112 42 1891,
943 514 202 48 gestaltade
1174 514 64 48 sig,
1267 512 45 37 då
1340 513 185 48 nemligen
1556 511 202 48 utgifterna
1786 510 58 37 för

246 569 272 49 förvaltningen
548 568 39 37 af
614 569 269 48 statsskogarne
911 568 189 49 uppgingo
1128 568 61 35 till
1219 568 166 43 550,884
1415 566 136 36 kronor
1582 568 43 35 51
1659 572 69 38 öre,
1758 578 86 23 men

246 625 249 34 inkomsterna
525 622 41 37 af
592 635 140 23 samma
760 623 135 48 skogar
923 622 59 36 till
1010 622 127 36 endast
1168 623 163 41 311,217
1363 620 135 35 kronor
1527 622 49 34 79
1606 626 70 38 öre,
1696 619 148 37 hvadan

247 677 203 50 utgifterna
491 676 205 49 öfverstego
737 677 249 35 inkomsterna
1029 675 82 36 med
1142 676 165 43 2389,666
1339 674 134 36 kronor
1503 676 48 35 72
1582 680 77 38 öre;
1688 674 67 35 och
1784 674 60 35 väl

247 732 121 35 skulle
410 744 97 32 man,
548 731 85 35 med
665 736 53 30 ett
747 729 128 37 sådant
902 730 155 36 resultat
1085 728 56 37 för
1169 735 154 42 ögonen,
1351 728 145 48 tvingas
1523 733 55 30 att
1606 728 83 35 dela
1718 726 127 50 grefve

248 787 252 45 Lewenhaupts
542 783 194 50 förvåning
768 783 104 37 öfver
900 784 117 36 »huru
1046 782 64 37 vår
1139 782 173 48 Riksdag,
1341 794 132 23 annars
1501 781 38 36 så
1566 782 116 48 njugg
1710 781 47 48 på
1785 794 59 22 an-

248 840 91 48 slåg,
374 838 39 36 år
446 838 79 36 från
556 837 40 36 år
624 838 143 36 kunnat
794 836 186 51 medgifva
1009 837 137 47 ökning
1173 835 41 36 af
1240 835 188 49 budgeten
1456 834 58 37 för
1541 834 167 50 forstliga
1737 834 108 36 ända-

248 892 107 46 mål»,
384 906 60 22 om
472 891 393 50 förklaringsgrunden
894 891 126 36 härtill
1050 891 78 37 icke
1158 889 80 50 låge
1268 896 88 29 nära
1375 890 58 34 till
1453 889 126 44 hands,
1599 889 90 36 eller
1709 889 56 35 uti
1783 889 63 35 det

247 946 122 36 kända
398 945 258 45 förhållandet,
685 951 55 30 att
768 944 223 37 »Norrlands
1020 944 224 48 statsskogar
1270 944 123 35 lemna
1410 955 43 24 en
1474 942 38 36 så
1530 948 75 30 stor
1625 941 221 49 afkastning,

248 1006 55 30 att
345 1000 212 49 derigenom
600 999 149 36 beredes
791 999 194 49 möjlighet
1025 1003 55 31 att
1114 998 124 35 betala
1271 998 80 35 icke
1381 997 96 36 blott
1507 997 68 35 den
1605 996 240 36 norrländska

249 1053 394 50 skogsförvaltningen,
671 1059 88 30 utan
789 1052 108 37 äfven
925 1052 45 36 de
998 1053 103 35 södra
1130 1051 299 36 landsdelarnes».

356 1107 156 37 Erinran
541 1108 129 35 härom
700 1107 122 37 bildar
849 1106 58 37 för
936 1106 245 36 betraktelsen
1211 1118 43 23 en
1283 1105 166 48 naturlig
1476 1103 201 50 öfvergång
1697 1104 59 36 till
1775 1102 70 37 för-

249 1162 190 36 hållandet
480 1161 84 36 med
606 1161 271 49 statsskogarne
911 1161 11 34 i
951 1159 196 44 Norrland,
1176 1159 157 37 hvarvid
1362 1159 70 36 den
1457 1157 235 51 jemförelsen
1720 1163 128 44 genast

249 1215 189 50 sjelfmant
466 1214 172 50 erbjuder
667 1216 64 48 sig,
760 1221 66 38 att,
856 1228 60 22 om
945 1212 374 50 misshushållningen
1347 1213 12 34 i
1388 1213 44 35 de
1462 1212 105 36 södra
1594 1212 253 36 landsdelarne

248 1275 135 44 ytterst
411 1269 67 35 har
505 1270 54 34 sin
590 1269 121 49 grund
741 1270 54 34 uti
823 1270 316 44 missförhållandet
1164 1269 135 34 emellan
1328 1280 39 22 en
1394 1270 181 33 storartad
1590 1268 256 44 förvallnings-

249 1327 153 44 apparat
436 1324 59 35 och
533 1327 46 32 ett
613 1325 140 34 relativt
793 1324 182 46 obetydligt
1004 1322 358 45 förvaltningsobjekt,
1405 1320 39 36 så
1485 1318 221 37 framträder
1748 1320 99 35 miss-

249 1376 284 48 hushållningen
553 1377 11 34 i
586 1376 43 36 de
649 1388 109 24 norra
778 1375 256 48 landsdelarne
1055 1374 10 35 i
1085 1387 44 23 en
1150 1373 153 37 alldeles
1323 1379 150 30 motsatt
1492 1374 176 48 rigtning,
1685 1374 92 35 eller
1793 1374 54 34 uti

250 1432 313 45 missförhållandet
591 1432 138 34 emellan
758 1443 39 23 en
826 1431 153 45 orimligt
1005 1431 78 34 liten
1103 1430 394 45 förvallningsapparat
1515 1429 59 34 och
1594 1431 46 32 ett
1655 1430 195 33 storartadt

241 1486 358 46 förvaltningsobjekt.
654 1483 127 38 Redan
809 1482 102 37 förut
940 1483 66 35 har
1034 1482 62 36 det
1125 1480 127 38 blifvit
1279 1482 184 43 anmärkt,
1493 1484 55 33 att
1578 1481 115 36 under
1712 1480 62 37 det
1793 1486 55 30 att

246 1537 418 51 jägmästaredistrikten
694 1538 10 34 i
734 1537 125 36 landet
887 1536 104 37 söder
1019 1549 60 23 om
1109 1534 198 38 Dalelfven
1327 1536 11 35 i
1358 1535 176 37 medeltal
1555 1534 155 36 omfatta
1732 1536 114 43 6,000

251 1593 64 35 har
348 1592 190 48 statsskog,
571 1591 37 36 så
637 1590 178 37 innefatta
845 1591 189 35 distrikten
1064 1590 11 35 i
1104 1589 108 36 Norr-
1242 1590 68 35 och
1340 1589 279 36 Vesterbottens
1646 1590 59 34 län
1736 1589 9 34 i
1776 1601 72 22 me-

251 1646 116 35 deltal
397 1647 139 42 76,000
567 1645 66 35 har
662 1645 221 48 statsskogar
911 1644 68 36 och
1008 1644 173 48 betjenas,
1211 1643 127 36 sådant
1367 1643 163 44 oaktadt,
1558 1641 41 37 af
1625 1648 52 31 ett
1705 1641 143 36 mindre

251 1700 100 35 antal
381 1699 322 48 skogstjenstemän
733 1705 43 29 än
806 1699 12 34 i
847 1698 44 35 de
920 1696 249 37 förstnämnda
1198 1696 202 36 distrikten.
1448 1697 62 36 Om
1538 1696 245 35 anställandet
1811 1694 41 36 af

252 1766 43 23 en
340 1751 37 36 så
418 1758 74 29 stor
533 1752 312 48 tjenstepersonal,
877 1763 75 24 som
981 1750 58 36 för
1067 1750 230 36 närvarande
1328 1757 39 28 är
1396 1749 71 36 fäst
1495 1749 61 37 vid
1586 1749 264 48 skogsadmini-

251 1807 201 35 strationen
494 1806 11 34 i
548 1805 103 36 södra
694 1806 160 48 BSverige,
896 1808 39 32 är
968 1803 41 36 af
1034 1804 160 48 verkligt
1223 1802 114 37 behof
1363 1803 198 48 påkalladt,
1590 1802 38 36 så
1655 1802 104 36 torde
1788 1803 61 35 väl

251 1860 108 35 också
388 1860 10 34 i
427 1859 60 36 det
516 1871 108 24 norra
652 1858 148 50 Sverige
829 1857 322 50 skogspersonalen
1182 1857 87 36 böra
1299 1857 87 36 ökas
1414 1857 12 35 i
1454 1855 230 37 förhållande
1708 1856 60 35 till
1789 1855 61 37 det

252 1913 116 36 ökade
397 1912 158 44 område,
584 1911 57 37 för
669 1913 108 36 hvars
807 1913 187 47 betjening
1023 1911 118 36 denna
1170 1912 186 47 personals
1385 1910 235 37 verksamhet
1638 1916 100 42 tages
1758 1910 11 35 i
1790 1923 59 22 an-

252 1966 120 49 språk,
415 1980 84 23 men
544 1968 10 33 i
588 1966 127 36 sådant
749 1967 66 36 fall
844 1966 121 36 skulle
993 1965 45 36 de
1067 1978 109 22 norra
1205 1963 105 37 länen
1340 1964 151 44 erhålla,
1522 1965 12 35 i
1563 1964 123 36 stället
1714 1962 57 37 för
1800 1963 49 35 så-

252 2034 77 22 som
372 2033 48 22 nu
464 2022 22 34 4
530 2019 335 49 öfverjägmästare,
904 2021 48 35 36
983 2018 142 44 sådane,
1154 2019 10 34 i
1194 2019 124 35 stället
1345 2017 57 36 för
1432 2020 48 35 36
1506 2017 234 49 jägmästare,
1773 2019 73 35 432

252 2074 133 35 sådane
414 2074 68 34 och
512 2074 9 33 i
552 2074 123 34 stället
703 2072 57 36 för
794 2075 70 34 129
896 2073 251 47 kronojägare,
1180 2074 110 42 1,548
1321 2070 140 36 sådane.

362 2125 62 36 Uti
454 2126 111 35 rikets
593 2139 108 22 norra
730 2126 72 43 län,
831 2125 171 35 särskildt
1030 2124 109 36 Norr-
1167 2126 68 34 och
1265 2123 283 44 Vesterbottens,
1568 2125 95 34 lärer
1683 2124 58 34 väl
1766 2124 84 34 kon-

252 2179 244 48 solideringen
525 2178 40 36 af
596 2179 269 48 statsskogarne
894 2178 127 36 endast
1049 2178 11 34 i
1088 2177 94 36 färre
1211 2176 68 37 fall
1309 2177 117 35 blifva
1459 2177 171 48 behöflig,
1661 2189 82 23 men
1773 2176 77 36 der-

252 2238 100 30 emot
395 2232 111 35 måste
549 2233 65 34 här
655 2233 150 48 mycket
837 2245 95 23 vara
954 2236 54 30 att
1036 2238 88 40 göra
1152 2230 56 36 för
1237 2236 52 30 ett
1318 2231 118 35 bättre
1465 2230 319 47 tillgodogörande
1813 2229 41 35 af

253 2286 69 35 den
367 2286 190 49 befintliga
600 2285 324 50 skogstillgången.
987 2285 67 35 Det
1096 2285 95 35 lärer
1233 2285 31 46 ej
1307 2297 87 23 vara
1422 2283 112 49 något
1562 2283 129 36 tvifvel
1722 2283 128 36 under-
