2238 2648
445 193 108 29 Första
576 192 199 30 Kammarens
799 186 164 53 Tillfälliga
992 190 127 29 Utskotts
1144 189 72 34 (N:o
1242 187 31 38 3)
1305 187 152 30 Utlåtande
1480 187 59 29 N:o
1565 187 28 28 2.
1776 183 39 31 41

225 273 139 55 passad,
393 278 55 30 att
489 272 63 36 vid
594 271 228 37 densammas
863 270 76 36 slut
972 281 43 24 en
1045 267 135 50 mängd
1210 268 279 35 timmerämnen
1519 265 133 36 hunnit
1681 269 140 31 utväxa

225 322 64 41 till
297 322 348 52 'afverkningsbarå
672 324 93 36 träd.
821 323 128 37 'Skulle
965 322 313 49 timmerskogen'
1295 325 88 31 utan
1411 320 144 49 hänsyn'
1572 319 64 35 till
1661 324 161 43 terräng-

224 376 281 41 förhållandena
547 379 66 37 och
648 379 125 35 endast
809 376 231 38 uteslutande
1078 375 92 37 efter
1198 378 54 33 en'
1270 375 71 35 viss
1365 374 210 35 dimension
1601 378 146 43 uttagas
1765 371 57 50 på

226 448 44 23 en
290 433 97 52 gång
406 435 92 36 eller
517 433 47 49 på
583 420 67 69 kort
679 432 71 45 tid,
765 432 38 36 så
822 432 118 36 skulle
960 440 44 27 en
1025 431 68 35 allt
1108 429 62 36 för
1190 434 75 31 stor
1283 428 189 48 rubbning
1492 426 148 37 inträffa
1658 429 12 34 i
1690 426 44 36 de
1749 424 71 38 för-

226 486 209 46 hållariden,
464 487 212 37 hvarunder
695 485 324 37 'underbeståndet
1053 484 189 36 utvecklat
1270 483 54 48 sig
1352 482 68 35 och
1449 479 201 45 fortlefvat,
1678 480 69 36 och
1769 479 51 49 på

226 542 134 50 många
388 542 132 36 ställen
547 541 120 36 skulle
689 538 296 51 skogsbeståndet
1006 537 106 37 déraf
1128 543 86 43 taga
1234 536 125 43 skada,
1380 535 169 36 markens
1569 534 252 48 produktions-

226 595 167 50 förmåga
420 595 23 36 å
468 594 233 50 exponerade
730 595 102 47 lägen
850 592 198 37 'nedsåttas
1077 592 68 35 och
1170 590 217 36 återväxten
1418 588 220 50 äfventyras.

334 649 78 36 Den
455 649 184 50 egentliga
682 648 151 36 orsaken
875 647 60 35 till
973 636 358 67 utsyningstvångets
1355 636 189 67 tillkomst
1572 655 63 22 var
1663 640 158 50 öfverty-

227 705 120 48 gelsen
389 704 139 44 derom,
570 707 55 31 att
657 703 16 34 i
703 702 286 49 lappmarkerna
1023 712 78 24 mer
1136 705 45 29 än
1211 698 235 35 annorstädes
1474 694 146 38 kräfdes
1648 701 54 31 att
1730 701 92 30 sätta

227 770 43 24 en
313 764 109 43 gräns
465 756 57 36 för
566 756 220 36 missbruket
817 754 41 36 af
888 754 179 36 enskildes
1100 751 431 50 skogsäfverkningsrätt,
1560 750 70 35 och
1659 749 161 48 detta
1762 745 11 56 '
1787 745 35 56 ej

228 812 168 44 allenast,
439 812 115 34 såsom
588 808 110 38 ofvan
722 808 242 44 framhållits,
980 812 58 31 ur
1066 806 146 49 forstlig
1240 805 200 50 synpunkt;
1468 809 87 31 utan
1585 804 67 35 ock
1675 802 47 36 af
1748 816 74 22 om-

228 865 136 36 tanken
392 877 60 24 om
478 863 240 50 jordbrukets
747 862 151 37 bestånd
927 863 67 34 och
1023 860 144 37 landets
1195 859 139 48 odling,
1364 859 126 35 hvilka
1519 870 132 36 genom
1677 857 145 48 skogar-

229 914 67 41 nes
320 918 184 36 utödande
533 918 120 36 skulle
682 916 218 50 äfventyras.
948 914 99 37 Utan
1076 914 79 37 stöd
1184 912 41 37 af
1249 913 509 47 de'arbetsförtjenster,
1689 908 63 62 som
1778 923 43 23 en

229 972 159 49 uthållig
411 970 343 51 skogsafverkning
791 968 151 45 medför,
975 970 72 34 kan
1079 967 221 50 jordbruket
1333 967 12 34 i
1374 966 119 36 denna
1512 964 175 52 landsdel
1716 965 12 34 i
1758 965 65 35 all-

229 1023 150 39 mänhet
421 1026 79 35 icke
544 1024 108 37 bestå.
713 1024 82 37 Den
835 1022 330 49 omständigheten,
1193 1019 56 38 att
1286 1026 72 30 stor
1386 1020 93 36 eller
1508 1024 114 31 större
1651 1018 106 36 delen
1786 1017 41 36 af

230 1081 178 48 skogarne
445 1078 152 38 numera
626 1078 183 49 öfvergått
843 1078 12 35 i
888 1077 280 49 bolagshänder,
1196 1065 153 61 minskar
1371 1065 228 61 "ingalunda,
1627 1073 115 48 enligt
1770 1077 54 30 ut-

230 1135 152 36 skottets
410 1133 104 50 åsigt,
542 1133 210 49 betydelsen
773 1132 58 36 för
850 1131 70 36 den
936 1129 279 50 jordbrukande
1235 1127 263 49 befolkningen
1517 1126 41 36 af
1564 1125 260 50 skogsafverk-

230 1187 151 52 ningens
409 1187 223 49 uthållighet
660 1187 67 35 och
756 1182 148 40 dermed
928 1184 178 36 förenade
1130 1181 174 38 tillfällen
1329 1183 59 34 till
1404 1182 101 48 jemn
1526 1179 298 49 arbetsförtjenst.

231 1241 56 37 Då
315 1238 52 39 nu
400 1241 102 36 dessa
531 1240 246 49 biförtjenster
805 1244 64 31 äro
898 1239 44 36 de
971 1238 104 44 enda,
1103 1250 76 23 som
1208 1235 56 37 för
1292 1235 227 36 närvarande
1548 1234 53 36 stå
1628 1234 59 35 till
1716 1233 107 44 buds,

230 1295 103 36 torde
363 1295 61 36 det
453 1295 58 35 för
540 1293 229 50 lagstiftaren
799 1297 86 31 vara
893 1292 295 49 angeläget
1128 1285 59 62 att
1216 1290 108 43 tillse,
1349 1295 54 30 att
1423 1289 102 35 dessa
1545 1286 280 38 förvärfskällor

231 1350 32 47 ej
295 1348 59 36 må
382 1361 133 37 genom
544 1361 42 23 en
617 1346 276 49 lagförändring
923 1346 133 41 utsina,
1082 1345 113 35 innan
1223 1345 74 47 nys
1325 1342 135 36 sådana
1489 1343 139 47 uppstå.

319 1401 6 5 "
339 1401 180 38 Särskildt
537 1398 188 52 förtjenar
745 1400 75 36 'ock
849 1405 55 30 att
933 1398 344 50 uppmärksammas
1305 1396 69 36 den
1400 1395 220 36 ruinerande
1640 1394 185 49 ställning,

232 1458 11 34 i
273 1455 161 44 hvilken,
455 1468 133 36 genom
618 1453 362 51 utsyningstvångets
1009 1450 274 51 upphäfvande,
1311 1451 75 34 alla
1415 1450 44 36 de
1485 1449 192 49 jordegare
1706 1449 118 35 skulle

234 1511 161 41 komma,
426 1510 165 35 hvilka
571 1498 20 62 i
621 1508 97 37 tillit
739 1508 60 36 till
828 1506 285 50 författningens
1143 1504 163 44 bestånd,
1337 1503 160 49 upplåtit
1511 1504 82 35 sina
1613 1503 133 48 skogar
1765 1502 60 35 till

233 1561 219 51 afverkning
494 1563 46 49 på
582 1559 69 40 viss
689 1562 66 37 tid.
811 1561 218 49 Uppenbart
1070 1566 40 29 är
1142 1559 192 48 nemligen,
1369 1563 54 30 att
1450 1557 298 48 timmerskogen,
1774 1568 51 23 nu

233 1617 168 49 skyddad
430 1614 420 52 af'utsyningstvånget,
878 1615 128 36 skulle
1028 1626 132 36 genom
1190 1612 98 36 detta
1308 1611 131 49 tvångs
1459 1610 205 50 utbytande
1683 1615 79 30 mot
1781 1622 43 23 en

233 1669 285 50 dimensionslag
542 1666 199 53 'prisgifvås
770 1669 37 35 åt
830 1669 94 44 dem,
953 1681 77 23 som
1060 1665 198 37 innehafva
1287 1664 365 50 afverkningsrätten.

341 1723 83 46 Om,
440 1723 116 37 såsom
577 1724 227 35 motionären
824 1720 206 51 uppgifver,
1051 1720 305 47 hemmansköpen
1373 1719 9 34 i
1398 1718 299 48 Lappmarkerna
1712 1716 46 49 på
1778 1729 49 23 se-

234 1791 86 22 nare
348 1778 99 35 tiden
477 1778 94 48 tagit
599 1783 113 29 större
731 1775 235 48 omfattnitig,
984 1786 110 38 synes
1109 1774 62 35 det
1190 1773 188 43 utsköttet,
1398 1784 77 23 som
1500 1776 58 31 dm
1575 1771 155 36 orsåken
1750 1770 77 35 der-

234 1832 60 35 till
310 1832 12 34 i
338 1830 112 37 första
470 1837 163 29 rummet
652 1843 87 23 vore
760 1835 54 30 att
833 1829 87 35 söka
935 1829 11 34 i
963 1828 69 36 den
1048 1826 326 49 omständigheten,
1390 1831 54 30 att
1459 1826 116 43 mark,
1591 1825 136 35 beväxt
1742 1823 85 37 med

235 1884 85 50 grof
359 1886 101 47 skog,
504 1885 181 48 knappast
726 1884 115 34 finnes
893 1887 55 31 att
996 1882 96 47 köpa
1139 1880 241 35 annorstädes.
1438 1878 126 37 Under
1597 1877 128 37 sådant
1756 1876 70 37 för-

236 1939 169 51 hållande
448 1939 95 35 lärer
585 1936 390 51 skogsafverkningens
1003 1934 223 50 frigifvande
1256 1934 30 47 ej
1321 1946 87 22 vara
1437 1932 144 48 egnadt,
1610 1931 115 36 såsom
1754 1944 73 22 mo-

235 1992 164 35 tionären
442 1990 217 45 framhållit,
700 1996 53 30 att
790 1980 227 61 förekomma
1046 1980 135 61 dylika
1214 1988 71 48 köp
1321 1992 88 30 utan
1445 1985 175 36 fastmera
1655 1984 173 37 befordra

236 2041 144 45 sådana,
422 2052 86 28 enär
550 2057 131 23 varans
724 2043 229 49 begärlighet
994 2043 87 34 ökas
1123 2051 130 39 genom
1291 2049 43 26 en
1369 2038 110 37 friare
1514 2039 310 48 dispositionsrätt.

237 2096 241 50 Obestridligt
520 2104 39 28 är
602 2098 9 34 i
647 2098 75 34 alla
755 2096 202 44 händelser,
986 2101 55 29 att
1070 2095 120 43 detta,
1198 2093 51 35 'af
1275 2094 231 35 motionären
1536 2092 57 35 för
1622 2092 205 48 utsynings-

236 2152 167 49 tvångets
432 2149 260 50 upphäfvande
721 2148 151 37 anförda
900 2149 90 44 skäl,
1019 2149 34 47 ej
1079 2148 72 34 kan
1181 2147 100 48 gälla
1308 2145 58 36 för
1394 2145 40 35 af
1461 2146 157 48 bolagen
1645 2144 112 36 redan
1778 2145 50 34 in-

236 2206 112 53 köpta
383 2206 183 42 hemman,
599 2203 127 36 hvilka
760 2202 203 36 emellertid
994 2206 132 44 utgöra
1155 2205 44 31 en
1229 2205 84 38 stor,
1341 2204 59 30 om
1431 2200 31 46 ej
1479 2204 145 30 största
1652 2198 105 35 delen
1792 2196 40 36 af

224 2259 232 35 "åtminstone
487 2256 275 37 Vesterbottens
790 2255 205 49 lappmark.
1054 2253 54 36 Af
1134 2253 100 36 detta
1263 2252 224 36 sistnämnda
1516 2251 240 43 förhållande,
1776 2256 54 29 att

308 2311 3 1 "
329 2311 66 40 Bih.
421 2321 45 30 till
489 2321 105 30 Riksd.
621 2320 81 30 Prot.
728 2321 88 28 1894.
866 2320 21 28 &
912 2318 92 30 Saml.
1055 2319 20 27 2
1098 2309 71 46 Afd.
1217 2319 14 26 1
1255 2314 95 32 Band.
1400 2317 20 27 8
1443 2316 83 37 Häöft.
1668 2312 117 30 6
