2206 2634
629 171 409 32 Konstilulionsutskottets
1059 171 170 31 utlåtande
1252 171 52 31 Nr
1326 172 30 30 2.
1778 171 20 30 5

199 252 201 49 anledning
428 254 71 35 kan
529 254 147 35 komma
705 259 53 30 att
788 256 55 33 stå
871 257 47 44 på
947 253 143 36 mindre
1117 254 72 47 god
1220 253 54 36 fot
1304 253 82 35 med
1411 257 112 44 några
1543 253 255 47 församlings-

198 307 78 35 bor.
335 307 15 34 I
389 307 241 36 medvetande
669 307 126 36 härom
836 311 115 31 måste
989 306 61 36 det
1089 306 170 37 förefalla
1297 307 135 35 honom
1473 309 162 46 pinsamt
1670 313 54 30 att
1753 310 45 44 på

198 360 125 47 grund
352 373 43 22 av
423 373 45 23 en
499 373 77 23 mer
604 368 45 28 än
680 360 212 48 femtioårig
921 360 219 48 förordning
1168 362 146 45 tvingas
1340 365 52 30 att
1411 362 125 46 intaga
1556 360 242 35 ordförande-

199 414 155 47 platsen,
395 414 45 35 då
477 414 73 35 han
590 414 184 35 måhända
812 414 91 46 själv
942 414 96 34 hälst
1076 415 119 34 skulle
1233 413 192 48 föredraga
1462 419 53 30 att
1552 413 160 36 försvara
1741 415 56 33 sin

199 467 230 47 ståndpunkt
466 468 89 34 eller
590 472 54 30 att
674 466 157 36 förhålla
860 468 57 46 sig
946 468 130 46 passiv.
1134 466 225 49 Ytterligare
1389 470 59 32 må
1477 466 157 45 anföras,
1665 472 53 30 att
1738 466 61 35 det

199 520 288 47 expeditionella
529 520 153 42 arbetet,
727 532 78 22 som
850 521 146 46 ålägges
1034 520 137 34 honom
1210 521 12 33 i
1253 520 182 47 egenskap
1464 533 44 22 av
1536 519 262 36 ordförande
1777 515 25 56 i

199 573 286 48 kyrkostämma,
515 574 12 33 i
557 574 95 33 vissa
682 571 65 36 fall
777 573 70 34 kan
875 573 150 34 inverka
1049 572 206 36 hindrande
1275 575 47 45 på
1341 572 91 35 hans
1452 574 164 46 verkliga
1637 571 159 49 uppgift.

334 626 55 35 Av
418 626 69 35 vad
516 638 78 22 som
624 624 153 45 anförts,
808 625 103 35 torde
932 625 155 35 sålunda
1108 626 83 35 med
1212 626 186 48 tydlighet
1418 627 93 34 hava
1533 625 168 36 framkom
1719 620 78 58 mit,

200 684 54 30 att
291 679 72 42 det,
401 691 78 23 som
509 680 12 33 i
551 680 189 34 motionen
770 677 151 50 åsyftas,
951 679 203 47 ingalunda
1183 686 40 28 är
1252 692 43 22 av
1325 679 69 35 den
1425 685 66 39 art,
1523 685 52 29 att
1603 678 195 48 riksdagen

199 733 72 34 kan
300 744 105 24 anses
434 732 92 35 hava
554 733 222 47 tillräckliga
805 733 76 34 skäl
912 737 53 30 att
995 738 172 30 motsätta
1196 734 57 46 sig
1281 732 215 45 detsamma,
1528 738 90 30 utan
1648 731 152 36 fastmer

199 798 134 34 genom
363 785 123 35 beslut
514 786 12 33 i
556 787 207 34 motionens
794 786 165 47 riktning
987 787 225 34 konsekvent
1242 785 181 48 fullföljer
1453 786 264 36 förändrandet
1741 787 57 33 till

200 838 215 35 modernare
454 837 137 37 former
629 852 43 22 av
710 838 208 36 föråldrade
952 839 286 35 bestämmelser.
1296 839 86 35 Mitt
1410 839 317 48 återupptagande
1756 852 42 22 av

200 893 188 34 motionen
428 892 119 35 under
584 892 106 35 dessa
728 891 256 36 förhållanden
1024 898 39 29 är
1101 892 156 35 sålunda
1293 894 13 33 i
1336 891 69 36 full
1434 893 365 35 överensstämmelse

200 945 85 35 med
314 944 213 49 riksdagens
557 944 101 37 förut
687 945 191 48 härvidlag
906 945 174 47 vidtagna
1109 946 203 47 åtgärder.»

308 1050 126 38 Såsom
473 1065 43 23 av
554 1053 233 34 motionären
817 1053 185 47 påpekats,
1033 1053 93 35 hava
1154 1052 62 36 vid
1243 1052 90 36 flera
1361 1052 221 48 föregående
1611 1052 189 48 riksdagar

200 1106 183 35 motioner
410 1106 126 35 väckts
565 1105 189 48 angående
784 1106 243 48 upphävande
1056 1119 44 22 av
1129 1111 141 43 pastors
1291 1106 306 47 självskrivenhet
1616 1118 79 23 som
1715 1106 85 35 ord-

201 1158 153 37 förande
382 1159 63 36 vid
474 1160 285 47 kyrkostämma.

307 1212 75 36 Vid
427 1214 100 34 1870
571 1216 57 32 års
671 1212 150 47 riksdag
862 1212 136 49 yrkade
1042 1213 85 35 herr
1169 1213 45 35 A.
1245 1212 55 36 W.
1331 1212 80 36 Uhr
1439 1215 13 32 i
1481 1225 45 23 en
1555 1215 101 33 inom
1687 1213 114 35 andra

200 1267 212 35 kammaren
442 1268 152 46 avgiven
626 1267 140 34 motion
806 1266 109 36 bland
946 1271 123 39 annat,
1100 1271 53 31 att
1181 1266 249 49 kyrkoherdes
1459 1267 90 34 eller
1577 1267 92 35 hans
1699 1268 101 34 ställ-

200 1318 245 37 företrädares
474 1320 304 47 självskrivenhet
812 1323 118 32 såsom
960 1319 222 36 ordförande
1210 1322 13 32 i
1252 1321 277 47 kyrkostämma
1557 1321 119 34 skulle
1707 1333 93 35 upp-

201 1373 101 35 höra.
359 1373 72 35 Till
460 1373 82 35 stöd
570 1372 128 36 härför
726 1372 174 37 framhöll
930 1375 242 42 motionären,
1204 1378 52 30 att
1285 1373 334 48 andligt-kyrkliga
1638 1375 161 34 ärenden

201 1431 132 31 nästan
354 1426 121 48 aldrig
494 1425 228 37 förekomme
743 1429 20 33 å
783 1427 273 48 kyrkostämma
1076 1431 89 30 utan
1186 1428 235 47 gemenligen
1442 1426 94 36 blott
1551 1428 249 34 ekonomiskt-

201 1481 181 47 kyrkliga.
439 1479 260 49 Lagutskottet
727 1480 218 35 hemställde
973 1482 13 33 i
1015 1480 153 35 häröver
1196 1482 145 46 avgivet
1369 1480 190 36 utlåtande
1588 1493 60 22 om
1678 1482 123 47 avslag

201 1537 47 44 på
276 1535 200 35 motionen.
534 1533 268 49 Kyrkoherden
844 1547 87 22 vore
969 1533 93 36 efter
1090 1534 200 35 utskottets
1320 1536 152 46 mening
1501 1535 198 47 onekligen
1729 1534 71 35 den

201 1592 95 30 mest
324 1587 170 36 skickade
527 1593 54 30 att
609 1587 195 36 handhava
832 1587 352 48 ordförandeskapet
1213 1590 21 33 å
1261 1589 288 47 kyrkostämma,
1580 1589 68 34 och
1678 1591 121 45 någon

200 1641 196 47 olägenhet
424 1654 44 23 av
496 1641 121 35 denna
645 1641 161 48 ordning
834 1640 92 36 hade
955 1642 78 34 icke
1064 1640 192 49 försports.
1315 1641 187 36 Utskottet
1530 1645 113 44 ansåg
1664 1641 134 44 därför,

201 1699 54 30 att
284 1696 229 34 motionären
542 1696 80 34 icke
651 1694 187 48 förebragt
867 1698 112 44 något
1006 1696 126 47 giltigt
1161 1696 78 34 skäl
1261 1694 57 36 för
1337 1695 245 48 upphävande
1602 1709 44 21 av
1666 1696 134 48 kyrko-

200 1747 132 36 herdes
375 1749 306 46 självskrivenhet
717 1761 78 23 som
826 1747 233 36 ordförande.
1118 1748 206 36 Utskottets
1353 1749 220 35 hemställan
1604 1748 125 36 bifölls
1758 1762 43 22 av

201 1802 118 47 bägge
348 1803 206 35 kamrarna.

307 1855 107 35 Först
455 1855 61 36 vid
562 1857 98 34 1899
697 1858 58 33 års
785 1855 149 48 riksdag
962 1860 161 43 upptogs
1153 1854 131 48 frågan
1314 1859 96 45 ånyo
1438 1858 12 32 i
1480 1869 45 22 en
1554 1858 103 34 inom
1688 1856 113 35 andra

201 1909 213 35 kammaren
457 1922 44 23 av
529 1909 85 35 herr
642 1908 37 37 J.
710 1909 170 35 Ericsson
908 1910 13 34 i
951 1908 144 36 Vallsta
1123 1910 106 35 väckt
1259 1911 151 42 motion,
1441 1911 77 35 vari
1547 1909 169 49 yrkades,
1748 1915 53 30 att

201 1962 249 48 kyrkoherdes
493 1963 307 46 självskrivenhet
836 1975 77 23 som
944 1962 498 49 kyrkostämmoordförande
1471 1964 118 35 skulle
1619 1964 180 48 upphöra,

201 2028 85 23 men
316 2021 53 31 att
397 2017 229 48 kyrkoherde
655 2017 160 47 alltjämt
844 2017 118 34 skulle
991 2030 85 22 vara
1103 2017 127 35 valbar
1259 2018 57 34 till
1336 2016 232 37 ordförande.
1626 2017 73 35 Till
1720 2017 81 36 stöd

200 2069 126 36 härför
366 2069 172 36 anfördes
580 2070 113 35 bland
723 2075 123 38 annat,
878 2075 52 30 att
959 2070 111 35 redan
1100 2069 71 36 den
1201 2071 334 47 omständigheten,
1566 2076 54 30 att
1650 2070 151 36 faktiskt

202 2122 67 36 fall
299 2122 248 45 förekommit,
578 2124 46 35 då
653 2123 70 36 den
754 2124 240 47 självskrivne
1022 2122 249 37 ordföranden
1293 2124 192 36 befunnits
1505 2126 189 46 olämplig,
1715 2137 86 23 vore

201 2178 79 34 skäl
317 2190 74 35 nog
429 2176 57 36 för
521 2190 46 23 en
598 2177 228 48 förändring.
883 2177 258 48 Lagutskottet
1170 2178 185 48 avstyrkte
1385 2180 188 33 motionen
1604 2178 84 35 med
1717 2178 84 36 åbe-

202 2230 163 48 ropande
407 2244 43 23 av
494 2244 140 23 samma
676 2232 78 34 skäl
784 2244 76 22 som
895 2232 100 34 1870
1025 2234 57 32 års
1111 2232 206 47 lagutskott
1345 2231 135 43 anfört,
1511 2232 66 35 och
1607 2233 195 35 kamrarna

202 2285 147 48 avslogo
391 2284 225 37 densamma.
674 2284 55 36 En
774 2286 140 34 motion
958 2284 83 36 med
1083 2285 194 36 enahanda
1313 2286 165 35 innehåll
1508 2298 78 23 som
1617 2286 71 35 den
1717 2287 84 34 sist-

1820 1060 133 26 Historik.
