2245 2662
780 210 250 30 Bankoutskottets
1053 211 149 29 memorial
1224 211 46 30 Nr
1293 212 52 29 47.
1819 209 40 31 35

266 292 155 37 sökande
464 297 66 43 äga
559 293 53 34 att
639 292 55 48 sig
723 291 150 45 anmäla,
900 291 274 49 tillkännagivas
1202 292 150 36 medelst
1376 292 123 48 anslag
1526 293 21 35 å
1571 292 141 48 vanliga
1735 292 124 36 ställen

265 348 100 35 inom
410 346 356 47 riksgäldskontoret.
828 345 334 49 Ansökningstiden
1210 347 211 35 bestämmes
1467 347 56 35 till
1569 347 110 35 minst
1723 347 136 47 fjorton

266 402 108 47 dagar
407 401 82 35 från
523 400 177 48 anslagets
733 399 228 46 utfärdande;
990 400 90 36 dock
1116 401 101 35 beror
1245 413 43 23 av
1315 401 225 48 fullmäktige
1570 402 53 34 att
1650 402 131 35 utsätta
1810 413 50 36 ny

265 454 285 47 ansökningstid,
585 455 126 44 därest,
745 455 99 34 inom
876 453 68 36 den
978 454 89 36 först
1098 455 183 35 bestämda
1313 455 109 44 tiden,
1457 456 118 46 någon
1604 455 55 35 till
1686 455 174 46 tjänstens

264 508 206 37 erhållande
498 507 87 36 fullt
613 508 152 48 skicklig
794 508 66 35 och
888 507 148 49 lämplig
1064 508 154 36 sökande
1247 509 55 47 sig
1329 509 77 35 icke
1435 508 147 36 anmält.

1008 617 23 47 8
1060 618 62 35 70.

389 706 71 36 För
487 708 53 34 att
567 707 123 35 kunna
719 709 145 46 antagas
891 707 57 36 till
980 708 215 46 tjänsteman
1214 707 59 35 vid
1292 707 341 47 riksgäldskontoret
1651 707 139 36 fordras
1806 709 54 34 att

265 760 91 38 hava
389 761 192 47 undergått
609 761 167 47 godkänd
803 762 308 47 avgångsexamen
1139 762 79 35 från
1235 762 112 47 högre
1367 761 369 46 elementarläroverk;
1767 761 92 36 dock

264 815 85 35 böra
382 815 42 35 de
451 816 228 46 tjänstemän,
709 828 77 22 som
810 816 166 34 anställas
1004 815 59 35 vid
1090 815 244 47 fullmäktiges
1362 815 125 44 kansli,
1516 815 92 35 hava
1636 815 121 48 avlagt
1790 815 68 36 den

264 868 227 37 akademiska
524 881 158 33 examen,
713 881 77 24 som
817 869 138 36 fordras
983 869 55 36 för
1066 871 54 34 att
1146 869 108 36 vinna
1281 868 137 37 inträde
1445 869 12 35 i
1484 869 227 48 Konungens
1743 869 116 36 kansli

264 923 84 36 eller
388 923 13 35 i
441 924 357 46 rättegångsverken;
843 927 168 32 ävensom
1040 923 79 44 den,
1151 924 119 34 vilken
1289 924 182 35 befordras
1489 924 55 35 till
1563 924 295 35 ombudsmanna-

263 976 149 48 sysslan,
448 977 65 35 bör
546 977 90 35 hava
668 977 167 48 fullgjort
871 977 68 35 vad
971 977 302 48 författningarna
1313 977 195 36 föreskriva
1544 978 12 34 i
1597 977 174 36 avseende
1812 978 45 47 på

263 1031 92 44 dem,
383 1043 77 23 som
488 1031 12 34 i
528 1031 229 36 domarevärv
785 1032 58 35 må
870 1032 189 47 begagnas.

1008 1139 21 46 ö
1062 1139 58 36 11

397 1228 74 35 Vid
498 1228 116 48 lediga
642 1229 168 47 tjänsters
838 1229 216 35 tillsättande
1083 1231 187 34 utnämnes
1303 1228 110 36 bland
1441 1229 228 47 kompetente
1703 1228 153 36 sökande

262 1282 80 44 den,
385 1294 78 23 som
505 1282 238 48 fullmäktige,
787 1282 82 36 med
911 1283 173 36 avseende
1132 1284 20 34 å
1194 1283 125 35 vikten
1348 1282 67 36 och
1442 1283 271 48 ansvarigheten
1741 1295 44 23 av
1812 1283 43 35 de

262 1336 173 36 särskilda
476 1336 302 48 befattningarna,
822 1337 96 35 finna
959 1337 55 35 till
1051 1337 67 35 den
1151 1337 115 47 lediga
1299 1337 158 47 tjänsten
1489 1338 90 34 mest
1609 1336 152 49 skicklig
1789 1337 67 35 och

261 1390 189 49 passande;
480 1391 92 35 dock
600 1394 65 44 äga
692 1391 226 47 fullmäktige
946 1393 63 42 att,
1041 1391 63 35 där
1132 1391 43 36 de
1205 1393 37 34 så
1267 1391 165 48 lämpligt
1451 1392 105 41 finna,
1576 1391 150 36 tillsätta
1741 1391 116 48 lediga

261 1445 152 47 tjänster
447 1444 124 36 endast
598 1445 82 35 med
707 1445 284 46 konstitutorial;
1021 1445 125 35 varvid
1174 1445 68 36 den
1262 1446 228 46 tjänsteman,
1511 1458 76 23 som
1616 1445 125 36 sådant
1770 1446 86 35 kon-

261 1498 192 36 stitutorial
482 1499 159 44 erhåller,
672 1498 112 36 under
813 1499 68 35 den
909 1499 63 45 tid,
1005 1499 71 35 han
1104 1500 157 47 tjänsten
1295 1499 204 45 innehaver,
1530 1502 83 45 äger
1645 1499 140 48 åtnjuta
1814 1499 42 36 de

259 1552 223 45 lönevillkor,
512 1553 306 47 avlöningsstaten
846 1554 56 34 för
929 1554 155 46 tjänsten
1113 1554 222 35 bestämmer.

283 1818 212 42 Angående
519 1820 287 41 behandlingen
831 1829 50 23 av
904 1819 133 42 frågor
1060 1821 165 32 rörande
1249 1821 445 41 tjänsteförsummelser
1716 1831 50 23 m.
1783 1831 50 23 m.

1004 1903 23 47 8
1057 1906 60 33 72.

370 1964 71 36 Om
469 1965 119 47 någon
619 1965 215 47 tjänsteman
854 1966 60 34 vid
938 1966 138 35 mindre
1100 1967 184 35 förseelser
1300 1967 12 34 i
1324 1967 156 47 tjänsten
1511 1968 31 46 ej
1572 1967 82 36 låtit
1681 1968 55 47 sig
1764 1968 93 35 rätta

258 2031 46 23 av
335 2018 283 36 vederbörandes
652 2019 212 48 tillsägelser
892 2020 65 36 och
987 2021 193 47 varningar
1208 2020 84 36 eller
1319 2021 105 36 blivit
1454 2020 150 37 beträdd
1631 2022 81 35 med
1740 2020 116 37 vårds-

256 2072 121 36 löshet
418 2072 84 37 eller
545 2073 244 36 försummelse
817 2074 12 35 i
857 2074 53 35 sin
953 2075 242 47 tjänstgöring
1235 2075 85 36 eller
1357 2075 66 36 ock
1451 2076 12 34 i
1492 2075 179 36 allmänna
1698 2076 159 36 levernet

257 2125 196 49 ådagalagt
480 2128 53 34 ett
560 2127 138 35 mindre
725 2127 143 48 värdigt
895 2128 237 48 uppförande,
1161 2129 65 35 bör
1253 2129 72 35 han
1346 2129 94 35 inför
1455 2129 226 48 fullmäktige
1696 2130 160 36 tillrätta-

257 2180 95 35 visas
383 2181 66 35 och
478 2193 138 23 varnas.
673 2181 21 35 I
726 2181 168 36 händelse
923 2182 80 44 den,
1034 2195 76 23 som
1140 2184 45 47 på
1216 2183 96 36 detta
1339 2185 71 34 sätt
1439 2184 191 47 undergått
1657 2184 107 36 första
1783 2197 73 22 var-

258 2234 257 48 ningsgraden,
560 2236 31 45 ej
632 2235 109 36 därav
773 2234 90 37 låter
896 2236 55 48 sig
983 2238 102 44 rätta,
1120 2240 65 45 äga
1220 2237 226 48 fullmäktige
1482 2240 63 42 att,
1575 2238 81 36 med
1684 2238 172 36 avseende

258 2286 21 37 å
322 2288 295 36 förekommande
665 2290 313 48 omständigheter,
1014 2292 45 47 på
1087 2290 122 48 längre
1251 2291 84 36 eller
1375 2291 140 37 kortare
1554 2292 52 35 tid
1639 2292 217 49 suspendera
