2157 2656
98 1090 68 32 Ang.
187 1089 96 32 anslag

101 1125 41 25 till
161 1125 105 25 docent-

82 1160 147 33 stipendier
239 1159 46 26 vid

107 1195 156 25 karolinska

116 1230 140 26 institutet.

136 1267 90 46 [13.]

341 222 41 31 24
809 222 252 32 Statsutskottets
1091 223 174 32 Utlåtande
1290 224 60 52 N:o
1375 228 25 26 9.

297 302 118 48 heter,
446 307 118 44 sägas
595 301 162 36 faktiskt
787 302 133 36 utöfva
974 317 21 21 n
1027 303 193 36 ordinarie
1249 303 213 49 professors
1491 303 233 48 befattning.
1767 302 137 37 Härtill

298 331 151 60 komme
480 331 55 61 att
571 355 11 36 i
614 353 162 50 Sverige
807 354 137 38 funnes
974 355 85 37 icke
1089 370 82 23 mer
1200 361 46 31 än
1270 370 43 23 en
1337 356 243 59 sjelfständig
1596 332 180 61 lärgstoli
1797 361 107 31 rätts-

298 408 70 37 och
399 408 280 47 statsmedicin,
710 384 197 73 nemligen
939 408 72 37 den
1043 409 63 36 vid
1138 409 220 37 karolinska
1386 410 207 36 institutet.

425 461 57 37 Då
518 461 141 48 Kongl.
695 461 130 48 Majits
860 461 254 38 förevarande
1152 462 294 50 framställning,
1477 463 85 36 med
1594 462 148 49 hänsyn
1775 461 56 37 till
1860 462 45 36 de

297 515 95 47 skäl,
438 528 81 23 som
554 515 57 36 till
647 514 87 37 stöd
764 514 58 36 för
851 515 226 37 densamma
1107 515 159 48 anförts,
1297 530 113 34 synes
1440 516 192 36 utskottet
1662 529 89 23 vara
1780 516 40 35 af
1845 516 60 36 be-

297 568 217 36 skaffenhet
557 574 55 31 att
655 569 93 35 böra
793 567 70 36 hos
906 568 224 49 Riksdagen
1173 568 54 37 till
1273 569 101 36 bifall
1420 569 184 48 förordas,
1636 569 56 36 får
1720 569 186 36 utskottet

297 620 216 49 hemställa,

829 679 57 29 att
924 674 228 47 Riksdagen
1189 677 58 32 må
1276 675 56 34 till
1362 675 229 46 förändring
1620 675 42 34 af
1688 675 217 34 nuvarande

700 729 110 31 extra
845 724 190 36 ordinarie
1076 725 244 49 professuren
1356 727 9 34 i
1397 731 113 30 rätts-
1540 725 72 36 och
1643 725 261 37 statsmedicin

702 776 65 35 vid
799 776 224 37 karolinska
1051 777 195 36 institutet
1286 778 56 36 till
1376 792 45 22 en
1453 778 192 36 ordinarie
1675 777 193 49 professur
1895 778 10 35 i

703 842 147 22 samma
893 834 112 31 ämne
1051 830 142 48 bevilja
1231 832 108 44 1,500
1374 831 153 47 kronor,
1565 833 41 33 så
1635 837 55 29 att
1719 830 187 36 ordinarie

704 881 244 48 professorns
998 882 388 48 aflöningsförmåner
1435 883 118 35 blifva
1599 885 111 44 6,000
1756 883 149 46 kronor,

703 934 156 36 derat
858 935 98 46 4,500
987 935 142 36 kronor
1159 938 123 33 såsom
1314 936 58 36 lön
1399 936 113 36 och
1496 937 112 44 1,500
1624 912 142 60 kronor
1782 939 122 32 såsom

708 963 509 71 tjenstgöringspenningar
1223 1017 5 6 .

436 1089 98 49 14:0)
566 1089 142 49 Kongl.
754 1090 110 47 Maj:t
906 1090 69 36 har
1019 1090 212 48 föreslagit,
1275 1096 54 31 att
1370 1091 55 35 till
1470 1096 55 30 tre
1569 1090 142 49 rörliga
1756 1091 150 36 docent-

305 1141 212 49 stipendier
550 1142 59 36 vid
642 1141 226 37 karolinska
897 1142 207 47 institutet,
1137 1142 110 36 deraf
1270 1149 53 30 ett
1340 1143 233 48 stipendium
1597 1146 19 32 å
1641 1144 108 46 1,500
1771 1143 136 36 kronor

305 1194 71 35 och
419 1197 64 32 två
526 1194 205 36 hvartdera
777 1197 20 33 å
844 1195 110 46 1,000
997 1194 154 48 kronor,
1197 1197 116 34 måtte
1343 1199 47 45 på
1419 1194 193 38 ordinarie
1644 1201 76 30 stat
1749 1195 158 49 beviljas

306 1248 112 46 3,)00
450 1246 153 37 kronor.

433 1298 55 37 Af
513 1299 428 50 statsrådsprotokollet
971 1300 71 36 den
1080 1303 43 33 12
1149 1301 149 48 januari
1333 1303 93 34 1889
1458 1301 208 47 inhemtas,
1699 1306 55 30 att
1775 1301 131 36 chefen

306 1352 57 36 för
392 1352 564 50 ecklesiastikdepartementet
1000 1353 62 35 vid
1108 1353 179 36 ärendets
1331 1354 278 48 föredragning
1637 1354 102 36 inför
1770 1354 136 47 Kongl.

305 1405 105 49 Maj:t
439 1405 157 48 anmält,
629 1411 54 30 att
713 1405 316 48 lärarekollegiet
1070 1405 62 37 vid
1160 1405 206 60 karolinska
1409 1406 193 36 institutet
1631 1407 62 36 vid
1716 1406 192 48 åtskilliga

304 1456 176 37 tillfällen
521 1459 9 34 i
567 1434 109 71 fråga
712 1471 61 22 om
811 1458 214 36 institutets
1057 1458 119 36 behof
1201 1460 32 34 af
1237 1459 162 48 anslag
1428 1458 213 38 framhållit
1672 1459 236 48 nödvändig-

307 1510 113 36 heten
452 1510 41 37 af
518 1488 256 59 utvecklande
805 1510 42 37 af
872 1511 411 36 docentinstitutionen
1319 1488 77 59 vid
1408 1512 208 36 institutet.
1674 1512 12 36 I
1706 1489 201 59 skrifvelse

305 1564 72 35 den
410 1566 18 32 7
460 1563 221 49 september
715 1565 94 33 1887
843 1563 96 36 hade
971 1563 311 48 lärarekollegiet
1310 1565 10 34 i
1350 1565 123 35 denna
1505 1564 106 49 fråga
1642 1567 125 33 anfört,
1770 1565 137 47 bland

305 1621 127 42 annat,
463 1615 189 49 följande:

433 1667 195 36 Behofvet
671 1668 41 35 af
745 1668 186 36 docenter
975 1669 57 35 för
1073 1670 301 48 komplettering
1419 1670 40 35 af
1485 1669 330 48 undervisningen
1846 1669 59 36 vid

305 1719 265 48 högskolorna
613 1733 91 23 vore
740 1720 103 36 förut
873 1720 41 36 af
940 1721 140 48 Kongl.
1112 1721 108 48 Maj:t
1245 1722 212 35 framhållet
1488 1721 70 36 och
1590 1721 113 36 äfven
1734 1721 41 36 af
1799 1721 109 36 Riks-

306 1747 125 73 dagen
461 1772 232 49 behjertadt,
724 1771 11 37 i
765 1778 41 43 ty
837 1778 56 31 att
924 1773 56 36 för
1008 1752 273 79 betryggande
1310 1774 41 35 af
1375 1774 124 36 denna
1529 1773 218 36 institution
1777 1773 132 47 anslag

305 1801 73 58 till
386 1824 204 36 aflönande
619 1824 42 36 af
686 1824 185 37 docenter
900 1825 62 36 vid
992 1825 279 37 universiteten
1304 1826 122 36 blifvit
1452 1825 199 49 heviljadt.
1710 1826 51 35 Af
1778 1804 132 58 sådant

306 1876 210 37 understöd
546 1891 92 22 vore
668 1891 47 22 en
746 1877 213 37 medicinsk
990 1878 193 50 högskola
1211 1879 10 35 i
1254 1879 75 36 lika
1358 1884 96 31 stort
1485 1893 60 21 om
1578 1879 33 48 ej
1643 1883 121 31 större
1795 1878 116 36 behof

306 1935 47 32 än
383 1933 128 47 någon
543 1944 128 24 annan
701 1930 178 38 fakultet.
937 1931 87 37 Man
1056 1932 129 36 kunde
1215 1931 69 37 lätt
1312 1932 93 47 inse,
1437 1938 55 30 att
1522 1931 65 37 det
1604 1930 58 38 för
1679 1931 130 49 hvarje
1826 1946 83 35 pro-

307 1983 124 37 fessor
459 1997 93 23 vore
582 1998 46 22 en
659 1984 231 49 omöjlighet
915 1991 56 30 att
1000 1984 123 37 under
1153 1984 72 37 den
1254 1985 109 37 korta
1392 1961 67 78 tid,
1492 1999 82 22 som
1607 1984 46 37 de
1679 1984 230 37 studerande

307 2036 97 37 hade
434 2043 55 30 att
521 2036 181 50 medfölja
732 2037 97 37 hans
860 2037 295 60 föreläsningar,
1188 2037 201 38 medhinna
1419 2015 55 60 att
1491 2037 418 51 föredraga
1711 2033 86 59 hela
1818 2033 94 59 hans

307 2090 359 50 vetenskapsgrens
709 2090 186 49 innehåll,
939 2091 47 49 ja,
1029 2091 33 49 ej
1094 2104 69 23 ens
1193 2095 40 32 så
1263 2093 152 49 mycket
1444 2092 120 46 deraf,
1595 2106 80 22 som
1706 2092 74 36 hun
1810 2091 98 37 hade

306 2147 76 32 rätt
412 2144 70 36 och
513 2143 100 50 pligt
648 2149 55 31 att
734 2144 128 36 fordra
891 2147 126 34 såsom
1050 2145 298 49 kunskapsmått
1378 2145 61 37 vid
1471 2160 45 21 en
1549 2159 175 34 examen,
1754 2146 152 36 hvilken

307 2195 95 37 dock
434 2196 58 37 för
520 2197 47 36 de
597 2196 108 37 fleste
736 2197 233 36 studerande
999 2211 91 23 vore
1120 2203 56 31 ett
1204 2198 335 37 hufvudändamål.
1575 2198 71 37 Det
1668 2199 240 36 återstående

307 2251 120 34 måste
456 2252 49 47 på
534 2252 120 47 något
683 2255 78 31 sätt
792 2250 123 49 fyllas,
947 2250 69 37 och
1048 2251 197 49 vanligast
1274 2252 141 37 skedde
1445 2251 106 38 detta
1581 2265 141 36 genom
1744 2252 163 49 läsning,

307 2301 277 50 öfverläsning.
642 2303 75 35 För
747 2306 119 46 några
896 2304 379 49 vetenskapsgrenar
1306 2306 163 36 kunde
1474 2305 433 49 examensfordringarna

307 2357 47 46 på
383 2355 107 37 detta
519 2333 78 59 sätt
627 2355 184 49 möjligen
844 2355 127 50 fyllas,
1002 2370 87 23 men
1120 2357 58 36 för
1195 2357 143 38 arbetet
1355 2358 10 36 i
1382 2359 399 49 natnrkunskaperna,
1787 2335 122 60 hvar-

308 2406 56 38 till
394 2408 216 37 medicinen
655 2408 85 38 med
784 2408 74 38 alla
884 2409 88 38 dess
1002 2409 288 51 specialgrenar
1319 2411 127 49 hörde,
1478 2425 91 24 vore
1599 2412 106 37 detta
1735 2412 175 50 omöjligt
