2161 2655
341 198 38 29 88
800 195 251 31 Statsutskottets
1082 193 172 31 Utlåtande
1284 194 57 30 N:o
1365 196 30 26 9.

828 281 56 32 att
925 275 240 49 Riksdagen,
1210 274 84 36 med
1339 272 210 50 anledning
1580 272 41 36 af
1649 269 255 39 förevarande

696 330 204 47 motioner,
944 332 60 33 må
1047 331 49 47 på
1139 334 109 31 extra
1278 333 77 31 stat
1384 327 57 36 för
1471 329 39 34 år
1542 327 96 35 1890
1667 324 137 38 anvisa
1834 322 71 38 och

695 384 114 36 ställa
836 382 56 37 till
919 382 142 49 Kongl.
1080 381 129 49 Maj:ts
1225 380 228 50 förfogande
1478 385 54 31 ett
1555 379 136 49 belopp
1708 377 42 37 af
1764 378 142 47 25,000

696 437 156 48 kronor,
896 442 55 31 att
984 439 49 47 på
1072 435 47 37 de
1164 434 135 49 vilkor,
1343 432 142 50 Kongl.
1521 432 107 50 Maj:t
1657 434 59 35 må
1745 444 75 37 ega
1850 435 55 32 att

696 492 228 47 bestämma,
968 489 200 37 användas
1210 488 58 37 till
1310 486 212 39 understöd
1556 489 37 34 åt
1630 484 187 50 enskilda,
1848 483 59 38 för

697 545 205 36 drinkares
932 543 179 37 kurativa
1142 541 238 50 behandling
1408 540 227 51 upprättade
1665 539 139 50 asyler.

83 650 71 63 Ang.
182 649 101 64 frågar
431 651 98 50 91:0)
559 652 16 37 I
600 653 64 35 två
694 650 87 38 med
811 649 219 38 hvarandra
1060 648 81 37 lika
1170 647 167 50 lydande
1368 646 201 48 motioner,
1592 645 134 37 väckta
1744 644 73 38 den
1836 656 71 24 ena

98 698 43 50 fill
159 696 110 52 svenska
301 705 101 36 inom
431 706 135 35 Första
591 705 235 35 Kammaren
853 705 78 43 (n:o
961 701 61 49 34)
1051 702 42 35 af
1117 702 87 35 herr
1234 699 36 38 C.
1305 699 41 38 O.
1377 700 186 48 Bergman
1593 699 70 36 och
1688 698 74 36 den
1788 697 118 36 andra

83 759 201 47 turistförenin-
302 758 100 36 inom
431 757 127 37 Andra
590 757 231 36 Kammaren
854 756 76 48 (n:o
960 754 61 50 94)
1053 754 42 36 af
1120 754 87 36 herr
1243 753 42 37 V.
1314 754 42 36 B.
1387 752 183 49 Wittrock,
1588 753 66 35 har
1669 750 237 50 föreslagits,

160 803 56 23 gen.
420 810 6 5 .
662 809 5 6 :
828 808 37 6 a
1259 811 13 4 fe
1355 806 6 5 :
1675 804 6 6 .

158 824 4 4 |
304 816 54 30 att
385 811 218 48 Riksdagen
632 809 90 36 ville
749 808 142 49 bevilja
921 808 170 36 svenska
1121 806 351 48 turistföreningen
1494 811 55 31 ett
1569 804 339 51 penningeunder-

304 864 82 36 stöd
415 863 40 37 af
480 865 111 45 3,000
620 863 143 36 kronor
793 867 57 31 att
879 864 94 45 utgå
1003 861 125 36 under
1157 860 132 49 loppet
1318 859 41 37 af
1384 862 39 33 år
1456 861 108 35 1890.

429 915 239 36 Beträffande
699 914 46 36 de
776 913 96 48 skäl,
905 912 287 36 motionärerna
1221 911 127 36 anfört
1377 911 57 36 till
1451 910 86 37 stöd
1554 910 57 36 för
1627 910 58 35 sin
1702 908 205 37 framställ-

303 968 105 48 ning,
451 968 139 35 tillåter
619 967 62 48 sig
709 966 195 36 utskottet
928 966 11 34 i
969 964 212 38 allmänhet
1210 963 161 37 hänvisa
1402 963 54 35 till
1488 963 239 36 motionerna
1756 961 11 35 i
1797 961 110 48 fråga

304 1021 69 36 och
413 1019 65 37 vill
519 1020 67 36 här
628 1019 137 37 endast
808 1018 197 47 anmärka,
1047 1022 57 31 att
1148 1016 284 37 motionärerna
1471 1015 191 37 meddelat
1690 1019 56 31 att
1775 1013 133 37 turist-

303 1072 236 50 föreningen,
580 1072 159 37 hvilken
785 1070 140 37 bildats
968 1073 41 33 år
1054 1071 111 47 1885,
1209 1068 82 50 vid
1315 1069 135 49 början
1492 1068 42 37 af
1564 1071 39 33 år
1640 1068 95 36 1887
1767 1067 141 36 räknat

304 1127 189 49 knappast
524 1128 69 34 100
623 1124 264 47 medlemmar,
918 1124 121 36 under
1069 1123 65 36 det
1162 1128 56 32 att
1234 1118 341 41 ledamotsantalet
1590 1121 58 37 för
1664 1119 243 38 närvarande

304 1180 197 49 uppginge
544 1178 57 36 till
643 1177 182 49 omkring
872 1179 126 45 1,300;
1043 1182 101 29 samt
1186 1182 54 29 att
1269 1175 56 36 uti
1354 1174 367 49 turistföreningens
1751 1172 158 51 uppgift

303 1231 157 50 inginge
502 1234 123 34 såsom
669 1230 220 37 hufvudsak
929 1229 83 37 icke
1056 1228 164 37 allenast
1248 1233 56 32 att
1334 1228 113 37 bland
1478 1227 277 38 landsmännen
1786 1226 123 37 väcka

304 1285 69 37 och
409 1284 224 38 underhålla
673 1284 131 37 lusten
848 1288 56 32 att
946 1297 40 23 se
1030 1282 73 38 och
1140 1282 79 38 lära
1247 1282 128 37 känna
1405 1284 83 35 vårt
1517 1279 269 40 fädernesland
1815 1286 92 31 utan

304 1339 109 37 äfven
444 1344 54 32 att
526 1338 98 38 fästa
653 1337 241 38 främmande
923 1336 181 38 turisters
1135 1335 342 52 uppmärksamhet
1506 1338 47 48 på
1581 1335 223 38 detsamma.

430 1392 74 38 Det
533 1406 116 36 synes
683 1391 195 38 utskottet
906 1390 279 50 tvifvelaktigt,
1215 1390 190 37 huruvida
1435 1403 47 24 en
1512 1389 246 37 verksamhet
1787 1388 120 38 sådan

304 1460 79 22 som
413 1445 361 50 turistföreningens
804 1445 71 36 bör
905 1444 163 37 medelst
1098 1444 225 36 statsmedel
1349 1443 203 49 befrämjas
1583 1443 69 37 och
1672 1442 85 37 icke
1787 1442 120 37 hellre

304 1499 79 36 helt
423 1499 70 37 och
535 1498 115 38 hållet
693 1497 261 38 öfverlemnas
997 1499 37 34 åt
1064 1497 76 37 den
1171 1497 176 37 enskilda
1376 1496 363 49 företagsamheten.
1777 1491 27 60 TI
1830 1495 78 36 allt

304 1552 65 37 fall
409 1552 96 37 lärer
546 1552 60 37 väl
635 1554 120 46 något
799 1551 314 37 statsunderstöd
1145 1553 36 34 åt
1210 1549 345 49 turistföreningen
1585 1549 57 37 för
1667 1547 241 38 närvarande

304 1606 33 49 ej
377 1605 89 37 böra
507 1605 291 49 ifrågakomma,
829 1605 47 36 då
905 1607 127 45 någon
1064 1603 221 37 erfarenhet
1309 1603 162 37 rörande
1500 1603 209 36 resultaten
1739 1602 42 37 af
1811 1601 97 37 före-

305 1659 162 48 ningens
496 1658 247 37 verksamhet
773 1663 103 31 ännu
907 1657 31 49 ej
974 1658 74 35 kan
1078 1670 113 23 anses
1221 1670 167 23 vunnen.

430 1711 196 38 Utskottet
650 1710 228 38 hemställer
908 1709 120 48 alltså,

834 1768 55 31 att
919 1763 130 36 herrar
1079 1762 216 49 Bergmans
1326 1762 70 36 och
1425 1760 208 37 Wittrocks
1650 1759 256 38 förevarande

700 1816 190 37 motioner
920 1816 31 48 ej
983 1818 61 33 må
1074 1815 42 36 af
1140 1814 223 50 Riksdagen
1392 1814 161 37 bifallas.

87 1931 70 33 Ang.
186 1929 100 34 ifråga
432 1922 96 49 92:0)
558 1922 16 36 I
602 1936 45 22 en
674 1921 102 37 inom
808 1921 138 36 Första
976 1920 236 36 Kammaren
1242 1918 114 37 väckt
1386 1918 143 37 motion
1559 1920 78 43 (n:o
1667 1917 34 50 7)
1732 1917 71 36 har
1819 1917 89 36 herr

87 1969 64 58 fär
180 1967 107 60 (slag,
306 1976 41 35 FP.
377 1988 65 23 von
471 1975 181 36 Strokirch
682 1974 195 46 hemstält,
905 1978 55 31 att
988 1972 228 49 Riksdagen
1246 1972 89 35 ville
1365 1970 141 49 bevilja
1535 1975 55 30 ett
1619 1969 189 37 ordinarie
1843 1982 65 24 an-

104 2037 32 31 af
154 2036 105 27 lättnud
278 2037 9 24 i
307 2028 92 48 slag,
430 2027 208 37 beräknadt
667 2026 98 36 efter
796 2027 48 35 50
874 2031 65 30 öre
970 2025 58 35 för
1059 2024 133 49 hvarje
1222 2036 140 37 person
1392 2023 41 36 af
1459 2021 178 49 Sveriges
1666 2025 40 32 år
1734 2023 98 34 1886
1850 2021 58 36 till

105 2072 180 62 kommuner-
306 2082 197 47 4,717,189
535 2080 180 37 invånare
745 2078 189 50 uppgifna
964 2076 241 50 folkmängd,
1236 2082 55 31 att
1319 2076 84 37 från
1429 2075 70 37 och
1529 2074 85 37 med
1646 2076 95 35 1890
1759 2073 148 50 årligen

86 2144 44 32 för
138 2143 149 34 fattigvård
305 2137 93 46 utgå
440 2133 85 37 med
569 2134 202 47 2,358,535
802 2132 144 37 kronor
974 2131 58 36 för
1061 2136 68 42 att,
1159 2129 191 38 fördeladt
1374 2129 96 37 efter
1499 2127 273 49 folkmängden
1803 2127 103 37 inom

87 2179 201 68 dr
306 2187 130 49 hvarje
464 2185 380 51 landstingsområde
875 2184 92 38 eller
996 2183 99 49 stad,
1127 2196 80 24 som
1237 2183 86 37 icke
1353 2182 118 38 hörde
1501 2181 57 38 till
1586 2181 211 49 landsting,
1821 2180 86 38 med

88 2251 94 34 löning
200 2260 32 17 m.
252 2259 32 18 m.
305 2243 64 34 två
405 2240 74 36 lika
522 2246 100 30 stora
656 2239 116 36 lotter
801 2238 71 37 och
904 2238 84 37 med
1018 2237 252 50 iakttagande
1301 2237 41 36 af
1367 2236 115 48 vissa,
1512 2235 41 37 af
1579 2235 238 37 motionären
1843 2248 65 23 an-

302 2293 106 49 gifna
436 2292 166 49 grunder
631 2293 71 35 och
732 2292 202 47 undantag
964 2290 199 37 användas
1188 2290 57 36 till
1261 2290 148 37 lättnad
1427 2289 40 36 af
1481 2288 426 50 kommunalutskylder

301 2346 12 36 i
356 2346 96 37 hvad
495 2345 45 37 de
569 2345 111 38 rörde
710 2345 264 48 fattigvården
1005 2343 73 37 och
1109 2342 171 50 aflöning
1310 2348 99 32 samt
1437 2341 274 51 pensionering
1740 2341 42 37 af
1807 2341 98 37 folk-

302 2399 154 36 skolans
497 2399 119 37 lärare
659 2398 70 37 och
760 2398 217 36 lärarinnor
1006 2396 201 37 äfvensom
1237 2395 201 38 underhåll
1467 2395 41 36 af
1532 2395 155 36 skolans
1718 2394 187 37 materiel.
