2160 2655
346 222 41 30 40
810 227 257 32 Statsutskottets
1100 228 167 32 Utlåtande
1290 230 63 32 N:o
1380 232 25 30 9.

301 302 64 36 vid
410 302 124 37 denna
579 305 124 48 punkt
743 306 135 48 gjorda
905 307 233 38 hemställan
1168 308 109 49 afser,
1308 313 114 34 måtte
1451 310 138 37 föreslå
1617 311 217 49 beviljande
1865 311 41 36 af

299 355 170 50 följande
499 356 152 52 belopp,
679 358 210 50 nemligen:

431 409 55 36 till
516 412 70 34 den
610 413 254 46 psykiatriska
893 413 179 37 kliniken:
1104 415 58 35 för
1191 416 165 49 aflöning
1377 419 36 33 åt
1429 430 45 22 en
1493 430 207 23 amanuens
1722 419 75 35 500
1814 417 86 36 kro-

298 475 71 22 nor
398 462 71 36 och
499 462 57 36 till
586 464 170 37 materiel
786 466 72 36 300
889 465 160 47 kronor;
1082 473 101 31 samt

429 515 58 36 till
516 517 310 46 myntkabinettet:
854 518 58 36 för
941 518 159 37 arfvode
1131 523 38 34 åt
1197 534 44 22 en
1268 534 205 24 amanuens
1496 524 73 34 300
1590 522 138 37 kronor
1749 523 72 36 och
1844 523 57 37 för

298 567 224 51 förhöjning
550 568 12 37 i
594 569 64 37 det
687 569 119 50 årliga
835 571 176 49 anslaget
1046 574 71 35 150
1147 573 154 47 kronor;

430 621 41 36 af
490 621 89 37 herr
608 623 42 37 E.
689 623 41 37 V.
762 624 43 37 BR.
842 625 37 36 L.
911 625 249 50 Königsfeldt,
1183 639 77 25 som
1280 627 112 50 yrkat
1416 627 103 38 bifall
1540 627 57 38 till
1612 628 140 51 Kongl.
1771 629 128 50 Maj:ts

298 675 123 35 under
467 675 125 36 denna
631 677 123 48 punkt
795 678 41 35 af
876 678 210 36 utskottets
1122 680 192 36 utlåtande
1342 681 236 37 behandlade
1608 682 159 49 förslag;
1800 688 100 31 samt

429 726 42 37 af
508 727 89 37 herr
639 731 41 34 4.
714 729 166 49 Persson,
912 743 80 24 som
1023 731 128 49 yrkat,
1182 738 53 31 att
1260 733 134 50 Kongl.
1426 734 126 50 Maj:ts
1582 734 8 36 i
1621 735 124 37 denna
1775 736 125 50 punkt

296 779 253 39 förevarande
592 781 286 51 framställning
913 787 116 34 måtte
1060 789 49 46 på
1140 785 64 38 det
1232 792 74 32 sätt
1335 787 40 37 af
1399 787 220 51 Riksdagen
1650 789 162 49 bifallas,
1846 797 54 30 att

296 832 226 50 Riksdagen
554 833 186 52 beviljade
770 836 223 51 förhöjning
1022 841 48 46 på
1101 839 185 37 ordinarie
1315 846 74 31 stat
1417 841 10 36 i
1453 841 45 37 de
1524 842 56 36 till
1602 842 209 51 samlingar
1828 844 71 36 och

297 885 263 51 inrättningar
589 888 64 36 vid
684 889 268 38 universitetet
979 891 11 36 i
1020 891 147 49 Upsala
1188 895 190 47 utgående
1400 895 133 49 anslag
1554 899 47 46 på
1622 896 166 50 följande
1807 902 91 31 sätt:

423 939 56 37 till
523 943 68 34 den
633 943 224 36 medicinska
898 944 182 37 kliniken:
1123 946 57 36 för
1222 948 166 36 materiel
1426 950 110 46 1,200
1571 949 138 37 kronor
1739 950 72 37 och
1842 950 58 37 för

297 992 94 37 vård
422 992 43 37 af
486 993 235 39 instrument
748 1009 48 24 m.
828 1011 46 22 m.
910 998 71 36 150
1008 997 161 48 kronor;

430 1045 57 37 till
506 1048 308 47 poliklinikerna:
843 1049 59 37 för
932 1050 175 38 materiel
1135 1053 107 47 1,000
1272 1053 152 47 kronor;

428 1098 58 36 till
516 1101 67 35 den
610 1103 225 35 anatomiska
860 1104 270 36 institutionen:
1160 1105 57 36 för
1244 1106 218 50 förhöjning
1487 1108 12 35 i
1521 1109 240 49 årsanslaget
1787 1111 112 47 1,500

296 1150 158 46 kronor;

430 1204 57 36 till
517 1205 67 36 den
614 1207 286 48 meteorologiska
930 1208 270 39 institutionen:
1228 1210 54 38 för
1311 1210 219 51 förhöjning
1550 1212 9 37 i
1582 1214 241 49 årsanslaget
1841 1215 54 37 till

299 1256 172 37 materiel
504 1259 112 45 1,000
648 1258 160 48 kronor;

428 1309 57 35 till
516 1312 57 33 det
603 1312 186 35 botaniska
817 1314 250 35 laboratoriet:
1097 1315 59 35 för
1185 1317 168 35 materiel
1380 1321 70 33 500
1481 1319 154 44 kronor;
1667 1327 101 29 samt

428 1360 56 36 till
514 1362 56 35 det
599 1363 201 48 zoologiska
826 1372 155 28 museet:
1010 1366 59 36 för
1100 1368 167 36 materiel
1298 1370 72 35 850
1399 1370 156 46 kronor;

429 1412 147 38 således
603 1415 83 37 med
716 1415 160 51 tillhopa
907 1419 113 46 6,200
1049 1418 158 47 kronor;

427 1521 62 35 vid
512 1521 165 47 punkten
706 1523 91 46 11:0)
828 1523 214 50 (angående
1072 1526 269 51 utsträckning
1368 1528 9 35 i
1407 1528 102 38 tiden
1532 1529 57 37 för
1610 1530 287 40 innehafvande

297 1571 43 37 af
364 1571 381 52 docentstipendier]):

429 1626 41 36 af
493 1626 133 38 herrar
655 1627 36 37 S.
727 1629 167 49 Nilsson,
926 1632 41 35 A.
1001 1632 157 36 Persson
1188 1633 67 37 och
1285 1635 48 35 N.
1366 1635 198 49 Petersson,
1594 1637 128 37 hvilka
1753 1635 141 57 ansett,

297 1682 57 31 att
396 1679 211 37 utskottets
648 1682 176 47 yttrande
868 1683 71 36 och
981 1683 149 51 förslag
1164 1685 10 36 i
1209 1686 101 37 detta
1340 1691 105 34 ämne
1475 1689 85 37 bort
1585 1689 112 38 hafva
1726 1691 169 50 följande

296 1730 151 50 lydelse
476 1733 71 36 och
576 1733 188 38 innehåll:

429 1785 153 50 »Enligt
612 1787 100 37 hvad
742 1788 190 38 utskottet
961 1789 202 51 inhemtat,
1193 1792 121 50 afgafs
1331 1799 77 32 mot
1428 1794 63 37 det
1507 1801 119 32 större
1639 1797 253 39 akademiska

297 1838 271 38 konsistoriets
599 1840 41 36 af
665 1841 236 38 motionären
935 1842 216 52 åberopade
1181 1846 189 38 uttalande
1398 1848 11 36 i
1439 1848 261 51 föreliggande
1719 1852 111 49 fråga
1848 1866 45 24 en

297 1892 237 37 reservation
578 1893 42 36 af
643 1894 288 38 universitetets
962 1896 143 47 rektor,
1137 1899 213 49 professorn
1380 1903 38 35 UC.
1451 1902 39 37 Y.
1521 1902 142 40 Sahlin.
1720 1905 15 36 I
1766 1906 127 38 denna

296 1944 61 35 sin
389 1945 241 37 reservation
660 1947 156 37 anförde
846 1950 221 47 professorn
1100 1951 131 37 Sahlin
1261 1954 177 48 följande:

430 1997 146 49 Enligt
630 1999 77 37 min
752 2000 249 50 uppfattning
1050 2003 71 36 har
1163 2005 161 48 afsigten
1369 2008 80 35 med
1492 2007 401 52 docentstipendierna

297 2049 102 37 varit
442 2056 54 31 att
538 2051 140 38 bereda
720 2052 181 39 docenter
946 2054 148 38 tillfälle
1130 2062 54 31 att
1208 2058 116 37 under
1368 2063 115 46 några
1526 2064 59 34 års
1626 2063 158 38 vistelse
1830 2065 61 36 vid

296 2102 275 38 universitetet
614 2105 36 36 få
692 2119 97 36 egna
832 2107 61 49 sig
935 2110 37 34 åt
1015 2110 286 50 vetenskapligt
1343 2113 127 36 arbete
1513 2120 90 31 utan
1644 2122 55 31 att
1743 2117 70 37 allt
1836 2117 58 37 för

296 2155 156 47 mycket
480 2156 119 37 blifva
624 2164 196 44 upptagna
850 2160 42 35 af
913 2173 158 36 omsorg
1097 2163 69 35 och
1198 2164 106 36 möda
1336 2165 55 37 för
1419 2166 65 36 sitt
1512 2168 214 49 uppehälle.
1784 2169 108 38 Fort-

296 2207 158 37 farande
497 2209 148 37 känner
680 2211 69 48 jag
792 2212 78 49 mig
913 2213 84 36 fullt
1047 2215 228 49 öfvertygad
1317 2218 137 48 derom,
1495 2225 55 30 att
1586 2221 61 36 det
1676 2227 40 31 är
1746 2223 42 35 af
1813 2228 79 31 stor

295 2259 85 49 vigt
423 2260 57 38 för
527 2275 46 23 en
611 2276 78 36 ung
723 2277 105 23 mans
860 2266 296 50 vetenskapliga
1185 2268 223 52 utbildning,
1438 2276 56 31 att
1519 2272 73 38 han
1620 2274 85 37 icke
1737 2275 68 36 allt
1836 2276 57 36 för

294 2312 118 49 länge
456 2314 185 37 behöfver
683 2321 112 31 vänta
839 2320 47 46 på
928 2319 63 35 det
1022 2319 221 49 understöd,
1287 2322 247 50 hvarigenom
1581 2327 135 36 sådant
1743 2328 148 37 tillfälle

294 2364 161 38 beredes
495 2367 151 36 honom.
704 2368 278 38 Erfarenheten
1032 2372 69 36 har
1132 2386 77 23 mer
1246 2380 44 30 än
1334 2376 221 49 tillräckligt
1590 2380 218 48 ådagalagt,
1838 2388 55 29 att

293 2416 128 39 denna
463 2424 142 32 väntan
648 2420 57 37 för
732 2421 292 39 universitetets
1054 2424 180 39 docenter
1263 2427 119 38 under
1423 2432 219 36 nuvarande
1686 2433 205 37 förhållan-
