2158 2646
746 224 248 34 Statsutskottets
1025 226 171 34 Utlåtande
1219 229 64 32 N:v
1307 232 26 28 9.
1746 231 37 31 13

366 302 12 36 i
420 302 211 38 filosofiska
661 304 233 39 fakultetens
924 307 284 39 humanistiska
1238 309 166 40 sektion:
1436 315 56 32 tre
1521 310 218 50 stipendier,
1771 317 56 32 ett

235 355 59 36 för
333 355 203 37 semitiska
578 358 129 48 språk,
750 364 54 30 ett
847 358 56 37 för
944 360 46 37 de
1021 361 211 38 filosofiska
1262 364 314 49 vetenskaperna,
1606 363 77 37 deri
1712 364 111 37 äfven

235 408 261 36 inberäknadt
530 410 151 47 estetik,
713 411 69 36 och
813 418 51 29 ett
895 412 56 37 för
980 414 47 35 de
1055 415 190 36 klassiska
1274 417 180 47 språken;

369 460 11 36 i
425 459 209 39 filosofiska
674 462 233 38 fakultetens
950 467 668 50 matematisk-naturvetenskapliga
1657 468 167 37 sektion:

236 519 57 30 tre
339 513 223 49 stipendier,
607 520 55 32 ett
691 516 58 36 för
778 516 73 37 den
881 519 413 50 matematisk-fysiska
1326 520 415 50 vetenskapsgruppen,
1771 527 54 31 ett

237 566 59 37 för
327 566 73 38 den
431 566 402 52 kemisk-geologiska
860 570 68 37 och
953 577 55 31 ett
1039 572 56 37 för
1117 572 73 38 den
1208 572 415 52 zoologisk-botaniska
1640 588 187 37 gruppen.

368 620 54 37 Af
446 620 45 37 de
522 621 56 36 till
607 622 158 37 ärendet
792 623 166 38 hörande
977 625 233 50 haudlingar
1226 632 144 44 syntes,
1389 627 121 49 enligt
1527 628 304 49 departements-

238 672 159 38 chefens
428 673 265 52 uppfattning,
722 675 158 50 framgå,
909 683 55 31 att
994 678 46 36 de
1071 685 99 31 mest
1199 679 193 50 behöfliga
1421 680 111 37 bland
1561 681 110 37 dessa
1687 681 141 50 stipen-

239 725 85 37 dier
368 739 90 23 vore
503 726 57 49 de,
596 741 81 23 som
707 727 134 39 afsetts
870 729 56 37 för
954 730 249 38 läroämnena
1232 732 279 49 kyrkohistoria
1537 732 69 38 och
1635 734 194 37 semitiska

238 778 116 51 språk
386 785 101 31 samt
516 779 58 38 för
604 780 237 38 medicinska
869 782 224 38 fakulteten.

369 833 74 36 Det
485 833 237 38 omfattande
769 836 69 36 och
881 837 149 49 vigtiga
1075 843 128 32 ämnet
1238 838 292 50 kyrkohistoria,
1564 839 146 37 hvilket
1740 853 89 24 vore

239 886 243 50 väsentligen
514 886 119 38 skildt
662 887 83 38 från
775 889 120 49 öfriga
925 891 216 49 teologiska
1169 891 233 51 discipliner,
1425 893 195 46 innehade,
1640 893 190 37 meddelar

238 940 441 49 departementschefen,
723 940 58 37 för
823 945 237 35 närvarande
1098 958 45 23 en
1174 945 183 37 särskildt
1386 946 191 36 vanlottad
1608 945 181 49 ställning
1816 946 12 36 i

240 992 183 36 afseende
466 995 48 46 på
554 993 282 49 lärarekrafter,
865 994 12 36 i
907 995 62 37 det
1003 1002 56 30 att
1092 997 54 36 uti
1176 997 104 36 detta
1311 1003 107 31 ämne
1446 997 83 37 icke
1558 998 135 36 funnes
1723 1004 106 30 extra

239 1044 195 37 ordinarie
478 1046 193 48 professor
714 1047 69 36 och
828 1047 32 49 ej
897 1048 131 48 heller,
1066 1052 40 33 så
1134 1049 115 49 länge
1278 1049 85 37 icke
1393 1053 114 45 något
1536 1050 56 36 för
1620 1051 210 36 detsamma

239 1097 127 37 afsedt
408 1097 376 50 docentstipendium
828 1113 89 24 vore
960 1106 57 31 att
1055 1102 122 48 tillgå,
1222 1103 112 35 säker
1374 1102 121 48 utsigt
1536 1108 54 31 att
1618 1103 56 36 för
1702 1105 126 45 någon

239 1150 216 36 nämnvärd
479 1151 53 36 tid
556 1149 64 37 vid
637 1151 267 37 universitetet
920 1152 100 38 fästa
1036 1157 127 45 någon
1181 1154 147 37 docent.
1372 1155 229 48 Härigenom
1620 1155 124 36 kunde
1760 1155 70 36 lätt

239 1202 166 49 inträffa,
436 1208 56 31 att
516 1203 9 36 i
552 1203 183 37 händelse
757 1204 41 36 af
817 1204 122 37 förfall
955 1206 59 37 för
1031 1207 218 48 professorn
1267 1207 12 36 i
1297 1212 126 31 ämnet
1438 1206 114 49 ingen
1573 1220 120 23 annan
1712 1212 118 43 utväg

239 1255 138 49 gåfves
407 1255 57 37 till
495 1255 277 50 uppehållande
802 1257 40 36 af
858 1258 93 37 hans
969 1259 130 48 tjenst,
1117 1265 46 30 än
1180 1265 56 30 att
1252 1273 124 22 annan
1393 1260 185 36 ordinarie
1594 1259 118 37 lärare
1728 1260 101 36 inom

241 1308 226 47 fakulteten,
493 1308 57 37 till
579 1322 87 23 men
696 1311 57 35 för
782 1309 141 37 dennes
953 1311 206 47 läroämne,
1190 1312 104 48 finge
1315 1312 196 37 förordnas
1533 1315 122 33 såsom
1672 1312 156 37 vikarie.

371 1361 107 36 Inom
510 1360 239 38 medicinska
781 1362 208 37 fakulteten
1021 1364 148 44 funnes,
1201 1365 184 49 upplyser
1415 1364 414 50 departementschefen

242 1412 145 49 vidare,
419 1413 57 38 för
506 1414 239 38 närvarande
774 1415 91 50 inga
894 1416 97 37 fasta
1021 1416 364 51 docentstipendier.
1441 1417 147 37 Sådana
1617 1417 93 37 hade
1730 1417 99 37 förut

241 1472 151 31 ansetts
431 1467 85 37 icke
560 1467 106 37 skola
708 1473 94 44 göra
837 1469 167 49 åsyftadt
1038 1484 115 36 gagn,
1185 1476 92 30 enär
1307 1471 62 36 det
1399 1470 96 37 visat
1523 1472 59 47 sig
1610 1484 88 22 vara
1727 1473 103 34 svårt

241 1526 56 30 att
340 1520 103 36 finna
481 1534 126 35 yngre
651 1521 140 46 läkare,
824 1536 77 22 som
929 1523 91 36 ville
1046 1523 118 36 blifva
1194 1523 191 37 docenter.
1441 1524 86 35 Men
1557 1537 153 23 numera
1740 1537 88 23 vore

241 1572 99 38 dock
369 1572 258 38 förhållandet
656 1574 249 37 annorlunda.
949 1575 232 37 Fakulteten
1198 1576 98 36 hade
1313 1576 80 46 ock,
1412 1576 106 36 anför
1533 1576 296 48 departements-

242 1624 151 49 chefen,
418 1625 220 48 framhållit,
668 1632 55 31 att
753 1627 84 36 med
866 1627 63 37 det
957 1628 178 36 växande
1152 1629 144 36 antalet
1312 1628 191 49 lärjungar
1520 1628 309 48 undervisnings-

241 1678 150 37 arbetet
426 1678 63 37 vid
520 1678 216 38 klinikerna
767 1680 119 47 ökats,
917 1680 68 37 och
1016 1686 56 31 att
1100 1680 183 38 behofvet
1312 1681 56 37 för
1396 1682 44 36 de
1469 1680 184 38 ordinarie
1681 1681 147 37 lärarne

242 1731 10 35 i
279 1731 47 36 de
357 1731 199 49 praktiska
585 1732 245 36 läroämnena
860 1738 53 30 att
941 1733 97 36 söka
1068 1733 142 36 erhålla
1227 1733 190 47 docenter,
1434 1746 78 23 som
1528 1746 136 35 genom
1681 1734 148 36 enskild

242 1783 284 48 undervisning
568 1783 57 36 för
667 1784 84 36 dem
796 1784 267 37 underlättade
1106 1785 159 47 arbetet,
1307 1785 124 36 blifvit
1471 1786 65 35 allt
1570 1790 130 31 större.
1755 1785 74 35 För

242 1835 113 36 desse
398 1835 122 36 lärare
564 1848 88 23 vore
683 1835 63 37 det
775 1849 153 23 numera
956 1836 179 49 omöjligt
1162 1842 56 31 att
1246 1843 104 30 utom
1379 1837 71 36 den
1480 1836 188 37 ordinarie
1693 1836 135 37 under-

243 1887 461 49 visningsskyldigheten
735 1888 205 37 medhinna
969 1894 56 31 att
1053 1889 104 49 gifva
1188 1889 151 37 enskild
1361 1889 257 49 handledning
1640 1889 8 36 i
1667 1890 44 36 de
1728 1889 101 36 olika

244 1944 151 43 ämnen,
427 1952 81 24 som
540 1939 118 38 hörde
687 1940 57 37 till
774 1941 108 36 deras
912 1941 272 37 läroområden.

376 1992 125 36 Sedan
532 1992 258 48 adjunkturen
814 1993 12 35 1
855 1993 198 36 semitiska
1070 1994 114 49 språk
1200 1993 64 36 vid
1283 1994 282 48 ombildningen
1584 1994 39 36 af
1635 1993 195 49 adjunkts-

241 2044 273 36 institutionen
544 2045 187 48 indragits
761 2051 89 30 utan
881 2051 52 30 att
958 2049 129 45 någon
1117 2046 219 49 ersättning
1355 2046 291 37 ilärarekrafter
1665 2046 162 48 beredts,

243 2096 110 47 hade,
398 2096 147 37 erinrar
588 2096 423 49 departementschefen
1054 2097 240 49 ytterligare,
1339 2099 102 36 detta
1472 2098 189 37 läroämne
1695 2098 133 37 endast

241 2148 75 36 den
351 2148 191 37 ordinarie
576 2149 259 49 professuren,
865 2150 145 36 hvilket
1041 2151 144 36 funnits
1215 2164 90 23 vara
1334 2151 66 36 allt
1428 2151 55 36 för
1510 2151 93 45 litet,
1629 2151 11 36 i
1670 2164 156 35 synner-

240 2200 67 36 het
350 2213 81 24 som
473 2204 127 46 någon
644 2201 102 49 hjelp
790 2202 79 36 från
914 2208 107 31 extra
1065 2202 190 37 ordinarie
1290 2204 537 48 professuren
1552 2196 23 60 i
1597 2204 230 48 jemförande

240 2253 328 49 språkforskning
597 2253 96 44 icke,
724 2257 123 34 såsom
881 2268 83 23 man
996 2254 58 37 till
1076 2256 197 48 älventyrs
1291 2256 118 37 skulle
1426 2255 89 50 vilja
1531 2261 151 44 antaga,
1700 2256 125 37 kunde

239 2305 193 49 påräknas
462 2306 11 36 i
504 2306 191 37 anseende
725 2306 57 37 till
812 2306 239 38 sistnämnda
1080 2308 214 37 läroämnes
1325 2314 100 31 stora
1453 2309 239 49 omfattning.

371 2358 179 37 Härefter
592 2358 68 37 har
703 2359 425 49 departementschefen
1171 2360 194 49 förklarat,
1395 2362 62 36 det
1485 2361 73 37 han
1588 2365 154 45 ansåge,
1773 2368 55 31 att

240 2409 58 38 för
329 2411 240 38 närvarande
599 2411 45 37 de
671 2418 98 30 mest
797 2413 212 49 trängande
1041 2413 191 37 behofven
1262 2413 120 37 skulle
1411 2413 116 38 blifva
1552 2414 196 50 afhjelpta,
1765 2427 60 24 om
