2163 2656
354 214 39 29 82
836 212 238 32 Statsutskottets
1106 211 166 32 Utlåtande
1297 211 61 32 N:o
1382 214 31 27 9.

714 295 192 36 kostnaden
947 294 228 36 öfverskrides
1209 315 49 4 —
1287 292 128 48 bevilja
1444 295 49 33 ett
1522 290 128 48 anslag
1679 290 36 36 af
1741 290 168 47 965,200

713 349 129 36 kronor
884 354 86 30 samt
1010 348 99 36 deraf
1134 347 44 49 på
1207 351 97 33 extra
1333 351 67 32 stat
1429 346 52 36 för
1509 345 39 36 år
1580 346 99 35 1890
1709 344 125 36 anvisa
1863 346 48 33 ett

713 402 125 48 belopp
867 402 37 35 af
933 404 153 42 120,000
1115 402 134 35 kronor.

87 511 49 59 ML
159 508 131 68 mkh
359 574 3 2 |
439 511 98 44 51:0)
573 508 49 63 På
654 508 114 47 grund
799 507 37 36 af
862 508 112 34 derom
1001 506 36 36 af
1064 506 125 46 Kongl.
1218 505 102 47 Maj:t
1348 505 98 48 gjord
1479 502 265 48 framställning
1773 503 53 35 får
1857 506 52 31 ut-

87 583 51 23 met
165 580 10 25 i
201 579 90 32 Jersfö
309 562 128 35 SKOttet
467 561 194 46 hemställa,

83 617 46 32 för
155 615 133 34 spetelske.

145 653 91 46 [76.1
836 673 49 30 att
922 666 206 46 Riksdagen,
1158 666 10 35 i
1197 665 110 36 likhet
1349 665 76 35 med
1469 663 91 36 hvad
1592 662 54 35 för
1670 660 240 36 innevarande

710 719 39 34 år
777 723 59 41 egt
865 731 83 32 rum,
977 718 53 34 må
1057 717 53 35 för
1138 718 39 33 år
1210 717 93 34 1890
1333 716 43 46 på
1404 720 101 29 extra
1534 718 70 30 stat
1633 713 129 46 bevilja
1782 718 50 28 ett
1848 724 60 22 an-

710 770 75 47 slag
814 770 37 35 af
881 771 128 46 14,000
1039 769 127 35 kronor
1195 768 50 35 till
1274 767 191 36 understöd
1486 767 35 34 åt
1544 766 52 35 det
1612 765 10 35 i
1638 765 128 50 Jerfsö
1782 764 127 36 socken

711 823 183 35 inrättade
931 822 152 48 sjukhem
1122 822 61 48 för
1216 820 180 48 spetelske,
1427 820 111 34 under
1570 818 116 35 vilkor
1714 823 51 29 att
1794 818 114 44 4,000

712 876 128 35 kronor
874 875 109 35 dertill
1012 875 35 34 af
1078 874 211 45 landstinget
1317 872 10 35 i
1358 872 208 46 Gefleborgs
1596 871 59 35 län
1685 871 141 35 anvisas
1857 869 51 35 för

711 941 135 24 samma
874 928 47 35 år.

915 1136 183 41 Diverse
1130 1135 170 50 anslag.

96 1244 66 59 SM
177 1240 103 69 ned
438 1246 96 48 82:0)
592 1246 81 35 Med
716 1246 192 45 anledning
940 1245 35 34 af
1002 1244 123 47 Kongl.
1156 1243 114 48 Maj:ts
1300 1242 116 35 derom
1447 1241 123 48 gjorda
1603 1241 304 47 framställningar

110 1313 144 32 skriftsäll-
308 1299 199 36 hemställer
538 1300 181 45 utskottet,

84 1349 95 33 skapet
200 1357 33 17 m.
254 1357 33 17 m.

87 1389 56 44 (UR
178 1400 20 23 a
217 1391 70 40 1]
840 1411 50 31 att
931 1404 208 47 Riksdagen,
1183 1404 7 35 i
1232 1402 111 37 likhet
1384 1402 76 36 med
1497 1401 93 37 hvad
1627 1401 52 37 för
1708 1401 82 37 flere
1821 1402 86 36 före-

709 1460 134 47 gående
872 1460 38 35 år
937 1464 54 42 egt
1018 1470 88 36 rum,
1137 1457 54 35 må
1219 1457 51 35 för
1299 1456 38 35 år
1369 1458 96 33 1890
1488 1455 125 35 anvisa
1635 1455 153 45 följande
1805 1462 101 29 extra

709 1515 135 46 anslag,
870 1514 186 46 nemligen:

839 1566 35 49 a)
903 1567 48 35 till
972 1568 147 34 svenska
1133 1563 398 51 fornskriftsällskapet
1549 1563 112 45 2,000
1680 1562 143 46 kronor;
1842 1563 63 35 och

840 1621 33 47 b)
903 1620 49 35 till
985 1619 198 37 beredande
1217 1618 43 48 af
1284 1615 274 52 religionsvärd
1588 1616 36 34 åt
1654 1616 149 34 svenske
1834 1616 69 46 sjö-

709 1677 79 32 män
819 1686 43 23 m.
890 1673 33 37 fl.
952 1674 7 34 i
988 1673 187 35 utländska
1203 1672 147 35 hamnar
1379 1670 134 46 10,000
1545 1668 140 36 kronor.

93 1774 64 23 Ang.
214 1783 16 13 .S
450 1783 4 9 )
744 1779 10 10 o
1167 1778 19 10 ör
1257 1780 11 10 o
1431 1782 4 4 :

84 1772 200 61 KET
437 1778 94 49 33:0)
593 1778 119 36 Under
741 1779 218 48 åberopande
987 1778 35 35 af
1046 1778 82 36 flere
1157 1780 207 46 föregående
1396 1780 219 48 Riksdagars
1642 1783 113 35 beslut
1773 1796 54 22 om
1846 1796 59 23 an-

128 1846 105 80 a
309 1832 139 34 visande
473 1832 33 34 af
536 1836 102 31 extra
668 1831 183 47 årsanslag
880 1830 48 36 till
959 1832 157 34 nordiska
1152 1837 139 42 museet,
1321 1833 51 35 får
1403 1835 169 35 utskottet
1602 1835 194 44 hemställa,

158 1885 51 29 l(d:
529 1892 3 3 |

833 1943 50 30 att
922 1938 209 47 Riksdagen,
1178 1938 73 35 med
1295 1939 98 35 bifall
1437 1940 50 34 till
1536 1940 129 46 Kongl.
1710 1941 118 46 Maj:ts
1859 1954 43 22 nu

708 1992 118 33 derom
856 1990 118 48 gjorda
999 1991 264 46 framställning,
1294 1991 55 35 må
1378 1991 44 48 på
1450 1997 102 30 extra
1582 1998 68 29 stat
1680 1993 51 34 för
1746 1993 39 34 år
1810 1995 94 35 1890

709 2043 120 36 anvisa
872 2048 45 31 ett
944 2043 118 47 anslag
1092 2043 38 35 af
1156 2045 128 46 16,000
1313 2044 130 35 kronor
1473 2044 49 36 till
1552 2045 176 36 nordiska
1758 2053 144 29 museet.

92 2154 66 36 Ang.
181 2152 95 39 anslag
432 2149 94 49 54:0)
588 2149 178 35 Utskottet
795 2149 194 36 hemställer

101 2187 41 25 till
161 2195 33 17 en
214 2187 53 27 tid-
993 2178 7 19 ”

109 2222 82 37 skrift
208 2226 44 29 för

111 2257 138 62 landsmäl
732 2260 153 54 att
924 2254 208 49 Riksdagen,
1163 2256 73 37 med
1267 2257 96 36 bifall
1393 2257 53 37 till
1475 2256 132 49 Kongl.
1639 2256 116 51 Maj:ts
1785 2259 117 37 derom

134 2314 92 63 [80.]
704 2308 122 48 gjorda
868 2308 263 49 framställning,
1173 2310 63 35 och
1264 2310 10 35 i
1303 2310 112 36 likhet
1444 2312 77 35 med
1553 2312 93 35 hvad
1678 2313 111 35 under
1818 2312 84 37 flera

705 2361 207 46 föregående
944 2363 36 34 år
1007 2369 56 39 egt
1091 2375 88 32 rum,
1209 2363 54 34 må
1294 2363 50 35 för
1373 2364 38 34 år
1445 2367 97 33 1890
1573 2366 123 34 anvisa
1725 2371 48 30 ett
1802 2375 100 26 extra

705 2414 124 46 anslag
871 2415 36 34 af
945 2418 104 43 3,150
1092 2416 137 40 kronor,
1258 2421 60 41 att,
1348 2416 44 48 på
1417 2417 42 34 de
1486 2416 114 37 vilkor
1638 2417 132 47 Kongl.
1805 2418 108 47 Maj:t:
