2117 2656
702 198 83 41 Lag-
797 197 164 32 Utskottets
991 195 169 32 Utlåtande
1181 194 65 32 N:o
1269 196 50 29 44.
1785 193 18 29 3

211 288 154 35 skottets
394 285 92 48 åsigt
514 283 155 47 förelåge
698 284 52 33 ett
778 281 117 48 dylikt
922 279 221 36 förhållande
1167 279 13 34 i
1204 278 163 35 afseende
1391 279 20 33 å
1432 277 68 35 den
1520 276 199 47 föreslagna
1736 276 68 35 för-

212 342 199 45 ändringen
431 339 37 35 af
489 339 99 35 1868
610 339 54 33 års
684 336 220 46 förordning,
925 334 139 35 hvadan
1085 333 189 35 Utskottet
1292 331 207 44 hemstälde,
1516 332 53 33 att
1583 330 223 35 motionerna

215 397 31 46 ej
275 396 112 34 måtte
413 393 56 35 till
498 394 117 46 någon
645 403 117 23 annan
791 389 259 48 Kyrkomötets
1070 387 124 47 åtgärd
1213 386 191 44 föranleda,
1426 389 44 31 än
1490 386 54 34 att
1562 384 244 48 Kyrkomötet

215 451 65 34 hos
309 448 135 46 Kongl.
473 447 109 46 Maj:t
609 446 12 34 i
649 444 285 44 underdånighet
953 442 151 43 anhölle,
1126 441 60 34 det
1204 440 135 35 täcktes
1358 439 136 47 Kongl.
1516 439 109 46 Maj:t
1642 438 74 35 låta
1734 437 71 35 vid-

215 506 85 44 taga
328 500 230 47 erforderliga
586 498 162 47 åtgärder
776 498 54 34 för
858 496 107 36 sådan
994 495 151 47 ändring
1172 495 12 34 i
1212 493 135 48 Kongl.
1380 492 254 47 förordningen
1663 492 68 34 den
1759 492 43 34 11

221 556 195 36 December
449 556 112 39 1868,
592 566 57 22 om
679 551 169 36 särskilda
876 549 319 37 sammankomster
1223 548 55 35 för
1305 547 290 46 andaktsöfning,
1625 547 54 33 att
1707 545 97 35 den
1783 541 26 58 i

217 623 136 24 samma
390 609 210 45 förordning
640 604 290 37 förekommande
968 602 246 36 bestämmelse
1248 615 59 22 om
1340 601 99 35 straff
1467 601 55 34 för
1550 600 80 44 den,
1659 599 148 36 hvilken

218 664 203 36 underlåter
459 664 54 33 att
550 661 101 35 ställa
687 660 53 47 sig
776 659 57 35 till
868 657 232 36 efterrättelse
1129 656 195 48 kyrkoråds
1353 654 129 36 förbud
1510 655 76 34 mot
1613 653 195 35 utöfvande

218 720 38 34 af
293 716 349 42 lärareverksamhet,
682 713 124 35 varder
843 713 125 46 utbytt
1005 713 77 33 mot
1116 710 218 47 stadganden
1365 722 59 21 om
1451 708 177 48 påföljder
1655 708 56 34 för
1740 707 68 34 den

218 772 141 36 felande
389 771 36 34 af
453 769 146 48 kyrklig
627 769 63 34 art.
749 768 129 34 Denna
905 765 210 35 hemställan
1145 764 75 35 blef
1248 763 36 35 af
1312 765 112 33 mötet
1452 762 176 47 godkänd.

361 823 281 48 Lag-Utskottet
684 821 95 35 delar
816 820 238 34 motionärens
1090 818 245 47 uppfattning,
1370 818 53 33 att
1460 816 42 34 de
1531 815 276 40 bestämmelser,

217 880 141 35 hvilkas
387 876 253 50 upphäfvande
668 876 72 34 han
769 874 155 43 föreslår,
954 876 58 32 äro
1041 871 196 36 föråldrade
1266 871 66 34 och
1359 871 12 33 i
1399 870 82 35 flere
1514 868 190 36 afseenden
1733 868 76 35 stri-

218 934 115 35 dande
352 934 77 33 mot
448 931 167 35 nutidens
635 929 162 47 kristliga
816 926 244 44 medvetande,
1081 925 140 35 hvadan
1242 925 41 34 de
1304 924 65 35 ock
1387 924 78 34 icke
1481 923 117 34 vidare
1613 922 195 47 tillämpas
1791 918 20 62 ;

220 1000 84 22 men
330 988 76 45 just
433 985 82 35 med
544 983 164 36 afseende
737 984 20 33 å
785 982 63 34 sist
877 980 146 36 berörda
1050 979 220 35 förhållande
1294 978 100 34 torde
1420 977 81 34 med
1528 977 99 34 deras
1646 975 165 35 formella

223 1039 250 50 upphäfvande
502 1038 123 35 kunna
654 1039 87 32 utan
770 1034 182 49 synnerlig
981 1033 190 47 olägenhet
1198 1033 112 43 anstå,
1339 1031 57 35 till
1424 1031 77 34 dess
1529 1030 60 35 det
1618 1030 70 34 kan
1717 1029 94 34 ske
1782 1025 32 55 i

220 1094 259 45 sammanhang
520 1091 83 35 med
644 1089 199 47 antagande
885 1088 37 35 af
963 1088 42 34 de
1043 1099 71 34 nya
1148 1085 275 43 bestämmelser,
1453 1096 76 23 som
1554 1083 173 35 erfordras
1756 1082 56 35 för

221 1147 181 37 ordnande
440 1147 37 34 af
509 1144 264 49 kyrkotuktens
801 1142 170 47 utöfning
994 1141 98 35 inom
1121 1140 69 35 den
1219 1139 149 35 svenska
1395 1138 150 48 kyrkan.
1603 1137 66 35 Ett
1696 1149 51 22 nu
1776 1136 36 34 af

221 1202 205 46 Riksdagen
464 1199 133 35 fattadt
634 1198 117 35 beslut
788 1197 12 34 i
839 1197 68 34 den
935 1195 173 47 rigtning,
1143 1206 75 22 som
1247 1193 221 35 motionären
1497 1191 169 43 förordar,
1696 1186 115 55 skulle

222 1256 206 46 antagligen
455 1254 78 34 icke
562 1252 111 35 heller
702 1252 122 34 kunna
851 1250 79 34 leda
958 1248 56 36 till
1041 1250 119 45 någon
1189 1247 147 48 påföljd,
1367 1246 44 35 då
1435 1246 132 34 urtima
1584 1244 227 48 Kyrkomöte

221 1310 78 35 icke
327 1309 101 35 torde
456 1308 145 34 komma
629 1307 53 34 att
709 1305 113 34 under
849 1305 76 33 året
952 1301 281 36 sammankallas.

365 1363 138 42 Ehuru,
535 1360 112 47 enligt
676 1359 94 35 hvad
799 1358 107 35 ofvan
935 1360 37 32 är
1000 1356 154 44 anfördt,
1187 1356 98 34 1878
1316 1355 55 34 års
1399 1353 226 49 Kyrkomöte
1654 1352 13 34 i
1695 1352 117 34 denna

226 1419 100 46 fråga
353 1415 183 36 hänvändt
564 1415 54 45 sig
645 1413 57 35 till
729 1412 136 46 Kongl.
897 1411 119 47 Maj:t,
1045 1410 115 34 finner
1187 1408 109 35 likväl
1324 1408 201 43 Utskottet,
1554 1419 75 22 som
1648 1406 166 34 hänvisar

222 1471 58 35 till
318 1470 171 35 härofvan
527 1467 161 36 lemnade
727 1466 193 46 utredning
954 1464 37 35 af
1027 1464 143 46 frågans
1212 1462 180 46 ställning,
1432 1461 60 35 det
1524 1473 82 22 vara
1634 1459 178 48 lämpligt,

225 1527 54 33 att
316 1525 105 34 äfven
459 1523 79 35 från
573 1521 222 46 Riksdagens
828 1519 75 35 sida
931 1531 44 22 en
1003 1517 166 35 anhållan
1198 1520 99 43 göres
1326 1528 58 22 om
1416 1513 233 37 utarbetande
1678 1513 37 35 af
1742 1512 72 47 lag-

226 1577 264 37 bestämmelser
517 1576 14 34 i
559 1576 66 34 och
653 1575 54 34 för
736 1572 179 36 ordnande
944 1572 37 34 af
1008 1570 258 48 kyrkotukten.

369 1630 190 35 Utskottet
586 1629 54 34 får
669 1627 239 47 följaktligen,
938 1624 81 35 med
1047 1624 194 46 anledning
1269 1623 36 34 af
1333 1622 196 43 motionen,
1558 1620 198 44 hemställa,

706 1736 53 33 att
795 1733 205 46 Riksdagen
1038 1731 81 35 ville
1156 1731 13 34 i
1197 1729 182 36 skrifvelse
1408 1728 151 44 anhålla,
1590 1728 60 34 det
1677 1727 137 46 Kongl.

652 1789 110 46 Maj:t
788 1787 136 35 täcktes
952 1786 73 34 låta
1052 1785 164 34 utarbeta
1235 1783 131 47 förslag
1385 1782 57 35 till
1461 1782 58 47 lag
1539 1794 58 22 om
1616 1780 202 48 kyrkotukt

653 1844 92 33 samt
781 1841 197 46 framlägga
1015 1851 135 22 samma
1188 1837 132 47 förslag
1357 1837 54 34 för
1444 1835 204 47 Riksdagen
1678 1835 60 35 det
1766 1836 50 42 år,

654 1898 100 33 nästa
781 1895 194 35 Allmänna
1001 1893 227 48 Kyrkomöte
1257 1890 286 36 sammanträder.

372 2005 209 37 Stockholm
609 2004 68 35 den
707 2005 20 33 9
757 2002 105 48 April
893 2002 111 34 1884.

744 2102 51 34 På
823 2099 297 48 Lag-Utskottets
1148 2101 145 44 vägnar:

780 2190 136 35 AXEL
952 2180 312 44 BERGSTRÖM.
