<?xml version="1.0" encoding="UTF-8"?>
<alto xmlns="http://www.loc.gov/standards/alto/ns-v3#" xmlns:xlink="http://www.w3.org/1999/xlink" xmlns:xsi="http://www.w3.org/2001/XMLSchema-instance" xsi:schemaLocation="http://www.loc.gov/standards/alto/ns-v3# http://www.loc.gov/alto/v3/alto-3-0.xsd">
	<Description>
		<MeasurementUnit>pixel</MeasurementUnit>
		<sourceImageInformation>
			<fileName>/tmp/tess_dm4l91wi_input.PNG</fileName>
		</sourceImageInformation>
		<OCRProcessing ID="OCR_0">
			<ocrProcessingStep>
				<processingSoftware>
					<softwareName>tesseract 5.3.0</softwareName>
				</processingSoftware>
			</ocrProcessingStep>
		</OCRProcessing>
	</Description>
	<Layout>
		<Page WIDTH="1918" HEIGHT="2834" PHYSICAL_IMG_NR="0" ID="page_0">
			<PrintSpace HPOS="0" VPOS="0" WIDTH="1918" HEIGHT="2834">
				<ComposedBlock ID="cblock_0" HPOS="361" VPOS="164" WIDTH="1110" HEIGHT="40">
					<TextBlock ID="block_0" HPOS="361" VPOS="164" WIDTH="1110" HEIGHT="40">
						<TextLine ID="line_0" HPOS="361" VPOS="164" WIDTH="1110" HEIGHT="40">
							<String ID="string_0" HPOS="361" VPOS="164" WIDTH="41" HEIGHT="31" WC="0.95" CONTENT="12"/><SP WIDTH="261" VPOS="164" HPOS="402"/>
							<String ID="string_1" HPOS="663" VPOS="166" WIDTH="419" HEIGHT="38" WC="0.91" CONTENT="Bevillningsutskottets"/><SP WIDTH="19" VPOS="166" HPOS="1082"/>
							<String ID="string_2" HPOS="1101" VPOS="170" WIDTH="224" HEIGHT="33" WC="0.96" CONTENT="betänkande"/><SP WIDTH="17" VPOS="170" HPOS="1325"/>
							<String ID="string_3" HPOS="1342" VPOS="173" WIDTH="53" HEIGHT="31" WC="0.96" CONTENT="Nr"/><SP WIDTH="24" VPOS="173" HPOS="1395"/>
							<String ID="string_4" HPOS="1419" VPOS="173" WIDTH="52" HEIGHT="31" WC="0.96" CONTENT="16."/>
						</TextLine>
					</TextBlock>
				</ComposedBlock>
				<ComposedBlock ID="cblock_1" HPOS="309" VPOS="249" WIDTH="1512" HEIGHT="1021">
					<TextBlock ID="block_1" HPOS="310" VPOS="249" WIDTH="1511" HEIGHT="922">
						<TextLine ID="line_1" HPOS="316" VPOS="249" WIDTH="1505" HEIGHT="45">
							<String ID="string_5" HPOS="316" VPOS="249" WIDTH="78" HEIGHT="30" WC="0.96" CONTENT="skäl"/><SP WIDTH="25" VPOS="249" HPOS="394"/>
							<String ID="string_6" HPOS="419" VPOS="249" WIDTH="121" HEIGHT="32" WC="0.95" CONTENT="kunna"/><SP WIDTH="23" VPOS="249" HPOS="540"/>
							<String ID="string_7" HPOS="563" VPOS="261" WIDTH="100" HEIGHT="21" WC="0.96" CONTENT="anses"/><SP WIDTH="24" VPOS="261" HPOS="663"/>
							<String ID="string_8" HPOS="687" VPOS="252" WIDTH="173" HEIGHT="37" WC="0.95" CONTENT="föreligga"/><SP WIDTH="23" VPOS="252" HPOS="860"/>
							<String ID="string_9" HPOS="883" VPOS="253" WIDTH="55" HEIGHT="31" WC="0.96" CONTENT="för"/><SP WIDTH="24" VPOS="253" HPOS="938"/>
							<String ID="string_10" HPOS="962" VPOS="254" WIDTH="57" HEIGHT="31" WC="0.97" CONTENT="det"/><SP WIDTH="23" VPOS="254" HPOS="1019"/>
							<String ID="string_11" HPOS="1042" VPOS="255" WIDTH="148" HEIGHT="32" WC="0.96" CONTENT="sålunda"/><SP WIDTH="23" VPOS="255" HPOS="1190"/>
							<String ID="string_12" HPOS="1213" VPOS="267" WIDTH="46" HEIGHT="21" WC="0.96" CONTENT="av"/><SP WIDTH="24" VPOS="267" HPOS="1259"/>
							<String ID="string_13" HPOS="1283" VPOS="257" WIDTH="215" HEIGHT="33" WC="0.96" CONTENT="kommunen"/><SP WIDTH="17" VPOS="257" HPOS="1498"/>
							<String ID="string_14" HPOS="1515" VPOS="259" WIDTH="77" HEIGHT="32" WC="0.96" CONTENT="med"/><SP WIDTH="16" VPOS="259" HPOS="1592"/>
							<String ID="string_15" HPOS="1608" VPOS="260" WIDTH="111" HEIGHT="32" WC="0.96" CONTENT="större"/><SP WIDTH="15" VPOS="260" HPOS="1719"/>
							<String ID="string_16" HPOS="1734" VPOS="262" WIDTH="87" HEIGHT="32" WC="0.96" CONTENT="eller"/>
						</TextLine>
						<TextLine ID="line_2" HPOS="317" VPOS="300" WIDTH="1503" HEIGHT="48">
							<String ID="string_17" HPOS="317" VPOS="300" WIDTH="137" HEIGHT="32" WC="0.96" CONTENT="mindre"/><SP WIDTH="24" VPOS="300" HPOS="454"/>
							<String ID="string_18" HPOS="478" VPOS="302" WIDTH="177" HEIGHT="36" WC="0.93" CONTENT="majoritet"/><SP WIDTH="24" VPOS="302" HPOS="655"/>
							<String ID="string_19" HPOS="679" VPOS="303" WIDTH="189" HEIGHT="36" WC="0.92" CONTENT="medgivna"/><SP WIDTH="23" VPOS="303" HPOS="868"/>
							<String ID="string_20" HPOS="891" VPOS="305" WIDTH="207" HEIGHT="32" WC="0.96" CONTENT="tillståndet."/><SP WIDTH="45" VPOS="305" HPOS="1098"/>
							<String ID="string_21" HPOS="1143" VPOS="307" WIDTH="125" HEIGHT="38" WC="0.95" CONTENT="Enligt"/><SP WIDTH="23" VPOS="307" HPOS="1268"/>
							<String ID="string_22" HPOS="1291" VPOS="309" WIDTH="278" HEIGHT="39" WC="0.96" CONTENT="författningens"/><SP WIDTH="22" VPOS="309" HPOS="1569"/>
							<String ID="string_23" HPOS="1591" VPOS="312" WIDTH="92" HEIGHT="31" WC="0.95" CONTENT="anda"/><SP WIDTH="16" VPOS="312" HPOS="1683"/>
							<String ID="string_24" HPOS="1699" VPOS="315" WIDTH="39" HEIGHT="29" WC="0.93" CONTENT="är"/><SP WIDTH="15" VPOS="315" HPOS="1738"/>
							<String ID="string_25" HPOS="1753" VPOS="314" WIDTH="67" HEIGHT="31" WC="0.93" CONTENT="för-"/>
						</TextLine>
						<TextLine ID="line_3" HPOS="315" VPOS="351" WIDTH="1505" HEIGHT="46">
							<String ID="string_26" HPOS="315" VPOS="351" WIDTH="161" HEIGHT="37" WC="0.92" CONTENT="säljning"/><SP WIDTH="23" VPOS="351" HPOS="476"/>
							<String ID="string_27" HPOS="499" VPOS="363" WIDTH="45" HEIGHT="21" WC="0.93" CONTENT="av"/><SP WIDTH="24" VPOS="363" HPOS="544"/>
							<String ID="string_28" HPOS="568" VPOS="353" WIDTH="209" HEIGHT="38" WC="0.91" CONTENT="rusdrycker"/><SP WIDTH="23" VPOS="353" HPOS="777"/>
							<String ID="string_29" HPOS="800" VPOS="357" WIDTH="106" HEIGHT="35" WC="0.96" CONTENT="något"/><SP WIDTH="24" VPOS="357" HPOS="906"/>
							<String ID="string_30" HPOS="930" VPOS="367" WIDTH="74" HEIGHT="21" WC="0.96" CONTENT="som"/><SP WIDTH="24" VPOS="367" HPOS="1004"/>
							<String ID="string_31" HPOS="1028" VPOS="358" WIDTH="75" HEIGHT="31" WC="0.94" CONTENT="icke"/><SP WIDTH="23" VPOS="358" HPOS="1103"/>
							<String ID="string_32" HPOS="1126" VPOS="359" WIDTH="63" HEIGHT="31" WC="0.96" CONTENT="bör"/><SP WIDTH="16" VPOS="359" HPOS="1189"/>
							<String ID="string_33" HPOS="1205" VPOS="363" WIDTH="245" HEIGHT="34" WC="0.96" CONTENT="uppmuntras,"/><SP WIDTH="17" VPOS="363" HPOS="1450"/>
							<String ID="string_34" HPOS="1467" VPOS="364" WIDTH="87" HEIGHT="31" WC="0.96" CONTENT="utan"/><SP WIDTH="17" VPOS="364" HPOS="1554"/>
							<String ID="string_35" HPOS="1571" VPOS="363" WIDTH="121" HEIGHT="32" WC="0.96" CONTENT="endast"/><SP WIDTH="16" VPOS="363" HPOS="1692"/>
							<String ID="string_36" HPOS="1708" VPOS="365" WIDTH="112" HEIGHT="32" WC="0.96" CONTENT="under"/>
						</TextLine>
						<TextLine ID="line_4" HPOS="316" VPOS="404" WIDTH="1503" HEIGHT="44">
							<String ID="string_37" HPOS="316" VPOS="404" WIDTH="95" HEIGHT="30" WC="0.96" CONTENT="vissa"/><SP WIDTH="34" VPOS="404" HPOS="411"/>
							<String ID="string_38" HPOS="445" VPOS="404" WIDTH="299" HEIGHT="38" WC="0.96" CONTENT="förutsättningar"/><SP WIDTH="23" VPOS="404" HPOS="744"/>
							<String ID="string_39" HPOS="767" VPOS="409" WIDTH="132" HEIGHT="30" WC="0.96" CONTENT="ansetts"/><SP WIDTH="25" VPOS="409" HPOS="899"/>
							<String ID="string_40" HPOS="924" VPOS="408" WIDTH="121" HEIGHT="32" WC="0.95" CONTENT="kunna"/><SP WIDTH="23" VPOS="408" HPOS="1045"/>
							<String ID="string_41" HPOS="1068" VPOS="411" WIDTH="44" HEIGHT="35" WC="0.96" CONTENT="på"/><SP WIDTH="22" VPOS="411" HPOS="1112"/>
							<String ID="string_42" HPOS="1134" VPOS="411" WIDTH="75" HEIGHT="31" WC="0.96" CONTENT="viss"/><SP WIDTH="23" VPOS="411" HPOS="1209"/>
							<String ID="string_43" HPOS="1232" VPOS="412" WIDTH="51" HEIGHT="31" WC="0.96" CONTENT="tid"/><SP WIDTH="24" VPOS="412" HPOS="1283"/>
							<String ID="string_44" HPOS="1307" VPOS="413" WIDTH="145" HEIGHT="31" WC="0.95" CONTENT="tillåtas."/><SP WIDTH="46" VPOS="413" HPOS="1452"/>
							<String ID="string_45" HPOS="1498" VPOS="414" WIDTH="66" HEIGHT="33" WC="0.96" CONTENT="Det"/><SP WIDTH="22" VPOS="414" HPOS="1564"/>
							<String ID="string_46" HPOS="1586" VPOS="416" WIDTH="110" HEIGHT="31" WC="0.96" CONTENT="måste"/><SP WIDTH="23" VPOS="416" HPOS="1696"/>
							<String ID="string_47" HPOS="1719" VPOS="426" WIDTH="100" HEIGHT="22" WC="0.96" CONTENT="anses"/>
						</TextLine>
						<TextLine ID="line_5" HPOS="315" VPOS="455" WIDTH="1504" HEIGHT="45">
							<String ID="string_48" HPOS="315" VPOS="455" WIDTH="112" HEIGHT="31" WC="0.96" CONTENT="strida"/><SP WIDTH="24" VPOS="455" HPOS="427"/>
							<String ID="string_49" HPOS="451" VPOS="458" WIDTH="72" HEIGHT="29" WC="0.96" CONTENT="mot"/><SP WIDTH="24" VPOS="458" HPOS="523"/>
							<String ID="string_50" HPOS="547" VPOS="457" WIDTH="113" HEIGHT="31" WC="0.96" CONTENT="denna"/><SP WIDTH="24" VPOS="457" HPOS="660"/>
							<String ID="string_51" HPOS="684" VPOS="458" WIDTH="199" HEIGHT="38" WC="0.96" CONTENT="tankegång"/><SP WIDTH="24" VPOS="458" HPOS="883"/>
							<String ID="string_52" HPOS="907" VPOS="461" WIDTH="63" HEIGHT="35" WC="0.96" CONTENT="att,"/><SP WIDTH="25" VPOS="461" HPOS="970"/>
							<String ID="string_53" HPOS="995" VPOS="460" WIDTH="113" HEIGHT="33" WC="0.93" CONTENT="därest"/><SP WIDTH="23" VPOS="460" HPOS="1108"/>
							<String ID="string_54" HPOS="1131" VPOS="463" WIDTH="24" HEIGHT="30" WC="0.92" CONTENT="t."/><SP WIDTH="25" VPOS="463" HPOS="1155"/>
							<String ID="string_55" HPOS="1180" VPOS="472" WIDTH="53" HEIGHT="22" WC="0.92" CONTENT="ex."/><SP WIDTH="19" VPOS="472" HPOS="1233"/>
							<String ID="string_56" HPOS="1252" VPOS="482" WIDTH="38" HEIGHT="5" WC="0.92" CONTENT="—"/><SP WIDTH="17" VPOS="482" HPOS="1290"/>
							<String ID="string_57" HPOS="1307" VPOS="465" WIDTH="114" HEIGHT="30" WC="0.93" CONTENT="såsom"/><SP WIDTH="21" VPOS="465" HPOS="1421"/>
							<String ID="string_58" HPOS="1442" VPOS="464" WIDTH="199" HEIGHT="34" WC="0.92" CONTENT="flerestädes"/><SP WIDTH="16" VPOS="464" HPOS="1641"/>
							<String ID="string_59" HPOS="1657" VPOS="468" WIDTH="162" HEIGHT="32" WC="0.96" CONTENT="inträffat"/>
						</TextLine>
						<TextLine ID="line_6" HPOS="317" VPOS="507" WIDTH="1503" HEIGHT="50">
							<String ID="string_60" HPOS="317" VPOS="525" WIDTH="39" HEIGHT="4" WC="0.88" CONTENT="—"/><SP WIDTH="25" VPOS="525" HPOS="356"/>
							<String ID="string_61" HPOS="381" VPOS="507" WIDTH="526" HEIGHT="38" WC="0.90" CONTENT="kommunalrepresentationen"/><SP WIDTH="36" VPOS="507" HPOS="907"/>
							<String ID="string_62" HPOS="943" VPOS="512" WIDTH="76" HEIGHT="31" WC="0.96" CONTENT="med"/><SP WIDTH="35" VPOS="512" HPOS="1019"/>
							<String ID="string_63" HPOS="1054" VPOS="514" WIDTH="126" HEIGHT="35" WC="0.95" CONTENT="ytterst"/><SP WIDTH="28" VPOS="514" HPOS="1180"/>
							<String ID="string_64" HPOS="1208" VPOS="514" WIDTH="117" HEIGHT="38" WC="0.96" CONTENT="knapp"/><SP WIDTH="23" VPOS="514" HPOS="1325"/>
							<String ID="string_65" HPOS="1348" VPOS="516" WIDTH="181" HEIGHT="37" WC="0.96" CONTENT="majoritet"/><SP WIDTH="23" VPOS="516" HPOS="1529"/>
							<String ID="string_66" HPOS="1552" VPOS="516" WIDTH="25" HEIGHT="35" WC="0.95" CONTENT="(i"/><SP WIDTH="23" VPOS="516" HPOS="1577"/>
							<String ID="string_67" HPOS="1600" VPOS="520" WIDTH="49" HEIGHT="30" WC="0.96" CONTENT="ett"/><SP WIDTH="22" VPOS="520" HPOS="1649"/>
							<String ID="string_68" HPOS="1671" VPOS="520" WIDTH="149" HEIGHT="37" WC="0.96" CONTENT="nyligen"/>
						</TextLine>
						<TextLine ID="line_7" HPOS="316" VPOS="558" WIDTH="1502" HEIGHT="50">
							<String ID="string_69" HPOS="316" VPOS="558" WIDTH="163" HEIGHT="32" WC="0.96" CONTENT="inträffat"/><SP WIDTH="24" VPOS="558" HPOS="479"/>
							<String ID="string_70" HPOS="503" VPOS="560" WIDTH="65" HEIGHT="30" WC="0.96" CONTENT="fall"/><SP WIDTH="21" VPOS="560" HPOS="568"/>
							<String ID="string_71" HPOS="589" VPOS="560" WIDTH="121" HEIGHT="32" WC="0.96" CONTENT="endast"/><SP WIDTH="17" VPOS="560" HPOS="710"/>
							<String ID="string_72" HPOS="727" VPOS="562" WIDTH="77" HEIGHT="31" WC="0.96" CONTENT="med"/><SP WIDTH="16" VPOS="562" HPOS="804"/>
							<String ID="string_73" HPOS="820" VPOS="562" WIDTH="251" HEIGHT="33" WC="0.96" CONTENT="ordförandens"/><SP WIDTH="18" VPOS="562" HPOS="1071"/>
							<String ID="string_74" HPOS="1089" VPOS="565" WIDTH="223" HEIGHT="37" WC="0.96" CONTENT="utslagsröst)"/><SP WIDTH="16" VPOS="565" HPOS="1312"/>
							<String ID="string_75" HPOS="1328" VPOS="569" WIDTH="132" HEIGHT="30" WC="0.96" CONTENT="uttalat"/><SP WIDTH="15" VPOS="569" HPOS="1460"/>
							<String ID="string_76" HPOS="1475" VPOS="569" WIDTH="56" HEIGHT="36" WC="0.96" CONTENT="sig"/><SP WIDTH="17" VPOS="569" HPOS="1531"/>
							<String ID="string_77" HPOS="1548" VPOS="570" WIDTH="53" HEIGHT="31" WC="0.96" CONTENT="för"/><SP WIDTH="17" VPOS="570" HPOS="1601"/>
							<String ID="string_78" HPOS="1618" VPOS="571" WIDTH="200" HEIGHT="37" WC="0.96" CONTENT="beviljande"/>
						</TextLine>
						<TextLine ID="line_8" HPOS="314" VPOS="610" WIDTH="1504" HEIGHT="50">
							<String ID="string_79" HPOS="314" VPOS="619" WIDTH="45" HEIGHT="21" WC="0.96" CONTENT="av"/><SP WIDTH="28" VPOS="619" HPOS="359"/>
							<String ID="string_80" HPOS="387" VPOS="610" WIDTH="91" HEIGHT="31" WC="0.93" CONTENT="visst"/><SP WIDTH="23" VPOS="610" HPOS="478"/>
							<String ID="string_81" HPOS="501" VPOS="611" WIDTH="406" HEIGHT="39" WC="0.91" CONTENT="försäljningstillstånd,"/><SP WIDTH="25" VPOS="611" HPOS="907"/>
							<String ID="string_82" HPOS="932" VPOS="625" WIDTH="80" HEIGHT="21" WC="0.96" CONTENT="men"/><SP WIDTH="23" VPOS="625" HPOS="1012"/>
							<String ID="string_83" HPOS="1035" VPOS="616" WIDTH="286" HEIGHT="38" WC="0.95" CONTENT="kringliggande,"/><SP WIDTH="23" VPOS="616" HPOS="1321"/>
							<String ID="string_84" HPOS="1344" VPOS="629" WIDTH="45" HEIGHT="21" WC="0.96" CONTENT="av"/><SP WIDTH="23" VPOS="629" HPOS="1389"/>
							<String ID="string_85" HPOS="1412" VPOS="621" WIDTH="127" HEIGHT="31" WC="0.96" CONTENT="sakens"/><SP WIDTH="24" VPOS="621" HPOS="1539"/>
							<String ID="string_86" HPOS="1563" VPOS="622" WIDTH="135" HEIGHT="37" WC="0.96" CONTENT="utgång"/><SP WIDTH="22" VPOS="622" HPOS="1698"/>
							<String ID="string_87" HPOS="1720" VPOS="624" WIDTH="13" HEIGHT="30" WC="0.96" CONTENT="i"/><SP WIDTH="16" VPOS="624" HPOS="1733"/>
							<String ID="string_88" HPOS="1749" VPOS="624" WIDTH="69" HEIGHT="36" WC="0.96" CONTENT="hög"/>
						</TextLine>
						<TextLine ID="line_9" HPOS="314" VPOS="661" WIDTH="1504" HEIGHT="48">
							<String ID="string_89" HPOS="314" VPOS="661" WIDTH="86" HEIGHT="36" WC="0.96" CONTENT="grad"/><SP WIDTH="36" VPOS="661" HPOS="400"/>
							<String ID="string_90" HPOS="436" VPOS="662" WIDTH="231" HEIGHT="32" WC="0.96" CONTENT="intresserade"/><SP WIDTH="34" VPOS="662" HPOS="667"/>
							<String ID="string_91" HPOS="701" VPOS="664" WIDTH="208" HEIGHT="33" WC="0.93" CONTENT="kommuner"/><SP WIDTH="35" VPOS="664" HPOS="909"/>
							<String ID="string_92" HPOS="944" VPOS="667" WIDTH="141" HEIGHT="32" WC="0.91" CONTENT="företett"/><SP WIDTH="34" VPOS="667" HPOS="1085"/>
							<String ID="string_93" HPOS="1119" VPOS="678" WIDTH="44" HEIGHT="21" WC="0.96" CONTENT="en"/><SP WIDTH="24" VPOS="678" HPOS="1163"/>
							<String ID="string_94" HPOS="1187" VPOS="670" WIDTH="228" HEIGHT="37" WC="0.96" CONTENT="synnerligen"/><SP WIDTH="24" VPOS="670" HPOS="1415"/>
							<String ID="string_95" HPOS="1439" VPOS="673" WIDTH="98" HEIGHT="30" WC="0.96" CONTENT="stark"/><SP WIDTH="23" VPOS="673" HPOS="1537"/>
							<String ID="string_96" HPOS="1560" VPOS="673" WIDTH="144" HEIGHT="36" WC="0.96" CONTENT="opinion"/><SP WIDTH="23" VPOS="673" HPOS="1704"/>
							<String ID="string_97" HPOS="1727" VPOS="678" WIDTH="91" HEIGHT="29" WC="0.96" CONTENT="emot"/>
						</TextLine>
						<TextLine ID="line_10" HPOS="314" VPOS="712" WIDTH="1504" HEIGHT="48">
							<String ID="string_98" HPOS="314" VPOS="712" WIDTH="67" HEIGHT="37" WC="0.96" CONTENT="det,"/><SP WIDTH="25" VPOS="712" HPOS="381"/>
							<String ID="string_99" HPOS="406" VPOS="713" WIDTH="164" HEIGHT="32" WC="0.96" CONTENT="tillstånd"/><SP WIDTH="24" VPOS="713" HPOS="570"/>
							<String ID="string_100" HPOS="594" VPOS="715" WIDTH="57" HEIGHT="31" WC="0.96" CONTENT="det"/><SP WIDTH="23" VPOS="715" HPOS="651"/>
							<String ID="string_101" HPOS="674" VPOS="716" WIDTH="121" HEIGHT="32" WC="0.96" CONTENT="oaktat"/><SP WIDTH="23" VPOS="716" HPOS="795"/>
							<String ID="string_102" HPOS="818" VPOS="718" WIDTH="163" HEIGHT="37" WC="0.96" CONTENT="beviljas."/><SP WIDTH="45" VPOS="718" HPOS="981"/>
							<String ID="string_103" HPOS="1026" VPOS="719" WIDTH="65" HEIGHT="32" WC="0.86" CONTENT="Det"/><SP WIDTH="13" VPOS="719" HPOS="1091"/>
							<String ID="string_104" HPOS="1104" VPOS="722" WIDTH="49" HEIGHT="29" WC="0.86" CONTENT="är"/><SP WIDTH="23" VPOS="722" HPOS="1153"/>
							<String ID="string_105" HPOS="1176" VPOS="721" WIDTH="75" HEIGHT="31" WC="0.96" CONTENT="icke"/><SP WIDTH="17" VPOS="721" HPOS="1251"/>
							<String ID="string_106" HPOS="1268" VPOS="723" WIDTH="52" HEIGHT="30" WC="0.96" CONTENT="att"/><SP WIDTH="16" VPOS="723" HPOS="1320"/>
							<String ID="string_107" HPOS="1336" VPOS="723" WIDTH="113" HEIGHT="31" WC="0.96" CONTENT="undra"/><SP WIDTH="17" VPOS="723" HPOS="1449"/>
							<String ID="string_108" HPOS="1466" VPOS="725" WIDTH="54" HEIGHT="35" WC="0.95" CONTENT="på,"/><SP WIDTH="17" VPOS="725" HPOS="1520"/>
							<String ID="string_109" HPOS="1537" VPOS="735" WIDTH="55" HEIGHT="21" WC="0.96" CONTENT="om"/><SP WIDTH="16" VPOS="735" HPOS="1592"/>
							<String ID="string_110" HPOS="1608" VPOS="735" WIDTH="43" HEIGHT="22" WC="0.96" CONTENT="en"/><SP WIDTH="17" VPOS="735" HPOS="1651"/>
							<String ID="string_111" HPOS="1668" VPOS="727" WIDTH="150" HEIGHT="32" WC="0.96" CONTENT="utbredd"/>
						</TextLine>
						<TextLine ID="line_11" HPOS="314" VPOS="764" WIDTH="1503" HEIGHT="51">
							<String ID="string_112" HPOS="314" VPOS="764" WIDTH="63" HEIGHT="31" WC="0.96" CONTENT="och"/><SP WIDTH="23" VPOS="764" HPOS="377"/>
							<String ID="string_113" HPOS="400" VPOS="766" WIDTH="166" HEIGHT="31" WC="0.96" CONTENT="stundom"/><SP WIDTH="23" VPOS="766" HPOS="566"/>
							<String ID="string_114" HPOS="589" VPOS="768" WIDTH="133" HEIGHT="35" WC="0.96" CONTENT="ganska"/><SP WIDTH="24" VPOS="768" HPOS="722"/>
							<String ID="string_115" HPOS="746" VPOS="770" WIDTH="153" HEIGHT="35" WC="0.92" CONTENT="upprörd"/><SP WIDTH="24" VPOS="770" HPOS="899"/>
							<String ID="string_116" HPOS="923" VPOS="770" WIDTH="222" HEIGHT="38" WC="0.92" CONTENT="folkmening"/><SP WIDTH="24" VPOS="770" HPOS="1145"/>
							<String ID="string_117" HPOS="1169" VPOS="772" WIDTH="116" HEIGHT="32" WC="0.96" CONTENT="finner"/><SP WIDTH="23" VPOS="772" HPOS="1285"/>
							<String ID="string_118" HPOS="1308" VPOS="784" WIDTH="43" HEIGHT="21" WC="0.96" CONTENT="en"/><SP WIDTH="23" VPOS="784" HPOS="1351"/>
							<String ID="string_119" HPOS="1374" VPOS="775" WIDTH="110" HEIGHT="32" WC="0.96" CONTENT="sådan"/><SP WIDTH="24" VPOS="775" HPOS="1484"/>
							<String ID="string_120" HPOS="1508" VPOS="778" WIDTH="134" HEIGHT="37" WC="0.93" CONTENT="utgång"/><SP WIDTH="24" VPOS="778" HPOS="1642"/>
							<String ID="string_121" HPOS="1666" VPOS="780" WIDTH="151" HEIGHT="32" WC="0.89" CONTENT="svårför-"/>
						</TextLine>
						<TextLine ID="line_12" HPOS="314" VPOS="815" WIDTH="1503" HEIGHT="49">
							<String ID="string_122" HPOS="314" VPOS="815" WIDTH="133" HEIGHT="38" WC="0.91" CONTENT="klarlig"/><SP WIDTH="35" VPOS="815" HPOS="447"/>
							<String ID="string_123" HPOS="482" VPOS="817" WIDTH="64" HEIGHT="31" WC="0.96" CONTENT="och"/><SP WIDTH="35" VPOS="817" HPOS="546"/>
							<String ID="string_124" HPOS="581" VPOS="819" WIDTH="106" HEIGHT="35" WC="0.93" CONTENT="begär"/><SP WIDTH="27" VPOS="819" HPOS="687"/>
							<String ID="string_125" HPOS="714" VPOS="820" WIDTH="295" HEIGHT="38" WC="0.90" CONTENT="lagstiftningens"/><SP WIDTH="24" VPOS="820" HPOS="1009"/>
							<String ID="string_126" HPOS="1033" VPOS="823" WIDTH="274" HEIGHT="38" WC="0.96" CONTENT="förtydligande,"/><SP WIDTH="23" VPOS="823" HPOS="1307"/>
							<String ID="string_127" HPOS="1330" VPOS="827" WIDTH="44" HEIGHT="35" WC="0.96" CONTENT="på"/><SP WIDTH="23" VPOS="827" HPOS="1374"/>
							<String ID="string_128" HPOS="1397" VPOS="826" WIDTH="58" HEIGHT="32" WC="0.96" CONTENT="det"/><SP WIDTH="23" VPOS="826" HPOS="1455"/>
							<String ID="string_129" HPOS="1478" VPOS="828" WIDTH="131" HEIGHT="32" WC="0.96" CONTENT="sådana"/><SP WIDTH="24" VPOS="828" HPOS="1609"/>
							<String ID="string_130" HPOS="1633" VPOS="830" WIDTH="184" HEIGHT="34" WC="0.96" CONTENT="händelser"/>
						</TextLine>
						<TextLine ID="line_13" HPOS="313" VPOS="867" WIDTH="1503" HEIGHT="48">
							<String ID="string_131" HPOS="313" VPOS="867" WIDTH="76" HEIGHT="31" WC="0.96" CONTENT="icke"/><SP WIDTH="35" VPOS="867" HPOS="389"/>
							<String ID="string_132" HPOS="424" VPOS="869" WIDTH="109" HEIGHT="31" WC="0.96" CONTENT="måtte"/><SP WIDTH="34" VPOS="869" HPOS="533"/>
							<String ID="string_133" HPOS="567" VPOS="879" WIDTH="183" HEIGHT="27" WC="0.96" CONTENT="upprepas."/><SP WIDTH="46" VPOS="879" HPOS="750"/>
							<String ID="string_134" HPOS="796" VPOS="871" WIDTH="66" HEIGHT="33" WC="0.96" CONTENT="Det"/><SP WIDTH="34" VPOS="871" HPOS="862"/>
							<String ID="string_135" HPOS="896" VPOS="874" WIDTH="166" HEIGHT="37" WC="0.93" CONTENT="ständiga"/><SP WIDTH="35" VPOS="874" HPOS="1062"/>
							<String ID="string_136" HPOS="1097" VPOS="876" WIDTH="302" HEIGHT="33" WC="0.91" CONTENT="återkommandet"/><SP WIDTH="22" VPOS="876" HPOS="1399"/>
							<String ID="string_137" HPOS="1421" VPOS="889" WIDTH="47" HEIGHT="21" WC="0.96" CONTENT="av"/><SP WIDTH="24" VPOS="889" HPOS="1468"/>
							<String ID="string_138" HPOS="1492" VPOS="881" WIDTH="170" HEIGHT="31" WC="0.96" CONTENT="motioner"/><SP WIDTH="23" VPOS="881" HPOS="1662"/>
							<String ID="string_139" HPOS="1685" VPOS="883" WIDTH="13" HEIGHT="30" WC="0.96" CONTENT="i"/><SP WIDTH="24" VPOS="883" HPOS="1698"/>
							<String ID="string_140" HPOS="1722" VPOS="882" WIDTH="94" HEIGHT="33" WC="0.96" CONTENT="detta"/>
						</TextLine>
						<TextLine ID="line_14" HPOS="311" VPOS="919" WIDTH="1505" HEIGHT="48">
							<String ID="string_141" HPOS="311" VPOS="919" WIDTH="93" HEIGHT="36" WC="0.96" CONTENT="syfte"/><SP WIDTH="23" VPOS="919" HPOS="404"/>
							<String ID="string_142" HPOS="427" VPOS="922" WIDTH="40" HEIGHT="28" WC="0.96" CONTENT="är"/><SP WIDTH="22" VPOS="922" HPOS="467"/>
							<String ID="string_143" HPOS="489" VPOS="921" WIDTH="163" HEIGHT="37" WC="0.96" CONTENT="tydligen"/><SP WIDTH="23" VPOS="921" HPOS="652"/>
							<String ID="string_144" HPOS="675" VPOS="924" WIDTH="49" HEIGHT="30" WC="0.96" CONTENT="ett"/><SP WIDTH="25" VPOS="924" HPOS="724"/>
							<String ID="string_145" HPOS="749" VPOS="925" WIDTH="141" HEIGHT="35" WC="0.96" CONTENT="uttryck"/><SP WIDTH="25" VPOS="925" HPOS="890"/>
							<String ID="string_146" HPOS="915" VPOS="925" WIDTH="54" HEIGHT="31" WC="0.96" CONTENT="för"/><SP WIDTH="22" VPOS="925" HPOS="969"/>
							<String ID="string_147" HPOS="991" VPOS="936" WIDTH="134" HEIGHT="22" WC="0.96" CONTENT="samma"/><SP WIDTH="23" VPOS="936" HPOS="1125"/>
							<String ID="string_148" HPOS="1148" VPOS="928" WIDTH="233" HEIGHT="38" WC="0.92" CONTENT="folkmening."/><SP WIDTH="47" VPOS="928" HPOS="1381"/>
							<String ID="string_149" HPOS="1428" VPOS="928" WIDTH="226" HEIGHT="36" WC="0.59" CONTENT="Åtminstone"/><SP WIDTH="23" VPOS="928" HPOS="1654"/>
							<String ID="string_150" HPOS="1677" VPOS="936" WIDTH="74" HEIGHT="30" WC="0.96" CONTENT="mot"/><SP WIDTH="23" VPOS="936" HPOS="1751"/>
							<String ID="string_151" HPOS="1774" VPOS="945" WIDTH="42" HEIGHT="22" WC="0.96" CONTENT="en"/>
						</TextLine>
						<TextLine ID="line_15" HPOS="311" VPOS="970" WIDTH="1504" HEIGHT="52">
							<String ID="string_152" HPOS="311" VPOS="970" WIDTH="243" HEIGHT="33" WC="0.96" CONTENT="bestämmelse"/><SP WIDTH="32" VPOS="970" HPOS="554"/>
							<String ID="string_153" HPOS="586" VPOS="983" WIDTH="45" HEIGHT="21" WC="0.96" CONTENT="av"/><SP WIDTH="28" VPOS="983" HPOS="631"/>
							<String ID="string_154" HPOS="659" VPOS="974" WIDTH="66" HEIGHT="31" WC="0.96" CONTENT="den"/><SP WIDTH="24" VPOS="974" HPOS="725"/>
							<String ID="string_155" HPOS="749" VPOS="975" WIDTH="181" HEIGHT="38" WC="0.96" CONTENT="innebörd,"/><SP WIDTH="25" VPOS="975" HPOS="930"/>
							<String ID="string_156" HPOS="955" VPOS="979" WIDTH="52" HEIGHT="30" WC="0.96" CONTENT="att"/><SP WIDTH="24" VPOS="979" HPOS="1007"/>
							<String ID="string_157" HPOS="1031" VPOS="979" WIDTH="395" HEIGHT="38" WC="0.91" CONTENT="försäljningstillstånd"/><SP WIDTH="24" VPOS="979" HPOS="1426"/>
							<String ID="string_158" HPOS="1450" VPOS="983" WIDTH="32" HEIGHT="36" WC="0.96" CONTENT="ej"/><SP WIDTH="25" VPOS="983" HPOS="1482"/>
							<String ID="string_159" HPOS="1507" VPOS="984" WIDTH="104" HEIGHT="31" WC="0.93" CONTENT="borde"/><SP WIDTH="23" VPOS="984" HPOS="1611"/>
							<String ID="string_160" HPOS="1634" VPOS="986" WIDTH="181" HEIGHT="36" WC="0.92" CONTENT="medgivas"/>
						</TextLine>
						<TextLine ID="line_16" HPOS="310" VPOS="1024" WIDTH="1505" HEIGHT="48">
							<String ID="string_161" HPOS="310" VPOS="1024" WIDTH="89" HEIGHT="30" WC="0.96" CONTENT="utan"/><SP WIDTH="34" VPOS="1024" HPOS="399"/>
							<String ID="string_162" HPOS="433" VPOS="1024" WIDTH="74" HEIGHT="31" WC="0.95" CONTENT="viss"/><SP WIDTH="34" VPOS="1024" HPOS="507"/>
							<String ID="string_163" HPOS="541" VPOS="1024" WIDTH="229" HEIGHT="34" WC="0.95" CONTENT="kvalificerad"/><SP WIDTH="34" VPOS="1024" HPOS="770"/>
							<String ID="string_164" HPOS="804" VPOS="1028" WIDTH="191" HEIGHT="37" WC="0.95" CONTENT="majoritet,"/><SP WIDTH="24" VPOS="1028" HPOS="995"/>
							<String ID="string_165" HPOS="1019" VPOS="1030" WIDTH="116" HEIGHT="32" WC="0.96" CONTENT="därest"/><SP WIDTH="24" VPOS="1030" HPOS="1135"/>
							<String ID="string_166" HPOS="1159" VPOS="1041" WIDTH="43" HEIGHT="21" WC="0.96" CONTENT="en"/><SP WIDTH="23" VPOS="1041" HPOS="1202"/>
							<String ID="string_167" HPOS="1225" VPOS="1032" WIDTH="219" HEIGHT="32" WC="0.95" CONTENT="allmännare"/><SP WIDTH="25" VPOS="1032" HPOS="1444"/>
							<String ID="string_168" HPOS="1469" VPOS="1036" WIDTH="143" HEIGHT="36" WC="0.96" CONTENT="opinion"/><SP WIDTH="24" VPOS="1036" HPOS="1612"/>
							<String ID="string_169" HPOS="1636" VPOS="1037" WIDTH="12" HEIGHT="30" WC="0.95" CONTENT="i"/><SP WIDTH="24" VPOS="1037" HPOS="1648"/>
							<String ID="string_170" HPOS="1672" VPOS="1039" WIDTH="143" HEIGHT="32" WC="0.96" CONTENT="motsatt"/>
						</TextLine>
						<TextLine ID="line_17" HPOS="311" VPOS="1074" WIDTH="1502" HEIGHT="53">
							<String ID="string_171" HPOS="311" VPOS="1074" WIDTH="163" HEIGHT="37" WC="0.95" CONTENT="riktning"/><SP WIDTH="34" VPOS="1074" HPOS="474"/>
							<String ID="string_172" HPOS="508" VPOS="1076" WIDTH="100" HEIGHT="36" WC="0.95" CONTENT="giver"/><SP WIDTH="35" VPOS="1076" HPOS="608"/>
							<String ID="string_173" HPOS="643" VPOS="1078" WIDTH="54" HEIGHT="36" WC="0.95" CONTENT="sig"/><SP WIDTH="24" VPOS="1078" HPOS="697"/>
							<String ID="string_174" HPOS="721" VPOS="1079" WIDTH="179" HEIGHT="32" WC="0.96" CONTENT="tillkänna"/><SP WIDTH="25" VPOS="1079" HPOS="900"/>
							<String ID="string_175" HPOS="925" VPOS="1081" WIDTH="13" HEIGHT="30" WC="0.96" CONTENT="i"/><SP WIDTH="24" VPOS="1081" HPOS="938"/>
							<String ID="string_176" HPOS="962" VPOS="1081" WIDTH="276" HEIGHT="38" WC="0.96" CONTENT="kringliggande"/><SP WIDTH="24" VPOS="1081" HPOS="1238"/>
							<String ID="string_177" HPOS="1262" VPOS="1084" WIDTH="217" HEIGHT="39" WC="0.95" CONTENT="kommuner,"/><SP WIDTH="25" VPOS="1084" HPOS="1479"/>
							<String ID="string_178" HPOS="1504" VPOS="1088" WIDTH="96" HEIGHT="32" WC="0.96" CONTENT="torde"/><SP WIDTH="23" VPOS="1088" HPOS="1600"/>
							<String ID="string_179" HPOS="1623" VPOS="1089" WIDTH="60" HEIGHT="30" WC="0.96" CONTENT="väl"/><SP WIDTH="24" VPOS="1089" HPOS="1683"/>
							<String ID="string_180" HPOS="1707" VPOS="1090" WIDTH="106" HEIGHT="37" WC="0.96" CONTENT="ingen"/>
						</TextLine>
						<TextLine ID="line_18" HPOS="310" VPOS="1125" WIDTH="941" HEIGHT="46">
							<String ID="string_181" HPOS="310" VPOS="1125" WIDTH="229" HEIGHT="38" WC="0.96" CONTENT="allvarligare"/><SP WIDTH="23" VPOS="1125" HPOS="539"/>
							<String ID="string_182" HPOS="562" VPOS="1129" WIDTH="224" HEIGHT="38" WC="0.96" CONTENT="invändning"/><SP WIDTH="24" VPOS="1129" HPOS="786"/>
							<String ID="string_183" HPOS="810" VPOS="1131" WIDTH="78" HEIGHT="32" WC="0.96" CONTENT="med"/><SP WIDTH="24" VPOS="1131" HPOS="888"/>
							<String ID="string_184" HPOS="912" VPOS="1132" WIDTH="60" HEIGHT="37" WC="0.95" CONTENT="fog"/><SP WIDTH="24" VPOS="1132" HPOS="972"/>
							<String ID="string_185" HPOS="996" VPOS="1133" WIDTH="119" HEIGHT="32" WC="0.95" CONTENT="kunna"/><SP WIDTH="24" VPOS="1133" HPOS="1115"/>
							<String ID="string_186" HPOS="1139" VPOS="1138" WIDTH="112" HEIGHT="33" WC="0.96" CONTENT="göras."/>
						</TextLine>
					</TextBlock>
					<TextBlock ID="block_2" HPOS="309" VPOS="1176" WIDTH="1503" HEIGHT="94">
						<TextLine ID="line_19" HPOS="352" VPOS="1176" WIDTH="1460" HEIGHT="48">
							<String ID="string_187" HPOS="352" VPOS="1176" WIDTH="120" HEIGHT="33" WC="0.96" CONTENT="Under"/><SP WIDTH="23" VPOS="1176" HPOS="472"/>
							<String ID="string_188" HPOS="495" VPOS="1179" WIDTH="218" HEIGHT="38" WC="0.96" CONTENT="hänvisning"/><SP WIDTH="24" VPOS="1179" HPOS="713"/>
							<String ID="string_189" HPOS="737" VPOS="1182" WIDTH="57" HEIGHT="31" WC="0.96" CONTENT="till"/><SP WIDTH="24" VPOS="1182" HPOS="794"/>
							<String ID="string_190" HPOS="818" VPOS="1183" WIDTH="67" HEIGHT="32" WC="0.96" CONTENT="vad"/><SP WIDTH="25" VPOS="1183" HPOS="885"/>
							<String ID="string_191" HPOS="910" VPOS="1184" WIDTH="64" HEIGHT="31" WC="0.96" CONTENT="här"/><SP WIDTH="24" VPOS="1184" HPOS="974"/>
							<String ID="string_192" HPOS="998" VPOS="1195" WIDTH="90" HEIGHT="22" WC="0.96" CONTENT="ovan"/><SP WIDTH="23" VPOS="1195" HPOS="1088"/>
							<String ID="string_193" HPOS="1111" VPOS="1187" WIDTH="64" HEIGHT="31" WC="0.96" CONTENT="och"/><SP WIDTH="23" VPOS="1187" HPOS="1175"/>
							<String ID="string_194" HPOS="1198" VPOS="1187" WIDTH="12" HEIGHT="31" WC="0.96" CONTENT="i"/><SP WIDTH="24" VPOS="1187" HPOS="1210"/>
							<String ID="string_195" HPOS="1234" VPOS="1188" WIDTH="119" HEIGHT="36" WC="0.96" CONTENT="övrigt"/><SP WIDTH="23" VPOS="1188" HPOS="1353"/>
							<String ID="string_196" HPOS="1376" VPOS="1189" WIDTH="13" HEIGHT="31" WC="0.76" CONTENT="i"/><SP WIDTH="24" VPOS="1189" HPOS="1389"/>
							<String ID="string_197" HPOS="1413" VPOS="1189" WIDTH="237" HEIGHT="34" WC="0.91" CONTENT="motionernas"/><SP WIDTH="17" VPOS="1189" HPOS="1650"/>
							<String ID="string_198" HPOS="1667" VPOS="1193" WIDTH="145" HEIGHT="31" WC="0.91" CONTENT="motive-"/>
						</TextLine>
						<TextLine ID="line_20" HPOS="309" VPOS="1228" WIDTH="476" HEIGHT="42">
							<String ID="string_199" HPOS="309" VPOS="1228" WIDTH="80" HEIGHT="37" WC="0.96" CONTENT="ring"/><SP WIDTH="23" VPOS="1228" HPOS="389"/>
							<String ID="string_200" HPOS="412" VPOS="1230" WIDTH="150" HEIGHT="34" WC="0.92" CONTENT="anförts."/><SP WIDTH="12" VPOS="1230" HPOS="562"/>
							<String ID="string_201" HPOS="574" VPOS="1232" WIDTH="211" HEIGHT="38" WC="0.90" CONTENT="hemställes,"/>
						</TextLine>
					</TextBlock>
				</ComposedBlock>
				<ComposedBlock ID="cblock_2" HPOS="704" VPOS="1337" WIDTH="1107" HEIGHT="458">
					<TextBlock ID="block_3" HPOS="704" VPOS="1337" WIDTH="1107" HEIGHT="458">
						<TextLine ID="line_21" HPOS="752" VPOS="1337" WIDTH="1059" HEIGHT="46">
							<String ID="string_202" HPOS="752" VPOS="1338" WIDTH="52" HEIGHT="30" WC="0.95" CONTENT="att"/><SP WIDTH="24" VPOS="1338" HPOS="804"/>
							<String ID="string_203" HPOS="828" VPOS="1337" WIDTH="189" HEIGHT="37" WC="0.96" CONTENT="riksdagen"/><SP WIDTH="23" VPOS="1337" HPOS="1017"/>
							<String ID="string_204" HPOS="1040" VPOS="1340" WIDTH="119" HEIGHT="36" WC="0.96" CONTENT="måtte,"/><SP WIDTH="18" VPOS="1340" HPOS="1159"/>
							<String ID="string_205" HPOS="1177" VPOS="1341" WIDTH="79" HEIGHT="32" WC="0.96" CONTENT="med"/><SP WIDTH="16" VPOS="1341" HPOS="1256"/>
							<String ID="string_206" HPOS="1272" VPOS="1343" WIDTH="102" HEIGHT="31" WC="0.96" CONTENT="bifall"/><SP WIDTH="17" VPOS="1343" HPOS="1374"/>
							<String ID="string_207" HPOS="1391" VPOS="1344" WIDTH="59" HEIGHT="31" WC="0.96" CONTENT="till"/><SP WIDTH="17" VPOS="1344" HPOS="1450"/>
							<String ID="string_208" HPOS="1467" VPOS="1345" WIDTH="240" HEIGHT="38" WC="0.93" CONTENT="förevarande,"/><SP WIDTH="16" VPOS="1345" HPOS="1707"/>
							<String ID="string_209" HPOS="1723" VPOS="1347" WIDTH="88" HEIGHT="32" WC="0.93" CONTENT="lika-"/>
						</TextLine>
						<TextLine ID="line_22" HPOS="709" VPOS="1388" WIDTH="1102" HEIGHT="44">
							<String ID="string_210" HPOS="709" VPOS="1388" WIDTH="151" HEIGHT="37" WC="0.96" CONTENT="lydande"/><SP WIDTH="35" VPOS="1388" HPOS="860"/>
							<String ID="string_211" HPOS="895" VPOS="1390" WIDTH="172" HEIGHT="32" WC="0.95" CONTENT="motioner"/><SP WIDTH="33" VPOS="1390" HPOS="1067"/>
							<String ID="string_212" HPOS="1100" VPOS="1391" WIDTH="27" HEIGHT="31" WC="0.94" CONTENT="I:"/><SP WIDTH="18" VPOS="1391" HPOS="1127"/>
							<String ID="string_213" HPOS="1145" VPOS="1393" WIDTH="63" HEIGHT="30" WC="0.94" CONTENT="152"/><SP WIDTH="34" VPOS="1393" HPOS="1208"/>
							<String ID="string_214" HPOS="1242" VPOS="1394" WIDTH="62" HEIGHT="31" WC="0.96" CONTENT="och"/><SP WIDTH="34" VPOS="1394" HPOS="1304"/>
							<String ID="string_215" HPOS="1338" VPOS="1395" WIDTH="47" HEIGHT="31" WC="0.91" CONTENT="II:"/><SP WIDTH="17" VPOS="1395" HPOS="1385"/>
							<String ID="string_216" HPOS="1402" VPOS="1396" WIDTH="112" HEIGHT="36" WC="0.93" CONTENT="226,"/><SP WIDTH="-10" VPOS="1396" HPOS="1514"/>
							<String ID="string_217" HPOS="1504" VPOS="1384" WIDTH="20" HEIGHT="52" WC="0.96" CONTENT="i"/><SP WIDTH="26" VPOS="1384" HPOS="1524"/>
							<String ID="string_218" HPOS="1550" VPOS="1398" WIDTH="169" HEIGHT="32" WC="0.96" CONTENT="skrivelse"/><SP WIDTH="34" VPOS="1398" HPOS="1719"/>
							<String ID="string_219" HPOS="1753" VPOS="1400" WIDTH="58" HEIGHT="31" WC="0.93" CONTENT="till"/>
						</TextLine>
						<TextLine ID="line_23" HPOS="709" VPOS="1439" WIDTH="1102" HEIGHT="45">
							<String ID="string_220" HPOS="709" VPOS="1439" WIDTH="135" HEIGHT="37" WC="0.96" CONTENT="Kungl."/><SP WIDTH="24" VPOS="1439" HPOS="844"/>
							<String ID="string_221" HPOS="868" VPOS="1440" WIDTH="104" HEIGHT="37" WC="0.96" CONTENT="Maj:t"/><SP WIDTH="23" VPOS="1440" HPOS="972"/>
							<String ID="string_222" HPOS="995" VPOS="1442" WIDTH="153" HEIGHT="37" WC="0.95" CONTENT="anhålla,"/><SP WIDTH="25" VPOS="1442" HPOS="1148"/>
							<String ID="string_223" HPOS="1173" VPOS="1445" WIDTH="53" HEIGHT="30" WC="0.96" CONTENT="att"/><SP WIDTH="15" VPOS="1445" HPOS="1226"/>
							<String ID="string_224" HPOS="1241" VPOS="1444" WIDTH="136" HEIGHT="39" WC="0.96" CONTENT="Kungl."/><SP WIDTH="16" VPOS="1444" HPOS="1377"/>
							<String ID="string_225" HPOS="1393" VPOS="1447" WIDTH="105" HEIGHT="37" WC="0.96" CONTENT="Maj:t"/><SP WIDTH="16" VPOS="1447" HPOS="1498"/>
							<String ID="string_226" HPOS="1514" VPOS="1449" WIDTH="86" HEIGHT="31" WC="0.96" CONTENT="ville"/><SP WIDTH="16" VPOS="1449" HPOS="1600"/>
							<String ID="string_227" HPOS="1616" VPOS="1451" WIDTH="195" HEIGHT="32" WC="0.96" CONTENT="verkställa"/>
						</TextLine>
						<TextLine ID="line_24" HPOS="709" VPOS="1491" WIDTH="1102" HEIGHT="50">
							<String ID="string_228" HPOS="709" VPOS="1491" WIDTH="190" HEIGHT="37" WC="0.96" CONTENT="utredning"/><SP WIDTH="31" VPOS="1491" HPOS="899"/>
							<String ID="string_229" HPOS="930" VPOS="1494" WIDTH="178" HEIGHT="35" WC="0.96" CONTENT="angående"/><SP WIDTH="23" VPOS="1494" HPOS="1108"/>
							<String ID="string_230" HPOS="1131" VPOS="1495" WIDTH="111" HEIGHT="32" WC="0.96" CONTENT="sådan"/><SP WIDTH="24" VPOS="1495" HPOS="1242"/>
							<String ID="string_231" HPOS="1266" VPOS="1498" WIDTH="152" HEIGHT="43" WC="0.96" CONTENT="ändring"/><SP WIDTH="24" VPOS="1498" HPOS="1418"/>
							<String ID="string_232" HPOS="1442" VPOS="1500" WIDTH="12" HEIGHT="30" WC="0.96" CONTENT="i"/><SP WIDTH="24" VPOS="1500" HPOS="1454"/>
							<String ID="string_233" HPOS="1478" VPOS="1501" WIDTH="163" HEIGHT="35" WC="0.93" CONTENT="gällande"/><SP WIDTH="23" VPOS="1501" HPOS="1641"/>
							<String ID="string_234" HPOS="1664" VPOS="1503" WIDTH="147" HEIGHT="32" WC="0.92" CONTENT="bestäm-"/>
						</TextLine>
						<TextLine ID="line_25" HPOS="707" VPOS="1542" WIDTH="1103" HEIGHT="50">
							<String ID="string_235" HPOS="707" VPOS="1542" WIDTH="125" HEIGHT="32" WC="0.90" CONTENT="melser"/><SP WIDTH="33" VPOS="1542" HPOS="832"/>
							<String ID="string_236" HPOS="865" VPOS="1544" WIDTH="181" HEIGHT="35" WC="0.93" CONTENT="angående"/><SP WIDTH="28" VPOS="1544" HPOS="1046"/>
							<String ID="string_237" HPOS="1074" VPOS="1546" WIDTH="465" HEIGHT="42" WC="0.91" CONTENT="rusdrycksförsäljningen,"/><SP WIDTH="24" VPOS="1546" HPOS="1539"/>
							<String ID="string_238" HPOS="1563" VPOS="1555" WIDTH="52" HEIGHT="29" WC="0.96" CONTENT="att"/><SP WIDTH="23" VPOS="1555" HPOS="1615"/>
							<String ID="string_239" HPOS="1638" VPOS="1554" WIDTH="172" HEIGHT="38" WC="0.91" CONTENT="kringlig-"/>
						</TextLine>
						<TextLine ID="line_26" HPOS="706" VPOS="1594" WIDTH="1105" HEIGHT="49">
							<String ID="string_240" HPOS="706" VPOS="1594" WIDTH="111" HEIGHT="36" WC="0.96" CONTENT="gande"/><SP WIDTH="34" VPOS="1594" HPOS="817"/>
							<String ID="string_241" HPOS="851" VPOS="1595" WIDTH="211" HEIGHT="32" WC="0.92" CONTENT="kommuner"/><SP WIDTH="33" VPOS="1595" HPOS="1062"/>
							<String ID="string_242" HPOS="1095" VPOS="1598" WIDTH="234" HEIGHT="34" WC="0.88" CONTENT="tillerkännas"/><SP WIDTH="33" VPOS="1598" HPOS="1329"/>
							<String ID="string_243" HPOS="1362" VPOS="1602" WIDTH="162" HEIGHT="38" WC="0.96" CONTENT="behörigt"/><SP WIDTH="24" VPOS="1602" HPOS="1524"/>
							<String ID="string_244" HPOS="1548" VPOS="1604" WIDTH="196" HEIGHT="37" WC="0.96" CONTENT="inflytande"/><SP WIDTH="23" VPOS="1604" HPOS="1744"/>
							<String ID="string_245" HPOS="1767" VPOS="1608" WIDTH="44" HEIGHT="35" WC="0.96" CONTENT="på"/>
						</TextLine>
						<TextLine ID="line_27" HPOS="705" VPOS="1646" WIDTH="1106" HEIGHT="44">
							<String ID="string_246" HPOS="705" VPOS="1646" WIDTH="202" HEIGHT="36" WC="0.96" CONTENT="beviljande"/><SP WIDTH="34" VPOS="1646" HPOS="907"/>
							<String ID="string_247" HPOS="941" VPOS="1657" WIDTH="46" HEIGHT="21" WC="0.92" CONTENT="av"/><SP WIDTH="34" VPOS="1657" HPOS="987"/>
							<String ID="string_248" HPOS="1021" VPOS="1648" WIDTH="444" HEIGHT="41" WC="0.92" CONTENT="försäljningsrättigheter"/><SP WIDTH="27" VPOS="1648" HPOS="1465"/>
							<String ID="string_249" HPOS="1492" VPOS="1656" WIDTH="13" HEIGHT="30" WC="0.96" CONTENT="i"/><SP WIDTH="28" VPOS="1656" HPOS="1505"/>
							<String ID="string_250" HPOS="1533" VPOS="1656" WIDTH="73" HEIGHT="32" WC="0.96" CONTENT="viss"/><SP WIDTH="34" VPOS="1656" HPOS="1606"/>
							<String ID="string_251" HPOS="1640" VPOS="1657" WIDTH="171" HEIGHT="33" WC="0.95" CONTENT="kommun"/>
						</TextLine>
						<TextLine ID="line_28" HPOS="705" VPOS="1697" WIDTH="1105" HEIGHT="49">
							<String ID="string_252" HPOS="705" VPOS="1697" WIDTH="64" HEIGHT="31" WC="0.96" CONTENT="och"/><SP WIDTH="23" VPOS="1697" HPOS="769"/>
							<String ID="string_253" HPOS="792" VPOS="1698" WIDTH="178" HEIGHT="32" WC="0.96" CONTENT="villkoren"/><SP WIDTH="23" VPOS="1698" HPOS="970"/>
							<String ID="string_254" HPOS="993" VPOS="1699" WIDTH="129" HEIGHT="38" WC="0.96" CONTENT="därför,"/><SP WIDTH="24" VPOS="1699" HPOS="1122"/>
							<String ID="string_255" HPOS="1146" VPOS="1704" WIDTH="92" HEIGHT="30" WC="0.96" CONTENT="samt"/><SP WIDTH="23" VPOS="1704" HPOS="1238"/>
							<String ID="string_256" HPOS="1261" VPOS="1704" WIDTH="54" HEIGHT="31" WC="0.96" CONTENT="för"/><SP WIDTH="17" VPOS="1704" HPOS="1315"/>
							<String ID="string_257" HPOS="1332" VPOS="1705" WIDTH="188" HEIGHT="38" WC="0.95" CONTENT="riksdagen"/><SP WIDTH="16" VPOS="1705" HPOS="1520"/>
							<String ID="string_258" HPOS="1536" VPOS="1707" WIDTH="200" HEIGHT="39" WC="0.96" CONTENT="framlägga"/><SP WIDTH="16" VPOS="1707" HPOS="1736"/>
							<String ID="string_259" HPOS="1752" VPOS="1710" WIDTH="58" HEIGHT="32" WC="0.96" CONTENT="det"/>
						</TextLine>
						<TextLine ID="line_29" HPOS="704" VPOS="1749" WIDTH="822" HEIGHT="46">
							<String ID="string_260" HPOS="704" VPOS="1749" WIDTH="144" HEIGHT="37" WC="0.96" CONTENT="förslag,"/><SP WIDTH="24" VPOS="1749" HPOS="848"/>
							<String ID="string_261" HPOS="872" VPOS="1760" WIDTH="74" HEIGHT="22" WC="0.96" CONTENT="som"/><SP WIDTH="24" VPOS="1760" HPOS="946"/>
							<String ID="string_262" HPOS="970" VPOS="1761" WIDTH="45" HEIGHT="21" WC="0.96" CONTENT="av"/><SP WIDTH="24" VPOS="1761" HPOS="1015"/>
							<String ID="string_263" HPOS="1039" VPOS="1753" WIDTH="235" HEIGHT="42" WC="0.93" CONTENT="utredningen"/><SP WIDTH="24" VPOS="1753" HPOS="1274"/>
							<String ID="string_264" HPOS="1298" VPOS="1756" WIDTH="228" HEIGHT="34" WC="0.89" CONTENT="föranledes.»"/>
						</TextLine>
					</TextBlock>
				</ComposedBlock>
				<GraphicalElement ID="cblock_3" HPOS="599" VPOS="2512" WIDTH="885" HEIGHT="13"></GraphicalElement >
				<ComposedBlock ID="cblock_4" HPOS="601" VPOS="2531" WIDTH="896" HEIGHT="41">
					<TextBlock ID="block_4" HPOS="601" VPOS="2531" WIDTH="896" HEIGHT="41">
						<TextLine ID="line_30" HPOS="601" VPOS="2531" WIDTH="896" HEIGHT="41">
							<String ID="string_265" HPOS="601" VPOS="2531" WIDTH="173" HEIGHT="30" WC="0.96" CONTENT="Stockholm,"/><SP WIDTH="20" VPOS="2531" HPOS="774"/>
							<String ID="string_266" HPOS="794" VPOS="2534" WIDTH="77" HEIGHT="24" WC="0.93" CONTENT="Isaac"/><SP WIDTH="18" VPOS="2534" HPOS="871"/>
							<String ID="string_267" HPOS="889" VPOS="2535" WIDTH="122" HEIGHT="26" WC="0.91" CONTENT="Marcus&#39;"/><SP WIDTH="18" VPOS="2535" HPOS="1011"/>
							<String ID="string_268" HPOS="1029" VPOS="2536" WIDTH="372" HEIGHT="36" WC="0.91" CONTENT="Boktryckeri-Aktiebolag,"/><SP WIDTH="19" VPOS="2536" HPOS="1401"/>
							<String ID="string_269" HPOS="1420" VPOS="2541" WIDTH="77" HEIGHT="24" WC="0.96" CONTENT="1925."/>
						</TextLine>
					</TextBlock>
				</ComposedBlock>
			</PrintSpace>
		</Page>
	</Layout>
</alto>
