1886 2838
561 192 275 29 Bankoutskottets
855 191 161 28 utlåtande
1036 191 42 27 Nr
1098 191 47 26 42.
1562 189 35 29 11

107 274 86 31 böra
220 274 99 31 anstå
345 274 11 30 i
383 275 175 29 avvaktan
584 272 45 41 på
656 273 286 30 statsmakternas
970 270 383 40 ståndpunktstagande
1379 268 220 32 beträffande

108 327 259 31 bestämmelser
386 326 55 32 för
461 327 76 39 krig
556 327 65 30 och
641 323 378 42 beredskapstillstånd.

152 381 230 34 Beträffande
400 381 164 39 slutligen
583 380 67 31 den
671 379 10 30 i
700 378 181 31 motionen
902 378 46 30 II:
963 379 17 29 7
999 377 200 31 framförda
1219 377 130 30 tanken
1369 375 46 40 på
1433 385 44 21 en
1496 378 104 37 ytter-

106 435 110 41 ligare
241 435 214 38 förbättring
479 443 43 22 av
544 434 67 30 den
633 431 348 41 begravningshjälp,
1006 440 77 21 som
1105 429 104 40 utgår
1231 429 57 31 vid
1311 429 156 31 dödsfall
1490 428 111 31 under

106 488 382 41 militärtjänstgöring,
508 486 58 32 må
583 487 150 30 allenast
751 484 219 36 framhållas,
989 487 51 28 att
1058 483 163 40 gällande
1238 482 266 32 bestämmelser
1522 482 78 30 här-

107 542 152 32 utinnan
277 543 84 30 trätt
379 542 11 30 i
409 541 97 31 kraft
524 540 38 32 så
579 540 143 40 nyligen
741 548 75 21 som
833 538 60 31 vid
912 537 240 31 innevarande
1171 536 57 31 års
1247 536 139 39 ingång.
1417 535 80 31 Med
1515 535 85 30 hän-

107 604 66 31 syn
191 595 120 31 härtill
327 595 119 31 finner
464 595 169 30 utskottet
650 592 298 39 förutsättningar
966 591 32 39 ej
1016 600 83 22 vara
1117 590 58 31 för
1192 590 141 30 handen
1352 589 58 31 för
1429 599 43 20 en
1490 588 110 40 jämk-

107 649 86 40 ning
213 658 44 22 av
276 648 312 31 bestämmelserna
610 647 11 30 i
641 646 112 39 fråga.

153 701 119 32 Under
288 701 214 39 hänvisning
519 700 52 32 till
587 701 57 30 det
662 709 92 21 ovan
770 699 152 31 anförda
940 699 117 30 finner
1075 698 52 39 sig
1144 698 169 30 utskottet
1330 697 87 29 böra
1436 695 165 39 avstyrka

107 754 102 32 bifall
231 755 53 30 till
305 755 41 31 de
369 755 11 30 i
403 754 44 31 de
468 753 241 40 föreliggande
732 752 222 31 motionerna
977 751 126 31 väckta
1126 750 188 39 förslagen.

153 807 176 32 Utskottet
352 807 204 31 hemställer
578 806 146 36 således,

464 918 51 28 att
541 913 233 32 förevarande
799 912 177 31 motioner
1002 912 44 30 II:
1063 913 28 34 7,
1119 911 112 36 II:43,
1259 911 44 29 II:
1322 911 37 29 70
1386 910 68 30 och
1481 909 44 31 I1:
1541 909 61 30 150

419 968 34 40 ej
474 967 58 32 må
556 967 50 31 till
628 966 118 43 någon
769 966 207 38 riksdagens
1000 964 123 40 åtgärd
1145 963 195 32 föranleda.

155 1076 202 31 Stockholm
380 1076 67 30 den
469 1076 41 29 28
530 1074 86 40 april
641 1074 94 30 1942.

588 1180 48 31 På
656 1180 303 31 bankoutskottets
981 1180 143 38 vägnar:

685 1260 59 30 BJ.
768 1258 262 32 HOLMGREN.

151 1530 58 28 Vid
228 1528 197 29 förestående
445 1528 129 28 ärendes
593 1527 253 35 slutbehandling
864 1527 88 26 inom
971 1526 150 27 utskottet
1140 1525 82 27 hava
1240 1524 149 28 närvarit:

153 1591 70 29 från
250 1591 148 28 första
424 1591 194 27 kammaren:
637 1589 109 28 herrar
761 1588 134 34 Berling,
911 1587 135 35 Sandén,
1062 1586 214 35 Friggeråker,
1293 1594 59 19 von
1368 1583 119 36 Horn",
1503 1585 103 33 Ohlin,

112 1635 151 35 Leander,
283 1635 185 28 Nordenson
489 1634 58 28 och
567 1631 112 36 Edin";

150 1687 74 30 från
278 1689 109 27 andra
413 1688 196 27 kammaren:
625 1686 111 28 herrar
751 1686 180 34 Holmgren,
948 1684 177 28 Andersson
1142 1684 9 27 i
1167 1682 221 37 Falkenberg",
1404 1683 37 27 K.
1459 1683 33 28 A.
1512 1683 93 26 West-

111 1732 103 36 man”,
229 1731 99 36 Hall",
342 1732 179 28 Andersson
542 1732 5 28 i
563 1729 277 37 Munkaljungby”,
856 1729 140 35 Hilding,
1010 1728 151 29 Eriksson
1177 1729 9 26 i
1202 1724 141 39 Sandby"
1360 1728 60 27 och
1436 1726 169 35 Sundberg.

150 1812 17 16 £
184 1812 36 33 Ej
245 1812 179 25 närvarande
448 1811 48 26 vid
519 1809 174 26 utlåtandets
718 1808 145 32 justering.
