1866 2798
537 163 326 34 Bankoutskottets
878 162 181 34 memorial
1079 174 41 21 nr
1140 165 15 30 1
1555 163 38 29 11

645 240 248 41 Affärsbankerna
1227 242 34 26 84
1282 241 179 33 sparbanker

538 283 115 38 Ökning
672 289 69 25 eller
760 288 168 32 minskning
947 296 47 18 av:
1112 281 116 38 Ökning
1246 287 70 25 eller
1335 286 168 31 minskning
1522 293 47 18 av:

521 379 72 25 Inlå-
727 360 77 40 Utlå-
887 341 91 68 es
992 339 54 63 &T
1096 359 135 25 Insättar-
1257 355 24 59 =
1311 375 77 26 Utlå-
1439 339 91 68 es
1545 337 54 63 T

502 415 109 25 ningen
711 404 109 24 ningen
896 413 55 26 lån.
967 409 72 40 över-
1111 390 105 57 behåll-
1296 412 108 25 ningen
1449 411 55 25 lån.
1514 415 77 21 över-

556 423 16 24 g
693 430 144 33 (bev.bel.)
920 458 9 4 -
1108 439 107 23 ningen
1350 419 17 24 g
1473 456 9 4 i

896 450 79 25 skott
984 447 53 33 (—)
1449 447 79 25 skott
1536 445 55 32 (—)

106 492 203 41 1/1—30/11
338 499 83 28 1949
492 499 31 29 +
566 499 63 28 659
700 499 29 29 +
774 499 62 27 183
904 499 29 29 +
977 498 61 28 476
1110 497 30 29 +
1160 497 63 28 346
1295 497 29 28 +
1345 497 63 28 346
1511 508 43 5 NN

106 538 203 40 1/1—30/11
339 545 83 27 1950
493 544 30 29 +
566 544 63 28 580
699 543 138 31 +1003
898 555 42 5 —
977 543 62 28 423
1110 542 30 29 +
1160 542 64 28 299
1295 542 29 28 +
1345 541 64 28 358
1477 553 44 4 —
1536 540 40 28 59

106 583 202 40 1/1—30/11
338 589 81 28 1951
493 589 136 28 +1710
698 588 138 31 —+1099
904 588 28 28 —+
976 588 61 28 611
1111 587 113 28 +302
1296 586 114 29 —+232
1485 587 30 27 +
1535 585 41 29 70

107 628 202 40 1/1—30/11
340 634 83 28 1952
488 647 43 3 —
568 634 63 28 348
696 646 43 4 —
776 633 61 28 101
899 645 44 4 —
978 633 63 28 247
1113 632 110 28 +505
1295 631 113 29 —+421
1485 631 30 27 —+
1536 630 42 28 84

107 672 202 38 1/1—30/11
339 679 83 27 1953
493 678 138 29 —+1425
701 679 30 28 —+
776 678 62 28 199
906 678 134 28 —+1226
1113 677 112 28 —+500
1296 676 114 29 —+425
1485 677 30 27 —
1536 674 40 28 75

108 717 202 41 1/1—30/11
340 724 84 28 1954
495 724 57 29 +1
569 723 64 28 012
704 723 136 29 +1089
900 735 43 4 —
1001 722 40 28 77
1113 723 29 28 +
1164 722 62 27 479
1298 721 30 28 +
1349 721 64 27 454
1487 720 30 28 +
1539 719 41 28 25

641 798 256 33 Postsparbanken
1060 798 221 26 Centralkassor
1300 797 46 25 för
1364 795 237 34 jordbrukskred.

535 839 116 37 Ökning
670 845 69 25 eller
758 844 170 32 minskning
946 852 50 17 av:
1097 837 115 37 Ökning
1231 843 71 25 eller
1320 841 169 32 minskning
1508 848 48 18 av:

520 920 11 3 -
866 897 90 26 Inlån.
987 900 21 23 (+
1442 894 93 25 Inlån.
1564 896 23 24 (+

465 912 137 69 Ineättar-
701 933 77 26 Utlå-
878 941 73 24 resp.
969 896 55 62 TT
1113 932 72 25 Inlå-
1306 926 77 42 Utlå-
1455 938 75 24 resp.
1548 892 55 63 TT

481 989 107 31 ningen
686 970 107 31 ningen
874 969 57 25 lån.
940 972 77 23 över-
1095 968 108 32 ningen
1292 967 108 32 ningen
1453 966 143 25 «<:lån.över-

875 1005 78 25 skott
962 1003 54 32 (—)
1454 1002 80 25 skott
1543 1000 54 32 (—)

111 1047 201 43 1/1—30/11
343 1055 83 27 1949
480 1054 29 29 +
533 1055 62 28 180
691 1053 32 32 +
743 1054 63 28 100
905 1054 29 28 +
955 1054 41 27 80
1094 1053 29 28 +
1166 1052 40 28 55
1298 1052 29 28 +
1349 1052 40 27 44
1480 1052 28 27 +
1531 1050 38 28 11

111 1093 203 40 1/1—930/11
344 1100 83 27 1950
481 1100 29 28 —+
553 1100 41 27 96
691 1099 33 31 +
765 1099 41 28 90
905 1098 29 29 +
978 1099 18 27 6
1094 1097 30 30 +
1166 1098 41 27 43
1298 1098 30 27 +
1349 1096 40 28 56
1473 1108 44 4 -—
1532 1095 39 28 13

112 1138 203 40 1/1—30/11
344 1144 81 28 1951
480 1144 30 29 +
533 1144 62 28 183
692 1144 30 29 +
744 1144 62 28 172
905 1144 29 28 +
956 1144 38 27 11
1094 1143 27 28 +
1166 1142 39 28 51
1298 1141 30 29 +
1349 1141 40 28 33
1480 1140 30 29 +
1532 1140 40 27 18

112 1181 202 41 1/1—930/11
344 1189 83 28 1952
480 1189 30 29 +
531 1189 64 28 320
692 1189 28 29 +
742 1189 64 27 380
898 1201 29 3 —
954 1188 41 28 60
1094 1188 29 28 +
1146 1187 61 28 106
1298 1186 30 29 +
1349 1186 37 28 51
1481 1185 29 29 +
1531 1184 41 28 55

112 1228 203 40 1/1—30/11
344 1234 83 27 1953
481 1234 29 29 +—+
531 1234 65 28 222
692 1232 32 32 +
743 1234 64 27 253
900 1246 42 3 —
956 1233 38 28 31
1094 1233 30 27 +
1167 1232 41 28 67
1299 1231 30 29 +
1349 1231 41 28 80
1474 1242 43 4 —
1532 1229 40 28 13

113 1273 203 40 1/1—30/11
346 1279 83 28 1954
481 1277 33 32 +
535 1279 61 28 167
695 1279 29 29 +
747 1279 62 27 148
908 1278 30 29 +
960 1278 39 28 19
1097 1278 30 28 +
1169 1277 41 28 97
1297 1276 30 29 +
1348 1276 41 27 82
1480 1275 30 29 +
1532 1274 40 28 15

160 1370 18 34 I
202 1370 187 34 utlåtande
413 1382 42 21 nr
478 1373 45 31 27
547 1370 54 34 till
627 1374 86 30 1934
739 1371 55 33 års
819 1370 143 43 riksdag
985 1369 161 34 uttalade
1171 1368 300 34 bankoutskottet
1496 1367 107 34 bland

117 1428 121 35 annat,
259 1428 56 29 att
335 1424 59 33 det
415 1424 203 33 dåvarande
638 1423 228 34 ekonomiska
885 1424 94 41 läget
999 1427 138 29 snarast
1157 1422 112 42 tydde
1288 1422 48 42 på
1357 1420 248 34 samhällseko-

116 1477 138 34 nomisk
275 1477 124 33 balans
420 1477 113 33 under
556 1480 99 30 19534.
676 1477 56 33 En
754 1477 177 33 eventuell
953 1475 177 42 rubbning
1152 1487 45 21 av
1219 1475 116 33 denna
1358 1474 123 34 balans
1503 1473 102 34 torde

117 1531 80 33 med
218 1530 139 42 hänsyn
377 1530 53 33 till
451 1530 46 34 då
516 1529 237 43 föreliggande
773 1530 198 38 tendenser,
991 1529 108 33 bland
1121 1532 111 30 annat
1253 1528 68 33 den
1342 1527 114 34 ökade
1478 1526 127 34 aktivi-

119 1589 96 28 teten
234 1584 95 33 inom
347 1583 240 43 näringslivet,
608 1595 139 21 snarare
766 1582 123 34 kunna
908 1583 132 33 utlösas
1061 1594 45 21 av
1125 1581 192 43 expansiva
1337 1584 45 30 än
1403 1592 46 22 av
1468 1580 138 42 depres-

119 1638 76 33 siva
214 1637 168 34 faktorer.

162 1691 259 42 Utvecklingen
441 1691 112 33 under
573 1702 198 21 sommaren
790 1689 68 34 och
877 1689 126 33 hösten
1025 1691 87 31 1954
1133 1687 158 40 innebar,
1312 1691 55 30 att
1389 1687 68 34 den
1477 1686 128 34 ekono-

119 1746 112 33 miska
252 1745 212 34 aktiviteten
484 1744 97 33 inom
602 1743 140 42 Sverige
762 1742 151 43 kraftigt
934 1742 188 42 stegrades,
1143 1741 66 34 och
1228 1740 127 34 tecken
1376 1739 231 40 förekommo,

119 1811 75 22 som
215 1798 112 43 tydde
348 1798 46 42 på
415 1802 55 29 att
491 1797 95 33 vissa
607 1796 108 34 risker
736 1796 154 42 förelågo
913 1795 54 34 för
988 1794 352 42 balansrubbningar.
1363 1792 243 35 Kursutveck-

120 1853 116 41 lingen
253 1852 47 42 på
318 1851 223 33 aktiebörsen
559 1849 204 34 indikerade
782 1849 145 38 således,
946 1852 55 29 att
1019 1847 219 34 marknaden
1256 1846 174 34 bedömde
1450 1845 157 34 aktiebo-

121 1907 117 41 lagens
258 1904 249 33 vinstutsikter
526 1904 116 32 såsom
662 1913 245 32 gynnsamma,
926 1901 65 33 och
1011 1901 68 33 den
1098 1899 113 34 ökade
1230 1899 261 43 produktionen
1512 1898 96 34 med-

121 1959 98 33 förde
236 1970 44 21 en
297 1957 213 42 efterfrågan
529 1957 47 42 på
593 1954 227 40 arbetskraft,
838 1966 76 22 som
932 1954 47 42 på
996 1965 43 21 en
1057 1953 56 34 del
1130 1953 166 33 områden
1315 1952 101 34 ledde
1434 1952 52 33 till
1505 1951 104 34 brist-

121 2011 219 34 situationer.
367 2010 81 33 Den
476 2009 114 34 ökade
617 2008 274 33 konsumtionen
920 2007 95 33 inom
1043 2006 121 34 landet
1191 2005 55 34 för
1273 2005 142 43 privata
1443 2005 166 33 ändamål

122 2064 211 43 avspeglade
351 2063 52 42 sig
420 2063 10 33 i
448 2075 44 21 en
509 2062 150 42 kraftigt
678 2061 92 34 ökad
789 2061 132 42 import
940 2072 46 21 av
1004 2059 107 34 bland
1131 2063 111 29 annat
1261 2058 100 34 bilar.
1380 2058 81 33 Den
1480 2057 129 34 offent-

123 2119 68 41 liga
209 2116 244 35 diskussionen
471 2115 74 34 före
565 2114 445 41 avtalsförhandlingarnas
1030 2112 185 34 inledande
1235 2111 132 40 visade,
1387 2115 56 29 att
1461 2123 84 21 man
1564 2111 47 42 på

122 2169 323 43 arbetstagarsidan
462 2169 120 41 ansåg,
599 2172 56 29 att
670 2188 46 4 —
732 2167 108 33 bland
858 2170 110 30 annat
985 2165 172 34 beroende
1175 2165 47 42 på
1238 2164 166 42 bolagens
1421 2175 189 31 gynnsam-

122 2236 59 20 ma
196 2221 302 42 vinstutveckling
514 2221 157 42 speciellt
686 2220 94 33 inom
797 2219 94 33 vissa
907 2217 314 44 exportindustrier
1236 2217 65 34 och
1318 2217 68 33 den
1403 2216 113 34 ökade
1533 2228 78 30 pro-

123 2276 196 34 duktionen
333 2295 45 4 —
392 2279 179 37 utrymme
586 2273 126 33 funnes
727 2273 54 32 för
796 2284 43 21 en
855 2271 75 34 icke
946 2270 181 42 obetydlig
1142 2269 228 42 lönehöjning
1384 2269 112 33 under
1513 2272 98 30 1955.

169 2330 69 32 För
256 2333 57 29 att
330 2327 138 34 minska
486 2327 43 33 de
548 2326 109 33 risker
674 2326 54 33 för
745 2324 353 41 balansrubbningar,
1118 2335 76 21 som
1213 2323 68 33 den
1301 2322 113 33 ökade
1433 2321 178 34 ekonomi-

124 2383 63 32 ska
208 2381 213 34 aktiviteten
441 2380 119 33 kunde
581 2378 170 39 medföra,
772 2377 162 42 vidtogos
956 2376 111 34 under
1088 2375 288 34 eftersommaren
1398 2374 66 34 och
1487 2374 124 33 hösten

125 2436 92 32 vissa
236 2433 242 43 motåtgärder
502 2433 5 33 i
528 2431 201 43 dämpande
749 2430 105 43 syfte.
873 2429 88 34 Med
982 2428 131 34 verkan
1134 2427 79 34 från
1233 2427 66 34 och
1319 2427 81 34 med
1421 2427 68 34 den
1512 2430 15 30 1
1551 2427 60 33 ok-

128 2488 97 34 tober
245 2490 88 31 1954
350 2485 243 42 genomfördes
611 2484 132 34 således
761 2495 43 22 en
822 2482 223 35 omfattande
1064 2481 189 43 frilistning
1271 2493 46 21 av
1335 2492 103 22 varor
1456 2480 77 33 från
1553 2480 58 33 det
