2190 2606
756 225 254 34 Statsutskottets
1032 229 167 33 utlåtande
1222 232 52 31 Nr
1296 235 49 30 51.
1827 241 18 30 2

1592 437 146 50 Bilaga.

887 526 315 56 Beräkning

240 622 179 42 angående
453 627 286 35 medelsbehovet
762 630 61 33 för
845 632 199 34 beredande
1067 644 42 23 av
1135 637 122 32 arbete
1280 635 37 34 åt
1339 639 265 42 stenhuggarne
1629 642 12 32 i
1663 643 173 41 Blekinge

502 678 65 32 och
589 679 182 34 Bohuslän
795 681 63 33 för
879 683 100 33 tiden
1003 684 17 32 1
1045 686 93 40 april
1163 686 172 34 1916—231
1360 699 96 24 mars
1481 691 98 33 1917.

347 770 282 51 Efterföljande
659 775 213 51 beräkning
899 783 59 32 tar
986 780 135 37 endast
1141 781 149 51 hänsyn
1310 783 55 37 till
1386 784 47 37 de
1451 786 98 48 gifta
1569 788 270 49 stenarbetare,

243 821 103 37 vilka
374 823 33 50 ej
439 823 127 39 kunna
595 826 141 38 erhålla
765 829 294 49 stadigvarande
1088 835 301 50 sysselsättning
1408 837 102 37 inom
1530 840 308 38 stenindustrien.

243 873 141 37 Dessas
413 876 103 36 antal
545 882 42 32 är
614 878 58 37 för
700 882 238 37 närvarande
967 884 179 49 omkring
1174 888 125 47 4,500.
1355 888 75 37 För
1459 895 55 31 ett
1542 893 40 34 år
1601 891 68 37 har
1688 906 85 23 man
1794 893 46 37 då

242 930 55 31 att
324 926 120 38 räkna
472 929 86 36 med
590 932 45 34 12
663 943 26 27 x
714 934 113 44 4,500
846 951 33 12 =
899 935 140 46 54,000
1067 938 429 39 mansarbetsmånader.

345 978 101 37 Utan
488 981 185 38 särskilda
714 985 176 48 åtgärder
932 986 85 37 från
1050 994 145 33 statens
1225 990 81 37 sida
1334 992 129 37 kunna
1491 993 11 36 i
1530 999 88 31 runt
1645 995 53 37 tal
1726 998 113 46 4,500

241 1031 421 40 mansarbetsmånader
690 1036 152 49 utfyllas
872 1039 86 36 med
986 1039 143 50 arbete,
1158 1042 193 50 nämligen
1380 1045 86 37 med
1486 1046 231 48 vägarbeten
1737 1048 12 37 i
1769 1048 71 37 Bo-

240 1081 137 37 huslän
405 1085 23 35 4
455 1096 26 27 x
509 1087 73 35 650
602 1105 32 11 =
654 1089 113 46 2,600
796 1091 417 40 mansarbetsmånader
1242 1101 95 31 samt
1361 1096 86 38 med
1467 1098 196 38 enahanda
1683 1100 156 37 arbeten

240 1133 13 36 i
281 1134 187 51 Blekinge
499 1139 20 34 6
547 1150 27 26 x
601 1141 71 34 325
693 1158 33 11 =
749 1143 109 45 1,950
887 1144 430 39 mansarbetsmånader.

345 1186 71 37 Vid
459 1188 232 52 beställning
720 1205 45 22 av
792 1199 155 42 gatsten
974 1195 58 36 till
1061 1196 224 39 kommuner
1313 1200 69 36 och
1411 1197 428 58 väghållningsdistrikt

240 1237 58 36 för
340 1251 55 24 c:a
433 1241 203 48 3,000,000
665 1243 140 37 kronor
833 1245 187 38 beräknas
1050 1249 21 34 5
1089 1248 46 38 ?/s
1163 1261 27 27 x
1216 1251 113 46 4,000
1358 1251 35 37 d.
1423 1265 34 23 v.
1488 1266 29 23 s.
1548 1255 137 46 22,667
1714 1268 124 23 mans-

240 1290 312 39 arbetsmånader
580 1294 156 49 utfyllas
766 1296 82 37 med
878 1298 141 37 arbete.

346 1341 71 38 Om
447 1343 162 39 berörda
637 1347 305 39 stenleveranser
970 1355 66 31 äro
1065 1352 199 38 avslutade
1292 1353 102 37 inom
1424 1355 73 37 den
1527 1358 45 34 31
1603 1370 100 23 mars
1726 1354 110 55 1917,

239 1393 128 37 kunna
396 1395 157 37 sålunda
580 1397 248 39 tillsammans
857 1401 11 36 i
892 1407 89 31 runt
999 1402 53 36 tal
1073 1405 138 45 27,000
1233 1406 418 39 mansarbetsmånader
1670 1409 166 50 utfyllas,

239 1451 89 30 utan
357 1447 192 37 anlitande
578 1462 47 24 av
655 1451 185 38 särskilda
868 1453 124 38 medel
1015 1454 60 38 för
1095 1455 321 40 arbetslöshetens
1437 1459 273 50 bekämpande.
1765 1462 72 36 Det

239 1497 121 48 gäller
402 1499 108 37 alltså
550 1507 56 30 att
647 1502 163 39 beräkna
847 1505 314 40 medelsbehovet
1189 1509 60 37 för
1277 1512 239 37 återstående
1545 1514 138 46 27,000
1712 1527 124 24 mans-

239 1549 321 39 arbetsmånader.

344 1602 137 37 Därest
510 1606 113 45 2,000
652 1607 259 38 stenarbetare
940 1631 49 5 —
1017 1610 166 38 förutom
1211 1612 165 39 kvinnor
1405 1615 70 36 och
1504 1615 94 37 barn
1627 1639 47 2 —
1695 1617 141 37 erhålla

239 1653 298 51 sysselsättning
573 1658 85 36 med
687 1658 253 51 skogsodling
968 1662 11 35 i
1008 1662 190 38 Bohuslän
1225 1665 120 36 under
1373 1679 55 24 c:a
1459 1670 18 33 7
1508 1668 191 48 månader,
1728 1669 107 37 bere-

239 1704 67 36 des
335 1705 222 49 därigenom
586 1709 129 37 arbete
743 1711 257 38 innevarande
1029 1716 41 34 år
1097 1715 121 37 under
1249 1718 135 46 14,000
1405 1719 428 38 mansarbetsmånader.

239 1756 302 39 Arbetslönerna
577 1759 129 38 härför
747 1762 97 37 hava
872 1777 47 23 av
947 1765 345 50 länsjägmästaren
1319 1769 12 35 i
1361 1768 217 51 Göteborgs
1607 1772 71 36 och
1705 1771 129 37 Bohus

238 1807 63 36 län
331 1808 204 39 beräknats
565 1811 56 36 till
652 1814 200 46 1,150,000
881 1815 152 37 kronor.

341 1860 75 37 För
457 1862 474 51 skogsodlingsarbetenas
972 1868 224 38 avslutande
1238 1871 120 37 under
1386 1875 89 35 åren
1508 1876 96 34 1917
1634 1875 71 36 och
1737 1877 96 35 1918

237 1911 122 37 skulle
400 1913 227 51 visserligen
657 1918 187 37 erfordras
873 1920 179 49 omkring
1081 1923 163 46 225,000
1273 1923 151 38 kronor.
1481 1926 73 36 Till
1583 1926 121 37 denna
1732 1927 102 37 kost-

236 1964 75 35 nad
339 1985 50 5 —
417 1979 58 23 om
519 1967 218 38 densamma
778 1971 223 37 överhuvud
1044 1973 57 36 till
1141 1977 129 46 någon
1312 1975 60 37 del
1406 1977 98 36 skall
1532 1978 188 37 bestridas
1749 1979 84 36 med

237 2017 219 36 statsmedel
484 2039 51 5 —
563 2020 106 35 torde
699 2021 211 36 emellertid
940 2024 33 47 ej
1003 2024 148 36 behöva
1180 2030 109 43 tagas
1318 2027 149 49 hänsyn
1487 2028 62 36 vid
1570 2029 261 49 beräkningen

236 2079 47 22 av
324 2066 74 36 den
440 2069 362 51 medelsanvisning,
845 2085 82 24 som
965 2087 47 23 av
1039 2075 257 38 innevarande
1325 2078 157 49 riksdag
1510 2079 166 38 behöver
1704 2081 129 37 ställas

236 2117 56 36 till
320 2118 141 49 Kungl.
493 2120 127 49 Maj:ts
648 2123 240 49 förfogande.
1647 2168 3 5 .

342 2169 74 37 För
458 2171 46 36 de
546 2175 240 36 återstående
815 2175 177 50 omkring
1023 2179 136 47 13,000
1188 2180 428 49 mansarbetsmånader,
1645 2183 59 37 för
1733 2184 100 37 vilka

237 2225 173 33 närmare
443 2223 222 38 utarbetade
694 2226 132 48 planer
854 2232 99 31 ännu
983 2229 33 48 ej
1047 2230 216 49 uppgjorts,
1293 2232 109 37 torde
1431 2255 50 4 —
1509 2234 11 36 i
1550 2234 170 50 enlighet
1748 2236 82 36 med

237 2272 70 37 den
337 2273 82 36 från
450 2275 256 38 ordföranden
725 2278 12 36 i
757 2278 571 42 arbetslöshetskommissionen
1349 2284 57 36 till
1423 2286 285 38 statsutskottet
1728 2293 105 31 över-

324 2335 113 36 Bihang
460 2337 44 28 till
527 2338 167 36 riksdagens
715 2341 142 35 protokoll
884 2342 87 29 1915.
1019 2344 19 26 6
1059 2344 83 28 saml.
1189 2345 38 27 34
1252 2345 71 35 häft.
1372 2346 62 34 (Nr
1456 2345 67 39 51.)
1773 2351 16 26 2
