1854 2768
263 140 19 30 2
473 144 188 32 Allmänna
681 146 396 42 beredningsutskottets
1098 152 178 32 utlåtande
1295 164 44 21 nr
1357 157 21 29 8
1395 157 41 29 år
1456 158 83 30 1964

264 220 109 30 defull
397 230 123 31 genom
542 226 51 28 att
616 225 68 30 den
704 227 60 39 gör
785 227 57 31 det
865 229 138 40 möjligt
1025 231 55 29 för
1101 233 303 33 rälsbussförarna
1426 239 51 28 att
1501 240 176 38 upptäcka
1699 250 51 21 re-

263 274 112 21 narna
379 262 19 47 i
424 267 60 29 tid.

307 314 91 29 Prov
418 316 78 29 med
516 317 190 31 saltsleken
726 319 43 39 på
791 320 171 31 100—200
984 332 34 20 m
1038 324 146 30 avstånd
1206 326 79 30 från
1305 327 116 31 banan
1443 330 116 39 pågår.
1580 332 109 31 Dessa
1710 334 39 29 är

263 357 171 31 lockande
451 359 55 30 för
521 370 151 22 renarna
689 364 64 29 och
769 364 64 30 har
849 365 71 30 viss
938 367 110 30 effekt
1065 370 50 28 att
1132 369 95 31 hålla
1243 371 80 30 dem
1339 372 80 30 från
1437 373 126 31 banan.

307 405 74 31 Den
400 410 89 28 mest
506 409 168 31 effektiva
691 411 165 40 åtgärden
875 414 56 29 för
948 417 50 28 att
1016 416 182 32 förhindra
1216 421 49 28 att
1283 429 150 22 renarna
1450 423 148 38 påköres
1615 425 40 29 är
1672 435 77 20 ren-

264 450 164 39 stängsel.
454 452 161 32 Frånsett
639 457 52 28 att
714 457 229 31 anordnande
967 469 43 20 av
1034 460 100 31 dessa
1159 463 137 29 medför
1321 467 95 28 stora
1440 467 229 32 ekonomiska
1695 472 53 28 ut-

263 494 87 39 lägg,
376 496 90 29 möts
492 497 131 41 förslag
646 499 124 31 härom
793 501 76 30 icke
893 503 100 30 alltid
1017 505 79 29 med
1121 506 183 32 förståelse
1327 518 44 20 av
1394 511 203 39 renägarna.
1625 513 123 31 Samti-

264 537 72 40 digt
359 548 76 21 som
456 541 168 39 stängslet
644 543 145 31 hindrar
810 555 150 22 renarna
982 550 49 28 att
1053 549 142 31 komma
1217 560 70 31 upp
1308 553 44 38 på
1374 553 125 36 banan,
1522 556 146 31 hindrar
1689 558 58 30 det

262 584 87 28 även
370 585 223 39 renhjorden,
614 588 66 29 när
698 588 66 30 den
784 590 89 30 skall
895 591 115 31 drivas
1030 593 51 30 till
1103 604 68 30 nya
1191 596 175 31 renbeten.
1388 599 59 29 Ett
1467 601 150 39 stängsel
1639 602 45 39 på
1704 612 43 21 en

262 627 71 29 viss
356 629 140 30 sträcka
518 631 86 30 nära
626 632 191 41 järnvägen
839 635 71 30 kan
932 637 86 29 även
1041 638 45 30 ha
1109 639 79 30 rakt
1211 643 144 28 motsatt
1378 643 131 30 verkan
1533 645 45 29 än
1601 646 67 29 den
1691 656 56 21 av-

262 671 116 35 sedda,
399 673 58 30 det
476 674 70 30 kan
566 677 112 29 samla
698 686 148 23 renarna
866 680 45 38 på
930 680 116 31 banan
1066 683 84 29 eller
1168 684 128 31 hindra
1315 686 80 30 dem
1415 687 142 32 komma
1578 686 167 48 därifrån.

261 715 53 30 En
332 716 92 30 ökad
442 718 182 31 förståelse
642 721 56 29 för
715 722 247 40 lämpligheten
981 727 50 28 att
1049 728 158 30 anordna
1225 729 152 40 stängsel
1396 733 74 28 tror
1487 742 82 21 man
1588 734 51 39 sig
1658 735 88 30 dock

260 769 147 22 numera
423 761 121 32 kunna
559 764 104 39 spåra
678 766 62 29 hos
756 768 204 39 renägarna.

308 808 156 40 Stängsel
487 810 65 30 blir
574 821 43 20 en
639 813 128 39 dyrbar
787 816 206 40 anordning,
1016 819 64 29 och
1102 819 62 30 bör
1186 821 106 39 enligt
1315 824 188 38 styrelsens
1526 826 140 40 mening
1687 837 58 20 en-

261 852 78 30 dast
363 853 257 40 ifrågakomma
642 858 45 38 på
711 858 130 31 sådana
864 862 140 34 avsnitt,
1029 863 63 29 där
1116 873 149 22 renarna
1289 867 74 30 ofta
1387 868 124 30 korsar
1534 870 126 31 banan.
1686 873 59 29 Att

260 897 90 30 sätta
369 906 71 31 upp
459 901 150 38 stängsel
629 902 89 29 efter
735 903 68 30 alla
821 914 74 20 mer
912 906 183 31 hemsökta
1114 909 114 39 linjer,
1248 911 101 30 totalt
1367 921 41 21 ca
1429 913 92 30 1000
1542 915 69 34 km,
1633 916 111 30 skulle

259 941 101 30 kosta
378 952 40 20 ca
439 943 36 29 10
495 945 165 39 miljoner
677 947 129 30 kronor
823 950 65 28 och
908 959 101 30 synes
1029 952 165 31 uteslutet
1213 955 77 29 med
1310 956 138 40 hänsyn
1467 958 51 29 till
1538 959 205 31 kostnaden.

302 989 265 41 Länsstyrelsen
588 994 11 29 i
620 994 226 32 Norrbottens
867 997 59 30 län
947 999 65 30 har
1031 1000 11 29 i
1063 1000 54 30 sin
1139 1001 216 41 femårsplan
1379 1005 213 32 1964—1968
1615 1008 56 30 för
1690 1009 55 29 be-

257 1033 314 40 redskapsarbeten
596 1039 159 39 upptagit
778 1043 217 39 renstängsel
1020 1044 52 30 till
1097 1054 42 20 en
1164 1046 104 40 längd
1293 1058 42 19 av
1363 1049 59 29 140
1448 1050 61 30 km
1533 1052 64 29 och
1622 1052 61 31 för
1701 1063 43 20 en

256 1077 152 31 kostnad
429 1089 42 20 av
493 1080 60 30 700
568 1082 63 30 000
654 1083 137 35 kronor,
815 1085 135 31 således
971 1088 78 29 med
1070 1091 48 28 ett
1140 1090 93 39 lägre
1256 1091 149 40 km-pris
1427 1094 45 29 än
1495 1097 131 29 statens
1647 1098 97 38 järn-

256 1122 105 39 vägar
387 1127 114 28 ansett
527 1126 51 39 sig
604 1126 132 32 behöva
761 1130 111 30 räkna
898 1132 89 34 med,
1012 1132 19 30 å
1058 1134 164 30 sträckan
1249 1136 190 31 Gällivare
1467 1118 100 56 Kalix
1594 1141 64 30 älv.
1686 1142 58 30 Ett

258 1175 63 29 par
350 1177 43 20 av
421 1169 65 29 här
512 1169 146 32 berörda
688 1173 167 40 lappbyar
884 1175 40 29 är
953 1176 87 30 dock
1069 1180 92 28 emot
1191 1180 178 39 stängslet.
1399 1182 344 42 Järnvägsstyrelsen

260 1220 55 19 ser
329 1213 78 28 med
423 1213 303 33 tillfredsställelse
741 1218 268 40 länsstyrelsens
1023 1221 161 31 initiativ.

300 1255 137 40 Frågan
463 1267 57 21 om
544 1260 69 29 hur
638 1261 152 31 skadade
816 1272 104 22 renar
945 1264 62 30 bör
1031 1266 130 31 avlivas
1186 1268 65 30 har
1276 1270 153 40 ständigt
1455 1272 118 31 hållits
1599 1274 143 31 aktuell.

255 1299 68 30 För
340 1303 52 27 att
410 1302 199 32 underlätta
627 1306 219 40 avlivningen
866 1309 169 38 prövades
1053 1311 109 30 redan
1180 1312 55 30 för
1254 1323 39 20 ca
1315 1315 38 29 15
1373 1315 40 29 år
1431 1316 107 30 sedan
1557 1318 92 30 olika
1670 1319 73 40 slag

255 1353 42 20 av
313 1345 237 40 slaktpistoler
571 1348 282 37 (slaktmasker).

298 1388 49 30 De
366 1390 45 29 då
429 1392 160 30 använda
606 1394 138 39 vanliga
763 1396 283 39 slaktpistolerna
1063 1399 119 31 visade
1200 1401 51 40 sig
1268 1404 192 30 emellertid
1480 1405 29 40 ej
1531 1415 83 21 vara
1632 1408 110 39 lämp-

253 1432 78 39 liga.
356 1434 40 39 Ej
423 1435 107 30 heller
553 1445 123 22 senare
698 1448 85 29 prov
805 1441 79 29 med
907 1451 106 30 nyare
1036 1444 65 29 och
1123 1445 300 42 lätthanterligare
1446 1451 100 38 typer
1569 1460 42 20 av
1635 1452 106 30 slakt-

253 1477 145 38 pistoler
422 1479 64 30 har
509 1483 69 36 gett
602 1481 63 31 bra
690 1484 154 30 resultat.
870 1486 234 41 Användning
1127 1498 42 21 av
1193 1490 198 40 slaktpistol
1416 1493 125 30 kräver
1565 1492 175 47 nämligen

253 1523 51 27 att
323 1531 43 20 en
387 1532 82 21 man
489 1524 111 30 håller
620 1526 10 29 i
652 1527 56 29 det
730 1528 151 31 skadade
903 1530 135 39 djurets
1059 1533 99 34 horn,
1181 1534 38 30 så
1239 1537 51 28 att
1310 1536 156 32 huvudet
1486 1539 40 28 är
1547 1539 101 35 stilla,
1672 1550 68 20 me-

252 1565 69 30 dan
343 1576 43 19 en
410 1577 116 21 annan
549 1570 158 38 placerar
728 1572 148 38 pistolen
900 1577 72 27 mot
994 1576 135 38 djurets
1152 1587 127 30 panna.
1303 1580 176 31 Eftersom
1504 1582 138 31 föraren
1666 1585 74 30 ofta

252 1619 122 21 ensam
396 1612 111 30 måste
528 1614 113 30 avliva
663 1624 158 27 renarna,
844 1618 71 30 kan
939 1620 242 39 slaktpistolen
1203 1623 72 30 inte
1297 1625 100 29 alltid
1420 1627 189 30 användas.
1632 1628 108 30 Läns-

252 1655 219 30 veterinären
498 1658 10 28 i
536 1658 227 32 Norrbottens
790 1662 59 29 län
877 1663 184 31 förordade
1088 1665 57 30 vid
1173 1667 250 36 diskussioner,
1452 1679 75 21 som
1556 1672 117 30 fördes
1701 1674 39 29 år

255 1698 92 35 1955,
377 1700 197 40 slaktpistol
603 1712 80 21 men
712 1704 84 30 fann
824 1708 86 28 även
940 1708 65 29 den
1033 1710 383 38 specialkonstruerade
1445 1715 189 36 hammare,
1664 1718 75 38 pik-

250 1742 192 36 hammare,
464 1754 73 21 som
559 1756 48 20 nu
628 1748 279 42 huvudsakligen
927 1753 166 34 används,
1114 1763 83 22 vara
1218 1756 191 39 godtagbar
1428 1759 79 30 med
1528 1760 137 40 hänsyn
1686 1762 51 30 till

252 1786 40 30 de
308 1788 174 31 särskilda
497 1790 254 37 förhållanden,
767 1795 110 29 under
890 1796 94 30 vilka
999 1806 149 23 renarna
1163 1800 110 30 måste
1287 1802 142 30 avlivas.

293 1835 72 30 När
385 1846 103 21 renar
508 1839 144 38 påkörts
674 1850 43 21 av
736 1842 65 39 tåg,
824 1843 89 30 skall
935 1845 219 39 tågpersonal
1176 1848 112 30 avliva
1309 1850 43 29 de
1373 1851 92 39 djur,
1488 1861 75 21 som
1583 1854 40 28 är
1644 1855 94 30 svårt

251 1879 154 31 skadade
429 1883 64 28 och
517 1892 75 20 som
616 1884 202 32 forfarande
841 1888 40 29 är
904 1888 86 30 kvar
1013 1890 43 39 på
1080 1891 146 39 platsen.
1252 1893 154 40 Rapport
1430 1896 135 30 lämnas
1590 1898 51 29 till
1667 1899 71 39 tåg-

250 1923 203 32 klareraren
475 1927 43 38 på
542 1928 102 30 nästa
669 1930 137 30 station.
831 1932 120 30 Denne
976 1934 222 31 underrättar
1221 1937 11 29 i
1257 1938 53 29 sin
1335 1941 58 27 tur
1416 1940 231 39 banpersonal
1672 1944 65 29 och

250 1968 305 41 polismyndighet.
581 1973 236 39 Banpersonal
843 1976 102 39 beger
971 1978 51 39 sig
1047 1979 153 31 därefter
1225 1983 38 28 ut
1288 1983 44 38 på
1357 1984 112 39 linjen
1495 1985 55 29 för
1574 1989 50 27 att
1651 1988 86 29 söka

250 2020 69 31 upp
342 2013 42 29 de
406 2023 111 26 renar,
540 2025 77 21 som
637 2018 40 29 är
698 2019 92 29 svårt
813 2020 154 31 skadade
988 2023 64 30 och
1075 2033 74 20 som
1172 2025 30 39 ej
1228 2026 136 31 kunnat
1386 2029 129 30 avlivas
1538 2040 42 19 av
1602 2031 134 39 tågper-

249 2058 154 29 sonalen.

292 2106 283 38 Banpersonalen
599 2110 44 38 på
664 2111 113 39 linjer,
801 2113 63 29 där
887 2123 103 21 renar
1012 2116 72 30 ofta
1107 2117 157 39 påköres,
1288 2120 40 28 är
1350 2121 107 29 sedan
1480 2122 99 39 länge
1602 2133 43 20 av
1668 2126 67 28 sta-

248 2151 76 27 tens
343 2150 189 40 järnvägar
553 2155 163 29 utrustad
738 2157 76 29 med
837 2167 25 19 s.
885 2158 33 29 k.
940 2161 175 37 rengevär,
1137 2171 42 19 en
1202 2165 296 37 repeterstudsare
1520 2168 78 28 med
1620 2168 19 29 8
1663 2179 72 19 mm

248 2193 144 31 kaliber.
420 2195 99 31 Flera
545 2207 42 20 av
613 2198 276 40 banpersonalen
917 2203 65 30 har
1008 2204 66 30 fått
1101 2206 157 30 tillstånd
1285 2210 51 28 att
1363 2211 161 29 använda
1550 2220 87 30 egna
1665 2214 69 39 älg-

247 2238 170 30 studsare.

290 2286 136 39 Frågan
448 2298 56 20 om
524 2290 165 40 lämpliga
710 2293 346 43 avlivningsredskap
1077 2300 50 27 att
1148 2299 148 31 tilldelas
1319 2301 220 39 tågpersonal
1561 2304 63 30 har
1645 2308 87 27 trots

247 2329 252 34 förutnämnda
517 2335 64 28 och
601 2336 110 30 andra
731 2337 118 30 försök
870 2342 90 27 samt
980 2341 187 31 kontakter
1186 2345 77 28 med
1284 2347 298 37 grannländernas
1604 2350 129 38 specia-

246 2374 97 30 lister
368 2376 30 39 ej
426 2377 95 30 lösts.
545 2379 61 29 Att
631 2383 137 28 utrusta
792 2382 265 40 tågpersonalen
1082 2388 79 28 med
1186 2388 221 41 skjutvapen,
1433 2393 23 27 t.
1482 2401 49 20 ex.
1558 2393 173 34 karbiner,

245 2419 64 29 har
324 2420 29 38 ej
372 2424 132 27 ansetts
520 2432 81 21 vara
617 2425 166 40 lämpligt.

289 2468 204 41 Ersättning
512 2471 55 29 för
586 2472 134 31 dödade
740 2483 101 21 renar
861 2477 65 29 har
945 2478 88 30 varit
1053 2479 212 31 oförändrad
1285 2482 81 39 lång
1385 2483 60 29 tid.
1467 2485 97 29 Efter
1584 2485 148 30 kontak-
