1884 2832
538 159 273 32 Statsutskottets
838 161 175 32 utlåtande
1038 163 47 30 Nr
1110 165 48 29 21.
1563 163 38 30 19

142 239 168 32 Utskottet
332 241 207 38 hemställer,

451 329 49 29 att
519 328 182 38 riksdagen
724 329 55 31 må
798 330 10 30 i
828 330 164 32 skrivelse
1011 332 49 30 till
1083 332 122 37 Kungl.
1227 332 100 38 Maj:t
1348 334 248 39 tillkännagiva

406 377 54 31 sin
477 378 222 39 uppfattning
715 380 10 30 i
745 379 97 39 fråga
859 391 57 21 om
933 382 135 32 ändrad
1086 384 161 38 ställning
1265 385 9 30 i
1294 385 301 38 räkenskapshän-

406 429 123 31 seende
552 430 54 30 för
628 430 90 32 vissa
740 433 335 37 statsmyndigheter.

137 528 199 32 Stockholm
358 530 66 31 den
445 532 19 30 9
483 531 153 31 februari
659 533 92 30 1937.

594 633 47 32 På
662 636 268 31 statsutskottets
953 638 141 35 vägnar:

617 735 176 32 ANDERS
818 736 252 32 ANDERSON.

127 983 51 25 Vid
204 983 180 27 förestående
408 985 119 25 ärendes
552 986 230 34 slutbehandling
807 988 78 25 inom
911 990 135 24 utskottet
1066 990 72 26 hava
1163 991 135 25 närvarit:

126 1041 64 27 från
212 1044 134 25 första
369 1045 177 26 kammaren:
571 1047 97 24 herrar
690 1047 114 26 Nilsson
827 1048 7 25 i
859 1048 139 31 Gränebo,
1023 1050 164 26 Johansson
1210 1051 9 25 i
1242 1051 213 31 Fredrikslund,
1480 1054 113 25 Nilsson

91 1085 5 24 i
117 1085 115 30 Malmö,
249 1088 141 24 Svensson
409 1088 8 24 i
435 1088 224 32 Kompersmåla,
679 1091 124 30 Hansén,
822 1092 103 31 Borell,
943 1092 172 33 Bergström,
1133 1093 115 26 Nilsson
1266 1094 7 24 i
1291 1094 160 33 Landeryd,
1466 1096 128 31 Gustafs-

90 1135 52 19 son
165 1128 7 25 i
196 1128 148 31 Benestad,
367 1130 124 32 Sandén,
512 1130 122 27 Larsson
658 1132 7 24 i
690 1133 124 32 Varberg
837 1134 53 24 och
913 1135 161 31 Bäcklund;
1098 1138 73 22 samt

125 1196 65 26 från
218 1197 124 26 andra
369 1198 178 26 kammaren:
576 1201 98 24 herrar
702 1202 146 26 Anderson
877 1203 6 24 i
912 1202 131 31 Råstock,
1070 1205 124 25 Jansson
1221 1205 7 24 i
1257 1205 100 30 Falun,
1386 1207 173 32 Magnusson
1586 1208 7 24 i

90 1238 120 31 Skövde,
236 1241 160 31 Törnkvist,
420 1242 137 26 Eriksson
583 1243 7 24 i
615 1243 174 31 Stockholm,
812 1245 123 26 Persson
959 1246 8 24 i
990 1246 88 30 Falla,
1097 1247 163 27 Andersson
1284 1248 8 25 i
1319 1248 87 31 Höör,
1432 1249 161 26 Andersson

90 1281 6 25 i
117 1281 139 32 Prästbol,
276 1284 127 33 Norling,
422 1286 160 26 Andersson
602 1286 8 24 i
624 1286 167 34 Södergård,
812 1288 130 33 Bergvall
960 1290 53 24 och
1032 1290 133 26 Hansson
1186 1290 8 25 i
1214 1290 171 27 Rubbestad.

657 1580 369 37 Reservation

130 1677 41 19 av
194 1668 78 30 herr
292 1669 168 39 Bergvall,
483 1680 74 20 som
580 1674 119 33 ansett,
721 1675 48 28 att
792 1674 164 30 utskottet
976 1674 77 31 bort
1075 1674 170 38 tillstyrka
1268 1676 176 31 motionen
1469 1677 42 30 II:
1527 1678 62 30 305

86 1718 63 29 och
171 1717 217 39 följaktligen
410 1721 191 37 hemställa,

439 1801 49 28 att
509 1799 182 36 riksdagen
714 1799 56 31 må

439 1856 31 40 a)
501 1859 79 29 med
606 1858 99 31 bifall
731 1860 49 29 till
807 1860 66 30 den
895 1871 42 19 av
964 1861 81 30 herr
1071 1861 157 37 Bergvall
1254 1863 64 30 och
1347 1863 123 30 fröken
1499 1864 89 30 Hen-

395 1908 98 36 nings
515 1909 122 30 väckta
657 1909 175 31 motionen
861 1910 56 39 (II:
933 1911 76 39 305)
1036 1912 167 35 medgiva,
1226 1915 48 28 att
1295 1913 224 36 provisoriskt
1541 1914 47 30 lö-

395 1958 159 37 netillägg
575 1957 114 32 såsom
710 1961 265 36 kompensation
995 1962 55 30 för
1071 1962 198 37 minskning
1292 1972 42 21 av
1357 1962 159 32 behållen
1539 1964 48 30 in-

395 2010 114 29 komst
544 2010 57 30 vid
636 2010 440 38 familjepensioneringens
1110 2013 273 35 genomförande
1417 2013 57 31 må
1508 2014 80 37 utgå

393 2059 30 36 ej
446 2060 86 30 blott
555 2060 47 30 till
626 2070 42 20 av
686 2061 251 36 föredragande
960 2063 380 36 departementschefen
1361 2064 147 37 angivna
1532 2066 55 29 be-

394 2110 296 36 fattningshavare
715 2115 82 27 utan
822 2113 86 30 även
934 2113 49 30 till
1008 2113 209 37 tjänstemän
1243 2113 45 37 på
1311 2117 96 28 extra
1431 2118 66 28 stat
1523 2116 64 29 och

392 2164 94 27 extra
511 2162 171 30 ordinarie
706 2162 218 37 tjänstemän,
948 2174 74 20 som
1043 2163 146 38 uppnått
1213 2165 288 36 slutavlöningen;

437 2227 33 39 b)
502 2229 8 29 i
538 2229 161 30 skrivelse
726 2230 49 29 till
803 2230 122 35 Kungl.
954 2231 101 35 Maj:t
1083 2231 247 36 tillkännagiva
1358 2233 51 29 sin
1435 2233 151 36 uppfatt-

394 2279 80 35 ning
500 2279 219 30 beträffande
740 2280 193 30 ordnandet
961 2291 41 19 av
1029 2280 122 37 frågan
1178 2292 57 19 om
1262 2283 265 35 kompensation
1553 2282 34 31 åt

393 2328 88 30 vissa
507 2328 339 37 befattningshavare
874 2330 54 29 för
955 2331 108 30 under
1090 2330 31 40 a)
1152 2332 124 30 berörd
1305 2332 280 30 inkomstminsk-

394 2387 90 28 ning.
