2148 2643
443 219 244 31 Sammansatta
712 218 106 33 Stats-
843 219 54 31 och
922 218 286 32 Bankoutskottets
1231 217 176 32 Memorial
1429 218 63 31 N:o
1518 220 26 29 6.

893 756 84 54 N:o
1016 761 42 38 6.

730 866 76 27 Ank.
831 865 49 28 till
903 865 102 28 Riksd.
1031 865 96 28 kansli
1151 865 57 27 den
1232 866 16 27 9
1273 865 56 36 maj
1357 865 87 34 1888,
1469 865 39 27 kl.
1534 865 17 28 8
1576 875 24 17 e.
1625 874 36 18 m.

401 1012 268 37 Sammansatta
710 1019 103 29 stats-
843 1013 60 35 och
932 1012 289 36 bankoutskottets
1249 1005 193 52 memorial,
1473 1012 78 35 med
1579 1010 210 37 hemställan

598 1077 54 23 om
681 1064 196 36 anvisande
905 1065 46 48 af
974 1065 110 34 medel
1114 1064 53 35 till
1192 1064 218 48 godtgörelse
1434 1064 37 35 at
1491 1064 56 35 det
1566 1064 46 49 af
1631 1063 160 36 utskottet

598 1117 200 48 begagnade
825 1117 264 35 kanslibiträde.

304 1272 209 48 Utskottet,
557 1286 80 22 som
680 1286 50 23 nu
770 1278 89 30 nära
894 1273 155 36 afslutat
1079 1272 81 36 sina
1189 1272 167 45 arbeten,
1387 1272 56 35 får
1471 1271 69 36 hos
1570 1271 217 48 Riksdagen

200 1324 211 48 hemställa,

700 1400 54 30 att
782 1394 218 47 Riksdagen
1032 1397 57 32 må
1120 1394 53 35 till
1202 1394 207 36 utskottets
1430 1392 230 49 förfogande
1681 1392 110 36 ställa

599 1451 55 31 ett
681 1445 139 49 belopp
851 1446 42 36 af
918 1448 72 34 500
1011 1446 141 36 kronor
1178 1452 54 30 att
1253 1445 191 36 användas
1465 1445 57 36 till
1541 1443 250 50 godtgörelse

599 1498 86 36 med
713 1500 74 35 400
817 1499 141 35 kronor
988 1501 35 33 åt
1052 1498 71 36 den
1154 1498 41 36 af
1220 1498 187 36 utskottet
1436 1502 164 43 antagne
1622 1497 169 36 sekrete-

599 1564 111 22 raren
753 1550 70 36 och
865 1550 85 36 med
993 1550 231 46 återstoden,
1270 1552 71 34 100
1371 1549 153 47 kronor,
1554 1552 36 33 åt
1619 1549 73 36 den
1720 1548 70 36 hos

600 1603 189 35 utskottet
817 1601 289 49 tjenstgörande
1136 1601 221 37 kanslisten.

308 1670 224 37 Stockholm
564 1670 72 36 den
667 1673 19 34 9
717 1670 72 49 maj
823 1672 108 35 1888.

564 1775 52 36 På
644 1775 63 36 det
736 1781 272 30 sammansatta
1035 1775 208 36 utskottets
1275 1780 159 43 vägnar:

689 1931 41 37 B.
761 1931 107 36 ABR.
899 1930 403 38 LEIJONHUFVUD.

289 2346 64 28 Bih.
378 2346 46 28 till
447 2346 95 29 Riksd.
567 2348 77 27 Prot.
669 2345 90 31 1888.
804 2346 19 29 4
846 2348 86 27 Saml.
977 2345 21 29 2
1021 2347 69 37 Afd.
1138 2346 19 29 5
1180 2347 85 37 Häft.
