2214 2624
653 158 390 33 Konstitutionsutskottets
1065 161 163 31 utlåtande
1252 161 50 31 Nr
1324 162 51 31 49.
1735 165 38 30 23

210 246 58 33 för
296 246 164 43 höjande
489 259 46 22 av
563 247 175 34 intresset
765 248 58 33 för
856 251 293 33 ersättarevalen
1179 251 179 42 anvisats,
1388 254 89 40 göra
1505 252 45 33 de
1579 252 236 45 sakkunniga

210 296 128 34 härom
368 297 8 33 i
407 298 64 33 sitt
499 298 235 34 betänkande
764 295 83 46 (sid.
879 297 61 45 61)
970 300 168 42 följande
1167 302 211 33 uttalande:

349 348 87 33 »Det
464 359 110 31 synes
603 348 45 34 de
678 349 247 43 sakkunniga,
956 362 77 22 som
1064 362 59 22 om
1145 362 44 22 en
1220 351 103 43 dylik
1350 353 136 33 reform
1507 353 118 34 skulle
1645 365 91 22 vara
1755 355 60 33 väl

209 397 125 42 ägnad
362 400 55 31 att
444 398 193 34 stimulera
664 399 398 43 valkorporationerna
1090 401 56 34 till
1167 404 56 32 att
1242 402 83 33 med
1347 413 147 33 omsorg
1512 404 188 33 behandla
1720 407 93 31 även

209 447 392 43 efterträdarefrågan.
656 448 66 34 Ett
762 450 72 41 val,
863 461 86 23 vars
978 452 158 33 resultat
1163 452 229 34 omedelbart
1420 453 246 42 konstateras,
1696 454 118 34 måste

209 497 175 33 tillvinna
412 498 57 42 sig
497 501 52 30 ett
577 501 117 31 större
723 500 158 33 intresse
910 502 47 31 än
987 503 52 31 ett
1066 502 72 41 val,
1169 513 58 22 om
1259 503 114 33 vilket
1401 514 86 22 man
1507 503 80 34 icke
1606 507 73 38 vet,
1700 504 114 33 huru-

208 546 89 34 vida
338 546 62 34 det
441 550 88 30 över
573 548 130 33 huvud
745 549 166 33 kommer
939 553 55 31 att
1021 550 114 42 följas
1164 562 47 22 av
1239 551 122 43 någon
1390 554 422 43 röstsammanräkning,

209 597 67 33 och
306 596 67 34 där
400 597 124 33 denna
552 597 119 34 under
699 598 75 33 alla
801 598 261 35 förhållanden
1092 601 226 43 uppskjutes
1347 602 54 33 till
1423 614 43 22 en
1488 603 192 34 obestämd
1701 603 113 34 fram-

207 646 66 34 tid.
327 647 55 33 De
423 647 236 44 sakkunniga
700 648 135 34 föreslå
877 660 44 22 en
964 649 116 34 sådan
1109 651 214 44 anordning
1349 663 48 22 av
1424 654 305 41 ersättarevalen,
1759 657 56 31 att

207 697 64 34 det
312 697 196 43 samtidigt
548 697 85 34 med
665 699 101 34 valet
793 710 47 23 av
868 699 187 35 ordinarie
1083 700 497 37 förstakammarledamöter
1607 703 71 34 blir
1705 704 108 40 klart,

206 758 82 23 vem
332 758 79 23 som
456 748 63 33 vid
560 748 229 35 inträffande
830 749 150 45 avgång
1020 762 47 23 av
1094 751 188 35 ordinarie
1310 753 164 34 ledamot
1502 754 94 34 skall
1624 754 151 34 inträda
1802 755 11 33 i

208 798 94 33 hans
331 799 136 32 ställe.»

342 848 68 34 Att
450 859 45 23 en
536 848 105 44 dylik
681 850 214 44 anordning
934 851 74 34 kan
1041 863 91 23 vara
1160 853 125 42 ägnad
1313 856 55 31 att
1395 853 227 35 åtminstone
1649 855 12 33 i
1689 854 123 45 någon

207 897 87 34 mån
335 898 197 43 tillgodose
574 899 64 33 sitt
679 900 109 42 syfte,
830 900 107 34 torde
964 902 220 43 visserligen
1213 903 80 33 icke
1320 903 89 34 böra
1436 903 188 35 förnekas.
1678 905 85 34 Men
1792 905 22 34 å

207 948 119 33 andra
367 948 108 34 sidan
516 951 64 32 äro
622 949 154 34 därmed
804 950 214 35 förbundna
1047 952 251 44 olägenheter,
1328 964 78 23 som
1434 953 75 35 dels
1535 954 12 33 i
1576 955 68 33 och
1672 954 59 35 för
1757 956 57 43 sig

206 1000 101 32 möta
349 998 299 44 betänkligheter
688 1001 70 33 och
798 1000 73 35 dels
913 1013 114 32 synas
1066 1014 93 22 vara
1200 1014 47 23 av
1282 1003 259 35 beskaffenhet
1569 1008 55 31 att
1651 1005 163 35 indirekt

206 1048 196 35 motverka
429 1048 127 44 syftet,
585 1052 57 32 att
669 1050 49 43 på
746 1053 374 42 ersättareplatserna
1148 1056 189 42 upptagas
1365 1054 46 34 de
1434 1054 84 35 bäst
1537 1055 275 44 kvalificerade,

206 1099 237 44 tillgängliga
470 1099 285 36 kandidaterna.

340 1149 57 34 Då
437 1151 100 33 valet
577 1162 48 23 av
657 1151 262 44 riksdagsman
949 1149 84 47 (och
1061 1151 196 47 ersättare)
1280 1166 108 23 anses
1416 1156 167 34 avslutat
1610 1156 105 44 först,
1745 1160 69 31 när

204 1201 462 44 röstsammanräkningen
708 1202 109 35 blivit
857 1203 173 42 slutförd,
1064 1207 99 31 samt
1190 1205 133 34 besvär
1349 1205 59 35 för
1434 1208 56 32 att
1516 1207 150 34 komma
1694 1208 120 34 under

206 1251 189 43 prövning
422 1250 117 35 måste
569 1251 152 35 anföras
749 1253 101 34 inom
878 1254 77 34 viss
983 1254 54 34 tid
1066 1255 174 41 därefter,
1264 1256 97 33 lärer
1379 1267 45 23 en
1444 1268 155 32 persons
1618 1258 196 34 valbarhet

207 1300 123 35 såsom
359 1301 245 35 efterträdare
632 1303 57 33 till
718 1314 45 23 en
791 1303 120 34 under
936 1305 244 43 valperioden
1209 1306 195 44 avgången
1432 1307 262 44 riksdagsman
1722 1320 89 23 vara

205 1351 185 34 beroende
417 1352 12 33 i
456 1351 120 35 första
603 1353 103 33 hand
734 1365 48 22 av
809 1354 288 35 förhållandena
1123 1356 65 33 vid
1217 1356 72 34 den
1317 1356 188 44 tidpunkt,
1535 1358 48 34 då
1602 1358 75 34 han
1697 1359 116 44 enligt

205 1401 205 35 verkställd
440 1403 333 44 :sammanräkning
799 1407 102 31 utses
930 1405 56 33 till
1006 1405 256 36 efterträdare.
1308 1406 129 35 Härav
1456 1407 68 34 har
1544 1411 142 32 ansetts
1705 1409 106 43 följa,

205 1454 56 31 att
280 1452 117 43 enligt
415 1464 51 22 nu
486 1453 175 43 gällande
685 1453 281 36 bestämmelser
985 1456 55 33 till
1061 1456 365 36 ersättarekandidat
1444 1457 146 35 kunnat
1609 1458 22 34 å
1645 1460 166 34 valsedel

204 1505 189 41 upptagas
408 1514 147 32 person,
575 1504 125 34 vilken
719 1504 63 34 vid
797 1505 230 35 valtillfället
1042 1503 275 46 (valsedlarnas
1333 1505 265 47 avlämnande)
1615 1512 101 32 ännu
1731 1510 80 34 icke

205 1555 42 31 är
274 1553 141 42 valbar,
444 1564 85 23 men
556 1553 193 36 förmodas
777 1555 101 34 bliva
905 1556 74 42 det,
1009 1556 48 35 då
1083 1557 172 43 fyllande
1283 1569 48 23 av
1349 1559 165 43 ledighet
1533 1559 189 36 erfordras
1742 1561 69 34 och

205 1604 283 34 ersättarevalet
520 1604 57 34 för
605 1604 71 35 den
705 1605 97 34 skull
830 1607 168 34 avslutas
1026 1618 135 33 genom
1189 1609 423 45 röstsammanräkning.
1668 1610 69 36 Om
1766 1623 44 23 en

204 1653 11 33 i
244 1654 122 43 övrigt
406 1654 58 34 för
503 1654 213 45 uppdraget
754 1657 60 33 väl
841 1656 241 36 kvalificerad
1110 1669 137 32 person
1275 1662 41 31 är
1343 1659 133 35 endast
1505 1661 46 33 34
1580 1661 41 34 år
1647 1663 164 42 gammal

204 1704 89 34 eller
334 1705 120 34 under
493 1705 134 34 endast
665 1706 65 34 två
771 1718 47 23 av
858 1707 87 34 åren
986 1711 169 32 närmast
1194 1709 80 34 före
1301 1710 258 35 valsedlarnas
1587 1712 224 35 avlämnade

204 1755 143 34 skattat
386 1755 58 34 till
472 1758 122 32 staten
622 1756 59 34 för
709 1756 220 45 erforderlig
955 1758 175 43 inkomst,
1160 1759 73 34 kan
1262 1760 119 34 under
1408 1760 143 35 sådana
1580 1763 231 43 omständig-

204 1805 104 35 heter
334 1805 198 44 möjlighet
559 1806 122 35 finnas
709 1810 56 32 att
791 1808 64 34 vid
883 1808 58 34 ett
963 1808 353 37 förstakammarval
1343 1810 170 35 försäkra
1541 1812 58 43 sig
1626 1824 60 23 om
1715 1814 95 34 hans
1836 1811 9 4 ”

204 1866 115 23 namn
346 1855 59 35 för
433 1867 44 23 en
506 1858 187 33 eventuell
721 1860 529 44 ersättaresammanräkning.

337 1906 85 34 Men
463 1907 65 34 vid
568 1907 242 45 tillämpning
837 1920 48 23 av
912 1909 261 45 lagförslagets
1201 1911 281 35 bestämmelser
1508 1913 120 35 måste
1655 1918 156 31 namnet

202 1956 23 34 å
265 1956 103 44 dylik
408 1968 135 33 person
579 1957 50 44 på
657 1961 53 32 ett
737 1959 160 44 tidigare
925 1960 165 35 stadium
1117 1964 138 41 prövas
1284 1962 79 43 och,
1393 1964 202 34 eventuellt
1623 1964 95 35 efter
1744 1976 66 23 an-

203 2006 108 36 förda
339 2007 133 35 besvär
499 2011 88 31 över
614 2010 394 44 sammanräkningen,
1033 2011 185 35 förklaras
1239 2012 122 35 såsom
1381 2013 219 45 obefintligt.
1637 2005 35 44 Å
1692 2016 119 34 andra

205 2057 107 35 sidan
353 2058 117 43 torde,
499 2070 58 23 om
586 2059 244 44 lagförslaget
856 2061 12 33 i
897 2061 123 34 denna
1049 2062 59 34 del
1137 2065 168 41 antages,
1334 2075 44 22 en
1407 2063 64 35 vid
1499 2064 103 35 tiden
1629 2065 60 35 för
1715 2069 94 32 röst-

204 2109 392 43 sammanräkningen,
638 2122 85 22 men
763 2111 80 34 icke
883 2111 64 34 vid
988 2112 234 36 inkallandet
1258 2114 55 34 till
1341 2113 255 46 tjänstgöring
1623 2116 96 34 efter
1745 2128 64 23 av-

202 2158 147 44 gången
389 2159 262 44 riksdagsman
692 2161 131 34 valbar
861 2173 136 32 person
1040 2163 127 34 kunna
1208 2164 150 34 inträda
1385 2165 12 34 i
1424 2166 190 34 utövande
1642 2178 47 23 av
1717 2167 93 35 riks-
