2210 2614
421 169 40 30 42
839 163 389 32 Konstitutionsutskottets
1251 163 159 30 utlåtande
1434 161 52 31 Nr
1507 161 51 31 49.

380 256 184 43 handling
590 255 69 34 och
687 254 216 44 härigenom
933 255 53 32 ett
1013 252 105 34 bifall
1146 252 56 34 till
1231 252 72 34 den
1330 250 182 43 kungliga
1540 249 282 44 propositionen
1851 250 135 34 endast

379 307 106 34 torde
525 306 180 33 innebära
742 316 44 22 en
814 303 150 44 lösning
991 314 48 22 av
1065 301 258 44 föreliggande
1350 301 170 44 problem
1549 311 47 22 av
1624 300 83 34 kort
1734 299 251 43 varaktighet,

379 357 100 33 hava
519 356 38 34 vi
597 358 95 31 även
721 354 216 44 härigenom
970 352 136 43 funnit,
1140 355 55 31 att
1223 352 282 43 propositionen
1533 353 93 31 trots
1655 349 45 34 de
1727 350 13 33 i
1768 349 219 34 densamma

378 406 214 44 framlagda
631 405 317 42 förbättringarne
989 415 47 22 av
1076 403 71 34 den
1175 403 295 43 proportionella
1497 399 240 36 valmetoden
1764 400 58 34 för
1848 402 136 31 närva-

378 456 117 35 rande
523 456 124 34 kunde
675 455 208 43 avstyrkas.
939 453 127 35 Skulle
1089 452 208 36 emellertid
1324 453 85 33 herr
1437 451 155 35 Olssons
1619 451 12 33 i
1649 450 338 43 Kullenbergstorp

379 507 142 34 motion
549 518 45 23 nr
620 506 49 34 II:
686 505 72 36 350
784 505 117 34 vinna
928 503 107 35 bifall
1063 504 87 34 eller
1177 506 103 31 ännu
1308 503 116 33 hällre
1445 502 64 34 det
1527 502 101 34 inom
1651 501 181 34 utskottet
1849 500 137 35 väckta

379 557 192 43 förslaget,
600 568 60 23 om
688 556 45 34 de
760 555 99 35 båda
886 554 383 35 stadsvalkretsarnas
1297 554 11 33 i
1327 552 213 34 Malmöhus
1558 553 62 32 län
1640 551 348 43 sammanslagning

379 609 57 34 till
465 619 45 23 en
538 608 163 34 valkrets
730 606 68 34 och
825 605 237 34 återstående
1090 604 103 35 delar
1222 615 47 22 av
1295 604 102 33 länet
1423 602 58 34 till
1509 613 45 23 en
1582 602 175 41 valkrets,
1786 604 63 31 äro
1870 601 36 34 vi
1926 613 61 22 om

379 657 113 36 också
532 658 92 46 med
657 669 45 22 en
729 657 77 34 viss
833 656 138 34 tvekan
1000 655 162 34 beredda
1190 657 56 31 att
1273 653 125 43 stödja
1426 653 198 43 förslagets
1652 651 294 45 genomförande
1974 652 13 33 i

380 709 72 34 den
488 707 98 35 form
615 708 208 34 detsamma
849 707 12 33 i
889 706 85 34 herr
1002 705 156 35 Clasons
1187 717 47 21 m.
1264 704 36 34 fl.
1328 703 231 35 reservation
1588 702 160 43 erhållit,
1778 702 93 35 dock
1899 701 87 35 med

380 759 72 34 den
480 759 172 44 ändring,
681 761 56 31 att
763 754 23 45 $
816 757 45 34 30
888 756 60 35 får
975 755 169 44 följande
1172 755 158 44 lydelse:

515 810 90 33 »För
631 809 110 34 valen
768 826 50 4 —
843 825 50 4 —
919 824 50 5 —
995 824 49 4 —
1070 806 206 43 nämligen:

514 859 237 35 Stockholms
779 858 99 42 stad;

515 910 205 42 Göteborgs
749 908 98 42 stad;

514 960 205 43 Göteborgs
748 959 68 34 och
843 958 128 34 Bohus
999 958 81 33 läns
1108 955 387 44 landstingsområde;

514 1011 149 41 Malmö,
691 1009 284 43 Hälsingborgs,
1004 1007 247 35 Landskrona
1279 1007 67 33 och
1373 1005 132 35 Lunds
1533 1005 138 42 städer;

513 1061 213 34 Malmöhus
766 1060 82 33 läns
888 1059 175 41 valkrets,
1104 1057 261 35 innefattande
1397 1057 122 33 länets
1547 1055 212 43 landsbygd
1786 1058 97 31 samt
1911 1058 76 31 stä-

380 1112 116 34 derna
523 1111 130 43 Ystad,
682 1110 228 43 Trälleborg,
940 1108 146 35 Skanör
1112 1108 85 34 med
1224 1108 194 34 Falsterbo
1448 1107 70 34 och
1545 1106 126 34 Eslöv.

514 1156 207 49 Älvsborgs
748 1161 82 33 läns
857 1171 113 23 norra
1002 1177 47 3 —
1075 1177 49 3 —
1150 1175 51 6 —
1227 1175 49 4 —
1304 1158 128 43 övriga
1460 1158 93 33 län.>

516 1258 36 47 6)
595 1273 47 23 av
673 1262 85 33 herr
784 1259 255 43 Reuterskiöld,
1069 1270 78 23 som
1177 1261 133 39 ansett,
1339 1262 55 31 att
1422 1258 202 34 utskottets
1652 1257 224 43 motivering
1903 1257 84 33 bort

378 1313 99 34 hava
504 1312 170 43 följande
701 1311 157 44 lydelse:
989 1307 19 8 -

513 1363 33 33 »I
573 1363 58 34 sin
659 1362 178 34 skrivelse
864 1378 48 5 —
942 1379 47 3 —
1016 1378 49 4 —
1091 1378 47 3 —
1167 1359 116 34 måtte
1309 1359 59 34 för
1393 1358 203 44 riksdagen
1624 1357 247 44 föreläggas.
1856 1353 18 55 :

512 1413 203 42 Utskottet,
757 1423 79 23 som
877 1411 151 35 särskilt
1066 1410 127 34 funnit
1233 1409 215 34 införandet
1481 1420 47 23 av
1556 1411 116 32 större
1699 1408 218 42 valkretsar,
1946 1408 42 33 så

380 1465 103 42 länge
511 1463 56 34 det
590 1462 282 44 proportionella
898 1463 165 41 systemet
1089 1461 63 33 och
1178 1459 194 43 samfällda
1399 1459 61 34 val
1489 1459 204 42 bibehållas,
1722 1469 92 23 vara
1832 1469 48 23 av
1898 1469 89 32 syn-

378 1514 122 43 nerlig
539 1513 91 42 vikt,
659 1513 66 33 vill
753 1512 94 34 dock
873 1511 212 42 framhålla,
1114 1513 56 31 att
1197 1509 133 35 därvid
1356 1509 216 44 landsbygd
1599 1509 79 34 icke
1706 1509 67 34 bör
1799 1519 188 24 samman-

379 1564 102 34 föras
522 1563 85 34 med
635 1562 214 35 storstäder.
903 1562 19 33 I
950 1561 63 34 det
1039 1561 181 43 kungliga
1246 1560 179 43 förslaget
1453 1560 100 33 hava
1580 1559 66 34 ock
1674 1558 215 35 Stockholm
1918 1559 70 34 och

379 1614 190 43 Göteborg
609 1613 119 44 gjorts
768 1613 57 33 till
861 1611 276 44 självständiga
1176 1610 219 41 valkretsar,
1437 1621 85 23 men
1564 1609 180 34 utskottet
1784 1620 118 31 anser,
1932 1612 57 32 att

377 1667 96 32 även
514 1663 235 35 beträffande
790 1663 138 33 Malmö
970 1673 44 23 en
1054 1661 179 34 liknande
1275 1660 212 43 anordning
1519 1660 84 34 bort
1629 1659 133 34 träffas
1790 1660 99 42 eller,
1919 1659 69 34 där

377 1715 139 34 Malmö
544 1714 80 34 icke
652 1725 128 23 ensam
807 1713 146 34 kunnat
980 1712 102 34 bilda
1108 1712 159 43 lämplig
1293 1711 175 42 valkrets,
1499 1721 45 23 en
1574 1710 346 43 sammanslagning
1939 1721 48 23 av

377 1765 151 42 Malmö,
558 1776 79 23 som
665 1775 51 23 nu
744 1766 109 41 utgör
880 1774 94 32 egen
1002 1762 174 42 valkrets,
1206 1761 85 34 med
1319 1761 71 34 den
1418 1773 37 22 n.
1484 1773 35 22 v.
1549 1760 317 35 stadsvalkretsen
1895 1760 91 34 Häl-

378 1814 640 45 singborg—-Lund—Landskrona
1057 1813 83 34 bort
1179 1812 253 43 ifrågasättas,
1474 1811 133 34 varvid
1639 1811 212 34 Malmöhus
1882 1811 63 33 län
1974 1811 12 33 i

378 1866 123 43 övrigt
529 1866 118 34 skulle
674 1865 103 33 bilda
804 1875 44 23 en
877 1864 176 34 valkrets.
1106 1853 35 44 Å
1169 1862 119 34 andra
1315 1862 108 34 sidan
1453 1873 112 31 synes
1594 1861 62 34 det
1683 1861 193 42 utskottet,
1905 1872 82 23 som

378 1916 118 34 skulle
530 1916 71 33 den
634 1926 47 23 av
711 1915 136 43 Kungl.
876 1913 111 44 Maj:t
1014 1913 214 44 föreslagna
1256 1912 282 44 uppdelningen
1567 1923 46 22 av
1640 1906 205 49 Älvsborgs
1872 1912 64 33 län
1964 1911 22 34 å

378 1966 65 34 två
469 1967 210 33 valkretsar
705 1976 91 24 vara
823 1964 94 35 både
945 1964 217 43 godtycklig
1190 1964 69 33 och
1288 1963 189 43 olämplig.
1533 1961 57 35 Då
1618 1961 206 35 emellertid
1851 1961 135 44 frågan

378 2027 60 23 om
466 2017 278 34 valkretsärnas
773 2015 248 44 omreglering
1047 2014 12 34 i
1086 2013 146 44 antydd
1260 2013 167 43 riktning
1453 2013 222 34 förutsätter
1703 2023 46 23 en
1777 2011 210 35 förbättrad

378 2067 201 42 valmetod,
621 2067 68 34 och
730 2066 58 34 för
827 2065 41 34 så
907 2065 73 34 vitt
1018 2064 179 43 förslaget
1225 2064 140 42 härom,
1395 2063 49 44 på
1473 2074 98 23 ovan
1599 2062 159 35 anförda
1786 2063 90 41 skäl,
1905 2062 81 34 icke

378 2128 51 22 nu
470 2117 202 44 slutgiltigt
712 2119 135 41 prövas
886 2133 50 4 —
976 2115 115 34 vilket
1119 2115 79 34 åter
1225 2114 231 42 förutsätter,
1487 2116 56 32 att
1571 2113 132 43 frågan
1733 2124 59 23 om
1820 2112 45 34 de
1894 2124 28 22 s.
1951 2112 35 34 k.

377 2167 176 35 officiella
580 2166 382 36 valförberedelserna
990 2165 186 35 definitivt
1202 2165 60 34 får
1280 2168 90 31 utan
1391 2164 188 44 prövning
1597 2163 91 34 falla
1707 2180 49 5 —
1775 2164 96 33 lärer
1889 2166 96 31 även
