1910 2794
286 108 118 30 Andra
421 108 205 31 kommarens
643 110 42 29 tr
698 108 48 31 ed
758 108 46 38 je
820 108 172 39 tillfälliga
1008 109 139 31 utskotts
1164 108 172 31 utlåtande
1353 118 42 20 nr
1413 110 47 29 10.
1601 109 16 28 1

789 431 62 39 Nr
883 431 66 39 10.

339 537 118 30 Andra
484 537 204 31 kammarens
716 535 159 39 tredje
903 536 169 39 tillfälliga
1100 537 140 31 utskotts
1264 535 174 32 utlåtande
1465 536 12 30 i
1503 535 112 32 anled-

507 590 80 38 ning
600 600 40 22 av
652 590 98 32 väckt
765 590 123 31 motion
902 601 51 20 om
967 590 180 39 utredning
1162 590 168 38 angående
1346 590 214 32 anordnande
1575 599 40 22 av

505 643 216 40 vadhållming
747 643 137 33 medelst
909 644 185 31 totalisator
1118 644 14 31 i
1156 644 162 31 samband
1341 644 73 31 med
1440 644 175 31 motortäv-

508 697 117 39 lingar.

170 805 17 30 I
205 815 40 21 en
263 804 88 32 inom
370 804 193 39 riksdagens
580 804 106 32 andra
703 805 166 31 kammare
886 804 107 38 väckt,
1012 804 52 31 till
1084 805 72 31 dess
1173 804 110 39 tredje
1300 804 173 39 tillfälliga
1491 805 123 30 utskott

127 858 161 31 hänvisad
306 858 133 37 motion,
456 868 42 21 nr
514 859 71 38 325,
602 858 62 31 har
679 858 77 31 herr
773 859 141 30 Skantze
934 869 39 21 m.
992 858 37 39 fl.
1048 858 176 37 hemställt,
1243 862 48 27 att
1310 858 175 38 riksdagen
1504 859 11 30 i
1534 858 81 31 skri-

127 912 87 31 velse
236 912 53 31 till
311 912 125 38 Kungl.
460 912 104 38 Maj:t
587 912 99 32 måtte
708 912 206 31 anhålla
866 908 45 47 om
938 912 182 38 utredning
1142 912 169 38 angående
1335 912 214 31 anordnande
1573 922 42 21 av

127 965 217 39 vadhållning
360 965 137 31 medelst
513 965 187 32 totalisator
723 966 3 30 i
744 966 158 31 samband
920 966 73 31 med
1012 965 274 38 motortävlingar
1302 969 85 28 samt
1405 966 41 31 de
1461 967 153 30 närmare

129 1019 168 31 formerna
324 1019 60 31 och
414 1019 323 39 förutsättningarna
764 1019 126 37 därför,
919 1020 116 31 varvid
1065 1019 190 38 inflytande
1282 1019 213 39 nettobelopp
1523 1018 90 33 skola

128 1073 113 30 ställas
269 1072 52 31 till
352 1073 503 38 motorsammanslutningarnas
885 1073 199 39 förfogande
1114 1073 54 30 för
1195 1072 73 32 stöd
1298 1074 35 31 åt
1362 1076 250 35 motorsporten.

129 1126 16 30 I
167 1126 98 38 fråga
285 1136 52 21 om
359 1126 239 38 motiveringen
620 1126 56 31 får
695 1127 158 31 utskottet
874 1127 138 31 hänvisa
1034 1127 52 30 till
1107 1126 174 32 motionen.

170 1177 84 34 Över
275 1179 168 32 motionen
463 1179 63 31 har
546 1180 158 31 utskottet
726 1179 164 32 inhämtat
912 1180 178 39 yttranden
1112 1180 78 31 från
1212 1181 77 38 väg-
1314 1181 59 30 och
1395 1181 218 38 vattenbygg-

126 1232 255 39 nadsstyrelsen,
411 1233 322 39 överbefälhavaren,
763 1233 153 46 Sveriges
946 1233 301 38 motorfederation,
1278 1234 113 38 kungl.
1423 1233 191 32 automobil-

129 1287 143 31 klubben
295 1287 60 31 och
378 1287 269 32 Motormännens
669 1287 227 32 riksförbund.

170 1350 86 37 Väg-
278 1351 59 30 och
360 1350 448 38 vattenbyggnadsstyrelsen
831 1351 99 30 anför
950 1352 12 29 i
985 1351 173 31 huvudsak
1181 1350 159 39 följande.

169 1403 93 30 Inom
277 1403 115 31 landet
409 1403 109 32 finnes
535 1404 53 30 för
604 1404 209 31 närvarande
828 1405 117 30 endast
960 1408 44 27 ett
1021 1404 138 38 företag,
1176 1414 69 21 som
1260 1405 10 30 i
1287 1405 106 31 större
1410 1404 203 38 omfattning

126 1455 153 32 bedriver
298 1456 218 39 tillverkning
535 1466 41 21 av
596 1457 213 38 personbilar.
832 1457 224 38 Motorcyklar
1075 1457 203 31 framställas
1298 1456 192 39 visserligen
1511 1458 10 30 i
1543 1457 70 31 icke

125 1509 169 38 obetydlig
311 1509 204 39 omfattning
533 1519 41 22 av
593 1511 138 30 svenska
748 1510 200 39 tillverkare,
969 1520 72 21 men
1061 1512 40 30 de
1120 1510 129 37 fordon,
1270 1520 67 21 som
1357 1510 178 38 tillverkas,
1556 1512 57 30 äro

125 1563 70 31 icke
215 1573 41 20 av
276 1563 120 31 sådant
417 1563 80 38 slag,
519 1567 49 28 att
590 1564 40 31 de
651 1564 178 38 lämpligen
851 1565 113 30 kunna
986 1564 168 31 användas
1178 1564 53 31 för
1251 1564 358 38 hastighetstävlingar.

129 1617 108 31 Såvitt
265 1618 77 37 väg-
372 1617 60 31 och
459 1618 447 38 vattenbyggnadsstyrelsen
933 1618 66 31 kan
1027 1617 145 39 bedöma,
1202 1617 95 32 torde
1325 1617 141 32 sålunda
1495 1618 117 31 anord-

125 1670 124 31 nandet
268 1681 41 21 av
327 1670 350 40 hastighetstävlingar
696 1671 53 31 för
767 1671 228 31 motorfordon
1014 1671 198 32 åtminstone
1232 1672 53 30 för
1304 1672 208 31 närvarande
1531 1682 81 21 vara

126 1733 42 21 av
192 1723 96 39 ringa
312 1724 167 38 betydelse
505 1724 54 31 för
583 1724 64 31 den
673 1725 136 31 svenska
835 1724 442 39 motorfordonsindustrien,
1305 1725 116 31 liksom
1446 1727 82 29 även
1554 1735 58 21 an-

126 1776 185 32 ordnandet
333 1787 41 21 av
394 1777 163 31 särskilda
576 1777 113 32 slutna
708 1778 103 31 banor
833 1778 54 31 för
907 1778 309 38 tävlingsändamål.
1239 1778 139 33 Antalet
1400 1779 212 39 motorcykel-

127 1830 111 31 förare
259 1830 89 31 inom
369 1830 123 38 landet,
514 1841 68 21 som
605 1831 53 31 för
679 1831 209 32 närvarande
910 1832 107 31 aktivt
1039 1832 131 38 deltaga
1192 1833 11 29 i
1224 1832 178 38 tävlingar,
1426 1833 93 31 torde
1541 1833 70 30 icke

126 1893 80 20 vara
226 1886 95 28 stort.
345 1883 103 31 Dessa
469 1884 110 30 förare
600 1894 99 28 synas
720 1884 117 31 därför
857 1885 70 31 icke
949 1885 113 31 kunna
1083 1885 159 31 tillmäta$
1262 1886 110 37 någon
1395 1887 103 30 större
1519 1887 91 37 bety-

126 1936 87 31 delse
237 1946 42 20 ur
303 1936 242 38 krigsmaktens
568 1937 180 38 synpunkt.
775 1938 65 31 Det
864 1937 94 32 torde
984 1938 94 31 också
1102 1948 82 21 vara
1208 1938 212 38 diskutabelt,
1445 1938 166 32 huruvida

126 1988 192 39 utbildning
343 1999 40 21 av
408 1993 44 27 ett
476 1991 105 29 större
605 1990 92 31 antal
720 2000 157 28 personer
901 1991 52 30 till
978 1990 256 39 tävlingsförare
1258 1991 66 31 kan
1348 2002 95 21 anses
1466 2002 81 21 vara
1571 2003 40 21 en

125 2042 117 38 åtgärd
261 2042 53 31 till
333 2041 317 34 trafiksäkerhetens
669 2044 149 31 fromma.
839 2044 117 38 Enligt
975 2045 75 37 väg-
1070 2044 59 31 och
1149 2044 463 39 vattenbyggnadsstyrelsens

125 2095 133 38 mening
273 2095 179 39 föreligger
467 2095 126 32 således
607 2097 165 37 knappast
788 2097 101 37 något
904 2097 104 31 behov
1024 2108 40 20 av
1080 2097 217 38 vadhållning
1312 2098 137 32 medelst
1464 2099 148 31 totalisa-

127 2151 53 28 tor
201 2148 10 30 i
232 2148 159 32 samband
412 2149 72 31 med
506 2149 282 38 motortävlingar.

167 2201 68 30 För
262 2202 314 30 överbefälhavaren
604 2202 61 31 har
693 2203 116 38 chefen
838 2203 54 30 för
921 2203 261 31 försvarsstaben
1212 2204 126 36 avgivit
1366 2205 158 37 yttrande
1552 2205 59 31 och

124 2253 118 32 därvid
257 2272 40 4 —
313 2255 80 30 enär
408 2258 240 35 motorsporten
663 2265 96 28 synes
772 2266 80 20 vara
867 2257 11 29 i
892 2256 104 30 behov
1011 2266 40 21 av
1066 2256 201 31 ekonomiskt
1281 2257 73 31 stöd
1371 2257 57 31 och
1445 2258 73 31 med
1533 2258 79 30 hän-

124 2318 61 26 syn
205 2306 51 31 till
276 2307 64 31 den
360 2307 174 38 betydelse,
556 2318 67 20 som
643 2308 63 31 den
726 2309 10 30 i
757 2309 164 30 motionen
942 2309 117 31 tänkta
1078 2309 232 38 utvecklingen
1329 2310 66 31 kan
1414 2311 128 30 komma
1562 2314 49 28 att

125 2360 36 30 få
176 2370 41 20 ur
233 2360 125 31 militär
374 2361 170 37 synpunkt
562 2380 40 4 —
619 2361 160 38 tillstyrkt
797 2362 95 30 bifall
911 2363 50 30 till
981 2363 172 30 motionen.
1173 2363 63 30 Till
1254 2364 72 30 stöd
1346 2364 116 31 härför
1480 2365 132 30 anföres

125 2413 161 38 följande:

160 2500 109 30 Bihang
289 2501 44 24 till
354 2501 159 30 riksdagens
531 2501 138 31 protokoll
689 2503 75 24 1947.
795 2504 31 22 13
844 2503 77 24 saml.
948 2505 16 22 3
983 2503 60 24 avd.
1071 2503 41 25 Nr
1131 2505 41 23 10.
1597 2507 13 23 1
