1924 2854
314 166 39 29 12
518 169 232 31 Sammansatlta
774 174 86 26 stals-
884 172 54 27 och
964 174 101 27 andra
1090 175 209 34 lagutskottets
1324 177 157 28 utlåtande
1505 179 47 28 Nr
1575 180 25 28 1.

310 256 161 30 normala
495 255 243 33 förhållanden
763 260 151 30 avsedda
938 260 157 37 åtgärder
1119 261 214 32 beträffande
1357 263 196 40 försäkring
1581 269 73 28 mot
1678 266 128 32 ofrivil-

309 307 46 38 lig
390 308 237 33 arbetslöshet.
688 312 265 31 Bestämmelser
976 314 11 29 i
1012 314 123 30 sådant
1163 315 88 40 syfte
1281 317 241 37 genomfördes
1546 319 11 30 i
1582 320 111 38 Norge
1721 322 85 29 1906

309 361 66 30 och
400 361 10 30 i
436 362 179 32 Danmark
649 365 95 30 1907.
805 365 13 30 I
851 366 147 31 Finland
1025 368 104 37 gäller
1153 378 43 21 en
1221 370 55 37 lag
1299 380 43 20 av
1366 371 67 30 den
1459 372 19 29 2
1504 374 189 31 november
1720 376 83 29 1917

309 415 79 30 med
413 415 75 31 däri
512 416 38 30 år
576 418 84 30 1920
680 418 177 38 företagna
881 420 195 38 ändringar.

353 468 538 40 Socialförsäkringskommittén
922 474 207 31 avlämnade
1167 475 57 31 sitt
1259 476 126 39 förslag
1409 477 11 30 i
1446 478 102 30 slutet
1577 489 42 20 av
1643 479 39 31 år
1708 482 96 30 1922.

307 521 187 40 Förslaget,
530 532 74 22 som
641 525 64 30 har
742 525 88 31 varit
864 526 145 31 föremål
1042 527 53 31 för
1126 529 122 30 remiss
1273 530 50 30 till
1347 531 93 30 olika
1465 532 252 40 myndigheter,
1742 534 64 31 har

308 575 189 31 emellertid
522 578 94 29 ännu
640 578 77 31 icke
742 578 160 32 föranlett
926 580 114 38 någon
1064 581 118 38 åtgärd
1208 582 76 31 från
1311 584 122 38 Kungl.
1460 584 111 39 Maj:ts
1596 586 85 31 sida.

352 628 118 31 Under
493 630 209 39 hänvisning
726 632 51 30 till
802 642 89 21 ovan
916 634 145 31 anförda
1090 635 76 30 skäl
1196 636 54 30 får
1274 637 166 31 utskottet
1465 638 117 32 därför
1608 636 195 48 hemställa,

670 714 30 43 a)
726 724 48 27 att
799 721 184 39 riksdagen
1007 723 177 38 behagade
1209 728 125 35 antaga
1357 726 154 38 följande

1010 830 89 30 LAG

640 908 60 20 om
725 900 224 39 statsbidrag
971 902 58 29 till
1052 902 409 32 arbetslöshetskassor.

1018 985 67 42 18.

346 1056 372 40 Understödsförening
751 1059 54 31 för
833 1062 228 30 meddelande
1078 1072 42 20 av
1137 1063 344 41 arbetslöshetshjälp
1499 1060 298 44 (arbetslöskassa)

301 1109 57 30 må
383 1110 110 30 under
517 1111 113 30 nedan
651 1113 163 37 stadgade
839 1114 126 31 villkor
989 1116 130 30 erhålla
1144 1115 122 39 bidrag
1290 1127 43 20 av
1357 1118 209 30 statsmedel.

1008 1198 78 41 28.

345 1269 132 30 Kassan
512 1270 98 39 skall,
636 1272 79 30 med
740 1272 221 39 iakttagande
985 1274 59 30 vid
1069 1275 261 39 registreringen
1350 1276 132 38 jämväl
1507 1288 42 20 av
1575 1279 218 32 bestämmel-

298 1331 100 21 serna
422 1322 10 30 i
458 1324 114 30 denna
596 1324 64 39 lag,
685 1335 82 21 vara
793 1327 204 37 registrerad
1022 1329 77 29 med
1126 1329 185 37 godkända
1337 1331 137 37 stadgar
1497 1332 104 38 enligt
1615 1333 101 37 lagen
1733 1343 59 21 om

295 1376 417 39 understödsföreningar.
761 1380 122 30 Denna
918 1381 11 29 i
965 1381 217 32 sistnämnda
1220 1383 55 38 lag
1299 1383 232 32 omförmälda
1555 1385 237 41 tillsynsmyn-

294 1428 117 38 dighet
447 1430 89 30 skall
569 1431 10 29 i
613 1431 94 38 fråga
744 1442 57 21 om
827 1434 150 30 ärenden
1003 1436 146 30 rörande
1170 1436 371 33 arbetslöshetskassor
1564 1449 82 21 vara
1672 1441 120 30 social-

295 1483 177 38 styrelsen.

338 1536 137 30 Antalet
508 1537 229 32 medlemmar
771 1539 11 30 i
819 1539 126 31 kassan
982 1541 88 30 skall
1104 1542 114 39 uppgå
1243 1543 51 29 till
1319 1543 105 30 minst
1448 1544 225 40 femhundra;
1699 1547 91 30 dock

293 1592 58 36 att,
381 1589 63 30 där
479 1590 387 41 tillsynsmyndigheten
895 1594 79 29 med
1000 1594 136 40 hänsyn
1161 1595 51 30 till
1237 1597 340 37 omständigheterna
1602 1599 114 31 finner
1739 1601 52 29 så-

293 1642 84 30 dant
397 1643 121 31 kunna
543 1645 187 39 medgivas,
755 1646 129 30 antalet
908 1646 57 31 må
989 1657 82 21 vara
1095 1648 147 31 mindre.

338 1696 134 30 Kassan
506 1697 67 37 må,
597 1697 152 32 förutom
784 1700 67 29 vad
877 1709 75 21 som
977 1701 96 37 eljest
1102 1702 69 30 kan
1196 1702 197 32 föranledas
1413 1714 42 21 av
1480 1705 308 32 bestämmelserna

293 1748 9 29 i
328 1749 115 30 denna
468 1750 65 39 lag,
558 1750 27 38 ej
613 1753 104 29 utöva
738 1761 116 21 annan
872 1754 221 31 verksamhet
1109 1757 43 28 än
1171 1755 195 32 beredande
1383 1767 43 21 av
1443 1758 345 42 arbetslöshetshjälp

293 1801 34 31 åt
351 1803 276 32 medlemmarna
662 1805 82 30 eller
772 1815 42 21 av
840 1806 74 31 sina
937 1807 193 31 inkomster
1158 1809 82 30 eller
1264 1809 179 39 tillgångar
1466 1812 104 37 något
1594 1813 116 37 utgiva
1736 1813 53 31 för

292 1856 174 40 ändamål,
492 1867 75 21 som
592 1859 38 29 är
653 1858 219 31 främmande
896 1860 53 31 för
973 1861 114 30 denna
1110 1862 232 31 verksamhet.

337 1910 151 30 Kassans
514 1910 99 31 firma
631 1912 89 30 skall
742 1912 176 31 innehålla
936 1914 107 30 orden
1067 1916 202 36 >godkänd>
1290 1917 65 30 och
1379 1914 405 47 >arbetslöshetskassa>;

290 1962 66 31 och
381 1963 89 30 skall
495 1964 65 30 den
587 1965 9 29 i
622 1965 99 38 lagen
746 1975 58 21 om
829 1967 410 39 understödsföreningar
1263 1971 202 31 meddelade
1490 1972 233 40 föreskriften,
1739 1977 48 27 att

290 2015 126 32 firman
442 2017 88 30 skall
555 2018 177 31 innehålla
757 2020 98 30 ordet
882 2021 420 41 >understödsförening?>,
1320 2024 27 37 ej
1366 2026 63 36 äga
1444 2025 163 38 giltighet.
1640 2026 146 31 Firman

289 2069 57 30 må
380 2069 27 38 ej
446 2070 176 32 innehålla
659 2073 74 38 ord,
773 2082 75 21 som
884 2073 147 32 innebär
1065 2084 116 22 annan
1212 2076 231 40 begränsning
1467 2088 44 21 av
1535 2079 171 31 villkoren
1732 2080 53 31 för

288 2124 241 40 medlemskap
554 2124 10 30 i
589 2125 128 31 kassan
741 2128 45 28 än
818 2126 11 30 i
854 2128 183 36 stadgarna
1061 2129 150 37 angives.

1000 2218 19 29 3
1043 2211 31 42 8.

332 2283 151 31 Kassans
513 2285 140 39 styrelse
683 2286 89 30 skall
797 2287 96 30 bestå
917 2297 43 21 av
985 2288 105 31 minst
1114 2292 48 27 tre
1187 2289 200 42 ledamöter,
1412 2301 107 21 varav
1548 2293 234 31 ordföranden

285 2336 106 38 väljes
416 2338 149 31 särskilt.

331 2390 72 30 Har
427 2392 166 38 styrelsen
619 2393 186 39 uppdragit
829 2394 35 30 åt
887 2403 116 21 annan
1028 2398 58 36 att,
1117 2395 4 30 i
1146 2396 67 30 den
1239 2397 207 39 omfattning
1471 2408 42 21 av
1539 2400 167 39 styrelsen
1723 2400 56 31 be-

286 2445 176 35 stämmes,
498 2444 84 31 fatta
618 2446 113 31 beslut
764 2448 147 29 rörande
936 2448 186 37 utgivande
1147 2459 43 21 av
1214 2450 355 42 arbetslöshetshjälp,
1594 2455 37 28 är
1655 2453 125 31 sådant

285 2496 114 31 beslut
427 2500 48 28 att
500 2508 82 21 anse
615 2499 115 31 såsom
756 2501 229 39 provisoriskt
1010 2502 64 30 och
1100 2503 87 30 skall
1213 2504 37 30 så
1276 2504 66 30 fort
1367 2505 60 30 ske
1452 2505 69 31 kan
1547 2507 231 31 underställas
