1918 2858
94 760 150 30 Riksdagen

133 795 76 23 1909.

82 1496 90 30 Lagen
190 1496 50 23 den

56 1531 36 22 25
110 1531 64 29 juni
193 1531 68 23 1909

93 1565 134 30 angående

69 1600 106 29 uppsikt
196 1603 57 19 över

56 1634 71 22 vissa
139 1633 122 31 jordbruk

73 1668 9 22 i
101 1668 141 26 Norrland,

67 1703 117 22 Dalarne
205 1704 42 22 och

85 1737 148 23 Värmland.

294 186 21 29 4
740 191 102 28 Andra
865 192 192 36 lagutskottets
1079 194 147 30 utlåtande
1248 205 36 19 nr
1305 197 49 28 40.

346 261 243 42 Lagutskottet
622 263 190 33 förklarade
847 265 51 42 sig
919 266 75 31 icke
1016 267 114 32 kunna
1153 268 11 31 i
1189 269 194 32 oförändrat
1408 271 95 31 skick
1524 272 180 41 godkänna
1727 274 67 32 den

294 322 40 20 av
367 312 125 41 Kungl.
516 313 98 41 Maj:t
647 314 185 42 framlagda
865 316 262 41 propositionen
1161 321 82 29 utan
1270 320 162 32 framlade
1456 321 11 31 i
1491 323 112 31 stället
1625 323 12 31 i
1661 323 62 32 sitt
1746 327 49 29 ut-

292 361 137 32 låtande
453 364 48 29 ett
524 362 135 42 förslag,
677 375 74 20 som
768 365 10 30 i
795 365 178 33 huvudsak
989 369 278 32 överensstämde
1283 371 78 31 med
1376 372 416 35 norrlandskommitténs.

292 411 190 32 Kamrarna
505 414 165 31 stannade
694 415 57 31 vid
775 416 89 31 olika
888 417 123 31 beslut.
1057 418 18 31 I
1098 419 108 32 första
1228 420 193 33 kammaren
1446 423 134 41 avslogs
1603 424 189 33 utskottets

292 462 134 41 förslag,
452 463 122 31 medan
597 465 105 31 andra
725 466 194 32 kammaren
942 468 178 40 godkände
1145 469 195 33 detsamma.
1380 472 132 41 Frågan
1537 473 85 32 hade
1647 475 145 32 sålunda

291 511 95 32 fallit.

343 605 67 32 Vid
433 607 150 41 följande
607 610 89 30 årets
720 609 138 43 riksdag
880 611 152 32 återkom
1055 613 116 41 frågan
1194 614 12 31 i
1229 615 84 30 form
1331 627 40 19 av
1387 616 176 32 motioner.
1598 618 189 32 Kamrarna

290 656 167 32 stannade
481 659 188 31 emellertid
693 661 84 30 även
801 661 42 30 då
865 661 11 30 i
900 662 88 31 olika
1013 663 151 39 beslut,
1148 652 20 60 i
1187 664 85 41 följd
1295 676 98 21 varav
1417 667 116 41 frågan
1556 669 87 40 ånyo
1663 669 125 32 förföll.

331 749 68 32 Vid
432 751 181 42 riksdagen
649 753 80 31 1909
763 754 162 32 framlade
948 755 124 42 Kungl.
1096 757 99 41 Maj:t
1217 758 11 31 i
1252 759 216 41 proposition
1493 762 48 30 ett
1563 764 75 38 nytt
1660 762 130 43 förslag

289 800 53 31 till
365 801 238 42 vanhävdslag,
628 803 104 32 vilket
755 804 10 30 i
789 807 66 29 rätt
878 807 167 40 väsentlig
1067 809 78 29 mån
1169 809 105 31 avvek
1296 809 73 31 från
1388 811 80 30 1907
1485 813 53 29 års
1558 809 229 49 proposition.

288 850 116 42 Lagen
429 852 110 31 skulle
563 853 144 31 sålunda
730 854 122 32 endast
873 867 78 20 vara
974 856 182 43 tillimplig
1179 860 19 29 å
1220 859 109 41 bolag,
1354 860 222 32 ekonomiska
1591 862 197 43 föreningar

287 901 64 31 och
375 901 326 42 skogsspekulanter
723 904 173 42 tillhöriga
918 906 208 42 fastigheter,
1153 919 74 20 som
1251 909 72 31 icke
1346 921 82 20 voro
1452 912 264 32 utarrenderade
1734 925 53 20 en-

285 951 62 41 ligt
381 951 65 32 den
480 953 224 32 norrländska
738 956 252 41 arrendelagen.
1035 957 19 31 I
1086 958 186 41 anledning
1301 970 40 21 av
1363 961 261 40 propositionen
1648 964 138 32 väcktes

285 1003 55 29 två
364 1002 177 39 motioner,
566 1005 167 30 avseende
757 1005 90 31 olika
870 1007 181 41 ändringar
1072 1008 12 31 i
1107 1008 207 33 densamma.

337 1052 243 41 Lagutskottet
614 1055 185 41 tillstyrkte
822 1056 125 41 Kungl.
971 1058 116 40 Maj:ts
1110 1059 129 42 förslag
1262 1062 36 29 så
1321 1063 74 38 gott
1418 1072 73 21 som
1516 1063 205 33 oförändrat.
1768 1065 17 31 I

284 1103 141 40 avgiven
448 1105 209 31 reservation
680 1106 190 41 påyrkades
894 1119 42 19 en
960 1108 105 31 sådan
1081 1109 222 43 formulering
1318 1122 39 20 av
1372 1112 108 40 lagen,
1498 1115 49 29 att
1563 1114 41 30 då
1620 1115 165 41 fastighet

283 1154 254 31 utarrenderats
561 1155 105 41 enligt
689 1156 66 31 den
778 1157 225 32 norrländska
1026 1160 251 41 arrendelagen,
1295 1162 141 41 uppsikt
1453 1163 109 31 skulle
1578 1164 109 32 hållas
1704 1167 81 30 över

283 1203 88 31 huru
392 1204 202 42 jordägaren
618 1206 181 41 fullgjorde
824 1208 52 30 sin
899 1208 384 44 byggnadsskyldighet.

325 1253 67 32 Vid
425 1254 250 42 behandlingen
703 1257 11 30 i
737 1257 178 32 kamrarna
939 1259 164 32 stannade
1128 1261 101 31 dessa
1252 1262 11 30 i
1287 1262 89 31 olika
1398 1263 124 32 beslut.
1568 1265 60 31 Ett
1651 1276 41 20 av
1715 1266 67 42 lag-

282 1304 169 31 utskottet
467 1306 161 41 uppgjort
642 1308 483 43 sammanjämkningsförslag,
1142 1311 233 33 innefattande
1391 1317 235 29 reservantens
1643 1312 138 49 förslag,

282 1356 121 39 antogs
438 1356 190 31 emellertid
661 1368 40 20 av
730 1357 89 32 båda
851 1359 187 38 kamrarna,
1062 1362 146 30 varefter
1231 1362 65 31 den
1320 1364 39 30 25
1379 1364 77 40 juni
1480 1365 80 31 1909
1582 1366 199 33 utfärdades

281 1404 54 41 lag
358 1406 174 40 angående
556 1407 141 40 uppsikt
720 1410 19 29 å
762 1408 91 32 vissa
875 1409 166 40 jordbruk
1064 1411 11 30 i
1098 1411 172 32 Norrland
1294 1413 63 31 och
1380 1414 158 32 Dalarne.

333 1481 119 41 Enligt
486 1482 111 31 denna
630 1483 63 41 lag,
729 1495 74 20 som
837 1485 11 30 i
882 1485 54 31 sin
959 1488 241 41 ursprungliga
1223 1489 188 42 avfattning
1433 1491 111 40 gällde
1567 1492 51 30 för
1641 1492 42 31 de
1707 1493 74 41 fyra

279 1523 210 41 nordligaste
511 1524 100 31 länen
636 1527 88 29 samt
747 1526 91 31 vissa
861 1527 93 32 delar
977 1540 40 19 av
1040 1529 212 42 Gävleborgs
1269 1532 62 30 och
1347 1532 245 42 Kopparbergs
1609 1534 65 38 län,
1693 1535 87 31 skall

280 1565 212 31 beträffande
515 1566 91 32 vissa
629 1567 201 41 fastigheter
852 1571 17 28 å
893 1570 116 31 landet
1032 1571 92 31 inom
1147 1572 118 41 lagens
1282 1573 397 42 tillämplighetsområde
1696 1588 84 30 upp-

280 1606 69 32 sikt
371 1607 109 31 hållas
504 1608 141 32 däröver
668 1611 49 29 att
738 1610 202 40 jordbruket
963 1614 19 29 å
1004 1613 246 41 fastigheterna
1272 1615 72 31 icke
1368 1616 184 42 nedlägges
1584 1619 82 30 eller
1697 1621 82 39 ägor

280 1649 64 30 och
377 1649 197 42 byggnader
607 1651 99 41 eljest
740 1654 37 28 så
810 1654 196 38 vanvårdas,
1041 1657 49 29 att
1114 1656 221 41 jordbrukets
1357 1658 312 33 vidmakthållande
1694 1661 84 31 däri-

278 1701 123 30 genom
425 1694 188 39 äventyras.
659 1693 52 31 De
735 1694 208 42 fastigheter,
968 1707 73 20 som
1058 1697 139 32 beröras
1214 1710 40 19 av
1270 1699 111 32 denna
1397 1702 149 39 uppsikt,
1565 1704 56 29 äro
1639 1703 137 36 sådana,

279 1735 18 28 å
320 1733 88 31 vilka
431 1734 80 30 åker
534 1735 63 30 och
620 1737 66 39 äng
708 1737 110 30 finnas
841 1737 11 30 i
876 1737 65 31 den
966 1739 212 41 omfattning,
1203 1743 49 28 att
1276 1742 239 42 självständigt
1528 1744 167 40 jordbruk
1710 1746 67 31 kan

278 1777 19 28 å
321 1775 75 31 dem
421 1776 98 31 idkas
543 1776 64 31 och
631 1788 73 20 som
728 1780 58 29 äro
810 1779 172 41 tillhöriga
1004 1781 109 41 bolag,
1138 1783 156 40 förening
1316 1784 51 31 för
1390 1785 201 32 ekonomisk
1609 1787 168 32 verksam-

277 1817 60 31 het
360 1818 82 30 eller
464 1829 135 30 person,
623 1820 113 30 vilken
759 1821 270 42 uppenbarligen
1052 1824 144 31 besitter
1218 1825 162 41 fastighet
1402 1827 53 30 för
1477 1830 50 28 att
1549 1824 229 50 tillgodogöra

278 1859 52 41 sig
353 1859 351 43 skogsavkastningen
728 1863 63 30 och
815 1863 73 31 icke
912 1866 36 28 är
970 1866 284 40 mantalsskriven
1276 1870 17 28 å
1310 1868 205 42 fastigheten
1532 1870 81 31 eller
1628 1873 19 29 å
1663 1872 114 41 fastig-

276 1901 68 38 het,
369 1913 74 20 som
478 1904 36 29 är
546 1903 12 30 i
592 1904 161 31 sambruk
783 1905 77 31 med
883 1906 205 33 densamma.
1133 1909 49 30 Är
1205 1910 188 31 emellertid
1417 1922 42 20 en
1482 1912 160 41 fastighet
1665 1925 41 19 av
1729 1925 47 20 nu

276 1945 119 29 nämnt
430 1944 72 41 slag
535 1946 245 31 utarrenderad
813 1947 11 30 i
858 1948 151 41 enlighet
1036 1950 76 31 med
1136 1951 98 41 lagen
1258 1963 53 19 om
1336 1954 142 30 arrende
1502 1966 40 19 av
1564 1955 69 31 viss
1655 1955 79 41 jord
1758 1959 16 28 å

276 1985 116 32 landet
414 1986 93 31 inom
531 1987 171 32 Norrland
726 1989 64 30 och
813 1989 158 39 Dalarne,
997 1992 84 31 skall
1104 1993 99 40 lagen
1227 1995 61 39 äga
1311 1995 217 42 tillämpning
1543 1997 120 31 endast
1679 1998 11 30 i
1708 1998 66 31 den

275 2029 78 29 mån
374 2028 202 41 jordägaren
599 2032 36 29 är
658 2030 106 41 enligt
787 2032 147 31 nämnda
956 2033 55 41 lag
1033 2035 157 40 ansvarig
1212 2036 53 31 för
1279 2037 309 32 vidmakthållande
1605 2050 40 20 av
1660 2040 115 41 fastig-

275 2069 112 31 heten.
433 2070 89 31 Från
546 2072 159 31 förbudet
728 2075 50 28 att
801 2074 164 41 nedlägga
987 2076 201 40 Jordbruket
1212 2080 18 28 å
1254 2089 41 20 en
1316 2081 60 39 äga
1391 2081 99 39 göres
1506 2080 11 30 i
1533 2081 96 40 lagen
1646 2082 129 31 undan-

275 2114 57 38 tag
354 2112 52 31 för
429 2112 58 31 det
510 2113 66 38 fall,
602 2116 49 28 att
674 2116 85 39 ägan
783 2116 52 30 till
858 2116 53 31 sin
935 2118 167 41 naturliga
1125 2119 236 32 beskaffenhet
1384 2124 36 28 är
1444 2124 36 28 så
1504 2122 97 42 dålig,
1620 2125 49 29 att
1683 2125 90 40 jord-

274 2154 142 31 brukets
450 2154 233 42 nedläggande
718 2157 81 31 därå
832 2160 108 29 måste
964 2171 100 20 anses
1087 2161 220 41 fördelaktigt
1331 2163 51 31 för
1406 2175 41 19 en
1472 2165 52 30 till
1547 2165 226 42 fastighetens

273 2196 167 40 jordbruk
463 2197 52 31 för
538 2198 53 30 sin
615 2199 152 31 utkomst
790 2199 166 32 hänvisad
979 2202 74 31 åbo.
1098 2203 68 31 För
1189 2205 185 31 utövandet
1397 2217 40 19 av
1454 2206 66 31 den
1537 2209 236 30 ovannämnda

275 2238 186 40 uppsikten
490 2241 79 29 över
591 2240 92 31 vissa
704 2241 167 40 jordbruk
894 2243 85 31 skall
1003 2245 10 30 i
1036 2245 91 41 varje
1150 2246 56 30 län
1230 2247 109 30 finnas
1363 2259 41 19 en
1427 2248 346 40 jordbrukskommis-

275 2280 85 38 sion,
395 2281 187 32 bestående
616 2293 40 20 av
690 2283 203 32 ordförande
928 2286 64 30 och
1015 2289 51 29 två
1092 2287 198 38 ledamöter,
1319 2289 89 31 vilka
1432 2292 156 40 samtliga
1611 2295 96 28 utses
1732 2304 40 19 av

274 2322 195 41 Konungen
503 2324 52 30 för
589 2335 41 20 en
664 2325 51 30 tid
746 2337 39 19 av
808 2327 19 30 3
851 2328 43 30 år.
942 2327 64 32 Om
1030 2331 43 38 på
1094 2330 111 40 grund
1228 2342 40 19 av
1291 2331 195 32 inkommen
1510 2335 154 30 anmälan
1689 2335 84 30 eller

274 2364 100 40 eljest
406 2365 412 40 jordbrukskommission
841 2369 108 31 finner
973 2371 182 40 anledning
1179 2375 129 38 antaga,
1333 2376 49 28 att
1405 2376 49 29 ett
1476 2375 163 40 jordbruk
1663 2378 36 29 är
1723 2379 48 28 ut-

274 2408 68 29 satt
375 2407 52 31 för
454 2408 105 31 sådan
581 2409 165 38 vanhävd,
771 2421 73 20 som
867 2411 12 31 i
901 2413 260 42 uppsiktslagen
1185 2415 225 39 omförmäles,
1435 2418 80 39 äger
1536 2418 235 40 jordkommis-

274 2448 120 31 sionen
418 2451 49 29 att
490 2450 200 32 föranstalta
713 2463 55 19 om
793 2464 62 29 syn
879 2455 18 28 å
917 2454 202 40 jordbruket
1140 2467 123 30 genom
1291 2458 137 31 särskilt
1455 2460 202 31 förordnade
1675 2472 96 30 syne-

273 2492 86 29 män.
405 2491 112 32 Dessa
551 2493 95 31 skola
680 2495 17 29 å
732 2494 114 32 stället
879 2496 191 32 undersöka
1104 2499 227 31 förhållandet
1353 2501 63 30 och
1441 2501 141 32 däröver
1604 2503 51 30 till
1679 2503 92 31 kom-
