1912 2858
294 176 41 30 24
743 184 101 28 Andra
867 185 191 35 lagutskottets
1079 189 147 28 utlåtande
1249 200 34 18 nr
1305 192 48 28 40.

293 251 99 32 torde
408 253 169 41 nämligen
595 254 29 41 ej
642 266 87 27 vara,
747 258 50 29 att
807 257 187 42 jordägare,
1009 271 73 20 som
1094 261 141 34 beröras
1247 274 40 20 av
1300 275 41 20 en
1354 265 94 41 dylik
1459 267 224 42 lagstiftning,
1697 271 97 33 skola

292 318 39 4 —
354 301 12 31 i
389 303 111 31 avsikt
521 306 50 29 att
587 305 185 32 såmedelst
787 307 221 43 undandraga
1024 311 52 41 sig
1091 311 43 32 de
1150 312 240 42 förpliktelser,
1406 316 260 45 lagstiftningen
1683 321 110 33 skulle

292 352 152 31 medföra
476 353 52 31 för
561 354 77 31 dem
672 373 41 5 —
746 357 138 32 försöka
917 361 227 32 sammanföra
1167 363 75 32 sina
1264 364 201 42 fastigheter
1486 368 52 31 till
1559 370 169 40 jordbruk
1750 384 41 20 av

290 401 67 31 den
381 403 135 38 storlek,
540 407 50 28 att
614 405 98 42 lagen
735 407 29 41 ej
789 408 67 31 blir
871 409 181 43 tillämplig
1067 413 19 29 å
1101 412 182 33 desamma.
1308 415 82 32 Med
1405 416 133 43 hänsyn
1554 419 117 33 härtill
1688 432 104 31 synes

289 452 169 32 utskottet
480 453 58 32 det
560 454 11 31 i
593 456 93 40 regel
708 457 74 32 icke
804 458 85 32 böra
910 459 137 40 tillåtas,
1072 464 50 29 att
1144 463 262 42 åbyggnaderna
1428 469 19 29 å
1470 468 41 31 de
1533 472 113 38 gamla
1665 472 125 33 bonde-

288 501 202 33 hemmanen
523 505 160 32 nedrivas
716 508 82 31 eller
831 520 122 30 genom
987 511 176 33 bristande
1197 515 178 33 underhåll
1405 517 32 31 få
1459 519 142 40 förfalla,
1625 524 85 30 även
1733 535 55 20 om

285 551 202 41 jordbruket
509 556 19 29 å
549 555 292 43 brukningsdelen
865 560 203 43 nödtorftigt
1090 563 66 32 kan
1184 566 249 40 upprätthållas
1455 580 122 30 genom
1601 572 81 33 dess
1706 585 82 21 sam-

287 603 237 42 manslagning
546 605 78 32 med
646 618 122 21 annan.
814 609 171 33 Tillfällen
1007 612 95 41 givas
1119 615 189 32 emellertid
1324 617 29 41 ej
1372 618 116 39 sällan,
1506 620 42 31 då
1565 632 41 20 en
1624 633 164 23 samman-

286 652 157 43 slagning
465 666 40 20 av
527 656 114 31 alltför
665 660 73 29 små
760 659 83 31 eller
864 660 59 32 illa
944 662 144 41 belägna
1110 664 286 43 brukningsdelar
1418 670 77 31 med
1518 671 104 32 därav
1636 673 152 42 följande

285 703 129 33 ändrad
438 705 207 42 disposition
669 708 11 31 i
703 709 92 42 fråga
818 722 55 20 om
890 712 263 42 fastigheternas
1169 716 216 42 åbyggnader
1401 721 36 29 är
1452 731 40 21 ur
1507 722 278 36 nationalekono-

285 753 87 32 misk
389 757 174 39 synpunkt
585 758 78 31 fullt
686 759 199 43 berättigad.
930 763 23 30 J
956 763 245 43 orddelningen
1225 767 61 31 har
1308 771 262 39 mångenstädes
1586 773 11 30 i
1614 776 75 29 vårt
1704 775 80 33 land

285 804 137 31 särskilt
455 805 11 31 i
501 818 91 20 mera
625 809 246 43 tättbebyggda
904 813 127 31 trakter
1064 815 192 33 fortskridit
1289 818 114 32 alltför
1429 820 101 42 långt.
1575 823 210 43 Fastighets-

282 853 203 43 bildningar,
511 867 73 21 som
618 861 108 29 måste
760 872 100 20 anses
884 873 78 20 vara
984 864 11 30 i
1018 864 68 42 hög
1107 866 83 40 grad
1214 868 182 42 olämpliga
1417 870 53 31 för
1489 872 212 40 jordbruket,
1725 878 60 30 äro

281 903 79 41 inga
383 905 166 42 sällsynta
571 907 206 34 företeelser.
823 912 18 30 I
863 912 93 32 vissa
978 916 91 29 orter
1088 915 63 31 har
1166 916 389 44 klyvningsförfarandet
1571 923 144 33 kommit
1731 927 52 31 till

281 956 217 41 användning
520 957 11 30 i
547 958 106 32 sådan
670 962 244 41 utsträckning,
932 966 49 29 att
997 965 41 30 de
1054 968 241 41 ursprungliga
1311 970 185 33 enheterna
1511 975 58 30 äro
1586 976 197 40 uppdelade

280 1004 11 31 i
324 1006 165 39 parceller
522 1019 40 19 av
594 1009 97 41 ringa
719 1012 136 31 storlek.
900 1014 61 30 Att
984 1015 111 32 denna
1115 1017 256 44 jordsplittring
1394 1023 36 29 är
1452 1023 52 31 till
1529 1024 106 32 skada
1657 1027 53 30 för
1732 1030 50 29 ett

281 1057 79 29 sunt
391 1056 175 41 jordbruk,
602 1059 116 32 därom
753 1063 98 31 torde
885 1064 29 40 ej
944 1076 91 20 mera
1058 1068 42 29 än
1124 1078 42 20 en
1190 1070 137 41 mening
1348 1071 116 32 kunna
1485 1074 89 32 råda.
1620 1076 162 42 Mången-

280 1106 115 31 städes
418 1107 128 42 fortgår
569 1109 102 32 också
693 1122 141 22 numera
857 1124 42 20 en
923 1116 144 31 tendens
1091 1119 49 29 att
1164 1121 227 31 sammanföra
1407 1122 100 32 dessa
1524 1127 127 30 smärre
1668 1127 112 43 fastig-

278 1155 97 32 heter
408 1157 52 31 till
485 1159 166 40 jordbruk
674 1172 40 20 av
738 1162 65 31 den
828 1164 212 42 omfattning,
1065 1178 73 20 som
1163 1180 41 19 ur
1226 1171 353 35 nationalekonomisk
1603 1179 178 39 synpunkt

278 1208 107 29 måste
419 1219 100 21 anses
554 1211 178 32 önskvärd.
778 1213 60 31 Att
872 1215 122 32 hinder
1016 1217 52 30 för
1091 1218 115 41 dylika
1229 1223 348 42 sammanslagningar
1598 1227 75 31 icke
1696 1228 85 32 böra

277 1267 103 24 resas,
406 1269 101 30 synes
531 1261 169 32 utskottet
722 1274 79 20 vara
817 1266 202 40 uppenbart.
1057 1268 156 33 Behovet
1229 1282 40 19 av
1285 1283 40 19 en
1343 1273 436 43 undantagsbestämmelse

276 1306 11 30 i
311 1307 94 32 detta
428 1311 168 30 avseende
619 1314 36 28 är
677 1313 144 40 givetvis
845 1315 87 31 dock
954 1317 11 30 i
989 1317 84 31 sista
1096 1319 92 31 hand
1211 1321 171 33 beroende
1405 1326 44 38 på
1471 1325 65 32 den
1561 1328 215 42 omfattning,

277 1368 72 20 som
374 1359 274 43 vanhävdslagen
672 1363 153 33 erhåller.
870 1366 164 32 Kommer
1057 1368 97 42 lagen
1178 1372 50 29 att
1251 1383 77 20 avse
1351 1374 44 30 all
1420 1376 133 31 enskild
1567 1377 88 40 jord,
1673 1389 104 31 synes

276 1418 40 20 en
341 1409 105 31 sådan
470 1421 78 20 vara
571 1412 234 43 ofrånkomlig.

327 1458 74 31 Vad
424 1471 46 19 nu
494 1463 92 39 sagts
610 1473 54 20 om
689 1467 311 43 sammanslagning
1022 1481 39 20 av
1087 1470 243 44 självständiga
1350 1474 165 41 jordbruk
1538 1478 106 39 gäller
1667 1479 11 30 i
1704 1480 72 32 viss

275 1510 75 29 mån
376 1511 82 30 även
483 1522 54 20 om
561 1513 229 43 nedläggning
813 1527 40 19 av
876 1519 284 41 torpligenheter.
1206 1523 60 30 Ett
1289 1524 232 41 nedläggande
1538 1539 39 19 av
1592 1530 89 40 torp,
1700 1541 72 20 som

273 1558 88 31 visat
384 1560 53 41 sig
459 1572 78 20 vara
559 1563 52 30 för
634 1564 76 31 litet
733 1567 49 29 att
804 1566 115 33 kunna
935 1569 316 35 tillfredsställande
1267 1574 145 42 försörja
1428 1576 53 31 sin
1497 1577 155 40 brukare,
1671 1591 104 30 synes

274 1609 143 32 sålunda
440 1622 78 20 vara
541 1615 103 39 något
666 1615 11 30 i
701 1616 63 30 och
788 1617 53 30 för
864 1618 52 40 sig
938 1620 78 31 fullt
1038 1617 146 51 befogat.
1491 1653 2 2 s

326 1659 121 32 Såsom
471 1673 39 19 av
534 1663 57 31 det
613 1664 204 42 föregående
840 1668 153 42 framgår,
1008 1671 61 31 har
1089 1672 349 41 jordkommissionen
1455 1677 10 31 i
1483 1678 60 31 sitt
1558 1680 117 32 utkast
1692 1693 82 30 upp-

272 1710 83 40 tagit
389 1722 41 19 en
454 1712 240 34 bestämmelse
719 1716 125 39 därom,
869 1721 49 29 att
940 1720 166 40 jordbruk
1129 1725 82 29 utan
1234 1724 122 32 hinder
1378 1738 40 19 av
1441 1728 63 31 vad
1527 1729 9 30 i
1560 1730 100 41 lagen
1685 1733 87 30 stad-

271 1762 74 38 gats
379 1761 58 38 får,
476 1762 28 31 »i
528 1763 65 31 den
617 1767 78 29 mån
720 1766 57 31 det
804 1770 36 28 är
868 1770 273 43 oundgängligen
1167 1774 128 41 nödigt,
1320 1777 183 41 nedläggas
1527 1782 16 28 å
1568 1782 103 37 mark,
1697 1793 73 21 som

271 1811 169 31 erfordras
474 1813 52 31 för
555 1814 196 33 industriell
775 1818 203 43 anläggning
1001 1822 82 31 eller
1105 1823 163 33 bostäder
1290 1827 34 29 åt
1348 1828 316 44 ortsbefolkningen
1688 1833 84 31 eller

270 1864 104 28 annat
408 1862 109 41 dylikt
550 1865 187 32 ändamål».
783 1868 18 30 I
825 1869 73 31 sina
932 1872 105 30 motiv
1060 1873 62 31 har
1144 1874 269 34 kommissionen
1438 1879 51 31 till
1512 1882 195 41 utveckling
1729 1894 40 20 av

270 1911 264 33 bestämmelsen
568 1916 120 38 anfört,
724 1920 57 36 att,
807 1919 114 32 därest
955 1922 191 33 ändamålet
1180 1928 81 29 utan
1285 1938 90 21 mera
1399 1931 161 30 avsevärd
1587 1933 183 41 olägenhet

269 1961 113 32 kunde
416 1963 202 42 tillgodoses
652 1978 122 29 genom
799 1970 124 31 oodlad
946 1973 102 37 mark,
1073 1974 107 32 borde
1204 1976 58 31 det
1285 1978 28 40 ej
1337 1989 79 20 vara
1438 1980 131 39 tillåtet,
1594 1984 50 29 att
1668 1983 102 32 odlad

268 2012 94 31 mark
385 2015 96 38 toges
504 2015 11 30 i
539 2018 156 39 anspråk.
730 2019 18 30 I
771 2020 184 42 anledning
977 2023 102 32 härav
1101 2025 60 30 vill
1184 2027 168 32 utskottet
1374 2029 185 37 framhålla,
1577 2034 58 37 att,
1654 2034 115 32 därest

269 2073 41 19 en
334 2062 240 34 bestämmelse
598 2067 10 29 i
632 2068 219 33 förevarande
875 2071 195 33 hänseende
1093 2075 154 32 kommer
1270 2078 51 30 till
1345 2080 109 37 stånd,
1479 2082 96 31 torde
1598 2083 11 30 i
1633 2084 61 30 allt
1710 2085 58 31 fall

269 2113 97 30 ordet
393 2115 310 43 »oundgängligen»
730 2119 83 31 böra
836 2122 138 41 utbytas
998 2127 70 28 mot
1092 2136 42 20 en
1158 2126 229 44 formulering,
1413 2141 72 21 som
1512 2143 92 21 mera
1628 2135 141 41 smidigt

268 2173 165 30 anpassar
467 2165 52 41 sig
552 2167 85 31 efter
670 2170 165 31 växlande
869 2172 244 34 förhållanden.
1160 2176 68 32 Det
1262 2189 101 30 synes
1397 2181 167 32 utskottet
1594 2185 172 40 nämligen

267 2213 73 31 icke
374 2225 78 20 vara
486 2227 39 19 av
558 2217 149 33 behovet
739 2221 149 40 påkallat
915 2223 168 41 förbjuda,
1118 2228 50 29 att
1191 2227 101 32 odlad
1315 2230 94 31 mark
1432 2233 93 40 tages
1549 2233 10 30 i
1583 2236 149 39 anspråk
1755 2236 12 30 i

267 2263 67 38 fall,
359 2264 60 31 där
442 2266 124 31 oodlad
589 2269 95 31 mark
706 2270 200 42 visserligen
931 2275 36 29 är
990 2277 48 28 att
1061 2276 104 41 tillgå,
1183 2289 77 20 men
1277 2279 59 31 där
1352 2281 65 30 den
1434 2282 121 32 odlade
1576 2284 123 40 jorden
1723 2288 40 38 på

266 2314 110 39 grund
400 2326 40 19 av
463 2316 59 31 sitt
545 2317 73 41 läge
642 2319 84 31 eller
748 2321 104 31 andra
876 2325 293 40 omständigheter
1192 2329 37 29 är
1251 2329 51 31 för
1325 2330 57 31 det
1405 2333 148 31 avsedda
1572 2334 196 32 ändamålet

267 2364 110 32 bättre
400 2365 145 42 lämpad.
