<?xml version="1.0" encoding="UTF-8"?>
<alto xmlns="http://www.loc.gov/standards/alto/ns-v3#" xmlns:xlink="http://www.w3.org/1999/xlink" xmlns:xsi="http://www.w3.org/2001/XMLSchema-instance" xsi:schemaLocation="http://www.loc.gov/standards/alto/ns-v3# http://www.loc.gov/alto/v3/alto-3-0.xsd">
	<Description>
		<MeasurementUnit>pixel</MeasurementUnit>
		<sourceImageInformation>
			<fileName>/tmp/tess_1aj1zthe_input.PNG</fileName>
		</sourceImageInformation>
		<OCRProcessing ID="OCR_0">
			<ocrProcessingStep>
				<processingSoftware>
					<softwareName>tesseract 5.3.0</softwareName>
				</processingSoftware>
			</ocrProcessingStep>
		</OCRProcessing>
	</Description>
	<Layout>
		<Page WIDTH="1926" HEIGHT="2856" PHYSICAL_IMG_NR="0" ID="page_0">
			<PrintSpace HPOS="0" VPOS="0" WIDTH="1926" HEIGHT="2856">
				<ComposedBlock ID="cblock_0" HPOS="346" VPOS="171" WIDTH="1066" HEIGHT="38">
					<TextBlock ID="block_0" HPOS="346" VPOS="171" WIDTH="1066" HEIGHT="38">
						<TextLine ID="line_0" HPOS="346" VPOS="171" WIDTH="1066" HEIGHT="38">
							<String ID="string_0" HPOS="346" VPOS="173" WIDTH="18" HEIGHT="30" WC="0.96" CONTENT="2"/><SP WIDTH="320" VPOS="173" HPOS="364"/>
							<String ID="string_1" HPOS="684" VPOS="171" WIDTH="125" HEIGHT="32" WC="0.93" CONTENT="Första"/><SP WIDTH="24" VPOS="171" HPOS="809"/>
							<String ID="string_2" HPOS="833" VPOS="172" WIDTH="248" HEIGHT="37" WC="0.92" CONTENT="lagutskottets"/><SP WIDTH="22" VPOS="172" HPOS="1081"/>
							<String ID="string_3" HPOS="1103" VPOS="172" WIDTH="184" HEIGHT="32" WC="0.96" CONTENT="utlåtande"/><SP WIDTH="25" VPOS="172" HPOS="1287"/>
							<String ID="string_4" HPOS="1312" VPOS="172" WIDTH="50" HEIGHT="32" WC="0.96" CONTENT="Nr"/><SP WIDTH="24" VPOS="172" HPOS="1362"/>
							<String ID="string_5" HPOS="1386" VPOS="175" WIDTH="26" HEIGHT="29" WC="0.96" CONTENT="1."/>
						</TextLine>
					</TextBlock>
				</ComposedBlock>
				<ComposedBlock ID="cblock_1" HPOS="292" VPOS="250" WIDTH="1506" HEIGHT="2272">
					<TextBlock ID="block_1" HPOS="301" VPOS="250" WIDTH="1497" HEIGHT="89">
						<TextLine ID="line_1" HPOS="345" VPOS="250" WIDTH="1453" HEIGHT="38">
							<String ID="string_6" HPOS="345" VPOS="250" WIDTH="151" HEIGHT="31" WC="0.92" CONTENT="Därefter"/><SP WIDTH="35" VPOS="250" HPOS="496"/>
							<String ID="string_7" HPOS="531" VPOS="250" WIDTH="216" HEIGHT="31" WC="0.92" CONTENT="omförmälas"/><SP WIDTH="27" VPOS="250" HPOS="747"/>
							<String ID="string_8" HPOS="774" VPOS="260" WIDTH="43" HEIGHT="20" WC="0.93" CONTENT="av"/><SP WIDTH="29" VPOS="260" HPOS="817"/>
							<String ID="string_9" HPOS="846" VPOS="250" WIDTH="416" HEIGHT="36" WC="0.81" CONTENT="justitieombudsmannen"/><SP WIDTH="24" VPOS="250" HPOS="1262"/>
							<String ID="string_10" HPOS="1286" VPOS="251" WIDTH="258" HEIGHT="32" WC="0.91" CONTENT="nedannämnda"/><SP WIDTH="22" VPOS="251" HPOS="1544"/>
							<String ID="string_11" HPOS="1566" VPOS="252" WIDTH="102" HEIGHT="36" WC="0.96" CONTENT="dagar"/><SP WIDTH="24" VPOS="252" HPOS="1668"/>
							<String ID="string_12" HPOS="1692" VPOS="252" WIDTH="106" HEIGHT="32" WC="0.96" CONTENT="under"/>
						</TextLine>
						<TextLine ID="line_2" HPOS="301" VPOS="302" WIDTH="1065" HEIGHT="37">
							<String ID="string_13" HPOS="301" VPOS="303" WIDTH="38" HEIGHT="29" WC="0.96" CONTENT="år"/><SP WIDTH="24" VPOS="303" HPOS="339"/>
							<String ID="string_14" HPOS="363" VPOS="302" WIDTH="82" HEIGHT="31" WC="0.96" CONTENT="1923"/><SP WIDTH="25" VPOS="302" HPOS="445"/>
							<String ID="string_15" HPOS="470" VPOS="303" WIDTH="53" HEIGHT="30" WC="0.96" CONTENT="till"/><SP WIDTH="24" VPOS="303" HPOS="523"/>
							<String ID="string_16" HPOS="547" VPOS="303" WIDTH="128" HEIGHT="35" WC="0.95" CONTENT="Kungl."/><SP WIDTH="26" VPOS="303" HPOS="675"/>
							<String ID="string_17" HPOS="701" VPOS="302" WIDTH="98" HEIGHT="36" WC="0.93" CONTENT="Maj:t"/><SP WIDTH="22" VPOS="302" HPOS="799"/>
							<String ID="string_18" HPOS="821" VPOS="302" WIDTH="139" HEIGHT="31" WC="0.92" CONTENT="avlåtna"/><SP WIDTH="24" VPOS="302" HPOS="960"/>
							<String ID="string_19" HPOS="984" VPOS="303" WIDTH="185" HEIGHT="35" WC="0.96" CONTENT="skrivelser,"/><SP WIDTH="24" VPOS="303" HPOS="1169"/>
							<String ID="string_20" HPOS="1193" VPOS="303" WIDTH="173" HEIGHT="36" WC="0.95" CONTENT="nämligen"/>
						</TextLine>
					</TextBlock>
					<TextBlock ID="block_2" HPOS="300" VPOS="354" WIDTH="1498" HEIGHT="87">
						<TextLine ID="line_3" HPOS="343" VPOS="354" WIDTH="1455" HEIGHT="38">
							<String ID="string_21" HPOS="343" VPOS="354" WIDTH="63" HEIGHT="31" WC="0.96" CONTENT="den"/><SP WIDTH="36" VPOS="354" HPOS="406"/>
							<String ID="string_22" HPOS="442" VPOS="355" WIDTH="39" HEIGHT="30" WC="0.96" CONTENT="15"/><SP WIDTH="31" VPOS="355" HPOS="481"/>
							<String ID="string_23" HPOS="512" VPOS="355" WIDTH="69" HEIGHT="35" WC="0.96" CONTENT="maj"/><SP WIDTH="23" VPOS="355" HPOS="581"/>
							<String ID="string_24" HPOS="604" VPOS="354" WIDTH="171" HEIGHT="36" WC="0.95" CONTENT="angående"/><SP WIDTH="24" VPOS="354" HPOS="775"/>
							<String ID="string_25" HPOS="799" VPOS="355" WIDTH="252" HEIGHT="35" WC="0.96" CONTENT="förvaltningen"/><SP WIDTH="23" VPOS="355" HPOS="1051"/>
							<String ID="string_26" HPOS="1074" VPOS="365" WIDTH="42" HEIGHT="20" WC="0.96" CONTENT="av"/><SP WIDTH="24" VPOS="365" HPOS="1116"/>
							<String ID="string_27" HPOS="1140" VPOS="355" WIDTH="148" HEIGHT="36" WC="0.96" CONTENT="Askims,"/><SP WIDTH="24" VPOS="355" HPOS="1288"/>
							<String ID="string_28" HPOS="1312" VPOS="355" WIDTH="120" HEIGHT="32" WC="0.96" CONTENT="Västra"/><SP WIDTH="24" VPOS="355" HPOS="1432"/>
							<String ID="string_29" HPOS="1456" VPOS="356" WIDTH="60" HEIGHT="31" WC="0.96" CONTENT="och"/><SP WIDTH="24" VPOS="356" HPOS="1516"/>
							<String ID="string_30" HPOS="1540" VPOS="355" WIDTH="93" HEIGHT="33" WC="0.96" CONTENT="Östra"/><SP WIDTH="24" VPOS="355" HPOS="1633"/>
							<String ID="string_31" HPOS="1657" VPOS="357" WIDTH="141" HEIGHT="35" WC="0.95" CONTENT="Hisings"/>
						</TextLine>
						<TextLine ID="line_4" HPOS="300" VPOS="406" WIDTH="606" HEIGHT="35">
							<String ID="string_32" HPOS="300" VPOS="408" WIDTH="86" HEIGHT="29" WC="0.93" CONTENT="samt"/><SP WIDTH="24" VPOS="408" HPOS="386"/>
							<String ID="string_33" HPOS="410" VPOS="406" WIDTH="158" HEIGHT="31" WC="0.87" CONTENT="Sävedals"/><SP WIDTH="23" VPOS="406" HPOS="568"/>
							<String ID="string_34" HPOS="591" VPOS="406" WIDTH="122" HEIGHT="31" WC="0.96" CONTENT="härads"/><SP WIDTH="23" VPOS="406" HPOS="713"/>
							<String ID="string_35" HPOS="736" VPOS="406" WIDTH="170" HEIGHT="35" WC="0.87" CONTENT="domsaga;"/>
						</TextLine>
					</TextBlock>
					<TextBlock ID="block_3" HPOS="343" VPOS="458" WIDTH="810" HEIGHT="37">
						<TextLine ID="line_5" HPOS="343" VPOS="458" WIDTH="810" HEIGHT="37">
							<String ID="string_36" HPOS="343" VPOS="458" WIDTH="62" HEIGHT="31" WC="0.96" CONTENT="den"/><SP WIDTH="24" VPOS="458" HPOS="405"/>
							<String ID="string_37" HPOS="429" VPOS="459" WIDTH="39" HEIGHT="30" WC="0.96" CONTENT="21"/><SP WIDTH="26" VPOS="459" HPOS="468"/>
							<String ID="string_38" HPOS="494" VPOS="458" WIDTH="181" HEIGHT="37" WC="0.96" CONTENT="september"/><SP WIDTH="22" VPOS="458" HPOS="675"/>
							<String ID="string_39" HPOS="697" VPOS="459" WIDTH="170" HEIGHT="35" WC="0.96" CONTENT="angående"/><SP WIDTH="23" VPOS="459" HPOS="867"/>
							<String ID="string_40" HPOS="890" VPOS="469" WIDTH="128" HEIGHT="21" WC="0.95" CONTENT="samma"/><SP WIDTH="23" VPOS="469" HPOS="1018"/>
							<String ID="string_41" HPOS="1041" VPOS="461" WIDTH="112" HEIGHT="33" WC="0.96" CONTENT="ämne;"/>
						</TextLine>
					</TextBlock>
					<TextBlock ID="block_4" HPOS="299" VPOS="511" WIDTH="1498" HEIGHT="140">
						<TextLine ID="line_6" HPOS="343" VPOS="511" WIDTH="1453" HEIGHT="37">
							<String ID="string_42" HPOS="343" VPOS="511" WIDTH="62" HEIGHT="31" WC="0.96" CONTENT="den"/><SP WIDTH="24" VPOS="511" HPOS="405"/>
							<String ID="string_43" HPOS="429" VPOS="512" WIDTH="18" HEIGHT="29" WC="0.84" CONTENT="5"/><SP WIDTH="24" VPOS="512" HPOS="447"/>
							<String ID="string_44" HPOS="471" VPOS="511" WIDTH="74" HEIGHT="36" WC="0.96" CONTENT="juni"/><SP WIDTH="28" VPOS="511" HPOS="545"/>
							<String ID="string_45" HPOS="573" VPOS="511" WIDTH="170" HEIGHT="35" WC="0.96" CONTENT="angående"/><SP WIDTH="23" VPOS="511" HPOS="743"/>
							<String ID="string_46" HPOS="766" VPOS="511" WIDTH="193" HEIGHT="36" WC="0.96" CONTENT="skyldighet"/><SP WIDTH="28" VPOS="511" HPOS="959"/>
							<String ID="string_47" HPOS="987" VPOS="512" WIDTH="50" HEIGHT="30" WC="0.96" CONTENT="för"/><SP WIDTH="24" VPOS="512" HPOS="1037"/>
							<String ID="string_48" HPOS="1061" VPOS="511" WIDTH="139" HEIGHT="31" WC="0.96" CONTENT="domstol"/><SP WIDTH="24" VPOS="511" HPOS="1200"/>
							<String ID="string_49" HPOS="1224" VPOS="513" WIDTH="50" HEIGHT="29" WC="0.96" CONTENT="att"/><SP WIDTH="24" VPOS="513" HPOS="1274"/>
							<String ID="string_50" HPOS="1298" VPOS="513" WIDTH="11" HEIGHT="29" WC="0.96" CONTENT="i"/><SP WIDTH="24" VPOS="513" HPOS="1309"/>
							<String ID="string_51" HPOS="1333" VPOS="513" WIDTH="77" HEIGHT="35" WC="0.96" CONTENT="mål,"/><SP WIDTH="25" VPOS="513" HPOS="1410"/>
							<String ID="string_52" HPOS="1435" VPOS="513" WIDTH="73" HEIGHT="30" WC="0.93" CONTENT="vari"/><SP WIDTH="25" VPOS="513" HPOS="1508"/>
							<String ID="string_53" HPOS="1533" VPOS="513" WIDTH="187" HEIGHT="31" WC="0.92" CONTENT="förordnats"/><SP WIDTH="23" VPOS="513" HPOS="1720"/>
							<String ID="string_54" HPOS="1743" VPOS="523" WIDTH="53" HEIGHT="21" WC="0.97" CONTENT="om"/>
						</TextLine>
						<TextLine ID="line_7" HPOS="300" VPOS="562" WIDTH="1497" HEIGHT="40">
							<String ID="string_55" HPOS="300" VPOS="562" WIDTH="268" HEIGHT="32" WC="0.68" CONTENT="rättsmedicinsk"/><SP WIDTH="34" VPOS="562" HPOS="568"/>
							<String ID="string_56" HPOS="602" VPOS="563" WIDTH="183" HEIGHT="31" WC="0.92" CONTENT="obduktion"/><SP WIDTH="23" VPOS="563" HPOS="785"/>
							<String ID="string_57" HPOS="808" VPOS="565" WIDTH="20" HEIGHT="29" WC="0.92" CONTENT="å"/><SP WIDTH="23" VPOS="565" HPOS="828"/>
							<String ID="string_58" HPOS="851" VPOS="564" WIDTH="63" HEIGHT="30" WC="0.96" CONTENT="död"/><SP WIDTH="28" VPOS="564" HPOS="914"/>
							<String ID="string_59" HPOS="942" VPOS="565" WIDTH="194" HEIGHT="30" WC="0.96" CONTENT="människas"/><SP WIDTH="23" VPOS="565" HPOS="1136"/>
							<String ID="string_60" HPOS="1159" VPOS="564" WIDTH="115" HEIGHT="36" WC="0.93" CONTENT="kropp,"/><SP WIDTH="24" VPOS="564" HPOS="1274"/>
							<String ID="string_61" HPOS="1298" VPOS="565" WIDTH="121" HEIGHT="31" WC="0.92" CONTENT="avbida"/><SP WIDTH="23" VPOS="565" HPOS="1419"/>
							<String ID="string_62" HPOS="1442" VPOS="565" WIDTH="355" HEIGHT="37" WC="0.90" CONTENT="medicinalstyrelsens"/>
						</TextLine>
						<TextLine ID="line_8" HPOS="299" VPOS="615" WIDTH="593" HEIGHT="36">
							<String ID="string_63" HPOS="299" VPOS="615" WIDTH="164" HEIGHT="36" WC="0.95" CONTENT="yttrande,"/><SP WIDTH="25" VPOS="615" HPOS="463"/>
							<String ID="string_64" HPOS="488" VPOS="616" WIDTH="104" HEIGHT="30" WC="0.96" CONTENT="innan"/><SP WIDTH="24" VPOS="616" HPOS="592"/>
							<String ID="string_65" HPOS="616" VPOS="616" WIDTH="101" HEIGHT="31" WC="0.93" CONTENT="målet"/><SP WIDTH="23" VPOS="616" HPOS="717"/>
							<String ID="string_66" HPOS="740" VPOS="618" WIDTH="152" HEIGHT="33" WC="0.91" CONTENT="avgöres;"/>
						</TextLine>
					</TextBlock>
					<TextBlock ID="block_5" HPOS="300" VPOS="668" WIDTH="1496" HEIGHT="89">
						<TextLine ID="line_9" HPOS="342" VPOS="668" WIDTH="1454" HEIGHT="37">
							<String ID="string_67" HPOS="342" VPOS="668" WIDTH="63" HEIGHT="31" WC="0.96" CONTENT="den"/><SP WIDTH="35" VPOS="668" HPOS="405"/>
							<String ID="string_68" HPOS="440" VPOS="669" WIDTH="40" HEIGHT="30" WC="0.96" CONTENT="12"/><SP WIDTH="35" VPOS="669" HPOS="480"/>
							<String ID="string_69" HPOS="515" VPOS="668" WIDTH="75" HEIGHT="37" WC="0.96" CONTENT="juni"/><SP WIDTH="34" VPOS="668" HPOS="590"/>
							<String ID="string_70" HPOS="624" VPOS="668" WIDTH="170" HEIGHT="36" WC="0.96" CONTENT="angående"/><SP WIDTH="35" VPOS="668" HPOS="794"/>
							<String ID="string_71" HPOS="829" VPOS="668" WIDTH="119" HEIGHT="31" WC="0.96" CONTENT="förbud"/><SP WIDTH="36" VPOS="668" HPOS="948"/>
							<String ID="string_72" HPOS="984" VPOS="670" WIDTH="67" HEIGHT="29" WC="0.92" CONTENT="mot"/><SP WIDTH="31" VPOS="670" HPOS="1051"/>
							<String ID="string_73" HPOS="1082" VPOS="669" WIDTH="240" HEIGHT="36" WC="0.91" CONTENT="efterbildning"/><SP WIDTH="22" VPOS="669" HPOS="1322"/>
							<String ID="string_74" HPOS="1344" VPOS="679" WIDTH="43" HEIGHT="21" WC="0.96" CONTENT="av"/><SP WIDTH="24" VPOS="679" HPOS="1387"/>
							<String ID="string_75" HPOS="1411" VPOS="670" WIDTH="218" HEIGHT="32" WC="0.96" CONTENT="riksbankens"/><SP WIDTH="24" VPOS="670" HPOS="1629"/>
							<String ID="string_76" HPOS="1653" VPOS="671" WIDTH="108" HEIGHT="31" WC="0.96" CONTENT="sedlar"/><SP WIDTH="24" VPOS="671" HPOS="1761"/>
							<String ID="string_77" HPOS="1785" VPOS="672" WIDTH="11" HEIGHT="29" WC="0.96" CONTENT="i"/>
						</TextLine>
						<TextLine ID="line_10" HPOS="300" VPOS="721" WIDTH="366" HEIGHT="36">
							<String ID="string_78" HPOS="300" VPOS="721" WIDTH="214" HEIGHT="36" WC="0.93" CONTENT="reklamsyfte"/><SP WIDTH="23" VPOS="721" HPOS="514"/>
							<String ID="string_79" HPOS="537" VPOS="731" WIDTH="43" HEIGHT="20" WC="0.92" CONTENT="m."/><SP WIDTH="26" VPOS="731" HPOS="580"/>
							<String ID="string_80" HPOS="606" VPOS="731" WIDTH="60" HEIGHT="25" WC="0.92" CONTENT="m.;"/>
						</TextLine>
					</TextBlock>
					<TextBlock ID="block_6" HPOS="298" VPOS="773" WIDTH="1498" HEIGHT="193">
						<TextLine ID="line_11" HPOS="342" VPOS="773" WIDTH="1453" HEIGHT="37">
							<String ID="string_81" HPOS="342" VPOS="773" WIDTH="62" HEIGHT="31" WC="0.96" CONTENT="den"/><SP WIDTH="33" VPOS="773" HPOS="404"/>
							<String ID="string_82" HPOS="437" VPOS="774" WIDTH="40" HEIGHT="30" WC="0.96" CONTENT="20"/><SP WIDTH="34" VPOS="774" HPOS="477"/>
							<String ID="string_83" HPOS="511" VPOS="773" WIDTH="74" HEIGHT="37" WC="0.95" CONTENT="juni"/><SP WIDTH="23" VPOS="773" HPOS="585"/>
							<String ID="string_84" HPOS="608" VPOS="773" WIDTH="170" HEIGHT="36" WC="0.96" CONTENT="angående"/><SP WIDTH="24" VPOS="773" HPOS="778"/>
							<String ID="string_85" HPOS="802" VPOS="773" WIDTH="190" HEIGHT="36" WC="0.96" CONTENT="skyldighet"/><SP WIDTH="24" VPOS="773" HPOS="992"/>
							<String ID="string_86" HPOS="1016" VPOS="774" WIDTH="50" HEIGHT="30" WC="0.93" CONTENT="för"/><SP WIDTH="22" VPOS="774" HPOS="1066"/>
							<String ID="string_87" HPOS="1088" VPOS="774" WIDTH="283" HEIGHT="31" WC="0.91" CONTENT="konkursdomare"/><SP WIDTH="22" VPOS="774" HPOS="1371"/>
							<String ID="string_88" HPOS="1393" VPOS="776" WIDTH="50" HEIGHT="30" WC="0.96" CONTENT="att"/><SP WIDTH="24" VPOS="776" HPOS="1443"/>
							<String ID="string_89" HPOS="1467" VPOS="775" WIDTH="57" HEIGHT="30" WC="0.93" CONTENT="vid"/><SP WIDTH="25" VPOS="775" HPOS="1524"/>
							<String ID="string_90" HPOS="1549" VPOS="775" WIDTH="246" HEIGHT="31" WC="0.92" CONTENT="översändande"/>
						</TextLine>
						<TextLine ID="line_12" HPOS="299" VPOS="826" WIDTH="1497" HEIGHT="37">
							<String ID="string_91" HPOS="299" VPOS="826" WIDTH="52" HEIGHT="30" WC="0.92" CONTENT="till"/><SP WIDTH="24" VPOS="826" HPOS="351"/>
							<String ID="string_92" HPOS="375" VPOS="826" WIDTH="369" HEIGHT="36" WC="0.90" CONTENT="inskrivningsdomare"/><SP WIDTH="23" VPOS="826" HPOS="744"/>
							<String ID="string_93" HPOS="767" VPOS="836" WIDTH="43" HEIGHT="20" WC="0.96" CONTENT="av"/><SP WIDTH="23" VPOS="836" HPOS="810"/>
							<String ID="string_94" HPOS="833" VPOS="826" WIDTH="124" HEIGHT="30" WC="0.96" CONTENT="sådana"/><SP WIDTH="23" VPOS="826" HPOS="957"/>
							<String ID="string_95" HPOS="980" VPOS="826" WIDTH="202" HEIGHT="35" WC="0.96" CONTENT="handlingar"/><SP WIDTH="24" VPOS="826" HPOS="1182"/>
							<String ID="string_96" HPOS="1206" VPOS="827" WIDTH="140" HEIGHT="30" WC="0.96" CONTENT="rörande"/><SP WIDTH="23" VPOS="827" HPOS="1346"/>
							<String ID="string_97" HPOS="1369" VPOS="827" WIDTH="64" HEIGHT="30" WC="0.96" CONTENT="fast"/><SP WIDTH="22" VPOS="827" HPOS="1433"/>
							<String ID="string_98" HPOS="1455" VPOS="827" WIDTH="170" HEIGHT="36" WC="0.96" CONTENT="egendom,"/><SP WIDTH="17" VPOS="827" HPOS="1625"/>
							<String ID="string_99" HPOS="1642" VPOS="838" WIDTH="70" HEIGHT="20" WC="0.91" CONTENT="som"/><SP WIDTH="17" VPOS="838" HPOS="1712"/>
							<String ID="string_100" HPOS="1729" VPOS="837" WIDTH="67" HEIGHT="21" WC="0.91" CONTENT="om-"/>
						</TextLine>
						<TextLine ID="line_13" HPOS="299" VPOS="878" WIDTH="1496" HEIGHT="39">
							<String ID="string_101" HPOS="299" VPOS="878" WIDTH="159" HEIGHT="31" WC="0.90" CONTENT="förmälas"/><SP WIDTH="23" VPOS="878" HPOS="458"/>
							<String ID="string_102" HPOS="481" VPOS="879" WIDTH="11" HEIGHT="29" WC="0.96" CONTENT="i"/><SP WIDTH="25" VPOS="879" HPOS="492"/>
							<String ID="string_103" HPOS="517" VPOS="879" WIDTH="39" HEIGHT="30" WC="0.90" CONTENT="21"/><SP WIDTH="25" VPOS="879" HPOS="556"/>
							<String ID="string_104" HPOS="581" VPOS="879" WIDTH="18" HEIGHT="38" WC="0.84" CONTENT="$"/><SP WIDTH="22" VPOS="879" HPOS="599"/>
							<String ID="string_105" HPOS="621" VPOS="879" WIDTH="259" HEIGHT="35" WC="0.91" CONTENT="konkurslagen,"/><SP WIDTH="31" VPOS="879" HPOS="880"/>
							<String ID="string_106" HPOS="911" VPOS="878" WIDTH="97" HEIGHT="36" WC="0.96" CONTENT="tillse,"/><SP WIDTH="24" VPOS="878" HPOS="1008"/>
							<String ID="string_107" HPOS="1032" VPOS="880" WIDTH="48" HEIGHT="29" WC="0.96" CONTENT="att"/><SP WIDTH="24" VPOS="880" HPOS="1080"/>
							<String ID="string_108" HPOS="1104" VPOS="888" WIDTH="174" HEIGHT="26" WC="0.96" CONTENT="noggrann"/><SP WIDTH="25" VPOS="888" HPOS="1278"/>
							<String ID="string_109" HPOS="1303" VPOS="879" WIDTH="132" HEIGHT="36" WC="0.96" CONTENT="uppgift"/><SP WIDTH="24" VPOS="879" HPOS="1435"/>
							<String ID="string_110" HPOS="1459" VPOS="880" WIDTH="128" HEIGHT="30" WC="0.96" CONTENT="lämnas"/><SP WIDTH="23" VPOS="880" HPOS="1587"/>
							<String ID="string_111" HPOS="1610" VPOS="890" WIDTH="54" HEIGHT="20" WC="0.93" CONTENT="om"/><SP WIDTH="17" VPOS="890" HPOS="1664"/>
							<String ID="string_112" HPOS="1681" VPOS="880" WIDTH="114" HEIGHT="34" WC="0.91" CONTENT="fastig-"/>
						</TextLine>
						<TextLine ID="line_14" HPOS="298" VPOS="925" WIDTH="866" HEIGHT="41">
							<String ID="string_113" HPOS="298" VPOS="931" WIDTH="113" HEIGHT="30" WC="0.96" CONTENT="hetens"/><SP WIDTH="23" VPOS="931" HPOS="411"/>
							<String ID="string_114" HPOS="434" VPOS="940" WIDTH="104" HEIGHT="21" WC="0.96" CONTENT="namn"/><SP WIDTH="24" VPOS="940" HPOS="538"/>
							<String ID="string_115" HPOS="562" VPOS="930" WIDTH="59" HEIGHT="31" WC="0.96" CONTENT="och"/><SP WIDTH="24" VPOS="930" HPOS="621"/>
							<String ID="string_116" HPOS="645" VPOS="925" WIDTH="199" HEIGHT="41" WC="0.96" CONTENT="beteckning"/><SP WIDTH="23" VPOS="925" HPOS="844"/>
							<String ID="string_117" HPOS="867" VPOS="931" WIDTH="10" HEIGHT="29" WC="0.96" CONTENT="i"/><SP WIDTH="25" VPOS="931" HPOS="877"/>
							<String ID="string_118" HPOS="902" VPOS="931" WIDTH="112" HEIGHT="35" WC="0.93" CONTENT="övrigt"/><SP WIDTH="24" VPOS="931" HPOS="1014"/>
							<String ID="string_119" HPOS="1038" VPOS="941" WIDTH="42" HEIGHT="20" WC="0.92" CONTENT="m."/><SP WIDTH="24" VPOS="941" HPOS="1080"/>
							<String ID="string_120" HPOS="1104" VPOS="940" WIDTH="60" HEIGHT="25" WC="0.92" CONTENT="m.;"/>
						</TextLine>
					</TextBlock>
					<TextBlock ID="block_7" HPOS="299" VPOS="982" WIDTH="1496" HEIGHT="90">
						<TextLine ID="line_15" HPOS="342" VPOS="982" WIDTH="1453" HEIGHT="37">
							<String ID="string_121" HPOS="342" VPOS="983" WIDTH="62" HEIGHT="31" WC="0.96" CONTENT="den"/><SP WIDTH="36" VPOS="983" HPOS="404"/>
							<String ID="string_122" HPOS="440" VPOS="982" WIDTH="39" HEIGHT="31" WC="0.96" CONTENT="26"/><SP WIDTH="35" VPOS="982" HPOS="479"/>
							<String ID="string_123" HPOS="514" VPOS="983" WIDTH="75" HEIGHT="35" WC="0.90" CONTENT="juni"/><SP WIDTH="34" VPOS="983" HPOS="589"/>
							<String ID="string_124" HPOS="623" VPOS="982" WIDTH="171" HEIGHT="36" WC="0.95" CONTENT="angående"/><SP WIDTH="34" VPOS="982" HPOS="794"/>
							<String ID="string_125" HPOS="828" VPOS="982" WIDTH="145" HEIGHT="36" WC="0.96" CONTENT="ändring"/><SP WIDTH="30" VPOS="982" HPOS="973"/>
							<String ID="string_126" HPOS="1003" VPOS="993" WIDTH="42" HEIGHT="20" WC="0.96" CONTENT="av"/><SP WIDTH="25" VPOS="993" HPOS="1045"/>
							<String ID="string_127" HPOS="1070" VPOS="983" WIDTH="288" HEIGHT="31" WC="0.96" CONTENT="bestämmelserna"/><SP WIDTH="23" VPOS="983" HPOS="1358"/>
							<String ID="string_128" HPOS="1381" VPOS="994" WIDTH="53" HEIGHT="20" WC="0.93" CONTENT="om"/><SP WIDTH="24" VPOS="994" HPOS="1434"/>
							<String ID="string_129" HPOS="1458" VPOS="984" WIDTH="302" HEIGHT="35" WC="0.92" CONTENT="gåvobeskattning"/><SP WIDTH="24" VPOS="984" HPOS="1760"/>
							<String ID="string_130" HPOS="1784" VPOS="985" WIDTH="11" HEIGHT="29" WC="0.96" CONTENT="i"/>
						</TextLine>
						<TextLine ID="line_16" HPOS="299" VPOS="1035" WIDTH="1495" HEIGHT="37">
							<String ID="string_131" HPOS="299" VPOS="1036" WIDTH="116" HEIGHT="35" WC="0.96" CONTENT="kungl."/><SP WIDTH="26" VPOS="1036" HPOS="415"/>
							<String ID="string_132" HPOS="441" VPOS="1035" WIDTH="239" HEIGHT="35" WC="0.96" CONTENT="förordningen"/><SP WIDTH="24" VPOS="1035" HPOS="680"/>
							<String ID="string_133" HPOS="704" VPOS="1035" WIDTH="62" HEIGHT="31" WC="0.96" CONTENT="den"/><SP WIDTH="26" VPOS="1035" HPOS="766"/>
							<String ID="string_134" HPOS="792" VPOS="1035" WIDTH="39" HEIGHT="30" WC="0.96" CONTENT="19"/><SP WIDTH="25" VPOS="1035" HPOS="831"/>
							<String ID="string_135" HPOS="856" VPOS="1035" WIDTH="178" HEIGHT="30" WC="0.96" CONTENT="november"/><SP WIDTH="25" VPOS="1035" HPOS="1034"/>
							<String ID="string_136" HPOS="1059" VPOS="1035" WIDTH="81" HEIGHT="31" WC="0.96" CONTENT="1914"/><SP WIDTH="25" VPOS="1035" HPOS="1140"/>
							<String ID="string_137" HPOS="1165" VPOS="1045" WIDTH="53" HEIGHT="21" WC="0.91" CONTENT="om"/><SP WIDTH="24" VPOS="1045" HPOS="1218"/>
							<String ID="string_138" HPOS="1242" VPOS="1036" WIDTH="167" HEIGHT="31" WC="0.91" CONTENT="arvsskatt"/><SP WIDTH="23" VPOS="1036" HPOS="1409"/>
							<String ID="string_139" HPOS="1432" VPOS="1037" WIDTH="61" HEIGHT="30" WC="0.96" CONTENT="och"/><SP WIDTH="23" VPOS="1037" HPOS="1493"/>
							<String ID="string_140" HPOS="1516" VPOS="1037" WIDTH="88" HEIGHT="30" WC="0.96" CONTENT="skatt"/><SP WIDTH="21" VPOS="1037" HPOS="1604"/>
							<String ID="string_141" HPOS="1625" VPOS="1037" WIDTH="51" HEIGHT="30" WC="0.96" CONTENT="för"/><SP WIDTH="16" VPOS="1037" HPOS="1676"/>
							<String ID="string_142" HPOS="1692" VPOS="1038" WIDTH="102" HEIGHT="34" WC="0.96" CONTENT="gåva;"/>
						</TextLine>
					</TextBlock>
					<TextBlock ID="block_8" HPOS="342" VPOS="1087" WIDTH="1453" HEIGHT="37">
						<TextLine ID="line_17" HPOS="342" VPOS="1087" WIDTH="1453" HEIGHT="37">
							<String ID="string_143" HPOS="342" VPOS="1089" WIDTH="63" HEIGHT="30" WC="0.96" CONTENT="den"/><SP WIDTH="26" VPOS="1089" HPOS="405"/>
							<String ID="string_144" HPOS="431" VPOS="1088" WIDTH="17" HEIGHT="30" WC="0.96" CONTENT="6"/><SP WIDTH="25" VPOS="1088" HPOS="448"/>
							<String ID="string_145" HPOS="473" VPOS="1088" WIDTH="180" HEIGHT="35" WC="0.95" CONTENT="september"/><SP WIDTH="22" VPOS="1088" HPOS="653"/>
							<String ID="string_146" HPOS="675" VPOS="1087" WIDTH="170" HEIGHT="36" WC="0.93" CONTENT="angående"/><SP WIDTH="23" VPOS="1087" HPOS="845"/>
							<String ID="string_147" HPOS="868" VPOS="1087" WIDTH="223" HEIGHT="36" WC="0.91" CONTENT="omreglering"/><SP WIDTH="23" VPOS="1087" HPOS="1091"/>
							<String ID="string_148" HPOS="1114" VPOS="1097" WIDTH="42" HEIGHT="21" WC="0.96" CONTENT="av"/><SP WIDTH="24" VPOS="1097" HPOS="1156"/>
							<String ID="string_149" HPOS="1180" VPOS="1088" WIDTH="140" HEIGHT="31" WC="0.96" CONTENT="Inlands"/><SP WIDTH="23" VPOS="1088" HPOS="1320"/>
							<String ID="string_150" HPOS="1343" VPOS="1089" WIDTH="119" HEIGHT="31" WC="0.93" CONTENT="härads"/><SP WIDTH="23" VPOS="1089" HPOS="1462"/>
							<String ID="string_151" HPOS="1485" VPOS="1099" WIDTH="43" HEIGHT="20" WC="0.92" CONTENT="m."/><SP WIDTH="19" VPOS="1099" HPOS="1528"/>
							<String ID="string_152" HPOS="1547" VPOS="1089" WIDTH="32" HEIGHT="30" WC="0.96" CONTENT="fl."/><SP WIDTH="25" VPOS="1089" HPOS="1579"/>
							<String ID="string_153" HPOS="1604" VPOS="1089" WIDTH="191" HEIGHT="35" WC="0.95" CONTENT="domsagor;"/>
						</TextLine>
					</TextBlock>
					<TextBlock ID="block_9" HPOS="298" VPOS="1139" WIDTH="1495" HEIGHT="96">
						<TextLine ID="line_18" HPOS="342" VPOS="1139" WIDTH="1451" HEIGHT="37">
							<String ID="string_154" HPOS="342" VPOS="1141" WIDTH="62" HEIGHT="30" WC="0.95" CONTENT="den"/><SP WIDTH="36" VPOS="1141" HPOS="404"/>
							<String ID="string_155" HPOS="440" VPOS="1141" WIDTH="40" HEIGHT="30" WC="0.95" CONTENT="14"/><SP WIDTH="35" VPOS="1141" HPOS="480"/>
							<String ID="string_156" HPOS="515" VPOS="1140" WIDTH="177" HEIGHT="30" WC="0.96" CONTENT="november"/><SP WIDTH="34" VPOS="1140" HPOS="692"/>
							<String ID="string_157" HPOS="726" VPOS="1139" WIDTH="169" HEIGHT="36" WC="0.96" CONTENT="angående"/><SP WIDTH="35" VPOS="1139" HPOS="895"/>
							<String ID="string_158" HPOS="930" VPOS="1140" WIDTH="234" HEIGHT="35" WC="0.96" CONTENT="omskrivning"/><SP WIDTH="34" VPOS="1140" HPOS="1164"/>
							<String ID="string_159" HPOS="1198" VPOS="1150" WIDTH="43" HEIGHT="20" WC="0.93" CONTENT="av"/><SP WIDTH="36" VPOS="1150" HPOS="1241"/>
							<String ID="string_160" HPOS="1277" VPOS="1140" WIDTH="337" HEIGHT="36" WC="0.88" CONTENT="fastighetsböckerna"/><SP WIDTH="28" VPOS="1140" HPOS="1614"/>
							<String ID="string_161" HPOS="1642" VPOS="1142" WIDTH="11" HEIGHT="29" WC="0.96" CONTENT="i"/><SP WIDTH="26" VPOS="1142" HPOS="1653"/>
							<String ID="string_162" HPOS="1679" VPOS="1141" WIDTH="114" HEIGHT="30" WC="0.96" CONTENT="Frosta"/>
						</TextLine>
						<TextLine ID="line_19" HPOS="298" VPOS="1193" WIDTH="1074" HEIGHT="42">
							<String ID="string_163" HPOS="298" VPOS="1193" WIDTH="162" HEIGHT="35" WC="0.91" CONTENT="tingslag;"/><SP WIDTH="908" VPOS="1193" HPOS="460"/>
							<String ID="string_164" HPOS="1368" VPOS="1231" WIDTH="4" HEIGHT="4" WC="0.56" CONTENT="|"/>
						</TextLine>
					</TextBlock>
					<TextBlock ID="block_10" HPOS="292" VPOS="1244" WIDTH="1502" HEIGHT="194">
						<TextLine ID="line_20" HPOS="341" VPOS="1244" WIDTH="1452" HEIGHT="37">
							<String ID="string_165" HPOS="341" VPOS="1246" WIDTH="62" HEIGHT="30" WC="0.96" CONTENT="den"/><SP WIDTH="30" VPOS="1246" HPOS="403"/>
							<String ID="string_166" HPOS="433" VPOS="1247" WIDTH="39" HEIGHT="29" WC="0.96" CONTENT="11"/><SP WIDTH="25" VPOS="1247" HPOS="472"/>
							<String ID="string_167" HPOS="497" VPOS="1245" WIDTH="168" HEIGHT="31" WC="0.95" CONTENT="december"/><SP WIDTH="23" VPOS="1245" HPOS="665"/>
							<String ID="string_168" HPOS="688" VPOS="1244" WIDTH="170" HEIGHT="36" WC="0.96" CONTENT="angående"/><SP WIDTH="24" VPOS="1244" HPOS="858"/>
							<String ID="string_169" HPOS="882" VPOS="1244" WIDTH="111" HEIGHT="31" WC="0.96" CONTENT="forum"/><SP WIDTH="24" VPOS="1244" HPOS="993"/>
							<String ID="string_170" HPOS="1017" VPOS="1244" WIDTH="52" HEIGHT="31" WC="0.96" CONTENT="för"/><SP WIDTH="23" VPOS="1244" HPOS="1069"/>
							<String ID="string_171" HPOS="1092" VPOS="1245" WIDTH="68" HEIGHT="30" WC="0.96" CONTENT="mål"/><SP WIDTH="24" VPOS="1245" HPOS="1160"/>
							<String ID="string_172" HPOS="1184" VPOS="1244" WIDTH="142" HEIGHT="31" WC="0.96" CONTENT="rörande"/><SP WIDTH="23" VPOS="1244" HPOS="1326"/>
							<String ID="string_173" HPOS="1349" VPOS="1245" WIDTH="237" HEIGHT="31" WC="0.96" CONTENT="överträdelser"/><SP WIDTH="23" VPOS="1245" HPOS="1586"/>
							<String ID="string_174" HPOS="1609" VPOS="1255" WIDTH="43" HEIGHT="21" WC="0.96" CONTENT="av"/><SP WIDTH="24" VPOS="1255" HPOS="1652"/>
							<String ID="string_175" HPOS="1676" VPOS="1246" WIDTH="117" HEIGHT="35" WC="0.96" CONTENT="kungl."/>
						</TextLine>
						<TextLine ID="line_21" HPOS="298" VPOS="1296" WIDTH="1496" HEIGHT="37">
							<String ID="string_176" HPOS="298" VPOS="1297" WIDTH="237" HEIGHT="36" WC="0.95" CONTENT="förordningen"/><SP WIDTH="33" VPOS="1297" HPOS="535"/>
							<String ID="string_177" HPOS="568" VPOS="1297" WIDTH="62" HEIGHT="31" WC="0.96" CONTENT="den"/><SP WIDTH="26" VPOS="1297" HPOS="630"/>
							<String ID="string_178" HPOS="656" VPOS="1297" WIDTH="18" HEIGHT="31" WC="0.96" CONTENT="9"/><SP WIDTH="24" VPOS="1297" HPOS="674"/>
							<String ID="string_179" HPOS="698" VPOS="1297" WIDTH="75" HEIGHT="36" WC="0.96" CONTENT="juni"/><SP WIDTH="33" VPOS="1297" HPOS="773"/>
							<String ID="string_180" HPOS="806" VPOS="1297" WIDTH="82" HEIGHT="30" WC="0.83" CONTENT="1905"/><SP WIDTH="29" VPOS="1297" HPOS="888"/>
							<String ID="string_181" HPOS="917" VPOS="1296" WIDTH="170" HEIGHT="36" WC="0.96" CONTENT="angående"/><SP WIDTH="23" VPOS="1296" HPOS="1087"/>
							<String ID="string_182" HPOS="1110" VPOS="1297" WIDTH="203" HEIGHT="36" WC="0.96" CONTENT="försäljning"/><SP WIDTH="22" VPOS="1297" HPOS="1313"/>
							<String ID="string_183" HPOS="1335" VPOS="1307" WIDTH="44" HEIGHT="20" WC="0.96" CONTENT="av"/><SP WIDTH="23" VPOS="1307" HPOS="1379"/>
							<String ID="string_184" HPOS="1402" VPOS="1297" WIDTH="167" HEIGHT="36" WC="0.93" CONTENT="tillagade,"/><SP WIDTH="23" VPOS="1297" HPOS="1569"/>
							<String ID="string_185" HPOS="1592" VPOS="1298" WIDTH="202" HEIGHT="30" WC="0.92" CONTENT="alkoholfria"/>
						</TextLine>
						<TextLine ID="line_22" HPOS="297" VPOS="1349" WIDTH="1497" HEIGHT="37">
							<String ID="string_186" HPOS="297" VPOS="1350" WIDTH="140" HEIGHT="36" WC="0.96" CONTENT="drycker"/><SP WIDTH="24" VPOS="1350" HPOS="437"/>
							<String ID="string_187" HPOS="461" VPOS="1351" WIDTH="85" HEIGHT="29" WC="0.96" CONTENT="samt"/><SP WIDTH="23" VPOS="1351" HPOS="546"/>
							<String ID="string_188" HPOS="569" VPOS="1349" WIDTH="200" HEIGHT="36" WC="0.96" CONTENT="svagdricka"/><SP WIDTH="23" VPOS="1349" HPOS="769"/>
							<String ID="string_189" HPOS="792" VPOS="1349" WIDTH="60" HEIGHT="30" WC="0.96" CONTENT="och"/><SP WIDTH="23" VPOS="1349" HPOS="852"/>
							<String ID="string_190" HPOS="875" VPOS="1349" WIDTH="117" HEIGHT="35" WC="0.94" CONTENT="kungl."/><SP WIDTH="26" VPOS="1349" HPOS="992"/>
							<String ID="string_191" HPOS="1018" VPOS="1349" WIDTH="239" HEIGHT="35" WC="0.96" CONTENT="förordningen"/><SP WIDTH="25" VPOS="1349" HPOS="1257"/>
							<String ID="string_192" HPOS="1282" VPOS="1349" WIDTH="62" HEIGHT="30" WC="0.96" CONTENT="den"/><SP WIDTH="25" VPOS="1349" HPOS="1344"/>
							<String ID="string_193" HPOS="1369" VPOS="1351" WIDTH="38" HEIGHT="29" WC="0.96" CONTENT="11"/><SP WIDTH="25" VPOS="1351" HPOS="1407"/>
							<String ID="string_194" HPOS="1432" VPOS="1350" WIDTH="74" HEIGHT="35" WC="0.96" CONTENT="juni"/><SP WIDTH="18" VPOS="1350" HPOS="1506"/>
							<String ID="string_195" HPOS="1524" VPOS="1350" WIDTH="82" HEIGHT="30" WC="0.96" CONTENT="1919"/><SP WIDTH="17" VPOS="1350" HPOS="1606"/>
							<String ID="string_196" HPOS="1623" VPOS="1350" WIDTH="171" HEIGHT="35" WC="0.95" CONTENT="angående"/>
						</TextLine>
						<TextLine ID="line_23" HPOS="292" VPOS="1401" WIDTH="551" HEIGHT="37">
							<String ID="string_197" HPOS="292" VPOS="1402" WIDTH="207" HEIGHT="36" WC="0.95" CONTENT="försäljning"/><SP WIDTH="22" VPOS="1402" HPOS="499"/>
							<String ID="string_198" HPOS="521" VPOS="1412" WIDTH="43" HEIGHT="20" WC="0.93" CONTENT="av"/><SP WIDTH="24" VPOS="1412" HPOS="564"/>
							<String ID="string_199" HPOS="588" VPOS="1401" WIDTH="255" HEIGHT="37" WC="0.91" CONTENT="pilsnerdricka;"/>
						</TextLine>
					</TextBlock>
					<TextBlock ID="block_11" HPOS="296" VPOS="1452" WIDTH="1497" HEIGHT="90">
						<TextLine ID="line_24" HPOS="340" VPOS="1452" WIDTH="1453" HEIGHT="37">
							<String ID="string_200" HPOS="340" VPOS="1455" WIDTH="63" HEIGHT="30" WC="0.96" CONTENT="den"/><SP WIDTH="24" VPOS="1455" HPOS="403"/>
							<String ID="string_201" HPOS="427" VPOS="1455" WIDTH="40" HEIGHT="29" WC="0.96" CONTENT="15"/><SP WIDTH="24" VPOS="1455" HPOS="467"/>
							<String ID="string_202" HPOS="491" VPOS="1454" WIDTH="167" HEIGHT="31" WC="0.96" CONTENT="december"/><SP WIDTH="23" VPOS="1454" HPOS="658"/>
							<String ID="string_203" HPOS="681" VPOS="1453" WIDTH="170" HEIGHT="36" WC="0.93" CONTENT="angående"/><SP WIDTH="24" VPOS="1453" HPOS="851"/>
							<String ID="string_204" HPOS="875" VPOS="1452" WIDTH="247" HEIGHT="32" WC="0.91" CONTENT="översändande"/><SP WIDTH="23" VPOS="1452" HPOS="1122"/>
							<String ID="string_205" HPOS="1145" VPOS="1463" WIDTH="44" HEIGHT="20" WC="0.96" CONTENT="av"/><SP WIDTH="23" VPOS="1463" HPOS="1189"/>
							<String ID="string_206" HPOS="1212" VPOS="1454" WIDTH="146" HEIGHT="30" WC="0.96" CONTENT="avskrift"/><SP WIDTH="23" VPOS="1454" HPOS="1358"/>
							<String ID="string_207" HPOS="1381" VPOS="1463" WIDTH="42" HEIGHT="20" WC="0.96" CONTENT="av"/><SP WIDTH="24" VPOS="1463" HPOS="1423"/>
							<String ID="string_208" HPOS="1447" VPOS="1454" WIDTH="150" HEIGHT="30" WC="0.96" CONTENT="hovrätts"/><SP WIDTH="23" VPOS="1454" HPOS="1597"/>
							<String ID="string_209" HPOS="1620" VPOS="1454" WIDTH="77" HEIGHT="30" WC="0.96" CONTENT="dom"/><SP WIDTH="16" VPOS="1454" HPOS="1697"/>
							<String ID="string_210" HPOS="1713" VPOS="1454" WIDTH="80" HEIGHT="30" WC="0.95" CONTENT="eller"/>
						</TextLine>
						<TextLine ID="line_25" HPOS="296" VPOS="1505" WIDTH="888" HEIGHT="37">
							<String ID="string_211" HPOS="296" VPOS="1508" WIDTH="112" HEIGHT="34" WC="0.96" CONTENT="utslag"/><SP WIDTH="23" VPOS="1508" HPOS="408"/>
							<String ID="string_212" HPOS="431" VPOS="1507" WIDTH="53" HEIGHT="30" WC="0.93" CONTENT="till"/><SP WIDTH="24" VPOS="1507" HPOS="484"/>
							<String ID="string_213" HPOS="508" VPOS="1506" WIDTH="184" HEIGHT="36" WC="0.91" CONTENT="underrätt,"/><SP WIDTH="24" VPOS="1506" HPOS="692"/>
							<String ID="string_214" HPOS="716" VPOS="1516" WIDTH="70" HEIGHT="20" WC="0.96" CONTENT="som"/><SP WIDTH="24" VPOS="1516" HPOS="786"/>
							<String ID="string_215" HPOS="810" VPOS="1506" WIDTH="11" HEIGHT="30" WC="0.96" CONTENT="i"/><SP WIDTH="24" VPOS="1506" HPOS="821"/>
							<String ID="string_216" HPOS="845" VPOS="1506" WIDTH="101" HEIGHT="30" WC="0.95" CONTENT="målet"/><SP WIDTH="23" VPOS="1506" HPOS="946"/>
							<String ID="string_217" HPOS="969" VPOS="1505" WIDTH="107" HEIGHT="35" WC="0.96" CONTENT="dömt;"/><SP WIDTH="23" VPOS="1505" HPOS="1076"/>
							<String ID="string_218" HPOS="1099" VPOS="1507" WIDTH="85" HEIGHT="29" WC="0.96" CONTENT="samt"/>
						</TextLine>
					</TextBlock>
					<TextBlock ID="block_12" HPOS="297" VPOS="1557" WIDTH="1497" HEIGHT="137">
						<TextLine ID="line_26" HPOS="340" VPOS="1557" WIDTH="1454" HEIGHT="37">
							<String ID="string_219" HPOS="340" VPOS="1559" WIDTH="62" HEIGHT="31" WC="0.96" CONTENT="den"/><SP WIDTH="36" VPOS="1559" HPOS="402"/>
							<String ID="string_220" HPOS="438" VPOS="1560" WIDTH="40" HEIGHT="30" WC="0.95" CONTENT="22"/><SP WIDTH="37" VPOS="1560" HPOS="478"/>
							<String ID="string_221" HPOS="515" VPOS="1559" WIDTH="169" HEIGHT="31" WC="0.96" CONTENT="december"/><SP WIDTH="34" VPOS="1559" HPOS="684"/>
							<String ID="string_222" HPOS="718" VPOS="1558" WIDTH="170" HEIGHT="36" WC="0.96" CONTENT="angående"/><SP WIDTH="23" VPOS="1558" HPOS="888"/>
							<String ID="string_223" HPOS="911" VPOS="1558" WIDTH="187" HEIGHT="35" WC="0.96" CONTENT="ersättning"/><SP WIDTH="23" VPOS="1558" HPOS="1098"/>
							<String ID="string_224" HPOS="1121" VPOS="1568" WIDTH="43" HEIGHT="20" WC="0.93" CONTENT="av"/><SP WIDTH="24" VPOS="1568" HPOS="1164"/>
							<String ID="string_225" HPOS="1188" VPOS="1557" WIDTH="189" HEIGHT="31" WC="0.91" CONTENT="statsmedel"/><SP WIDTH="23" VPOS="1557" HPOS="1377"/>
							<String ID="string_226" HPOS="1400" VPOS="1558" WIDTH="53" HEIGHT="30" WC="0.96" CONTENT="till"/><SP WIDTH="24" VPOS="1558" HPOS="1453"/>
							<String ID="string_227" HPOS="1477" VPOS="1557" WIDTH="282" HEIGHT="36" WC="0.96" CONTENT="polismyndighet"/><SP WIDTH="23" VPOS="1557" HPOS="1759"/>
							<String ID="string_228" HPOS="1782" VPOS="1558" WIDTH="12" HEIGHT="30" WC="0.96" CONTENT="i"/>
						</TextLine>
						<TextLine ID="line_27" HPOS="299" VPOS="1609" WIDTH="1494" HEIGHT="40">
							<String ID="string_229" HPOS="299" VPOS="1611" WIDTH="72" HEIGHT="31" WC="0.96" CONTENT="stad"/><SP WIDTH="35" VPOS="1611" HPOS="371"/>
							<String ID="string_230" HPOS="406" VPOS="1611" WIDTH="52" HEIGHT="30" WC="0.96" CONTENT="för"/><SP WIDTH="24" VPOS="1611" HPOS="458"/>
							<String ID="string_231" HPOS="482" VPOS="1612" WIDTH="68" HEIGHT="29" WC="0.91" CONTENT="viss"/><SP WIDTH="23" VPOS="1612" HPOS="550"/>
							<String ID="string_232" HPOS="573" VPOS="1611" WIDTH="256" HEIGHT="34" WC="0.91" CONTENT="handräckning"/><SP WIDTH="23" VPOS="1611" HPOS="829"/>
							<String ID="string_233" HPOS="852" VPOS="1611" WIDTH="105" HEIGHT="34" WC="0.96" CONTENT="enligt"/><SP WIDTH="25" VPOS="1611" HPOS="957"/>
							<String ID="string_234" HPOS="982" VPOS="1611" WIDTH="38" HEIGHT="30" WC="0.92" CONTENT="72"/><SP WIDTH="26" VPOS="1611" HPOS="1020"/>
							<String ID="string_235" HPOS="1046" VPOS="1609" WIDTH="17" HEIGHT="40" WC="0.81" CONTENT="$"/><SP WIDTH="26" VPOS="1609" HPOS="1063"/>
							<String ID="string_236" HPOS="1089" VPOS="1610" WIDTH="10" HEIGHT="30" WC="0.96" CONTENT="i"/><SP WIDTH="24" VPOS="1610" HPOS="1099"/>
							<String ID="string_237" HPOS="1123" VPOS="1610" WIDTH="98" HEIGHT="35" WC="0.96" CONTENT="lagen"/><SP WIDTH="24" VPOS="1610" HPOS="1221"/>
							<String ID="string_238" HPOS="1245" VPOS="1609" WIDTH="64" HEIGHT="31" WC="0.96" CONTENT="den"/><SP WIDTH="24" VPOS="1609" HPOS="1309"/>
							<String ID="string_239" HPOS="1333" VPOS="1611" WIDTH="40" HEIGHT="29" WC="0.96" CONTENT="14"/><SP WIDTH="24" VPOS="1611" HPOS="1373"/>
							<String ID="string_240" HPOS="1397" VPOS="1610" WIDTH="75" HEIGHT="35" WC="0.96" CONTENT="juni"/><SP WIDTH="24" VPOS="1610" HPOS="1472"/>
							<String ID="string_241" HPOS="1496" VPOS="1610" WIDTH="82" HEIGHT="30" WC="0.96" CONTENT="1918"/><SP WIDTH="25" VPOS="1610" HPOS="1578"/>
							<String ID="string_242" HPOS="1603" VPOS="1619" WIDTH="53" HEIGHT="21" WC="0.93" CONTENT="om"/><SP WIDTH="24" VPOS="1619" HPOS="1656"/>
							<String ID="string_243" HPOS="1680" VPOS="1610" WIDTH="113" HEIGHT="35" WC="0.91" CONTENT="fattig-"/>
						</TextLine>
						<TextLine ID="line_28" HPOS="297" VPOS="1663" WIDTH="135" HEIGHT="31">
							<String ID="string_244" HPOS="297" VPOS="1663" WIDTH="135" HEIGHT="31" WC="0.96" CONTENT="vården."/>
						</TextLine>
					</TextBlock>
					<TextBlock ID="block_13" HPOS="299" VPOS="1713" WIDTH="1493" HEIGHT="89">
						<TextLine ID="line_29" HPOS="338" VPOS="1713" WIDTH="1454" HEIGHT="36">
							<String ID="string_245" HPOS="338" VPOS="1715" WIDTH="443" HEIGHT="32" WC="0.91" CONTENT="Justitieombudsmannens"/><SP WIDTH="16" VPOS="1715" HPOS="781"/>
							<String ID="string_246" HPOS="797" VPOS="1714" WIDTH="216" HEIGHT="31" WC="0.91" CONTENT="ämbetsresor"/><SP WIDTH="16" VPOS="1714" HPOS="1013"/>
							<String ID="string_247" HPOS="1029" VPOS="1714" WIDTH="104" HEIGHT="31" WC="0.96" CONTENT="under"/><SP WIDTH="15" VPOS="1714" HPOS="1133"/>
							<String ID="string_248" HPOS="1148" VPOS="1715" WIDTH="38" HEIGHT="29" WC="0.95" CONTENT="år"/><SP WIDTH="17" VPOS="1715" HPOS="1186"/>
							<String ID="string_249" HPOS="1203" VPOS="1713" WIDTH="83" HEIGHT="31" WC="0.96" CONTENT="1923"/><SP WIDTH="18" VPOS="1713" HPOS="1286"/>
							<String ID="string_250" HPOS="1304" VPOS="1714" WIDTH="87" HEIGHT="30" WC="0.96" CONTENT="hava"/><SP WIDTH="16" VPOS="1714" HPOS="1391"/>
							<String ID="string_251" HPOS="1407" VPOS="1715" WIDTH="57" HEIGHT="34" WC="0.96" CONTENT="ägt"/><SP WIDTH="13" VPOS="1715" HPOS="1464"/>
							<String ID="string_252" HPOS="1477" VPOS="1724" WIDTH="75" HEIGHT="20" WC="0.96" CONTENT="rum"/><SP WIDTH="13" VPOS="1724" HPOS="1552"/>
							<String ID="string_253" HPOS="1565" VPOS="1714" WIDTH="11" HEIGHT="29" WC="0.96" CONTENT="i"/><SP WIDTH="14" VPOS="1714" HPOS="1576"/>
							<String ID="string_254" HPOS="1590" VPOS="1713" WIDTH="202" HEIGHT="36" WC="0.96" CONTENT="Malmöhus,"/>
						</TextLine>
						<TextLine ID="line_30" HPOS="299" VPOS="1767" WIDTH="869" HEIGHT="35">
							<String ID="string_255" HPOS="299" VPOS="1768" WIDTH="246" HEIGHT="31" WC="0.96" CONTENT="Kristianstads"/><SP WIDTH="23" VPOS="1768" HPOS="545"/>
							<String ID="string_256" HPOS="568" VPOS="1769" WIDTH="86" HEIGHT="29" WC="0.96" CONTENT="samt"/><SP WIDTH="23" VPOS="1769" HPOS="654"/>
							<String ID="string_257" HPOS="677" VPOS="1767" WIDTH="181" HEIGHT="35" WC="0.96" CONTENT="Göteborgs"/><SP WIDTH="23" VPOS="1767" HPOS="858"/>
							<String ID="string_258" HPOS="881" VPOS="1767" WIDTH="61" HEIGHT="30" WC="0.96" CONTENT="och"/><SP WIDTH="23" VPOS="1767" HPOS="942"/>
							<String ID="string_259" HPOS="965" VPOS="1767" WIDTH="114" HEIGHT="30" WC="0.96" CONTENT="Bohus"/><SP WIDTH="23" VPOS="1767" HPOS="1079"/>
							<String ID="string_260" HPOS="1102" VPOS="1767" WIDTH="66" HEIGHT="30" WC="0.96" CONTENT="län."/>
						</TextLine>
					</TextBlock>
					<TextBlock ID="block_14" HPOS="295" VPOS="1818" WIDTH="1497" HEIGHT="85">
						<TextLine ID="line_31" HPOS="338" VPOS="1818" WIDTH="1454" HEIGHT="37">
							<String ID="string_261" HPOS="338" VPOS="1820" WIDTH="18" HEIGHT="30" WC="0.95" CONTENT="I"/><SP WIDTH="23" VPOS="1820" HPOS="356"/>
							<String ID="string_262" HPOS="379" VPOS="1820" WIDTH="158" HEIGHT="31" WC="0.93" CONTENT="avseende"/><SP WIDTH="23" VPOS="1820" HPOS="537"/>
							<String ID="string_263" HPOS="560" VPOS="1821" WIDTH="20" HEIGHT="29" WC="0.93" CONTENT="å"/><SP WIDTH="23" VPOS="1821" HPOS="580"/>
							<String ID="string_264" HPOS="603" VPOS="1819" WIDTH="65" HEIGHT="31" WC="0.96" CONTENT="vad"/><SP WIDTH="16" VPOS="1819" HPOS="668"/>
							<String ID="string_265" HPOS="684" VPOS="1819" WIDTH="107" HEIGHT="31" WC="0.93" CONTENT="under"/><SP WIDTH="16" VPOS="1819" HPOS="791"/>
							<String ID="string_266" HPOS="807" VPOS="1819" WIDTH="271" HEIGHT="36" WC="0.91" CONTENT="inspektionerna"/><SP WIDTH="15" VPOS="1819" HPOS="1078"/>
							<String ID="string_267" HPOS="1093" VPOS="1818" WIDTH="226" HEIGHT="35" WC="0.96" CONTENT="förekommit,"/><SP WIDTH="17" VPOS="1818" HPOS="1319"/>
							<String ID="string_268" HPOS="1336" VPOS="1818" WIDTH="159" HEIGHT="30" WC="0.93" CONTENT="hänvisar"/><SP WIDTH="16" VPOS="1818" HPOS="1495"/>
							<String ID="string_269" HPOS="1511" VPOS="1818" WIDTH="281" HEIGHT="36" WC="0.78" CONTENT="justitieombuds-"/>
						</TextLine>
						<TextLine ID="line_32" HPOS="295" VPOS="1870" WIDTH="973" HEIGHT="33">
							<String ID="string_270" HPOS="295" VPOS="1882" WIDTH="147" HEIGHT="21" WC="0.95" CONTENT="mannen"/><SP WIDTH="23" VPOS="1882" HPOS="442"/>
							<String ID="string_271" HPOS="465" VPOS="1872" WIDTH="54" HEIGHT="31" WC="0.96" CONTENT="till"/><SP WIDTH="23" VPOS="1872" HPOS="519"/>
							<String ID="string_272" HPOS="542" VPOS="1872" WIDTH="54" HEIGHT="31" WC="0.96" CONTENT="det"/><SP WIDTH="22" VPOS="1872" HPOS="596"/>
							<String ID="string_273" HPOS="618" VPOS="1882" WIDTH="43" HEIGHT="20" WC="0.96" CONTENT="av"/><SP WIDTH="24" VPOS="1882" HPOS="661"/>
							<String ID="string_274" HPOS="685" VPOS="1872" WIDTH="124" HEIGHT="30" WC="0.96" CONTENT="honom"/><SP WIDTH="23" VPOS="1872" HPOS="809"/>
							<String ID="string_275" HPOS="832" VPOS="1871" WIDTH="166" HEIGHT="31" WC="0.96" CONTENT="därunder"/><SP WIDTH="23" VPOS="1871" HPOS="998"/>
							<String ID="string_276" HPOS="1021" VPOS="1870" WIDTH="94" HEIGHT="31" WC="0.96" CONTENT="förda"/><SP WIDTH="22" VPOS="1870" HPOS="1115"/>
							<String ID="string_277" HPOS="1137" VPOS="1870" WIDTH="131" HEIGHT="31" WC="0.96" CONTENT="diariet."/>
						</TextLine>
					</TextBlock>
					<TextBlock ID="block_15" HPOS="295" VPOS="1922" WIDTH="1497" HEIGHT="90">
						<TextLine ID="line_33" HPOS="339" VPOS="1922" WIDTH="1453" HEIGHT="37">
							<String ID="string_278" HPOS="339" VPOS="1923" WIDTH="85" HEIGHT="32" WC="0.96" CONTENT="Över"/><SP WIDTH="33" VPOS="1923" HPOS="424"/>
							<String ID="string_279" HPOS="457" VPOS="1924" WIDTH="38" HEIGHT="31" WC="0.96" CONTENT="de"/><SP WIDTH="23" VPOS="1924" HPOS="495"/>
							<String ID="string_280" HPOS="518" VPOS="1924" WIDTH="105" HEIGHT="31" WC="0.93" CONTENT="under"/><SP WIDTH="23" VPOS="1924" HPOS="623"/>
							<String ID="string_281" HPOS="646" VPOS="1925" WIDTH="20" HEIGHT="30" WC="0.93" CONTENT="å"/><SP WIDTH="25" VPOS="1925" HPOS="666"/>
							<String ID="string_282" HPOS="691" VPOS="1924" WIDTH="82" HEIGHT="30" WC="0.93" CONTENT="1923"/><SP WIDTH="26" VPOS="1924" HPOS="773"/>
							<String ID="string_283" HPOS="799" VPOS="1923" WIDTH="190" HEIGHT="36" WC="0.92" CONTENT="handlagda"/><SP WIDTH="24" VPOS="1923" HPOS="989"/>
							<String ID="string_284" HPOS="1013" VPOS="1923" WIDTH="167" HEIGHT="36" WC="0.95" CONTENT="klagomål"/><SP WIDTH="24" VPOS="1923" HPOS="1180"/>
							<String ID="string_285" HPOS="1204" VPOS="1923" WIDTH="62" HEIGHT="30" WC="0.96" CONTENT="och"/><SP WIDTH="24" VPOS="1923" HPOS="1266"/>
							<String ID="string_286" HPOS="1290" VPOS="1922" WIDTH="163" HEIGHT="31" WC="0.96" CONTENT="anställda"/><SP WIDTH="24" VPOS="1922" HPOS="1453"/>
							<String ID="string_287" HPOS="1477" VPOS="1923" WIDTH="68" HEIGHT="29" WC="0.93" CONTENT="åtal"/><SP WIDTH="24" VPOS="1923" HPOS="1545"/>
							<String ID="string_288" HPOS="1569" VPOS="1933" WIDTH="42" HEIGHT="19" WC="0.88" CONTENT="m."/><SP WIDTH="26" VPOS="1933" HPOS="1611"/>
							<String ID="string_289" HPOS="1637" VPOS="1933" WIDTH="43" HEIGHT="20" WC="0.91" CONTENT="m."/><SP WIDTH="25" VPOS="1933" HPOS="1680"/>
							<String ID="string_290" HPOS="1705" VPOS="1922" WIDTH="87" HEIGHT="31" WC="0.92" CONTENT="med-"/>
						</TextLine>
						<TextLine ID="line_34" HPOS="295" VPOS="1975" WIDTH="827" HEIGHT="37">
							<String ID="string_291" HPOS="295" VPOS="1976" WIDTH="90" HEIGHT="32" WC="0.96" CONTENT="delas"/><SP WIDTH="23" VPOS="1976" HPOS="385"/>
							<String ID="string_292" HPOS="408" VPOS="1977" WIDTH="12" HEIGHT="30" WC="0.92" CONTENT="i"/><SP WIDTH="23" VPOS="1977" HPOS="420"/>
							<String ID="string_293" HPOS="443" VPOS="1976" WIDTH="323" HEIGHT="31" WC="0.89" CONTENT="ämbetsberättelsen"/><SP WIDTH="24" VPOS="1976" HPOS="766"/>
							<String ID="string_294" HPOS="790" VPOS="1975" WIDTH="148" HEIGHT="37" WC="0.96" CONTENT="följande"/><SP WIDTH="24" VPOS="1975" HPOS="938"/>
							<String ID="string_295" HPOS="962" VPOS="1976" WIDTH="160" HEIGHT="30" WC="0.96" CONTENT="översikt:"/>
						</TextLine>
					</TextBlock>
					<TextBlock ID="block_16" HPOS="294" VPOS="2026" WIDTH="1497" HEIGHT="83">
						<TextLine ID="line_35" HPOS="342" VPOS="2026" WIDTH="1449" HEIGHT="36">
							<String ID="string_296" HPOS="342" VPOS="2041" WIDTH="13" HEIGHT="16" WC="0.92" CONTENT="»"/><SP WIDTH="5" VPOS="2041" HPOS="355"/>
							<String ID="string_297" HPOS="360" VPOS="2029" WIDTH="138" HEIGHT="31" WC="0.95" CONTENT="Antalet"/><SP WIDTH="23" VPOS="2029" HPOS="498"/>
							<String ID="string_298" HPOS="521" VPOS="2028" WIDTH="170" HEIGHT="31" WC="0.91" CONTENT="härstädes"/><SP WIDTH="23" VPOS="2028" HPOS="691"/>
							<String ID="string_299" HPOS="714" VPOS="2028" WIDTH="201" HEIGHT="31" WC="0.91" CONTENT="diarieförda"/><SP WIDTH="24" VPOS="2028" HPOS="915"/>
							<String ID="string_300" HPOS="939" VPOS="2028" WIDTH="145" HEIGHT="30" WC="0.96" CONTENT="ärenden"/><SP WIDTH="22" VPOS="2028" HPOS="1084"/>
							<String ID="string_301" HPOS="1106" VPOS="2027" WIDTH="106" HEIGHT="31" WC="0.96" CONTENT="under"/><SP WIDTH="25" VPOS="2027" HPOS="1212"/>
							<String ID="string_302" HPOS="1237" VPOS="2027" WIDTH="83" HEIGHT="30" WC="0.93" CONTENT="1923"/><SP WIDTH="27" VPOS="2027" HPOS="1320"/>
							<String ID="string_303" HPOS="1347" VPOS="2045" WIDTH="37" HEIGHT="3" WC="0.92" CONTENT="—"/><SP WIDTH="25" VPOS="2045" HPOS="1384"/>
							<String ID="string_304" HPOS="1409" VPOS="2026" WIDTH="72" HEIGHT="31" WC="0.96" CONTENT="däri"/><SP WIDTH="17" VPOS="2026" HPOS="1481"/>
							<String ID="string_305" HPOS="1498" VPOS="2027" WIDTH="196" HEIGHT="35" WC="0.96" CONTENT="inbegripna"/><SP WIDTH="20" VPOS="2027" HPOS="1694"/>
							<String ID="string_306" HPOS="1714" VPOS="2027" WIDTH="17" HEIGHT="30" WC="0.96" CONTENT="7"/><SP WIDTH="18" VPOS="2027" HPOS="1731"/>
							<String ID="string_307" HPOS="1749" VPOS="2036" WIDTH="42" HEIGHT="20" WC="0.96" CONTENT="av"/>
						</TextLine>
						<TextLine ID="line_36" HPOS="294" VPOS="2071" WIDTH="1286" HEIGHT="38">
							<String ID="string_308" HPOS="294" VPOS="2073" WIDTH="418" HEIGHT="36" WC="0.88" CONTENT="tryckfrihetskommittén"/><SP WIDTH="24" VPOS="2073" HPOS="712"/>
							<String ID="string_309" HPOS="736" VPOS="2071" WIDTH="190" HEIGHT="36" WC="0.91" CONTENT="handlagda"/><SP WIDTH="24" VPOS="2071" HPOS="926"/>
							<String ID="string_310" HPOS="950" VPOS="2071" WIDTH="144" HEIGHT="31" WC="0.93" CONTENT="ärenden"/><SP WIDTH="26" VPOS="2071" HPOS="1094"/>
							<String ID="string_311" HPOS="1120" VPOS="2090" WIDTH="37" HEIGHT="2" WC="0.90" CONTENT="—"/><SP WIDTH="26" VPOS="2090" HPOS="1157"/>
							<String ID="string_312" HPOS="1183" VPOS="2071" WIDTH="61" HEIGHT="30" WC="0.95" CONTENT="har"/><SP WIDTH="23" VPOS="2071" HPOS="1244"/>
							<String ID="string_313" HPOS="1267" VPOS="2072" WIDTH="141" HEIGHT="35" WC="0.96" CONTENT="uppgått"/><SP WIDTH="23" VPOS="2072" HPOS="1408"/>
							<String ID="string_314" HPOS="1431" VPOS="2071" WIDTH="53" HEIGHT="29" WC="0.96" CONTENT="till"/><SP WIDTH="25" VPOS="2071" HPOS="1484"/>
							<String ID="string_315" HPOS="1509" VPOS="2071" WIDTH="71" HEIGHT="30" WC="0.96" CONTENT="576."/>
						</TextLine>
					</TextBlock>
					<TextBlock ID="block_17" HPOS="293" VPOS="2130" WIDTH="1485" HEIGHT="166">
						<TextLine ID="line_37" HPOS="338" VPOS="2130" WIDTH="1342" HEIGHT="39">
							<String ID="string_316" HPOS="338" VPOS="2133" WIDTH="68" HEIGHT="32" WC="0.96" CONTENT="Vid"/><SP WIDTH="34" VPOS="2133" HPOS="406"/>
							<String ID="string_317" HPOS="440" VPOS="2133" WIDTH="82" HEIGHT="31" WC="0.95" CONTENT="1923"/><SP WIDTH="36" VPOS="2133" HPOS="522"/>
							<String ID="string_318" HPOS="558" VPOS="2134" WIDTH="54" HEIGHT="30" WC="0.95" CONTENT="års"/><SP WIDTH="34" VPOS="2134" HPOS="612"/>
							<String ID="string_319" HPOS="646" VPOS="2133" WIDTH="119" HEIGHT="36" WC="0.96" CONTENT="början"/><SP WIDTH="24" VPOS="2133" HPOS="765"/>
							<String ID="string_320" HPOS="789" VPOS="2142" WIDTH="79" HEIGHT="21" WC="0.93" CONTENT="voro"/><SP WIDTH="25" VPOS="2142" HPOS="868"/>
							<String ID="string_321" HPOS="893" VPOS="2150" WIDTH="37" HEIGHT="3" WC="0.92" CONTENT="—"/><SP WIDTH="26" VPOS="2150" HPOS="930"/>
							<String ID="string_322" HPOS="956" VPOS="2132" WIDTH="140" HEIGHT="31" WC="0.96" CONTENT="frånsett"/><SP WIDTH="23" VPOS="2132" HPOS="1096"/>
							<String ID="string_323" HPOS="1119" VPOS="2133" WIDTH="45" HEIGHT="29" WC="0.96" CONTENT="ett"/><SP WIDTH="23" VPOS="2133" HPOS="1164"/>
							<String ID="string_324" HPOS="1187" VPOS="2132" WIDTH="93" HEIGHT="30" WC="0.96" CONTENT="antal"/><SP WIDTH="24" VPOS="2132" HPOS="1280"/>
							<String ID="string_325" HPOS="1304" VPOS="2131" WIDTH="210" HEIGHT="30" WC="0.96" CONTENT="balanserade"/><SP WIDTH="23" VPOS="2131" HPOS="1514"/>
							<String ID="string_326" HPOS="1537" VPOS="2130" WIDTH="143" HEIGHT="31" WC="0.96" CONTENT="ärenden"/>
						</TextLine>
						<TextLine ID="line_38" HPOS="294" VPOS="2174" WIDTH="1388" HEIGHT="36">
							<String ID="string_327" HPOS="294" VPOS="2187" WIDTH="42" HEIGHT="21" WC="0.96" CONTENT="av"/><SP WIDTH="33" VPOS="2187" HPOS="336"/>
							<String ID="string_328" HPOS="369" VPOS="2187" WIDTH="114" HEIGHT="21" WC="0.96" CONTENT="annan"/><SP WIDTH="34" VPOS="2187" HPOS="483"/>
							<String ID="string_329" HPOS="517" VPOS="2177" WIDTH="226" HEIGHT="31" WC="0.92" CONTENT="beskaffenhet"/><SP WIDTH="25" VPOS="2177" HPOS="743"/>
							<String ID="string_330" HPOS="768" VPOS="2195" WIDTH="38" HEIGHT="3" WC="0.90" CONTENT="—"/><SP WIDTH="25" VPOS="2195" HPOS="806"/>
							<String ID="string_331" HPOS="831" VPOS="2186" WIDTH="42" HEIGHT="21" WC="0.96" CONTENT="av"/><SP WIDTH="35" VPOS="2186" HPOS="873"/>
							<String ID="string_332" HPOS="908" VPOS="2177" WIDTH="91" HEIGHT="30" WC="0.96" CONTENT="förut"/><SP WIDTH="23" VPOS="2177" HPOS="999"/>
							<String ID="string_333" HPOS="1022" VPOS="2176" WIDTH="160" HEIGHT="30" WC="0.95" CONTENT="inkomna"/><SP WIDTH="23" VPOS="2176" HPOS="1182"/>
							<String ID="string_334" HPOS="1205" VPOS="2175" WIDTH="170" HEIGHT="35" WC="0.95" CONTENT="klagomål"/><SP WIDTH="23" VPOS="2175" HPOS="1375"/>
							<String ID="string_335" HPOS="1398" VPOS="2175" WIDTH="78" HEIGHT="30" WC="0.96" CONTENT="eller"/><SP WIDTH="23" VPOS="2175" HPOS="1476"/>
							<String ID="string_336" HPOS="1499" VPOS="2174" WIDTH="92" HEIGHT="36" WC="0.96" CONTENT="eljest"/><SP WIDTH="23" VPOS="2174" HPOS="1591"/>
							<String ID="string_337" HPOS="1614" VPOS="2176" WIDTH="68" HEIGHT="28" WC="0.96" CONTENT="mot"/>
						</TextLine>
						<TextLine ID="line_39" HPOS="294" VPOS="2218" WIDTH="1388" HEIGHT="40">
							<String ID="string_338" HPOS="294" VPOS="2222" WIDTH="203" HEIGHT="36" WC="0.93" CONTENT="tjänstemän"/><SP WIDTH="24" VPOS="2222" HPOS="497"/>
							<String ID="string_339" HPOS="521" VPOS="2221" WIDTH="289" HEIGHT="36" WC="0.92" CONTENT="anhängiggjorda"/><SP WIDTH="23" VPOS="2221" HPOS="810"/>
							<String ID="string_340" HPOS="833" VPOS="2220" WIDTH="144" HEIGHT="31" WC="0.96" CONTENT="ärenden"/><SP WIDTH="17" VPOS="2220" HPOS="977"/>
							<String ID="string_341" HPOS="994" VPOS="2219" WIDTH="204" HEIGHT="31" WC="0.96" CONTENT="fortfarande"/><SP WIDTH="16" VPOS="2219" HPOS="1198"/>
							<String ID="string_342" HPOS="1214" VPOS="2219" WIDTH="107" HEIGHT="30" WC="0.96" CONTENT="under"/><SP WIDTH="17" VPOS="2219" HPOS="1321"/>
							<String ID="string_343" HPOS="1338" VPOS="2218" WIDTH="255" HEIGHT="35" WC="0.93" CONTENT="handläggning"/><SP WIDTH="16" VPOS="2218" HPOS="1593"/>
							<String ID="string_344" HPOS="1609" VPOS="2218" WIDTH="73" HEIGHT="30" WC="0.92" CONTENT="här-"/>
						</TextLine>
						<TextLine ID="line_40" HPOS="293" VPOS="2261" WIDTH="1485" HEIGHT="35">
							<String ID="string_345" HPOS="293" VPOS="2265" WIDTH="108" HEIGHT="31" WC="0.0" CONTENT="StÄäll08!"/><SP WIDTH="26" VPOS="2265" HPOS="401"/>
							<String ID="string_346" HPOS="427" VPOS="2286" WIDTH="1206" HEIGHT="7" WC="0.0" CONTENT="mssmumem=musmumuusnssumpmunnenssnnn"/><SP WIDTH="-833" VPOS="2286" HPOS="1633"/>
							<String ID="string_347" HPOS="800" VPOS="2258" WIDTH="28" HEIGHT="44" WC="0.0" CONTENT="ut"/><SP WIDTH="16" VPOS="2258" HPOS="828"/>
							<String ID="string_348" HPOS="844" VPOS="2258" WIDTH="45" HEIGHT="44" WC="0.0" CONTENT="Runs"/><SP WIDTH="5" VPOS="2258" HPOS="889"/>
							<String ID="string_349" HPOS="894" VPOS="2258" WIDTH="58" HEIGHT="44" WC="0.0" CONTENT="uuar"/><SP WIDTH="8" VPOS="2258" HPOS="952"/>
							<String ID="string_350" HPOS="960" VPOS="2258" WIDTH="17" HEIGHT="44" WC="0.3" CONTENT="TR"/><SP WIDTH="13" VPOS="2258" HPOS="977"/>
							<String ID="string_351" HPOS="990" VPOS="2258" WIDTH="25" HEIGHT="44" WC="0.29" CONTENT="Bö"/><SP WIDTH="22" VPOS="2258" HPOS="1015"/>
							<String ID="string_352" HPOS="1037" VPOS="2258" WIDTH="160" HEIGHT="44" WC="0.11" CONTENT="Ruset"/><SP WIDTH="24" VPOS="2258" HPOS="1197"/>
							<String ID="string_353" HPOS="1221" VPOS="2258" WIDTH="157" HEIGHT="44" WC="0.14" CONTENT="RTR"/><SP WIDTH="110" VPOS="2258" HPOS="1378"/>
							<String ID="string_354" HPOS="1488" VPOS="2258" WIDTH="149" HEIGHT="44" WC="0.24" CONTENT="ANSER"/><SP WIDTH="7" VPOS="2258" HPOS="1637"/>
							<String ID="string_355" HPOS="1644" VPOS="2286" WIDTH="34" HEIGHT="3" WC="0.81" CONTENT="som"/><SP WIDTH="28" VPOS="2286" HPOS="1678"/>
							<String ID="string_356" HPOS="1706" VPOS="2256" WIDTH="11" HEIGHT="44" WC="0.31" CONTENT="="/><SP WIDTH="23" VPOS="2256" HPOS="1717"/>
							<String ID="string_357" HPOS="1740" VPOS="2261" WIDTH="38" HEIGHT="30" WC="0.28" CONTENT="00"/>
						</TextLine>
					</TextBlock>
					<TextBlock ID="block_18" HPOS="337" VPOS="2306" WIDTH="1134" HEIGHT="37">
						<TextLine ID="line_41" HPOS="337" VPOS="2306" WIDTH="1134" HEIGHT="37">
							<String ID="string_358" HPOS="337" VPOS="2308" WIDTH="115" HEIGHT="32" WC="0.96" CONTENT="Under"/><SP WIDTH="24" VPOS="2308" HPOS="452"/>
							<String ID="string_359" HPOS="476" VPOS="2308" WIDTH="82" HEIGHT="31" WC="0.96" CONTENT="1923"/><SP WIDTH="26" VPOS="2308" HPOS="558"/>
							<String ID="string_360" HPOS="584" VPOS="2309" WIDTH="87" HEIGHT="30" WC="0.93" CONTENT="hava"/><SP WIDTH="23" VPOS="2309" HPOS="671"/>
							<String ID="string_361" HPOS="694" VPOS="2307" WIDTH="279" HEIGHT="36" WC="0.92" CONTENT="anhängiggjorts"/><SP WIDTH="23" VPOS="2307" HPOS="973"/>
							<String ID="string_362" HPOS="996" VPOS="2307" WIDTH="144" HEIGHT="31" WC="0.96" CONTENT="ärenden"/><SP WIDTH="23" VPOS="2307" HPOS="1140"/>
							<String ID="string_363" HPOS="1163" VPOS="2308" WIDTH="69" HEIGHT="29" WC="0.96" CONTENT="mot"/><SP WIDTH="24" VPOS="2308" HPOS="1232"/>
							<String ID="string_364" HPOS="1256" VPOS="2306" WIDTH="215" HEIGHT="36" WC="0.96" CONTENT="tjänstemän:"/>
						</TextLine>
					</TextBlock>
					<TextBlock ID="block_19" HPOS="337" VPOS="2348" WIDTH="1441" HEIGHT="40">
						<TextLine ID="line_42" HPOS="337" VPOS="2348" WIDTH="1441" HEIGHT="40">
							<String ID="string_365" HPOS="337" VPOS="2362" WIDTH="118" HEIGHT="25" WC="0.95" CONTENT="genom"/><SP WIDTH="24" VPOS="2362" HPOS="455"/>
							<String ID="string_366" HPOS="479" VPOS="2353" WIDTH="159" HEIGHT="30" WC="0.78" CONTENT="inkomna"/><SP WIDTH="24" VPOS="2353" HPOS="638"/>
							<String ID="string_367" HPOS="662" VPOS="2352" WIDTH="169" HEIGHT="36" WC="0.82" CONTENT="klagomål"/><SP WIDTH="23" VPOS="2352" HPOS="831"/>
							<String ID="string_368" HPOS="854" VPOS="2352" WIDTH="46" HEIGHT="30" WC="0.96" CONTENT="ett"/><SP WIDTH="22" VPOS="2352" HPOS="900"/>
							<String ID="string_369" HPOS="922" VPOS="2351" WIDTH="93" HEIGHT="30" WC="0.9" CONTENT="antal"/><SP WIDTH="17" VPOS="2351" HPOS="1015"/>
							<String ID="string_370" HPOS="1032" VPOS="2360" WIDTH="42" HEIGHT="21" WC="0.46" CONTENT="Av!"/><SP WIDTH="16" VPOS="2360" HPOS="1074"/>
							<String ID="string_371" HPOS="1090" VPOS="2375" WIDTH="110" HEIGHT="4" WC="0.0" CONTENT="sms]"/><SP WIDTH="17" VPOS="2375" HPOS="1200"/>
							<String ID="string_372" HPOS="1217" VPOS="2345" WIDTH="60" HEIGHT="47" WC="0.0" CONTENT="ssp"/><SP WIDTH="20" VPOS="2345" HPOS="1277"/>
							<String ID="string_373" HPOS="1297" VPOS="2373" WIDTH="381" HEIGHT="6" WC="0.0" CONTENT="ssssemenssssseseuoommssssa"/><SP WIDTH="39" VPOS="2373" HPOS="1678"/>
							<String ID="string_374" HPOS="1717" VPOS="2348" WIDTH="61" HEIGHT="30" WC="0.95" CONTENT="386"/>
						</TextLine>
					</TextBlock>
					<TextBlock ID="block_20" HPOS="295" VPOS="2392" WIDTH="1483" HEIGHT="89">
						<TextLine ID="line_43" HPOS="338" VPOS="2392" WIDTH="1342" HEIGHT="40">
							<String ID="string_375" HPOS="338" VPOS="2398" WIDTH="86" HEIGHT="28" WC="0.96" CONTENT="samt"/><SP WIDTH="23" VPOS="2398" HPOS="424"/>
							<String ID="string_376" HPOS="447" VPOS="2397" WIDTH="41" HEIGHT="35" WC="0.96" CONTENT="på"/><SP WIDTH="25" VPOS="2397" HPOS="488"/>
							<String ID="string_377" HPOS="513" VPOS="2395" WIDTH="109" HEIGHT="37" WC="0.96" CONTENT="grund"/><SP WIDTH="24" VPOS="2395" HPOS="622"/>
							<String ID="string_378" HPOS="646" VPOS="2405" WIDTH="43" HEIGHT="21" WC="0.96" CONTENT="av"/><SP WIDTH="23" VPOS="2405" HPOS="689"/>
							<String ID="string_379" HPOS="712" VPOS="2395" WIDTH="278" HEIGHT="35" WC="0.96" CONTENT="anmärkningar,"/><SP WIDTH="24" VPOS="2395" HPOS="990"/>
							<String ID="string_380" HPOS="1014" VPOS="2394" WIDTH="116" HEIGHT="36" WC="0.96" CONTENT="gjorda"/><SP WIDTH="25" VPOS="2394" HPOS="1130"/>
							<String ID="string_381" HPOS="1155" VPOS="2393" WIDTH="56" HEIGHT="31" WC="0.96" CONTENT="vid"/><SP WIDTH="24" VPOS="2393" HPOS="1211"/>
							<String ID="string_382" HPOS="1235" VPOS="2393" WIDTH="209" HEIGHT="36" WC="0.96" CONTENT="granskning"/><SP WIDTH="23" VPOS="2393" HPOS="1444"/>
							<String ID="string_383" HPOS="1467" VPOS="2403" WIDTH="43" HEIGHT="20" WC="0.93" CONTENT="av"/><SP WIDTH="24" VPOS="2403" HPOS="1510"/>
							<String ID="string_384" HPOS="1534" VPOS="2392" WIDTH="146" HEIGHT="36" WC="0.91" CONTENT="fångför-"/>
						</TextLine>
						<TextLine ID="line_44" HPOS="295" VPOS="2435" WIDTH="1483" HEIGHT="46">
							<String ID="string_385" HPOS="295" VPOS="2440" WIDTH="196" HEIGHT="35" WC="0.96" CONTENT="teckningar"/><SP WIDTH="23" VPOS="2440" HPOS="491"/>
							<String ID="string_386" HPOS="514" VPOS="2440" WIDTH="78" HEIGHT="30" WC="0.96" CONTENT="eller"/><SP WIDTH="24" VPOS="2440" HPOS="592"/>
							<String ID="string_387" HPOS="616" VPOS="2439" WIDTH="57" HEIGHT="31" WC="0.93" CONTENT="vid"/><SP WIDTH="24" VPOS="2439" HPOS="673"/>
							<String ID="string_388" HPOS="697" VPOS="2439" WIDTH="199" HEIGHT="31" WC="0.88" CONTENT="ämbetsresa"/><SP WIDTH="23" VPOS="2439" HPOS="896"/>
							<String ID="string_389" HPOS="919" VPOS="2438" WIDTH="79" HEIGHT="30" WC="0.96" CONTENT="eller"/><SP WIDTH="23" VPOS="2438" HPOS="998"/>
							<String ID="string_390" HPOS="1021" VPOS="2437" WIDTH="203" HEIGHT="36" WC="0.96" CONTENT="annorledes,"/><SP WIDTH="25" VPOS="2437" HPOS="1224"/>
							<String ID="string_391" HPOS="1249" VPOS="2438" WIDTH="46" HEIGHT="29" WC="0.96" CONTENT="ett"/><SP WIDTH="23" VPOS="2438" HPOS="1295"/>
							<String ID="string_392" HPOS="1318" VPOS="2436" WIDTH="91" HEIGHT="31" WC="0.96" CONTENT="antal"/><SP WIDTH="23" VPOS="2436" HPOS="1409"/>
							<String ID="string_393" HPOS="1432" VPOS="2446" WIDTH="43" HEIGHT="20" WC="0.92" CONTENT="av"/><SP WIDTH="37" VPOS="2446" HPOS="1475"/>
							<String ID="string_394" HPOS="1512" VPOS="2460" WIDTH="165" HEIGHT="4" WC="0.19" CONTENT="«..........."/><SP WIDTH="61" VPOS="2460" HPOS="1677"/>
							<String ID="string_395" HPOS="1738" VPOS="2435" WIDTH="40" HEIGHT="46" WC="0.96" CONTENT="59"/>
						</TextLine>
					</TextBlock>
					<TextBlock ID="block_21" HPOS="425" VPOS="2488" WIDTH="1352" HEIGHT="34">
						<TextLine ID="line_45" HPOS="425" VPOS="2488" WIDTH="1352" HEIGHT="34">
							<String ID="string_396" HPOS="425" VPOS="2492" WIDTH="140" HEIGHT="30" WC="0.95" CONTENT="Summa"/><SP WIDTH="24" VPOS="2492" HPOS="565"/>
							<String ID="string_397" HPOS="589" VPOS="2492" WIDTH="75" HEIGHT="30" WC="0.96" CONTENT="från"/><SP WIDTH="26" VPOS="2492" HPOS="664"/>
							<String ID="string_398" HPOS="690" VPOS="2492" WIDTH="82" HEIGHT="30" WC="0.96" CONTENT="1922"/><SP WIDTH="26" VPOS="2492" HPOS="772"/>
							<String ID="string_399" HPOS="798" VPOS="2491" WIDTH="211" HEIGHT="31" WC="0.96" CONTENT="balanserade"/><SP WIDTH="25" VPOS="2491" HPOS="1009"/>
							<String ID="string_400" HPOS="1034" VPOS="2491" WIDTH="59" HEIGHT="30" WC="0.96" CONTENT="och"/><SP WIDTH="23" VPOS="2491" HPOS="1093"/>
							<String ID="string_401" HPOS="1116" VPOS="2490" WIDTH="105" HEIGHT="31" WC="0.96" CONTENT="under"/><SP WIDTH="27" VPOS="2490" HPOS="1221"/>
							<String ID="string_402" HPOS="1248" VPOS="2489" WIDTH="82" HEIGHT="31" WC="0.95" CONTENT="1923"/><SP WIDTH="26" VPOS="2489" HPOS="1330"/>
							<String ID="string_403" HPOS="1356" VPOS="2489" WIDTH="157" HEIGHT="30" WC="0.96" CONTENT="inkomna"/><SP WIDTH="25" VPOS="2489" HPOS="1513"/>
							<String ID="string_404" HPOS="1538" VPOS="2488" WIDTH="142" HEIGHT="30" WC="0.96" CONTENT="ärenden"/><SP WIDTH="36" VPOS="2488" HPOS="1680"/>
							<String ID="string_405" HPOS="1716" VPOS="2488" WIDTH="61" HEIGHT="29" WC="0.96" CONTENT="498"/>
						</TextLine>
					</TextBlock>
				</ComposedBlock>
			</PrintSpace>
		</Page>
	</Layout>
</alto>
