2195 2694
377 229 17 27 6
818 227 366 42 Bevillnings-Utskottets
1206 230 199 33 Betänkande
1428 231 63 32 N:o
1514 233 30 31 9.

375 307 224 37 utställaren
631 308 133 49 dragas
793 309 11 35 i
833 310 154 36 svenskt
1020 316 116 43 mynt,
1167 312 11 34 i
1207 312 126 36 hvilka
1362 313 97 36 båda
1486 313 66 37 fall
1586 315 394 50 stämpelbeläggning

374 359 197 36 undvikes.

474 410 74 36 Till
590 411 310 49 undanrödjande
942 412 40 37 af
1018 413 222 37 förberörda
1283 415 145 36 olikhet
1469 417 11 34 i
1522 417 456 51 stämpelbeskattningen

372 461 59 36 för
471 463 132 35 vexlar
637 463 67 35 har
745 463 64 36 det
842 470 104 43 synts
981 464 196 38 Utskottet
1219 471 56 31 att
1316 468 185 47 stämpeln
1543 468 118 36 borde
1702 469 226 37 bestämmas
1967 472 10 34 i

371 514 91 35 visst
499 513 235 37 förhållande
773 515 58 36 till
868 517 304 36 vexelsummans
1210 518 155 36 storlek.
1419 518 115 37 Detta
1562 519 214 38 förfarande
1802 529 50 36 är,
1882 521 96 37 efter

374 564 97 36 hvad
513 564 195 38 Utskottet
749 566 67 36 har
853 567 56 48 sig
938 567 150 46 bekant,
1130 568 169 49 vidtaget
1330 570 10 35 i
1369 570 45 36 de
1451 571 107 36 flesta
1599 572 117 35 andra
1753 574 225 47 europeiska

372 616 142 45 länder,
544 617 66 35 der
638 618 117 48 enligt
782 618 11 35 i
824 618 73 36 viss
927 622 83 33 mån
1041 620 100 35 olika
1169 621 209 47 graderade
1407 622 125 36 skalor
1560 622 322 49 stämpelafgiften
1904 625 73 36 kan

372 668 10 35 i
412 668 177 36 medeltal
617 682 106 23 anses
753 672 91 46 utgå
872 669 95 37 efter
997 670 319 49 hufvudsakligen
1344 672 166 48 följande
1538 675 178 47 grunder,
1755 676 221 48 nemligen
1952 664 28 64 i

571 736 174 47 England
779 767 115 6 somem
913 768 48 5 sms
1013 769 149 5 sammen
1181 770 82 5 nan
1282 771 81 4 vv
1397 742 83 34 med
1537 739 36 39 2
1604 756 43 33 pr
1675 744 100 34 mille

571 786 207 37 Frankrike
811 820 183 5 somsmmsmm
1013 820 81 5 nns
1146 822 48 4 nn
1213 822 150 5 enar
1435 803 14 19 OD
1512 788 61 42 Ta
1675 805 14 18 »

571 838 192 49 Tyskland
811 871 149 5 sessmnmnm
979 872 48 4 nn
1045 872 49 4 nn
1113 872 81 5 nnn
1213 873 150 5 annan
1435 854 14 19 OD
1535 841 37 41 fa
1676 858 14 15 »

571 889 155 48 Belgleh
743 922 14 4 as
776 922 81 4 ones
910 922 15 4 se
944 923 14 4 se
977 923 15 4 er
1011 922 14 5 sr
1045 923 14 4 sr
1078 923 48 5 seen
1190 924 71 4 nns
1313 925 48 4 een
1434 908 15 15 OD
1534 891 38 41 fa
1675 909 15 15 OP

571 940 166 49 Holland
766 973 92 4 ooosss
876 973 15 4 sn
910 973 48 5 sn
977 974 48 4 sr
1044 974 183 5 snaran
1280 976 81 4 nen
1434 943 136 41 Rå
1674 958 14 19 »

572 984 227 45 Österrike.
817 1024 215 5 .uw..wwcc
1054 1026 113 5 cc...
1190 995 86 35 med
1306 996 174 48 omkring
1533 994 37 41 >;
1675 1010 13 18 »

570 1041 164 50 SPanieD
776 1075 115 5 oesessr
910 1076 4 4 sr
944 1076 115 5 nens
1078 1077 70 5 svs
1212 1078 105 5 nn
1393 1048 86 35 med
1535 1045 37 41 2
1620 1037 20 62 =
1674 1061 14 18 oo»

572 1095 69 34 och
672 1094 184 49 Ryssland
883 1127 3 4 .
916 1127 172 5 ......
1118 1129 36 3 cc...
1190 1098 83 35 med
1305 1099 174 48 omkring
1508 1102 19 33 2
1675 1115 14 14 »

368 1153 69 34 och
469 1152 64 36 det
561 1154 110 36 torde
705 1154 235 36 fördenskull
969 1156 81 35 icke
1087 1157 120 36 finnas
1244 1160 116 46 några
1398 1159 134 49 giltiga
1561 1160 91 44 skäl,
1688 1160 174 36 hvarföre
1891 1162 82 35 icke

368 1216 44 22 en
450 1204 178 36 liknande
665 1206 407 49 stämpelbeskattning
1107 1208 122 36 skulle
1268 1209 126 35 kunna
1423 1210 10 35 i
1461 1214 67 32 vår
1556 1211 238 48 lagstiftning
1821 1211 151 37 införas.

468 1253 195 38 Utskottet
701 1255 97 37 afser
834 1256 117 37 likväl
990 1257 133 37 härvid
1159 1259 83 36 icke
1280 1266 55 30 att
1372 1273 138 34 genom
1538 1274 45 23 en
1613 1262 104 48 dylik
1752 1262 223 50 förändring

366 1307 125 44 någon
520 1307 167 48 egentlig
715 1307 191 48 rubbning
934 1309 9 34 i
973 1310 310 35 statsinkomsten
1313 1311 85 36 utaf
1419 1313 186 46 stämpeln
1625 1313 58 35 för
1703 1315 130 34 vexlar
1853 1315 120 35 skulle

366 1356 243 47 uppkomma,
639 1364 90 30 utan
759 1359 158 35 allenast
946 1365 54 30 att
1035 1373 45 22 en
1109 1361 199 36 rättvisare
1337 1361 217 49 fördelning
1582 1363 39 36 af
1646 1364 122 36 denna
1796 1366 178 44 stämpel-

366 1406 100 36 skatt
502 1408 122 37 skulle
663 1422 67 35 ega
767 1422 95 23 rum.
918 1409 129 49 Enligt
1085 1411 170 37 erhållna
1293 1413 192 48 uppgifter
1522 1414 58 36 för
1615 1415 45 36 de
1688 1416 69 36 sist
1793 1415 179 37 förflutna

365 1456 74 37 fem
467 1461 89 33 åren
584 1459 67 35 har
679 1466 141 30 statens
850 1461 165 36 inkomst
1044 1462 40 36 af
1108 1464 296 48 vexelstämplar
1433 1466 161 47 utgjort:

512 1572 17 46 os
989 1579 121 23 vexelstäm
1123 1579 47 31 plar
1177 1588 9 19 ;
1280 1581 97 31 stämpl.
1397 1581 149 29 blanketter;
1668 1591 103 16 summa.

498 1617 57 38 År
587 1623 92 34 1873
705 1652 239 6 sunnsnnvvvvn
984 1625 145 42 33,72:
1151 1643 46 4 —
1230 1605 37 71 =
1303 1627 215 43 26,974:—
1554 1605 32 71 —
1624 1629 144 43 60,7038:
1790 1647 47 4 —

518 1685 14 14 »
588 1674 93 33 1874
740 1704 81 4 uns
841 1704 48 4 un
908 1705 48 4 ns
983 1677 147 40 44009:
1151 1695 48 3 —
1232 1656 28 71 =
1304 1679 145 42 28514:
1471 1696 48 4 —
1561 1656 27 71 —
1624 1681 144 42 72,523:
1789 1698 48 4 —

519 1733 13 18 »
585 1724 93 34 1875
705 1754 216 6 nunssmnnnvnuv
940 1756 14 4 vn
983 1727 146 42 03,204:
1153 1746 43 3 —
1304 1729 144 43 22,425:
1469 1747 49 4 —
1622 1732 146 43 75,629:
1789 1750 48 3 —

518 1784 14 18 »
586 1775 92 35 1876
738 1805 48 4 on
816 1806 26 4 0nv
872 1806 81 5 vv
981 1778 147 41 48,384:
1149 1796 48 4 —
1304 1781 144 42 17,450:
1469 1798 49 4 —
1624 1783 144 41 65,834:
1790 1801 46 3 —

518 1837 14 15 »
587 1826 91 34 1877
749 1856 172 5 nana
984 1829 145 42 63,653:
1150 1847 48 4 —
1304 1831 144 43 25,000:
1469 1849 49 4 —
1623 1833 145 43 89,203:
1789 1851 48 5 —

362 1891 92 34 eller
484 1892 10 33 i
523 1891 177 37 medeltal
730 1896 133 41 72,778
894 1894 139 36 kronor
1062 1896 155 48 årligen.
1267 1896 196 37 Utskottet
1492 1899 135 35 saknar
1656 1901 212 35 emellertid
1897 1902 72 35 alla

361 1941 45 34 de
436 1940 123 48 öfriga
589 1942 206 49 uppgifter,
830 1957 80 22 som
949 1944 188 37 erfordras
1166 1946 58 36 för
1252 1953 54 30 att
1335 1948 173 45 bedöma,
1537 1950 11 34 i
1575 1950 130 36 hvilket
1732 1950 235 38 förhållande

360 1992 59 34 till
447 1993 286 36 vexelsumman
762 1996 301 47 vexelstämpeln
1092 1997 119 36 skulle
1241 1998 226 36 bestämmas
1488 1999 58 36 för
1566 2005 55 30 att
1642 2001 125 36 kunna
1785 2002 183 37 beräknas

360 2043 124 35 lemna
500 2056 44 22 en
563 2043 259 49 ungefärligen
841 2046 74 35 lika
931 2052 79 30 stor
1026 2048 262 36 statsinkorust
1303 2062 80 23 som
1400 2050 145 36 hittills.
1584 2050 80 38 Och
1683 2052 45 35 då
1745 2052 222 37 härförutan

361 2092 40 36 af
424 2092 271 50 förändringen
725 2096 166 47 påkallas
924 2101 39 31 så
990 2099 60 34 väl
1079 2098 141 50 förslag
1250 2100 56 35 till
1334 2114 70 34 nya
1433 2103 426 47 vexelstämpelvalörer
1888 2117 80 23 som

362 2143 109 36 äfven
509 2146 178 47 möjligen
716 2147 115 35 andra
861 2148 254 49 anordningar
1145 2151 69 34 och
1243 2150 251 46 föreskrifter,
1533 2153 144 36 hvilket
1709 2155 66 35 allt
1804 2155 63 35 det
1896 2160 71 31 sta-

361 2200 82 30 tens
482 2196 251 46 embetsverk,
771 2211 80 22 som
880 2199 85 35 med
1002 2200 226 48 uppbörden
1257 2201 40 36 af
1325 2203 349 48 stämpelpapperet
1703 2205 66 34 har
1798 2211 54 30 att
1880 2212 86 42 taga

362 2245 226 50 befattning,
629 2248 123 36 bättre
791 2256 45 28 än
873 2249 196 38 Utskottet
1098 2258 40 28 är
1166 2252 10 34 i
1206 2252 148 36 tillfälle
1388 2259 55 30 att
1471 2254 170 44 bedöma,
1676 2255 68 35 har
1774 2255 192 37 Utskottet

361 2297 82 35 icke
473 2304 124 30 ansett
625 2299 56 47 sig
710 2313 50 22 nu
790 2300 90 38 böra
908 2300 208 50 framlägga
1144 2306 116 45 något
1290 2303 140 49 förslag
1449 2305 59 35 till
1528 2304 227 38 förändrade
1775 2306 191 37 föreskrif-
