2168 2616
151 710 65 30 Ökat
236 717 98 29 anslag.

152 974 182 29 Förstärkning

167 1016 31 15 av
216 1016 112 15 reserva-

149 1044 186 27 tionsanslaget

143 1078 41 23 till
207 1077 138 23 underhåll

157 1119 31 16 av
205 1112 131 23 kustartil-

152 1147 88 22 leriets
258 1147 77 29 bygg-

172 1182 78 21 nader
269 1181 48 22 och

182 1216 123 23 materiel.

200 1266 93 46 [36.]

158 1395 152 29 Byggnader
328 1395 9 22 i

178 1430 141 22 Vaxholms

160 1464 114 28 fästning
292 1464 40 22 för

183 1498 131 23 officerare

168 1533 48 22 och
235 1533 92 22 under-

179 1567 139 24 officerare.

203 1617 91 46 [37.]

360 210 38 31 18
821 205 258 34 Statsutskottets
1100 204 169 33 utlåtande
1291 204 52 31 Nr
1364 206 33 29 4:
1419 202 70 32 IIT.

462 292 193 50 Därjämte
683 292 69 37 har
781 290 11 38 i
819 290 119 38 likhet
966 289 87 38 med
1080 289 74 38 vad
1182 302 82 24 som
1278 288 60 38 för
1353 291 40 33 år
1410 288 100 36 1920
1525 291 66 45 ägt
1606 298 82 24 rum
1702 286 58 37 till
1775 284 66 38 det
1855 282 100 39 ordi-

358 346 105 37 narie
503 345 194 49 anslagets
740 342 261 50 förstärkning
1041 341 121 37 under
1204 344 40 34 år
1287 342 89 35 1921
1426 339 129 36 äskats
1588 342 55 33 ett
1670 342 109 33 extra
1806 336 148 48 anslag,

358 397 229 50 uppgående
627 395 59 37 till
728 396 47 36 20
816 399 159 46 procent
1003 407 47 24 av
1079 393 65 37 det
1171 392 189 38 ordinarie
1388 390 195 49 anslagets
1612 389 224 38 slutsumma
1863 386 93 38 eller

363 450 163 47 147,710
554 449 151 36 kronor.

464 501 198 38 Utskottet
689 499 70 36 har
786 498 82 37 icke
896 497 128 37 funnit
1051 495 208 49 anledning
1286 495 58 37 till
1372 494 151 38 erinran
1551 498 78 32 mot
1657 493 64 37 det
1741 498 76 32 sätt
1837 493 118 47 varpå

359 552 292 50 ifrågavarande
679 550 137 50 anslag
842 550 115 48 jämte
985 547 417 51 förstärkningsanslag
1429 546 217 38 beräknats.

464 603 239 39 Beträffande
733 603 64 37 det
825 601 188 37 ordinarie
1041 600 175 50 anslaget
1244 598 218 38 hemställer
1489 598 198 46 utskottet,

863 710 53 32 att
956 703 206 50 riksdagen
1202 705 60 34 må
1301 702 12 37 i
1348 702 208 37 riksstaten
1586 700 58 37 för
1672 702 41 34 år
1745 700 94 35 1921
1869 698 89 49 höja

761 757 187 37 ordinarie
989 754 433 49 reservationsanslaget
1462 753 58 36 till
1552 750 200 39 underhåll
1780 764 46 23 av
1853 750 106 36 kust-

761 808 217 38 artilleriets
1006 806 228 51 byggnader
1262 806 70 37 och
1347 804 184 48 materiel,
1551 817 51 23 nu
1622 804 165 47 699,500
1803 802 154 46 kronor,

762 861 86 38 med
876 862 140 47 39,050
1045 860 141 36 kronor
1213 858 55 37 till
1299 858 163 48 738,550
1491 857 152 36 kronor.

468 966 99 49 23:0)
596 965 130 38 Under
755 964 238 50 åberopande
1023 976 46 23 av
1096 962 73 37 vad
1197 962 186 37 utskottet
1410 960 122 37 under
1559 959 122 49 punkt
1709 960 48 34 22
1777 957 68 37 här
1860 969 98 25 ovan

363 1019 139 47 anfört,
544 1019 57 36 får
641 1017 186 37 utskottet
863 1017 11 35 i
902 1014 223 49 anslutning
1151 1013 58 38 till
1237 1014 140 48 Kungl.
1409 1011 125 49 Maj:ts
1563 1010 142 49 förslag
1734 1009 134 50 (punkt
1896 1008 63 49 36)

364 1070 212 48 hemställa,

867 1124 54 32 att
965 1118 206 49 riksdagen
1212 1120 60 33 må
1312 1115 55 37 till
1402 1115 250 50 förstärkning
1694 1127 44 23 av
1780 1112 181 37 ordinarie

764 1171 394 48 reservationsanslaget
1184 1170 56 35 till
1266 1168 189 37 underhåll
1483 1180 44 23 av
1556 1166 280 37 kustartilleriets
1850 1166 109 47 bygg-

765 1225 112 36 nader
917 1224 61 36 och
1019 1222 157 36 materiel
1216 1223 48 47 på
1301 1224 106 32 extra
1435 1223 76 33 stat
1539 1219 58 36 för
1624 1221 41 33 år
1696 1219 95 35 1921
1821 1215 139 49 bevilja

765 1281 56 31 ett
849 1273 314 51 förslagsanslag,
1192 1273 125 48 högst,
1350 1272 164 46 147,710
1541 1270 151 37 kronor.

470 1380 100 49 24:0)
597 1379 141 49 Kungl.
781 1379 107 49 Maj:t
927 1378 70 36 har
1038 1376 198 48 föreslagit
1263 1375 205 49 riksdagen
1496 1373 134 50 (punkt
1658 1371 63 50 37)
1751 1371 78 38 dels
1857 1370 103 38 med-

366 1433 90 49 giva
484 1437 66 43 att,
578 1436 134 32 utöver
739 1431 66 36 det
832 1444 46 23 av
900 1432 97 35 1918
1023 1432 60 34 års
1108 1428 157 48 riksdag
1280 1426 56 37 till
1359 1425 239 50 uppförande
1618 1438 47 24 av
1684 1423 276 48 officersbygg-

366 1484 106 37 nad
462 1471 20 64 i
495 1483 209 38 Vaxholms
736 1483 173 48 fästning
937 1480 188 49 beviljade
1155 1479 172 49 anslaget
1354 1492 47 23 av
1430 1479 165 45 234,850
1622 1476 152 47 kronor,
1805 1475 58 36 för
1882 1488 79 23 om-

366 1536 186 38 förmälda
593 1535 175 37 ändamål
795 1537 59 34 må
882 1547 46 24 av
957 1534 46 36 de
1025 1536 13 33 å
1060 1533 101 36 vissa
1175 1530 393 48 reservationsanslag
1581 1528 220 50 uppkomna
1819 1526 142 37 behåll-

366 1589 139 48 ningar
541 1601 45 23 av
622 1588 167 46 412,630
818 1587 141 36 kronor
987 1584 193 38 användas
1208 1588 55 32 ett
1290 1582 138 50 belopp
1456 1595 48 24 av
1535 1582 161 46 115,150
1725 1580 156 44 kronor;

471 1639 80 38 dels
579 1639 70 37 ock
677 1639 56 36 till
761 1638 236 50 uppförande
1026 1649 47 24 av
1100 1633 456 50 underofficersbyggnad
1582 1632 12 37 i
1613 1632 164 36 nämnda
1791 1629 171 49 fästning

366 1696 49 45 på
455 1697 107 32 extra
602 1696 75 32 stat
717 1691 60 36 för
818 1693 39 34 år
902 1691 94 35 1921
1040 1687 139 49 bevilja
1219 1692 56 33 ett
1302 1684 391 49 reservationsanslag
1721 1696 46 25 av
1799 1683 161 47 196,000

368 1745 152 36 kronor.

471 1794 240 39 Beträffande
751 1793 257 49 utredningen
1054 1792 11 36 i
1093 1791 158 37 ärendet
1280 1790 55 37 får
1361 1789 190 38 utskottet
1579 1787 157 38 hänvisa
1764 1786 56 37 till
1850 1791 111 31 stats-

368 1847 316 51 rådsprotokollet
712 1845 68 38 sid.
813 1846 212 37 191—197.

472 1951 74 37 För
586 1949 237 51 uppförande
855 1962 46 23 av
930 1945 339 50 officersbyggnad
1297 1945 11 36 i
1339 1944 204 38 Vaxholms
1572 1942 170 49 fästning
1770 1942 192 37 erfordras

370 2003 120 49 enligt
525 2016 155 24 numera
720 2000 230 38 verkställda
992 1998 268 49 beräkningar,
1297 2001 135 33 utöver
1461 1997 100 36 förut
1588 2009 47 23 av
1663 1994 206 49 riksdagen
1898 1993 64 37 be-

370 2056 107 49 viljat
519 2054 134 49 anslag
693 2057 21 34 å
756 2053 163 48 234,850
960 2051 154 47 kronor,
1142 2049 222 50 ytterligare
1392 2049 165 47 215,150
1585 2047 150 37 kronor.
1790 2048 59 35 Av
1876 2045 87 37 sist-

370 2107 164 37 nämnda
561 2106 141 49 belopp
730 2105 69 37 har
826 2103 255 38 innevarande
1110 2105 59 33 års
1197 2101 156 49 riksdag
1380 2100 117 37 redan
1526 2103 21 33 å
1573 2099 235 49 tilläggsstat
1835 2097 59 37 för
1922 2100 41 33 år

374 2160 97 36 1920
500 2158 156 50 beviljat
687 2158 162 47 100,000
864 2156 153 37 kronor.
1059 2148 250 43 Återstående
1325 2151 458 49 merkostnadsbeloppet,
1801 2150 161 45 115,150

371 2212 155 47 kronor,
554 2211 68 36 har
650 2223 46 23 av
724 2208 141 50 Kungl.
895 2208 108 46 Maj:t
1031 2211 143 32 ansetts
1202 2206 128 36 kunna
1362 2204 188 38 bestridas
1579 2216 46 24 av
1651 2203 220 49 uppkomna
1898 2200 65 37 be-

371 2263 214 48 hållningar
614 2265 20 34 å
661 2261 103 37 vissa
791 2258 402 48 reservationsanslag.
