2176 2620
677 207 258 33 Statsutskottets
956 207 167 33 utlåtande
1148 207 50 32 Nr
1221 210 32 28 4:
1275 206 68 33 III.
1763 205 41 32 25

314 294 87 37 Med
429 293 264 50 tillstyrkande
722 307 46 24 av
797 292 141 50 Kungl.
967 293 127 49 Maj:ts
1125 291 143 49 förslag
1296 292 57 36 får
1380 291 186 37 utskottet
1593 290 212 47 hemställa,

714 402 54 31 att
808 396 207 49 riksdagen
1057 398 59 34 må
1151 397 65 47 för
1257 395 233 37 anordnande
1518 407 43 23 av
1590 407 40 24 en
1658 393 150 36 militär-

606 449 219 48 pedagogisk
865 449 84 35 kurs
982 447 64 47 för
1087 447 185 49 officerare
1311 447 61 36 vid
1412 446 161 36 marinen
1614 447 48 47 på
1703 450 105 31 extra

611 505 75 30 stat
728 500 58 35 för
827 501 39 34 år
909 501 94 34 1921
1049 498 139 48 bevilja
1230 503 54 31 ett
1329 496 392 48 reservationsanslag
1761 509 46 23 av

611 552 113 45 6,000
752 551 152 36 kronor.

316 651 98 49 39:0)
467 652 141 49 Kungl.
638 652 109 49 Maj:t
774 653 69 36 har
870 651 200 50 föreslagit
1097 651 205 49 riksdagen
1331 650 135 50 (punkt
1494 649 62 50 54)
1584 655 54 31 att
1653 649 58 37 till
1731 649 76 37 för-

213 704 69 37 sök
322 704 85 37 med
447 704 269 50 långspetsade
757 704 223 50 projektiler
1020 706 59 34 må
1119 703 193 37 användas
1345 707 53 32 ett
1427 702 136 49 belopp
1592 715 47 24 av
1668 702 139 43 25,000

212 756 143 37 kronor
382 769 47 23 av
457 759 20 34 å
505 757 100 36 vissa
632 756 393 49 reservationsanslag
1052 755 223 50 uppkomna
1294 754 262 49 behållningar
1576 767 45 24 av
1642 754 165 47 412,630

214 805 150 57 kronor.
1124 851 3 2 .

317 859 263 49 Utredningen
608 860 11 36 i
648 860 157 37 ärendet
833 860 204 36 återfinnes
1067 862 20 33 å
1115 859 68 36 sid.
1214 861 73 34 223
1308 872 46 23 av
1374 857 212 50 åberopade
1606 856 203 38 statsråds-

213 912 240 48 protokollet.

316 1015 142 50 Kungl.
488 1014 127 50 Maj:ts
644 1013 148 50 förslag
820 1027 109 23 avser
956 1018 55 31 att
1037 1012 139 38 bereda
1205 1012 247 49 erforderliga
1480 1011 123 38 medel
1633 1011 59 37 för
1716 1011 93 37 fort-

215 1068 174 37 sättande
426 1067 69 37 och
533 1066 237 37 slutförande
799 1080 46 23 av
874 1065 46 37 de
948 1065 143 48 försök,
1121 1078 81 23 som
1231 1064 117 37 gedan
1376 1064 90 37 flera
1494 1067 40 34 år
1561 1063 157 38 tillbaka
1745 1065 64 48 på-

214 1122 86 48 gått
335 1120 60 37 för
434 1119 210 37 utrönande
687 1131 46 24 av
775 1130 47 24 en
850 1116 224 51 lämpligare
1108 1117 96 37 form
1232 1120 48 46 på
1306 1115 229 51 projektilen
1563 1121 48 31 än
1640 1115 74 38 den
1742 1129 67 23 nu-

214 1172 178 48 varande,
420 1172 12 36 i
460 1172 99 48 syfte
588 1176 55 31 att
670 1171 72 36 öka
769 1170 355 49 artilleripjäsernas
1153 1168 205 38 skottvidd.

317 1223 204 49 Utskottet,
550 1236 82 24 som
661 1222 95 50 tagit
786 1222 59 37 del
874 1235 46 24 av
947 1222 56 36 till
1023 1222 157 36 ärendet
1198 1220 167 38 hörande
1385 1220 166 49 hemliga
1570 1219 239 49 handlingar,

217 1276 55 36 får
300 1275 209 49 hemställa,

716 1381 56 33 att
813 1376 207 49 riksdagen
1061 1379 60 33 må
1161 1375 192 50 medgiva,
1394 1380 55 32 att
1481 1375 56 36 till
1564 1374 132 38 försök
1724 1374 86 37 med

612 1428 269 51 långspetsade
922 1428 221 50 projektiler
1183 1431 60 34 må
1283 1427 194 37 användas
1514 1431 55 32 ett
1595 1426 140 50 belopp
1764 1439 47 23 av

615 1482 138 47 25,000
795 1481 140 36 kronor
975 1494 47 23 av
1060 1483 20 34 å
1108 1481 102 36 vissa
1237 1480 13 37 i
1278 1478 416 51 statsrådsprotokollet
1721 1484 91 32 över

589 1547 3 3 '
614 1532 398 50 sgjöförsvarsärenden
1053 1532 74 37 den
1170 1535 18 33 7
1228 1532 149 50 januari
1421 1532 96 36 1920
1559 1530 168 50 angivna
1753 1544 58 24 re-

614 1584 351 50 servationsanslag
1004 1584 219 50 uppkomna
1263 1583 263 50 behållningar
1561 1596 47 24 av
1644 1584 166 47 412,630

613 1638 152 36 kronor.

319 1740 100 50 40:0)
474 1740 17 37 I
532 1740 171 50 enlighet
743 1740 85 38 med
868 1740 143 49 Kungl.
1052 1740 128 49 Maj:ts
1223 1740 129 36 därom
1393 1738 234 38 framställda
1664 1737 147 50 förslag

217 1793 136 50 (punkt
381 1793 62 49 55)
472 1793 58 37 får
557 1794 189 36 utskottet
774 1792 212 48 hemställa,

718 1901 56 32 att
801 1896 205 49 riksdagen
1035 1898 72 44 må,
1135 1895 12 37 i
1176 1895 121 37 likhet
1323 1894 86 38 med
1436 1894 72 37 vad
1529 1907 82 24 som
1631 1893 60 38 för
1705 1893 106 37 inne-

615 1949 167 37 varande
822 1951 40 34 år
902 1953 68 44 ägt
1010 1962 94 33 rum,
1145 1948 57 36 till
1235 1948 125 49 försök
1399 1948 79 36 med
1506 1946 231 37 minmateriel
1764 1948 48 47 på

615 2006 107 32 extra
763 2006 76 31 stat
879 2001 60 37 för
975 2003 40 34 år
1045 2002 94 35 1921
1170 2000 141 49 bevilja
1339 2004 55 32 ett
1420 1998 393 49 reservationsanslag

615 2066 47 24 av
693 2054 138 47 25,000
859 2053 150 36 kronor.

260 2332 117 36 Bihang
392 2331 44 30 till
452 2331 168 37 riksdagens
631 2331 146 37 protokoll
795 2332 89 28 1920.
920 2331 19 28 6
949 2330 83 30 saml.
1078 2331 19 28 4
1113 2330 15 29 b
1151 2330 73 36 höft.
1269 2330 61 38 (Nr
1351 2331 35 29 4:
1402 2327 79 41 IIL)
1616 2337 53 20 1474
1683 2337 26 19 20
1752 2330 19 27 4

1838 408 63 29 Nytt
1921 408 96 29 anslag.

1842 667 96 23 Försök
1958 667 56 23 med

1840 701 181 30 långspetsade

1851 736 158 29 projektiler.

1884 787 94 46 [54.]

1845 1756 97 24 Försök
1961 1755 57 24 med

1845 1791 177 24 minmateriel.

1886 1842 94 47 [55.]
