2270 2626
774 161 250 34 Statsutskottets
1047 164 162 32 memorial
1233 163 52 33 Nr
1308 166 51 32 32.
1807 171 14 31 1

988 824 59 40 Nr
1074 825 64 40 32.

694 1032 123 30 Ankom
840 1033 49 29 till
912 1034 197 39 Riksdagens
1133 1036 102 29 kansli
1258 1037 60 30 den
1341 1040 40 28 28
1404 1049 79 20 mars
1511 1043 79 28 1911
1617 1042 41 31 kl.
1685 1046 18 26 4
1729 1053 25 20 e.
1775 1054 41 19 m.

459 1230 208 47 Memorial,
709 1233 13 33 i
751 1233 197 45 anledning
978 1234 49 43 af
1048 1236 215 36 kamrarnas
1289 1239 212 46 skiljaktiga
1531 1241 114 36 beslut
1674 1244 186 44 angående

659 1299 259 48 lönereglering
940 1302 66 43 för
1034 1305 108 35 nedre
1163 1307 356 42 justitierevisionen.

1548 1412 74 46 (3:e
1652 1414 102 49 Afd.)

385 1605 122 38 Sedan
535 1607 141 50 Kungl.
706 1609 107 50 Maj:t
840 1612 12 35 i
880 1613 488 51 statsverkspropositionen
1397 1617 117 36 under
1541 1619 118 49 tredje
1687 1621 169 48 punkten

256 1658 41 35 af
322 1658 114 36 andra
463 1658 257 39 hufvudtiteln
748 1662 195 50 föreslagit
970 1663 229 51 Riksdagen,
1228 1666 112 37 bland
1366 1674 126 41 annat,
1514 1675 54 31 att
1585 1671 205 48 godkänna
1809 1674 46 36 de

255 1709 8 35 i
295 1710 405 49 statsrådsprotokollet
729 1713 105 37 öfver
856 1715 588 50 justitiedepartementsärenden
1472 1720 57 36 för
1548 1721 72 36 den
1643 1725 45 34 13
1704 1723 149 48 januari

255 1761 251 37 innevarande
535 1765 39 33 år
600 1763 169 50 intagna,
800 1766 41 35 af
865 1766 410 49 departementschefen
1290 1769 208 50 framlagda
1518 1772 143 50 förslag
1680 1775 54 36 till
1754 1776 97 36 ordi-

255 1812 101 36 narie
397 1818 74 31 stat
511 1814 69 35 och
622 1815 306 50 öfvergångsstat
968 1818 57 36 för
1059 1820 113 36 nedre
1195 1820 358 48 justitierevisionen
1583 1831 54 30 att
1664 1822 188 58 tillämpas

256 1863 80 36 från
364 1864 69 36 och
462 1865 84 36 med
575 1868 41 34 år
646 1869 110 45 1912,
786 1875 97 31 samt
902 1869 88 49 höja
1009 1869 63 37 det
1090 1871 185 38 ordinarie
1296 1874 170 49 anslaget
1485 1875 55 36 till
1561 1876 114 37 nedre
1689 1874 162 58 justitie-

254 1915 210 37 revisionen
493 1917 81 36 från
605 1920 163 45 161,000
796 1920 138 37 kronor
961 1922 84 36 med
1077 1924 162 46 133,800
1267 1925 138 37 kronor
1432 1926 56 36 till
1517 1929 165 46 294,800
1702 1929 150 49 kronor,

254 1966 95 36 hade
377 1968 277 38 statsutskottet
682 1971 11 35 i
721 1972 192 37 utlåtande
941 1987 44 22 nr
1013 1976 21 33 2
1064 1975 170 48 punkten
1263 1976 73 49 3:0)
1366 1977 188 38 hemställt
1581 1980 114 37 bland
1726 1978 124 56 annat,

253 2023 54 30 att
335 2017 214 51 Riksdagen
578 2023 114 34 måtte

383 2070 33 48 a)
458 2071 203 48 godkänna
702 2073 165 49 följande
908 2076 184 45 ordinarie
1120 2083 74 30 stat
1221 2079 70 36 och
1320 2080 306 49 öfvergångsstat
1656 2083 56 35 för
1740 2084 111 36 nedre

248 2120 369 50 Justitierevisionen,
646 2129 55 31 att
728 2125 188 50 tillämpas
945 2127 80 36 från
1054 2128 70 36 och
1153 2129 84 36 med
1266 2133 39 33 år
1336 2133 112 34 1912:

340 2257 130 44 Bihang
492 2259 50 32 till
565 2259 112 33 Riksd.
697 2265 87 38 prot.
810 2263 95 32 1911.
951 2265 20 31 4
995 2265 98 33 Saml.
1143 2269 17 29 1
1185 2266 79 41 Afd.
1311 2269 42 32 29
1375 2268 93 42 Häft.
1512 2270 63 39 (Nr
1598 2272 69 37 32.)
1790 2272 15 31 1
