1876 2848
485 186 113 29 Första
619 186 223 34 lagutskottets
862 185 165 29 utlåtande
1047 186 48 28 Nr
1118 190 49 26 55.
1572 185 20 31 3

128 272 56 31 Av
202 272 210 32 förestående
430 272 207 38 redogörelse
656 272 163 39 framgår,
838 275 50 29 att
907 274 17 30 2
945 272 18 38 $
981 272 12 32 i
1012 273 84 31 1916
1115 273 55 31 års
1188 272 58 38 lag
1263 272 12 31 i
1294 272 101 38 fråga
1413 284 52 20 om
1484 271 101 32 aktie-

82 323 110 38 bolag,
216 323 111 33 vilkas
351 323 173 32 aktiebrev
545 323 96 32 skola
662 335 83 20 vara
768 323 125 32 ställda
915 323 54 32 till
991 323 69 32 viss
1084 335 87 25 man,
1197 323 117 37 skiljer
1337 323 122 31 mellan
1483 323 19 31 å
1524 334 63 20 ena

84 373 96 32 sidan
203 373 110 38 bolag,
339 373 11 32 i
374 373 96 32 vilka
493 373 67 32 alla
582 373 110 32 aktier
715 373 44 32 ha
781 373 71 32 lika
876 373 173 32 röstvärde
1073 376 87 29 samt
1184 373 19 31 å
1228 373 105 31 andra
1357 372 96 32 sidan
1476 372 110 38 bolag,

82 424 12 31 i
113 423 95 33 vilka
229 423 153 32 aktierna
402 423 45 32 ha
468 423 89 32 olika
578 423 184 33 röstvärde.
805 424 18 32 I
845 435 115 20 senare
982 423 97 32 fallet
1101 424 54 31 må
1176 423 134 38 bolaget
1331 423 107 38 enligt
1461 422 125 38 ifråga-

82 474 104 32 rande
204 474 58 38 lag
278 478 82 28 utan
377 474 206 38 Konungens
602 474 156 32 tillstånd
776 474 159 32 förvärva
954 473 71 33 fast
1042 473 160 39 egendom
1221 473 80 33 eller
1319 485 109 27 gruva
1446 473 113 33 därest
1575 472 14 33 i

82 524 305 39 bolagsordningen
408 524 142 38 intagits
574 524 166 32 förbehåll
765 528 50 28 att
840 524 144 32 allenast
1007 525 35 31 så
1066 525 124 37 många
1212 524 109 32 aktier
1343 527 52 29 att
1417 524 172 32 röstetalet

83 574 54 32 för
158 575 73 32 dem
251 578 99 35 utgör
370 575 70 32 viss
463 574 62 39 del,
546 574 57 32 vid
624 575 95 38 varje
739 575 50 32 tid
810 575 128 32 mindre
961 579 42 27 än
1024 586 38 21 en
1085 574 169 40 femtedel,
1277 587 43 20 av
1341 575 172 32 röstetalet
1536 574 53 32 för

81 625 153 38 bolagets
263 625 158 38 samtliga
449 625 108 32 aktier
594 626 54 31 må
675 637 117 26 genom
821 625 160 38 teckning
1008 625 79 32 eller
1115 625 197 32 överlåtelse
1340 625 177 32 förvärvas
1547 637 42 20 av

81 675 163 32 utländsk
263 676 226 38 medborgare,
512 675 233 38 samfällighet
765 675 80 32 eller
865 675 145 33 stiftelse
1029 675 79 32 eller
1127 676 93 31 vissa
1240 676 136 32 därmed
1394 675 195 39 jämställda

83 725 144 33 svenska
255 725 232 39 rättssubjekt.
538 726 131 32 Härvid
698 726 198 32 förutsättes
925 726 141 32 sålunda
1092 726 84 39 icke,
1205 730 51 28 att
1283 727 109 37 någon
1418 726 71 32 viss
1516 738 71 26 pro-

82 779 75 29 cent
177 788 43 20 av
239 776 259 38 aktiekapitalet
522 776 86 32 skall
629 776 141 32 bevaras
791 777 43 37 på
856 776 143 32 svenska
1021 776 135 33 händer.

126 826 235 32 Förevarande
377 826 230 32 bestämmelse
626 826 62 32 har
707 826 161 32 föranlett
886 830 52 29 att
955 830 48 28 ett
1020 826 190 38 betydande
1231 827 93 32 antal
1344 827 101 38 bolag
1464 827 125 38 utgivit

82 876 110 32 aktier
208 877 74 31 med
298 876 90 33 olika
404 876 182 39 röstvärde,
604 888 25 21 s.
646 877 33 32 k.
696 877 45 32 A-
759 877 60 32 och
835 877 154 32 B-aktier
1006 877 79 32 eller
1102 881 99 28 stam-
1219 877 60 32 och
1295 877 292 38 preferensaktier,

83 927 120 32 därvid
222 927 153 32 aktierna
392 927 12 31 i
422 927 62 32 den
502 938 60 21 ena
581 939 154 26 gruppen
751 927 43 32 ha
812 931 47 28 ett
877 927 181 39 röstvärde,
1081 939 69 20 som
1171 932 37 28 är
1226 927 241 39 mångdubbelt
1485 931 103 29 större

82 982 43 27 än
149 978 189 31 röstvärdet
362 977 55 32 för
441 977 153 32 aktierna
621 977 11 32 i
660 977 63 32 den
748 978 104 32 andra
880 989 163 27 gruppen.

126 1053 78 32 Med
230 1053 183 38 anledning
436 1065 42 20 av
504 1053 90 32 detta
619 1053 212 32 förhållande
854 1053 139 33 väcktes
1018 1053 57 32 vid
1103 1054 85 33 1928
1216 1054 54 32 års
1298 1054 141 38 riksdag
1465 1054 122 32 motion

82 1115 52 20 om
158 1103 146 38 ändring
327 1104 12 31 i
363 1105 17 30 2
407 1103 18 39 $
451 1115 42 20 av
519 1104 83 32 1916
627 1104 55 31 års
707 1104 67 38 lag,
799 1103 114 33 vilken
939 1104 122 32 motion
1084 1104 185 32 emellertid
1294 1104 73 32 icke
1393 1104 195 32 föranledde

81 1154 111 38 någon
215 1153 199 39 riksdagens
437 1153 132 38 åtgärd.

126 1229 114 32 Under
263 1229 225 32 innevarande
512 1229 37 32 år
572 1229 61 32 har
654 1229 89 32 inom
767 1229 395 39 justitiedepartementet
1186 1230 188 32 utarbetats
1400 1234 48 28 ett
1471 1230 117 33 utkast

81 1279 53 32 till
150 1279 59 38 lag
226 1291 50 20 om
293 1279 144 38 ändring
452 1279 12 32 i
482 1281 84 31 1916
582 1280 54 32 års
650 1280 59 38 lag
724 1280 60 32 och
797 1280 62 32 har
871 1280 152 32 utkastet
1038 1281 102 38 jämte
1157 1292 39 20 en
1214 1281 220 38 promemoria
1450 1281 12 32 i
1479 1285 109 28 ämnet

78 1329 205 32 remitterats
304 1330 53 31 till
375 1329 91 32 olika
486 1330 236 38 myndigheter
741 1330 60 32 och
821 1330 262 39 korporationer.

126 1380 67 32 Det
216 1392 118 26 genom
358 1381 247 38 propositionen
629 1381 194 38 framlagda
847 1381 165 38 förslaget
1035 1381 150 32 ansluter
1209 1382 51 38 sig
1285 1382 53 32 till
1366 1382 55 32 det
1444 1383 142 31 remitte-

83 1430 79 32 rade
189 1430 161 33 utkastet.
402 1430 68 32 Det
495 1431 137 32 innebär
660 1431 62 32 den
750 1431 185 38 ändringen
961 1432 12 31 i
1003 1432 83 32 1916
1114 1432 55 32 års
1197 1432 68 39 lag,
1293 1436 51 28 att
1370 1432 110 40 bolag,
1508 1444 78 20 vars

81 1480 110 32 aktier
209 1485 57 27 äro
286 1481 125 32 ställda
431 1480 54 32 till
501 1481 69 31 viss
586 1493 78 19 man
682 1482 60 31 och
759 1482 74 31 vari
851 1481 109 32 aktier
979 1482 73 31 med
1070 1482 91 32 olika
1180 1482 172 32 röstvärde
1372 1482 124 39 finnas,
1515 1482 72 32 icke

82 1532 53 31 må
160 1534 84 29 utan
271 1532 206 37 Konungens
504 1531 154 32 tillstånd
687 1531 159 33 förvärva
874 1532 72 32 fast
972 1532 158 37 egendom
1158 1532 80 32 eller
1265 1544 108 26 gruva
1400 1533 80 31 eller
1507 1533 80 32 idka

82 1581 175 38 gruvdrift
277 1585 81 28 utan
379 1584 52 29 att
450 1581 12 31 i
482 1581 304 39 bolagsordningen
808 1581 142 39 intagits
973 1582 175 38 förbehåll,
1171 1586 51 28 att
1242 1583 144 32 allenast
1408 1584 37 31 så
1466 1585 121 36 många

82 1631 110 32 aktier
216 1635 51 28 att
288 1632 38 32 de
346 1631 59 32 vid
426 1632 93 37 varje
541 1631 48 32 tid
610 1635 170 29 motsvara
801 1632 69 32 viss
894 1632 62 39 del,
979 1632 127 32 mindre
1129 1637 43 27 än
1194 1644 39 21 en
1256 1633 168 39 femtedel,
1448 1645 42 21 av
1512 1634 75 32 hela

82 1682 258 38 aktiekapitalet
361 1682 60 32 och
438 1682 112 32 tillika
568 1683 173 31 röstetalet
758 1682 53 32 för
829 1683 73 31 dem
920 1686 100 35 utgör
1035 1683 69 32 viss
1123 1683 62 39 del,
1205 1683 56 32 vid
1280 1684 94 38 varje
1392 1684 50 32 tid
1460 1684 126 32 mindre

82 1737 41 26 än
145 1744 39 20 en
205 1732 167 38 femtedel,
394 1744 43 20 av
457 1733 171 31 röstetalet
648 1733 55 31 för
722 1733 151 38 bolagets
895 1733 158 38 samtliga
1074 1733 119 39 aktier,
1216 1735 53 30 må
1290 1746 117 26 genom
1430 1734 157 39 teckning

81 1782 81 32 eller
181 1783 195 31 överlåtelse
397 1783 176 32 förvärvas
593 1795 42 20 av
654 1783 162 32 utländsk
838 1783 225 39 medborgare,
1085 1784 233 38 samfällighet
1339 1785 80 31 eller
1442 1785 144 31 stiftelse

82 1832 80 32 eller
187 1833 136 32 därmed
345 1833 196 38 jämställda
565 1833 144 32 svenska
734 1833 232 38 rättssubjekt.
1013 1834 175 38 Därjämte
1213 1835 185 31 innehåller
1423 1835 164 38 förslaget

81 1883 439 37 övergångsbestämmelser
538 1883 11 31 1
571 1883 92 37 syfte
682 1887 51 28 att
752 1883 107 32 aktier
879 1884 11 31 i
909 1884 109 38 bolag,
1040 1896 68 20 som
1129 1884 102 32 redan
1250 1885 58 31 vid
1327 1885 117 38 lagens
1465 1885 120 32 ikraft-

81 1933 164 31 trädande
266 1933 61 31 den
349 1934 16 30 1
388 1933 63 37 juli
472 1934 84 31 1934
576 1938 65 33 äga
664 1937 104 28 större
789 1934 70 31 fast
878 1934 159 37 egendom
1057 1934 80 31 eller
1157 1935 121 31 inneha
1299 1946 107 27 gruva
1426 1935 80 31 eller
1526 1936 61 31 ock

81 1987 65 34 äga
163 1983 110 31 aktier
288 1983 10 31 i
315 1983 137 31 svenskt
467 1983 99 37 bolag
584 1995 69 20 som
670 1988 80 33 äger
766 1983 80 32 eller
861 1984 140 31 innehar
1018 1984 104 31 sådan
1139 1985 169 38 egendom,
1328 1984 95 33 skola
1441 1985 145 32 förbliva

81 2034 19 30 å
119 2033 144 32 svenska
283 2033 126 32 händer
428 2033 198 32 åtminstone
645 2033 11 31 i
676 2033 63 32 den
757 2033 236 38 utsträckning
1013 2046 67 19 som
1099 2034 58 32 vid
1177 2034 116 38 lagens
1312 2034 274 34 ikraftträdande

80 2095 61 20 var
160 2083 239 33 förhållandet.
426 2083 67 32 För
510 2083 119 32 sådant
647 2083 156 32 ändamål
820 2084 198 32 inskränkes
1037 2084 328 38 dispositionsrätten
1383 2089 78 28 över
1478 2085 108 33 aktier

80 2134 51 31 uti
151 2133 263 38 ifrågavarande
434 2133 99 39 bolag
553 2134 142 31 sålunda
716 2138 50 28 att
785 2134 117 39 aktier,
927 2146 67 20 som
1016 2135 60 31 den
1098 2136 16 31 1
1135 2135 64 38 juli
1222 2136 83 32 1934
1326 2140 83 33 ägas
1429 2136 80 31 eller
1529 2141 56 27 äro

81 2183 163 32 tecknade
264 2196 41 19 av
325 2183 143 32 svenska
488 2184 224 38 medborgare,
733 2184 109 39 bolag,
864 2185 203 38 föreningar,
1091 2185 106 32 andra
1218 2185 268 38 samfälligheter
1506 2186 80 32 eller

82 2233 165 32 stiftelser
264 2234 80 31 eller
361 2233 94 32 vilka
472 2234 135 37 utgivas
627 2234 10 31 i
657 2234 180 38 anledning
855 2247 42 19 av
918 2234 276 38 aktiekapitalets
1213 2235 135 39 ökning,
1367 2235 73 32 icke
1459 2237 53 30 må
1531 2248 53 26 ge-

81 2295 74 20 nom
175 2283 158 38 teckning
352 2284 80 31 eller
452 2284 193 31 överlåtelse
668 2285 175 31 förvärvas
863 2296 42 19 av
924 2284 161 31 utländsk
1105 2285 226 39 medborgare,
1354 2286 232 37 samfällighet

81 2333 80 31 eller
179 2333 145 31 stiftelse
341 2333 81 32 eller
439 2333 134 32 därmed
592 2334 196 37 jämställda
806 2334 142 31 svenska
967 2334 232 36 rättssubjekt.
1239 2335 77 31 Vad
1336 2335 141 32 sålunda
1496 2335 87 32 stad-

81 2386 76 34 gats
176 2382 87 32 skall
281 2382 83 32 dock
379 2384 29 37 ej
426 2383 150 31 medföra
595 2383 246 38 inskränkning
857 2384 11 30 i
886 2383 62 32 den
967 2383 193 38 aktieägare
1178 2384 251 32 tillkommande
1448 2389 67 27 rätt
1532 2385 52 32 till

81 2432 159 39 teckning
257 2433 79 31 eller
351 2432 193 33 erhållande
561 2445 40 19 av
619 2433 55 31 det
691 2433 93 32 antal
800 2445 68 25 nya
884 2433 109 32 aktier
1008 2434 11 31 i
1035 2433 144 38 bolaget,
1198 2446 68 19 som
1284 2446 117 20 svarar
1418 2439 67 27 mot
1502 2435 82 32 hans

81 2483 97 31 andel
197 2483 9 31 i
225 2483 54 31 det
299 2483 239 31 förutvarande
556 2483 268 39 aktiekapitalet,
842 2483 80 32 eller
939 2483 246 39 inskränkning
1203 2484 10 31 i
1232 2484 61 31 den
1312 2488 68 28 rätt
1398 2489 51 27 att
1466 2485 118 31 teckna
