1934 2822
302 167 41 30 62
755 164 279 31 Statsutskottets
1054 166 177 29 utlåtande
1249 166 51 30 Nr
1318 169 25 26 8.

623 248 29 29 2.
678 247 173 41 Avlöning
875 247 49 32 till
950 247 205 41 tjänsteman
1182 249 19 29 å
1217 247 236 42 indragnings-

677 303 74 35 stat,
768 300 199 41 förslagsvis.
979 328 471 5 sosse
1254 296 93 49 esse
1362 296 92 49 set
1473 302 124 31 kronor
1666 304 120 36 11,600

623 364 29 30 3.
679 363 157 32 Arvoden
861 364 64 31 och
949 363 165 32 särskilda
1139 364 235 41 ersättningar,
1400 364 52 31 be-

677 416 132 32 stämda
832 428 43 21 av
900 417 128 40 Kungl.
1055 417 99 40 Maj:t.
1174 444 277 5 ..........
1522 429 12 15 >
1643 420 143 37 164,800

621 481 29 29 4.
678 479 209 42 Avlöningar
912 479 49 32 till
985 480 96 41 övrig
1105 480 255 32 icke-ordinarie
1384 491 70 30 per-

721 533 108 32 sonal:

675 597 28 21 a.
718 586 323 42 Grundavlöningar
1055 597 95 21 m.m.
1167 587 124 31 kronor
1316 588 145 37 308,650

676 640 29 31 b.
720 640 434 41 Avlöningsförhöjningar

719 705 43 20 m.
789 705 56 28 m.,
862 694 198 40 förslagsvis
1091 720 59 5 ...
1223 705 11 14 >
1356 695 99 38 3,450
1520 715 11 14 =»
1638 705 146 36 312,100

621 766 29 31 5.
678 765 173 32 Särskilda
873 765 251 33 löneförmåner
1141 765 51 32 till
1209 766 168 31 ordinarie
1395 766 62 32 och

674 818 254 32 icke-ordinarie
952 819 219 40 tjänstemän,
1189 819 199 41 förslagsvis
1418 846 33 4 ..
1523 831 11 15 >
1663 821 121 37 23,400

1287 882 144 31 Summa
1455 882 126 32 kronor
1606 883 188 38 1,055,600.

976 981 173 31 Särskilda
1173 981 280 40 uppbördsmedel:

621 1043 156 41 Avgifter
801 1043 76 31 från
903 1043 41 31 de
969 1042 204 33 studerande
1203 1070 276 5 ...........
1492 1043 125 32 kronor
1640 1045 144 36 230,000

1259 1106 209 41 Nettoutgift
1492 1106 124 32 kronor
1640 1107 155 38 825,600;

665 1192 27 42 c)
716 1195 50 31 till
792 1195 163 32 Tekniska
979 1195 188 40 högskolan:
1188 1196 205 40 Avlöningar
1408 1197 54 31 för
1478 1195 198 42 budgetåret
1695 1198 100 34 1936/

623 1249 82 30 1937
731 1248 119 32 anvisa
874 1250 45 30 ett
937 1248 262 41 förslagsanslag
1223 1259 42 21 av
1290 1249 145 38 825,600
1458 1249 133 32 kronor.

346 1363 108 41 107:0)
486 1363 200 33 Tekniska
717 1363 240 42 högskolan:
991 1363 299 34 Omkostnader.
1337 1365 15 31 I
1386 1365 150 42 enlighet
1563 1366 78 32 med
1666 1366 129 42 Kungl.

300 1418 115 41 Maj:ts
443 1417 128 42 förslag
594 1415 123 44 (punkt
743 1419 71 35 106,
840 1418 61 32 sid.
928 1415 198 43 267—269),
1151 1418 105 32 vilket
1280 1418 143 32 innebär
1446 1430 42 21 en
1513 1419 285 42 anslagshöjning

300 1472 76 32 med
408 1473 97 38 1,300
537 1472 134 38 kronor,
697 1472 193 32 hemställer
919 1472 173 38 utskottet,
1118 1471 109 33 under
1250 1472 210 41 hänvisning
1482 1473 50 31 till
1556 1473 66 32 vad
1647 1473 150 42 departe-

299 1526 233 32 mentschefen
558 1525 7 31 i
592 1528 116 30 ämnet
730 1526 123 38 anfört,

663 1582 48 29 att
735 1579 181 41 riksdagen
942 1581 56 30 må
1021 1579 50 32 till
1100 1579 162 32 Tekniska
1278 1580 189 40 högskolan:
1495 1580 230 33 Omkostnader
1741 1582 56 30 för

619 1632 196 41 budgetåret
848 1630 187 39 1936/1937
1071 1633 119 32 anvisa
1223 1636 44 28 ett
1293 1633 263 42 förslagsanslag
1583 1644 43 22 av
1651 1635 146 37 225,200

619 1687 131 32 kronor.

344 1791 108 44 108:0)
484 1793 200 33 Tekniska
711 1793 240 42 högskolan:
979 1793 180 33 Materiel
1181 1802 49 24 m.
1253 1803 48 23 m.
1349 1795 15 31 I
1389 1795 150 41 enlighet
1562 1796 78 31 med
1665 1785 128 51 Kungl.

297 1848 117 41 Maj:ts
441 1847 128 41 förslag
592 1845 122 43 (punkt
740 1849 71 37 107,
838 1848 61 32 sid.
927 1845 197 43 269—272),
1151 1847 105 33 vilket
1279 1848 143 32 innebär
1446 1859 41 21 en
1512 1848 286 42 anslagshöjning

297 1901 77 32 med
401 1902 121 39 20,000
546 1901 135 39 kronor,
705 1901 196 33 hemställer
924 1902 173 39 utskottet,

662 1957 49 30 att
741 1955 181 42 riksdagen
952 1957 56 30 må
1031 1955 50 32 till
1110 1955 162 33 Tekniska
1296 1956 190 40 högskolan:
1510 1956 154 33 Materiel
1687 1968 39 20 m.
1753 1968 40 20 m.

618 2010 53 30 för
703 2009 200 42 budgetåret
936 2007 186 42 1936/1937
1160 2009 116 32 anvisa
1312 2012 46 29 ett
1390 2010 327 40 reservationsanslag
1750 2021 44 21 av

621 2063 142 38 246,500
786 2063 135 32 kronor.

342 2169 108 43 109:0)
483 2170 200 33 Tekniska
717 2170 240 41 högskolan:
985 2170 207 40 Bokinköp
1217 2170 74 32 och
1314 2170 272 41 bokbindning
1609 2170 64 32 för
1695 2170 98 41 hög-

295 2224 164 33 skolans
483 2224 202 33 bibliotek.
720 2224 16 32 I
760 2224 149 42 enlighet
934 2224 78 32 med
1035 2224 133 41 Kungl.
1195 2224 114 41 Maj:ts
1333 2224 130 41 förslag
1486 2221 121 45 (punkt
1632 2225 73 39 108,
1731 2224 61 32 sid.

296 2279 63 32 272
385 2279 64 32 och
474 2276 85 43 273),
584 2278 106 32 vilket
713 2278 141 32 innebär
878 2289 42 21 en
945 2277 286 42 anslagshöjning
1253 2278 79 32 med
1357 2278 66 32 500
1446 2278 135 39 kronor,
1599 2278 198 33 hemställer

294 2332 175 39 utskottet,
494 2332 108 32 under
626 2332 208 41 hänvisning
857 2332 51 32 till
932 2331 66 33 vad
1023 2331 377 42 departementschefen
1424 2332 11 31 i
1460 2335 115 29 ämnet
1598 2333 124 37 anfört,

660 2388 48 30 att
740 2386 184 41 riksdagen
958 2387 56 30 må
1046 2385 50 32 till
1132 2385 163 32 Tekniska
1328 2385 189 41 högskolan:
1545 2386 170 40 Bokinköp
1739 2386 53 30 och

615 2439 218 42 bokbindning
851 2440 59 41 för
933 2439 187 41 högskolans
1144 2439 149 32 bibliotek
1317 2440 54 31 för
1387 2438 199 43 budgetåret
1604 2436 188 35 1936/1937

615 2494 118 32 anvisa
756 2496 45 29 ett
827 2493 330 41 reservationsanslag
1181 2504 42 21 av
1248 2494 121 38 33,500
1393 2493 136 32 kronor.
