1898 2836
560 157 281 30 Statsutskottets
860 156 176 30 utlåtande
1056 155 51 30 Nr
1124 158 26 27 8.
1549 155 63 30 119

111 240 337 38 skolkökskurserna,
474 250 79 21 men
577 242 49 29 att
650 239 163 32 utskottet
836 238 73 32 icke
933 249 98 20 anser
1055 237 52 41 sig
1124 237 117 31 kunna
1257 235 178 42 tillstyrka,
1454 238 50 29 att
1520 234 93 32 detta

111 294 187 42 uppställes
322 304 74 21 som
419 293 124 33 villkor
566 293 54 31 för
643 292 170 41 utgående
838 303 42 21 av
905 291 215 40 statsbidrag.

158 348 173 33 Utskottet
354 346 195 33 hemställer
572 346 101 32 alltså

478 410 25 32 I.
540 412 49 29 att
613 409 183 41 riksdagen
820 410 57 30 må
901 408 78 32 med
1003 407 97 32 bifall
1123 406 51 32 till
1199 405 128 42 Kungl.
1353 405 115 41 Maj:ts
1485 404 129 41 förslag

434 464 120 32 anvisa
578 464 54 31 för
656 463 201 41 budgetåret
883 462 188 39 1936/1937

480 524 30 44 a)
536 526 49 32 till
609 526 186 32 Folkskolor
818 537 39 20 m.
883 537 51 20 m.:
961 524 131 41 Bidrag
1118 524 51 32 till
1193 523 153 41 avlöning
1371 525 34 29 åt
1426 521 190 33 lärarinnor

435 581 14 32 i
484 580 287 41 hushållsgöromål
799 579 55 32 vid
883 578 160 42 egentliga
1064 578 177 41 folkskolor
1264 589 40 20 m.
1329 588 40 20 m.
1395 578 46 30 ett
1457 575 159 41 förslags-

437 635 113 40 anslag
575 645 43 22 av
643 634 144 38 295,000
811 633 138 38 kronor;

482 694 32 43 b)
547 696 51 32 till
632 696 187 32 Folkskolor
851 707 39 20 m.
920 706 55 20 m.:
1005 694 132 41 Bidrag
1167 694 51 32 till
1242 694 179 31 avlönande
1444 703 40 20 av
1508 692 109 31 lärare

438 752 35 30 åt
496 751 55 31 vid
574 750 303 32 statsunderstödda
900 748 333 40 sjukvårdsanstalter
1256 747 55 32 och
1334 746 56 32 vid
1413 745 87 32 vissa
1524 746 94 30 barn-

438 805 69 31 hem
539 804 140 40 intagna
713 804 81 31 barn
826 803 14 31 i
872 802 183 32 skolåldern
1079 804 47 29 ett
1142 800 263 42 förslagsanslag
1429 809 43 22 av
1496 798 122 39 70,000

439 858 139 38 kronor;

484 918 27 42 c)
545 920 50 31 till
629 920 186 32 Folkskolor
846 930 40 21 m.
912 930 54 20 m.:
995 917 377 40 Folkundervisningens
1396 914 224 42 befrämjande

440 975 14 31 i
487 974 101 32 rikets
620 973 198 41 nordligaste
846 975 187 39 gränsorter
1057 974 47 29 ett
1119 970 265 42 förslagsanslag
1409 980 41 21 av
1475 968 144 39 230,000

441 1028 138 39 kronor;

486 1087 32 43 d)
551 1089 52 33 till
635 1090 186 32 Folkskolor
853 1101 39 19 m.
927 1100 54 20 m.:
1014 1087 132 41 Bidrag
1180 1087 51 32 till
1258 1087 88 32 vissa
1375 1086 170 31 kostnader
1561 1083 60 42 för

441 1144 304 40 skolundervisning
769 1145 35 30 åt
834 1143 69 32 lots-
932 1143 54 31 och
1001 1141 269 42 fyrpersonalens
1294 1141 82 31 barn
1400 1142 47 29 ett
1463 1138 157 42 förslags-

442 1198 115 40 anslag
581 1208 43 22 av
648 1198 122 38 35,000
793 1197 139 38 kronor;

487 1260 42 32 II.
567 1263 49 29 att
640 1260 77 32 herr
740 1259 167 41 Nybloms
931 1257 244 34 ovannämnda
1199 1257 130 32 motion
1354 1253 53 43 (II:
1423 1252 75 43 233)
1515 1254 30 41 ej
1565 1255 57 30 må

443 1314 50 32 till
517 1316 114 40 någon
656 1313 198 41 riksdagens
879 1312 119 42 åtgärd
1022 1311 186 33 föranleda.

170 1421 105 43 149:0)
299 1422 237 33 Folkskolor
560 1430 49 24 m.
632 1430 61 23 m.:
725 1420 149 41 Bidrag
896 1420 63 32 till
982 1419 190 41 avlöning
1195 1417 42 33 åt
1254 1415 370 35 föreståndarinnor

123 1477 75 32 och
220 1476 234 33 biträdande
470 1474 369 33 föreståndarinnor
854 1474 68 31 vid
938 1472 179 33 skolhem
1134 1472 74 32 och
1225 1470 276 41 arbetsstugor
1516 1469 108 32 inom

123 1529 235 39 Jämtlands,
392 1529 304 32 Västerbottens
732 1528 74 32 och
841 1527 263 32 Norrbottens
1138 1525 79 32 län.
1268 1524 129 41 Kungl.
1433 1523 97 41 Maj:t
1562 1523 63 31 har

124 1582 123 43 (punkt
273 1584 72 38 146,
371 1582 61 33 sid.
458 1582 64 32 385
547 1582 64 32 och
635 1579 76 42 386)
735 1581 175 41 föreslagit
933 1580 182 41 riksdagen
1140 1582 49 29 att
1212 1578 50 32 till
1286 1577 201 33 Folkskolor
1503 1588 44 20 m.
1567 1587 56 21 m.:

125 1638 127 41 Bidrag
274 1637 51 32 till
349 1636 163 41 avlöning
535 1637 34 30 åt
594 1635 315 33 föreståndarinnor
932 1634 63 32 och
1018 1632 202 34 biträdande
1235 1631 315 33 föreståndarinnor
1566 1629 60 33 vid

126 1691 154 32 skolhem
313 1690 63 33 och
410 1690 230 41 arbetsstugor
672 1689 94 32 inom
799 1688 203 38 Jämtlands,
1033 1686 258 33 Västerbottens
1315 1685 64 33 och
1403 1684 223 32 Norrbottens

126 1745 57 31 län
216 1745 53 31 för
301 1744 201 41 budgetåret
528 1740 190 38 1936/1937
748 1742 119 33 anvisa
896 1744 46 30 ett
965 1740 268 42 förslagsanslag
1256 1750 43 22 av
1326 1739 141 38 106,000
1490 1738 134 31 kronor.

173 1852 15 30 I
217 1851 167 32 samband
408 1850 142 32 härmed
573 1850 63 32 har
660 1850 164 31 utskottet
847 1849 51 32 till
922 1848 210 41 behandling
1156 1847 151 32 förehaft
1330 1847 57 31 två
1410 1844 219 42 likalydande

128 1905 177 38 motioner,
339 1904 132 39 väckta,
505 1904 65 31 den
604 1914 64 21 ena
700 1903 95 31 inom
828 1904 106 30 första
966 1902 201 31 kammaren
1201 1911 42 21 av
1276 1900 78 31 herr
1390 1899 35 32 O.
1455 1898 174 41 Bergqvist

128 1957 37 42 (I:
182 1956 74 41 192)
280 1958 63 32 och
368 1958 66 31 den
458 1957 106 32 andra
588 1957 95 31 inom
708 1956 106 32 andra
838 1956 200 31 kammaren
1062 1965 42 21 av
1129 1954 76 31 herr
1226 1953 33 32 0.
1279 1952 177 32 Holmdahl
1472 1949 53 43 (II:
1540 1948 88 43 414),

129 2013 72 32 vari
225 2011 201 38 hemställts,
451 2013 49 29 att
524 2010 182 41 riksdagen
730 2009 79 33 ville
833 2008 141 39 besluta,
999 2011 50 29 att
1072 2007 206 40 statsbidrag
1301 2006 51 31 till
1378 2005 191 33 avlönande
1586 2015 43 21 av

129 2065 315 33 föreståndarinnor
467 2064 63 32 och
554 2063 201 32 biträdande
774 2062 314 33 föreståndarinnor
1104 2061 59 33 vid
1180 2060 230 40 arbetsstugor
1426 2058 203 32 tillhörande

129 2119 206 32 stiftelserna
367 2118 222 32 Norrbottens
622 2117 64 32 och
719 2116 257 33 Västerbottens
1006 2115 74 32 läns
1110 2114 231 40 arbetsstugor
1365 2114 56 30 må
1445 2113 83 40 utgå
1551 2111 79 32 med

131 2173 132 40 belopp,
288 2183 73 20 som
387 2174 189 29 motsvarar
599 2170 78 32 hela
700 2169 216 42 grundlönen
941 2168 78 32 med
1044 2167 239 41 ålderstillägg.

177 2278 127 41 Kungl.
329 2278 116 40 Maj:ts
469 2277 127 40 förslag
619 2276 143 32 innebär
785 2287 41 21 en
852 2275 284 41 anslagshöjning
1160 2273 79 32 med
1263 2273 99 38 6,000
1387 2273 132 30 kronor.

178 2384 65 32 Till
275 2384 74 32 stöd
384 2384 52 31 för
469 2383 55 32 det
557 2383 200 31 motionsvis
790 2381 191 32 framförda
1013 2380 168 41 yrkandet
1209 2379 61 31 har
1294 2379 10 30 i
1330 2378 172 31 motionen
1527 2377 24 31 TI:
1570 2378 60 30 192

134 2438 130 31 anförts
288 2436 165 41 följande:
