1890 2826
293 167 63 32 198
745 170 282 30 Statsutskottets
1046 171 177 30 utlåtande
1241 171 52 31 Nr
1311 175 25 27 8.

654 252 49 29 att
735 250 182 42 riksdagen
949 253 66 37 må,
1048 251 12 32 i
1093 252 186 42 anledning
1311 264 43 22 av
1382 254 56 31 fru
1462 254 95 31 Ruth
1582 254 205 34 Gustafsons

610 304 243 32 ovannämnda
876 305 129 32 motion
1029 303 58 43 (II:
1106 304 85 43 543),
1217 306 51 32 till
1291 307 131 40 Bidrag
1448 307 51 32 till
1527 308 185 41 Olofskolan
1733 310 56 31 för

609 355 201 42 budgetåret
845 356 186 38 1936/1937
1067 359 119 33 anvisa
1220 362 46 30 ett
1294 360 120 42 anslag
1438 371 42 22 av
1506 362 97 38 7,500
1628 362 155 33 kronor.»

334 443 59 32 vid
412 445 106 39 punkt
540 443 110 41 147:0)
675 443 212 43 (Folkskolor
911 458 43 21 m.
980 459 57 21 m.:
1062 448 127 42 Bidrag
1212 449 51 32 till
1288 450 162 41 avlöning
1474 452 34 30 åt
1531 450 108 33 lärare
1662 452 11 31 i
1698 452 89 41 slöjd

289 496 58 32 vid
380 496 196 40 folkskolor,
611 498 131 33 mindre
776 500 188 33 folkskolor
988 501 79 32 eller
1091 502 165 33 särskilda
1280 501 215 43 slöjdskolor)
1520 515 43 22 av
1586 505 77 31 herr
1690 506 97 32 Törn-

288 550 87 32 kvist
403 550 5 32 i
431 551 220 40 Karlskrona,
675 563 74 21 som
774 557 121 36 ansett,
919 557 49 29 att
990 556 165 32 utskottet
1179 556 85 39 bort,
1289 557 79 32 med
1391 558 229 40 avstyrkande
1644 568 43 23 av
1711 559 41 32 de
1776 559 11 32 i

288 607 116 29 ämnet
427 605 122 32 väckta
573 606 223 40 motionerna,
822 607 169 42 tillstyrka
1015 609 127 41 Kungl.
1169 610 115 41 Maj:ts
1309 610 136 42 förslag.

334 693 57 32 vid
422 695 107 40 punkt
563 693 109 41 163:0)
708 693 390 46 (Fortsättningsskolor:
1130 698 126 43 Bidrag
1280 699 51 32 till
1354 700 164 41 avlöning
1542 702 35 31 åt
1600 701 106 32 lärare
1729 702 58 32 vid

287 746 366 44 fortsättningsskolor)

336 802 27 30 1.
389 811 41 22 av
453 801 117 33 herrar
598 803 77 40 Olof
696 803 123 40 Olsson,
844 804 181 41 Bergqvist,
1055 805 99 33 Oscar
1174 806 120 40 Olsson,
1313 807 200 39 Bäckström,
1532 808 140 39 Rahmn,
1691 809 96 40 Mag-

287 864 119 22 nusson
439 855 11 31 i
485 855 153 40 Kalmar,
675 857 160 32 Eriksson
870 858 11 31 i
910 858 207 40 Stockholm,
1143 860 138 32 Jonsson
1304 860 12 31 i
1340 860 207 40 Eskilstuna,
1575 861 124 41 Weijne
1723 862 64 32 och

287 906 207 42 Damielsson,
531 909 93 33 vilka
659 912 120 37 ansett,
816 913 48 29 att
900 911 179 33 utskottets
1114 913 157 40 yttrande
1301 914 63 32 och
1388 914 129 42 förslag
1540 914 76 33 bort
1640 915 10 31 i
1674 915 113 32 nedan

287 961 149 41 angivna
460 961 94 33 delar
577 963 89 33 hava
690 963 154 41 följande
867 964 139 42 lydelse:

336 1015 146 42 »Kungl.
509 1016 115 41 Maj:ts
648 1034 43 4 —
714 1034 43 4 —
783 1035 41 3 —
850 1018 168 41 utgående
1043 1020 180 32 arvodena.

332 1068 216 33 Beträffande
582 1070 40 32 de
656 1071 202 33 motionsvis
886 1072 121 41 gjorda
1030 1073 199 41 yrkandena
1252 1074 61 32 vill
1337 1075 163 32 utskottet
1523 1075 51 32 till
1598 1086 42 21 en
1663 1075 122 41 början

286 1121 184 33 framhålla
495 1123 41 32 de
561 1126 73 30 rent
658 1124 131 42 sakliga
813 1125 83 39 skäl,
921 1136 73 21 som
1018 1126 68 32 tala
1110 1127 53 31 för
1187 1130 47 29 ett
1256 1127 108 32 bifall.
1396 1128 389 42 Fortsättningsskolans

285 1174 171 42 betydelse
491 1177 55 31 för
580 1177 66 33 den
681 1179 146 31 svenska
855 1179 215 41 ungdomens
1095 1180 129 32 fostran
1248 1180 52 33 till
1324 1181 154 42 kunniga
1502 1182 223 41 medborgare
1749 1188 37 26 är

286 1228 93 32 känd
409 1229 63 32 och
496 1230 138 33 erkänd.
684 1231 65 32 Det
773 1236 38 27 är
834 1232 116 32 därför
973 1243 42 22 av
1039 1233 83 39 vikt,
1148 1236 49 29 att
1220 1234 134 32 lärarna
1378 1235 11 31 i
1413 1235 113 32 denna
1550 1236 164 31 skolform
1740 1247 46 21 er-

285 1281 92 32 hålla
412 1293 41 21 en
488 1285 37 30 så
560 1284 67 41 god
663 1284 190 42 ersättning
886 1286 54 31 för
974 1286 57 32 sitt
1055 1287 228 32 ansvarsfulla
1306 1292 94 35 värv,
1426 1299 74 21 som
1524 1289 261 32 förhållandena

285 1335 169 41 medgiva.

330 1389 173 33 Utskottet
526 1389 61 34 vill
610 1391 12 31 i
646 1390 201 43 anslutning
869 1391 114 33 härtill
1007 1392 119 40 erinra,
1152 1396 50 29 att
1225 1393 67 32 den
1317 1395 36 31 år
1379 1395 84 31 1933
1487 1395 176 32 beslutade
1688 1396 98 32 sänk-

283 1442 130 42 ningen
446 1454 42 22 av
521 1443 170 33 arvodena
715 1445 227 32 motiverades
966 1445 78 33 med
1068 1446 66 32 den
1158 1447 44 32 då
1225 1447 346 34 förhandenvarande
1595 1450 191 31 statsfinan-

284 1496 95 32 siella
414 1497 214 33 situationen.
675 1497 162 33 Nämnda
872 1499 267 41 riksdagsbeslut
1173 1511 102 31 synes
1311 1501 99 32 alltså
1444 1505 153 29 närmast
1631 1513 81 22 vara
1736 1506 50 29 att

282 1549 156 33 betrakta
462 1561 74 22 som
562 1562 41 21 en
626 1551 151 42 tillfällig
801 1552 129 41 åtgärd,
956 1563 74 21 som
1053 1553 74 32 icke
1150 1553 62 33 bör
1234 1554 97 42 givas
1359 1554 116 42 längre
1499 1556 217 41 varaktighet
1740 1561 44 27 än

283 1603 69 33 vad
376 1604 40 32 de
440 1604 237 33 förhållanden
701 1605 117 39 kräva,
844 1616 73 22 som
942 1617 42 21 en
1006 1608 92 40 gång
1121 1607 200 33 föranledde
1345 1608 210 34 densamma.
1593 1609 118 42 Enligt
1734 1613 50 29 ut-

282 1657 142 32 skottets
458 1659 226 41 uppfattning
718 1659 90 33 hava
843 1659 187 33 emellertid
1064 1661 263 33 förhållandena
1358 1662 11 32 i
1394 1663 91 32 detta
1509 1663 195 33 hänseende
1729 1665 55 30 för

282 1711 212 33 närvarande
519 1714 36 30 så
578 1712 203 40 förändrats,
807 1716 49 29 att
880 1714 40 32 de
943 1714 73 32 icke
1040 1714 117 42 längre
1181 1715 119 32 kunna
1324 1717 136 31 anföras
1485 1727 74 22 som
1578 1720 46 29 ett
1640 1717 71 32 skäl
1729 1718 55 31 för

283 1764 42 33 de
348 1764 92 42 lägre
463 1766 189 32 arvodenas
676 1766 251 33 bibehållande.

327 1819 54 32 Av
405 1819 206 42 exempelvis
635 1819 65 33 den
724 1820 11 32 i
760 1821 175 32 motionen
959 1821 27 32 I:
1006 1822 43 31 94
1072 1822 196 41 förebragta
1291 1822 228 42 utredningen
1535 1825 152 40 framgår
1704 1824 79 32 slut-

281 1872 103 41 ligen,
418 1875 48 30 att
493 1873 265 33 statsmakterna
781 1874 60 33 vid
865 1874 41 32 de
929 1874 143 42 tidigare
1096 1876 189 33 arvodenas
1309 1876 237 33 fastställande
1570 1879 111 40 utgått
1703 1879 80 31 från

281 1929 50 29 att
355 1926 206 41 avlöningen
585 1938 60 30 per
667 1927 387 42 undervisningstimme
1078 1929 10 31 i
1112 1929 361 42 fortsättningsskolan
1489 1932 45 40 på
1550 1931 113 41 grund
1680 1942 43 22 av
1742 1932 41 32 de

280 1983 157 29 avsevärt
469 1983 105 29 större
607 1981 193 41 anspråken
833 1983 44 40 på
909 1982 133 32 lärarna
1074 1982 105 33 borde
1210 1983 109 32 hållas
1343 1983 104 41 högre
1472 1989 43 27 än
1540 1985 242 33 motsvarande

281 2033 164 42 avlöning
468 2033 11 32 i
503 2034 204 32 folkskolan.

325 2087 48 31 På
400 2088 111 40 grund
537 2098 42 23 av
604 2088 66 33 vad
693 2088 146 33 sålunda
862 2090 130 31 anförts
1017 2090 108 32 finner
1149 2090 52 42 sig
1224 2091 166 32 utskottet
1413 2091 83 33 böra
1519 2092 170 41 tillstyrka
1713 2092 68 33 vad

280 2140 11 31 i
316 2140 62 32 här
400 2141 224 33 förevarande
648 2142 169 33 motioner
840 2143 199 33 hemställts.

325 2194 58 32 Ett
406 2194 96 32 bifall
526 2195 51 32 till
601 2195 90 32 detta
715 2196 181 33 utskottets
920 2196 129 42 förslag
1072 2197 77 39 kan,
1176 2197 78 32 med
1270 2197 142 42 ledning
1428 2209 42 22 av
1487 2198 41 33 de
1546 2199 108 32 under
1670 2199 112 41 punkt

282 2248 62 31 191
388 2247 11 32 i
442 2249 85 31 1933
570 2250 53 31 års
664 2249 139 33 åttonde
844 2250 194 33 huvudtitel
1079 2251 193 41 framlagda
1312 2251 284 43 beräkningarna,
1639 2256 142 38 antagas

279 2301 141 33 komma
454 2304 49 30 att
538 2302 155 33 medföra
716 2314 42 21 en
784 2303 297 42 kostnadsökning
1104 2315 42 22 av
1169 2305 11 31 i
1205 2308 80 29 runt
1308 2305 47 32 tal
1379 2306 144 39 950,000
1547 2307 135 32 kronor.
1731 2306 49 32 På

279 2355 112 40 grund
425 2366 42 22 av
500 2355 158 42 gällande
688 2357 91 32 form
813 2358 53 31 för
894 2358 198 32 rekvisition
1116 2369 43 22 av
1183 2358 207 42 statsbidrag
1413 2359 156 33 kommer
1593 2359 188 33 emellertid

278 2408 74 32 icke
377 2410 113 40 någon
514 2410 131 41 ökning
668 2413 48 29 att
739 2410 94 33 bliva
857 2411 199 42 erforderlig
1079 2411 11 32 i
1114 2411 57 32 det
1195 2422 42 22 av
1261 2412 129 42 Kungl.
1416 2413 99 41 Maj:t
1539 2414 54 31 för
1609 2413 172 32 nästkom-

278 2462 126 32 mande
428 2462 166 42 budgetår
618 2463 193 34 beräknade
835 2464 303 43 anslagsbeloppet,
1164 2468 72 30 mot
1259 2466 106 33 vilket
1389 2467 164 32 utskottet
1573 2467 73 32 icke
1663 2466 118 32 funnit

279 2516 105 40 något
407 2519 48 29 att
479 2517 120 32 erinra.
