1916 2822
302 155 19 31 8
755 158 282 31 Statsutskottets
1056 161 176 31 utlåtande
1250 162 51 30 Nr
1319 166 25 27 8.

623 239 186 43 anledning
822 241 106 33 härav
941 242 66 32 öka
1020 242 307 44 avlöningsstatens
1341 245 207 35 slutsumma
1562 249 76 31 från
1652 250 145 39 236,400

621 293 126 32 kronor
770 294 49 32 till
844 296 144 38 242,100
1012 296 138 41 kronor;

665 344 32 43 b)
721 347 50 32 till
797 349 121 40 Kungl.
945 350 196 33 biblioteket:
1165 351 205 42 Avlöningar
1392 354 54 32 för
1471 354 199 43 budgetåret
1696 356 100 41 1936/

622 400 84 31 1937
732 401 118 33 anvisa
873 405 48 29 ett
937 402 263 44 förslagsanslag
1224 416 43 22 av
1292 407 143 38 242,100
1459 408 134 33 kronor.

345 501 84 44 14:o)
454 504 145 42 Kungl.
622 506 252 35 biblioteket:
899 509 301 35 Omkostnader.
1233 513 16 31 I
1273 513 149 42 enlighet
1438 515 80 32 med
1534 516 127 42 Kungl.
1680 517 115 41 Maj:ts

299 557 128 42 förslag
461 557 122 43 (punkt
613 561 50 38 14,
699 561 61 32 sid.
795 560 62 42 26),
892 563 107 32 vilket
1031 564 141 33 innebär
1205 577 42 21 en
1280 567 284 44 anslagshöjning
1594 570 78 32 med
1695 572 100 38 4,200

299 611 133 39 kronor,
458 612 195 34 hemställer
676 615 172 40 utskottet,

663 672 49 28 att
744 669 182 42 riksdagen
957 673 57 30 må
1042 672 49 31 till
1115 673 123 41 Kungl.
1264 674 195 33 biblioteket:
1488 677 231 33 Omkostnader
1741 679 54 32 för

617 721 200 42 budgetåret
854 722 189 43 1936/1937
1078 727 119 32 anvisa
1230 731 46 29 ett
1300 728 263 43 förslagsanslag
1596 742 43 22 av
1673 733 121 38 61,400

618 775 134 33 kronor.

343 879 84 41 15:o)
474 880 145 42 Kungl.
651 882 249 35 biblioteket:
941 885 207 42 Bokinköp
1173 888 74 32 och
1270 888 286 43 bokbindning.
1602 892 16 31 I
1642 887 149 51 enlighet

297 933 76 32 med
398 933 129 43 Kungl.
553 936 114 41 Maj:ts
692 937 128 42 förslag
843 936 123 44 (punkt
993 937 51 43 15)
1069 940 198 34 hemställer
1290 943 174 39 utskottet,

661 993 50 30 att
734 991 181 43 riksdagen
940 995 66 37 må,
1032 994 10 31 i
1066 994 107 33 likhet
1196 995 78 32 med
1298 996 66 32 vad
1388 997 54 32 för
1462 997 232 34 innevarande
1710 999 82 32 bud-

617 1045 95 39 getår
735 1048 57 38 ägt
815 1056 86 28 rum,
927 1046 52 32 till
1003 1047 122 41 Kungl.
1151 1048 197 33 biblioteket:
1371 1050 172 43 Bokinköp
1566 1052 55 32 och
1645 1053 147 32 bokbind-

618 1097 81 41 ning
734 1098 54 32 för
811 1098 200 42 budgetåret
1038 1099 186 35 1936/1937
1250 1103 119 32 anvisa
1392 1107 48 29 ett
1463 1106 329 41 reservationsanslag

619 1161 43 23 av
688 1153 142 37 110,000
853 1153 136 32 kronor.

344 1252 84 42 16:0)
466 1253 130 34 Stifts-
625 1256 74 32 och
722 1256 349 36 landsbiblioteket
1093 1260 14 31 i
1130 1260 238 43 Linköping:
1392 1261 258 43 Avlöningar.
1696 1266 17 31 I
1736 1277 55 21 en-

295 1306 105 42 lighet
423 1308 79 32 med
527 1308 128 43 Kungl.
681 1310 115 41 Maj:ts
819 1312 129 41 förslag
971 1312 122 42 (punkt
1119 1315 49 38 16,
1195 1314 61 32 sid.
1282 1314 152 43 27—30),
1461 1317 106 32 vilket
1590 1318 142 33 innebär
1748 1331 42 20 en

297 1360 284 43 anslagshöjning
605 1363 78 32 med
709 1366 97 37 1,400
829 1365 135 40 kronor,
990 1367 62 31 och
1076 1367 109 33 under
1209 1368 207 43 hänvisning
1432 1370 50 32 till
1498 1371 68 33 vad
1582 1382 42 23 av
1640 1368 150 51 departe-

297 1415 235 33 mentschefen
556 1416 10 31 i
590 1416 139 33 ärendet
752 1419 129 31 anförts
906 1419 196 33 hemställer
1125 1421 173 40 utskottet,

661 1474 50 29 att
734 1472 180 42 riksdagen
939 1475 58 30 må

657 1522 30 42 a)
720 1525 184 41 godkänna
937 1527 153 41 följande
1118 1529 247 42 avlöningsstat
1388 1532 54 31 för
1466 1532 103 32 stifts-
1593 1533 63 32 och
1680 1533 109 33 lands-

611 1577 197 34 biblioteket
839 1580 8 31 i
884 1580 203 43 Linköping,
1122 1585 48 29 att
1199 1583 169 42 tillämpas
1392 1585 69 32 tills
1486 1586 115 33 vidare
1624 1587 77 32 från
1726 1588 62 32 och

613 1632 78 32 med
715 1632 200 43 budgetåret
942 1634 204 33 1936/1937:

1026 1715 343 43 Avlöningsstat.

615 1776 27 30 1.
679 1774 211 44 Avlöningar
914 1777 51 32 till
984 1778 206 41 tjänstemän
1215 1781 19 31 å
1249 1780 167 33 ordinarie
1434 1785 74 36 stat,

673 1829 197 42 JÖYSlAGSVIS
902 1858 596 9 mrresrrrrrrrrrrssr
1384 1825 117 53 seen
1518 1836 124 33 kronor
1667 1839 120 38 12,100

613 1883 29 30 2.
679 1883 212 42 Avlöningar
915 1884 51 32 till
989 1885 254 34 icke-ordinarie
1267 1889 168 40 personal:

679 1934 31 42 a)
735 1936 324 44 Grundavlöningar
1082 1950 44 21 m.
1154 1951 62 21 m...
1238 1941 148 33 kronor
1409 1944 101 37 4,180

679 1987 33 43 b)
735 1990 433 44 Avlöningsförhöjningar

733 2046 44 21 m.
803 2047 56 28 m.,
877 2036 199 42 förslagsvis
1113 2064 140 6 ......
1336 2051 11 15 »
1443 2042 66 31 620
1582 2062 11 14 =»
1685 2053 100 36 4,800

1049 2109 143 33 Summa
1216 2111 265 43 förslagsanslag
1505 2113 124 33 kronor
1655 2115 128 39 16,900;

653 2175 34 42 b)
715 2177 50 32 till
800 2178 110 41 Stifts-
934 2179 56 33 och
1013 2181 278 34 landsbiblioteket
1313 2183 15 32 i
1350 2184 207 41 Linköping:
1580 2184 205 42 Avlöningar

608 2230 54 32 för
685 2230 201 43 budgetåret
911 2232 188 36 1936/1937
1125 2235 120 33 anvisa
1269 2239 46 29 ett
1323 2236 264 43 förslagsanslag
1603 2249 42 22 av
1664 2240 120 38 16,900

610 2284 134 33 kronor.

334 2378 84 43 17:0)
467 2380 131 34 Stifts-
634 2382 74 32 och
750 2382 351 36 landsbiblioteket
1137 2386 15 33 i
1189 2386 240 43 Linköping:
1481 2388 301 34 Omkostnader.

288 2432 130 34 Stifts-
452 2435 75 32 och
562 2434 349 36 landsbiblioteket
935 2438 14 32 i
981 2437 238 44 Linköping:
1251 2441 207 42 Bokinköp
1494 2442 72 33 och
1592 2442 189 33 bokbind-

286 2486 107 42 ning.
440 2488 17 32 I
478 2489 149 42 enlighet
651 2490 78 32 med
754 2491 127 42 Kungl.
908 2492 115 41 Maj:ts
1047 2493 128 43 förslag
1185 2492 123 44 (punkt
1327 2497 37 31 17,
1394 2496 61 32 sid.
1471 2498 43 31 30
1532 2497 63 32 och
1611 2494 64 43 31),
1689 2496 92 33 vilka
