1872 2800
286 143 37 29 16
692 141 116 31 Andra
831 140 238 38 lagutskottets
1093 137 175 32 utlåtande
1293 146 41 21 nr
1353 138 50 28 22.

290 230 66 30 den
380 238 75 21 som
477 227 98 31 råder
596 228 81 29 över
700 225 253 31 vattenkraften
977 224 88 36 själv
1087 224 158 28 kommer
1268 225 48 26 att
1338 224 84 26 utan
1444 219 157 30 avsevärt
1625 217 167 37 dröjsmål

291 280 150 35 utbygga
460 278 105 34 fallet,
583 275 256 32 vattenkraften
859 274 58 31 må
935 274 244 36 tillgodogöras
1198 281 41 20 av
1259 272 66 29 den
1344 280 74 20 som
1438 270 38 29 är
1494 268 129 30 beredd
1641 271 49 26 att
1709 272 83 26 utan

291 330 159 35 uppskov
480 328 150 35 utbygga
661 326 105 29 fallet.
797 324 121 31 Såsom
948 322 155 37 framgår
1132 331 42 21 av
1205 322 55 29 det
1291 320 95 30 förut
1415 318 149 31 anförda
1595 318 64 29 bör
1690 317 103 36 enligt

292 379 73 30 min
388 378 138 35 mening
549 376 225 36 huvudsyftet
800 375 80 30 med
904 377 46 27 ett
972 372 205 37 ingripande
1201 371 11 29 i
1237 369 299 37 lagstiftningsväg
1561 376 83 21 vara
1669 370 48 26 att
1742 366 50 30 så-

291 429 61 30 vitt
371 428 133 36 möjligt
521 427 137 34 hindra,
678 429 49 27 att
744 429 46 26 ett
807 423 79 31 från
904 423 130 31 allmän
1053 421 177 37 synpunkt
1247 419 172 31 rationellt
1436 416 221 38 ulnyttjande
1676 425 42 21 av
1736 415 56 31 vå-

291 488 38 21 ra
348 475 395 37 vattenkrafttillgångar
763 473 173 32 försvåras
959 473 50 30 till
1029 471 90 37 följd
1139 481 41 20 av
1201 469 229 38 spekulation.
1453 467 100 31 Detta
1574 466 90 37 syfte
1685 465 108 37 tillgo-

291 529 100 30 doses
408 527 150 38 tydligen
574 535 124 28 genom
715 526 41 29 de
772 523 236 36 sakkunnigas
1024 522 141 35 förslag.
1184 521 130 30 Genom
1331 529 43 20 en
1390 516 344 38 expropriationsrätt
1751 525 42 21 av

294 579 95 36 dylik
409 578 167 30 innebörd
598 576 110 30 skulle
729 574 174 35 nämligen
923 572 261 30 initiativrätten
1203 571 11 29 i
1236 569 99 36 fråga
1356 579 57 20 om
1434 566 275 32 valtenkraftens
1731 566 63 29 till-

293 628 242 37 godogörande
552 628 121 28 kunna
691 624 176 36 fråntagas
886 624 65 29 den
969 632 75 21 som
1063 620 101 31 råder
1180 622 82 28 över
1280 619 138 30 kraften
1436 618 65 30 och
1520 617 114 30 fallets
1653 616 142 35 utbygg-

293 679 70 30 nad
381 682 146 32 tryggas,
544 677 65 30 när
628 676 91 30 detta
739 673 79 31 från
836 673 130 31 allmän
984 671 178 37 synpunkt
1180 679 79 21 vore
1277 668 175 31 önskvärt.
1472 666 54 31 En
1544 665 191 37 tvångsrätt
1752 674 43 21 av

294 728 178 34 innebörd,
492 731 48 26 att
557 744 45 4 —
619 726 151 29 förutom
789 722 349 37 majoritetshavaren
1153 738 45 4 —
1214 720 87 29 även
1320 720 66 29 den
1405 727 74 21 som
1497 716 86 36 ägde
1602 725 42 21 en
1662 715 135 30 mindre

295 779 54 30 del
372 788 41 20 av
436 781 45 26 ett
504 776 173 31 strömfall
698 773 182 37 medgåves
904 773 68 29 rätt
995 775 49 26 att
1066 770 167 37 påfordra
1257 769 113 30 fallets
1392 767 199 36 utbyggnad
1615 774 81 21 vore
1721 765 76 30 där-

294 832 93 26 emot
409 826 272 37 uppenbarligen
704 825 75 30 icke
802 823 167 36 tillfyllest
993 821 55 30 för
1072 821 92 29 detta
1187 817 174 32 ändamål.
1387 816 202 31 Införandet
1612 825 42 20 av
1678 823 119 27 expro-

295 878 281 37 priationsrätten
607 876 110 30 skulle
745 874 118 30 vidare
892 873 148 30 utesluta
1072 871 224 36 möjligheten
1328 872 49 27 att
1407 866 131 31 erhålla
1568 869 47 26 ett
1646 863 152 36 överpris

296 929 55 29 för
370 927 212 31 vattenkraft
602 935 75 21 som
698 924 70 31 står
785 924 11 29 i
816 928 56 26 tur
890 927 49 26 att
957 927 96 31 tagas
1072 921 11 30 i
1103 919 161 37 anspråk.
1286 918 211 36 Härigenom
1517 916 110 30 skulle
1647 914 152 36 tydligen

297 979 109 35 själva
432 977 155 36 grunden
612 976 55 30 för
690 974 217 37 spekulation
931 973 11 29 i
967 970 213 32 vattenkraft
1204 969 128 30 rubbas
1357 968 66 30 och
1449 965 100 31 alltså
1574 964 225 36 möjligheten

295 1033 49 26 att
369 1029 79 29 med
472 1025 183 37 framgång
679 1025 180 36 spekulera
884 1023 10 30 i
919 1021 212 31 vattenkraft
1155 1020 175 30 beskäras.
1359 1017 91 31 Från
1475 1025 47 21 nu
1548 1014 149 37 angivna
1722 1021 78 28 syn-

298 1080 150 35 punkter
471 1079 68 28 kan
564 1077 163 34 förslaget
753 1083 100 22 anses
878 1074 121 35 utgöra
1022 1081 43 21 en
1090 1072 11 29 i
1127 1074 84 27 stort
1235 1073 64 27 sett
1322 1066 319 32 tillfredsställande
1665 1064 135 35 lösning

298 1139 43 20 av
368 1128 131 36 frågan.
528 1127 64 30 Det
620 1126 96 30 torde
744 1123 189 32 emellertid
959 1123 10 29 i
996 1121 199 35 anslutning
1222 1120 50 29 till
1300 1117 218 31 framställda
1546 1113 256 36 invändningar

298 1180 85 29 böra
404 1178 224 33 undersökas,
651 1175 173 30 huruvida
846 1174 75 30 icke
942 1172 165 35 förslaget
1129 1170 21 30 å
1172 1169 109 31 andra
1303 1168 100 30 sidan
1425 1167 40 29 är
1487 1166 55 30 för
1564 1159 236 45 långtgående.

341 1228 115 31 Under
474 1225 380 35 remissbehandlingen
871 1225 63 29 har
953 1221 147 31 sålunda
1119 1220 105 37 gjorts
1245 1218 168 37 gällande,
1426 1220 48 27 att
1485 1216 43 30 de
1538 1214 197 35 föreslagna
1745 1212 56 31 be-

299 1280 261 30 stämmelserna
576 1287 59 20 om
651 1274 256 37 expropriation
922 1283 42 20 av
980 1281 136 22 annans
1132 1269 212 32 vattenkraft
1361 1268 110 30 skulle
1489 1266 107 31 strida
1612 1268 73 27 mot
1701 1272 100 28 grun-

300 1331 107 29 derna
432 1329 55 30 för
511 1329 67 29 den
602 1326 147 31 svenska
774 1324 228 31 vattenrätten
1027 1322 66 30 och
1117 1320 124 30 hinder
1265 1318 79 30 från
1368 1318 114 29 denna
1506 1315 178 37 synpunkt
1708 1314 95 30 möta

300 1384 73 26 mot
396 1379 180 35 förslagets
599 1374 281 39 genomförande.
907 1373 121 30 Denna
1053 1369 224 38 uppfattning
1300 1369 71 29 kan
1394 1367 57 36 jag
1474 1366 76 30 icke
1576 1365 87 30 dela.
1688 1363 116 36 Enligt

301 1431 67 29 den
392 1429 145 31 svenska
561 1426 230 31 vattenrätten
815 1424 210 30 tillkommer
1049 1420 198 35 visserligen
1271 1419 113 29 rätten
1408 1416 51 30 till
1483 1418 131 27 vattnet
1638 1414 67 30 den
1729 1422 75 21 som

300 1481 81 36 äger
404 1479 164 36 grunden.
595 1478 75 29 Den
694 1474 171 31 enskildes
888 1472 158 36 rådighet
1071 1472 82 28 över
1177 1472 131 27 vattnet
1333 1468 39 28 är
1397 1464 189 32 emellertid
1611 1462 194 37 begränsad

301 1531 66 30 och
388 1530 51 30 till
460 1529 56 30 sitt
538 1525 155 32 innehåll
716 1525 157 30 bestämd
894 1523 78 30 med
994 1522 138 35 hänsyn
1153 1519 50 30 till
1225 1518 41 30 de
1287 1517 178 31 allmänna
1488 1512 165 33 ändamål
1674 1516 130 26 vatten-

302 1582 130 34 dragen
461 1581 127 28 ansetts
618 1577 85 29 böra
731 1575 107 35 tjäna.
867 1573 74 30 Vad
972 1570 140 31 särskilt
1142 1567 107 37 angår
1279 1568 111 29 rätten
1421 1568 49 27 att
1499 1563 227 36 tillgodogöra
1755 1561 50 36 sig

303 1633 130 28 vattnet
458 1632 114 27 såsom
598 1625 171 32 drivkraft
793 1622 99 37 utgår
917 1621 216 34 vattenlagen
1160 1618 77 30 från
1262 1618 66 29 den
1353 1613 301 36 förutsättningen,
1680 1615 49 27 att
1754 1615 51 26 ut-

303 1679 195 38 nyttjandet
517 1688 42 20 av
581 1674 258 33 vattenkraften
860 1673 38 29 är
918 1675 47 26 ett
983 1680 42 20 av
1046 1670 42 30 de
1109 1672 87 27 mest
1216 1665 263 38 betydelsefulla
1501 1673 42 21 av
1566 1663 41 30 de
1629 1662 177 30 allmänna

302 1731 167 30 intressen
492 1738 75 21 som
589 1728 61 29 äro
673 1722 231 37 förknippade
927 1720 79 31 med
1029 1718 256 35 vattendragen.
1310 1715 80 30 Med
1413 1715 112 29 denna
1548 1711 259 38 utgångspunkt

300 1781 47 29 ha
365 1789 74 21 som
457 1779 94 30 förul
570 1778 140 29 nämnts
729 1774 20 31 å
767 1782 64 22 ena
853 1772 99 30 sidan
969 1769 197 37 betydande
1183 1765 322 38 tvångsrättigheter
1524 1763 193 31 tillerkänts
1736 1764 70 27 vat-

301 1830 312 31 tenkraftintresset
631 1826 126 31 medan
775 1824 20 31 å
816 1823 109 31 andra
944 1822 99 31 sidan
1062 1820 91 31 vissa
1172 1816 294 36 inskränkningar
1487 1814 151 36 stadgats
1656 1813 11 30 i
1687 1813 119 29 ström-

303 1881 229 35 fallsägarens
563 1879 80 29 rätt.
674 1876 116 35 Lagen
821 1873 147 31 innebär
1000 1869 103 32 alltså
1137 1879 42 21 en
1211 1867 195 36 avvägning
1437 1865 130 30 mellan
1600 1861 207 32 strömfalls-

305 1934 144 34 ägarens
472 1930 144 30 intresse
639 1930 88 28 samt
749 1926 51 29 till
822 1922 256 32 vattenkraften
1099 1921 133 29 knutna
1256 1917 177 31 allmänna
1456 1915 178 30 intressen.
1658 1913 65 35 Att,
1745 1912 64 30 när

306 1980 215 32 sistnämnda
543 1979 170 30 intressen
739 1976 55 29 det
819 1974 118 34 kräva,
962 1972 156 34 företaga
1142 1979 42 21 en
1206 1967 183 38 jämkning
1414 1975 42 21 av
1482 1965 99 30 dessa
1606 1963 110 36 regler
1737 1963 72 29 kan

305 2033 77 29 icke
401 2040 99 21 anses
521 2027 177 32 stridande
718 2029 72 27 mot
810 2022 277 38 lagstiftningens
1109 2019 231 37 grundsatser,
1362 2015 110 31 under
1492 2012 246 36 förutsättning
1760 2014 50 27 att

307 2080 217 38 ingripandet
544 2079 77 29 icke
641 2078 39 29 är
701 2075 115 31 alltför
838 2071 203 38 vittgående.
1065 2069 131 31 Härvid
1219 2067 97 31 torde
1336 2075 82 21 man
1441 2065 86 34 icke,
1550 2062 116 32 såsom
1687 2062 11 30 i
1718 2061 91 30 vissa

306 2132 185 37 yttranden
513 2138 102 28 synes
639 2125 211 34 förutsättas,
876 2123 12 30 i
913 2120 98 37 fråga
1034 2130 58 20 om
1116 2117 260 32 initiativrätten
1400 2115 50 30 till
1473 2112 261 32 raturkraftens
1758 2114 50 27 ut-

306 2181 181 38 nyttjande
505 2188 83 22 vara
605 2177 142 31 bunden
764 2174 58 31 vid
840 2173 66 30 den
922 2169 204 33 nuvarande
1144 2167 125 37 regeln,
1289 2165 105 36 enligt
1411 2164 116 30 vilken
1545 2163 67 30 rätt
1632 2165 49 27 att
1699 2161 109 35 tillgo-

306 2233 130 35 dogöra
459 2230 49 36 sig
530 2237 136 22 annans
688 2225 101 31 andel
811 2224 10 30 i
844 2221 170 32 strömfall
1036 2220 212 30 tillkommer
1269 2216 122 31 endast
1412 2215 159 35 delägare
1593 2212 11 30 i
1627 2212 105 30 fallet.
1756 2209 53 31 En

308 2279 345 39 expropriationsrätt
678 2286 41 20 av
743 2274 193 34 föreslagen
958 2269 180 35 innebörd,
1165 2277 73 21 som
1261 2267 64 29 när
1351 2269 46 26 ett
1421 2264 144 30 allmänt
1589 2263 143 29 intresse
1756 2261 55 29 det

307 2332 158 37 påkallar
489 2329 224 31 tillerkänner
735 2325 87 29 även
845 2331 117 22 annan
985 2321 45 30 än
1053 2318 159 36 delägare
1234 2315 131 31 vitsord
1388 2314 51 30 till
1462 2313 114 31 fallets
1599 2309 210 38 utbyggnad,

307 2384 71 29 kan
397 2380 198 35 visserligen
616 2377 98 36 sägas
733 2375 122 35 utgöra
875 2381 41 21 en
936 2371 76 30 icke
1032 2367 174 38 obetydlig
1225 2364 232 38 begränsning
1477 2372 42 22 av
1540 2360 270 36 strömfallsäga-

308 2442 77 22 rens
404 2432 66 30 rätt
486 2430 50 30 till
554 2430 140 29 vattnet.
712 2424 78 31 Med
807 2423 137 35 hänsyn
962 2420 51 31 till
1030 2420 68 30 den
1117 2421 91 27 stora
1226 2415 175 38 betydelse
1417 2412 257 32 vattenkraften
1691 2418 119 22 nume-
