2210 2618
399 195 20 28 4
921 197 253 32 Statsutskottets
1196 199 168 32 utlåtande
1386 200 53 30 Nr
1461 203 51 29 63.

401 291 60 23 om
491 279 147 48 skogen
667 283 20 32 å
716 280 110 37 dessa
855 281 98 37 båda
982 282 244 48 egendomar.
1268 278 122 42 Åker-
1418 285 71 36 och
1517 287 249 36 tomtarealen
1794 287 65 36 vid
1874 288 129 36 Venn-

399 342 98 34 garn
538 335 114 43 utgör
693 331 180 49 omkring
915 334 74 35 350
1030 333 150 48 hektar,
1220 347 117 24 varav
1365 336 60 36 för
1453 337 239 37 närvarande
1721 338 177 49 omkring
1927 341 74 34 215

399 381 137 36 hektar
578 382 90 37 åker
708 386 65 33 äro
814 384 121 36 under
976 384 295 51 huvudgårdens
1313 387 108 37 bruk.
1479 387 129 38 Skulle
1646 389 62 37 det
1735 389 83 37 visa
1846 390 72 50 sig,
1947 395 55 32 att

400 433 236 38 sistnämnda
678 434 99 38 areal
818 440 41 32 är
899 439 121 46 något
1061 438 59 36 för
1148 443 79 32 stor
1273 439 58 37 för
1372 445 54 32 ett
1448 440 194 38 rationellt
1682 442 244 49 utnyttjande
1954 457 48 23 av

397 485 138 48 jorden
576 487 59 36 för
676 488 211 37 anstaltens
915 489 176 49 räkning,
1122 490 153 48 saknas,
1313 491 121 49 enligt
1472 493 71 36 vad
1581 493 419 50 departementschefen

400 536 199 48 meddelat,
642 538 33 48 ej
706 538 201 49 möjlighet
934 545 56 31 att
1017 541 38 35 få
1082 541 106 36 delar
1216 555 46 22 av
1291 543 172 36 området
1491 545 303 36 utarrenderade.
1849 545 153 48 Frågan

399 600 60 23 om
488 588 97 35 huru
615 593 97 31 stort
740 590 154 36 område
921 590 209 49 lämpligen
1159 593 69 35 bör
1255 592 155 38 tillhöra
1437 595 190 36 anstalten
1655 595 100 36 lärer
1783 597 60 34 för
1872 597 129 48 övrigt

399 638 83 36 icke
510 639 128 38 kunna
667 645 174 44 avgöras,
871 641 80 37 förr
978 647 48 31 än
1055 656 98 34 man,
1184 643 97 37 efter
1309 644 65 37 det
1392 646 192 37 anstalten
1603 651 95 32 trätt
1716 647 12 36 i
1747 647 254 49 verksamhet,

398 691 136 35 hunnit
574 691 180 37 förvärva
793 696 128 45 någon
963 695 217 36 erfarenhet
1208 709 60 22 om
1297 695 166 38 behovet
1489 698 12 36 i
1531 698 134 37 sådant
1692 700 196 36 avseende.
1945 700 57 36 De

400 742 251 48 olägenheter
691 757 48 22 av
780 749 55 31 ett
875 745 129 37 alltför
1045 751 97 31 stort
1178 747 201 48 jordbruk,
1422 762 82 23 som
1532 749 12 36 i
1572 750 131 37 herrar
1731 751 168 36 Ekmans
1930 752 70 35 och

398 792 153 36 Juhlins
581 794 187 36 motioner
795 800 227 43 omnämnts,
1039 797 108 36 torde
1176 798 212 38 emellertid
1416 800 87 36 med
1531 801 148 48 hänsyn
1708 802 56 35 till
1794 801 46 36 de
1868 815 47 23 av
1942 807 61 31 ut-

399 844 144 36 skottet
571 844 156 37 sålunda
767 846 227 53 framhållna
1027 848 378 49 omständigheterna
1432 851 84 36 icke
1545 851 93 37 böra
1666 852 180 37 tillmätas
1873 855 127 47 någon

398 895 207 50 betydelse.
681 896 72 39 Vid
794 898 84 37 Adö
921 904 114 45 utgör
1075 900 245 39 åkerarealen
1362 902 136 38 endast
1538 904 178 49 omkring
1759 907 46 35 70
1852 905 149 47 hektar,

399 961 46 23 en
474 949 112 48 areal,
616 962 82 24 som
736 950 122 50 enligt
898 951 73 37 vad
1003 952 81 37 från
1111 953 92 37 flere
1231 953 78 38 håll
1336 955 225 37 framhållits
1589 961 42 31 är
1659 958 60 36 för
1745 956 93 38 liten
1867 958 59 36 för
1953 971 48 24 en

398 1001 140 36 anstalt
579 1001 86 36 med
707 1002 64 38 det
808 1017 49 22 nu
887 1004 168 36 avsedda
1082 1006 144 37 antalet
1254 1019 47 23 av
1331 1009 73 34 100
1432 1008 198 47 patienter.
1685 1008 99 37 Herr
1812 1009 188 37 Lindblad

397 1052 169 48 påpekar
594 1053 228 48 visserligen
849 1055 12 35 i
890 1055 58 35 sin
978 1056 261 37 ovanberörda
1266 1058 155 46 motion,
1451 1064 56 30 att
1534 1059 13 35 i
1574 1059 184 37 händelse
1785 1073 48 23 av
1861 1061 139 36 anstal-

397 1109 86 30 tens
511 1103 233 49 utvidgning
773 1105 179 48 åkerjord
979 1106 12 35 i
1020 1107 186 37 närheten
1235 1121 47 23 av
1309 1099 86 45 Ådö
1424 1112 48 46 på
1501 1110 209 37 fastlandet
1730 1110 121 37 skulle
1871 1112 130 35 kunna

398 1154 220 37 arrenderas
648 1155 92 37 eller
767 1155 133 51 köpas.
956 1157 113 37 Detta
1098 1158 120 38 skulle
1248 1160 212 38 emellertid
1480 1161 119 49 enligt
1617 1162 206 38 utskottets
1843 1164 159 49 mening

398 1206 171 37 medföra
597 1207 129 37 alltför
754 1212 102 32 stora
884 1209 239 49 svårigheter
1151 1212 86 36 med
1265 1212 148 50 hänsyn
1441 1213 58 36 till
1528 1214 208 37 anstaltens
1765 1215 145 37 skötsel
1930 1216 70 36 och

397 1258 108 36 torde
533 1259 33 48 ej
597 1259 91 36 böra
717 1259 152 37 komma
897 1260 12 36 i
938 1261 120 49 fråga.

501 1309 53 36 På
582 1310 126 47 grund
736 1324 47 23 av
812 1311 65 36 det
905 1325 51 23 nu
984 1312 158 37 anförda
1171 1314 72 36 och
1271 1314 86 36 med
1385 1315 151 49 hänsyn
1564 1316 56 36 till
1644 1317 75 36 den
1739 1318 138 36 erkänt
1896 1323 105 31 stora

400 1359 194 49 betydelse
630 1361 239 49 jordbruks-,
911 1364 219 48 trädgårds-
1158 1365 72 36 och
1258 1366 277 48 skogsarbeten
1577 1367 99 37 hava
1716 1368 60 37 för
1812 1382 47 23 en
1888 1368 113 37 fram-

398 1412 186 49 gångsrik
613 1413 315 49 alkoholistvård,
958 1429 111 23 anser
1087 1416 202 49 utskottet,
1310 1422 55 32 att
1384 1418 210 50 Venngarn
1613 1433 45 23 ur
1677 1433 60 41 nu
1748 1420 252 38 omhandlade

399 1464 239 49 synpunkter
665 1465 70 37 bör
762 1465 251 39 tillerkännas
1043 1472 55 32 ett
1126 1469 153 49 avgjort
1308 1469 190 38 företräde
1527 1471 160 37 framför
1715 1472 96 37 Ådö.

501 1515 74 37 Vid
604 1529 48 23 en
675 1517 224 48 jämförelse
928 1520 139 36 mellan
1096 1520 523 49 anläggningskostnaderna
1646 1523 60 36 för
1734 1537 47 23 en
1809 1524 142 36 anstalt
1980 1528 22 32 å

398 1566 210 49 Venngarn
650 1569 72 35 och
759 1582 47 23 en
835 1569 117 37 sådan
984 1574 48 45 på
1058 1562 86 45 Ådö
1174 1572 224 37 framträder
1424 1579 139 43 genast
1589 1574 175 37 fördelen
1793 1588 47 23 av
1868 1580 56 32 att
1951 1580 49 44 på

399 1617 210 49 Venngarn
650 1619 129 37 kunna
813 1620 13 36 i
854 1626 124 32 större
1006 1623 270 49 utsträckning
1303 1626 173 36 använda
1505 1626 115 36 redan
1651 1626 198 50 befintliga
1877 1628 125 48 bygg-

399 1669 118 37 nader
544 1670 61 37 för
632 1671 211 37 anstaltens
870 1673 176 50 räkning.
1101 1674 86 37 Den
1215 1688 47 24 av
1289 1675 142 50 Kungl.
1461 1677 109 49 Maj:t
1597 1677 215 38 beräknade
1841 1679 161 49 anlägg-

399 1721 332 48 ningskostnaden
759 1729 113 42 utgör
899 1727 167 45 405,000
1094 1726 154 48 kronor,
1278 1727 114 37 därav
1413 1730 139 46 80,000
1579 1729 142 37 kronor
1749 1730 59 36 för
1836 1731 164 36 anskaff-

398 1773 95 48 ning
533 1787 47 22 av
621 1774 244 37 inventarier.
921 1776 74 37 Det
1036 1777 342 50 kostnadsförslag,
1422 1793 80 23 som
1531 1794 47 22 av
1606 1780 103 37 inom
1737 1781 263 49 civildeparte-

399 1829 144 31 mentet
571 1824 208 38 tillkallade
808 1827 240 50 sakkunniga
1076 1830 200 48 uppgjorts
1304 1830 60 37 för
1392 1844 46 23 en
1467 1832 154 46 anstalt,
1652 1832 150 49 förlagd
1830 1833 55 36 till
1902 1826 98 53 Ådö,

399 1875 143 37 avsedd
569 1876 61 37 för
659 1878 86 46 100,
766 1879 193 37 succesive
991 1881 72 35 150
1091 1881 201 49 patienter,
1322 1882 121 37 slutar
1471 1886 20 33 å
1519 1888 54 32 ett
1602 1884 137 49 belopp
1769 1898 46 23 av
1835 1887 166 40 553,200

400 1927 152 48 kronor,
582 1928 82 37 däri
691 1929 228 39 inberäknat
961 1933 138 46 68,000
1135 1933 142 37 kronor
1304 1935 60 36 för
1390 1935 466 51 inventarieanskaffning,
1913 1938 87 37 Med

398 1980 152 48 hänsyn
578 1981 59 35 till
665 1981 352 39 driftkostnaderna
1046 1984 210 50 föreligger
1284 1986 171 37 däremot
1482 1988 85 36 icke
1595 1991 128 45 någon
1747 1989 253 37 avsevärdare

399 2031 164 36 skillnad
605 2032 161 37 emellan
808 2034 46 36 de
896 2036 301 47 approximativa
1238 2038 307 49 beräkningarna
1586 2040 59 36 för
1678 2040 74 36 den
1781 2053 47 23 av
1858 2041 139 48 Kungl.

399 2082 106 48 Maj:t
544 2083 219 48 föreslagna
803 2086 192 37 anstalten
1037 2090 21 33 å
1085 2087 209 50 Venngarn
1335 2090 71 35 och
1448 2091 72 36 den
1553 2104 47 23 av
1628 2092 260 48 nyssnämnda
1916 2093 84 35 sak-

399 2134 170 48 kunniga
597 2134 204 50 planerade
830 2137 187 38 anstalten
1045 2142 49 45 på
1121 2130 96 46 Ådö.

503 2186 17 35 I
561 2186 131 38 herrar
733 2188 170 38 Ekmans
945 2191 72 35 och
1056 2190 152 38 Juhling
1249 2191 186 38 motioner
1477 2194 68 36 har
1573 2194 207 48 anmärkts,
1811 2200 55 31 att
1894 2195 106 37 såväl

400 2237 273 50 anläggnings-
695 2253 80 23 som
796 2241 348 38 driftkostnaderna
1164 2243 59 36 för
1243 2245 190 36 anstalten
1464 2248 10 33 å
1491 2245 207 49 Venngarn
1718 2246 108 36 blivit
1845 2247 155 36 alldeles

399 2289 59 36 för
484 2289 82 49 lågt
593 2290 216 38 beräknade
837 2292 12 37 i
877 2293 64 36 det
968 2294 157 49 förslag,
1156 2308 80 23 som
1265 2295 127 50 ligger
1410 2297 57 36 till
1486 2297 125 48 grund
1630 2298 60 36 för
1710 2298 141 49 Kungl.
1872 2298 129 49 Maj:ts
