1834 2780
239 166 36 30 10
619 168 122 30 Första
766 168 246 39 lagutskottets
1038 170 179 29 ntilåtande
1241 179 43 21 nr
1308 171 50 30 12.

239 250 237 31 immateriellt
503 253 204 39 rättsskydd
734 255 39 28 är
800 255 48 29 ett
876 254 122 30 sådant
1026 256 193 29 samarbete
1247 256 107 39 enligt
1381 257 189 32 utskottets
1597 258 140 41 mening

239 301 140 39 mycket
398 302 177 30 önskvärt.

284 350 116 30 Under
423 351 219 40 åberopande
666 362 41 21 av
729 354 66 29 vad
821 363 89 21 ovan
933 355 135 29 anförts
1094 355 55 30 får
1174 356 169 30 utskottet
1366 356 195 35 hemställa,

592 407 50 28 att
663 405 187 40 riksdagen
869 408 13 29 i
903 408 188 39 anledning
1113 418 42 21 av
1175 409 228 30 förevarande
1424 410 183 34 motioner,
1629 410 29 30 I:
1674 410 60 31 351

547 457 65 29 och
638 456 44 30 II:
698 456 73 36 461,
798 457 109 32 måtte
930 459 10 29 i
965 459 168 30 skrivelse
1157 459 51 30 till
1232 459 127 41 Kungl.
1386 460 104 40 Maj:t
1515 461 141 31 anhålla
1680 471 56 20 om

547 516 44 21 en
611 508 129 30 allmän
761 508 187 41 utredning
968 511 151 29 rörande
1139 510 111 39 skydd
1271 511 55 30 för
1347 512 156 30 mönster
1523 512 66 29 och
1608 513 129 29 model-

546 558 50 30 ler
619 560 89 28 samt
729 568 57 21 om
806 559 262 40 framläggande
1090 560 56 31 för
1166 561 187 40 riksdagen
1374 571 42 21 av
1437 563 40 29 de
1498 562 142 40 förslag,
1661 572 75 21 var-

546 608 52 30 till
619 609 112 30 denna
749 610 187 40 utredning
954 611 72 30 kan
1044 611 190 32 föranleda.

281 697 203 32 Stockholm
505 699 66 30 den
596 700 39 29 18
658 709 92 23 mars
774 701 95 30 1954.

683 801 47 31 På
748 802 113 32 första
878 803 245 39 lagutskottets
1141 805 144 39 vägnar:

789 869 122 31 OLOV
930 870 250 31 RYLANDER.

577 1162 64 31 Vid
661 1164 93 30 detta
774 1164 146 31 ärendes
942 1164 211 40 behandling
1172 1166 44 30 ha
1236 1167 158 29 närvarit

278 1220 81 30 från
398 1221 166 30 första
601 1223 220 30 kammaren:
851 1224 120 30 herrar
998 1223 173 36 Ahlkvist,
1198 1225 196 36 Lindblom,
1424 1225 175 35 Olofsson,
1627 1226 107 31 Lode-

234 1262 89 35 nius,
348 1262 57 31 fru
430 1263 392 41 Sjöström-Bengtsson,
846 1266 82 30 herr
949 1266 195 41 Björnberg
1167 1268 63 29 och
1254 1268 57 30 fru
1336 1267 265 37 Wallentheim;

277 1321 81 31 från
390 1323 153 29 andra
575 1324 219 35 kammaren:
818 1325 121 30 herrar
959 1325 185 39 Rylander,
1164 1326 194 40 Landgren,
1379 1326 202 32 Johansson
1598 1328 14 29 i
1631 1327 102 31 Norr-

232 1362 83 36 fors,
340 1363 179 41 Hedqvist,
543 1364 191 31 Jacobsson
758 1367 10 29 i
793 1366 89 35 Sala,
906 1367 150 31 Larsson
1080 1368 11 29 i
1116 1368 211 35 Stockholm,
1353 1369 152 39 Fröding
1528 1370 66 29 och
1618 1369 115 31 Lund-

233 1406 101 39 qvist.

830 1653 302 34 Reservation

231 1742 41 20 av
296 1733 57 30 fru
377 1733 383 41 Sjöström-Bengtsson
785 1737 65 29 och
874 1737 79 30 herr
976 1737 206 39 Lundqvist.
