2228 2614
450 145 19 31 8
645 143 117 31 Första
784 142 199 30 kammarens
1006 139 104 31 andra
1132 137 161 42 tillfälliga
1315 136 133 32 utskotts
1470 134 164 33 utlåtande
1657 134 52 31 Nr
1731 135 31 31 7.

408 223 62 36 det
512 220 210 38 allmännas
767 219 80 37 sida
888 218 40 36 af
961 217 123 37 denna
1111 216 79 47 sak,
1220 228 80 23 som
1330 227 86 23 man
1444 213 69 36 här
1539 213 76 36 kan
1644 212 125 49 stödja
1796 211 58 47 sig
1881 213 49 46 på
1959 223 46 23 en

407 273 168 50 gammal
594 272 225 46 institution,
839 269 247 49 hvarigenom
1107 264 535 51 organisationskostnaderna
1660 263 53 37 bli
1731 264 108 47 långt
1859 262 146 36 mindre

409 326 71 36 och
509 338 46 23 en
582 323 191 38 blifvande
800 321 204 48 utredning
1032 319 69 37 har
1127 319 69 36 lätt
1224 323 55 31 att
1308 318 36 35 få
1372 331 46 23 en
1445 315 221 49 tillförlitlig
1694 313 183 43 öfversikt
1901 313 108 36 öfver

408 377 64 37 det
499 376 162 48 område,
691 387 81 25 som
800 373 95 37 skall
923 372 151 37 ordnas.
1117 370 145 38 Genom
1287 368 310 50 begränsningen
1616 367 56 36 till
1692 371 55 32 ett
1766 365 85 37 fack
1870 364 141 37 vinnes

409 429 113 36 också
564 441 45 23 en
649 425 186 38 värdefull
875 423 227 47 erfarenhet,
1145 433 81 25 som
1268 421 72 36 blir
1379 419 57 37 till
1464 432 106 36 gagn
1598 418 64 37 vid
1690 416 250 39 bedömandet
1968 416 45 36 af

409 481 122 36 denna
571 479 109 48 fråga
719 478 65 36 vid
824 477 85 36 dess
949 475 129 37 vidare
1104 472 209 38 utförande.
1368 471 389 48 Förutsättningarna
1784 469 59 36 för
1871 468 134 37 anord-

408 531 141 37 nandet
577 531 41 36 af
642 526 534 46 understödsverksamheten,
1204 524 193 48 nämligen
1425 527 57 32 att
1500 521 138 38 kassan
1657 521 59 37 till
1734 519 277 48 hufvudsaklig

411 584 59 36 del
500 582 121 37 skulle
648 581 121 37 bildas
799 580 41 37 af
860 580 245 49 sjömännens
1125 590 99 35 egna
1243 575 156 49 afgifter
1417 580 98 31 samt
1535 579 55 31 att
1608 572 245 38 understödet
1872 571 136 37 endast

410 635 120 36 skulle
573 634 79 36 afse
693 631 207 38 oförvållad
942 628 251 39 arbetslöshet
1233 632 97 32 samt
1357 626 210 49 begränsas
1593 625 58 37 till
1678 624 78 37 viss
1783 622 224 47 maximitid,

410 692 65 31 äro
518 686 40 36 af
595 685 71 37 den
706 682 261 39 beskaffenhet
1000 686 55 32 att
1082 680 149 37 krafvet
1258 681 49 47 på
1334 692 46 23 en
1407 677 208 48 utredning
1641 676 13 36 i
1682 676 123 37 denna
1832 674 176 48 riktning

411 741 120 34 måste
559 750 108 24 anses
696 734 243 51 synnerligen
966 734 63 35 väl
1056 731 192 49 befogadt.

540 790 52 35 På
620 789 108 36 dessa
755 787 165 49 grunder
946 784 118 50 yrkar
1086 784 82 49 jag,

938 894 55 32 att
1021 887 134 37 Första
1182 886 219 36 kammaren
1429 887 118 34 måtte
1575 883 148 37 biträda
1749 881 130 37 Andra
1902 880 109 37 kam-

810 954 148 24 marens
986 941 12 35 i
1027 937 266 49 föreliggande
1321 936 136 37 ärende
1485 935 143 37 fattade
1657 934 131 37 beslut.

616 2252 240 55 STOCKHOLM,
874 2267 109 26 ISAAC
1002 2265 156 27 MARCUS'
1178 2259 527 31 BOKTRYCKERI-AKTIEBOLAG,
1724 2260 76 24 1911.
