2210 2640
673 204 254 32 Statsutskottets
958 203 170 32 Utlåtande
1151 202 64 32 N:o
1239 205 73 29 116.
1718 201 38 30 61

204 305 92 23 vara
331 305 45 23 ur
409 291 105 36 såväl
541 290 139 37 militär
708 303 80 23 som
817 288 221 38 ekonomisk
1065 288 196 49 synpunkt
1289 286 314 50 oundgängligen
1631 286 170 37 nödvän-

204 344 79 48 dig.
338 343 134 36 Denna
509 343 108 48 fråga
650 347 158 43 tränger
836 344 40 34 så
903 341 151 49 mycket
1081 353 103 24 mera
1211 340 57 36 till
1296 353 46 22 en
1370 352 89 23 snar
1485 338 166 49 lösning,
1680 351 70 26 som
1790 338 12 35 i

206 396 184 37 afvaktan
426 397 49 47 på
503 395 142 36 besluts
674 393 171 37 fattande
873 406 59 23 om
962 392 211 37 stationens
1202 391 243 49 förflyttning
1472 390 119 37 under
1617 391 85 36 hela
1730 389 72 37 den

205 448 69 47 tid,
302 447 300 48 utredningarna
629 448 147 47 pågått,
806 448 20 33 å
853 445 189 36 stationen
1070 444 133 37 endast
1231 443 140 37 sådana
1399 442 178 49 åtgärder
1603 442 198 48 vidtagits,

207 499 148 37 hvilkas
391 498 282 50 uppskjutande
710 498 99 35 varit
837 497 175 48 omöjligt
1040 496 68 36 och
1140 509 79 23 som
1248 495 193 36 inneburit
1469 499 54 31 ett
1550 493 253 50 provisoriskt

207 551 193 37 ordnande
437 552 60 35 för
533 555 54 32 att
624 550 128 36 kunna
789 549 90 48 fylla
916 549 45 36 de
998 561 75 36 nya
1105 548 96 46 kraf,
1231 560 79 23 som
1338 546 120 37 under
1485 546 104 36 tiden
1616 548 185 47 uppstått.

208 603 74 37 Till
300 603 148 36 varfvet
466 602 167 37 hörande
651 601 223 36 verkstäder
893 600 70 37 och
983 599 257 48 anordningar
1260 599 40 35 af
1316 597 196 38 allehanda
1532 598 93 47 slag,
1645 598 158 48 tjänste-

205 655 156 47 lokaler,
390 655 191 45 kaserner,
609 653 178 37 bostäder
814 666 47 22 m.
891 666 48 22 m.
970 656 63 32 äro
1061 651 13 37 i
1102 651 119 37 behof
1245 650 42 36 af
1310 649 327 50 genomgripande
1655 662 149 36 repara-

208 708 135 45 tioner,
372 706 267 48 förändringar
667 705 71 37 och
765 704 285 49 utvidgningar.

312 758 73 37 Vid
425 759 100 35 valet
567 757 41 36 af
643 758 99 48 plats
783 757 60 36 för
884 769 46 23 en
970 769 52 35 ny
1050 755 140 36 station
1218 759 41 31 är
1286 766 88 23 man
1402 753 41 36 af
1468 753 228 48 strategiska
1724 752 82 36 skäl

207 810 185 37 hänvisad
432 810 57 36 till
531 809 167 37 området
738 809 137 35 mellan
917 807 231 47 Stockholm,
1186 809 21 33 å
1243 818 80 34 ena,
1362 810 97 31 samt
1491 805 207 36 Vaxholms
1736 804 70 37 och

210 861 433 48 Oskar-Fredriksborgs
671 860 184 49 fästning,
885 862 20 33 å
934 859 116 36 andra
1078 859 118 36 sidan.
1239 858 75 36 För
1341 857 46 36 de
1414 857 142 49 platser
1582 857 102 35 inom
1704 856 102 36 detta

208 914 164 44 område,
402 927 81 23 som
511 914 58 35 för
597 912 212 36 ändamålet
836 911 127 36 kunna
990 911 150 36 komma
1168 910 12 35 i
1204 909 108 49 fråga
1331 909 70 36 och
1418 908 128 36 blifvit
1563 908 242 46 undersökta,

207 971 99 32 samt
346 966 59 36 för
441 966 45 35 de
523 964 162 37 fördelar
713 964 70 36 och
811 963 213 46 nackdelar,
1053 975 81 24 som
1162 961 46 37 de
1236 961 99 36 olika
1362 961 190 48 platserna
1581 964 142 32 ansetts
1752 973 55 23 er-

209 1018 127 49 bjuda,
370 1022 41 31 är
437 1017 116 36 redan
580 1016 176 48 utförligt
784 1015 232 48 redogjordt.
1071 1014 54 36 Af
1149 1013 266 48 redogörelsen
1435 1012 68 36 har
1522 1012 71 36 ock
1612 1012 195 48 framgått,

208 1075 57 31 att
292 1069 114 37 bland
435 1069 45 36 de
509 1069 215 47 föreslagna
753 1068 189 48 platserna
969 1069 64 33 två
1061 1066 157 36 framför
1246 1065 45 36 de
1319 1064 124 49 öfriga
1471 1069 64 31 äro
1564 1064 244 48 synnerligen

209 1121 149 50 ägnade
393 1121 60 37 för
486 1121 239 48 anläggning
753 1120 41 35 af
818 1124 54 32 ett
899 1117 413 38 marinetablissement.
1367 1116 74 36 Det
1469 1129 69 23 ena
1566 1120 42 31 är
1635 1115 172 36 Kaknäs-

208 1174 171 36 området
407 1176 20 33 å
454 1172 253 49 Djurgården,
737 1172 63 36 det
828 1171 116 36 andra
972 1170 130 36 Elfvik
1131 1172 20 33 å
1178 1169 201 47 Lidingön.

313 1225 95 47 Alla,
451 1238 80 23 som
563 1225 12 35 i
603 1224 137 48 frågan
766 1227 119 45 yttrat
914 1223 70 48 sig,
1014 1221 114 36 hafva
1156 1225 123 31 ansett
1307 1220 154 36 Kaknäs
1489 1232 91 23 vara
1608 1218 59 36 för
1695 1218 113 36 ända-

209 1276 116 37 målet
353 1290 45 23 en
427 1276 244 49 synnerligen
698 1275 158 48 lämplig
882 1274 108 49 plats.
1045 1273 80 36 Mot
1153 1272 182 48 förslaget
1364 1276 54 31 att
1445 1272 101 47 välja
1572 1270 156 36 Kaknäs
1752 1270 57 36 till

210 1329 143 36 station
384 1329 59 35 för
470 1327 134 37 flottan
631 1327 96 36 talar
755 1326 120 49 enligt
902 1326 79 35 min
1008 1324 156 48 mening
1192 1323 132 37 endast
1353 1323 62 36 det
1443 1323 101 48 höga
1571 1322 127 47 värde,
1729 1335 79 23 som

209 1380 172 37 området
410 1384 141 32 ansetts
580 1384 84 43 äga.
720 1375 591 51 Ladugårdsgärdeskommittén
1338 1374 79 47 har,
1447 1377 124 33 såsom
1595 1374 71 48 jag
1693 1373 117 36 redan

211 1432 226 47 omförmält,
480 1431 193 46 beräknat,
712 1435 54 31 att
794 1429 73 37 den
894 1429 118 46 mark,
1042 1441 80 23 som
1151 1427 40 36 af
1216 1426 471 37 flottstationskommittén
1714 1425 96 36 före-

210 1484 136 48 slagits
387 1483 92 36 böra
520 1483 98 36 afses
655 1483 60 35 för
749 1482 71 35 den
848 1494 75 35 nya
951 1480 200 46 stationen,
1181 1478 119 37 skulle
1327 1478 12 36 i
1368 1478 121 36 sinom
1517 1477 55 37 tid
1599 1477 129 36 kunna
1755 1477 55 36 in-

212 1536 138 48 bringa
391 1548 47 23 en
478 1534 223 48 behållning
738 1534 40 35 af
808 1533 177 48 omkring
1011 1532 115 49 fyrtio
1154 1531 186 36 millioner
1368 1530 150 37 kronor.
1575 1529 235 48 Visserligen

212 1588 114 36 hafva
367 1587 228 36 tvifvelsmål
635 1586 187 49 försports
856 1585 11 36 i
899 1585 110 48 fråga
1042 1597 60 23 om
1134 1583 233 48 riktigheten
1396 1582 41 36 af
1461 1595 46 23 en
1536 1581 116 36 sådan
1680 1580 131 36 värde-

210 1639 185 48 sättning,
441 1652 86 22 men
567 1637 142 50 tydligt
751 1641 41 32 är
827 1637 12 35 i
877 1637 64 35 allt
982 1636 76 46 fall,
1101 1640 55 30 att
1198 1634 177 44 området,
1410 1634 12 35 i
1456 1633 70 37 och
1552 1633 86 36 med
1666 1632 63 36 det
1758 1637 53 30 att

213 1690 357 48 Ladugårdsgärdet
597 1690 174 48 upplåtes
799 1688 56 36 till
883 1686 254 50 bebyggande
1166 1686 70 36 och
1256 1686 157 35 erhåller
1432 1685 100 48 goda
1551 1684 260 36 kommunika-

212 1743 135 42 tioner,
390 1745 118 32 måste
550 1754 108 23 anses
703 1744 258 44 representera
1003 1744 52 30 ett
1097 1737 244 48 synnerligen
1383 1736 95 48 högt
1518 1735 125 37 värde.
1699 1735 113 36 Detta

213 1793 156 37 oaktadt
397 1793 119 35 skulle
540 1793 70 48 jag
638 1791 207 37 emellertid
873 1790 32 48 ej
936 1789 129 37 tvekat
1093 1794 55 30 att
1176 1788 137 37 föreslå
1342 1788 208 36 stationens
1570 1786 243 49 förflyttning

214 1846 57 35 till
299 1845 168 46 Kaknäs,
497 1844 126 36 därest
651 1844 33 48 ej
714 1842 299 48 utredningarna
1041 1841 115 49 gifvit
1183 1840 64 36 vid
1275 1839 161 46 handen,
1467 1839 77 36 dels
1574 1843 54 31 att
1655 1838 159 48 lämplig

214 1898 99 48 plats
354 1897 59 35 för
454 1896 188 36 stationen
684 1895 75 36 kan
800 1894 156 36 beredas
994 1896 20 33 å
1051 1892 70 37 och
1153 1892 64 36 vid
1245 1891 141 48 Elfvik,
1416 1891 66 47 dit,
1512 1891 119 48 enligt
1659 1902 155 24 numera

214 1961 129 23 vunna
370 1948 287 49 upplysningar,
688 1946 100 49 goda
811 1944 555 51 järnvägskommunikationer
1392 1947 91 32 utan
1509 1942 196 48 svårighet
1725 1941 89 36 eller

214 2000 166 36 särdeles
410 2004 78 31 stor
515 1998 162 37 kostnad
705 1999 76 35 låta
809 1998 60 48 sig
897 1997 178 46 anordna,
1106 1996 78 36 dels
1213 2000 54 31 att
1295 1995 58 35 för
1381 2008 46 22 en
1456 1994 139 36 station
1619 1992 195 37 därstädes

215 2051 226 48 erforderlig
481 2050 105 36 mark
626 2050 108 35 torde
776 2049 127 35 kunna
944 2048 212 35 förvärfvas
1194 2046 57 36 för
1287 2051 53 30 ett
1367 2046 147 48 belopp,
1544 2058 80 23 som
1652 2045 97 35 lärer
1777 2044 38 35 få

215 2115 113 23 anses
370 2102 32 48 ej
443 2101 211 48 obetydligt
694 2100 224 47 understiga
959 2099 63 36 det
1054 2099 59 35 för
1141 2097 224 36 flottstation
1393 2097 222 47 ifrågasatta
1642 2095 173 36 Kaknäs-

216 2152 190 38 områdets
443 2152 216 36 nuvarande
700 2151 128 46 värde,
871 2150 78 36 dels
982 2149 69 37 ock
1079 2154 55 30 att
1171 2147 469 49 anläggningskostnaden
1677 2147 58 35 för
1763 2151 53 31 ett

217 2204 402 37 marinetablissement
656 2203 64 35 vid
757 2201 128 37 Elfvik
921 2201 82 36 icke
1039 2200 107 36 torde
1183 2200 150 36 komma
1370 2204 54 31 att
1458 2199 108 35 ställa
1594 2198 60 48 sig
1682 2197 134 48 dyrare

218 2261 49 32 än
303 2255 210 37 kostnaden
549 2255 60 36 för
646 2259 53 31 ett
737 2254 134 36 sådant
907 2252 279 37 etablissement
1224 2251 41 36 af
1297 2249 263 37 motsvarande
1589 2248 229 48 omfattning

218 2308 65 37 vid
311 2307 165 36 Kaknäs.
