2216 2630
467 226 20 30 2
875 223 261 33 Statsutskottets
1168 223 178 33 Utlåtande
1373 223 65 31 N:o
1466 225 72 29 116.

413 304 241 50 Djurgården
694 304 64 36 vid
799 304 93 36 Lilla
932 303 145 37 Värtan
1117 304 70 36 och
1215 302 487 50 Lindarängen—Kaknäs,
1731 315 81 24 som
1840 301 41 37 af
1907 303 99 35 1900

414 357 71 36 och
529 358 95 35 1906
667 358 60 34 års
755 355 286 37 kommitterade
1067 355 197 49 angifvits;
1294 356 75 35 dels
1396 354 147 37 besluta
1576 359 54 31 att
1658 354 58 36 för
1747 355 97 35 1908
1873 354 134 36 anvisa

415 413 54 32 ett
497 408 136 49 belopp
663 408 41 35 af
728 409 202 45 3,000,000
958 407 141 36 kronor
1126 408 58 35 för
1212 406 248 49 påbörjandet
1489 406 41 36 af
1553 419 46 24 en
1627 420 51 34 ny
1704 405 226 37 fottstation
1944 405 65 36 vid

413 459 475 49 Lindarängen—Kaknäs
917 462 47 46 på
992 458 237 49 grundvalen
1256 459 42 35 af
1321 458 157 36 utsedda
1507 458 257 48 sakkunniges
1792 457 56 36 till
1876 457 133 36 chefen

416 512 59 36 för
504 511 526 49 sjöförsvarsdepartementet
1058 510 71 37 den
1158 512 45 34 21
1234 509 94 50 april
1360 511 96 35 1906
1486 509 146 49 afgifna
1660 509 143 48 förslag
1830 508 85 37 med
1933 513 76 31 rätt

417 564 59 35 för
503 563 141 48 Kungl.
673 562 109 49 Maj:t
810 567 52 32 att
889 563 75 35 låta
992 563 42 35 af
1058 562 101 36 detta
1177 561 139 49 belopp
1334 561 116 36 redan
1468 561 254 37 innevarande
1741 563 40 33 år
1798 560 226 36 utanordna

414 615 103 36 hvad
556 628 79 23 som
671 614 152 37 kräfves
851 614 58 36 för
941 614 147 36 inlösen
1116 614 41 35 af
1171 613 109 36 mark
1308 613 69 36 och
1405 612 238 50 byggnader,
1673 613 58 36 för
1759 611 251 49 detaljunder-

415 666 209 49 sökningar
651 666 69 36 och
747 666 163 37 arbetets
939 665 268 49 organisation.

519 760 222 58 Åberopade
761 768 419 49 stadsrådsprotokollet
1195 768 206 36 innehåller
1416 767 166 50 följande
1596 767 175 49 yttrande
1785 766 43 37 af
1838 766 172 50 departe-

415 821 275 37 mentschefen:
1705 847 6 5 ;

519 873 170 48 »Frågan
726 886 61 22 om
823 872 241 49 förflyttning
1100 871 40 36 af
1162 871 154 36 flottans
1346 871 138 37 station
1511 871 13 36 i
1557 870 218 37 Stockholm
1801 870 57 36 till
1887 883 125 22 annan

415 924 100 49 plats
556 929 48 31 än
644 923 72 37 den
751 924 217 36 nuvarande
1004 924 69 35 har
1109 923 115 36 sedan
1252 928 54 31 ett
1334 923 107 36 tiotal
1470 925 40 33 år
1538 922 156 37 tillbaka
1722 925 92 34 stått
1841 924 48 46 på
1918 921 92 49 dag-

416 976 225 48 ordningen.

521 1027 17 36 I
567 1027 193 36 skrifvelse
788 1026 72 37 den
889 1028 46 34 25
965 1026 210 49 september
1206 1027 96 35 1897
1333 1025 207 36 anmodade
1568 1024 212 37 dåvarande
1803 1024 133 37 chefen
1955 1024 58 37 för

417 1078 522 50 sjöförsvarsdepartementet
967 1077 133 37 chefen
1127 1078 58 36 för
1212 1077 152 36 flottans
1393 1077 82 36 stab
1501 1081 54 31 att
1573 1077 13 35 i
1605 1076 147 36 samråd
1771 1075 85 37 med
1874 1075 138 37 marin-

418 1130 281 49 förvaltningen
744 1130 190 36 inkomma
975 1129 85 37 med
1102 1129 143 48 förslag
1284 1129 57 36 till
1381 1128 249 49 förläggning
1670 1127 41 37 af
1747 1128 73 36 den
1860 1127 153 36 flottans

417 1182 180 47 materiel,
639 1195 92 34 som,
773 1181 119 49 enligt
928 1181 13 36 i
978 1180 221 37 skrifvelsen
1235 1185 170 31 närmare
1434 1179 156 49 angifna
1617 1179 176 49 grunder,
1822 1178 118 37 under
1967 1179 47 36 de

416 1239 168 31 närmast
624 1233 282 49 därpåföljande
951 1234 45 34 12
1039 1235 88 33 åren
1157 1231 235 50 påräknades
1419 1231 151 37 komma
1599 1236 54 31 att
1679 1230 158 37 tillföras
1865 1230 146 47 flottan,

419 1285 133 36 därvid
593 1285 294 49 förläggningen
928 1284 119 37 skulle
1087 1284 167 49 grundas
1291 1283 78 37 dels
1405 1286 49 46 på
1482 1283 249 36 stationernas
1759 1282 172 49 förmåga
1960 1287 54 31 att

418 1350 147 36 rymma
604 1337 185 49 personal,
831 1336 128 49 fartyg
1000 1336 70 36 och
1110 1335 227 37 inventarier
1372 1349 48 22 m.
1449 1348 49 23 m.
1533 1335 78 36 dels
1638 1337 49 46 på
1715 1334 45 37 de
1788 1333 226 50 strategiska

419 1388 216 49 grunderna
662 1388 57 37 för
746 1388 151 36 flottans
926 1387 224 49 deltagande
1177 1387 13 36 1
1217 1386 146 37 landets
1391 1387 156 36 försvar.

523 1439 18 36 I
581 1440 204 49 anledning
824 1439 110 36 häraf
972 1439 109 49 afgaf
1117 1439 131 36 chefen
1289 1438 58 37 för
1386 1438 153 36 flottans
1577 1437 82 37 stab
1695 1437 13 37 i
1734 1437 143 49 hemlig
1904 1436 110 37 skrif-

419 1492 102 36 velse
563 1492 71 36 den
663 1494 20 34 8
713 1492 194 36 december
938 1493 96 34 1898
1064 1495 53 32 ett
1143 1490 193 37 utlåtande
1374 1489 195 50 angående
1596 1489 164 36 nämnda
1788 1488 227 49 strategiska

419 1539 177 58 grunder.

524 1596 57 36 Då
609 1595 100 37 detta
736 1594 191 37 utlåtande
955 1594 74 37 den
1059 1595 45 35 10
1128 1593 164 37 februari
1322 1595 95 34 1899
1453 1593 41 36 af
1522 1592 133 37 chefen
1686 1592 58 37 för
1775 1592 241 49 sjöförsvars-

421 1647 295 49 departementet
757 1646 190 36 anmäldes
975 1646 100 36 inför
1100 1645 142 49 Kungl.
1272 1645 118 49 Maj:t,
1421 1644 155 37 anförde
1604 1643 412 50 departementschefen

421 1698 132 47 tillika,
595 1703 53 31 att
689 1698 41 36 af
753 1698 256 48 utredningar,
1039 1710 80 23 som
1146 1697 84 36 från
1257 1696 280 37 varfscheferna
1564 1696 64 36 vid
1655 1695 152 37 flottans
1836 1695 180 36 stationer

421 1750 202 36 infordrats
658 1750 158 36 rörande
852 1749 72 37 den
951 1749 177 46 materiel,
1158 1762 81 23 som
1266 1748 125 36 kunde
1419 1748 195 48 förläggas
1640 1747 65 36 vid
1732 1746 183 37 hvardera
1942 1751 75 32 sta-

421 1802 141 46 tionen,
600 1801 203 37 emellertid
839 1801 226 48 framginge,
1094 1800 114 37 bland
1237 1804 124 42 annat,
1390 1799 101 36 hvad
1521 1799 238 37 Stockholms
1788 1798 139 37 station
1953 1798 64 36 be-

422 1853 169 47 träffade,
633 1858 53 31 att
725 1853 152 36 flottans
919 1853 278 36 etablissement
1237 1851 194 37 härstädes
1459 1851 13 36 i
1500 1851 65 36 sitt
1592 1850 216 37 nuvarande
1836 1849 105 37 skick
1966 1853 51 46 på

422 1905 95 36 intet
558 1909 73 32 sätt
670 1904 293 37 tillfredsställde
1000 1904 46 36 de
1082 1904 214 49 fordringar
1327 1903 12 36 i
1366 1903 296 48 mobiliserings-
1690 1902 69 36 och
1786 1901 231 37 varfsdrifts-

421 1956 251 47 hänseenden,
715 1969 81 23 som
836 1959 119 33 måste
996 1956 127 36 ställas
1162 1958 50 46 på
1252 1955 131 36 nutida
1410 1954 411 37 marinetablissement.
1877 1954 140 48 Någon

422 2008 168 37 materiel
628 2008 148 36 utöfver
816 2007 71 37 den
927 2007 64 37 vid
1033 2007 186 37 stationen
1256 2007 47 36 då
1339 2006 195 49 befintliga
1561 2005 125 37 kunde
1712 2005 81 37 icke
1821 2008 91 33 utan
1940 2018 78 23 om-

422 2059 169 37 fattande
632 2060 70 36 och
742 2059 160 49 dyrbara
943 2059 255 49 anordningar
1238 2058 55 37 dit
1334 2058 205 48 förläggas,
1569 2058 70 36 och
1667 2057 206 37 stationens
1901 2069 117 24 nuva-

422 2111 116 36 rande
571 2111 149 37 område
747 2124 89 24 vore
864 2111 57 36 för
947 2114 131 46 trångt
1105 2111 57 36 för
1190 2115 55 31 att
1272 2110 55 36 dit
1354 2109 175 49 förlägga
1556 2110 84 36 hela
1667 2109 72 37 den
1767 2108 139 50 styrka,
1936 2120 82 25 som

424 2162 40 36 af
489 2163 224 48 strategiska
742 2163 80 36 skäl
849 2162 115 37 borde
992 2162 67 36 där
1086 2163 234 35 stationeras.

527 2213 58 36 Då
621 2214 125 37 därför
781 2228 47 23 en
855 2214 240 49 förflyttning
1122 2214 41 36 af
1185 2213 154 37 flottans
1367 2212 280 37 etablissement
1673 2212 13 37 i
1715 2211 218 37 Stockholm
1960 2209 57 37 till

423 2278 126 24 annan
575 2265 97 49 plats
699 2266 12 36 i
739 2266 150 37 stadens
917 2266 134 36 närhet
1079 2265 69 37 och
1175 2265 13 37 i
1216 2264 275 49 sammanhang
1518 2264 153 36 därmed
1695 2263 153 37 stående
1866 2261 152 48 utvidg-

423 2318 96 48 ning
560 2317 41 35 af
637 2318 187 36 stationen
863 2317 205 37 framstode
1104 2320 123 33 såsom
1256 2316 162 37 särdeles
1446 2316 224 46 önskvärda,
1700 2315 70 36 och
1797 2315 63 36 det
1887 2317 130 45 syntes
