2226 2640
713 190 260 36 Statsutskottets
1006 192 177 34 Utlåtande
1210 194 65 33 N:o
1303 197 72 30 116.
1731 196 44 33 81

237 271 280 50 utsträckning,
551 273 104 36 såväl
684 272 11 37 i
723 286 89 24 norr
840 287 81 24 som
950 274 11 37 i
990 274 121 49 söder,
1141 279 54 33 att
1224 275 238 38 Stockholms
1492 277 247 49 fullständiga
1767 278 62 36 be-

235 323 176 37 fästande
451 324 33 49 ej
527 324 96 38 blott
660 325 146 37 fordrar
834 326 212 50 betydande
1074 327 214 50 kostnader,
1318 333 91 33 utan
1438 329 69 37 ock
1536 329 220 38 förutsätter
1782 344 48 23 en

235 375 223 51 besättning
486 376 41 37 af
550 377 75 37 den
652 378 152 48 storlek,
834 383 55 33 att
917 381 65 35 vår
1010 380 101 36 armé
1139 380 190 50 knappast
1358 394 113 37 synes
1500 382 58 36 för
1585 381 102 38 detta
1715 382 114 37 ända-

236 428 72 36 mål
335 428 129 37 kunna
491 428 114 38 binda
634 443 46 24 en
708 433 41 34 så
777 436 81 32 stor
886 432 142 49 styrka.
1084 432 138 37 Därför
1250 433 122 37 skulle
1401 433 62 37 det
1482 434 120 49 enligt
1621 434 207 38 utskottets

236 480 245 38 förmenande
516 495 90 24 vara
643 482 164 38 särdeles
841 483 258 50 fördelaktigt,
1129 498 60 23 om
1216 485 57 36 till
1300 485 227 38 flottstation
1555 486 125 37 kunde
1707 487 121 49 väljas

235 545 46 24 en
309 533 100 49 plats
438 533 84 37 med
551 534 119 37 sådan
697 534 241 50 belägenhet,
967 541 55 32 att
1050 536 86 38 dess
1165 536 222 39 befästande
1407 541 38 33 åt
1464 538 221 37 landssidan
1704 539 125 37 kunde

234 585 225 38 verkställas
492 586 180 37 särskildt
704 587 58 37 för
790 587 62 50 sig
880 593 98 32 samt
1005 591 48 47 på
1081 594 54 31 ett
1163 593 87 44 sätt,
1280 603 82 24 som
1390 590 132 37 kräfde
1550 604 46 23 en
1626 593 40 34 så
1694 590 135 50 fåtalig

233 636 223 52 besättning
497 651 81 24 som
619 639 162 50 möjligt,
819 640 70 37 och
926 641 148 49 platsen
1104 641 144 38 således
1277 642 125 38 blefve
1430 643 161 37 taktiskt
1619 643 210 38 oberoende

233 690 42 36 af
299 689 62 38 det
390 690 218 38 obefästade
636 689 231 40 Stockholm.

336 742 61 37 En
438 743 129 48 sådan,
609 743 120 51 enligt
765 744 100 37 hvad
901 745 187 37 utskottet
1116 758 121 36 anser,
1267 746 313 50 oundgängligen
1608 747 221 50 nödvändig

233 794 206 51 utredning
466 795 206 50 föreligger
700 797 206 37 emellertid
935 797 82 37 icke
1046 798 71 37 och
1145 798 107 37 torde
1280 799 32 49 ej
1343 799 117 37 heller
1486 799 128 37 kunna
1642 800 66 37 ske
1736 805 91 32 utan

233 847 225 37 samverkan
498 848 136 37 mellan
676 848 153 37 flottans
872 849 70 37 och
984 850 150 36 arméns
1171 851 279 49 myndigheter.
1504 851 193 50 Lämpligt
1725 866 101 34 vore,

233 904 54 31 att
316 899 124 37 denna
468 899 108 50 fråga
604 900 255 38 behandlades
888 902 11 35 i
929 902 276 49 sammanhang
1231 903 85 37 med
1345 903 179 50 frågorna
1544 918 61 23 om
1625 904 202 37 stärkande

233 951 40 36 af
310 950 240 39 Stockholms
592 952 98 37 fasta
726 953 149 37 försvar
913 957 36 33 åt
978 954 169 49 sjösidan
1177 960 96 31 samt
1302 968 60 24 om
1389 956 244 50 upptagande
1662 956 40 37 af
1726 961 99 32 ännn

231 1016 43 23 en
300 1003 47 37 af
371 1003 265 51 befästningar
664 1005 172 50 skyddad
864 1006 200 38 utfartsled
1093 1007 82 36 från
1204 1007 72 37 den
1306 1008 79 37 inre
1414 1008 244 49 skärgården.

333 1055 196 51 Härjämte
558 1070 111 24 anser
696 1057 199 49 utskottet,
924 1063 55 32 att
1007 1072 45 23 en
1082 1059 225 50 fullständig
1334 1061 88 48 plan
1451 1061 68 37 bör
1547 1061 190 37 utarbetas
1763 1075 64 23 an-

230 1108 147 49 gående
411 1108 72 38 den
511 1109 216 50 fördelning
755 1111 42 35 af
819 1110 155 38 flottans
1004 1111 129 50 fartyg
1160 1112 136 37 mellan
1325 1113 99 36 olika
1452 1113 151 49 platser,
1633 1126 81 24 som
1742 1114 84 37 med

231 1161 149 49 hänsyn
408 1161 57 37 till
492 1166 54 32 ett
574 1162 319 50 ändamålsenligt
922 1163 192 37 ordnande
1143 1164 40 36 af
1207 1164 187 38 försvaret
1422 1165 69 36 bör
1519 1170 72 45 äga
1618 1179 94 34 rum,
1742 1166 84 36 där-

229 1212 64 37 vid
331 1213 143 49 jämväl
514 1214 107 36 torde
653 1214 91 37 böra
773 1219 110 45 tagas
912 1215 12 36 i
952 1215 282 49 öfvervägande
1262 1217 178 37 behofvet
1469 1219 40 35 af
1534 1231 45 23 en
1608 1218 217 49 replipunkt

230 1263 58 38 för
315 1265 135 36 flottan
477 1265 64 37 vid
568 1266 118 36 rikets
714 1271 128 32 västra
870 1267 90 37 kust
987 1268 69 36 och
1085 1267 181 49 möjligen
1295 1268 112 37 äfven
1435 1272 47 45 på
1511 1269 71 37 den
1603 1275 114 43 östra,
1737 1283 89 24 norr

230 1329 59 23 om
319 1316 229 38 Stockholm.
1506 1344 2 2 |

331 1369 123 37 Innan
482 1369 111 37 dessa
621 1369 129 50 frågor
777 1370 127 37 blifvit
932 1371 85 36 fullt
1035 1371 159 37 utredda
1214 1372 69 37 och
1302 1371 219 51 Riksdagen
1542 1373 158 38 sålunda
1719 1374 104 36 kom-

228 1420 68 37 mit
334 1420 13 38 i
387 1421 146 38 tillfälle
570 1426 54 32 att
661 1422 226 37 öfverskåda
924 1423 45 36 de
998 1423 155 49 slutliga
1180 1423 255 38 kostnaderna
1463 1426 59 36 för
1548 1425 276 38 flottstationen

228 1472 84 37 med
340 1473 67 37 allt
426 1474 98 36 hvad
552 1474 85 37 med
666 1474 218 38 densamma
912 1480 92 44 äger
1032 1475 193 49 samband,
1254 1477 193 49 nämligen
1467 1478 58 36 för
1544 1478 160 50 platsen,
1724 1479 100 36 varf-

230 1530 60 31 vet
332 1526 70 36 och
444 1526 123 49 öfriga
604 1526 293 50 anläggningar,
935 1527 62 37 det
1025 1541 76 36 nya
1128 1528 183 50 utloppet,
1340 1529 263 50 befästningar
1630 1530 56 37 till
1714 1531 108 36 lands

229 1577 68 37 och
340 1577 100 50 sjöss
479 1583 96 32 samt
612 1578 45 37 de
685 1579 141 50 nödiga
854 1579 421 51 fästningstruppernas
1309 1582 253 49 uppsättning
1590 1583 69 36 och
1687 1583 136 37 under-

228 1628 87 49 håll,
345 1635 99 31 samt
473 1631 107 36 alltså
608 1631 75 36 kan
711 1631 146 49 afgöra,
888 1645 59 23 om
976 1632 111 37 dessa
1115 1633 204 37 kostnader
1338 1633 128 38 kunna
1485 1634 177 37 betäckas
1682 1648 140 35 genom

227 1681 230 49 försäljning
485 1682 41 36 af
549 1682 153 38 flottans
731 1683 217 37 nuvarande
977 1684 140 36 station
1145 1685 88 36 eller
1261 1699 124 23 annan
1413 1686 165 37 kronans
1608 1687 106 36 mark
1734 1687 88 37 eller

227 1746 138 35 genom
408 1733 257 49 skattemedel,
707 1735 88 37 eller
837 1735 70 37 ock
949 1749 59 24 om
1036 1736 120 36 medel
1184 1736 128 37 därför
1339 1741 121 33 måste
1488 1739 195 49 upplånas,
1714 1752 108 24 anser

227 1784 61 48 sig
324 1785 187 37 utskottet
548 1787 32 48 ej
620 1786 128 37 kunna
775 1786 160 38 bedöma
962 1787 135 49 frågan
1126 1801 60 23 om
1215 1789 98 48 plats
1343 1790 58 36 för
1428 1803 46 24 en
1503 1804 51 36 ny
1582 1790 237 37 flottstation.

333 1836 49 38 På
410 1838 124 47 grund
563 1838 110 37 häraf
698 1838 56 37 får
781 1839 187 37 utskottet
996 1840 208 47 hemställa,

729 1890 35 50 a)
807 1896 55 32 att
902 1891 142 50 Kungl.
1085 1892 128 49 Maj:ts
1250 1893 12 37 i
1304 1893 244 38 förevarande
1585 1894 234 50 proposition

625 1942 135 49 gjorda
798 1943 324 50 framställningar
1158 1944 81 37 icke
1267 1949 59 33 må
1356 1946 114 36 vinna
1497 1946 238 49 Riksdagens
1765 1947 54 37 bi-

627 1994 80 46 fall;
738 2000 97 31 samt

728 2046 32 48 b)
804 2052 55 31 att
902 2048 84 36 herr
1026 2047 231 37 Bohnstedts
1300 2049 11 35 i
1353 2049 207 49 anledning
1597 2051 41 35 af
1662 2049 157 37 berörda

624 2098 235 48 proposition
897 2099 135 38 väckta
1068 2100 143 36 motion
1241 2100 31 48 ej
1304 2100 115 37 heller
1448 2104 56 33 må
1534 2101 42 36 af
1600 2101 218 49 Riksdagen

624 2148 182 37 bifallas.»

225 2248 36 37 af
290 2248 132 37 herrar
453 2249 36 36 P.
519 2250 167 47 Pehrson,
715 2252 35 35 J.
780 2253 45 36 A.
855 2250 75 51 Sjö,
959 2253 45 36 K.
1034 2253 184 47 Starbäck,
1251 2253 38 38 C.
1316 2253 41 37 G.
1382 2255 214 45 Johansson,
1621 2254 47 37 N.
1691 2255 126 37 Svens-

326 2314 76 34 son,
436 2300 37 38 C.
503 2302 36 35 J.
575 2295 143 45 Ödman
748 2303 70 36 och
853 2303 43 37 G.
926 2305 199 48 Lindgren:

323 2362 47 28 ch.
395 2361 45 28 till
466 2361 90 30 Riksd.
582 2363 75 28 Prot.
684 2361 89 31 1907.
819 2363 20 29 4
862 2365 87 28 Saml.
1000 2367 11 27 1
1036 2366 66 35 Afd.
1152 2363 39 30 76
1215 2367 82 35 Häft.
1739 2369 30 26 11
