1880 2782
267 173 35 30 18
595 172 286 29 Statsutskottets
907 170 179 31 utlåtande
1110 179 42 21 nr
1176 172 26 28 B
1226 173 41 28 52
1290 170 40 30 år
1354 170 83 30 1958

268 266 72 20 som
366 256 139 39 belöper
530 256 43 39 på
598 256 319 39 avgiftsprocenten
944 255 50 30 till
1020 255 66 29 den
1112 255 54 29 del
1193 255 113 29 denna
1332 254 189 39 överstiger
1550 254 59 33 1,8,
1635 253 54 30 får
1716 256 47 26 ut-

266 307 127 29 skottet
412 307 115 29 erinra
546 316 56 19 om
621 309 50 26 att
689 306 186 39 riksdagen
895 305 38 30 så
953 308 74 27 sent
1049 315 74 19 som
1142 305 10 28 i
1170 304 101 30 våras
1291 304 168 39 enhälligt
1478 306 103 36 antog
1600 304 164 38 förslaget

264 366 55 20 om
344 356 210 40 förbättring
578 366 41 20 av
643 357 67 29 den
734 356 179 30 allmänna
938 355 378 39 folkpensioneringen,
1341 355 121 29 varvid
1487 354 204 29 förutsattes
1716 356 48 27 att

264 406 276 39 finansieringen
560 416 41 20 av
620 406 205 30 densamma
846 407 114 29 skulle
981 407 60 28 ske
1061 414 124 31 genom
1208 405 146 40 avgifter
1375 414 41 21 av
1436 405 203 29 samhällets
1661 407 104 27 samt-

265 457 66 39 liga
360 457 275 39 inkomsttagare
664 458 10 29 i
703 456 220 30 förhållande
953 457 52 29 till
1034 457 100 29 deras
1163 457 155 28 inkomst
1347 455 88 30 efter
1464 456 93 28 vissa
1584 455 180 30 bestämda

264 507 161 38 grunder.
449 507 106 39 Ingen
580 507 111 29 skulle
715 517 82 20 vara
822 506 152 40 fritagen
998 506 79 30 från
1101 507 114 29 denna
1241 506 207 39 skyldighet.
1474 506 75 29 Alla
1574 506 41 29 de
1639 506 127 29 ekono-

266 558 112 29 miska
404 558 157 39 kalkyler
586 566 73 20 som
686 557 54 39 låg
764 558 50 29 till
841 557 114 39 grund
981 557 53 29 för
1059 557 184 39 förslagets
1268 556 273 39 genomförande
1566 556 132 39 byggde
1723 556 44 39 på

265 607 113 30 denna
404 607 263 39 förutsättning.
695 607 57 31 Ett
779 608 98 29 bifall
906 608 52 29 till
985 608 57 29 det
1069 607 140 39 förslag,
1239 616 73 20 som
1339 607 64 29 här
1431 606 193 39 föreligger,
1653 607 111 28 skulle

265 658 110 29 starkt
393 658 218 39 undergräva
629 658 267 39 möjligheterna
914 658 54 30 till
984 657 234 30 realiserande
1234 666 43 21 av
1293 657 114 30 denna
1425 657 209 39 förnämliga
1653 659 113 37 trygg-

264 708 201 39 hetsåtgärd
497 708 53 30 för
580 709 41 28 de
653 709 124 38 gamla,
808 709 118 29 vilken
958 708 201 29 solidariskt
1192 707 110 30 måste
1332 708 102 29 bäras
1467 717 42 20 av
1538 708 79 34 alla,
1650 708 115 28 såsom

264 758 104 30 också
390 759 187 38 riksdagen
598 758 185 30 förutsatte
805 759 57 29 vid
884 759 143 39 frågans
1048 759 196 39 avgörande
1266 758 53 30 för
1341 758 106 39 några
1469 758 36 29 få
1527 758 167 29 månader
1716 767 50 19 se-

264 808 78 31 dan.
362 809 65 30 Vid
448 810 54 28 sin
521 809 216 39 granskning
756 819 42 20 av
817 809 406 40 propositionsförslaget
1242 810 63 28 har
1326 809 169 29 utskottet
1518 808 116 30 funnit
1655 810 49 28 att
1724 809 40 28 de

264 860 85 28 allra
380 859 103 30 flesta
512 859 371 40 befattningshavarna
914 860 66 29 blir
1010 861 54 28 väl
1094 859 252 39 tillgodosedda
1378 861 85 27 utan
1494 859 200 29 erhållande
1724 868 41 20 av

264 909 268 39 kompensation
551 909 54 30 för
624 910 139 39 erlagda
783 910 327 39 pensionsavgifter.

309 959 62 29 Vid
402 959 125 30 sådant
555 959 219 31 förhållande
803 961 158 29 ansluter
990 961 50 38 sig
1069 961 168 29 utskottet
1266 961 52 28 till
1347 960 173 39 yrkandet
1549 960 9 29 i
1587 960 177 29 motionen

265 1008 43 30 II:
325 1011 25 28 B
369 1010 94 30 207.>

308 1060 72 29 dels
401 1061 65 28 ock
486 1062 49 28 att
555 1061 188 29 utskottets
764 1062 210 29 hemställan
996 1062 109 29 under
1125 1062 54 28 XI.
1201 1062 63 28 och
1285 1062 71 28 XII.
1376 1061 78 29 bort
1475 1061 43 29 ha
1542 1060 155 39 följande
1719 1061 47 38 ly-

263 1109 107 29 delse:

621 1164 74 30 »XI.
719 1166 48 27 att
789 1163 187 39 riksdagen
1000 1163 64 33 må,
1088 1164 78 29 med
1188 1162 99 30 bifall
1308 1163 52 28 till
1383 1163 178 28 motionen
1584 1161 44 30 II:
1645 1163 26 28 B
1692 1161 72 32 207,

575 1214 135 30 besluta
729 1214 95 30 avslå
841 1214 126 39 Kungl.
987 1214 122 38 Maj:ts
1129 1213 133 40 förslag
1279 1222 56 20 om
1354 1212 270 40 kompensation
1643 1212 54 30 för
1715 1221 51 20 er-

576 1264 99 39 lagda
692 1264 318 40 pensionsavgifter
1027 1264 52 29 till
1097 1264 67 29 den
1183 1264 178 29 allmänna
1380 1263 383 39 folkpensioneringen;

618 1314 72 30 XII.
716 1316 50 27 att
790 1313 189 39 riksdagen
1004 1313 65 35 må,
1096 1312 78 30 med
1199 1313 98 29 bifall
1321 1313 52 29 till
1399 1314 125 37 Kungl.
1550 1313 123 39 Maj:ts
1698 1313 68 28 för-

576 1365 73 38 slag
670 1365 79 28 med
769 1364 66 29 den
857 1364 149 39 ändring
1027 1373 74 20 som
1123 1363 178 30 föranleds
1322 1373 43 19 av
1384 1363 99 30 bifall
1505 1364 51 28 till
1577 1364 188 28 utskottets

576 1414 209 30 hemställan
805 1414 113 29 under
937 1414 66 34 XI.,

620 1465 38 29 A.
688 1465 186 39 godkänna
904 1465 41 29 de
973 1465 10 28 i
1012 1464 382 40 statsrådsprotokollet
1422 1466 81 27 över
1532 1464 232 29 civilärenden

577 1514 54 30 för
649 1515 67 29 den
734 1516 19 29 9
771 1515 88 40 april
881 1515 84 29 1958
984 1514 194 39 framlagda
1199 1514 199 40 grunderna
1419 1514 54 31 för
1492 1515 274 38 pensioneregle-

574 1565 75 39 ring
669 1565 55 29 för
744 1565 265 30 statsanställda
1028 1574 44 20 m.
1092 1574 56 24 m.,

620 1617 35 30 B.
675 1615 207 39 bemyndiga
903 1616 125 38 Kungl.
1050 1615 104 39 Maj:t

620 1667 32 31 1)
676 1667 49 28 att
745 1665 140 30 utfärda
906 1666 132 29 statens
1057 1666 178 29 allmänna
1252 1665 514 40 tjänstepensionsreglemente

578 1717 7 27 i
605 1716 235 39 huvudsaklig
858 1716 348 29 överensstämmelse
1226 1716 78 29 med
1322 1716 56 29 det
1398 1716 116 29 såsom
1532 1715 112 40 bilaga
1663 1716 28 29 A
1710 1715 55 29 vid

573 1766 153 29 nämnda
751 1766 346 39 statsrådsprotokoll
1122 1766 125 39 fogade
1271 1766 407 40 författningsförslaget,

621 1816 35 33 2)
680 1818 50 28 att
750 1816 110 30 under
879 1816 42 30 de
939 1816 295 39 förutsättningar
1252 1816 64 29 och
1333 1816 10 29 i
1362 1816 67 29 den
1448 1816 222 39 omfattning,
1692 1826 73 19 som

571 1866 9 29 i
607 1866 153 30 nämnda
788 1866 347 39 statsrådsprotokoll
1162 1866 186 35 förordats,
1376 1867 138 39 vidtaga
1542 1867 188 38 ändringar
1758 1868 7 27 i

575 1916 152 30 nämnda
750 1917 220 38 reglemente,

620 1966 36 34 3)
683 1968 50 28 att
754 1966 78 30 med
853 1966 225 39 iakttagande
1101 1977 42 19 av
1164 1967 42 31 de
1227 1967 285 39 huvudgrunder,
1536 1976 73 20 som
1615 1962 21 48 i
1665 1969 101 28 stats-

575 2016 291 39 rådsprotokollet
905 2017 185 33 förordats,
1130 2017 141 30 utfärda
1309 2017 227 39 erforderliga
1563 2017 200 39 övergångs-

574 2067 65 28 och
662 2067 402 38 tilläggsbestämmelser
1088 2067 50 29 till
1163 2069 235 37 reglementet,

617 2116 35 34 4)
685 2118 49 28 att
761 2117 8 28 i
796 2117 236 39 huvudsaklig
1057 2118 348 29 överensstämmelse
1431 2118 78 29 med
1536 2117 65 29 vad
1628 2118 10 29 i
1665 2120 101 27 stats-

576 2166 292 39 rådsprotokollet
891 2166 175 31 förordats
1090 2167 141 30 utfärda
1254 2167 226 40 erforderliga
1505 2168 262 30 bestämmelser

576 2216 179 40 angående
775 2218 152 29 särskild
947 2218 230 39 omreglering
1199 2227 42 20 av
1261 2219 185 38 pensioner
1466 2219 52 29 till
1541 2218 130 30 sådana
1692 2228 75 30 per-

577 2275 111 26 soner,
711 2276 75 20 som
807 2267 111 29 under
939 2267 96 30 tiden
1056 2268 66 29 den
1147 2269 14 28 1
1186 2268 89 39 april
1299 2268 197 30 1958—den
1518 2269 41 30 30
1580 2269 78 39 juni
1683 2269 83 29 1959

576 2315 116 40 avgått
716 2316 77 30 med
817 2318 69 29 rätt
909 2317 54 31 till
985 2317 156 40 pension,
1166 2321 90 27 samt
1280 2328 42 20 av
1346 2319 245 30 motsvarande
1616 2319 151 39 familje-

576 2366 194 39 pensioner,

620 2417 36 34 53)
684 2419 50 28 att
756 2418 10 29 i
788 2418 348 30 överensstämmelse
1159 2419 80 29 med
1260 2419 66 30 vad
1349 2420 10 28 i
1383 2420 382 39 statsrådsprotokollet

577 2467 175 31 förordats
771 2468 158 30 meddela
947 2468 262 31 bestämmelser
1227 2469 178 39 angående
1423 2470 173 30 särskilda
1614 2470 153 39 grunder
