1886 2766
480 144 286 32 Statsutskottets
786 142 179 31 utlåtande
984 151 43 20 nr
1044 142 19 29 3
1082 141 39 30 år
1141 140 84 29 1962
1566 136 40 31 23

102 234 64 29 rial
188 242 58 21 om
268 231 136 39 Sverige
428 231 164 29 ävensom
614 228 56 30 för
691 237 43 21 en
756 226 147 31 effektiv
924 224 226 31 distribution
1173 232 42 20 av
1236 223 96 29 detta
1352 220 171 31 material.
1546 220 56 30 Vi-

105 284 82 30 dare
208 284 62 29 bör
292 282 150 30 svenska
463 279 290 31 framträdanden
774 278 11 29 i
807 277 157 30 utlandet
987 274 201 31 förberedas
1210 272 216 41 publicitets-
1448 271 65 30 och
1535 269 72 40 opi-

102 332 261 39 nionsmässigt,
385 341 58 20 om
466 331 67 29 den
557 329 151 31 avsedda
731 328 157 29 effekten
911 327 89 29 skall
1023 325 147 40 uppnås.
1195 324 117 29 Behov
1334 323 71 29 kan
1428 321 174 40 därjämte

102 384 75 30 visa
194 384 51 39 sig
261 383 168 38 föreligga
446 383 50 29 att
512 381 11 30 i
539 382 41 29 de
597 382 95 28 stora
707 379 169 30 länderna
892 378 202 39 presentera
1109 376 42 29 de
1169 374 149 31 svenska
1336 372 266 40 synpunkterna

103 442 124 31 genom
257 433 143 30 särskilt
428 432 151 29 utsända
605 431 284 38 representanter
915 427 84 30 eller
1026 434 124 31 genom
1180 418 421 50 goodwill-delegationer.

103 484 151 29 Behovet
274 493 42 21 av
334 482 120 40 dylika
473 481 160 40 åtgärder
653 480 56 31 för
728 482 52 28 att
799 479 110 39 skapa
928 477 182 31 förståelse
1130 476 57 30 för
1207 475 156 39 Sveriges
1381 472 222 40 utrikespoli-

104 535 93 29 tiska
213 535 66 29 och
295 532 316 40 handelspolitiska
629 530 213 31 strävanden
860 531 38 28 är
915 529 134 34 sådant,
1069 529 51 28 att
1138 523 387 43 departementschefen
1543 532 61 20 an-

104 594 54 20 ser
179 585 52 39 sig
248 584 85 30 böra
351 583 143 30 förorda
513 592 43 20 en
574 581 149 40 höjning
743 590 42 20 av
804 579 229 30 förevarande
1053 577 230 39 anslagspost.
1304 576 53 29 En
1376 573 227 39 samordning

103 635 79 29 med
198 634 232 31 förenämnda
445 633 173 31 särskilda
633 632 161 39 åtgärder
809 640 43 21 av
866 628 324 41 exportfrämjande
1205 627 168 29 karaktär
1388 634 76 21 som
1479 624 124 30 chefen

105 686 55 29 för
192 685 426 38 handelsdepartementet
650 681 149 31 föreslår
829 682 63 29 bör
923 679 123 31 därvid
1078 678 107 39 enligt
1218 674 386 43 departementschefen

106 738 144 29 komma
273 736 53 30 till
352 735 113 31 stånd.
491 735 117 30 Under
632 733 212 39 hänvisning
869 732 53 29 till
946 731 67 30 vad
1038 739 47 20 nu
1112 728 137 31 anförts
1275 726 148 31 föreslår
1447 726 159 39 departe-

104 786 252 34 mentschefen,
376 787 51 28 att
447 784 265 39 anslagsposten
732 782 102 40 höjes
852 782 79 30 med
952 781 61 30 180
1028 781 62 30 000
1109 780 53 30 kr.
1184 778 56 30 för
1257 776 269 40 ifrågavarande
1546 776 59 28 än-

104 836 127 31 damål.
254 837 78 30 Med
353 836 139 39 hänsyn
514 835 52 29 till
588 836 50 28 att
659 833 280 30 medelsbehovet
961 833 38 28 är
1022 830 94 31 svårt
1138 832 51 27 att
1210 829 157 29 beräkna
1388 826 148 31 föreslås
1556 825 49 30 vi-

104 887 92 35 dare,
224 889 51 28 att
299 886 266 39 anslagsposten
590 884 169 40 uppföres
785 882 213 39 förslagsvis,
1022 890 107 21 varav
1154 880 106 39 följer
1285 880 50 28 att
1361 878 156 38 anslaget
1542 876 62 29 bör

104 947 85 21 vara
205 937 283 39 förslagsanslag.

152 1040 184 29 Utskottet.
357 1040 76 29 Den
452 1037 317 40 handelspolitiska
788 1035 245 39 utvecklingen
1054 1041 124 32 genom
1198 1032 45 30 bl.
1265 1041 28 20 a.
1315 1031 67 29 den
1403 1027 203 41 fortgående

106 1090 247 40 utbyggnaden
375 1099 43 20 av
439 1086 456 42 produktionskapaciteten
916 1085 12 29 i
950 1085 42 30 de
1015 1086 94 28 stora
1129 1080 365 32 industrinationerna
1516 1079 91 29 samt

107 1141 42 30 de
168 1142 137 29 senaste
324 1140 103 30 årens
446 1139 218 30 omfattande
683 1135 393 39 marknadsbildningar
1094 1134 66 29 har
1178 1133 12 29 i
1208 1133 68 38 hög
1295 1131 85 40 grad
1400 1130 121 38 skärpt
1540 1129 67 29 den

109 1191 285 30 internationella
419 1190 269 30 konkurrensen
715 1188 65 30 och
805 1186 153 31 medfört
984 1186 82 30 ökat
1092 1184 112 30 behov
1231 1191 42 22 av
1298 1182 151 29 insatser
1475 1180 56 30 för
1556 1180 52 28 att

107 1242 202 30 utomlands
329 1241 120 39 sprida
467 1240 125 39 vidgad
610 1239 201 30 kännedom
831 1247 56 20 om
907 1237 65 29 och
991 1235 183 31 förståelse
1193 1233 56 30 för
1269 1232 136 39 Sverige
1425 1231 65 30 och
1510 1238 98 22 sven-

108 1294 64 29 ska
191 1292 256 31 förhållanden.
467 1291 65 29 Det
552 1291 38 29 är
608 1290 121 30 därför
748 1290 49 29 ett
817 1288 178 39 angeläget
1014 1286 148 29 intresse
1182 1286 51 28 att
1253 1283 67 30 alla
1339 1280 269 40 ansträngning-

111 1353 38 20 ar
164 1343 159 39 vidtagas
339 1342 55 30 för
411 1344 50 28 att
476 1342 11 29 i
503 1340 159 30 utlandet
679 1340 86 29 söka
782 1339 109 39 skapa
908 1347 43 20 en
967 1346 97 20 mera
1080 1334 216 31 rättvisande
1313 1333 72 29 bild
1404 1341 42 21 av
1463 1331 57 30 det
1537 1339 72 21 mo-

110 1395 107 29 derna
236 1394 149 29 svenska
403 1392 181 30 samhället
602 1392 45 28 än
666 1400 75 21 som
759 1390 44 37 på
820 1389 125 36 många
963 1387 71 30 håll
1055 1396 101 27 synes
1175 1395 84 20 vara
1277 1384 162 30 rådande.
1459 1382 63 29 Det
1540 1382 70 37 gäl-

109 1444 49 30 ler
177 1444 45 29 bl.
244 1452 28 20 a.
294 1445 49 27 att
363 1442 180 38 klarlägga
563 1440 128 31 svensk
711 1439 149 30 utrikes-
879 1438 65 30 och
963 1435 285 40 handelspolitik.
1269 1433 127 31 Vidare
1416 1432 130 29 behövs
1566 1439 43 21 en

108 1493 244 31 intensifierad
368 1489 458 43 upplysningsverksamhet
841 1497 57 21 om
912 1488 137 29 landets
1064 1485 153 31 industri
1233 1485 65 29 och
1313 1481 202 40 näringsliv,
1530 1481 80 30 dess

108 1544 270 35 kommersiella,
402 1542 129 31 sociala
552 1542 65 29 och
638 1540 192 30 kulturella
851 1537 256 34 förhållanden,
1129 1536 80 30 dess
1230 1532 380 38 tekniskt-vetenskap-

109 1595 69 40 liga
199 1594 168 31 standard
387 1603 46 20 m.
454 1602 45 20 m.
521 1592 51 29 Av
592 1594 72 28 stor
684 1591 66 30 och
770 1589 131 30 aktuell
921 1588 175 39 betydelse
1118 1588 60 28 äro
1199 1584 144 41 givetvis
1363 1582 248 41 upplysnings-

111 1646 160 30 aktioner
285 1645 12 29 i
312 1644 205 38 anslutning
532 1643 52 29 till
599 1642 85 30 våra
701 1641 210 30 strävanden
928 1641 50 28 att
993 1638 106 30 vinna
1114 1636 154 30 tillträde
1284 1635 53 30 till
1353 1635 67 29 den
1436 1632 175 40 europeis-

111 1698 45 29 ka
180 1705 253 29 gemensamma
456 1694 223 30 marknaden.
703 1692 125 37 Många
849 1691 79 30 med
951 1689 135 37 Sverige
1109 1687 216 39 jämförbara
1349 1685 119 30 länder
1492 1683 121 31 anvisa

109 1747 103 38 högst
234 1745 196 39 betydande
452 1744 112 29 medel
587 1743 55 30 för
664 1741 248 40 upplysnings-
933 1740 66 29 och
1022 1735 357 43 goodwill-skapande
1402 1733 210 40 kampanjer

111 1797 11 29 i
141 1796 247 30 motsvarande
409 1794 101 40 syfte.

155 1847 66 29 Det
240 1847 37 29 är
295 1848 73 27 mot
385 1844 231 40 bakgrunden
632 1843 121 33 härav,
773 1851 74 20 som
865 1840 126 39 Kungl.
1010 1838 116 40 Maj:t,
1143 1838 68 29 vad
1229 1835 172 31 beträffar
1419 1843 47 21 nu
1484 1833 128 40 ifråga-

113 1898 151 30 varande
283 1897 129 36 anslag,
432 1894 177 38 föreslagit
627 1903 44 20 en
689 1892 220 38 uppräkning
927 1900 42 20 av
989 1890 190 29 detsamma
1196 1888 78 29 med
1294 1887 100 36 drygt
1413 1885 59 30 500
1483 1885 59 29 000
1562 1885 52 30 kr.

114 1949 116 29 Under
249 1947 154 37 punkten
423 1945 39 30 22
482 1945 11 29 i
513 1945 55 29 det
588 1944 155 36 följande
762 1943 64 29 har
846 1942 154 36 anslaget
1018 1940 52 29 till
1091 1938 187 31 utländska
1297 1936 207 38 pressbesök
1525 1935 90 29 före-

114 1997 120 39 slagits
256 1996 78 39 höjt
356 1995 81 30 från
459 1994 41 30 40
514 1993 62 31 000
599 1994 52 29 kr.
675 1993 52 30 till
751 1992 62 30 200
829 1991 61 30 000
914 1991 52 29 kr.
989 1989 126 31 Vidare
1137 1989 66 28 har
1225 1986 125 39 Kungl.
1374 1985 105 39 Maj:t
1502 1984 112 29 under

114 2048 117 29 tionde
253 2046 224 30 huvudtiteln
500 2045 100 29 äskat
621 2046 49 27 ett
693 2043 121 38 anslag
837 2051 41 20 av
901 2040 94 30 3500
1010 2039 62 30 000
1095 2039 52 29 kr.
1171 2038 55 29 för
1248 2039 50 28 att
1319 2037 45 28 bl.
1387 2045 30 20 a.
1439 2036 96 29 möta
1556 2034 56 30 det

112 2098 158 29 växande
292 2097 146 29 behovet
462 2105 42 20 av
525 2093 261 31 kommersiella
808 2091 277 39 stödjepunkter,
1108 2087 238 31 kommersiell
1369 2085 245 40 upplysnings-

113 2147 224 30 verksamhet
357 2146 66 29 och
444 2144 206 40 deltagande
671 2144 11 28 i
703 2143 111 30 andra
834 2139 323 41 exportfrämjande
1179 2137 171 40 åtgärder.

157 2197 153 30 Jämfört
330 2197 80 28 med
430 2196 42 29 de
492 2195 123 32 medel,
637 2203 75 20 som
733 2193 54 29 stå
807 2192 51 29 till
880 2190 205 39 förfogande
1106 2187 237 31 innevarande
1363 2185 180 39 budgetår,
1564 2184 51 29 in-

116 2248 107 29 nebär
241 2247 125 38 Kungl.
384 2246 125 38 Maj:ts
528 2244 130 38 förslag
676 2253 42 19 en
736 2244 70 27 rätt
824 2241 166 30 avsevärd
1009 2238 283 39 anslagsökning.
1311 2237 78 28 Med
1407 2236 138 37 hänsyn
1563 2234 51 29 till

116 2298 200 39 betydelsen
333 2305 42 21 av
390 2296 42 29 de
448 2292 406 42 upplysningsåtgärder,
870 2300 56 20 om
942 2290 94 29 vilka
1052 2289 64 29 här
1133 2289 38 28 är
1187 2287 110 38 fråga,
1313 2286 117 29 finner
1446 2285 170 29 utskottet

116 2358 43 20 en
175 2347 132 39 ökning
322 2347 55 29 väl
394 2345 203 30 motiverad.
614 2343 93 29 även
725 2351 55 21 om
798 2351 43 20 en
857 2340 199 40 ytterligare
1073 2337 242 37 förstärkning
1331 2345 42 20 av
1389 2335 167 38 anslaget,
1573 2333 44 39 på

118 2400 68 28 sätt
213 2398 3 29 i
236 2397 221 29 motionerna
477 2395 28 29 I:
523 2393 61 31 348
605 2394 65 29 och
691 2393 45 29 II:
753 2391 63 30 423
835 2391 132 39 yrkats,
988 2390 69 28 kan
1077 2397 84 20 vara
1181 2386 158 39 befogad,
1361 2394 102 21 anser
1484 2384 134 29 utskot-

117 2451 48 27 tet
184 2448 51 39 sig
253 2447 89 30 dock
360 2446 86 29 böra
464 2447 126 28 stanna
608 2443 55 30 för
682 2442 124 39 Kungl.
827 2441 122 39 Maj:ls
969 2439 139 38 förslag.
1128 2438 65 29 Det
1212 2437 58 29 må
1288 2435 177 39 nämligen
1482 2434 135 30 erinras
