1948 2850
65 2092 141 24 Utskottets

71 2128 134 28 yttrande.

341 140 17 29 2
715 149 291 41 Statsutskottets
1038 162 187 35 utlåtande
1254 167 53 31 Nr
1336 170 51 31 32.

294 216 78 37 lopp
405 229 43 21 av
484 222 115 36 30,000
628 226 132 34 kronor.
808 231 68 32 Vid
899 237 213 38 granskning
1135 251 43 20 av
1203 243 354 42 byggnadsstyrelsens
1583 257 126 38 förslag
1733 261 63 32 har

292 269 57 36 Jag
384 271 115 33 funnit
533 275 184 35 detsamma
751 283 221 40 välgrundat;
1006 289 84 32 dock
1126 294 91 31 torde
1240 297 88 31 vissa
1351 310 44 20 av
1420 304 160 35 styrelsen
1604 309 189 39 föreslagna

293 321 239 41 förändringar
567 328 12 30 i
613 332 333 38 rumsdispositionen
982 341 91 32 inom
1109 345 309 43 boställsvåningen
1455 357 108 32 såsom
1594 360 72 32 icke
1690 361 102 46 ound-

290 375 183 37 gängligen
496 380 221 39 nödvändiga
740 386 116 33 kunna
880 391 259 41 undanskjutas,
1163 400 196 35 varigenom
1386 405 323 41 kostnadssumman
1733 417 59 31 bör

289 426 118 32 kunna
429 430 206 39 nedbringas
657 436 55 30 till
735 439 117 36 44,000
876 442 131 33 kronor.

332 479 124 32 Vidare
487 483 62 32 har
583 485 237 39 länsstyrelsen
852 494 12 29 i
895 494 194 36 Jämtlands
1125 501 56 31 län
1212 504 59 30 hos
1295 506 131 38 Kungl.
1452 512 98 37 Maj:t
1572 517 92 35 gjort
1688 519 101 32 fram-

287 532 164 38 ställning
484 538 172 35 angående
691 541 215 40 tillbyggnad
941 548 52 30 till
1027 550 257 38 länsresidenset
1318 559 12 30 i
1364 558 180 39 Östersund
1583 569 52 30 för
1670 580 40 21 en
1745 583 43 20 av

286 583 339 40 byggnadsstyrelsen
661 592 170 35 beräknad
865 598 140 34 kostnad
1026 612 47 21 av
1096 604 138 37 330,000
1258 610 135 33 kronor.
1440 611 347 51 Byggnadsstyrelsen

285 635 62 31 har
371 637 11 30 i
406 640 137 34 avgivet
568 642 173 34 utlåtande
764 648 165 38 tillstyrkt
952 653 255 38 länsstyrelsens
1229 660 267 44 framställning,
1520 671 61 30 och
1606 672 63 31 har
1686 675 102 37 bygg-

283 688 246 38 nadsstyrelsen
553 694 121 33 därvid
698 698 201 41 framhållit,
923 706 50 30 att
997 707 57 30 vid
1078 718 58 21 av-
1160 711 61 31 och
1237 713 231 41 tillträdessyn
1487 724 86 30 samt
1589 721 197 45 ekonomisk

284 740 205 39 besiktning,
524 755 70 22 som
628 748 176 35 förrättats
839 756 106 31 under
977 759 38 30 år
1050 761 96 36 1923,
1183 766 139 36 utrönts,
1357 770 51 30 att
1431 769 352 48 residensbyggnaden

282 793 276 40 oundgängligen
582 801 138 32 tarvade
740 808 228 33 reparationer
983 812 53 29 för
1050 822 42 21 en
1110 814 140 33 kostnad
1266 829 45 19 av
1327 821 11 28 i
1355 824 81 29 runt
1452 825 46 29 tal
1516 826 117 36 41,000
1650 829 135 34 kronor.

281 844 67 37 Jag
382 846 109 33 finner
525 850 54 31 det
614 853 197 39 visserligen
845 862 195 37 uppenbart,
1075 867 51 29 att
1157 869 350 39 residensbyggnaden
1531 879 74 31 icke
1628 882 157 36 erbjuder

280 897 209 39 tillräckliga
523 903 61 30 och
617 905 166 39 lämpliga
815 911 126 32 lokaler
973 916 35 29 åt
1042 917 237 38 länsstyrelsen
1307 927 89 29 samt
1420 929 50 29 att
1493 931 86 30 även
1604 932 180 33 landshöv-

279 949 144 37 dingens
458 953 268 42 boställsvåning
760 964 40 28 är
824 963 10 29 i
858 963 109 33 behov
988 977 45 20 av
1058 969 215 40 förbättring.
1326 976 116 32 Under
1466 984 200 31 nuvarande
1690 989 93 29 stats-

280 1003 190 32 finansiella
505 1006 236 37 förhållanden
776 1024 98 26 synes
908 1017 104 33 likväl
1050 1021 55 31 det
1142 1034 44 20 av
1215 1025 237 39 länsstyrelsen
1478 1032 213 36 framställda
1715 1040 67 30 till-

277 1054 348 43 byggnadsförslaget,
661 1065 87 30 även
783 1068 75 31 med
886 1079 40 21 en
951 1072 67 30 viss
1041 1083 46 21 av
1111 1075 339 41 byggnadsstyrelsen
1473 1085 201 35 alternativt
1698 1091 82 31 före-

276 1107 116 36 slagen
415 1110 189 39 reduktion,
629 1117 200 35 varigenom
845 1121 183 33 kostnaden
1045 1126 110 31 skulle
1171 1130 204 38 nedbringas
1391 1134 54 31 till
1461 1138 161 37 omkring
1639 1142 140 36 200,000

276 1159 133 38 kronor,
443 1163 71 31 icke
537 1165 117 32 kunna
677 1168 259 37 ifrågakomma.
982 1176 48 30 De
1053 1180 86 29 mest
1162 1181 184 36 trängande
1371 1190 278 33 reparationerna
1674 1192 105 43 måste

275 1211 115 32 därför
415 1215 206 34 verkställas.
668 1220 52 31 Då
743 1224 185 33 emellertid
951 1228 398 41 tillbyggnadsplanerna
1373 1239 72 31 icke
1468 1252 100 25 synas
1592 1245 120 32 kunna
1727 1249 52 30 för

274 1264 111 36 någon
420 1267 118 36 längre
569 1270 49 31 tid
651 1273 255 40 undanskjutas,
941 1279 80 32 böra
1050 1282 149 35 givetvis
1222 1290 276 33 reparationerna
1522 1296 98 33 givas
1644 1299 132 32 mindre

272 1317 216 38 omfattning,
512 1323 45 28 än
581 1323 59 31 vid
664 1325 192 40 besiktning
880 1333 125 30 ansetts
1027 1330 228 48 erforderligt.

315 1369 51 31 Då
400 1371 57 37 jag
492 1373 73 31 icke
599 1375 116 33 funnit
749 1379 121 37 frågan
905 1393 54 21 om
993 1385 186 34 beredande
1212 1400 43 20 av
1291 1395 105 30 medel
1420 1397 52 30 till
1499 1403 233 32 reparationer
1754 1407 20 28 å

272 1421 261 36 ifrågavarande
569 1427 84 32 båda
689 1431 342 40 residensbyggnader
1066 1439 83 31 böra
1185 1442 172 35 föranleda
1393 1450 165 32 särskilda
1592 1454 182 33 framställ-

270 1473 125 36 ningar
418 1476 54 30 till
497 1478 188 39 riksdagen,
710 1484 92 31 torde
825 1486 261 36 ifrågavarande
1111 1493 178 34 kostnader
1314 1497 81 32 böra
1417 1500 160 35 bestridas
1596 1506 78 31 från
1692 1508 81 31 före-

271 1527 146 31 varande
450 1531 130 36 anslag,
615 1543 54 21 om
692 1537 44 28 än
769 1536 108 33 dettas
912 1541 121 31 storlek
1063 1544 150 34 givetvis
1237 1549 107 31 måste
1368 1561 157 26 anpassas
1548 1556 91 31 efter
1661 1559 40 30 de
1724 1562 49 28 så-

269 1577 104 32 lunda
397 1580 257 36 tillkommande
677 1588 196 35 utgifterna.

312 1631 67 31 Vid
403 1633 172 38 ingången
599 1647 44 20 av
668 1639 198 37 budgetåret
888 1644 213 34 1923—1924
1127 1650 173 33 förefanns
1323 1656 18 28 å
1369 1656 260 36 ifrågavarande
1651 1664 118 36 anslag

267 1692 41 21 en
344 1687 205 31 reservation
583 1689 20 29 å
638 1692 159 37 omkring
834 1695 137 36 279,000
1005 1699 135 37 kronor,
1176 1704 107 35 enligt
1319 1707 66 30 vad
1413 1718 70 21 som
1507 1711 162 36 påpekats
1694 1715 77 32 från

266 1735 337 40 byggnadsstyrelsen
639 1753 62 20 var
733 1746 186 33 emellertid
954 1749 111 33 denna
1099 1763 133 22 summa
1256 1757 13 29 i
1291 1757 58 31 det
1374 1761 169 32 närmaste
1570 1764 199 37 disponerad

266 1787 71 31 dels
371 1789 52 31 för
455 1791 124 32 sådana
613 1795 145 38 arbeten,
783 1808 69 21 som
876 1801 102 32 redan
1001 1804 123 31 utförts
1149 1816 77 22 men
1253 1811 94 29 ännu
1371 1812 31 35 ej
1427 1812 122 34 hunnit
1573 1816 195 39 likvideras,

265 1839 70 31 dels
368 1842 61 30 ock
464 1843 51 31 för
538 1846 144 37 arbeten,
707 1858 70 22 som
801 1853 170 36 upptagits
993 1855 11 30 i
1027 1856 88 32 årets
1138 1861 227 38 generalplan,
1397 1874 75 21 men
1494 1868 92 30 ännu
1613 1870 30 35 ej
1668 1871 101 31 blivit

265 1892 145 33 utförda.
459 1896 75 31 Med
570 1898 215 38 iakttagande
818 1913 42 20 av
884 1904 64 32 den
970 1910 210 33 sparsamhet
1203 1913 73 30 med
1299 1915 129 32 statens
1451 1918 116 37 medel,
1594 1931 73 21 som
1691 1923 78 31 tids-

264 1945 258 34 förhållandena
556 1950 116 37 kräva,
702 1956 111 33 syntes
837 1958 162 35 styrelsen
1022 1960 83 32 dock
1130 1963 119 32 kunna
1272 1967 153 33 påräkna
1452 1972 108 33 någon
1587 1973 179 38 besparing

263 2000 17 27 å
306 1999 150 36 anslaget
480 2001 129 35 jämväl
634 2005 57 30 vid
716 2008 171 35 utgången
912 2020 42 20 av
979 2011 141 36 löpande
1145 2014 191 37 budgetår.»

306 2085 118 37 Enligt
448 2088 66 30 vad
538 2090 161 32 utskottet
723 2094 105 31 under
851 2096 89 31 hand
966 2098 181 38 inhämtat,
1173 2102 62 31 har
1269 2114 81 22 man
1378 2108 56 30 vid
1461 2109 37 30 de
1515 2110 53 30 till
1585 2114 113 33 grund
1714 2115 52 29 för

262 2136 130 37 Kungl.
407 2138 113 37 Maj:ts
544 2141 126 38 förslag
695 2144 159 37 liggande
870 2148 272 39 beräkningarna
1159 2156 144 31 rörande
1323 2159 265 34 medelsbehovet
1612 2165 81 30 från
1708 2176 57 20 an-

261 2189 106 36 slaget
389 2192 113 34 utgått
524 2193 91 31 ifrån
638 2197 49 29 att
704 2197 223 34 kostnaderna
944 2202 52 30 för
1012 2207 242 31 ovannämnda
1275 2212 346 34 reparationsarbeten
1638 2217 21 30 å
1676 2217 86 31 läns-

262 2241 177 32 residenset
462 2244 12 30 i
502 2242 178 37 Östersund
714 2250 108 31 skulle
845 2252 116 32 kunna
984 2255 182 35 begränsas
1193 2259 54 31 till
1276 2261 7 29 i
1310 2264 81 29 runt
1414 2265 47 29 tal
1487 2266 115 36 24,000
1626 2268 135 33 kronor.

260 2293 75 31 Med
372 2294 131 38 hänsyn
538 2298 54 30 till
628 2300 142 33 sålunda
794 2304 62 30 och
880 2305 10 30 i
915 2307 112 36 övrigt
1052 2308 12 29 i
1086 2310 139 32 ärendet
1248 2313 243 35 införskaffade
1515 2320 247 37 upplysningar

260 2346 52 29 får
335 2347 162 32 utskottet
520 2350 174 37 tillstyrka
718 2354 131 37 Kungl.
871 2357 114 36 Maj:ts
1001 2359 136 38 förslag,
1155 2363 106 32 vilket
1277 2366 144 32 innebär
1437 2370 48 29 att
1501 2370 260 36 ifrågavarande

258 2398 169 31 ordinarie
450 2401 118 37 anslag
593 2404 107 31 skulle
724 2407 150 32 minskas
897 2410 74 30 med
997 2411 117 35 30,000
1140 2414 129 33 kronor.
