1930 2810
115 239 126 24 Utskokle.

111 1588 127 26 Utskottet.

289 149 38 30 28
732 153 306 31 Bankoutskottets
1060 153 176 32 utlåtande
1259 163 41 21 nr
1325 155 51 31 31.

336 237 172 31 Utskottet
527 237 208 36 hemställer,

645 324 50 29 att
718 321 183 37 riksdagen
924 321 59 31 må
1004 322 122 31 bifalla
1149 322 122 37 Kungl.
1296 321 119 38 Maj:ts
1438 322 228 31 förevarande
1690 322 105 31 fram-

598 372 174 37 ställning.

997 533 87 30 28:0.

331 623 457 38 Lapptillsyningsmännen
809 625 118 30 Johan
950 625 114 30 Oskar
1086 624 93 31 Emil
1200 624 171 31 Eriksson
1394 625 68 30 och
1482 625 124 30 Petrus
1628 624 165 31 Heliodo-

287 670 61 45 rus
361 659 213 57 "Holmgren.
597 675 120 31 Under
739 675 160 36 punkten
924 676 40 29 14
988 684 43 21 av
1052 675 267 37 propositionen
1342 684 42 21 nr
1410 675 62 30 103
1495 674 150 31 föreslår
1669 674 123 37 Kungl.

287 725 103 37 Maj:t
414 726 185 36 riksdagen
624 726 170 36 medgiva,
821 729 49 28 att
899 736 61 21 var
986 727 65 30 och
1078 735 42 21 en
1148 736 43 21 av
1218 726 434 36 lapptillsyningsmännen
1679 725 113 31 Johan

287 775 115 32 Oskar
428 776 91 30 Emil
545 776 167 31 Eriksson
739 777 64 30 och
830 777 121 30 Petrus
978 776 207 31 Heliodorus
1215 776 189 37 Holmgren
1430 776 59 31 må
1517 775 77 31 från
1622 777 66 29 och
1715 777 78 29 med

286 826 175 31 månaden
484 827 76 30 näst
581 827 89 30 efter
691 827 76 36 den,
789 828 176 30 varunder
984 827 89 30 hans
1096 826 209 37 anställning
1325 827 151 36 upphör,
1498 827 112 30 under
1631 826 53 31 sin
1707 826 85 31 åter-

285 876 144 32 stående
447 876 115 32 livstid
582 877 80 31 från
682 877 152 36 anslaget
854 877 51 30 till
926 877 133 31 diverse
1075 877 185 36 pensioner
1278 878 66 30 och
1364 877 190 30 understöd
1573 887 45 20 m.
1639 886 46 22 m.
1705 886 87 27 upp-

285 928 86 30 bära
393 937 42 21 en
455 927 86 37 årlig
558 928 156 36 pension,
734 928 166 30 Eriksson
920 927 20 32 å
959 928 64 30 828
1043 928 130 30 kronor
1190 928 65 30 och
1276 927 190 37 Holmgren
1486 927 20 31 å
1527 928 62 30 708
1607 928 140 30 kronor.

329 1029 51 29 Av
398 1028 255 37 handlingarna
671 1028 11 30 i
701 1028 141 30 ärendet
859 1028 186 36 inhämtas,

330 1081 51 28 att
398 1077 168 32 Eriksson
581 1079 39 29 är
639 1077 85 31 född
743 1078 65 30 den
825 1078 20 30 3
862 1078 188 30 november
1069 1078 82 31 1882
1170 1078 66 31 och
1256 1078 191 36 Holmgren
1466 1078 65 31 den
1550 1079 40 29 22
1612 1078 180 30 december

287 1137 135 22 samma
441 1127 40 32 år
497 1131 88 28 samt
605 1131 50 28 att
673 1129 42 30 de
736 1127 130 32 således
885 1130 61 29 äro
966 1129 41 30 60
1030 1127 38 32 år
1087 1129 127 36 gamla;

330 1182 50 28 att
410 1180 43 29 de
481 1179 200 37 tjänstgjort
710 1178 113 33 såsom
853 1179 373 37 lapptillsyningsmän,
1258 1179 166 31 Eriksson
1455 1180 9 30 i
1496 1179 132 31 Sorsele
1658 1179 136 31 distrikt

287 1230 107 31 sedan
413 1230 67 31 den
501 1231 40 29 22
561 1229 90 37 april
676 1230 84 30 1914
782 1230 80 30 eller
881 1231 87 29 nära
988 1230 41 30 29
1051 1228 39 31 år
1108 1232 91 27 samt
1218 1229 189 37 Holmgren
1429 1229 11 30 i
1461 1229 208 31 Vilhelmina
1690 1230 102 30 södra

287 1280 139 31 distrikt
445 1280 106 31 sedan
570 1280 66 31 den
656 1280 42 30 30
718 1289 92 21 mars
830 1280 84 31 1918
935 1280 81 30 eller
1033 1280 86 30 nära
1138 1280 41 30 25
1197 1278 51 38 år;

330 1334 92 27 samt
447 1333 50 29 att
520 1331 42 31 de
583 1348 46 4 —
653 1330 153 31 förutom
829 1339 88 22 rese-
942 1330 67 30 och
1037 1330 418 37 traktamentsersättning
1482 1348 44 4 —
1550 1331 57 36 ägt
1632 1331 160 36 uppbära

286 1380 101 38 årligt
406 1381 137 36 arvode,
563 1379 206 38 uppgående
787 1380 52 32 till
864 1381 95 36 1,500
982 1381 129 30 kronor
1131 1381 111 30 under
1263 1383 75 28 vart
1359 1381 66 30 och
1447 1384 47 28 ett
1515 1390 42 21 av
1580 1380 212 38 budgetåren

290 1428 154 40 1936/41,
462 1433 50 30 till
532 1432 95 36 1,800
643 1432 130 30 kronor
788 1432 112 30 under
915 1430 202 38 budgetåret
1135 1428 141 34 1941/42
1295 1435 89 28 samt
1402 1433 49 30 till
1470 1432 96 36 2,000
1584 1433 131 30 kronor
1731 1442 61 21 un-

288 1483 60 30 der
366 1483 236 30 innevarande
620 1481 177 37 budgetår.

331 1583 75 31 Vad
427 1582 121 37 Kungl.
571 1583 102 36 Maj:t
693 1583 11 30 i
724 1582 229 31 förevarande
973 1583 196 30 hänseende
1191 1583 175 36 föreslagit
1387 1584 64 29 har
1472 1582 30 37 ej
1523 1583 83 37 givit
1628 1583 165 31 utskottet

286 1633 189 37 anledning
498 1634 49 30 till
573 1634 148 30 erinran.
749 1633 171 31 Utskottet
945 1633 199 31 hemställer
1168 1632 109 40 alltså,

641 1729 49 28 att
707 1725 183 37 riksdagen
909 1725 58 31 må
983 1725 121 32 bifalla
1124 1725 121 37 Kungl.
1265 1725 120 37 Maj:ts
1403 1725 266 37 ifrågavarande
1686 1726 106 31 fram-

597 1776 170 36 ställning.

723 1955 80 35 VII.
850 1955 509 44 Handelsdepartementet.

997 2055 87 30 29:0.

330 2138 216 31 Städerskan
563 2139 65 31 hos
644 2141 136 35 patent-
797 2140 67 29 och
882 2138 366 37 registreringsverket
1265 2140 156 35 Augusta
1438 2138 181 31 Charlotta
1637 2138 155 39 (Lotten)

286 2188 178 33 Carlsson,
483 2189 118 31 Under
619 2190 161 36 punkten
800 2189 39 31 15
859 2198 44 22 av
920 2189 267 37 propositionen
1207 2198 42 22 nr
1270 2190 62 30 103
1351 2189 67 30 har
1437 2189 124 36 Kungl.
1582 2188 101 37 Maj:t
1702 2188 90 32 före-

285 2240 101 37 slagit
407 2240 185 37 riksdagen
614 2240 169 37 medgiva,
807 2243 49 28 att
879 2241 205 30 städerskan
1107 2241 63 30 hos
1192 2243 133 34 patent-
1349 2240 66 30 och
1437 2239 355 37 registreringsverket

284 2290 156 36 Augusta
464 2289 176 33 Charlotta
669 2289 146 41 (Lotten)
845 2289 162 32 Carlsson
1030 2290 58 31 må
1111 2290 80 31 från
1215 2291 65 30 och
1305 2290 80 31 med
1409 2289 173 32 månaden
1606 2290 78 30 näst
1705 2290 88 30 efter

286 2340 76 36 den,
384 2341 174 30 varunder
576 2341 71 30 hon
665 2341 138 30 lämnar
822 2341 53 30 sin
896 2341 219 36 anställning,
1135 2341 112 30 under
1268 2340 54 31 sin
1342 2340 215 32 återstående
1576 2340 116 31 livstid
1712 2340 80 31 från

285 2390 156 37 anslaget
459 2391 49 30 till
528 2391 132 31 diverse
676 2390 186 38 pensioner
879 2391 66 30 och
963 2391 189 30 understöd
1172 2401 44 22 m.
1237 2401 43 21 m.
1300 2391 161 36 uppbära
1480 2400 42 21 en
1541 2390 86 37 årlig
1646 2391 145 36 pension

285 2450 44 22 av
348 2441 65 30 408
433 2441 137 31 kronor.
