1880 2808
95 2189 126 25 Itekottet.

266 140 39 31 10
708 145 306 32 Bankoutskottets
1037 145 175 31 utlåtande
1235 155 40 21 nr
1302 148 48 29 31.

270 228 42 32 30
341 228 182 32 december
553 229 80 31 1941
662 228 80 32 från
770 230 64 30 den
865 230 65 36 dag
955 230 88 30 hans
1071 229 201 32 nuvarande
1300 229 358 37 militärtjänstgöring
1686 240 84 26 upp-

269 278 95 32 hör.

313 328 49 30 Av
382 328 255 36 handlingarna
656 328 185 36 inhämtas,

314 381 49 27 att
387 378 192 33 Halvorsen
601 380 37 29 är
657 379 84 30 född
764 380 65 31 den
849 380 38 30 31
912 380 181 31 december
1115 381 79 30 1881
1221 381 64 31 och
1305 379 101 32 alltså
1425 381 38 30 61
1487 380 41 31 år
1544 382 165 37 gammal;

313 431 49 28 att
386 430 71 30 han
473 430 67 30 den
553 430 41 30 30
609 430 181 31 december
809 430 82 31 1916
907 430 206 31 utnämndes
1131 431 50 30 till
1198 432 127 36 kapten
1341 431 57 31 vid
1418 431 183 33 Smålands
1616 432 156 32 artilleri-

270 483 206 33 regemente;

314 533 48 29 att
385 530 70 33 han
478 531 68 31 den
572 532 14 29 1
612 530 138 37 januari
776 532 82 31 1928
883 532 206 31 utnämndes
1113 532 48 31 till
1185 532 113 37 major
1318 532 58 31 vid
1402 533 190 31 Norrlands
1616 533 155 32 artilleri-

269 584 206 33 regemente;

313 634 49 28 att
378 632 70 31 han
465 631 69 32 den
549 633 20 31 8
588 632 193 39 september
801 633 82 31 1934
900 632 45 38 på
963 641 85 28 egen
1065 633 149 37 begäran
1234 634 109 30 erhöll
1361 634 129 31 avsked
1510 644 41 21 ur
1568 633 106 38 tjänst
1695 635 78 30 med

268 683 306 37 kaptenspension;

312 735 49 28 att
385 733 70 32 han
475 734 67 30 den
567 734 37 32 13
624 734 187 31 november
835 735 82 31 1936
938 735 206 31 utnämndes
1167 735 49 32 till
1236 735 285 38 överstelöjtnant
1543 736 11 30 i
1573 736 133 35 armén;

313 787 88 29 samt
425 787 52 28 att
501 785 70 30 han
594 784 168 32 alltsedan
784 785 66 31 den
874 786 19 30 5
916 785 181 32 december
1121 786 83 30 1939
1225 802 45 5 —
1294 786 81 32 med
1398 786 178 37 undantag
1600 786 55 31 för
1679 786 92 32 tiden

270 835 102 30 1—31
396 835 137 35 augusti
558 836 82 30 1940
661 852 46 6 —
729 834 155 38 fullgjort
907 836 359 37 militärtjänstgöring
1286 837 10 29 i
1321 837 187 37 anledning
1529 847 42 21 av
1595 837 177 31 anbefalld

269 884 165 33 förstärkt
455 886 358 38 försvarsberedskap.

312 989 14 30 I
346 999 41 21 en
405 989 69 31 den
494 991 18 28 2
532 989 63 37 juli
619 991 82 29 1942
724 991 216 36 dagtecknad
962 991 103 31 skrift
1084 992 118 31 anhöll
1226 992 193 32 Halvorsen
1438 992 64 32 hos
1526 992 121 37 Kungl.
1672 992 101 37 Maj:t

268 1042 49 28 att
341 1039 78 33 från
444 1041 66 31 och
532 1041 79 30 med
630 1041 68 30 den
721 1041 67 38 dag
810 1042 88 30 hans
920 1042 201 31 nuvarande
1147 1041 359 38 militärtjänstgöring
1530 1043 183 39 upphörde
1736 1042 37 31 få

267 1091 142 30 komma
433 1091 11 29 i
470 1090 205 37 åtnjutande
697 1101 42 21 av
764 1092 286 38 majorspension.
1075 1093 66 30 Till
1163 1093 76 30 stöd
1262 1093 56 30 för
1341 1093 240 39 ansökningen
1607 1093 165 31 framhöll

269 1141 191 31 Halvorsen
489 1141 45 31 bl.
563 1151 41 27 a.,
633 1145 48 28 att
707 1143 71 30 han
803 1143 109 30 under
938 1142 265 37 ifrågavarande
1230 1143 227 38 tjänstgöring
1485 1143 64 31 fått
1577 1144 195 31 vidkännas

267 1197 71 28 mot
361 1191 294 39 pensionsavdrag
676 1194 170 30 svarande
867 1194 201 36 minskning
1088 1204 42 20 av
1150 1193 260 33 månadslönen.

311 1243 14 30 I
346 1242 149 33 häröver
517 1243 132 37 avgivet
670 1244 159 36 yttrande
850 1243 145 32 anförde
1018 1244 369 37 arméförvaltningens
1411 1245 100 30 civila
1535 1244 237 40 departement

266 1293 46 31 bl.
331 1302 29 22 a.
383 1293 169 37 följande:

311 1353 72 31 Den
402 1353 310 38 omständigheten,
732 1356 49 29 att
797 1354 176 32 sökanden
991 1354 87 31 efter
1093 1354 143 31 erhållet
1252 1355 129 31 avsked
1399 1355 77 31 med
1499 1355 142 37 pension
1660 1356 111 30 under

265 1403 48 22 nu
330 1394 155 33 rådande
503 1395 455 38 beredskapsförhållanden
977 1396 109 36 ålagts
1102 1397 69 30 viss
1192 1396 237 38 tjänstgöring,
1448 1398 90 30 lärer
1555 1398 76 31 icke
1650 1398 120 30 kunna

265 1436 181 33 föranleda
467 1447 42 21 en
529 1438 207 36 omräkning
754 1448 42 20 av
816 1438 177 31 sökanden
1013 1439 183 30 tillerkänd
1216 1439 153 37 pension.
1392 1440 377 38 Arméförvaltningens

265 1478 101 33 civila
387 1479 240 38 departement
648 1489 102 22 anser
773 1480 155 36 sålunda,
954 1481 9 30 i
985 1481 198 36 anslutning
1203 1481 131 37 jämväl
1357 1482 48 30 till
1428 1482 122 36 Kungl.
1573 1482 117 36 Maj:ts
1714 1482 54 30 be-

263 1521 70 31 slut
352 1522 10 30 i
382 1522 166 32 liknande
568 1522 61 32 fall
646 1523 66 31 den
735 1523 40 30 29
794 1522 70 37 maj
888 1524 82 30 1942
992 1523 177 36 angående
1187 1524 195 36 ansökning
1402 1534 42 21 av
1463 1525 172 36 kaptenen
1654 1525 10 30 i
1684 1525 85 30 Svea

265 1563 169 38 livgardes
458 1573 115 22 reserv
597 1564 22 30 f.
648 1565 31 30 d.
708 1564 192 38 löjtnanten
925 1565 44 37 på
992 1565 258 38 övergångsstat
1273 1567 37 29 V.
1338 1567 41 30 H.
1407 1567 198 30 Lindström
1633 1567 10 30 i
1671 1566 98 37 fråga

265 1614 57 23 om
361 1605 143 38 förhöjd
541 1607 153 38 pension,
733 1607 233 37 föreliggande
1007 1609 192 35 ansökning
1236 1609 75 30 icke
1337 1609 85 31 böra
1448 1609 181 31 föranleda
1655 1608 113 38 någon

266 1648 121 36 Kungl.
406 1648 119 37 Maj:ts
541 1649 116 31 vidare
675 1649 131 36 åtgärd.
827 1650 63 32 Det
905 1660 42 21 av
963 1650 177 31 sökanden
1157 1650 194 38 åberopade
1370 1650 243 37 förhållandet,
1631 1654 49 29 att
1699 1652 70 31 han

265 1690 109 31 under
387 1690 369 38 krigstjänstgöringen
772 1691 64 31 fått
849 1692 194 31 vidkännas
1056 1698 73 27 mot
1144 1693 293 37 pensionsavdrag
1455 1693 169 31 svarande
1639 1694 128 32 minsk-

265 1733 82 36 ning
365 1743 44 20 av
431 1734 53 30 sin
507 1734 216 35 månadslön,
745 1735 152 35 grundar
917 1734 50 36 sig
988 1735 45 36 på
1054 1735 221 30 föreskriften
1296 1735 10 30 i
1339 1736 8 29 5
1370 1736 18 36 8
1412 1737 20 29 8
1452 1745 104 21 mom.
1579 1735 187 37 krigsavlö-

264 1773 332 38 ningsreglementet.
619 1776 159 31 Rörande
801 1776 211 32 tillkomsten
1033 1786 41 21 av
1098 1777 113 31 denna
1231 1778 240 30 bestämmelse
1494 1777 125 31 tillåter
1639 1778 50 36 sig
1711 1778 57 30 de-

264 1819 228 35 partementet
512 1817 144 32 hänvisa
673 1818 49 30 till
742 1819 66 30 vad
827 1818 250 36 föredragande
1096 1819 380 37 departementschefen
1497 1821 122 30 uttalat
1640 1821 51 30 till
1713 1821 56 29 det

264 1857 57 31 vid
341 1859 122 36 Kungl.
486 1859 116 37 Maj:ts
624 1860 213 37 proposition
857 1870 42 20 nr
916 1862 63 29 246
1000 1861 49 30 till
1074 1862 81 30 1939
1175 1861 55 31 års
1252 1862 141 35 lagtima
1412 1862 140 36 riksdag
1572 1862 125 36 fogade
1716 1866 51 26 ut-

263 1899 118 38 draget
403 1911 43 20 ur
465 1901 375 38 statsrådsprotokollet
863 1904 80 29 över
964 1903 314 36 försvarsärenden,
1302 1904 62 30 sid.
1388 1905 51 29 36.

307 1975 254 33 Statskontoret
584 1978 176 36 avstyrkte
785 1977 163 31 likaledes
974 1977 97 31 bifall
1097 1979 49 30 till
1169 1979 66 30 den
1259 1977 122 38 gjorda
1408 1979 247 37 ansökningen.

308 2034 131 31 Genom
463 2035 111 31 beslut
596 2036 66 29 den
686 2037 18 28 2
727 2036 143 30 oktober
894 2037 82 29 1942
1000 2036 84 31 fann
1110 2037 121 36 Kungl.
1257 2037 101 36 Maj:t
1380 2038 237 36 ansökningen
1643 2038 31 37 ej
1700 2039 67 29 för-

265 2086 122 30 anleda
410 2085 115 36 någon
546 2085 129 37 åtgärd.

310 2185 121 32 Såsom
456 2186 67 31 den
550 2187 160 31 lämnade
739 2188 238 37 redogörelsen
1007 2188 139 36 ulvisar,
1172 2189 110 31 erhöll
1312 2189 192 32 Halvorsen
1533 2189 44 38 på
1604 2199 83 27 egen
1713 2190 55 30 be-

264 2237 106 36 gäran
395 2237 132 32 avsked
554 2248 42 21 ur
618 2236 109 38 tjänst
754 2237 114 33 såsom
892 2238 114 38 major
1029 2238 45 38 på
1102 2240 92 30 aktiv
1221 2243 66 27 stat
1315 2240 67 31 den
1406 2241 20 29 8
1454 2240 192 38 september
1674 2241 94 32 1934.

262 2287 116 36 Enligt
402 2287 44 32 då
467 2288 159 36 gällande
649 2288 424 39 pensionsbestämmelser
1093 2290 116 31 kunde
1234 2290 192 32 Halvorsen
1448 2291 121 32 endast
1591 2292 142 32 komma
1757 2291 10 30 i

263 2336 206 38 åtnjutande
486 2349 43 21 av
545 2339 302 39 kaptenspension,
868 2341 84 31 enär
970 2340 70 31 han
1059 2340 57 31 vid
1133 2341 164 32 avskedet
1314 2341 75 30 icke
1410 2341 171 32 innehade
1598 2341 169 32 erforder-

262 2388 61 38 ligt
347 2390 95 29 antal
465 2388 147 37 tjänstår
637 2389 55 33 för
712 2389 201 32 erhållande
935 2400 43 21 av
1004 2390 286 39 majorspension.
1315 2392 192 31 Halvorsen
1533 2392 66 32 har
1621 2392 147 32 sålunda

262 2437 97 33 blivit
378 2438 188 33 tillerkänd
586 2439 66 33 den
672 2441 154 38 pension,
850 2450 74 21 som
945 2441 329 37 författningsenligt
1297 2443 211 31 tillkommer
1527 2442 139 33 honom.
