<?xml version="1.0" encoding="UTF-8"?>
<alto xmlns="http://www.loc.gov/standards/alto/ns-v3#" xmlns:xlink="http://www.w3.org/1999/xlink" xmlns:xsi="http://www.w3.org/2001/XMLSchema-instance" xsi:schemaLocation="http://www.loc.gov/standards/alto/ns-v3# http://www.loc.gov/alto/v3/alto-3-0.xsd">
	<Description>
		<MeasurementUnit>pixel</MeasurementUnit>
		<sourceImageInformation>
			<fileName>/tmp/tess_1ikal3sy_input.PNG</fileName>
		</sourceImageInformation>
		<OCRProcessing ID="OCR_0">
			<ocrProcessingStep>
				<processingSoftware>
					<softwareName>tesseract 5.3.0</softwareName>
				</processingSoftware>
			</ocrProcessingStep>
		</OCRProcessing>
	</Description>
	<Layout>
		<Page WIDTH="2354" HEIGHT="2761" PHYSICAL_IMG_NR="0" ID="page_0">
			<PrintSpace HPOS="0" VPOS="0" WIDTH="2354" HEIGHT="2761">
				<ComposedBlock ID="cblock_0" HPOS="746" VPOS="236" WIDTH="1049" HEIGHT="33">
					<TextBlock ID="block_0" HPOS="746" VPOS="236" WIDTH="1049" HEIGHT="33">
						<TextLine ID="line_0" HPOS="746" VPOS="236" WIDTH="1049" HEIGHT="33">
							<String ID="string_0" HPOS="746" VPOS="240" WIDTH="111" HEIGHT="27" WC="0.0" CONTENT="Banko-"/><SP WIDTH="8" VPOS="240" HPOS="857"/>
							<String ID="string_1" HPOS="865" VPOS="230" WIDTH="159" HEIGHT="47" WC="0.0" CONTENT="Utskottets"/><SP WIDTH="13" VPOS="230" HPOS="1024"/>
							<String ID="string_2" HPOS="1037" VPOS="239" WIDTH="148" HEIGHT="29" WC="0.96" CONTENT="Utlåtande"/><SP WIDTH="24" VPOS="239" HPOS="1185"/>
							<String ID="string_3" HPOS="1209" VPOS="239" WIDTH="56" HEIGHT="29" WC="0.92" CONTENT="N:o"/><SP WIDTH="24" VPOS="239" HPOS="1265"/>
							<String ID="string_4" HPOS="1289" VPOS="242" WIDTH="28" HEIGHT="25" WC="0.96" CONTENT="9."/><SP WIDTH="458" VPOS="242" HPOS="1317"/>
							<String ID="string_5" HPOS="1775" VPOS="236" WIDTH="20" HEIGHT="33" WC="0.96" CONTENT="5"/>
						</TextLine>
					</TextBlock>
				</ComposedBlock>
				<ComposedBlock ID="cblock_1" HPOS="236" VPOS="328" WIDTH="1602" HEIGHT="91">
					<TextBlock ID="block_1" HPOS="236" VPOS="328" WIDTH="1602" HEIGHT="91">
						<TextLine ID="line_1" HPOS="389" VPOS="328" WIDTH="1449" HEIGHT="39">
							<String ID="string_6" HPOS="389" VPOS="328" WIDTH="46" HEIGHT="32" WC="0.96" CONTENT="De"/><SP WIDTH="38" VPOS="328" HPOS="435"/>
							<String ID="string_7" HPOS="473" VPOS="328" WIDTH="35" HEIGHT="32" WC="0.95" CONTENT="af"/><SP WIDTH="30" VPOS="328" HPOS="508"/>
							<String ID="string_8" HPOS="538" VPOS="328" WIDTH="117" HEIGHT="32" WC="0.88" CONTENT="Herrar"/><SP WIDTH="32" VPOS="328" HPOS="655"/>
							<String ID="string_9" HPOS="687" VPOS="328" WIDTH="36" HEIGHT="32" WC="0.88" CONTENT="E."/><SP WIDTH="29" VPOS="328" HPOS="723"/>
							<String ID="string_10" HPOS="752" VPOS="328" WIDTH="89" HEIGHT="32" WC="0.96" CONTENT="Frisk"/><SP WIDTH="27" VPOS="328" HPOS="841"/>
							<String ID="string_11" HPOS="868" VPOS="328" WIDTH="56" HEIGHT="32" WC="0.95" CONTENT="och"/><SP WIDTH="26" VPOS="328" HPOS="924"/>
							<String ID="string_12" HPOS="950" VPOS="329" WIDTH="88" HEIGHT="32" WC="0.95" CONTENT="Hans"/><SP WIDTH="27" VPOS="329" HPOS="1038"/>
							<String ID="string_13" HPOS="1065" VPOS="329" WIDTH="134" HEIGHT="32" WC="0.95" CONTENT="Larsson"/><SP WIDTH="28" VPOS="329" HPOS="1199"/>
							<String ID="string_14" HPOS="1227" VPOS="329" WIDTH="120" HEIGHT="38" WC="0.96" CONTENT="väckta,"/><SP WIDTH="29" VPOS="329" HPOS="1347"/>
							<String ID="string_15" HPOS="1376" VPOS="329" WIDTH="91" HEIGHT="32" WC="0.93" CONTENT="ofvan"/><SP WIDTH="28" VPOS="329" HPOS="1467"/>
							<String ID="string_16" HPOS="1495" VPOS="329" WIDTH="205" HEIGHT="33" WC="0.92" CONTENT="omförmälda"/><SP WIDTH="27" VPOS="329" HPOS="1700"/>
							<String ID="string_17" HPOS="1727" VPOS="330" WIDTH="111" HEIGHT="32" WC="0.90" CONTENT="motio-"/>
						</TextLine>
						<TextLine ID="line_2" HPOS="236" VPOS="380" WIDTH="761" HEIGHT="39">
							<String ID="string_18" HPOS="236" VPOS="390" WIDTH="106" HEIGHT="29" WC="0.95" CONTENT="nerna,"/><SP WIDTH="29" VPOS="390" HPOS="342"/>
							<String ID="string_19" HPOS="371" VPOS="380" WIDTH="87" HEIGHT="32" WC="0.96" CONTENT="torde"/><SP WIDTH="28" VPOS="380" HPOS="458"/>
							<String ID="string_20" HPOS="486" VPOS="380" WIDTH="128" HEIGHT="32" WC="0.96" CONTENT="härmed"/><SP WIDTH="27" VPOS="380" HPOS="614"/>
							<String ID="string_21" HPOS="641" VPOS="380" WIDTH="31" HEIGHT="32" WC="0.96" CONTENT="få"/><SP WIDTH="27" VPOS="380" HPOS="672"/>
							<String ID="string_22" HPOS="699" VPOS="390" WIDTH="89" HEIGHT="23" WC="0.95" CONTENT="anses"/><SP WIDTH="27" VPOS="390" HPOS="788"/>
							<String ID="string_23" HPOS="815" VPOS="381" WIDTH="182" HEIGHT="32" WC="0.95" CONTENT="besvarade."/>
						</TextLine>
					</TextBlock>
				</ComposedBlock>
				<ComposedBlock ID="cblock_2" HPOS="391" VPOS="484" WIDTH="593" HEIGHT="34">
					<TextBlock ID="block_2" HPOS="391" VPOS="484" WIDTH="593" HEIGHT="34">
						<TextLine ID="line_3" HPOS="391" VPOS="484" WIDTH="593" HEIGHT="34">
							<String ID="string_24" HPOS="391" VPOS="484" WIDTH="177" HEIGHT="33" WC="0.81" CONTENT="Stockholm"/><SP WIDTH="28" VPOS="484" HPOS="568"/>
							<String ID="string_25" HPOS="596" VPOS="485" WIDTH="56" HEIGHT="32" WC="0.95" CONTENT="den"/><SP WIDTH="32" VPOS="485" HPOS="652"/>
							<String ID="string_26" HPOS="684" VPOS="487" WIDTH="45" HEIGHT="31" WC="0.96" CONTENT="20"/><SP WIDTH="29" VPOS="487" HPOS="729"/>
							<String ID="string_27" HPOS="758" VPOS="486" WIDTH="86" HEIGHT="32" WC="0.95" CONTENT="Mars"/><SP WIDTH="33" VPOS="486" HPOS="844"/>
							<String ID="string_28" HPOS="877" VPOS="486" WIDTH="107" HEIGHT="32" WC="0.96" CONTENT="1873."/>
						</TextLine>
					</TextBlock>
				</ComposedBlock>
				<ComposedBlock ID="cblock_3" HPOS="807" VPOS="600" WIDTH="430" HEIGHT="101">
					<TextBlock ID="block_3" HPOS="807" VPOS="600" WIDTH="430" HEIGHT="101">
						<TextLine ID="line_4" HPOS="807" VPOS="600" WIDTH="430" HEIGHT="50">
							<String ID="string_29" HPOS="807" VPOS="601" WIDTH="41" HEIGHT="40" WC="0.91" CONTENT="J."/><SP WIDTH="30" VPOS="601" HPOS="848"/>
							<String ID="string_30" HPOS="878" VPOS="612" WIDTH="85" HEIGHT="30" WC="0.95" CONTENT="von"/><SP WIDTH="36" VPOS="612" HPOS="963"/>
							<String ID="string_31" HPOS="999" VPOS="600" WIDTH="238" HEIGHT="50" WC="0.74" CONTENT="Schwerin,"/>
						</TextLine>
						<TextLine ID="line_5" HPOS="836" VPOS="672" WIDTH="379" HEIGHT="29">
							<String ID="string_32" HPOS="836" VPOS="672" WIDTH="164" HEIGHT="29" WC="0.96" CONTENT="Utskottets"/><SP WIDTH="27" VPOS="672" HPOS="1000"/>
							<String ID="string_33" HPOS="1027" VPOS="672" WIDTH="188" HEIGHT="29" WC="0.96" CONTENT="Ordförande."/>
						</TextLine>
					</TextBlock>
				</ComposedBlock>
				<ComposedBlock ID="cblock_4" HPOS="891" VPOS="1191" WIDTH="292" HEIGHT="42">
					<TextBlock ID="block_4" HPOS="891" VPOS="1191" WIDTH="292" HEIGHT="42">
						<TextLine ID="line_6" HPOS="891" VPOS="1191" WIDTH="292" HEIGHT="42">
							<String ID="string_34" HPOS="891" VPOS="1191" WIDTH="292" HEIGHT="42" WC="0.95" CONTENT="Reservationer:"/>
						</TextLine>
					</TextBlock>
				</ComposedBlock>
				<ComposedBlock ID="cblock_5" HPOS="234" VPOS="1318" WIDTH="1607" HEIGHT="1078">
					<TextBlock ID="block_5" HPOS="235" VPOS="1318" WIDTH="1603" HEIGHT="145">
						<TextLine ID="line_7" HPOS="390" VPOS="1318" WIDTH="1448" HEIGHT="39">
							<String ID="string_35" HPOS="390" VPOS="1319" WIDTH="34" HEIGHT="32" WC="0.96" CONTENT="af"/><SP WIDTH="23" VPOS="1319" HPOS="424"/>
							<String ID="string_36" HPOS="447" VPOS="1318" WIDTH="81" HEIGHT="32" WC="0.92" CONTENT="Herr"/><SP WIDTH="28" VPOS="1318" HPOS="528"/>
							<String ID="string_37" HPOS="556" VPOS="1319" WIDTH="35" HEIGHT="30" WC="0.88" CONTENT="J."/><SP WIDTH="31" VPOS="1319" HPOS="591"/>
							<String ID="string_38" HPOS="622" VPOS="1319" WIDTH="35" HEIGHT="31" WC="0.89" CONTENT="J."/><SP WIDTH="29" VPOS="1319" HPOS="657"/>
							<String ID="string_39" HPOS="686" VPOS="1319" WIDTH="149" HEIGHT="38" WC="0.95" CONTENT="Ekman,"/><SP WIDTH="31" VPOS="1319" HPOS="835"/>
							<String ID="string_40" HPOS="866" VPOS="1318" WIDTH="70" HEIGHT="32" WC="0.96" CONTENT="med"/><SP WIDTH="33" VPOS="1318" HPOS="936"/>
							<String ID="string_41" HPOS="969" VPOS="1318" WIDTH="121" HEIGHT="32" WC="0.95" CONTENT="hvilken"/><SP WIDTH="34" VPOS="1318" HPOS="1090"/>
							<String ID="string_42" HPOS="1124" VPOS="1318" WIDTH="117" HEIGHT="32" WC="0.95" CONTENT="Herrar"/><SP WIDTH="27" VPOS="1318" HPOS="1241"/>
							<String ID="string_43" HPOS="1268" VPOS="1318" WIDTH="140" HEIGHT="32" WC="0.95" CONTENT="Friherre"/><SP WIDTH="29" VPOS="1318" HPOS="1408"/>
							<String ID="string_44" HPOS="1437" VPOS="1330" WIDTH="60" HEIGHT="20" WC="0.69" CONTENT="von:"/><SP WIDTH="27" VPOS="1330" HPOS="1497"/>
							<String ID="string_45" HPOS="1524" VPOS="1318" WIDTH="177" HEIGHT="39" WC="0.93" CONTENT="Schwerin,"/><SP WIDTH="34" VPOS="1318" HPOS="1701"/>
							<String ID="string_46" HPOS="1735" VPOS="1320" WIDTH="35" HEIGHT="30" WC="0.90" CONTENT="J."/><SP WIDTH="31" VPOS="1320" HPOS="1770"/>
							<String ID="string_47" HPOS="1801" VPOS="1320" WIDTH="37" HEIGHT="30" WC="0.89" CONTENT="O."/>
						</TextLine>
						<TextLine ID="line_8" HPOS="239" VPOS="1370" WIDTH="1599" HEIGHT="43">
							<String ID="string_48" HPOS="239" VPOS="1371" WIDTH="121" HEIGHT="42" WC="0.93" CONTENT="Geijer,"/><SP WIDTH="32" VPOS="1371" HPOS="360"/>
							<String ID="string_49" HPOS="392" VPOS="1372" WIDTH="212" HEIGHT="30" WC="0.91" CONTENT="Rosensvärd"/><SP WIDTH="28" VPOS="1372" HPOS="604"/>
							<String ID="string_50" HPOS="632" VPOS="1371" WIDTH="56" HEIGHT="31" WC="0.93" CONTENT="och"/><SP WIDTH="28" VPOS="1371" HPOS="688"/>
							<String ID="string_51" HPOS="716" VPOS="1372" WIDTH="112" HEIGHT="39" WC="0.9" CONTENT="RBettig"/><SP WIDTH="27" VPOS="1372" HPOS="828"/>
							<String ID="string_52" HPOS="855" VPOS="1370" WIDTH="144" HEIGHT="32" WC="0.96" CONTENT="förenade"/><SP WIDTH="29" VPOS="1370" HPOS="999"/>
							<String ID="string_53" HPOS="1028" VPOS="1370" WIDTH="56" HEIGHT="40" WC="0.93" CONTENT="sig:"/><SP WIDTH="30" VPOS="1370" HPOS="1084"/>
							<String ID="string_54" HPOS="1114" VPOS="1371" WIDTH="110" HEIGHT="31" WC="0.84" CONTENT="»Emot"/><SP WIDTH="23" VPOS="1371" HPOS="1224"/>
							<String ID="string_55" HPOS="1247" VPOS="1370" WIDTH="191" HEIGHT="33" WC="0.96" CONTENT="förestående"/><SP WIDTH="23" VPOS="1370" HPOS="1438"/>
							<String ID="string_56" HPOS="1461" VPOS="1371" WIDTH="186" HEIGHT="31" WC="0.95" CONTENT="hemställan"/><SP WIDTH="20" VPOS="1371" HPOS="1647"/>
							<String ID="string_57" HPOS="1667" VPOS="1371" WIDTH="34" HEIGHT="32" WC="0.93" CONTENT="af"/><SP WIDTH="15" VPOS="1371" HPOS="1701"/>
							<String ID="string_58" HPOS="1716" VPOS="1371" WIDTH="122" HEIGHT="32" WC="0.92" CONTENT="Banko-"/>
						</TextLine>
						<TextLine ID="line_9" HPOS="235" VPOS="1422" WIDTH="762" HEIGHT="41">
							<String ID="string_59" HPOS="235" VPOS="1422" WIDTH="159" HEIGHT="32" WC="0.93" CONTENT="Utskottet"/><SP WIDTH="26" VPOS="1422" HPOS="394"/>
							<String ID="string_60" HPOS="420" VPOS="1423" WIDTH="117" HEIGHT="40" WC="0.90" CONTENT="nödgas"/><SP WIDTH="24" VPOS="1423" HPOS="537"/>
							<String ID="string_61" HPOS="561" VPOS="1422" WIDTH="56" HEIGHT="41" WC="0.96" CONTENT="jag"/><SP WIDTH="28" VPOS="1422" HPOS="617"/>
							<String ID="string_62" HPOS="645" VPOS="1422" WIDTH="124" HEIGHT="31" WC="0.96" CONTENT="anmäla"/><SP WIDTH="27" VPOS="1422" HPOS="769"/>
							<String ID="string_63" HPOS="796" VPOS="1422" WIDTH="201" HEIGHT="31" WC="0.96" CONTENT="reservation."/>
						</TextLine>
					</TextBlock>
					<TextBlock ID="block_6" HPOS="236" VPOS="1473" WIDTH="1604" HEIGHT="249">
						<TextLine ID="line_10" HPOS="388" VPOS="1473" WIDTH="1451" HEIGHT="42">
							<String ID="string_64" HPOS="388" VPOS="1474" WIDTH="106" HEIGHT="41" WC="0.96" CONTENT="Enligt"/><SP WIDTH="34" VPOS="1474" HPOS="494"/>
							<String ID="string_65" HPOS="528" VPOS="1474" WIDTH="83" HEIGHT="31" WC="0.96" CONTENT="hvad"/><SP WIDTH="36" VPOS="1474" HPOS="611"/>
							<String ID="string_66" HPOS="647" VPOS="1474" WIDTH="34" HEIGHT="31" WC="0.92" CONTENT="af"/><SP WIDTH="29" VPOS="1474" HPOS="681"/>
							<String ID="string_67" HPOS="710" VPOS="1473" WIDTH="173" HEIGHT="32" WC="0.90" CONTENT="utlåtandet"/><SP WIDTH="34" VPOS="1473" HPOS="883"/>
							<String ID="string_68" HPOS="917" VPOS="1473" WIDTH="147" HEIGHT="42" WC="0.96" CONTENT="framgår,"/><SP WIDTH="35" VPOS="1473" HPOS="1064"/>
							<String ID="string_69" HPOS="1099" VPOS="1474" WIDTH="56" HEIGHT="31" WC="0.96" CONTENT="har"/><SP WIDTH="29" VPOS="1474" HPOS="1155"/>
							<String ID="string_70" HPOS="1184" VPOS="1475" WIDTH="33" HEIGHT="30" WC="0.96" CONTENT="af"/><SP WIDTH="24" VPOS="1475" HPOS="1217"/>
							<String ID="string_71" HPOS="1241" VPOS="1474" WIDTH="64" HEIGHT="41" WC="0.96" CONTENT="mig"/><SP WIDTH="27" VPOS="1474" HPOS="1305"/>
							<String ID="string_72" HPOS="1332" VPOS="1474" WIDTH="83" HEIGHT="32" WC="0.96" CONTENT="inom"/><SP WIDTH="28" VPOS="1474" HPOS="1415"/>
							<String ID="string_73" HPOS="1443" VPOS="1474" WIDTH="158" HEIGHT="32" WC="0.96" CONTENT="Utskottet"/><SP WIDTH="26" VPOS="1474" HPOS="1601"/>
							<String ID="string_74" HPOS="1627" VPOS="1474" WIDTH="104" HEIGHT="32" WC="0.93" CONTENT="blifvit"/><SP WIDTH="28" VPOS="1474" HPOS="1731"/>
							<String ID="string_75" HPOS="1759" VPOS="1475" WIDTH="80" HEIGHT="32" WC="0.92" CONTENT="före-"/>
						</TextLine>
						<TextLine ID="line_11" HPOS="236" VPOS="1525" WIDTH="1604" HEIGHT="41">
							<String ID="string_76" HPOS="236" VPOS="1526" WIDTH="100" HEIGHT="40" WC="0.93" CONTENT="slaget"/><SP WIDTH="28" VPOS="1526" HPOS="336"/>
							<String ID="string_77" HPOS="364" VPOS="1527" WIDTH="64" HEIGHT="30" WC="0.92" CONTENT="»att"/><SP WIDTH="26" VPOS="1527" HPOS="428"/>
							<String ID="string_78" HPOS="454" VPOS="1525" WIDTH="227" HEIGHT="32" WC="0.91" CONTENT="Bankovinsten"/><SP WIDTH="28" VPOS="1525" HPOS="681"/>
							<String ID="string_79" HPOS="709" VPOS="1527" WIDTH="47" HEIGHT="30" WC="0.93" CONTENT="för"/><SP WIDTH="27" VPOS="1527" HPOS="756"/>
							<String ID="string_80" HPOS="783" VPOS="1525" WIDTH="151" HEIGHT="31" WC="0.91" CONTENT="nästlidne"/><SP WIDTH="29" VPOS="1525" HPOS="934"/>
							<String ID="string_81" HPOS="963" VPOS="1525" WIDTH="32" HEIGHT="31" WC="0.96" CONTENT="år"/><SP WIDTH="28" VPOS="1525" HPOS="995"/>
							<String ID="string_82" HPOS="1023" VPOS="1525" WIDTH="95" HEIGHT="32" WC="0.95" CONTENT="måtte"/><SP WIDTH="28" VPOS="1525" HPOS="1118"/>
							<String ID="string_83" HPOS="1146" VPOS="1526" WIDTH="46" HEIGHT="31" WC="0.96" CONTENT="för"/><SP WIDTH="28" VPOS="1526" HPOS="1192"/>
							<String ID="string_84" HPOS="1220" VPOS="1526" WIDTH="195" HEIGHT="32" WC="0.96" CONTENT="Riksbanken"/><SP WIDTH="28" VPOS="1526" HPOS="1415"/>
							<String ID="string_85" HPOS="1443" VPOS="1526" WIDTH="184" HEIGHT="39" WC="0.95" CONTENT="bibehållas,"/><SP WIDTH="30" VPOS="1526" HPOS="1627"/>
							<String ID="string_86" HPOS="1657" VPOS="1527" WIDTH="67" HEIGHT="31" WC="0.95" CONTENT="mot"/><SP WIDTH="19" VPOS="1527" HPOS="1724"/>
							<String ID="string_87" HPOS="1743" VPOS="1526" WIDTH="97" HEIGHT="32" WC="0.96" CONTENT="vilkor"/>
						</TextLine>
						<TextLine ID="line_12" HPOS="236" VPOS="1577" WIDTH="1601" HEIGHT="41">
							<String ID="string_88" HPOS="236" VPOS="1578" WIDTH="47" HEIGHT="30" WC="0.96" CONTENT="att"/><SP WIDTH="27" VPOS="1578" HPOS="283"/>
							<String ID="string_89" HPOS="310" VPOS="1577" WIDTH="49" HEIGHT="32" WC="0.91" CONTENT="till"/><SP WIDTH="27" VPOS="1577" HPOS="359"/>
							<String ID="string_90" HPOS="386" VPOS="1577" WIDTH="323" HEIGHT="41" WC="0.91" CONTENT="Riksgälds-kontoret"/><SP WIDTH="28" VPOS="1577" HPOS="709"/>
							<String ID="string_91" HPOS="737" VPOS="1577" WIDTH="224" HEIGHT="32" WC="0.91" CONTENT="återlemnades"/><SP WIDTH="29" VPOS="1577" HPOS="961"/>
							<String ID="string_92" HPOS="990" VPOS="1577" WIDTH="36" HEIGHT="32" WC="0.96" CONTENT="de"/><SP WIDTH="28" VPOS="1577" HPOS="1026"/>
							<String ID="string_93" HPOS="1054" VPOS="1578" WIDTH="33" HEIGHT="30" WC="0.96" CONTENT="af"/><SP WIDTH="25" VPOS="1578" HPOS="1087"/>
							<String ID="string_94" HPOS="1112" VPOS="1578" WIDTH="183" HEIGHT="31" WC="0.79" CONTENT="detsamma”"/><SP WIDTH="18" VPOS="1578" HPOS="1295"/>
							<String ID="string_95" HPOS="1313" VPOS="1578" WIDTH="46" HEIGHT="31" WC="0.96" CONTENT="för"/><SP WIDTH="27" VPOS="1578" HPOS="1359"/>
							<String ID="string_96" HPOS="1386" VPOS="1577" WIDTH="50" HEIGHT="31" WC="0.96" CONTENT="lån"/><SP WIDTH="27" VPOS="1577" HPOS="1436"/>
							<String ID="string_97" HPOS="1463" VPOS="1578" WIDTH="50" HEIGHT="31" WC="0.96" CONTENT="till"/><SP WIDTH="32" VPOS="1578" HPOS="1513"/>
							<String ID="string_98" HPOS="1545" VPOS="1579" WIDTH="94" HEIGHT="31" WC="0.95" CONTENT="1808"/><SP WIDTH="24" VPOS="1579" HPOS="1639"/>
							<String ID="string_99" HPOS="1663" VPOS="1578" WIDTH="57" HEIGHT="32" WC="0.95" CONTENT="och"/><SP WIDTH="23" VPOS="1578" HPOS="1720"/>
							<String ID="string_100" HPOS="1743" VPOS="1579" WIDTH="94" HEIGHT="31" WC="0.96" CONTENT="1809"/>
						</TextLine>
						<TextLine ID="line_13" HPOS="236" VPOS="1629" WIDTH="1602" HEIGHT="41">
							<String ID="string_101" HPOS="236" VPOS="1629" WIDTH="87" HEIGHT="32" WC="0.93" CONTENT="årens"/><SP WIDTH="20" VPOS="1629" HPOS="323"/>
							<String ID="string_102" HPOS="343" VPOS="1629" WIDTH="250" HEIGHT="41" WC="0.91" CONTENT="krigskostnader"/><SP WIDTH="18" VPOS="1629" HPOS="593"/>
							<String ID="string_103" HPOS="611" VPOS="1629" WIDTH="120" HEIGHT="41" WC="0.96" CONTENT="utgifna"/><SP WIDTH="20" VPOS="1629" HPOS="731"/>
							<String ID="string_104" HPOS="751" VPOS="1629" WIDTH="229" HEIGHT="41" WC="0.96" CONTENT="obligationer»,"/><SP WIDTH="21" VPOS="1629" HPOS="980"/>
							<String ID="string_105" HPOS="1001" VPOS="1629" WIDTH="177" HEIGHT="41" WC="0.96" CONTENT="uppgående"/><SP WIDTH="19" VPOS="1629" HPOS="1178"/>
							<String ID="string_106" HPOS="1197" VPOS="1630" WIDTH="143" HEIGHT="40" WC="0.95" CONTENT="beloppet"/><SP WIDTH="18" VPOS="1630" HPOS="1340"/>
							<String ID="string_107" HPOS="1358" VPOS="1629" WIDTH="92" HEIGHT="32" WC="0.96" CONTENT="häraf"/><SP WIDTH="15" VPOS="1629" HPOS="1450"/>
							<String ID="string_108" HPOS="1465" VPOS="1629" WIDTH="50" HEIGHT="33" WC="0.93" CONTENT="till"/><SP WIDTH="14" VPOS="1629" HPOS="1515"/>
							<String ID="string_109" HPOS="1529" VPOS="1630" WIDTH="78" HEIGHT="32" WC="0.54" CONTENT="R:dr"/><SP WIDTH="20" VPOS="1630" HPOS="1607"/>
							<String ID="string_110" HPOS="1627" VPOS="1631" WIDTH="211" HEIGHT="38" WC="0.92" CONTENT="1,452,000,"/>
						</TextLine>
						<TextLine ID="line_14" HPOS="236" VPOS="1681" WIDTH="1603" HEIGHT="41">
							<String ID="string_111" HPOS="236" VPOS="1681" WIDTH="93" HEIGHT="31" WC="0.95" CONTENT="sedan"/><SP WIDTH="29" VPOS="1681" HPOS="329"/>
							<String ID="string_112" HPOS="358" VPOS="1682" WIDTH="57" HEIGHT="31" WC="0.92" CONTENT="den"/><SP WIDTH="30" VPOS="1682" HPOS="415"/>
							<String ID="string_113" HPOS="445" VPOS="1682" WIDTH="203" HEIGHT="40" WC="0.90" CONTENT="afbetalning,"/><SP WIDTH="30" VPOS="1682" HPOS="648"/>
							<String ID="string_114" HPOS="678" VPOS="1691" WIDTH="66" HEIGHT="22" WC="0.96" CONTENT="som"/><SP WIDTH="29" VPOS="1691" HPOS="744"/>
							<String ID="string_115" HPOS="773" VPOS="1681" WIDTH="51" HEIGHT="31" WC="0.96" CONTENT="vid"/><SP WIDTH="27" VPOS="1681" HPOS="824"/>
							<String ID="string_116" HPOS="851" VPOS="1681" WIDTH="205" HEIGHT="32" WC="0.96" CONTENT="innevarande"/><SP WIDTH="29" VPOS="1681" HPOS="1056"/>
							<String ID="string_117" HPOS="1085" VPOS="1681" WIDTH="48" HEIGHT="31" WC="0.96" CONTENT="års"/><SP WIDTH="29" VPOS="1681" HPOS="1133"/>
							<String ID="string_118" HPOS="1162" VPOS="1682" WIDTH="62" HEIGHT="31" WC="0.96" CONTENT="slut"/><SP WIDTH="27" VPOS="1682" HPOS="1224"/>
							<String ID="string_119" HPOS="1251" VPOS="1683" WIDTH="54" HEIGHT="30" WC="0.93" CONTENT="bör"/><SP WIDTH="28" VPOS="1683" HPOS="1305"/>
							<String ID="string_120" HPOS="1333" VPOS="1691" WIDTH="56" HEIGHT="31" WC="0.90" CONTENT="ega"/><SP WIDTH="28" VPOS="1691" HPOS="1389"/>
							<String ID="string_121" HPOS="1417" VPOS="1691" WIDTH="80" HEIGHT="29" WC="0.96" CONTENT="rum,"/><SP WIDTH="30" VPOS="1691" HPOS="1497"/>
							<String ID="string_122" HPOS="1527" VPOS="1682" WIDTH="104" HEIGHT="32" WC="0.95" CONTENT="blifvit"/><SP WIDTH="27" VPOS="1682" HPOS="1631"/>
							<String ID="string_123" HPOS="1658" VPOS="1682" WIDTH="181" HEIGHT="32" WC="0.96" CONTENT="verkställd."/>
						</TextLine>
					</TextBlock>
					<TextBlock ID="block_7" HPOS="234" VPOS="1733" WIDTH="1607" HEIGHT="663">
						<TextLine ID="line_15" HPOS="389" VPOS="1733" WIDTH="1452" HEIGHT="42">
							<String ID="string_124" HPOS="389" VPOS="1733" WIDTH="44" HEIGHT="31" WC="0.93" CONTENT="Af"/><SP WIDTH="23" VPOS="1733" HPOS="433"/>
							<String ID="string_125" HPOS="456" VPOS="1733" WIDTH="174" HEIGHT="31" WC="0.89" CONTENT="utlåtandet"/><SP WIDTH="26" VPOS="1733" HPOS="630"/>
							<String ID="string_126" HPOS="656" VPOS="1733" WIDTH="154" HEIGHT="31" WC="0.89" CONTENT="inhemtas"/><SP WIDTH="28" VPOS="1733" HPOS="810"/>
							<String ID="string_127" HPOS="838" VPOS="1733" WIDTH="115" HEIGHT="39" WC="0.95" CONTENT="vidare,"/><SP WIDTH="31" VPOS="1733" HPOS="953"/>
							<String ID="string_128" HPOS="984" VPOS="1733" WIDTH="45" HEIGHT="31" WC="0.93" CONTENT="att"/><SP WIDTH="27" VPOS="1733" HPOS="1029"/>
							<String ID="string_129" HPOS="1056" VPOS="1733" WIDTH="302" HEIGHT="41" WC="0.92" CONTENT="Bankofullmäktige"/><SP WIDTH="28" VPOS="1733" HPOS="1358"/>
							<String ID="string_130" HPOS="1386" VPOS="1733" WIDTH="65" HEIGHT="32" WC="0.93" CONTENT="icke"/><SP WIDTH="28" VPOS="1733" HPOS="1451"/>
							<String ID="string_131" HPOS="1479" VPOS="1734" WIDTH="201" HEIGHT="41" WC="0.92" CONTENT="ovilkorligen"/><SP WIDTH="29" VPOS="1734" HPOS="1680"/>
							<String ID="string_132" HPOS="1709" VPOS="1735" WIDTH="132" HEIGHT="40" WC="0.91" CONTENT="afstyrkt"/>
						</TextLine>
						<TextLine ID="line_16" HPOS="235" VPOS="1784" WIDTH="1605" HEIGHT="41">
							<String ID="string_133" HPOS="235" VPOS="1785" WIDTH="85" HEIGHT="31" WC="0.96" CONTENT="detta"/><SP WIDTH="40" VPOS="1785" HPOS="320"/>
							<String ID="string_134" HPOS="360" VPOS="1784" WIDTH="128" HEIGHT="41" WC="0.93" CONTENT="förslag."/><SP WIDTH="56" VPOS="1784" HPOS="488"/>
							<String ID="string_135" HPOS="544" VPOS="1784" WIDTH="92" HEIGHT="32" WC="0.93" CONTENT="Hvad"/><SP WIDTH="42" VPOS="1784" HPOS="636"/>
							<String ID="string_136" HPOS="678" VPOS="1785" WIDTH="138" HEIGHT="31" WC="0.91" CONTENT="deremot"/><SP WIDTH="40" VPOS="1785" HPOS="816"/>
							<String ID="string_137" HPOS="856" VPOS="1785" WIDTH="35" HEIGHT="31" WC="0.95" CONTENT="af"/><SP WIDTH="37" VPOS="1785" HPOS="891"/>
							<String ID="string_138" HPOS="928" VPOS="1785" WIDTH="84" HEIGHT="31" WC="0.95" CONTENT="detta"/><SP WIDTH="40" VPOS="1785" HPOS="1012"/>
							<String ID="string_139" HPOS="1052" VPOS="1784" WIDTH="158" HEIGHT="32" WC="0.89" CONTENT="utlåtande"/><SP WIDTH="33" VPOS="1784" HPOS="1210"/>
							<String ID="string_140" HPOS="1243" VPOS="1787" WIDTH="67" HEIGHT="29" WC="0.93" CONTENT="icke"/><SP WIDTH="35" VPOS="1787" HPOS="1310"/>
							<String ID="string_141" HPOS="1345" VPOS="1785" WIDTH="165" HEIGHT="39" WC="0.84" CONTENT="inhemtas,"/><SP WIDTH="31" VPOS="1785" HPOS="1510"/>
							<String ID="string_142" HPOS="1541" VPOS="1788" WIDTH="33" HEIGHT="29" WC="0.96" CONTENT="är"/><SP WIDTH="27" VPOS="1788" HPOS="1574"/>
							<String ID="string_143" HPOS="1601" VPOS="1785" WIDTH="58" HEIGHT="32" WC="0.95" CONTENT="den"/><SP WIDTH="29" VPOS="1785" HPOS="1659"/>
							<String ID="string_144" HPOS="1688" VPOS="1786" WIDTH="152" HEIGHT="32" WC="0.95" CONTENT="särskilda"/>
						</TextLine>
						<TextLine ID="line_17" HPOS="234" VPOS="1836" WIDTH="1603" HEIGHT="43">
							<String ID="string_145" HPOS="234" VPOS="1836" WIDTH="126" HEIGHT="41" WC="0.95" CONTENT="mening"/><SP WIDTH="41" VPOS="1836" HPOS="360"/>
							<String ID="string_146" HPOS="401" VPOS="1846" WIDTH="66" HEIGHT="22" WC="0.95" CONTENT="som"/><SP WIDTH="42" VPOS="1846" HPOS="467"/>
							<String ID="string_147" HPOS="509" VPOS="1846" WIDTH="35" HEIGHT="22" WC="0.95" CONTENT="en"/><SP WIDTH="43" VPOS="1846" HPOS="544"/>
							<String ID="string_148" HPOS="587" VPOS="1837" WIDTH="34" HEIGHT="31" WC="0.96" CONTENT="af"/><SP WIDTH="32" VPOS="1837" HPOS="621"/>
							<String ID="string_149" HPOS="653" VPOS="1836" WIDTH="117" HEIGHT="32" WC="0.96" CONTENT="Herrar"/><SP WIDTH="36" VPOS="1836" HPOS="770"/>
							<String ID="string_150" HPOS="806" VPOS="1836" WIDTH="205" HEIGHT="41" WC="0.96" CONTENT="Fullmäktige"/><SP WIDTH="28" VPOS="1836" HPOS="1011"/>
							<String ID="string_151" HPOS="1039" VPOS="1836" WIDTH="115" HEIGHT="32" WC="0.96" CONTENT="uttalat"/><SP WIDTH="28" VPOS="1836" HPOS="1154"/>
							<String ID="string_152" HPOS="1182" VPOS="1836" WIDTH="55" HEIGHT="33" WC="0.96" CONTENT="och"/><SP WIDTH="28" VPOS="1836" HPOS="1237"/>
							<String ID="string_153" HPOS="1265" VPOS="1837" WIDTH="121" HEIGHT="32" WC="0.96" CONTENT="hvilken"/><SP WIDTH="30" VPOS="1837" HPOS="1386"/>
							<String ID="string_154" HPOS="1416" VPOS="1840" WIDTH="32" HEIGHT="28" WC="0.96" CONTENT="är"/><SP WIDTH="29" VPOS="1840" HPOS="1448"/>
							<String ID="string_155" HPOS="1477" VPOS="1837" WIDTH="34" HEIGHT="32" WC="0.96" CONTENT="af"/><SP WIDTH="23" VPOS="1837" HPOS="1511"/>
							<String ID="string_156" HPOS="1534" VPOS="1837" WIDTH="138" HEIGHT="42" WC="0.96" CONTENT="följande"/><SP WIDTH="27" VPOS="1837" HPOS="1672"/>
							<String ID="string_157" HPOS="1699" VPOS="1838" WIDTH="138" HEIGHT="41" WC="0.93" CONTENT="lydelse:"/>
						</TextLine>
						<TextLine ID="line_18" HPOS="235" VPOS="1888" WIDTH="1605" HEIGHT="41">
							<String ID="string_158" HPOS="235" VPOS="1888" WIDTH="65" HEIGHT="31" WC="0.90" CONTENT="»Då"/><SP WIDTH="40" VPOS="1888" HPOS="300"/>
							<String ID="string_159" HPOS="340" VPOS="1888" WIDTH="72" HEIGHT="40" WC="0.94" CONTENT="inga"/><SP WIDTH="43" VPOS="1888" HPOS="412"/>
							<String ID="string_160" HPOS="455" VPOS="1889" WIDTH="96" HEIGHT="30" WC="0.94" CONTENT="andra"/><SP WIDTH="40" VPOS="1889" HPOS="551"/>
							<String ID="string_161" HPOS="591" VPOS="1889" WIDTH="235" HEIGHT="31" WC="0.78" CONTENT="bestämmelser"/><SP WIDTH="43" VPOS="1889" HPOS="826"/>
							<String ID="string_162" HPOS="869" VPOS="1888" WIDTH="83" HEIGHT="41" WC="0.95" CONTENT="gälla"/><SP WIDTH="37" VPOS="1888" HPOS="952"/>
							<String ID="string_163" HPOS="989" VPOS="1898" WIDTH="49" HEIGHT="22" WC="0.94" CONTENT="om"/><SP WIDTH="37" VPOS="1898" HPOS="1038"/>
							<String ID="string_164" HPOS="1075" VPOS="1889" WIDTH="212" HEIGHT="31" WC="0.91" CONTENT="Riksbankens"/><SP WIDTH="33" VPOS="1889" HPOS="1287"/>
							<String ID="string_165" HPOS="1320" VPOS="1889" WIDTH="183" HEIGHT="40" WC="0.91" CONTENT="grundfond,"/><SP WIDTH="30" VPOS="1889" HPOS="1503"/>
							<String ID="string_166" HPOS="1533" VPOS="1892" WIDTH="37" HEIGHT="29" WC="0.96" CONTENT="än"/><SP WIDTH="30" VPOS="1892" HPOS="1570"/>
							<String ID="string_167" HPOS="1600" VPOS="1890" WIDTH="46" HEIGHT="31" WC="0.96" CONTENT="att"/><SP WIDTH="28" VPOS="1890" HPOS="1646"/>
							<String ID="string_168" HPOS="1674" VPOS="1890" WIDTH="57" HEIGHT="32" WC="0.95" CONTENT="den"/><SP WIDTH="29" VPOS="1890" HPOS="1731"/>
							<String ID="string_169" HPOS="1760" VPOS="1890" WIDTH="80" HEIGHT="32" WC="0.95" CONTENT="skall"/>
						</TextLine>
						<TextLine ID="line_19" HPOS="235" VPOS="1939" WIDTH="1605" HEIGHT="43">
							<String ID="string_170" HPOS="235" VPOS="1939" WIDTH="180" HEIGHT="40" WC="0.91" CONTENT="uppehållas"/><SP WIDTH="30" VPOS="1939" HPOS="415"/>
							<String ID="string_171" HPOS="445" VPOS="1940" WIDTH="49" HEIGHT="31" WC="0.96" CONTENT="vid"/><SP WIDTH="30" VPOS="1940" HPOS="494"/>
							<String ID="string_172" HPOS="524" VPOS="1950" WIDTH="35" HEIGHT="21" WC="0.96" CONTENT="en"/><SP WIDTH="28" VPOS="1950" HPOS="559"/>
							<String ID="string_173" HPOS="587" VPOS="1940" WIDTH="142" HEIGHT="32" WC="0.96" CONTENT="bestämd"/><SP WIDTH="28" VPOS="1940" HPOS="729"/>
							<String ID="string_174" HPOS="757" VPOS="1940" WIDTH="84" HEIGHT="31" WC="0.96" CONTENT="siffra"/><SP WIDTH="28" VPOS="1940" HPOS="841"/>
							<String ID="string_175" HPOS="869" VPOS="1940" WIDTH="55" HEIGHT="31" WC="0.96" CONTENT="och"/><SP WIDTH="29" VPOS="1940" HPOS="924"/>
							<String ID="string_176" HPOS="953" VPOS="1940" WIDTH="98" HEIGHT="31" WC="0.95" CONTENT="denna"/><SP WIDTH="28" VPOS="1940" HPOS="1051"/>
							<String ID="string_177" HPOS="1079" VPOS="1940" WIDTH="72" HEIGHT="31" WC="0.96" CONTENT="fond"/><SP WIDTH="28" VPOS="1940" HPOS="1151"/>
							<String ID="string_178" HPOS="1179" VPOS="1940" WIDTH="118" HEIGHT="32" WC="0.96" CONTENT="således"/><SP WIDTH="28" VPOS="1940" HPOS="1297"/>
							<String ID="string_179" HPOS="1325" VPOS="1941" WIDTH="65" HEIGHT="31" WC="0.96" CONTENT="icke"/><SP WIDTH="29" VPOS="1941" HPOS="1390"/>
							<String ID="string_180" HPOS="1419" VPOS="1950" WIDTH="51" HEIGHT="22" WC="0.95" CONTENT="ens"/><SP WIDTH="27" VPOS="1950" HPOS="1470"/>
							<String ID="string_181" HPOS="1497" VPOS="1941" WIDTH="50" HEIGHT="32" WC="0.96" CONTENT="till"/><SP WIDTH="23" VPOS="1941" HPOS="1547"/>
							<String ID="string_182" HPOS="1570" VPOS="1941" WIDTH="100" HEIGHT="41" WC="0.96" CONTENT="någon"/><SP WIDTH="21" VPOS="1941" HPOS="1670"/>
							<String ID="string_183" HPOS="1691" VPOS="1942" WIDTH="50" HEIGHT="31" WC="0.95" CONTENT="del"/><SP WIDTH="20" VPOS="1942" HPOS="1741"/>
							<String ID="string_184" HPOS="1761" VPOS="1942" WIDTH="79" HEIGHT="31" WC="0.96" CONTENT="skall"/>
						</TextLine>
						<TextLine ID="line_20" HPOS="235" VPOS="1991" WIDTH="1604" HEIGHT="42">
							<String ID="string_185" HPOS="235" VPOS="1991" WIDTH="87" HEIGHT="31" WC="0.95" CONTENT="bestå"/><SP WIDTH="42" VPOS="1991" HPOS="322"/>
							<String ID="string_186" HPOS="364" VPOS="1992" WIDTH="33" HEIGHT="30" WC="0.96" CONTENT="af"/><SP WIDTH="36" VPOS="1992" HPOS="397"/>
							<String ID="string_187" HPOS="433" VPOS="1991" WIDTH="82" HEIGHT="32" WC="0.96" CONTENT="vissa"/><SP WIDTH="28" VPOS="1991" HPOS="515"/>
							<String ID="string_188" HPOS="543" VPOS="1992" WIDTH="133" HEIGHT="37" WC="0.95" CONTENT="valutor,"/><SP WIDTH="29" VPOS="1992" HPOS="676"/>
							<String ID="string_189" HPOS="705" VPOS="1993" WIDTH="74" HEIGHT="30" WC="0.96" CONTENT="utan"/><SP WIDTH="29" VPOS="1993" HPOS="779"/>
							<String ID="string_190" HPOS="808" VPOS="1991" WIDTH="109" HEIGHT="32" WC="0.96" CONTENT="endast"/><SP WIDTH="28" VPOS="1991" HPOS="917"/>
							<String ID="string_191" HPOS="945" VPOS="1993" WIDTH="89" HEIGHT="40" WC="0.96" CONTENT="utgör"/><SP WIDTH="28" VPOS="1993" HPOS="1034"/>
							<String ID="string_192" HPOS="1062" VPOS="1993" WIDTH="43" HEIGHT="30" WC="0.96" CONTENT="ett"/><SP WIDTH="27" VPOS="1993" HPOS="1105"/>
							<String ID="string_193" HPOS="1132" VPOS="1992" WIDTH="136" HEIGHT="32" WC="0.93" CONTENT="bankens"/><SP WIDTH="29" VPOS="1992" HPOS="1268"/>
							<String ID="string_194" HPOS="1297" VPOS="1992" WIDTH="169" HEIGHT="32" WC="0.89" CONTENT="öfverskott"/><SP WIDTH="28" VPOS="1992" HPOS="1466"/>
							<String ID="string_195" HPOS="1494" VPOS="1993" WIDTH="83" HEIGHT="32" WC="0.96" CONTENT="öfver"/><SP WIDTH="29" VPOS="1993" HPOS="1577"/>
							<String ID="string_196" HPOS="1606" VPOS="1993" WIDTH="70" HEIGHT="32" WC="0.95" CONTENT="dess"/><SP WIDTH="29" VPOS="1993" HPOS="1676"/>
							<String ID="string_197" HPOS="1705" VPOS="1994" WIDTH="134" HEIGHT="38" WC="0.96" CONTENT="skulder,"/>
						</TextLine>
						<TextLine ID="line_21" HPOS="235" VPOS="2043" WIDTH="1605" HEIGHT="42">
							<String ID="string_198" HPOS="235" VPOS="2043" WIDTH="127" HEIGHT="31" WC="0.96" CONTENT="innebär"/><SP WIDTH="27" VPOS="2043" HPOS="362"/>
							<String ID="string_199" HPOS="389" VPOS="2053" WIDTH="37" HEIGHT="21" WC="0.96" CONTENT="en"/><SP WIDTH="28" VPOS="2053" HPOS="426"/>
							<String ID="string_200" HPOS="454" VPOS="2043" WIDTH="61" HEIGHT="41" WC="0.91" CONTENT="hög"/><SP WIDTH="27" VPOS="2043" HPOS="515"/>
							<String ID="string_201" HPOS="542" VPOS="2043" WIDTH="174" HEIGHT="41" WC="0.91" CONTENT="grundfond"/><SP WIDTH="26" VPOS="2043" HPOS="716"/>
							<String ID="string_202" HPOS="742" VPOS="2044" WIDTH="66" HEIGHT="31" WC="0.95" CONTENT="icke"/><SP WIDTH="27" VPOS="2044" HPOS="808"/>
							<String ID="string_203" HPOS="835" VPOS="2043" WIDTH="99" HEIGHT="41" WC="0.95" CONTENT="någon"/><SP WIDTH="28" VPOS="2043" HPOS="934"/>
							<String ID="string_204" HPOS="962" VPOS="2044" WIDTH="144" HEIGHT="41" WC="0.96" CONTENT="trygghet"/><SP WIDTH="28" VPOS="2044" HPOS="1106"/>
							<String ID="string_205" HPOS="1134" VPOS="2045" WIDTH="46" HEIGHT="30" WC="0.96" CONTENT="för"/><SP WIDTH="28" VPOS="2045" HPOS="1180"/>
							<String ID="string_206" HPOS="1208" VPOS="2044" WIDTH="117" HEIGHT="32" WC="0.96" CONTENT="banken"/><SP WIDTH="30" VPOS="2044" HPOS="1325"/>
							<String ID="string_207" HPOS="1355" VPOS="2045" WIDTH="46" HEIGHT="30" WC="0.96" CONTENT="att"/><SP WIDTH="28" VPOS="2045" HPOS="1401"/>
							<String ID="string_208" HPOS="1429" VPOS="2045" WIDTH="89" HEIGHT="32" WC="0.96" CONTENT="äfven"/><SP WIDTH="29" VPOS="2045" HPOS="1518"/>
							<String ID="string_209" HPOS="1547" VPOS="2045" WIDTH="95" HEIGHT="32" WC="0.96" CONTENT="under"/><SP WIDTH="28" VPOS="2045" HPOS="1642"/>
							<String ID="string_210" HPOS="1670" VPOS="2045" WIDTH="90" HEIGHT="32" WC="0.93" CONTENT="svåra"/><SP WIDTH="19" VPOS="2045" HPOS="1760"/>
							<String ID="string_211" HPOS="1779" VPOS="2046" WIDTH="61" HEIGHT="31" WC="0.92" CONTENT="för-"/>
						</TextLine>
						<TextLine ID="line_22" HPOS="235" VPOS="2094" WIDTH="1605" HEIGHT="43">
							<String ID="string_212" HPOS="235" VPOS="2094" WIDTH="165" HEIGHT="32" WC="0.91" CONTENT="hållanden"/><SP WIDTH="42" VPOS="2094" HPOS="400"/>
							<String ID="string_213" HPOS="442" VPOS="2095" WIDTH="102" HEIGHT="31" WC="0.90" CONTENT="kunna"/><SP WIDTH="40" VPOS="2095" HPOS="544"/>
							<String ID="string_214" HPOS="584" VPOS="2095" WIDTH="99" HEIGHT="31" WC="0.91" CONTENT="inlösa"/><SP WIDTH="42" VPOS="2095" HPOS="683"/>
							<String ID="string_215" HPOS="725" VPOS="2095" WIDTH="66" HEIGHT="32" WC="0.95" CONTENT="sina"/><SP WIDTH="38" VPOS="2095" HPOS="791"/>
							<String ID="string_216" HPOS="829" VPOS="2095" WIDTH="103" HEIGHT="32" WC="0.95" CONTENT="sedlar"/><SP WIDTH="32" VPOS="2095" HPOS="932"/>
							<String ID="string_217" HPOS="964" VPOS="2096" WIDTH="56" HEIGHT="31" WC="0.96" CONTENT="och"/><SP WIDTH="27" VPOS="2096" HPOS="1020"/>
							<String ID="string_218" HPOS="1047" VPOS="2095" WIDTH="139" HEIGHT="41" WC="0.95" CONTENT="uppfylla"/><SP WIDTH="30" VPOS="2095" HPOS="1186"/>
							<String ID="string_219" HPOS="1216" VPOS="2096" WIDTH="66" HEIGHT="31" WC="0.96" CONTENT="sina"/><SP WIDTH="29" VPOS="2096" HPOS="1282"/>
							<String ID="string_220" HPOS="1311" VPOS="2096" WIDTH="98" HEIGHT="41" WC="0.96" CONTENT="öfriga"/><SP WIDTH="28" VPOS="2096" HPOS="1409"/>
							<String ID="string_221" HPOS="1437" VPOS="2096" WIDTH="213" HEIGHT="38" WC="0.96" CONTENT="förbindelser,"/><SP WIDTH="31" VPOS="2096" HPOS="1650"/>
							<String ID="string_222" HPOS="1681" VPOS="2098" WIDTH="74" HEIGHT="30" WC="0.96" CONTENT="utan"/><SP WIDTH="29" VPOS="2098" HPOS="1755"/>
							<String ID="string_223" HPOS="1784" VPOS="2098" WIDTH="56" HEIGHT="31" WC="0.96" CONTENT="den"/>
						</TextLine>
						<TextLine ID="line_23" HPOS="235" VPOS="2146" WIDTH="1605" HEIGHT="44">
							<String ID="string_224" HPOS="235" VPOS="2146" WIDTH="97" HEIGHT="32" WC="0.94" CONTENT="fördel"/><SP WIDTH="41" VPOS="2146" HPOS="332"/>
							<String ID="string_225" HPOS="373" VPOS="2146" WIDTH="119" HEIGHT="32" WC="0.72" CONTENT="banken"/><SP WIDTH="43" VPOS="2146" HPOS="492"/>
							<String ID="string_226" HPOS="535" VPOS="2147" WIDTH="90" HEIGHT="31" WC="0.93" CONTENT="deraf"/><SP WIDTH="31" VPOS="2147" HPOS="625"/>
							<String ID="string_227" HPOS="656" VPOS="2147" WIDTH="122" HEIGHT="32" WC="0.92" CONTENT="hemtar"/><SP WIDTH="36" VPOS="2147" HPOS="778"/>
							<String ID="string_228" HPOS="814" VPOS="2150" WIDTH="43" HEIGHT="35" WC="0.96" CONTENT="är,"/><SP WIDTH="39" VPOS="2150" HPOS="857"/>
							<String ID="string_229" HPOS="896" VPOS="2148" WIDTH="46" HEIGHT="31" WC="0.96" CONTENT="att"/><SP WIDTH="26" VPOS="2148" HPOS="942"/>
							<String ID="string_230" HPOS="968" VPOS="2147" WIDTH="119" HEIGHT="32" WC="0.95" CONTENT="banken"/><SP WIDTH="28" VPOS="2147" HPOS="1087"/>
							<String ID="string_231" HPOS="1115" VPOS="2147" WIDTH="10" HEIGHT="32" WC="0.96" CONTENT="i"/><SP WIDTH="27" VPOS="2147" HPOS="1125"/>
							<String ID="string_232" HPOS="1152" VPOS="2147" WIDTH="139" HEIGHT="41" WC="0.95" CONTENT="betydlig"/><SP WIDTH="27" VPOS="2147" HPOS="1291"/>
							<String ID="string_233" HPOS="1318" VPOS="2147" WIDTH="70" HEIGHT="32" WC="0.96" CONTENT="mån"/><SP WIDTH="29" VPOS="2147" HPOS="1388"/>
							<String ID="string_234" HPOS="1417" VPOS="2151" WIDTH="50" HEIGHT="28" WC="0.96" CONTENT="rör"/><SP WIDTH="27" VPOS="2151" HPOS="1467"/>
							<String ID="string_235" HPOS="1494" VPOS="2148" WIDTH="47" HEIGHT="41" WC="0.95" CONTENT="sig"/><SP WIDTH="27" VPOS="2148" HPOS="1541"/>
							<String ID="string_236" HPOS="1568" VPOS="2149" WIDTH="71" HEIGHT="31" WC="0.95" CONTENT="med"/><SP WIDTH="28" VPOS="2149" HPOS="1639"/>
							<String ID="string_237" HPOS="1667" VPOS="2149" WIDTH="66" HEIGHT="32" WC="0.96" CONTENT="sina"/><SP WIDTH="30" VPOS="2149" HPOS="1733"/>
							<String ID="string_238" HPOS="1763" VPOS="2159" WIDTH="77" HEIGHT="31" WC="0.96" CONTENT="egna"/>
						</TextLine>
						<TextLine ID="line_24" HPOS="235" VPOS="2198" WIDTH="1604" HEIGHT="44">
							<String ID="string_239" HPOS="235" VPOS="2198" WIDTH="168" HEIGHT="40" WC="0.96" CONTENT="tillgångar"/><SP WIDTH="29" VPOS="2198" HPOS="403"/>
							<String ID="string_240" HPOS="432" VPOS="2198" WIDTH="56" HEIGHT="31" WC="0.96" CONTENT="och"/><SP WIDTH="28" VPOS="2198" HPOS="488"/>
							<String ID="string_241" HPOS="516" VPOS="2199" WIDTH="47" HEIGHT="30" WC="0.95" CONTENT="att"/><SP WIDTH="26" VPOS="2199" HPOS="563"/>
							<String ID="string_242" HPOS="589" VPOS="2198" WIDTH="159" HEIGHT="42" WC="0.82" CONTENT="tillfälliga"/><SP WIDTH="27" VPOS="2198" HPOS="748"/>
							<String ID="string_243" HPOS="775" VPOS="2199" WIDTH="145" HEIGHT="32" WC="0.96" CONTENT="förluster"/><SP WIDTH="27" VPOS="2199" HPOS="920"/>
							<String ID="string_244" HPOS="947" VPOS="2199" WIDTH="65" HEIGHT="32" WC="0.96" CONTENT="icke"/><SP WIDTH="29" VPOS="2199" HPOS="1012"/>
							<String ID="string_245" HPOS="1041" VPOS="2199" WIDTH="92" HEIGHT="32" WC="0.96" CONTENT="hafva"/><SP WIDTH="27" VPOS="2199" HPOS="1133"/>
							<String ID="string_246" HPOS="1160" VPOS="2199" WIDTH="93" HEIGHT="41" WC="0.95" CONTENT="något"/><SP WIDTH="28" VPOS="2199" HPOS="1253"/>
							<String ID="string_247" HPOS="1281" VPOS="2200" WIDTH="96" HEIGHT="31" WC="0.96" CONTENT="större"/><SP WIDTH="27" VPOS="2200" HPOS="1377"/>
							<String ID="string_248" HPOS="1404" VPOS="2199" WIDTH="167" HEIGHT="41" WC="0.96" CONTENT="inflytande"/><SP WIDTH="27" VPOS="2199" HPOS="1571"/>
							<String ID="string_249" HPOS="1598" VPOS="2200" WIDTH="39" HEIGHT="41" WC="0.96" CONTENT="på"/><SP WIDTH="28" VPOS="2200" HPOS="1637"/>
							<String ID="string_250" HPOS="1665" VPOS="2201" WIDTH="69" HEIGHT="32" WC="0.91" CONTENT="dess"/><SP WIDTH="20" VPOS="2201" HPOS="1734"/>
							<String ID="string_251" HPOS="1754" VPOS="2201" WIDTH="85" HEIGHT="41" WC="0.91" CONTENT="kapi-"/>
						</TextLine>
						<TextLine ID="line_25" HPOS="236" VPOS="2249" WIDTH="1604" HEIGHT="44">
							<String ID="string_252" HPOS="236" VPOS="2249" WIDTH="205" HEIGHT="41" WC="0.89" CONTENT="talställning."/><SP WIDTH="55" VPOS="2249" HPOS="441"/>
							<String ID="string_253" HPOS="496" VPOS="2250" WIDTH="94" HEIGHT="31" WC="0.59" CONTENT="Detta"/><SP WIDTH="34" VPOS="2250" HPOS="590"/>
							<String ID="string_254" HPOS="624" VPOS="2251" WIDTH="192" HEIGHT="31" WC="0.96" CONTENT="förhållande"/><SP WIDTH="27" VPOS="2251" HPOS="816"/>
							<String ID="string_255" HPOS="843" VPOS="2250" WIDTH="152" HEIGHT="41" WC="0.95" CONTENT="betingar,"/><SP WIDTH="30" VPOS="2250" HPOS="995"/>
							<String ID="string_256" HPOS="1025" VPOS="2251" WIDTH="76" HEIGHT="31" WC="0.96" CONTENT="efter"/><SP WIDTH="28" VPOS="2251" HPOS="1101"/>
							<String ID="string_257" HPOS="1129" VPOS="2251" WIDTH="63" HEIGHT="31" WC="0.95" CONTENT="min"/><SP WIDTH="28" VPOS="2251" HPOS="1192"/>
							<String ID="string_258" HPOS="1220" VPOS="2251" WIDTH="206" HEIGHT="41" WC="0.95" CONTENT="uppfattning,"/><SP WIDTH="31" VPOS="2251" HPOS="1426"/>
							<String ID="string_259" HPOS="1457" VPOS="2252" WIDTH="46" HEIGHT="31" WC="0.96" CONTENT="att"/><SP WIDTH="27" VPOS="2252" HPOS="1503"/>
							<String ID="string_260" HPOS="1530" VPOS="2252" WIDTH="108" HEIGHT="41" WC="0.96" CONTENT="frågan"/><SP WIDTH="29" VPOS="2252" HPOS="1638"/>
							<String ID="string_261" HPOS="1667" VPOS="2262" WIDTH="50" HEIGHT="22" WC="0.90" CONTENT="om"/><SP WIDTH="27" VPOS="2262" HPOS="1717"/>
							<String ID="string_262" HPOS="1744" VPOS="2253" WIDTH="96" HEIGHT="40" WC="0.87" CONTENT="ytter-"/>
						</TextLine>
						<TextLine ID="line_26" HPOS="235" VPOS="2301" WIDTH="1605" HEIGHT="43">
							<String ID="string_263" HPOS="235" VPOS="2301" WIDTH="99" HEIGHT="40" WC="0.96" CONTENT="ligare"/><SP WIDTH="40" VPOS="2301" HPOS="334"/>
							<String ID="string_264" HPOS="374" VPOS="2302" WIDTH="174" HEIGHT="40" WC="0.90" CONTENT="förhöjning"/><SP WIDTH="41" VPOS="2302" HPOS="548"/>
							<String ID="string_265" HPOS="589" VPOS="2302" WIDTH="34" HEIGHT="31" WC="0.92" CONTENT="af"/><SP WIDTH="36" VPOS="2302" HPOS="623"/>
							<String ID="string_266" HPOS="659" VPOS="2303" WIDTH="210" HEIGHT="40" WC="0.92" CONTENT="grundfonden"/><SP WIDTH="42" VPOS="2303" HPOS="869"/>
							<String ID="string_267" HPOS="911" VPOS="2304" WIDTH="55" HEIGHT="30" WC="0.91" CONTENT="bör"/><SP WIDTH="43" VPOS="2304" HPOS="966"/>
							<String ID="string_268" HPOS="1009" VPOS="2303" WIDTH="123" HEIGHT="40" WC="0.86" CONTENT="afgöras"/><SP WIDTH="37" VPOS="2303" HPOS="1132"/>
							<String ID="string_269" HPOS="1169" VPOS="2303" WIDTH="70" HEIGHT="31" WC="0.96" CONTENT="med"/><SP WIDTH="34" VPOS="2303" HPOS="1239"/>
							<String ID="string_270" HPOS="1273" VPOS="2303" WIDTH="142" HEIGHT="32" WC="0.96" CONTENT="afseende"/><SP WIDTH="28" VPOS="2303" HPOS="1415"/>
							<String ID="string_271" HPOS="1443" VPOS="2303" WIDTH="38" HEIGHT="41" WC="0.96" CONTENT="på"/><SP WIDTH="28" VPOS="2303" HPOS="1481"/>
							<String ID="string_272" HPOS="1509" VPOS="2304" WIDTH="110" HEIGHT="32" WC="0.96" CONTENT="vidden"/><SP WIDTH="29" VPOS="2304" HPOS="1619"/>
							<String ID="string_273" HPOS="1648" VPOS="2305" WIDTH="34" HEIGHT="31" WC="0.96" CONTENT="af"/><SP WIDTH="22" VPOS="2305" HPOS="1682"/>
							<String ID="string_274" HPOS="1704" VPOS="2305" WIDTH="136" HEIGHT="31" WC="0.96" CONTENT="bankens"/>
						</TextLine>
						<TextLine ID="line_27" HPOS="236" VPOS="2353" WIDTH="1604" HEIGHT="43">
							<String ID="string_275" HPOS="236" VPOS="2353" WIDTH="119" HEIGHT="32" WC="0.96" CONTENT="rörelse"/><SP WIDTH="41" VPOS="2353" HPOS="355"/>
							<String ID="string_276" HPOS="396" VPOS="2354" WIDTH="55" HEIGHT="31" WC="0.96" CONTENT="och"/><SP WIDTH="33" VPOS="2354" HPOS="451"/>
							<String ID="string_277" HPOS="484" VPOS="2354" WIDTH="65" HEIGHT="32" WC="0.95" CONTENT="icke"/><SP WIDTH="34" VPOS="2354" HPOS="549"/>
							<String ID="string_278" HPOS="583" VPOS="2353" WIDTH="38" HEIGHT="41" WC="0.95" CONTENT="på"/><SP WIDTH="34" VPOS="2353" HPOS="621"/>
							<String ID="string_279" HPOS="655" VPOS="2355" WIDTH="51" HEIGHT="31" WC="0.96" CONTENT="det"/><SP WIDTH="26" VPOS="2355" HPOS="706"/>
							<String ID="string_280" HPOS="732" VPOS="2354" WIDTH="121" HEIGHT="40" WC="0.93" CONTENT="belopp,"/><SP WIDTH="30" VPOS="2354" HPOS="853"/>
							<String ID="string_281" HPOS="883" VPOS="2355" WIDTH="127" HEIGHT="32" WC="0.90" CONTENT="hvartill"/><SP WIDTH="28" VPOS="2355" HPOS="1010"/>
							<String ID="string_282" HPOS="1038" VPOS="2355" WIDTH="118" HEIGHT="32" WC="0.96" CONTENT="banken"/><SP WIDTH="30" VPOS="2355" HPOS="1156"/>
							<String ID="string_283" HPOS="1186" VPOS="2365" WIDTH="72" HEIGHT="31" WC="0.95" CONTENT="eger"/><SP WIDTH="28" VPOS="2365" HPOS="1258"/>
							<String ID="string_284" HPOS="1286" VPOS="2356" WIDTH="47" HEIGHT="31" WC="0.92" CONTENT="att"/><SP WIDTH="26" VPOS="2356" HPOS="1333"/>
							<String ID="string_285" HPOS="1359" VPOS="2355" WIDTH="119" HEIGHT="41" WC="0.91" CONTENT="utgifva"/><SP WIDTH="28" VPOS="2355" HPOS="1478"/>
							<String ID="string_286" HPOS="1506" VPOS="2356" WIDTH="103" HEIGHT="32" WC="0.93" CONTENT="sedlar"/><SP WIDTH="27" VPOS="2356" HPOS="1609"/>
							<String ID="string_287" HPOS="1636" VPOS="2357" WIDTH="119" HEIGHT="32" WC="0.92" CONTENT="utöfver"/><SP WIDTH="29" VPOS="2357" HPOS="1755"/>
							<String ID="string_288" HPOS="1784" VPOS="2357" WIDTH="56" HEIGHT="32" WC="0.96" CONTENT="den"/>
						</TextLine>
					</TextBlock>
				</ComposedBlock>
			</PrintSpace>
		</Page>
	</Layout>
</alto>
