1870 2784
253 159 39 30 10
678 159 285 31 Statsutskottets
985 159 180 30 utlåtande
1185 167 43 21 nr
1254 159 73 29 152.

301 242 236 40 nedflyttning
566 252 42 20 av
636 242 40 30 24
703 243 390 30 kontorsföreståndare
1121 243 51 30 till
1200 243 95 39 lägre
1324 243 164 39 lönegrad
1518 243 81 29 eler
1627 242 128 30 beträf-

255 292 106 30 fande
384 293 298 30 deltidskontoren
706 293 222 40 förkortning
950 303 42 20 av
1015 293 362 39 tjänstgöringstiden,
1401 295 91 27 samt

299 344 210 39 indragning
536 353 43 20 av
605 343 40 30 34
671 344 638 39 kontorsföreståndarebefattningar,
1336 353 41 20 av
1403 343 93 30 vilka
1525 344 88 29 dock
1640 343 77 39 fyra
1744 343 10 29 i

254 394 152 38 enlighet
429 395 78 28 med
531 394 249 39 utredningens
803 394 129 39 förslag
953 395 85 29 böra
1061 394 148 30 tillföras
1233 394 110 30 andra
1366 394 125 30 kontor
1514 393 115 30 såsom
1653 394 102 29 assis-

254 444 316 40 tentbefattningar
588 445 12 29 i
622 444 212 30 oförändrad
855 444 174 40 lönegrad.

300 494 226 30 Beträffande
548 494 281 39 organisationen
849 495 11 29 i
881 495 111 39 övrigt
1014 494 146 31 föreslås
1181 496 51 29 att
1253 494 42 30 30
1317 494 149 40 tjänster
1488 494 98 30 skola
1608 496 147 28 ersättas

254 546 80 29 med
355 545 103 39 högre
480 545 143 34 sådana,
644 546 106 29 därav
770 546 10 28 i
803 545 38 30 21
866 545 60 30 fall
947 545 121 39 utbyte
1089 554 41 21 av
1150 545 270 40 aspiranttjänst
1441 547 72 27 mot
1534 545 222 30 assistentbe-

255 594 153 41 fattning
428 596 10 29 i
462 596 39 29 16
524 596 219 39 lönegraden.

300 646 237 39 Utredningen
564 646 88 30 hade
679 646 179 39 föreslagit
882 646 212 39 indragning
1120 656 41 20 av
1187 646 41 30 58
1255 646 149 39 tjänster
1431 646 65 29 och
1523 646 233 30 arbetsmark-

254 696 262 39 nadsstyrelsen
543 706 42 20 av
611 696 49 30 32.
684 696 397 40 Departementschefen
1106 697 64 29 har
1196 696 158 30 förordat
1380 697 72 29 dels
1478 697 210 39 indragning
1714 705 42 21 av

257 746 40 30 10
322 746 339 40 konsulenttjänster
684 747 11 29 i
719 747 166 39 lönegrad
911 747 39 29 22
977 748 93 29 samt
1094 747 118 39 utbyte
1237 756 43 21 av
1305 756 42 22 en
1373 746 108 30 sådan
1506 746 112 40 tjänst
1648 746 108 40 (Upp-

254 797 92 34 sala)
370 799 70 28 mot
459 807 43 20 en
522 797 278 39 assistenttjänst
823 797 6 29 i
848 797 164 40 lönegrad
1034 797 50 34 19,
1104 798 71 29 dels
1194 797 66 30 ock
1279 799 51 28 att
1349 807 41 20 en
1409 797 112 40 tjänst
1542 806 74 21 som
1636 797 120 30 social-

254 847 302 40 hjälpsinspektör
577 848 11 29 i
610 847 178 40 Göteborg,
811 847 19 30 4
852 847 148 40 tjänster
1021 848 12 30 i
1058 848 40 29 19
1119 848 210 39 lönegraden
1352 847 53 30 för
1426 848 115 29 artist-
1563 848 64 29 och
1650 848 106 29 musi-

254 897 276 40 kerförmedling
555 900 89 28 samt
668 897 18 31 3
710 898 152 39 tjänster
884 899 11 29 i
922 898 38 30 16
987 898 209 39 lönegraden
1220 898 97 30 inom
1340 898 416 39 tjänstemannaförmed-

254 948 118 39 lingen
391 948 97 30 skola
507 948 175 40 indragas.
703 948 197 30 Härutöver
919 948 128 31 förslår
1067 949 80 34 han,
1168 950 48 29 att
1237 949 94 30 vissa
1351 949 149 39 angivna
1519 948 237 40 befattningar

253 998 78 30 icke
366 999 97 30 skola
497 998 201 35 bibehållas,
732 999 202 39 varigenom
968 999 42 30 de
1045 1008 43 21 av
1111 999 128 29 honom
1263 999 52 29 till
1337 999 210 39 indragning
1572 999 184 30 förordade

253 1048 197 39 tjänsterna
475 1049 99 30 inom
600 1049 419 40 normalorganisationen
1047 1050 232 39 sammanlagt
1306 1049 114 40 uppgå
1446 1050 52 29 till
1525 1049 52 30 42.

300 1099 236 40 Utredningen
558 1100 88 29 hade
668 1099 179 40 föreslagit
869 1100 248 38 nyinrättande
1138 1109 42 21 av
1203 1100 39 29 16
1264 1100 150 39 tjänster
1435 1100 65 29 och
1523 1100 233 30 arbetsmark-

254 1150 262 39 nadsstyrelsen
532 1159 44 21 av
592 1150 49 30 17.
657 1150 394 39 Departementschefen
1067 1150 159 30 förordar
1242 1150 57 30 för
1314 1151 54 29 sin
1384 1150 54 30 del
1456 1150 40 30 12
1512 1159 68 30 nya
1596 1150 159 39 tjänster.

300 1200 64 30 Det
384 1200 108 30 totala
513 1200 131 30 antalet
664 1200 150 39 tjänster
833 1201 96 29 inom
950 1200 422 39 normalorganisationen
1392 1201 159 29 minskas
1574 1201 105 39 enligt
1701 1201 56 30 de-

253 1250 362 39 partementschefens
634 1250 129 40 förslag
782 1251 80 30 med
880 1250 41 30 60
939 1250 44 40 på
1002 1252 70 28 sätt
1091 1250 155 40 följande
1265 1251 330 39 sammanställning
1614 1251 141 30 utvisar.

393 1345 140 30 Lönegrad
738 1324 163 67 imkäng
940 1310 25 97 —
1070 1345 139 30 Lönegrad
1421 1324 160 67 ER

449 1402 41 30 25
513 1427 213 5 ooo00000
674 1396 56 47 sn
787 1420 27 3 —
854 1402 15 29 1
1097 1402 38 36 1/3
1160 1402 37 30 16
1220 1426 193 7 ..........
1467 1420 31 4 —
1537 1401 18 30 2

450 1453 41 30 PÅ
784 1460 26 24 +
854 1453 14 28 1
1077 1452 120 31 10—14
1219 1477 193 5 ..........
1467 1470 26 4 —
1517 1452 40 31 29

450 1503 40 30 22
515 1526 130 6 ooo0000
660 1527 66 5 oss
784 1521 31 3 —
852 1503 19 30 5
1097 1502 38 37 1/3
1160 1503 37 29 14
1219 1527 193 5 oooo000nna
1468 1521 32 4 —
1538 1502 19 30 8

452 1553 274 31 19...........
782 1571 32 4 —
852 1554 18 29 6
1178 1553 234 30 J..oooooooss
1467 1571 33 4 —
1540 1553 14 29 1

452 1604 38 29 16
513 1627 213 7 ...........
787 1612 25 24 +
853 1603 18 30 2
1118 1604 296 30 4—8..........
1472 1611 25 25 +
1538 1603 18 29 2

386 1653 39 36 2/3
449 1654 38 30 16
511 1678 213 6 ...osoovosnns
781 1672 27 3 —
832 1654 39 30 16
1064 1654 347 36 124—-8..........
1471 1661 24 25 +
1538 1654 18 29 3

1467 1731 26 3 —
1517 1713 40 29 60

300 1804 51 30 Av
371 1804 76 30 hela
467 1805 134 30 antalet
621 1805 365 39 heltidsbefattningar
1006 1806 11 29 i
1040 1805 20 30 9
1079 1805 65 30 och
1166 1805 105 39 högre
1293 1805 213 39 lönegrader,
1531 1805 14 29 1
1564 1804 61 30 188
1646 1805 111 39 tjäns-

253 1855 63 33 ter,
338 1855 59 29 äro
417 1855 23 29 f.
461 1865 33 20 n.
516 1854 65 31 402
603 1856 182 29 ordinarie.
807 1855 116 39 Enligt
943 1855 404 40 departementschefens
1368 1855 227 40 uppfattning
1614 1855 62 30 bör
1697 1864 59 20 an-

252 1905 86 30 talet
363 1905 174 30 ordinarie
562 1905 147 39 tjänster
734 1906 123 30 kunna
881 1906 84 30 ökas
991 1905 116 40 något.
1133 1906 77 30 Han
1235 1905 159 31 förordar
1419 1906 337 30 ordinariesättande

254 1964 43 20 av
318 1955 93 30 såväl
431 1956 40 29 de
491 1956 43 29 60
553 1956 158 39 tjänster,
732 1965 76 20 som
829 1956 196 39 föreslagits
1045 1965 43 21 av
1107 1956 241 39 utredningen,
1369 1965 75 21 som
1464 1956 109 39 några
1593 1965 41 20 av
1654 1957 40 29 de
1715 1965 41 21 av

253 2006 483 39 arbetsmarknadsstyrelsen
764 2006 198 39 föreslagna
987 2024 45 3 —
1059 2007 174 38 nämligen
1261 2006 19 29 6
1308 2006 149 39 tjänster
1484 2007 10 29 i
1523 2007 164 38 lönegrad
1715 2006 41 30 22

254 2055 56 30 för
331 2056 439 40 ungdomsförmedlingen.
792 2056 67 30 Vid
879 2056 98 30 bifall
997 2056 120 30 härtill
1138 2057 112 29 skulle
1272 2057 11 29 i
1304 2056 40 30 25
1365 2056 210 40 lönegraden
1597 2057 159 39 samtliga

255 2106 42 29 26
315 2106 147 39 tjänster
479 2116 86 21 vara
583 2107 182 34 ordinarie,
783 2106 12 30 i
813 2106 42 30 24
873 2107 211 39 lönegraden
1104 2106 38 30 19
1160 2116 42 21 av
1220 2106 42 30 24
1280 2106 159 40 tjänster,
1457 2107 11 30 i
1487 2107 41 29 22
1547 2107 208 39 lönegraden

257 2156 61 30 125
337 2166 42 20 av
398 2157 59 29 176
475 2157 152 39 tjänster
645 2160 89 28 samt
751 2158 11 29 i
784 2157 40 29 19
842 2158 210 38 lönegraden
1074 2156 60 31 168
1153 2166 41 21 av
1212 2156 64 31 304
1294 2157 159 39 tjänster.
1472 2157 78 31 Med
1569 2158 187 38 anledning

253 2215 43 21 av
317 2207 66 30 den
402 2207 178 39 reglerade
599 2207 355 40 befordringsgången
975 2207 54 30 för
1049 2207 316 40 biträdespersonal
1385 2208 83 29 böra
1488 2208 118 30 vidare
1629 2208 38 29 14
1687 2217 68 30 nya

254 2257 452 40 kontorsbiträdestjänster
725 2258 11 29 i
758 2257 47 31 Ca
825 2257 20 30 8
864 2257 159 31 inrättas.

299 2307 75 30 Den
400 2317 41 20 av
466 2308 387 40 departementschefen
879 2308 186 30 förordade
1092 2308 280 39 organisationen
1398 2309 173 30 beräknas
1598 2308 158 30 medföra

253 2366 45 20 en
322 2358 374 40 kostnadsminskning
719 2368 43 20 av
786 2367 40 21 ca
850 2358 61 30 361
927 2358 63 30 000
1015 2359 130 30 kronor
1169 2358 54 31 för
1247 2359 73 30 helt
1344 2359 47 34 år,
1416 2359 209 30 inberäknat
1651 2359 38 30 12
1719 2358 32 34 95

254 2408 107 40 rörlig
388 2408 216 40 förhöjning.
632 2409 76 30 Med
734 2409 121 39 tillägg
881 2418 41 20 av
949 2409 67 30 den
1045 2409 55 30 för
1125 2409 548 39 hemvårdarinneförmedlingen
1700 2409 56 30 be-

253 2458 156 30 räknade
434 2459 290 39 inkomstposten,
751 2458 42 31 50
808 2459 64 30 000
898 2459 139 34 kronor,
1066 2459 132 40 uppgår
1225 2459 418 40 kostnadsminskningen
1668 2461 12 28 i
1707 2468 48 21 nu
