1878 2830
279 162 18 30 8
718 164 264 28 Statsutskottets
1005 163 166 28 utlåtande
1194 163 45 27 Nr
1263 162 70 28 182.

330 236 222 32 Beträffande
577 237 40 31 de
641 236 73 31 skäl
739 247 73 20 som
836 236 130 31 anförts
991 236 53 30 för
1069 236 62 30 och
1155 238 90 28 emot
1270 235 41 31 de
1336 234 90 32 olika
1450 234 170 41 förslagen
1646 234 52 30 får
1720 234 60 41 jag

277 279 141 31 hänvisa
435 279 54 31 till
507 279 66 31 den
590 279 11 30 i
620 279 56 30 det
694 278 205 41 föregående
917 278 155 31 lämnade
1090 277 251 41 redogörelsen.
1758 317 5 5 |

330 321 67 30 För
415 332 85 30 egen
520 321 55 31 del
593 321 107 30 håller
719 321 56 40 jag
795 321 11 29 i
825 320 106 31 likhet
950 320 77 31 med
1047 319 249 31 lönenämnden
1316 320 82 36 före,
1418 320 50 30 att
1487 329 40 20 en
1547 329 90 20 mera
1657 318 119 31 defini-

276 363 49 31 tiv
345 363 248 41 lönereglering
613 363 53 30 för
687 362 333 31 försvarsväsendets
1042 361 341 41 sjukvårdspersonal
1403 360 168 41 knappast
1591 360 65 31 kan
1677 362 101 29 ernås

277 407 101 28 annat
396 406 42 29 än
456 415 121 31 genom
596 406 169 40 övergång
782 404 53 31 till
854 406 47 29 ett
918 404 337 40 bruttolönesystem.
1286 403 133 31 Endast
1437 403 195 40 därigenom
1650 402 64 31 kan
1735 413 41 20 en

276 447 168 31 önskvärd
468 446 211 41 anknytning
703 446 59 31 ske
787 446 53 31 till
864 446 41 31 de
930 445 447 42 avlöningsbestämmelser,
1402 456 73 20 som
1499 445 87 40 gälla
1611 444 83 31 eller
1717 446 60 29 äro

276 489 147 31 avsedda
444 491 50 29 att
515 488 91 32 bliva
629 489 156 41 gällande
808 489 53 30 för
882 488 204 41 personalen
1107 488 57 30 vid
1187 489 131 29 statens
1341 487 116 41 övriga
1479 486 297 41 sjukvårdsinrätt-

275 531 129 41 ningar,
426 531 63 31 och
510 531 194 41 därigenom
725 531 178 40 avlägsnas
924 530 102 31 också
1046 532 43 39 på
1109 532 48 28 ett
1177 529 114 31 enkelt
1312 531 67 29 sätt
1400 529 40 31 de
1462 529 211 40 ojämnheter
1692 529 12 30 i
1724 539 51 20 av-

275 572 341 41 löningshänseende,
642 583 73 20 som
741 574 107 29 måste
874 574 124 39 uppstå
1024 572 77 31 med
1126 572 57 30 det
1208 571 195 31 nuvarande
1429 571 244 40 lönesystemet
1698 570 77 31 med

275 615 79 31 dess
370 616 52 30 för
438 615 67 31 alla
521 616 89 30 orter
626 614 67 31 lika
709 615 202 30 nettolöner.

326 657 52 31 De
402 656 255 42 invändningar,
683 667 73 20 som
780 656 75 31 från
879 655 275 32 ämbetsverkens
1180 656 62 30 och
1267 656 121 30 främst
1411 654 365 42 arméförvaltningens

274 699 99 31 civila
400 698 250 41 departements
678 698 75 31 sida
780 700 87 29 rests
893 700 70 29 mot
989 698 196 31 införandet
1211 709 40 19 av
1278 697 326 41 bruttolönesystem
1631 697 54 31 för
1711 697 64 31 för-

275 740 277 31 svarsväsendets
578 740 348 41 sjukvårdspersonal,
953 751 103 29 synas
1081 740 68 40 mig
1174 739 72 31 icke
1272 750 80 20 vara
1376 750 40 20 av
1441 739 104 31 sådan
1571 741 60 35 art,
1657 741 50 29 att
1732 739 44 31 de

274 782 131 31 behöva
431 782 115 41 ingiva
572 785 102 38 några
701 793 92 20 mera
820 782 174 41 allvarliga
1021 782 273 40 betänkligheter
1321 784 69 28 mot
1417 781 220 41 vidtagandet
1664 792 41 20 av
1732 791 41 21 en

273 824 94 41 dylik
386 824 126 41 åtgärd.
543 825 53 30 En
614 836 40 19 av
672 824 41 31 de
732 835 91 20 mera
841 824 150 41 vägande
1011 824 293 41 invändningarna
1322 823 123 31 hänför
1463 824 28 30 sig
1533 824 53 30 till
1604 823 169 41 farhågor,

273 869 49 28 att
358 866 380 41 bruttolönesystemets
776 866 178 31 införande
992 866 54 31 för
1072 865 385 42 sjukvårdspersonalen
1484 866 109 30 skulle
1620 865 154 31 medföra

272 908 195 41 vittgående
491 908 251 31 konsekvenser
765 908 214 31 beträffande
1003 919 112 20 annan
1139 908 108 31 delvis
1271 908 78 31 med
1371 908 292 31 naturaförmåner
1686 907 87 31 avlö-

272 950 67 31 nad
360 950 158 41 personal
539 950 57 31 vid
618 950 323 37 försvarsväsendet,
964 952 113 29 såsom
1098 949 319 42 ekonomipersonal
1439 949 62 32 och
1522 949 70 31 viss
1614 945 159 80 personal

271 1003 41 20 av
334 992 206 41 manskapet.
574 992 128 31 Mellan
724 992 101 31 dessa
846 1003 117 20 senare
986 992 310 41 personalgrupper
1318 992 63 30 och
1403 991 372 42 sjuksköterskeperso-

272 1034 100 31 nalen
392 1034 164 41 föreligga
576 1034 84 31 dock
679 1034 87 31 både
786 1034 76 31 med
880 1034 168 31 avseende
1068 1036 19 29 å
1105 1034 197 41 utbildning
1321 1034 63 31 och
1402 1034 304 41 tjänsteuppgifter
1725 1035 47 30 så-

272 1076 87 31 dana
380 1076 176 38 olikheter,
578 1078 50 29 att
648 1078 48 29 ett
718 1076 294 31 sammanförande
1034 1087 40 20 av
1096 1076 75 31 dem
1193 1076 108 30 under
1323 1086 126 21 samma
1470 1076 208 41 lönesystem
1699 1075 73 32 icke

272 1118 158 31 framstår
446 1120 113 30 såsom
575 1120 111 39 någon
703 1118 184 41 tvingande
904 1118 264 41 nödvändighet.
1197 1117 18 31 I
1232 1117 93 41 varje
1343 1117 60 31 fall
1434 1119 36 29 är
1487 1118 93 31 detta
1597 1120 48 29 ett
1662 1119 110 40 spörs-

272 1160 75 37 mål,
366 1171 71 19 som
455 1160 73 31 icke
546 1160 148 31 behöver
711 1163 167 38 upptagas
896 1160 53 31 till
967 1160 209 41 behandling
1193 1160 11 31 i
1223 1159 222 32 förevarande
1463 1160 250 41 sammanhang.

325 1201 48 31 På
391 1202 110 40 grund
519 1213 40 20 av
577 1202 64 31 vad
659 1202 144 31 sålunda
822 1202 130 31 anförts
971 1202 113 31 finner
1101 1202 56 41 jag
1175 1202 69 41 mig
1262 1202 84 31 böra
1363 1201 180 41 tillstyrka,
1563 1204 48 29 att
1630 1202 57 31 vid
1706 1202 65 31 den

273 1243 257 42 lönereglering,
556 1255 73 20 som
651 1245 11 29 i
687 1245 151 40 enlighet
862 1244 75 31 med
961 1244 200 40 riksdagens
1186 1245 91 30 förra
1301 1246 72 31 året
1397 1244 149 31 uttalade
1572 1244 129 31 önskan
1727 1255 45 20 nu

270 1286 97 31 torde
390 1255 85 62 böra
500 1286 214 41 genomföras
741 1287 54 30 för
820 1286 333 31 försvarsväsendets
1179 1285 426 42 sjuksköterskepersonal,
1633 1286 57 32 det
1715 1297 56 20 nu-

271 1327 145 32 varande
445 1328 343 41 nettolönesystemet
817 1329 142 30 ersättes
989 1327 77 32 med
1096 1330 48 29 ett
1172 1327 338 42 bruttolönesystem,
1540 1328 231 32 innebärande

271 1369 194 41 skyldighet
482 1370 53 30 för
551 1370 202 41 personalen
769 1372 50 29 att
835 1370 186 31 vidkännas
1038 1370 190 40 ersättning
1243 1370 54 31 till
1314 1370 203 31 statsverket
1534 1371 52 30 för
1602 1370 169 41 utgående

270 1412 300 30 naturaförmåner.

324 1454 284 31 Lönenämndens
646 1453 129 41 förslag
811 1454 54 31 till
902 1454 250 41 lönereglering
1178 1454 61 31 har
1266 1454 181 42 uppgjorts
1475 1455 108 31 under
1609 1455 162 40 hänsyns-

269 1496 144 40 tagande
435 1496 53 31 till
510 1496 41 31 de
573 1496 258 37 löneförmåner,
854 1506 72 21 som
947 1496 76 31 från
1044 1496 62 31 och
1127 1496 77 31 med
1225 1497 279 31 nästkommande
1525 1497 167 41 budgetår
1712 1499 58 29 äro

269 1538 147 31 avsedda
437 1540 49 29 att
506 1537 188 32 tillkomma
715 1538 372 31 serafimerlasarettets
1109 1538 425 42 sjuksköterskepersonal.
1566 1539 119 41 Enligt
1706 1538 64 32 vad

269 1580 56 41 jag
345 1579 116 32 erfarit
480 1579 150 32 kommer
648 1580 122 31 chefen
789 1580 53 31 för
861 1580 489 41 ecklesiastikdepartementet
1369 1583 49 29 att
1437 1592 118 20 senare
1575 1581 111 31 denna
1706 1581 65 41 dag

270 1621 209 32 underställa
506 1621 125 42 Kungl.
661 1621 119 41 Maj:ts
809 1622 166 41 prövning
1004 1622 117 41 frågan
1150 1633 53 20 om
1231 1622 180 32 avlåtande
1438 1623 54 30 till
1520 1622 180 41 riksdagen
1729 1634 40 20 av

268 1663 215 41 proposition
503 1663 172 42 angående
695 1663 250 42 lönereglering
963 1664 54 31 för
1036 1664 202 41 personalen
1257 1664 59 31 vid
1335 1665 353 31 serafimerlasarettet
1707 1665 62 32 och

268 1705 194 31 karolinska
483 1705 179 41 sjukhuset
683 1717 40 19 m.
745 1717 42 19 m.
820 1706 128 31 Därvid
968 1706 88 32 lärer
1076 1706 132 31 komma
1229 1709 50 28 att
1299 1707 153 38 föreslås,
1474 1709 49 29 att
1543 1707 227 41 inspektions-

269 1747 175 31 sköterska
467 1766 43 4 —
535 1748 141 41 ungefär
700 1748 237 31 motsvarande
962 1748 185 31 husmoder
1171 1748 57 31 vid
1254 1749 362 41 garnisonssjukhuset
1640 1769 43 3 —
1706 1750 63 31 och

268 1789 276 41 sjuksköterskor
579 1789 57 31 vid
672 1790 353 31 serafimerlasarettet
1062 1790 95 31 skola
1192 1791 153 41 placeras
1381 1791 12 31 i
1417 1791 245 41 lönegraderna
1686 1792 30 31 B
1731 1793 36 30 11

268 1831 191 42 respektive
477 1832 29 30 B
520 1833 17 30 7
557 1832 52 30 för
627 1832 171 31 ordinarie
816 1832 214 40 tjänstemän,
1049 1834 160 29 ävensom
1227 1835 49 29 att
1294 1833 361 32 assistentsköterskor
1673 1834 95 31 skola

268 1873 151 41 placeras
440 1873 10 31 i
472 1873 206 42 lönegraden
699 1874 19 30 5
739 1885 41 19 av
801 1874 203 41 löneplanen
1027 1874 53 31 för
1101 1877 92 28 extra
1216 1875 170 31 ordinarie
1408 1875 204 41 tjänstemän
1633 1876 58 31 vid
1712 1876 56 31 all-

268 1917 121 29 männa
414 1916 341 40 civilförvaltningen.
793 1916 159 31 Frånsett
977 1916 407 32 assistentsköterskorna
1409 1917 86 32 skall
1521 1918 132 31 således
1680 1918 88 41 sjuk-

267 1957 381 41 sköterskepersonalen
671 1958 56 30 vid
753 1957 353 32 serafimerlasarettet
1130 1958 107 41 enligt
1261 1959 94 31 detta
1379 1959 128 42 förslag
1531 1960 127 31 erhålla
1682 1960 86 31 ordi-

267 1999 93 31 narie
379 1999 216 41 anställning.

321 2041 119 31 Såsom
466 2041 57 41 jag
548 2041 11 31 1
586 2042 56 30 det
667 2041 204 41 föregående
898 2042 186 31 framhållit
1109 2042 82 32 böra
1217 2043 191 31 emellertid
1433 2044 333 31 försvarsväsendets

267 2083 275 40 sjuksköterskor
560 2084 144 40 alltjämt
722 2084 173 31 bibehålla
914 2084 52 31 sin
985 2085 194 31 nuvarande
1198 2085 165 41 ställning
1381 2088 111 29 såsom
1510 2086 256 31 icke-ordinarie

266 2125 345 41 befattningshavare.
643 2126 267 31 Lönenämnden
931 2126 60 31 har
1012 2127 11 30 i
1044 2127 120 31 sådant
1184 2127 195 32 hänseende
1400 2128 114 31 funnit
1534 2128 232 41 övervägande

267 2167 73 31 skäl
361 2168 67 30 tala
449 2168 53 30 för
522 2169 49 30 att
592 2170 18 28 å
631 2168 145 30 nämnda
798 2168 157 41 personal
976 2168 110 31 skulle
1108 2169 171 41 tillämpas
1302 2169 41 32 de
1364 2170 54 31 för
1437 2170 256 32 icke-ordinarie
1713 2170 54 32 be-

266 2209 291 41 fattningshavare
575 2210 56 30 vid
649 2210 65 30 den
731 2210 169 31 allmänna
918 2210 334 41 civilförvaltningen
1269 2211 157 41 gällande
1444 2212 322 41 avlöningsbestäm-

267 2251 174 31 melserna.
476 2251 165 31 Häremot
663 2252 59 30 vill
744 2252 57 40 jag
823 2252 109 31 erinra
955 2252 126 38 därom,
1104 2255 49 29 att
1174 2253 150 32 flertalet
1346 2265 40 20 av
1407 2254 41 31 de
1471 2254 99 32 civila
1592 2255 62 31 och
1677 2255 89 31 civil-

265 2293 146 32 militära
428 2293 256 32 icke-ordinarie
701 2294 363 41 befattningshavarna
1081 2295 57 31 vid
1155 2295 315 32 försvarsväsendet
1487 2296 54 31 för
1557 2297 208 31 närvarande

264 2335 61 31 har
343 2336 74 30 sina
435 2336 419 41 avlöningsförhållanden
872 2336 174 41 reglerade
1065 2348 120 29 genom
1203 2337 228 41 kungörelsen
1451 2338 64 31 den
1534 2339 40 30 22
1592 2339 74 41 juni
1686 2339 80 30 1928

270 2378 53 37 (nr
350 2378 71 38 215)
454 2378 77 31 med
559 2378 436 41 avlöningsbestämmelser
1023 2379 54 31 för
1104 2379 91 31 vissa
1222 2391 41 19 av
1291 2380 100 31 dessa
1418 2381 346 41 befattningshavare,

263 2419 109 31 under
396 2419 55 31 det
476 2422 58 34 att,
561 2420 143 30 frånsett
728 2420 70 31 viss
823 2420 310 42 kontorspersonal,
1159 2422 78 40 inga
1262 2422 255 32 icke-ordinarie
1542 2423 222 41 befattnings-

264 2460 122 32 havare
407 2462 58 30 vid
486 2462 147 31 militära
653 2462 146 31 förband
822 2462 81 31 eller
924 2463 164 31 anstalter
1109 2465 57 29 äro
1188 2463 249 33 underkastade
1460 2465 40 31 de
1522 2466 53 30 för
1595 2465 169 31 allmänna
