2200 2632
723 181 259 33 Statsutskottets
1003 178 168 34 utlåtande
1194 178 52 32 Nr
1269 178 30 31 8.
1774 175 41 30 49

310 262 96 47 99:0)
436 263 136 46 Kungl.
601 262 105 47 Maj:t
733 261 65 35 har
826 259 191 46 föreslagit
1044 257 197 48 riksdagen
1269 261 54 30 att
1352 255 79 36 dels
1451 257 10 34 i
1484 254 253 47 utgiftsstaten
1758 253 58 36 för

207 314 126 36 Lunds
374 314 229 40 universitet,
643 311 245 43 avdelningen
932 307 48 48 A)
1008 308 229 47 Avlöningar
1265 320 47 22 m.
1341 319 60 31 m.,
1432 305 120 36 under
1579 305 174 35 rubriken
1781 300 34 49 c)

208 365 241 47 Tjänstemän
489 364 69 35 och
599 362 164 47 betjänte
804 359 62 37 vid
906 359 276 36 universitetets
1222 358 200 46 samlingar
1462 356 68 35 och
1567 356 250 46 inrättningar

208 428 48 22 m.
281 428 60 30 m.,
369 414 235 42 Biblioteket,
638 410 160 49 uppföra
833 411 218 48 ytterligare
1083 421 45 23 en
1156 405 442 48 vaktmästarbefattning
1625 405 83 36 med
1736 417 81 23 ena-

210 464 123 36 handa
373 464 186 46 avlöning,
601 475 78 22 som
720 461 228 35 tillkommer
975 460 128 46 övriga
1129 460 245 33 vaktmästare
1401 456 62 36 vid
1491 456 228 37 biblioteket,
1749 455 69 35 och

210 514 84 36 med
330 513 212 49 skyldighet
574 511 57 36 för
657 510 281 48 befattningens
966 509 222 35 innehavare
1220 513 53 29 att
1300 519 85 23 vara
1412 505 250 36 underkastad
1690 504 44 36 de
1763 504 57 36 för

209 565 114 35 sådan
351 564 191 47 avlönings
571 561 219 48 åtnjutande
816 559 208 36 fastställda
1051 558 180 36 villkoren
1259 557 69 35 och
1355 556 344 41 bestämmelserna;
1728 554 92 36 dock

210 620 63 40 att,
301 614 124 35 därest
453 613 72 35 den
552 625 52 23 nu
633 612 62 35 vid
723 610 220 36 biblioteket
971 607 182 37 anställde
1181 612 108 31 extra
1315 607 270 34 vaktmästaren
1606 604 131 37 varder
1757 617 64 23 an-

210 671 111 41 tagen
348 664 58 35 till
433 663 71 36 den
532 675 74 36 nya
632 661 186 37 ordinarie
838 659 272 47 befattningen,
1128 658 72 35 han
1220 660 59 33 må
1307 656 57 36 för
1383 655 221 48 åtnjutande
1623 669 43 22 av
1685 655 139 35 ålders-

211 715 133 47 tillägg
370 717 21 32 å
418 715 109 34 lönen
556 720 67 41 äga
649 710 272 49 tillgodoräkna
949 711 56 46 sig
1033 709 71 35 den
1131 707 66 44 tid,
1227 708 73 35 han
1318 705 170 37 innehaft
1507 706 71 35 den
1599 711 105 31 extra
1721 705 102 36 vakt-

212 763 399 49 mästarbefattningen
651 761 84 37 med
772 761 252 48 tjänstgöring
1051 772 45 23 av
1124 771 139 23 samma
1290 757 230 47 omfattning
1547 769 78 23 som
1654 756 44 35 de
1726 755 99 36 ordi-

212 816 102 36 narie
342 816 300 40 vaktmästarnas,
673 812 79 36 dels
780 811 143 36 minska
950 810 63 36 det
1040 811 12 34 i
1081 815 118 30 staten
1228 808 117 36 under
1372 820 140 23 samma
1539 806 197 48 avdelning
1755 806 69 36 och

212 866 130 35 rubrik
381 865 58 35 för
479 862 456 38 universitetsbiblioteket
976 859 185 49 uppförda
1201 860 166 46 anslaget
1394 858 59 35 till
1481 857 171 43 arvoden,
1680 857 145 47 flitpen-

213 918 136 45 ningar
376 918 36 32 åt
439 920 106 30 extra
572 913 181 41 biträden,
782 911 272 47 renskrivning,
1083 908 386 48 eftermiddagstjänst
1497 920 47 22 m.
1572 920 47 22 m.
1639 906 82 36 från
1743 906 82 36 dess

214 965 214 37 nuvarande
456 965 147 47 belopp,
635 964 130 41 12,000
793 963 148 41 kronor,
957 961 58 34 till
1047 961 133 41 11,400
1209 960 147 42 kronor,
1377 958 90 35 eller
1482 957 85 37 med
1587 959 71 34 600
1675 958 148 42 kronor,

216 1016 80 36 dels
336 1015 71 37 ock
447 1014 84 36 med
571 1012 202 49 anledning
813 1025 45 23 av
898 1011 105 36 dessa
1038 1010 262 46 förändringar
1325 1011 13 33 i
1365 1007 257 49 utgiftsstaten
1651 1007 85 47 höja
1763 1006 62 36 det

213 1066 187 37 ordinarie
427 1066 168 46 anslaget
621 1065 57 35 till
706 1063 128 36 Lunds
862 1061 228 43 universitet,
1121 1061 371 42 universitetsstaten,
1517 1058 84 36 med
1620 1063 52 30 ett
1689 1058 136 47 belopp

215 1131 44 23 av
287 1118 73 35 450
388 1118 147 34 kronor.

317 1167 261 48 Utredningen
623 1167 12 34 i
680 1164 155 36 ärendet
876 1163 201 36 återfinnes
1118 1164 20 32 å
1180 1161 68 36 sid.
1292 1162 196 35 261—263
1517 1161 13 33 i
1558 1159 268 48 statsrådspro-

215 1219 166 36 tokollet.

318 1318 197 44 Utskottet,
553 1329 78 23 som
668 1319 46 45 på
741 1314 124 49 grund
893 1327 43 22 av
962 1313 71 36 vad
1061 1313 59 35 till
1148 1311 81 37 stöd
1255 1315 55 32 för
1336 1310 322 48 framställningen
1686 1308 141 37 anförts

217 1371 33 46 ej
281 1368 128 37 funnit
437 1366 202 48 anledning
665 1367 58 35 till
751 1366 148 35 erinran
926 1369 78 30 mot
1033 1363 223 44 densamma,
1282 1362 225 42 hemställer,

722 1421 54 30 att
801 1414 198 47 riksdagen
1026 1416 61 33 må

722 1463 34 48 a)
792 1467 12 34 i
867 1464 257 48 utgiftsstaten
1166 1462 58 36 för
1261 1461 126 36 Lunds
1424 1462 228 41 universitet,
1707 1460 122 36 avdel-

621 1520 140 45 ningen
787 1512 49 50 ÅA)
864 1516 229 46 Avlöningar
1120 1527 48 22 m.
1197 1526 58 30 m.,
1272 1512 118 36 under
1407 1512 178 36 rubriken
1604 1510 34 46 c)
1658 1511 171 48 Tjänste-

622 1575 86 29 män
747 1567 69 37 och
855 1567 167 47 betjänte
1056 1564 63 36 vid
1146 1564 274 35 universitetets
1448 1563 201 47 samlingar
1676 1563 69 34 och
1772 1563 57 34 in-

621 1619 208 47 rättningar
873 1630 48 22 m.
958 1629 61 32 m.,
1053 1615 234 42 Biblioteket,
1324 1613 159 49 uppföra
1525 1614 215 48 ytterligare
1785 1625 44 23 en

623 1666 440 48 vaktmästarbefattning
1103 1665 85 36 med
1214 1665 192 35 enahanda
1432 1665 185 46 avlöning,
1645 1676 79 23 som
1753 1663 76 36 till-

623 1721 167 34 kommer
829 1719 128 46 övriga
995 1718 244 34 vaktmästare
1278 1715 62 36 vid
1382 1715 225 45 biblioteket,
1646 1714 69 35 och
1747 1712 84 37 med

624 1769 213 51 skyldighet
864 1768 58 35 för
949 1766 279 48 befattningens
1254 1766 223 35 innehavare
1504 1770 55 30 att
1585 1777 86 23 vara
1695 1764 136 35 under-

625 1819 130 37 kastad
794 1819 45 36 de
879 1817 58 38 för
977 1818 113 35 sådan
1135 1817 190 47 avlönings
1365 1815 220 48 åtnjutande
1626 1813 207 37 fastställda

624 1871 183 37 villkoren
844 1870 68 35 och
947 1869 341 41 bestämmelserna;
1318 1866 92 36 dock
1439 1871 64 39 att,
1533 1865 122 37 därest
1682 1865 71 36 den
1781 1878 50 23 nu

626 1921 63 37 vid
720 1920 217 37 biblioteket
968 1918 180 37 anställde
1175 1923 108 31 extra
1309 1918 272 35 vaktmästaren
1608 1916 132 36 varder
1767 1929 65 22 an-

624 1978 112 43 tagen
775 1972 59 35 till
874 1970 72 36 den
974 1982 74 36 nya
1075 1968 186 36 ordinarie
1287 1967 271 48 befattningen,
1588 1967 73 35 han
1689 1970 60 32 må
1775 1966 59 36 för

625 2022 218 48 åtnjutande
871 2034 42 22 av
941 2020 253 47 ålderstillägg
1222 2022 20 32 å
1268 2020 110 34 lönen
1397 2025 69 41 äga
1484 2017 273 48 tillgodoräkna
1776 2018 57 46 sig

625 2074 71 35 den
724 2072 66 44 tid,
819 2072 74 35 han
920 2070 170 36 innehaft
1118 2070 71 35 den
1216 2074 107 31 extra
1348 2067 484 49 vaktmästarbefattningen

627 2123 83 36 med
748 2123 252 48 tjänstgöring
1040 2134 44 23 av
1126 2132 139 24 samma
1301 2118 226 49 omfattning
1554 2131 78 24 som
1660 2118 44 36 de
1732 2118 100 36 ordi-

625 2175 101 35 narie
752 2174 303 42 vaktmästarnas,

726 2221 38 48 b)
805 2224 144 35 minska
989 2223 62 35 det
1089 2223 12 34 i
1138 2226 118 31 staten
1300 2220 115 36 under
1455 2233 139 23 samma
1634 2219 201 48 avdelning

329 2281 131 41 Bihang
484 2280 46 33 till
552 2280 189 42 riksdagens
758 2278 164 42 protokoll
944 2278 95 32 1917.
1086 2278 22 31 6
1130 2277 88 33 saml.
1266 2277 23 31 8
1311 2275 82 40 häft.
1438 2275 69 40 (Nr
1530 2275 46 38 8)
1711 2276 18 29 7

1837 251 40 31 Ny
1896 251 132 23 vaktmäs-

1843 284 121 32 tartjänst
1982 284 42 23 vid

1847 318 177 24 universitets-

1852 351 164 24 biblioteket.

1877 392 117 47 [103.]
