2208 2626
391 195 60 29 124
908 195 261 33 Statsutskottets
1190 196 168 34 utlåtande
1381 200 50 29 Nr
1454 199 30 31 8.

169 262 202 52 Uppehållande
495 269 124 47 230:0)
672 272 14 35 I
715 273 167 47 enlighet
910 273 82 36 med
1020 273 138 49 Kungl.
1188 275 123 45 Maj:ts
1338 276 128 37 därom
1493 278 134 48 gjorda
1649 279 275 48 framställning
1943 280 57 35 får

207 308 33 16 av
257 309 73 23 gym-
721 329 13 6 =
1246 314 5 8 .

170 334 117 40 nastiska
314 344 54 16 cen-
392 324 180 35 Utskottet
599 322 201 43 hemställa,

169 368 193 60 satte
896 379 52 30 att
975 373 197 48 riksdagen
1200 378 59 32 må
1284 376 58 34 till
1371 378 281 47 uppehållande
1670 393 49 23 av
1735 379 264 51 gymnastiska

797 423 337 39 centralinstitutets
1170 424 237 38 verksamhet
1442 428 123 37 under
1596 430 49 36 år
1670 430 106 37 1918
1802 433 125 34 anvisa
1952 434 48 45 på

794 480 106 30 extra
927 480 71 30 stat
1030 474 58 36 för
1115 488 139 23 samma
1281 479 40 32 år
1348 482 53 30 ett
1427 477 297 51 förslagsanslag,
1753 481 106 47 högst
1888 483 109 42 8,700

795 525 145 43 kronor,
967 531 55 30 att
1049 526 186 36 användas
1263 527 83 35 med
1366 528 107 47 högst
1491 530 274 36 nedanstående
1784 531 135 48 belopp
1937 532 59 35 till

795 574 163 47 följande
985 576 187 35 ändamål:

792 626 58 34 till
878 625 216 49 förhöjning
1121 640 43 22 av
1192 628 166 47 anslaget
1383 629 57 34 till
1468 629 160 36 arvoden

895 679 36 32 åt
958 682 106 30 EXtra
1091 679 118 33 lärare
1232 710 57 3 oss
1309 710 383 6 omsssmsssssssrssisisieen
1723 682 137 35 kronor
1888 684 110 41 5,400

826 741 11 14 »
872 726 214 49 förhöjning
1126 741 42 22 av
1209 729 165 47 anslaget
1411 730 58 34 till
1497 730 81 43 ved,
1607 731 85 47 ljus,

896 778 193 42 materiell,
1130 780 201 46 samlingar
1371 793 46 22 In.
1447 794 247 23 Mu...
1793 796 12 14 >»
1886 784 110 42 2,500

826 840 12 16 >
870 828 173 47 avlöning
1070 831 38 32 åt
1136 834 105 30 extra
1258 830 433 37 vaktmästarbiträde......
1789 845 15 16 »
1922 834 71 34 800

215 441 118 51 [234.]

170 495 71 30 Ökat
272 504 98 31 anslag.

171 959 188 40 Skrivbiträde
493 958 129 48 231:o0)
674 960 137 49 Kungl.
839 961 101 47 Maj:t
967 962 67 35 har
1061 961 192 49 föreslagit
1280 964 195 48 riksdagen
1503 971 55 29 att
1585 966 58 35 till
1671 966 244 36 skrivbiträde
1934 966 62 36 vid

202 994 136 57 maa
391 1011 255 49 gymnastiska
673 1012 330 35 centralinstitutet
1030 1013 127 35 anvisa
1184 1016 47 44 på
1257 1020 105 30 extra
1388 1020 72 30 stat
1488 1015 57 36 för
1573 1019 39 32 år
1634 1018 93 34 1918
1747 1022 53 30 ett
1820 1016 174 48 förslags-

203 1061 118 39 .central-
352 1055 15 57 =
391 1063 138 44 anslag,
558 1062 109 46 högst
695 1063 72 34 700
794 1062 147 36 kronor.

202 1099 136 80 [235]
492 1111 258 49 Utredningen
777 1113 13 34 i
817 1112 152 36 ärendet
996 1114 199 35 återfinnes
1214 1117 20 32 å
1257 1114 66 36 sid.
1342 1117 194 35 628—631
1554 1118 12 33 i
1582 1117 414 48 statsrådsprotokollet.

491 1229 200 44 Utskottet,
720 1242 79 23 som
827 1231 78 34 icke
933 1230 65 35 har
1025 1233 114 45 något
1166 1236 55 30 att
1248 1232 123 35 erinra
1397 1238 78 30 mot
1495 1234 71 35 den
1584 1234 131 47 gjorda
1729 1233 268 37 framställnin-

394 1293 83 35 gen,
506 1278 58 37 får
591 1280 107 35 alltså
724 1280 205 42 hemställa,

178 1328 67 33 Nytt
262 1330 99 31 anslag.
893 1335 54 31 att
974 1331 197 48 riksdagen
1199 1335 59 32 må
1284 1333 59 35 till
1370 1332 266 38 skrivbiträde
1652 1334 63 36 vid
1730 1334 266 49 gymnastiska

795 1380 320 37 centralinstitutet
1139 1383 126 35 anvisa
1291 1386 46 45 på
1364 1389 103 30 extra
1494 1389 73 31 stat
1595 1384 57 36 för
1670 1389 39 31 år
1731 1387 95 34 1918
1846 1391 53 30 ett
1919 1385 74 36 för-

795 1432 237 48 slagsanslag,
1062 1432 109 48 högst
1199 1434 71 34 700
1299 1434 144 35 kronor.

205 1560 127 55 Kvinnlig
347 1598 6 6 |
495 1562 124 48 232:o)
670 1565 86 36 Med
793 1564 201 49 anledning
1021 1579 44 22 av
1094 1566 136 48 Kungl.
1259 1566 122 48 Maj:ts
1409 1568 127 36 därom
1565 1569 131 48 gjorda
1722 1569 276 49 framställning

167 1597 144 32 poliklinik
329 1598 43 24 vid

180 1631 181 31 gymnastiska
392 1616 212 36 hemställer
631 1616 194 43 utskottet,

212 1650 111 54 central-
896 1671 54 30 att
976 1666 198 48 riksdagen
1202 1671 59 31 må
1279 1669 58 34 till
1357 1667 149 37 fortsatt
1529 1670 271 47 uppehållande
1820 1671 119 35 under
1957 1674 42 33 år

202 1699 137 24 jnstivmtet.
798 1718 95 34 1918
921 1729 44 22 av
993 1717 268 49 undervisning
1283 1719 116 47 jämte
1425 1720 193 35 läkarvård
1644 1721 60 35 vid
1728 1732 44 25 en
1792 1720 86 37 med
1893 1734 104 37 gym-

212 1743 117 40 (230.
796 1765 171 38 nastiska
990 1767 322 38 centralinstitutet
1324 1769 179 49 förenad
1529 1768 164 51 kvinnlig
1710 1770 202 50 poliklinik
1929 1785 66 22 an-

793 1818 79 34 visa
898 1820 46 45 på
971 1823 107 30 extra
1104 1823 73 30 stat
1205 1818 57 36 för
1289 1822 39 32 år
1359 1821 92 35 1918
1480 1825 56 31 ett
1562 1820 297 50 förslagsanslag,
1889 1823 107 47 högst

795 1869 72 34 5300
895 1868 144 35 kronor.

170 1977 200 56 Inköpavlitte-
492 1984 123 43 233:o)
664 1985 53 36 På
755 1985 126 48 grund
921 1998 44 22 av
1004 1984 138 50 Kungl.
1179 1986 122 48 Maj:ts
1329 1987 126 36 därom
1482 1989 132 47 gjorda
1642 1989 272 49 framställning
1939 1990 58 36 får

150 2048 6 7 "
179 2029 46 54 vid
227 2033 135 58 gymnas-
392 2037 181 35 Utskottet
600 2036 204 43 hemställa,

169 2093 72 39 tiska
253 2094 117 38 central-
894 2091 53 30 att
978 2086 198 48 riksdagen
1207 2090 60 32 må
1297 2088 58 35 till
1383 2086 113 51 inköp
1524 2100 51 25 av
1602 2088 185 38 litteratur
1813 2090 70 37 och
1911 2089 86 38 bok-

199 2131 136 49 mstitutet.
793 2135 178 50 bindning
986 2136 78 50 för
1087 2136 266 50 gymnastiska
1380 2139 338 37 centralinstitutets
1740 2139 171 38 bibliotek
1929 2155 67 22 an-

209 2168 116 47 [237.]
792 2188 79 35 visa
897 2189 47 46 på
969 2192 108 30 extra
1103 2192 74 31 stat
1204 2187 57 37 för
1288 2191 40 33 år
1357 2190 95 35 1918
1480 2195 54 30 ett
1558 2192 372 48 reservationsanslag
1952 2205 45 23 av

176 2227 67 31 Nytt
261 2228 99 30 anslag.
794 2239 72 34 600
893 2238 146 35 kronor.
