2230 2648
702 209 287 34 PBankoutskottets
1015 212 178 33 Memorial
1219 214 65 32 N:o
1313 216 31 29 2.
1749 218 16 31 7

228 286 86 37 med
348 289 95 45 43,17
476 288 186 37 millioner
691 290 69 36 och
789 290 115 38 minst
932 292 72 37 den
1034 295 48 35 30
1105 293 84 48 juni
1217 294 84 37 med
1331 298 94 44 22,75
1455 295 185 38 millioner
1667 297 151 38 kronor.

227 338 70 37 Vid
328 342 97 34 årets
456 340 74 36 slut
557 342 175 48 utgjorde
762 343 73 36 den
864 346 97 45 27,63
989 345 196 48 millioner,
1206 360 87 23 men
1315 347 131 48 skulle,
1467 361 61 23 om
1548 349 47 36 då
1613 349 206 51 tillämpats

228 391 195 37 enahanda
462 393 169 48 grunder
670 394 59 36 för
766 395 285 39 sedelstockens
1090 398 222 50 beräkning,
1346 413 81 23 som
1456 400 111 49 gälde
1597 401 55 37 till
1681 403 140 37 medlet

227 444 42 35 af
306 446 39 34 år
384 446 110 45 1887,
529 445 45 36 då
606 446 12 35 i
652 446 264 39 sedelskulden
947 450 119 36 skulle
1094 450 228 38 inberäknas
1351 451 113 38 äfven
1492 453 187 50 beloppen
1707 455 42 36 af
1774 455 46 37 de

227 497 47 46 på
308 495 256 50 folioräkning
595 498 246 37 innestående
871 501 124 37 medel
1024 508 98 30 samt
1149 503 226 48 utelöpande
1404 505 228 48 postvexlar,
1661 507 120 36 under
1808 508 11 35 i

227 546 117 49 öfrigt
369 547 77 37 lika
473 549 272 49 förhållanden,
774 552 112 36 hafva
915 554 145 47 utgjort
1088 555 134 36 endast
1253 558 93 44 14,10
1375 556 186 37 millioner
1588 558 151 37 kronor.

330 599 288 50 Omfattningen
647 603 42 35 af
713 603 248 38 riksbankens
990 606 201 37 utländska
1220 608 135 36 affärer
1382 609 66 36 har
1476 610 97 36 varit
1601 615 120 33 större
1751 625 66 22 un-

226 651 66 37 der
320 660 39 28 år
390 654 96 35 1893
516 658 48 31 än
591 659 167 32 närmast
785 656 230 49 föregående
1044 662 51 43 år,
1124 658 12 36 i
1165 659 63 37 det
1256 664 54 31 att
1328 660 179 50 beloppet
1522 662 41 36 af
1580 663 237 50 vexelköpen

225 703 70 36 och
337 704 153 37 dermed
517 706 219 49 jemförliga
765 709 279 37 transaktioner
1071 710 119 37 under
1217 715 41 32 år
1289 714 95 35 1893
1414 714 145 48 utgjort
1589 717 119 45 132,85
1737 716 81 37 mil-

224 755 119 37 lioner
385 757 69 35 och
496 758 318 50 försäljningarna
859 763 120 45 125,88
1007 762 186 37 millioner
1221 764 142 37 kronor
1391 765 91 37 eller
1510 766 156 50 tillhopa
1696 770 122 45 258,73

224 807 186 37 millioner
438 815 78 31 mot
545 812 121 46 239,03
694 811 185 38 millioner
906 813 141 38 kronor
1074 815 119 37 under
1221 819 40 33 år
1291 818 109 35 1892.

328 859 147 39 Största
504 862 111 37 delen
643 863 41 36 af
708 863 124 38 denna
859 864 142 38 rörelse
1029 866 172 38 kommer
1229 871 47 46 på
1304 868 331 39 hufvudkontoret.
1691 871 55 37 Af
1770 872 47 37 de

224 912 121 48 öfriga
386 913 199 47 kontoren,
628 928 80 24 som
749 916 82 36 haft
872 917 215 50 befattning
1124 920 86 36 med
1237 921 75 48 köp
1342 922 69 36 och
1439 922 228 50 försäljning
1694 924 43 36 af
1760 929 56 31 ut-

222 963 160 38 ländska
416 965 139 48 vexlar,
584 966 68 37 har
680 968 174 37 kontoret
882 970 12 35 i
927 969 169 51 Göteborg
1125 972 118 36 under
1271 975 40 34 år
1341 975 96 35 1893
1467 975 94 48 köpt
1589 976 141 36 sådana
1756 976 61 37 för

223 1015 166 50 följande
417 1017 138 50 belopp
584 1019 12 35 i
620 1019 178 49 jemnade
827 1021 68 36 tal:
924 1023 104 47 pund
1058 1023 160 49 sterling
1237 1026 174 46 167,900,
1431 1026 186 38 riksmark
1637 1029 178 47 437,700,

222 1068 125 37 francs
390 1070 164 46 264,200
597 1077 95 31 samt
730 1072 145 37 danska
905 1074 70 36 och
1002 1076 140 36 norska
1169 1077 141 36 kronor
1340 1080 178 46 712,500,
1548 1081 266 36 motsvarande

222 1122 203 45 4,302,000
462 1122 140 37 kronor
631 1123 11 35 i
671 1125 157 36 svenskt
855 1131 116 44 mynt.
1029 1127 442 51 Vexelförsäljningarna
1498 1131 113 38 hafva
1641 1132 175 37 omfattat

221 1172 102 49 pund
366 1174 160 48 sterling
568 1176 124 46 5,100,
734 1176 187 38 riksmark
960 1181 176 46 295,100,
1179 1180 125 38 francs
1336 1184 137 44 16,700
1503 1189 96 31 samt
1626 1184 142 37 kronor
1796 1188 21 33 å

224 1224 202 37 Kristiania
463 1228 139 45 40,000
632 1228 70 36 och
730 1236 20 28 å
778 1229 254 50 Köpenhamn
1062 1234 151 45 36,700,
1242 1234 210 48 utgörande
1481 1235 9 35 i
1523 1237 156 37 svenskt
1709 1243 106 43 mynt

221 1278 165 44 444,500
427 1278 150 37 kronor.
633 1278 130 38 Under
804 1283 40 34 'år
884 1284 96 34 1892
1010 1284 179 49 utgjorde
1218 1285 236 50 vexelköpen
1483 1287 12 35 i
1525 1288 111 36 rundt
1664 1289 52 36 tal
1745 1290 70 47 5,03

220 1328 188 36 millioner
436 1330 69 36 och
534 1330 320 50 försäljningarna
882 1335 71 45 0,54
982 1335 143 36 million
1153 1336 149 39 kronor.

324 1379 72 37 Vid
424 1381 178 37 kontoret
630 1383 12 36 i
668 1384 143 36 Malmö
836 1385 113 37 hafva
978 1389 126 34 såsom
1133 1388 145 50 vanligt
1306 1391 301 48 trasseringarna
1637 1392 175 37 öfversti-

219 1432 55 47 git
316 1432 180 51 beloppet
536 1435 42 35 af
615 1435 99 36 hvad
752 1449 81 24 som
863 1438 125 49 köpts.
1046 1439 55 36 De
1131 1440 114 50 köpta
1274 1441 175 38 vexlarna
1479 1442 114 39 hafva
1619 1445 194 49 nemligen

220 1485 148 48 utgjort
406 1486 11 34 i
459 1486 118 36 runda
621 1487 67 36 tal:
731 1488 104 49 pund
877 1489 158 50 sterling
1073 1493 151 47 82,900,
1262 1493 189 38 riksmark
1481 1497 175 46 377,300,
1686 1497 127 37 francs

219 1538 139 45 59,300
388 1543 97 31 samt
512 1538 144 37 danska
684 1539 139 37 kronor
851 1544 139 45 49,300
1021 1544 70 36 och
1119 1545 142 37 norska
1289 1546 140 37 kronor
1458 1549 138 45 29,600
1625 1548 91 37 eller
1743 1549 72 36 till-

220 1601 190 24 sammans
451 1590 12 35 i
505 1591 158 36 svenskt
704 1597 108 44 mynt
848 1595 68 46 1,95
945 1594 187 38 millioner
1159 1596 152 38 kronor.
1368 1598 183 38 Deremot
1577 1600 115 37 hafva
1721 1601 92 37 sålts

219 1640 102 48 pund
363 1641 160 50 sterling
560 1644 172 47 110,100,
762 1644 187 38 riksmark
980 1649 215 47 1,566,500,
1225 1649 126 38 francs
1381 1653 164 45 464,100
1576 1653 70 36 och
1673 1653 140 37 kronor

218 1694 48 45 på
307 1692 252 49 Köpenhamn
603 1697 112 45 5,200
758 1696 91 37 eller
889 1698 11 34 i
930 1699 156 36 svenskt
1116 1706 107 43 mynt
1250 1701 248 38 tillsammans
1529 1706 67 44 3,2
1626 1704 187 38 millioner

218 1745 149 34 kronor.
422 1745 155 37 Danska
620 1746 125 37 sedlar
786 1749 111 36 hafva
940 1750 63 36 vid
1044 1751 178 37 kontoret
1259 1753 135 37 inlösts
1423 1754 56 37 till
1509 1755 137 50 belopp
1675 1757 43 36 af
1743 1760 68 45 2,56

218 1795 186 37 millioner
432 1797 70 36 och
532 1798 141 37 norska
702 1799 137 37 sådana
870 1800 59 38 för
957 1803 71 45 0,44
1057 1802 142 38 million
1229 1804 150 37 kronor.

320 1842 127 43 Äfven
488 1849 62 36 vid
592 1850 404 50 afdelningskontoren
1024 1854 12 36 i
1064 1856 227 46 Hernösand,
1320 1858 217 50 Jönköping,
1567 1861 155 35 Kalmar
1751 1863 58 34 och

218 1900 175 37 Karlstad
433 1900 67 37 har
541 1902 117 36 under
694 1906 39 33 år
777 1906 96 34 1893
916 1904 149 39 drifvits
1106 1907 177 38 utländsk
1324 1910 266 48 vexelrörelse,
1621 1912 97 36 dock
1746 1926 64 23 en-

217 1951 84 36 dast
341 1965 137 35 genom
515 1954 73 48 köp
618 1956 40 35 af
683 1955 142 37 utrikes
855 1957 140 47 vexlar,
1026 1964 90 31 cnär
1144 1960 308 49 trasseringsrätt
1479 1963 82 37 icke
1591 1964 219 49 medgifvits

216 2003 110 36 dessa
355 2004 146 36 kontor.
559 2005 146 38 Endast
733 2007 63 36 vid
825 2008 177 37 kontoret
1029 2010 11 35 i
1070 2010 227 38 Hernösand
1325 2013 111 37 hafva
1456 2015 97 37 dock
1572 2016 237 49 vexelköpen

217 2057 158 46 uppgått
404 2055 56 36 till
490 2069 102 24 mera
620 2058 214 49 betydande
864 2060 153 49 belopp,
1047 2063 191 48 nemligen
1268 2063 10 36 i
1295 2065 101 47 pund
1418 2066 171 49 sterling,
1608 2067 200 45 riksmark,

218 2106 123 36 francs
370 2107 68 36 och
469 2107 152 37 floriner
650 2115 97 30 samt
775 2111 144 37 danska
947 2113 70 35 och
1045 2115 141 35 norska
1216 2115 139 36 kronor
1374 2116 55 36 till
1449 2119 277 48 sammanlagdt
1746 2120 74 35 be--

216 2156 89 50 lopp
334 2158 9 35 i
374 2159 158 36 svenskt
561 2167 106 41 mynt
695 2162 42 35 af
765 2165 67 42 1,80
861 2163 187 37 millioner
1076 2165 150 37 kronor.

321 2209 81 37 Den
443 2210 10 35 i
487 2210 191 38 bokslutet
705 2212 215 38 beräknade
950 2216 150 37 vinsten
1129 2220 20 33 å
1177 2217 199 37 utländska
1405 2219 281 39 vexelrörelsen
1714 2235 94 36 upp-

214 2264 69 45 går
330 2262 58 36 för
430 2264 39 34 år
514 2264 96 35 1893
652 2264 55 36 till
752 2265 121 36 brutto
916 2266 142 38 kronor
1099 2270 177 46 328,749:
1321 2272 46 34 68
1410 2272 71 35 och
1521 2278 105 31 netto
1669 2274 139 36 kronor

217 2316 172 44 1883,305:
434 2316 60 45 21,
537 2316 197 36 utvisande
768 2330 47 23 en
850 2318 220 50 minskning
1096 2320 12 36 i
1137 2320 123 38 denna
1289 2335 131 25 senare
1449 2324 12 35 i
1490 2324 233 37 förhållande
1755 2325 53 38 till

1866 623 151 27 Utländska

1834 658 199 27 vexelrörelsen.
