2226 2644
214 424 151 34 Angaende

198 459 177 27 riksbankens

193 494 163 33 deltagande
374 493 11 26 i

206 531 126 31 teckning
350 530 34 32 af

188 565 47 26 lån
260 568 71 23 samt
349 572 42 18 om

197 600 136 33 ökningen
351 599 34 32 af

203 634 172 33 obligations-

211 667 159 35 tillgången.

199 834 182 35 Upplånings-

220 870 127 26 rörelsen.

461 226 19 31 8
883 222 286 33 Bankoutskottets
1196 222 176 32 Memorial
1398 223 67 31 N:o
1494 225 31 29 2.

411 308 98 35 1892
553 309 60 32 års
656 305 264 36 motsvarande
962 304 103 37 vinst
1094 304 41 36 af
1158 304 142 36 kronor
1331 305 172 45 106,515:
1536 305 60 34 62.
1652 302 266 49 Anledningen
1947 302 55 36 till

407 353 288 72 ifrågavarande
734 356 220 48 minskning
981 361 41 31 är
1050 356 11 36 i
1089 355 259 59 fallmägtiges
1377 332 204 60 berättelse
1609 359 171 32 närmare
1810 354 192 57 angifven.

514 409 131 37 Under
672 412 40 33 år
743 410 98 35 1893
870 385 81 59 har
965 408 105 48 fråga
1102 408 33 48 ej
1165 407 179 37 förevarit
1374 421 59 23 om
1463 407 250 36 riksbankens
1742 405 258 49 deltagande
1978 401 27 59 i

410 466 116 44 något
554 466 96 43 nytt,
679 474 89 23 vare
798 461 59 47 sig
885 460 58 36 för
972 437 74 58 ut-
1057 459 92 36 eller
1176 459 175 36 inländsk
1379 459 163 49 räkning
1570 463 196 45 upptaget,
1794 435 76 60 lån.

457 491 268 59 Riksbankens
755 512 393 48 obligationstillgång
1174 512 80 45 har,
1284 514 124 34 såsom
1437 511 101 36 förut
1565 511 166 49 antydts,
1759 513 49 46 på
1835 510 65 36 det
1919 509 84 37 hela

410 566 107 37 ökats
560 565 87 36 med
687 568 116 45 något
832 577 78 23 mer
938 569 46 31 än
1017 566 67 44 1,46
1115 536 186 80 millioner
1328 559 152 57 kronor,
1509 548 155 51 hvilken
1692 540 145 70 ökning
1864 561 139 37 uteslu-

410 618 113 36 tande
562 617 108 36 faller
698 619 47 46 på
774 616 46 36 de
849 593 200 59 utländska
1079 615 309 48 obligationerna.
1446 615 55 36 De
1530 614 200 37 inländska
1758 591 113 59 hafva
1898 614 106 36 dere-

410 676 78 30 mot
516 669 12 36 i
557 668 263 37 motsvarande
850 670 84 34 mån
970 668 199 46 minskats,
1200 667 189 48 nemligen
1418 667 86 36 med
1535 669 67 44 1,47
1632 666 186 36 millioner
1845 666 157 43 kronor;

409 721 234 37 hänvisande
684 720 189 36 utskottet
912 719 11 35 1
964 718 117 50 öfrigt
1119 719 54 36 till
1215 719 73 36 den
1331 719 113 36 ofvan
1485 719 11 35 i
1525 719 108 48 fråga
1661 731 59 23 om
1752 718 251 36 riksbankens

411 773 251 49 obligationer
688 771 174 38 lemnade
891 771 263 48 utredningen.

487 802 267 60 ”Beträffande
784 823 251 37 riksbankens
1064 822 371 59 upplåningsrörelse
1465 822 71 37 och
1565 822 99 36 hvad
1694 822 97 36 först
1820 824 118 46 angår
1957 821 47 36 de

409 880 47 62 på
483 891 95 35 upp-
609 878 58 35 och
698 876 395 49 afskrifningsräkning
1119 875 139 36 imsatta
1288 874 159 48 medlen,
1468 874 196 50 uppgingo
1685 874 112 36 dessa
1815 850 78 60 vid
1903 874 96 36 1893

410 933 58 32 års
510 929 148 48 början,
701 917 59 47 för
802 927 173 49 samtliga
1011 927 392 36 riksbankskontoren
1431 900 173 80 räknadt,
1632 926 56 36 till
1717 928 70 43 3,97
1816 924 187 37 millioner

410 982 142 35 kronor
581 986 96 31 samt
704 979 115 37 hafva
846 979 118 36 under
993 982 100 33 årets
1121 979 89 49 lopp
1239 978 128 36 vexlat
1395 978 137 37 mellan
1560 955 117 71 högst
1704 980 71 44 4,34
1805 977 71 37 och
1902 977 104 48 lägst

412 1036 68 44 3,60
518 1032 184 37 millioner
736 1032 142 36 kronor
906 1034 47 46 på
981 1031 279 46 4,215—4,055
1290 1030 215 49 räkningar.
1562 1029 55 37 Af
1641 1006 111 60 dessa
1780 1030 150 35 komma
1957 1031 49 47 på

410 1085 322 36 hufvudkontoret
774 1084 282 47 3,266—3,054
1100 1083 205 47 räkningar
1346 1083 86 36 med
1459 1082 117 47 högst
1605 1084 70 45 3,42
1704 1082 71 36 och
1802 1081 104 48 lägst
1935 1083 70 45 2,73

410 1137 187 36 millioner
625 1136 151 46 kronor,
799 1112 216 72 hvarjemte
1043 1134 142 37 antalet
1212 1110 205 72 räkningar
1437 1134 71 35 och
1526 1111 151 71 belopp,
1703 1134 6 5 i
1700 1147 12 22 i
1727 1134 129 47 jemna
1877 1110 127 59 tusen-

411 1189 50 36 tal
488 1194 206 44 upptagna,
723 1187 178 49 utgjorde
929 1186 62 37 vid
1020 1186 397 48 afdelningskontoret
1444 1185 28 36 i:

412 1257 201 49 Göteborg
637 1289 15 4 ...
670 1256 137 37 mellan
838 1256 163 46 235,000
1031 1255 71 36 och
1133 1255 162 46 131,000
1323 1254 140 36 kronor
1491 1256 48 47 på
1570 1255 201 35 176—140
1800 1253 206 48 räkningar

410 1310 240 36 Malmö...
730 1321 18 23 »
833 1308 162 46 --135,000
1054 1319 18 23 >»
1154 1307 137 45 63,000
1384 1318 17 23 »
1504 1318 17 24 »
1567 1307 172 35 126-77
1883 1318 18 23 »

410 1361 119 36 Falun
569 1392 84 6 ........
735 1373 16 22 »
836 1360 162 47 -127,000
1058 1371 17 23 »
1156 1359 138 46 44.000
1388 1370 17 23 >»
1507 1370 17 23 >
1593 1359 148 35 87—37
1884 1370 17 23 »

411 1413 226 37 Hernösand
732 1425 18 23 <>»
792 1406 21 56 -
835 1412 160 46 184,000
1055 1423 17 22 »
1153 1411 138 45 -21,000
1384 1422 17 22 =»
1504 1422 17 22 »
1590 1411 151 34 49—32
1882 1422 18 22 »

411 1465 224 49 Jönköping
731 1478 15 20 »
832 1464 162 45 155,000
1053 1475 18 22 >»
1154 1463 137 45 66,000
1384 1474 17 22 »
1503 1474 17 22 »
1566 1463 176 34 109—94
1883 1474 17 22 »

412 1517 156 36 Kalmar
624 1548 25 4 ooo
731 1529 17 22 0»
857 1516 137 45 62,000
1054 1526 17 23 >»
1155 1514 136 46 17,000
1386 1525 17 23 »
1504 1526 17 22 »
1568 1514 199 35 133—105
1883 1525 17 23 »

412 1568 181 37 Karlstad
624 1600 26 5 ...
731 1580 17 23 »
833 1568 162 46 --106,000
1055 1579 16 22 »
1154 1566 137 46 -62,000
1385 1577 17 23 =»
1504 1577 17 24 »
1568 1566 200 36 168-—114
1883 1578 17 21 »

411 1621 117 36 Luleå
577 1652 39 5 ...
732 1632 17 23 »
833 1620 162 45 179.000
1054 1630 17 22 >»
1130 1618 161 43 104.000
1326 1614 21 55 =
1385 1629 17 22 »
1506 1629 16 22 »
1568 1619 173 34 152—67
1885 1629 16 21 »

413 1672 118 37 Vexiö
601 1703 50 5 vv
732 1684 17 23 oo»
858 1671 137 47 84,000
1054 1682 17 22 »
1153 1670 138 46 -31,000
1331 1665 19 57 =
1384 1681 18 22 »
1503 1683 16 20 >
1589 1670 150 35 62—43
1882 1681 17 22 »

412 1724 146 53 Visby
729 1736 18 22 »
856 1723 137 47 99,000
1052 1733 18 23 »
1151 1722 138 46 —45,000
1325 1717 19 57 —
1382 1733 16 21 »
1501 1734 16 22 »
1564 1723 172 34 133—77
1884 1733 16 22 »

413 1767 212 46 Östersund
729 1788 17 22 »
831 1776 162 45 --115,000
1053 1787 16 21 »
1151 1774 138 46 -25,000
1327 1768 18 57 =
1382 1785 16 22 >»
1500 1785 17 23 »
1563 1774 172 34 132--97
1883 1787 16 18 »

519 1844 364 49 Depositionsmedlen
920 1842 112 36 hafva
1060 1841 61 36 vid
1151 1840 324 38 hufvudkontoret
1505 1841 124 36 vexlat
1656 1840 137 37 melian
1824 1843 70 45 8,83
1923 1840 81 36 mil-

412 1897 121 36 Honer
562 1897 70 35 och
662 1898 68 45 6,50
760 1895 184 36 millioner
971 1894 142 35 kronor
1141 1896 47 46 på
1217 1894 276 47 2,096-—1,811
1525 1893 106 69 bevis
1662 1898 97 31 samt
1786 1870 178 71 utgjorde
1993 1892 11 35 i

408 1949 129 48 jemna
565 1925 163 59 tusental
757 1947 61 37 vid
848 1922 402 72 afdelningskontoret
1272 1944 27 36 1:

415 2018 201 47 Göteborg
797 2015 136 37 mellan
962 2015 166 46 267,000
1157 2014 70 36 och
1259 2015 161 45 147,000
1449 2012 140 36 kronor
1617 2015 47 45 på
1720 2013 146 34 76—241
1898 2011 105 37 bevis

414 2070 138 36 Malmö
610 2100 163 5 oc
869 2080 17 22 »
992 2067 140 46 69,000
1185 2078 18 23 »
1286 2067 135 45 12.000
1527 2077 18 23 »
1639 2077 16 21 »
1726 2065 123 34 16—38
1943 2076 17 23 »

414 2121 118 36 Falun:
608 2151 163 6 ssnsetverisns
867 2132 17 22 »
967 2119 163 46 -139,000
1184 2130 16 23 >»
1282 2118 138 46 25,000
1527 2129 17 23 »
1638 2128 17 23 oo»
1725 2117 149 35 70—16
1943 2127 17 23 >

415 2173 224 36 Hernösand
667 2204 95 4 ........
870 2183 17 23 »
993 2171 140 46 56,000
1186 2182 17 22 »
1285 2170 138 45 38,000
1530 2183 15 18 »
1639 2180 17 22 oo»
1725 2169 148 34 34—21
1944 2181 16 21 >»

415 2225 321 48 Jönköping...
867 2235 18 24 »
966 2223 165 45 286,000
1185 2233 17 23 >»
1258 2222 164 46 201,000
1529 2234 16 19 »
1639 2231 17 23 »
1702 2220 173 35 H3—83
1943 2231 17 22 >»

415 2277 154 36 Kalmar.
642 2307 129 5 co.cc.
866 2287 18 23 »
967 2275 163 45 -128,000
1183 2285 18 23 »
1284 2274 135 45 74,000
1526 2284 18 22 »
1637 2283 18 22 »
1724 2273 150 34 9I2—43
1942 2282 18 22 >»

415 2328 356 38 Karlstad...
867 2339 17 22 >»
965 2326 166 47 -262,000
1186 2337 17 23 »
1284 2325 138 46 50.000
1528 2335 17 24 »
1638 2334 18 24 »
1700 2324 175 35 117—43
1943 2333 18 24 >»
