1894 2836
270 150 19 29 4
589 145 124 40 Tredje
729 144 246 40 lagutskottets
991 143 179 31 utlåtande
1185 153 43 20 nr
1242 144 43 30 25
1299 143 40 31 år
1355 143 84 31 1970

442 227 224 36 (Nuvarande
688 226 146 41 lydelse)

275 311 109 30 andra
414 311 133 39 stycket
578 310 89 30 skall
698 308 144 31 straffas
873 308 114 30 såsom

275 356 55 31 för
347 356 125 40 olovlig
487 355 92 41 jakt;
600 355 65 30 och
683 355 107 34 skola,
810 354 62 30 där
889 353 99 40 fråga

275 402 38 29 är
333 411 56 21 om
410 401 82 40 djur
514 410 74 21 som
608 400 141 40 jämlikt
768 399 220 30 bestämmel-

277 456 100 20 serna
395 447 10 29 i
426 446 39 30 18
486 446 15 37 8
520 446 215 30 tillkommer
752 446 146 33 kronan,
918 444 41 30 de
976 444 11 29 i

276 492 109 30 andra
408 492 133 39 stycket
561 491 65 30 här
646 500 89 21 ovan
756 489 233 31 omförmälda

275 546 213 31 personerna
506 537 64 39 äga
588 537 49 29 att
656 536 106 30 utöva
780 535 62 30 där
862 534 127 31 avsedd

276 583 68 29 rätt
361 582 132 40 jämväl
510 581 21 31 å
548 581 150 35 område,
717 581 62 30 där
795 580 194 41 jakträtten

275 628 215 29 tillkommer
512 636 117 21 annan
650 627 45 29 än
716 627 147 29 kronan.

320 673 20 29 2
361 682 105 20 mom.
488 672 115 30 Sätter
624 671 11 30 i
654 671 64 40 fall
740 680 117 21 varom
880 670 78 39 sägs
980 669 11 30 i

279 718 14 29 1
318 727 105 21 mom.
446 718 66 29 den
537 716 178 40 brottslige
737 717 52 39 sig
810 715 79 31 med
913 715 77 30 våld

276 764 84 29 eller
384 763 61 29 hot
471 772 54 20 om
553 762 78 30 våld
657 762 52 29 till
732 762 161 29 motvärn
918 762 73 28 mot

276 807 417 41 jakträttsinnehavaren,
716 807 65 30 den
804 816 74 20 som
901 807 90 39 äger,

279 853 148 29 innehar
459 853 82 29 eller
575 852 124 29 vårdar
730 852 147 29 marken
910 851 82 29 eller

278 897 101 29 deras
399 896 76 40 foik
498 896 81 30 eller
599 897 73 28 mot
694 896 11 29 i
725 895 110 30 andra
857 895 134 39 stycket

278 951 42 21 av
349 951 134 21 samma
512 942 156 29 moment
697 940 211 41 omförmäld
939 939 54 31 be-

278 986 312 40 fattningshavare,
622 986 43 30 då
695 987 114 38 någon
841 995 42 20 av
914 984 77 31 dem

280 1032 60 29 vill
369 1032 127 29 hindra
527 1031 129 30 honom
689 1030 79 40 från
801 1029 190 40 gärningen

280 1077 82 29 eller
379 1086 42 21 av
438 1076 130 30 honom
589 1078 77 37 taga
687 1076 64 30 vad
768 1075 71 31 han
858 1075 135 30 åtkom-

279 1121 64 30 mit
376 1122 81 29 eller
487 1121 65 30 ock
582 1121 162 40 fråntaga
774 1121 130 30 honom
936 1120 57 30 det

280 1176 74 20 som
388 1166 58 31 må
480 1166 199 30 kvarhållas
714 1166 52 29 till
800 1165 193 30 vedermäle

281 1211 64 30 och
366 1213 95 38 pant,
484 1220 79 21 vare
586 1211 54 39 lag
661 1220 73 21 som
759 1210 11 30 i
789 1211 20 30 8
831 1210 79 40 kap.
932 1210 20 30 8
973 1209 22 38 $

282 1256 237 30 brottsbalken
535 1256 88 39 sägs.

1206 225 224 40 (Föreslagen
1453 224 145 40 lydelse)

1045 317 110 20 nerna
1175 308 64 39 äga
1260 309 49 28 att
1331 308 105 30 utöva
1457 307 62 30 där
1541 305 127 31 avsedd
1690 305 68 30 rätt

1045 353 131 40 jämväl
1194 352 20 31 å
1231 352 151 35 område,
1402 352 63 30 där
1481 351 194 41 jakträtten
1693 350 67 30 till-

1046 399 158 29 kommer
1228 407 116 21 annan
1368 398 45 30 än
1436 398 146 30 kronan.

1090 443 73 29 Har
1183 442 165 39 egendom
1371 442 102 39 tagits
1494 442 11 29 i
1524 441 125 39 beslag,
1670 440 91 30 skall

1047 488 163 30 anmälan
1240 487 120 31 därom
1389 488 101 38 göras
1520 486 52 30 till
1600 485 161 31 vederbö-

1047 533 107 30 rande
1174 533 104 40 polis-
1299 533 82 30 eller
1401 530 359 41 åklagarmyndighet.

1047 579 74 29 Den
1139 587 74 21 som
1233 577 137 31 erhållit
1387 577 109 30 sådan
1514 577 164 30 anmälan
1696 576 66 30 har

1048 625 50 28 att
1122 623 134 40 förfara
1280 632 74 21 som
1381 632 54 21 om
1460 622 70 30 han
1555 622 90 40 själv
1669 622 92 39 gjort

1050 669 159 39 beslaget.

969 1336 41 30 34
1036 1335 44 38 8.1

324 1391 140 30 Allmän
489 1390 163 40 åklagare
677 1390 61 40 äge
762 1390 77 30 föra
862 1389 97 30 talan
982 1388 12 30 i

281 1435 99 40 fråga
399 1445 56 21 om
476 1435 126 40 olovlig
620 1435 77 40 jakt
718 1434 20 31 å
757 1434 142 31 område
919 1443 75 21 som

282 1489 97 21 avses
399 1480 11 30 i
431 1480 18 30 5
472 1480 15 37 8
510 1480 19 30 2
549 1489 106 21 mom.
677 1479 38 31 så
735 1480 65 30 ock
820 1479 20 30 å
859 1478 135 41 förbry-

282 1525 103 29 telser
413 1534 56 21 om
498 1525 96 30 vilka
622 1525 165 29 förmäles
815 1525 11 29 i
855 1523 39 31 31
925 1523 21 37 $
974 1523 20 30 2

281 1578 105 22 mom.
407 1571 92 28 samt
519 1569 40 31 33
584 1569 15 38 $
623 1569 115 40 fjärde
760 1570 133 39 stycket
915 1569 81 30 den-

282 1624 46 20 na
340 1615 66 39 lag.

1097 1389 140 30 Allmän
1262 1388 163 40 åklagare
1449 1388 61 40 äge
1535 1387 77 31 föra
1636 1388 97 29 talan
1755 1387 12 29 i

1053 1434 99 39 fråga
1171 1443 56 21 om
1247 1434 127 39 olovlig
1391 1433 78 41 jakt
1489 1433 20 30 å
1528 1432 142 31 område
1691 1441 74 22 som

1055 1488 97 21 avses
1167 1479 11 30 i
1193 1479 18 30 5
1229 1478 15 38 $
1262 1478 18 31 2
1296 1487 105 21 mom.
1418 1477 38 31 så
1470 1478 66 30 ock
1550 1477 20 31 å
1585 1477 92 30 brott
1691 1486 76 21 var-

1053 1533 56 20 om
1138 1523 165 30 förmäles
1330 1523 11 30 i
1370 1523 40 30 33
1442 1523 15 37 $
1488 1523 114 40 fjärde
1632 1523 133 39 stycket

1054 1569 114 30 denna
1182 1569 64 39 lag.

326 1659 85 30 Sker
424 1660 140 39 intrång
607 1676 69 4 ——
687 1676 212 4 ————
912 1658 94 30 detta
1018 1658 95 30 verk.

325 1705 13 29 Il
353 1705 110 39 övrigt
476 1722 324 3 ——————
813 1703 130 30 allmän
958 1703 190 41 synpunkt.

327 1749 120 30 Såsom
461 1748 226 40 målsägande
719 1766 24 3 —
769 1766 30 3 —
823 1765 31 4 —
879 1765 31 4 —
932 1765 32 4 —
985 1765 36 4 —

326 1794 175 30 Innefatta
516 1793 221 30 föreskrifter
775 1811 19 3 —
822 1810 28 4 —
874 1810 31 4 —
929 1810 29 4 —
982 1810 34 4 —

1032 1747 273 41 jaktberättigad
1319 1756 137 31 person.

1027 1810 45 4 —
1083 1792 244 30 bestämmelse
1341 1792 170 40 gällande.

978 1873 42 30 36
1046 1873 28 37 8.

327 1928 15 28 1
364 1936 105 21 mom.
490 1928 51 30 Av
560 1928 98 29 böter
680 1936 74 21 som
774 1926 143 31 ådömas
938 1935 58 21 en-

282 1973 60 39 ligt
367 1972 114 30 denna
504 1973 55 39 lag
581 1973 165 29 ävensom
770 1981 42 21 av
833 1971 163 30 behållna

282 2017 395 40 försäljningssumman
728 2026 41 21 av
818 2016 177 30 förverkat

280 2061 168 31 villebråd
473 2062 82 30 eller
578 2061 136 35 fallvilt,
737 2070 121 22 varom
883 2061 78 39 sägs
983 2061 12 30 i

282 2106 41 31 30
351 2106 15 37 $
394 2106 110 40 tredje
529 2106 145 39 stycket,
701 2107 82 29 eller
807 2115 41 21 av
871 2106 124 40 belopp

283 2161 74 20 som
383 2151 142 39 jämlikt
551 2151 112 39 första
690 2151 135 39 stycket
852 2151 11 29 i
889 2150 106 40 sagda

281 2195 166 40 paragraf
475 2196 133 38 utgives
635 2197 10 28 i
675 2196 114 30 stället
817 2196 55 30 för
899 2196 97 39 dylik

282 2241 167 39 egendom
475 2240 138 30 tillfalle
638 2240 135 30 hälften
798 2240 198 40 jaktvårds-

283 2285 130 30 fonden
428 2285 64 30 och
507 2285 198 31 återstoden
719 2286 146 29 kronan.

325 2374 100 39 Efter
443 2374 182 30 enahanda
643 2374 114 38 grund
775 2374 91 30 skall
882 2374 114 38 förde-

282 2419 51 30 las
348 2419 65 29 vad
426 2427 74 21 som
515 2418 58 31 må
586 2418 119 40 finnas
719 2419 11 29 i
744 2418 114 31 behåll
872 2428 42 21 av
926 2418 70 41 för-

315 2504 9 13 1
345 2503 112 24 Senaste
471 2502 104 30 lydelse
589 2502 76 24 1967:
678 2502 59 24 616.

1100 1926 15 29 1
1138 1935 105 21 mom.
1264 1927 51 29 Av
1334 1927 98 29 böter
1453 1935 73 21 som
1547 1926 143 30 ådömas
1711 1935 57 20 en-

1054 1971 62 40 ligt
1139 1972 115 29 denna
1276 1971 56 39 lag
1354 1971 164 30 ävensom
1542 1980 42 20 av
1605 1970 164 30 behållna

1054 2016 395 40 försäljningssumman
1499 2025 41 20 av
1589 2015 177 31 förverkat

1053 2061 167 30 villebråd
1245 2062 82 29 eller
1351 2061 134 35 fallvilt,
1509 2069 121 22 varom
1655 2060 77 39 sägs
1755 2060 11 29 i

1055 2106 40 30 30
1127 2106 15 37 $
1173 2105 116 40 fjärde
1317 2105 145 40 stycket,
1492 2104 64 31 och
1585 2114 42 21 av
1654 2104 115 40 hjälp-

1054 2151 122 36 medel,
1196 2160 117 20 varom
1332 2151 79 38 sägs
1429 2150 12 29 i
1457 2150 42 30 30
1516 2150 20 37 $
1553 2149 108 41 femte
1678 2151 90 37 styc-

1055 2196 67 36 ket,
1146 2197 81 28 eller
1249 2205 41 20 av
1310 2196 124 39 belopp
1458 2205 74 20 som
1553 2194 58 30 må
1631 2194 46 30 ha
1697 2194 71 40 för-

1055 2240 132 30 klarats
1211 2239 179 40 förverkat
1414 2241 11 29 i
1453 2241 112 29 stället
1591 2240 56 30 för
1671 2239 97 40 dylik

1055 2286 166 39 egendom
1247 2285 138 30 tillfalle
1409 2285 136 30 hälften
1570 2284 199 41 jaktvårds-

1053 2330 130 30 fonden
1198 2330 64 30 och
1276 2330 197 30 återstoden
1488 2331 146 28 kronan.
