1896 2802
266 146 39 30 10
654 147 393 36 Bevillningsutskottets
1068 147 217 31 betänkande
1303 156 42 21 nr
1369 149 29 30 8.

314 234 65 30 Vid
404 234 80 29 1941
511 233 56 31 års
592 233 140 37 riksdag
754 233 139 30 väcktes
918 231 155 38 följande
1097 233 180 35 motioner,
1303 232 174 36 nämligen
1500 231 72 31 dels
1598 234 177 28 motionen

269 285 28 30 I:
312 285 52 35 95,
381 284 71 30 vari
469 284 146 36 yrkades
631 284 137 29 fortsatt
783 282 218 31 skattefrihet
1016 283 55 30 för
1087 282 103 37 gåvor
1207 283 49 29 till
1273 281 187 31 luftvärnet
1477 282 65 30 och
1559 281 215 37 luftskyddet

268 335 113 29 under
399 333 287 36 beskattningsår,
709 333 57 30 för
786 333 105 29 vilket
914 332 154 36 taxering
1090 333 139 29 komme
1251 335 49 27 att
1321 332 63 35 äga
1406 341 77 20 rum
1502 331 89 30 efter
1614 331 81 30 1941
1719 330 56 31 års

268 384 139 38 utgång,
430 384 72 30 dels
529 384 64 29 ock
616 385 41 29 de
679 384 223 35 likalydande
925 382 215 31 motionerna
1164 383 84 29 1:54
1272 383 65 29 och
1362 381 43 31 II:
1421 382 41 30 45
1485 384 91 28 samt
1599 381 176 30 motionen

270 435 45 29 If:
334 435 69 35 136,
430 434 72 30 vari
528 434 148 37 yrkades
702 434 216 36 avdragsrätt
943 433 57 30 vid
1026 433 153 36 taxering
1204 432 50 30 till
1281 432 114 36 statlig
1420 432 167 30 inkomst-
1614 432 65 30 och
1705 431 69 31 för-

269 485 296 36 mögenhetsskatt
583 484 130 36 jämväl
732 484 56 30 för
807 483 104 37 gåvor
930 483 49 31 till
1000 484 210 29 hemvärnet.
1233 483 13 29 I
1268 483 186 36 anledning
1472 492 43 20 av
1535 482 98 31 dessa
1653 482 121 30 motio-

270 544 61 21 ner
352 535 108 30 beslöt
482 535 184 36 riksdagen
687 534 47 36 på
755 534 208 30 hemställan
985 543 42 21 av
1055 534 80 30 1941
1160 533 55 31 års
1238 533 339 35 bevillningsutskott
1599 533 11 29 i
1634 533 76 30 dess
1732 541 44 23 av

269 586 184 36 riksdagen
470 585 187 36 godkända
675 585 220 30 betänkande
921 584 53 40 (nr
995 583 67 39 17),
1083 587 48 27 att
1151 584 57 30 vid
1228 583 155 37 taxering
1405 583 47 30 till
1473 583 113 36 statlig
1607 583 167 30 inkomst-

270 637 66 29 och
358 635 350 36 förmögenhetsskatt
731 634 82 31 åren
839 635 81 30 1942
944 635 65 29 och
1035 635 82 29 1943
1139 634 129 37 avdrag
1291 634 109 29 skulle
1423 643 82 21 vara
1528 633 170 36 medgivet
1720 633 57 30 för

268 685 90 37 gåva
375 686 50 30 till
442 689 112 27 staten
572 686 82 30 eller
670 685 315 36 försvarsförening
1002 685 54 30 för
1073 684 199 35 luftvärnet,
1291 684 87 37 gåva
1396 684 50 30 till
1463 687 112 28 staten
1593 684 81 30 eller
1691 684 82 30 luft-

271 737 292 36 skyddsförening
585 736 56 31 för
662 736 216 36 luftskyddet
901 736 81 30 eller
1004 735 86 37 gåva
1113 736 50 29 till
1184 738 115 28 staten
1323 736 81 29 eller
1426 735 348 36 hemvärnsförening

269 787 56 31 för
353 789 203 29 hemvärnet
584 788 80 30 eller
694 788 76 30 dess
798 786 344 37 underavdelningar.
1173 786 217 36 Förordning
1418 787 124 29 härom
1570 786 202 30 utfärdades

270 839 68 30 den
353 839 41 30 30
408 839 72 36 maj
498 839 82 30 1941
603 837 53 40 (nr
669 837 92 40 307).
777 837 53 32 Då
844 838 198 36 emellertid,
1060 837 44 36 på
1119 838 65 30 sätt
1202 837 85 31 1938
1302 838 66 29 och
1384 837 83 30 1939
1483 836 56 31 års
1553 836 219 36 bevillnings-

269 891 131 29 utskott
418 890 126 35 anfört,
562 890 261 30 bestämmelser
841 898 42 22 av
902 889 227 30 förevarande
1148 891 103 27 natur
1270 888 167 30 innebure
1455 897 40 21 en
1516 887 182 37 uppenbar
1717 896 57 21 av-

270 940 127 30 vikelse
419 939 78 31 från
518 940 42 30 de
579 939 183 37 principer,
785 948 74 21 som
880 938 74 37 låge
975 939 51 31 till
1044 939 113 36 grund
1180 938 56 30 för
1255 938 161 36 gällande
1436 936 338 38 skattelagstiftning,

269 990 126 36 ansåge
424 990 81 30 1941
535 989 55 31 års
616 990 347 36 bevillningsutskott,
993 992 49 28 att
1068 989 291 30 skattelättnaden
1386 988 75 30 icke
1488 988 106 30 borde
1622 997 83 21 vara
1732 997 44 21 av

268 1040 185 31 bestående
475 1043 104 27 natur
599 1044 83 27 utan
705 1043 48 28 att
776 1040 202 31 densamma
999 1040 107 30 borde
1126 1040 91 30 hava
1240 1040 167 29 karaktär
1427 1048 42 21 av
1491 1048 42 20 en
1555 1038 150 37 tillfällig
1725 1037 49 32 åt-

267 1091 95 36 gärd.
384 1091 171 30 Utskottet
574 1090 165 31 framhöll
760 1091 126 37 vidare,
908 1093 49 28 att
976 1090 104 36 enligt
1099 1090 183 30 utskottets
1303 1089 137 36 mening
1459 1089 148 31 berörda
1626 1089 148 30 bestäm-

270 1141 124 30 melser
410 1142 76 29 icke
501 1141 107 30 borde
624 1141 94 36 givas
737 1141 161 36 förlängd
914 1141 153 36 giltighet
1082 1140 87 31 efter
1186 1140 171 37 utgången
1373 1150 44 20 av
1432 1140 67 30 den
1517 1139 44 31 då
1577 1139 197 37 föreslagna

267 1192 105 30 tiden.

315 1242 63 30 Vid
399 1242 81 30 19142
498 1242 56 31 års
572 1242 138 36 riksdag
727 1242 127 30 beslöts
870 1241 11 30 i
898 1242 185 35 anledning
1100 1251 42 20 av
1158 1242 42 29 de
1217 1241 223 36 likalydande
1456 1241 218 30 motionerna
1692 1240 26 30 I:
1733 1240 42 30 39

266 1293 68 30 och
353 1292 43 30 II:
412 1293 38 29 67
473 1296 90 27 samt
578 1292 46 37 på
641 1292 207 31 hemställan
865 1301 43 22 av
925 1301 134 21 samma
1077 1291 55 31 års
1148 1291 339 36 bevillningsutskott
1504 1291 11 30 i
1533 1291 76 30 dess
1628 1300 42 21 av
1689 1290 84 31 riks-

269 1343 111 36 dagen
406 1343 186 36 godkända
617 1343 221 30 betänkande
869 1341 53 39 (nr
949 1341 70 39 25),
1046 1345 49 27 att
1120 1342 238 36 skattskyldig,
1387 1351 74 21 som
1487 1342 112 30 under
1624 1342 150 29 beskatt-

269 1393 150 36 ningsår,
444 1393 56 30 för
522 1393 104 30 vilket
649 1393 156 37 taxering
829 1393 223 30 verkställdes
1076 1392 39 31 år
1140 1392 94 36 1943,
1260 1392 133 31 lämnat
1416 1391 87 37 gåva
1528 1391 50 31 till
1602 1391 172 36 sjövärns-

268 1443 109 30 kåren
397 1444 83 29 eller
500 1444 203 30 densamma
725 1443 237 30 underställda
985 1442 327 37 sjövärnsflottiljer,
1334 1443 111 29 skulle
1468 1443 64 36 äga
1556 1443 68 30 rätt
1646 1445 50 28 att
1717 1442 58 30 vid

268 1493 156 36 taxering
443 1493 50 30 till
513 1493 114 37 statlig
644 1493 166 30 inkomst-
831 1494 65 29 och
917 1493 351 36 förmögenhetsskatt
1288 1492 134 36 åtnjuta
1443 1493 129 36 avdrag
1592 1492 55 30 för
1665 1492 110 31 sådan

267 1543 98 37 gåva.
388 1543 216 37 Förordning
623 1544 123 30 härom
767 1543 202 31 utfärdades
990 1544 66 29 den
1078 1544 39 29 19
1136 1543 76 36 juni
1235 1543 84 30 1942
1345 1543 54 38 (nr
1417 1540 91 39 377).
1531 1543 14 30 I
1565 1543 108 30 likhet
1693 1543 82 30 med

272 1594 81 30 1941
383 1593 55 31 års
464 1594 339 36 bevillningsutskott
831 1593 164 31 framhöll
1025 1594 82 29 1942
1136 1593 55 31 års
1217 1593 349 36 bevillningsutskott,
1593 1596 50 27 att
1669 1593 107 37 enligt

264 1645 186 30 utskottets
474 1644 139 36 mening
636 1644 147 31 berörda
808 1644 259 30 bestämmelser
1088 1643 74 31 icke
1185 1644 107 30 borde
1314 1643 95 36 givas
1433 1643 161 36 förlängd
1621 1643 154 37 giltighet

267 1694 89 30 efter
377 1693 172 38 utgången
573 1704 42 21 av
637 1694 66 30 den
723 1694 199 36 föreslagna
944 1694 103 31 tiden.

315 1786 73 30 Vad
408 1785 108 38 angår
536 1787 41 30 de
596 1796 47 20 nu
662 1786 235 37 föreliggande
916 1786 216 31 motionerna
1152 1786 58 31 må
1230 1796 43 20 av
1293 1786 248 37 motiveringen
1561 1786 56 30 för
1638 1786 42 31 de
1701 1786 74 31 däri

269 1836 219 31 framställda
510 1837 201 35 yrkandena
732 1836 141 31 anföras
895 1836 164 36 följande.

315 1886 13 30 I
355 1887 40 29 de
420 1887 224 36 likalydande
668 1886 217 31 motionerna
912 1887 26 30 I:
955 1887 40 29 23
1021 1887 65 30 och
1113 1887 43 30 II:
1172 1887 41 30 33
1241 1890 89 27 samt
1355 1887 176 30 motionen
1561 1887 44 30 II:
1624 1887 58 30 117
1711 1887 65 30 har

270 1936 51 30 till
345 1937 76 30 stöd
446 1936 56 31 för
526 1937 41 30 de
592 1937 73 30 däri
691 1937 124 30 väckta
840 1936 182 37 förslagen,
1048 1940 49 27 att
1123 1937 260 36 avdragsrätten
1408 1937 55 31 för
1486 1937 108 36 gåvor
1619 1937 49 30 till
1693 1937 81 31 luft-

270 1987 129 35 värnet,
421 1986 226 37 luftskyddet,
669 1987 203 31 hemvärnet
893 1988 65 29 och
980 1986 268 37 sjövärnskåren
1270 1987 106 32 måtte
1395 1988 196 31 utsträckas
1613 1991 50 28 att
1683 1988 90 36 gälla

269 2037 132 37 jämväl
425 2037 132 32 sådana
580 2038 105 37 gåvor
708 2039 112 30 under
842 2038 286 37 beskattningsår,
1153 2038 56 31 för
1233 2039 105 30 vilket
1361 2039 155 36 taxering
1540 2040 158 29 kommer
1724 2041 51 29 att

265 2089 65 35 äga
349 2098 78 21 rum
444 2088 88 30 efter
556 2089 83 30 1943
661 2089 65 30 och
749 2089 84 30 1944
853 2088 55 31 års
931 2088 135 38 utgång,
1087 2088 193 38 åberopats,
1301 2092 49 27 att
1373 2090 40 29 de
1434 2090 86 34 skäl,
1541 2098 76 21 som
1638 2089 135 30 anförts

271 2139 58 31 vid
347 2139 184 31 införande
549 2149 42 21 av
612 2139 108 32 sådan
740 2140 225 36 avdragsrätt,
984 2139 217 31 fortfarande
1220 2140 86 36 ägde
1323 2139 66 30 full
1406 2140 163 36 giltighet.

316 2190 12 30 I
345 2191 41 30 de
401 2190 223 37 likalydande
639 2191 218 30 motionerna
873 2190 27 31 I:
915 2191 41 29 24
970 2191 68 30 och
1055 2191 43 29 II:
1113 2191 41 30 32
1171 2191 65 30 har
1251 2191 202 35 hemställts,
1469 2193 49 28 att
1535 2190 240 37 skattskyldig,

269 2250 75 21 som
361 2241 132 31 lämnat
508 2240 89 37 gåva
613 2241 51 30 till
681 2240 153 37 Sveriges
851 2241 429 36 landstormsföreningars
1298 2240 295 36 centralförbund,
1612 2240 165 37 frivilliga

269 2291 323 36 motorcykelkåren
619 2292 65 30 och
711 2291 262 31 riksförbundet
1000 2291 151 37 Sveriges
1177 2290 199 37 lottakårer,
1403 2291 111 30 skulle
1541 2291 64 36 äga
1629 2292 70 30 rätt
1725 2291 52 30 till

269 2341 129 36 avdrag
420 2341 121 31 därför
565 2342 56 30 vid
644 2342 41 30 de
708 2341 196 37 taxeringar
923 2341 52 31 till
999 2342 112 36 statlig
1134 2341 167 31 inkomst-
1324 2342 65 30 och
1412 2341 362 37 förmögenhetsskatt,

269 2391 93 31 vilka
381 2392 140 30 komme
540 2394 49 28 att
609 2393 64 35 äga
690 2402 80 20 rum
789 2391 88 31 efter
898 2392 83 30 1943
1001 2392 63 30 och
1089 2392 81 30 1944
1191 2391 55 32 års
1266 2391 137 37 utgång.
1424 2391 65 31 Till
1511 2392 76 30 stöd
1607 2391 56 30 för
1681 2391 94 31 detta

269 2442 156 35 yrkande
455 2442 66 30 har
552 2441 208 31 framhållits
793 2442 106 30 bland
931 2445 115 33 annat,
1079 2445 48 28 att
1158 2442 154 31 nämnda
1345 2441 354 37 sammanslutningar
1729 2441 46 37 på
