1882 2776
232 186 40 29 90
528 189 121 30 Andra
666 189 244 39 lagutskottets
928 191 178 31 utlåtande
1123 202 42 20 nr
1180 193 27 28 B
1223 194 39 28 19
1278 194 40 29 år
1335 194 84 30 1958

229 266 138 34 klosett,
398 267 116 30 därest
543 268 77 30 icke
651 269 278 40 avloppsvattnet
958 271 158 30 därifrån
1146 272 45 39 på
1220 272 87 30 visst
1338 274 68 29 sätt
1436 283 112 21 renas.
1581 274 12 29 I
1624 274 95 30 detta

229 321 255 39 sammanhang
500 321 60 29 vill
576 321 60 40 jag
654 322 104 30 också
776 323 115 30 erinra
910 333 56 20 om
984 324 67 29 den
1071 325 145 39 tidigare
1234 326 196 30 refererade
1448 327 270 30 bestämmelsen

229 372 11 29 i
260 372 19 29 8
299 373 80 39 kap.
400 374 40 29 23
463 374 15 36 $
501 375 111 30 andra
633 376 133 38 stycket
786 377 219 39 vattenlagen
1026 379 80 29 med
1125 379 127 29 villkor
1274 379 54 30 för
1349 381 232 39 utsläppande
1602 391 42 20 av
1664 391 56 20 av-

228 425 220 40 loppsvatten
470 427 81 29 från
573 428 44 29 bl.
642 438 29 19 a.
693 429 258 30 vattenklosett.

272 483 167 30 Gällande
466 485 331 40 hälsovårdsstadga
825 486 127 40 bygger
979 488 45 39 på
1053 488 67 30 den
1150 489 300 40 förutsättningen
1479 492 50 28 att
1559 491 157 29 tillstånd

229 536 50 28 till
304 536 199 31 inrättande
528 547 43 21 av
595 539 248 30 vattenklosett
868 540 75 30 icke
971 541 89 29 skall
1086 542 140 39 medges
1251 552 57 20 om
1334 543 76 29 icke
1437 543 280 40 avloppsvattnet

227 589 159 30 därifrån
409 590 92 30 föres
524 592 215 30 omedelbart
762 595 37 27 ut
822 593 11 29 i
856 593 130 30 allmän
1010 594 288 41 avloppsledning
1322 596 83 30 eller
1429 597 10 29 i
1464 597 159 40 lämpligt
1645 600 72 27 vat-

226 643 146 39 tendrag
399 644 81 29 eller
507 647 109 28 annat
643 646 272 35 vattenområde,
943 648 64 29 och
1034 648 125 30 endast
1186 648 54 30 för
1267 649 259 40 landsbygdens
1554 650 54 30 del
1636 651 81 38 god-

226 698 95 36 tages
348 697 190 30 avledande
564 707 44 21 av
632 699 280 39 avloppsvattnet
936 701 44 39 på
1007 704 109 27 annat
1143 702 78 34 sätt,
1248 711 81 21 men
1355 703 44 29 då
1427 703 89 30 skall
1543 704 173 29 särskilda

227 749 75 29 skäl
322 750 119 29 härtill
462 750 169 41 föreligga
652 753 62 29 och
736 752 206 31 avledandet
962 754 55 30 får
1037 754 77 30 icke
1135 755 90 30 vålla
1246 755 194 40 olägenhet.
1463 756 131 30 Genom
1616 758 100 29 dessa

225 802 262 31 bestämmelser
508 804 65 29 har
596 805 261 31 understrukits
880 809 51 28 att
953 807 124 39 frågan
1100 817 57 20 om
1179 808 201 31 inrättande
1403 819 41 20 av
1466 810 250 30 vattenklosett

225 855 10 28 i
255 856 67 39 hög
343 857 85 38 grad
449 858 37 28 är
507 867 43 20 en
572 859 314 39 avvägningsfråga
907 860 129 30 mellan
1057 861 200 30 fördelarna
1279 871 43 21 av
1342 862 145 40 tillgång
1509 863 52 29 till
1582 865 134 28 vatten-

224 908 129 30 klosett
371 911 64 28 och
454 911 237 30 nackdelarna
710 922 41 20 av
770 912 288 40 föroreningarna
1079 914 78 31 från
1178 915 215 30 densamma.
1413 916 68 29 Till
1500 916 67 30 den
1588 926 65 30 syn
1671 917 45 39 på

224 962 114 30 denna
361 964 324 40 avvägningsfråga,
710 975 73 20 som
805 967 149 30 kommit
976 967 52 30 till
1051 968 141 39 uttryck
1214 969 11 29 i
1248 969 41 29 de
1312 969 159 39 gällande
1494 970 221 29 bestämmel-

226 1024 111 25 serna,
367 1016 71 30 kan
466 1017 58 39 jag
554 1018 11 29 i
597 1018 61 30 allt
687 1020 185 38 väsentligt
902 1021 139 29 ansluta
1071 1021 81 39 mig.
1183 1022 65 29 Det
1277 1022 98 30 torde
1406 1023 194 30 emellertid
1629 1024 85 29 böra

224 1068 206 31 framhållas
453 1071 50 29 att
525 1071 249 31 vattenklosett
796 1073 11 28 i
830 1073 61 29 allt
913 1073 105 39 högre
1041 1075 86 38 grad
1149 1074 150 30 kommit
1322 1077 50 28 att
1396 1085 102 20 anses
1522 1085 75 21 som
1622 1078 92 27 stan-

223 1121 293 41 dardutrustning
545 1124 11 29 i
586 1125 182 39 nybyggda
797 1126 77 34 hus,
904 1127 117 30 varför
1051 1127 429 32 hälsovårdsnämnderna
1508 1130 77 29 icke
1615 1130 98 30 torde

222 1183 82 21 vara
325 1175 201 39 påfallande
548 1177 200 30 restriktiva
770 1178 57 30 vid
848 1179 197 40 beviljande
1067 1190 43 20 av
1131 1181 159 30 tillstånd
1312 1182 53 29 till
1387 1183 260 29 vattenklosett.
1671 1183 42 30 Så

222 1229 139 38 mycket
390 1239 72 20 mer
492 1231 181 39 angeläget
701 1232 66 29 blir
797 1233 57 29 det
883 1233 44 30 då
956 1236 50 27 att
1035 1234 126 30 beakta
1192 1235 358 40 föroreningsfrågan.
1582 1236 130 30 Härvid

221 1281 62 29 bör
303 1282 101 38 göras
426 1292 42 20 en
490 1283 325 41 förutsättningslös
836 1286 211 40 bedömning
1068 1296 42 21 av
1131 1288 116 29 vilken
1269 1288 92 30 form
1383 1289 54 30 för
1459 1289 190 30 avledande
1672 1298 40 21 av

221 1334 290 40 avloppsvattnet,
536 1346 77 20 som
636 1338 11 29 i
672 1338 56 30 det
751 1339 154 30 aktuella
929 1340 97 30 fallet
1050 1341 137 29 medför
1212 1341 130 30 minsta
1366 1342 193 39 olägenhet.
1585 1343 65 29 Det
1675 1344 37 28 är

221 1387 75 30 icke
314 1389 166 30 uteslutet
498 1392 51 28 att
567 1391 316 31 markinfiltration
901 1393 11 29 i
930 1393 91 30 vissa
1040 1394 62 29 fall
1120 1394 72 29 kan
1209 1403 84 22 vara
1311 1397 49 27 ett
1379 1396 213 38 acceptabelt
1611 1396 101 29 alter-

220 1442 96 29 nativ
335 1442 53 44 till
410 1444 233 39 utsläppande
664 1445 11 29 i
696 1455 41 20 en
758 1446 108 29 redan
888 1446 94 30 förut
1002 1447 79 30 hårt
1103 1448 156 29 belastad
1282 1449 178 39 recipient.
1483 1450 98 29 Inom
1604 1450 107 29 tätbe-

219 1494 160 40 byggelse
404 1496 61 29 bör
490 1497 91 29 dock
606 1498 315 30 markinfiltration
947 1500 167 39 godtagas
1140 1501 123 30 endast
1288 1501 11 29 i
1326 1503 146 29 enstaka
1498 1502 214 39 undantags-

221 1547 71 30 fall.
315 1549 146 39 Hänsyn
482 1550 112 30 måste
617 1551 105 30 också
744 1554 98 37 tagas
864 1553 52 29 till
939 1553 41 29 de
1003 1554 155 30 aktuella
1180 1554 349 39 reningsresurserna
1551 1556 11 29 i
1585 1565 43 20 en
1651 1556 60 30 all-

219 1602 82 28 män
323 1602 369 41 avloppsanläggning,
715 1605 36 30 så
773 1607 50 28 att
844 1606 242 39 belastningen
1107 1608 45 38 på
1174 1607 100 30 dessa
1296 1608 76 30 icke
1394 1609 86 29 ökas
1502 1609 11 29 i
1534 1609 176 39 hastigare

218 1655 76 29 takt
321 1656 45 29 än
393 1656 276 41 anläggningens
694 1658 205 30 huvudman
926 1669 42 20 av
994 1661 230 29 ekonomiska
1251 1662 65 29 och
1344 1662 163 29 tekniska
1536 1663 76 29 skäl
1639 1662 71 29 kan

219 1709 151 39 utbygga
389 1710 459 41 reningsanordningarna.>

219 1808 176 29 Utskottet

262 1870 174 30 Utskottet
462 1871 96 29 delar
585 1872 403 38 departementschefens
1016 1874 236 39 uppfattning,
1280 1877 50 27 att
1358 1876 174 30 särskilda
1559 1877 149 29 bestäm-

217 1923 125 29 melser
361 1924 147 31 rörande
527 1925 41 29 de
588 1925 205 38 hygieniska
813 1926 267 31 förhållandena
1098 1928 57 29 vid
1173 1928 189 39 järnvägar
1380 1930 64 28 och
1463 1930 150 29 hamnar
1632 1930 74 29 icke

216 1975 61 29 bör
297 1976 136 39 intagas
452 1978 10 28 i
480 1977 367 40 hälsovårdsstadgan,
867 1989 80 20 men
966 1981 59 28 vill
1044 1981 106 29 också
1171 1981 198 36 framhålla,
1390 1984 50 27 att
1460 1983 245 29 användandet

216 2038 42 19 av
287 2029 409 41 toalettanordningarna
725 2032 43 39 på
797 2032 56 39 tåg
883 2034 62 28 och
976 2033 115 40 fartyg
1120 2034 137 29 medför
1285 2035 195 39 betydande
1510 2036 113 30 risker
1653 2036 53 29 för

216 2082 154 30 sanitära
387 2083 233 39 olägenheter.
638 2085 64 29 Det
719 2086 37 28 är
773 2085 120 29 därför
911 2087 188 38 angeläget,
1118 2088 50 28 att
1186 2087 258 30 vederbörande
1463 2088 242 39 myndigheter

214 2135 64 29 har
301 2136 54 29 sin
378 2137 314 38 uppmärksamhet
714 2138 115 30 riktad
851 2139 44 39 på
917 2139 100 31 dessa
1039 2141 158 38 problem
1219 2142 63 28 och
1305 2151 58 20 om
1386 2142 137 39 möjligt
1546 2142 159 30 försöker

215 2188 142 31 komma
375 2190 90 29 fram
484 2191 51 29 till
553 2192 184 37 praktiska
755 2192 187 39 lösningar,
962 2203 74 20 som
1055 2194 272 30 tillfredsställer
1347 2195 133 39 skäliga
1498 2196 206 39 hygieniska

213 2241 96 30 krav.
332 2242 151 31 Behovet
505 2254 42 20 av
569 2246 50 28 att
643 2245 9 28 i
675 2245 113 30 lokala
810 2246 397 40 hälsovårdsordningar
1229 2248 82 29 eller
1334 2250 230 29 annorstädes
1586 2250 116 38 intaga

216 2295 173 30 särskilda
407 2296 221 31 föreskrifter
644 2298 10 28 i
671 2299 115 29 ämnet
802 2299 62 29 bör
880 2300 85 29 även
982 2301 342 38 uppmärksammas.
