1882 2778
261 203 39 29 78
554 204 117 29 Andra
689 203 245 39 lagutskottets
953 203 178 29 utlåtande
1148 212 43 19 nr
1206 203 26 28 B
1249 203 39 29 19
1304 203 39 28 är
1361 203 83 28 1958

258 283 174 30 Utskottet

303 346 128 29 Genom
466 346 310 29 bestämmelserna
810 345 10 29 i
854 346 94 28 detta
982 345 130 39 kapitel
1146 345 65 28 har
1245 344 499 39 hälsovårdsmyndigheterna

256 398 102 38 givits
387 398 214 30 förbättrade
631 398 221 39 möjligheter
880 400 50 27 att
958 398 137 39 ingripa
1124 400 73 27 mot
1227 398 153 29 sanitära
1410 397 334 30 missförhållanden

256 451 56 29 vid
338 451 302 39 badinrättningar
666 453 63 28 och
756 451 165 30 liknande
947 451 252 39 anläggningar
1225 453 90 27 samt
1341 452 9 28 i
1377 451 264 38 frisérsalonger
1667 450 77 29 o.d.

256 504 73 29 Inte
351 505 106 29 minst
480 504 258 39 betydelsefullt
760 506 11 28 i
793 505 94 30 detta
910 505 255 39 sammanhang
1187 506 38 27 är
1248 504 237 39 kontinuerlig
1507 503 236 39 övervakning

256 557 80 29 från
355 558 100 29 dessa
475 558 260 39 myndigheters
757 558 75 30 sida
852 568 41 20 av
913 559 40 28 de
974 558 266 38 ifrågavarande
1262 557 281 39 inrättningarna
1564 558 64 29 och
1650 557 94 29 loka-

257 611 106 33 lerna,
381 612 63 28 och
463 611 427 39 departementsförslaget
910 614 126 36 upptar
1054 612 105 29 också
1177 612 11 28 i
1206 614 48 27 ett
1273 620 121 21 senare
1412 611 130 39 kapitel
1562 610 182 30 föreskrift

256 673 57 19 om
342 664 223 39 obligatorisk
598 665 108 28 sådan
735 665 443 38 besiktningsverksamhet
1206 664 97 30 inom
1332 664 324 29 hälsovårdstätort.
1687 664 58 29 Ut-

257 717 128 30 skottet
401 718 59 28 vill
479 718 53 29 för
551 718 53 29 sin
621 718 53 29 del
691 718 128 29 betona
835 718 118 30 vikten
971 728 41 20 av
1030 720 50 27 att
1097 718 426 29 hälsovårdsnämnderna
1540 718 204 29 kontinuer-

255 770 61 38 ligt
338 770 109 29 håller
471 771 49 39 sig
543 771 248 29 underrättade
814 780 55 19 om
895 770 266 30 förhållandena
1185 772 86 27 även
1294 771 56 29 vid
1374 770 178 29 allmänna
1575 770 82 29 bad-
1680 769 64 30 och

256 823 235 39 lägerplatser,
517 824 119 29 oaktat
662 825 101 29 dessa
789 824 75 30 icke
889 825 151 37 regleras
1066 834 41 20 av
1133 825 107 38 några
1267 825 192 28 materielia
1487 824 220 29 föreskrifter
1733 824 11 28 i

257 877 95 29 detta
366 877 139 39 kapitel.

301 930 12 28 I
334 932 63 27 och
419 931 54 28 för
495 931 50 38 sig
566 932 38 28 är
624 931 144 37 givetvis
789 931 67 29 den
877 931 154 29 sanitära
1054 931 212 29 standarden
1288 931 94 29 inom
1405 931 109 30 andra
1536 931 131 29 lokaler
1689 930 54 29 för

256 983 73 29 s.k.
353 983 182 38 hygienisk
560 983 212 40 behandling
797 985 43 28 än
865 985 40 28 de
930 985 11 28 i
965 984 41 29 26
1033 984 15 36 $
1074 984 429 38 departementsförslaget
1528 984 149 39 angivna
1703 993 41 20 av

255 1036 71 29 lika
357 1038 69 27 stor
455 1037 184 38 betydelse.
670 1038 176 28 Utskottet
876 1038 95 29 delar
1000 1038 192 29 emellertid
1223 1038 405 39 departementschefens
1659 1046 85 30 upp-

256 1088 161 40 fattning,
439 1091 50 28 att
510 1090 187 39 anledning
718 1090 176 39 knappast
915 1091 182 38 föreligger
1119 1093 50 27 att
1189 1091 220 29 intensifiera
1430 1091 41 29 de
1493 1091 117 29 lokala
1630 1091 114 29 hälso-

255 1141 413 40 vårdsmyndigheternas
692 1143 153 30 kontroll
870 1145 10 28 i
905 1143 98 39 fråga
1027 1154 56 19 om
1108 1145 22 27 t.
1145 1153 51 20 ex.
1221 1144 132 29 lokaler
1378 1144 54 29 för
1458 1144 285 39 sjukgymnastik

257 1195 82 29 eller
357 1196 176 34 liknande,
553 1206 141 20 snarare
712 1197 195 29 medicinsk
926 1198 44 28 än
988 1197 185 39 hygienisk
1191 1197 222 39 behandling.

300 1249 12 28 I
333 1249 202 39 anslutning
555 1249 51 29 till
627 1250 178 29 motionen
827 1250 44 29 II:
888 1251 25 28 B
935 1250 63 29 268
1018 1250 57 29 vill
1098 1251 171 29 utskottet
1291 1250 197 34 framhålla,
1510 1252 50 27 att
1581 1251 57 28 det
1660 1252 84 27 utan

257 1302 126 29 tvekan
400 1304 38 27 är
454 1305 48 27 ett
520 1304 111 29 starkt
648 1304 182 29 önskemål
848 1306 49 27 att
914 1304 227 39 boningsrum
1159 1305 76 29 icke
1253 1305 177 29 användes
1448 1304 54 29 för
1520 1305 110 29 sådan
1646 1305 99 28 verk-

257 1355 135 29 samhet
413 1364 74 20 som
508 1365 98 20 avses
626 1358 77 28 med
724 1356 310 31 bestämmelserna
1055 1358 9 28 i
1085 1358 40 28 26
1149 1357 27 36 8.
1198 1358 116 38 Enligt
1335 1358 188 29 utskottets
1544 1358 141 38 mening
1706 1359 38 27 är

254 1408 192 30 emellertid
464 1409 200 29 införandet
681 1419 42 20 av
740 1412 49 27 ett
807 1410 136 29 absolut
961 1410 126 29 förbud
1105 1413 72 27 mot
1195 1412 50 27 att
1264 1411 160 29 använda
1440 1410 230 39 boningsrum
1690 1410 54 29 för

257 1461 108 30 sådan
380 1462 222 30 verksamhet
618 1464 78 28 med
712 1464 139 38 hänsyn
866 1464 51 28 till
935 1464 75 29 sina
1037 1464 220 38 ekonomiska
1281 1465 250 29 konsekvenser
1547 1465 54 29 för
1617 1464 127 39 många

256 1515 131 28 smärre
413 1515 287 38 näringsutövare
725 1516 175 39 knappast
926 1519 49 27 att
1001 1517 299 30 rekommendera.
1327 1518 176 29 Utskottet
1528 1518 71 29 kan
1625 1517 119 30 därför

255 1567 75 30 icke
352 1568 141 30 förorda
513 1569 97 29 bifall
631 1569 52 29 till
705 1570 238 30 motionärens
963 1571 156 38 yrkande
1141 1580 57 20 om
1221 1571 109 29 sådan
1352 1571 391 29 förbudsbestämmelse

255 1630 80 19 men
353 1621 58 29 vill
431 1622 178 38 samtidigt
628 1622 199 35 framhålla,
847 1625 49 27 att
914 1624 498 39 hälsovårdsmyndigheterna
1431 1624 144 39 givetvis
1595 1626 38 30 är
1652 1624 92 30 oför-

255 1674 169 30 hindrade
445 1677 49 27 att
516 1676 157 29 meddela
694 1678 48 27 ett
764 1676 126 30 förbud
911 1677 10 28 i
941 1677 67 29 den
1028 1677 81 29 mån
1130 1677 95 30 detta
1245 1678 157 38 betingas
1423 1687 42 20 av
1485 1678 259 38 omständighe-

255 1728 98 28 terna
377 1729 10 28 i
411 1730 48 27 ett
483 1728 85 30 visst
594 1728 60 30 fall
680 1729 127 29 liksom
833 1732 49 27 att
907 1730 158 29 meddela
1092 1730 269 39 förelägganden
1386 1740 56 20 om
1467 1731 209 39 vidtagande
1702 1741 41 19 av

256 1780 160 39 åtgärder
445 1781 53 30 till
529 1782 250 30 motverkande
811 1792 41 20 av
882 1783 221 39 olägenheter
1135 1793 42 20 av
1208 1785 51 28 att
1288 1784 139 29 lokalen
1458 1785 178 29 användes
1668 1794 74 20 som

255 1833 239 39 boningsrum.

412 1986 20 30 6
456 1986 77 41 kap.
558 1986 63 30 Om
644 1986 320 42 vattenförsörjning
988 1987 64 30 och
1074 1987 365 41 vattenundersökning
1462 1999 45 19 m.
1532 1999 45 19 m.

662 2048 146 31 (29—37
832 2048 37 37 $$
891 2049 445 40 departementsförslaget)

253 2139 394 39 Departementschefen

300 2201 149 39 »Frågor
476 2202 347 38 sammanhängande
850 2202 78 28 med
953 2201 384 39 vattenförsörjningen
1364 2202 95 28 inom
1485 2202 258 29 kommunerna

254 2255 64 28 har
335 2255 110 29 under
464 2264 120 20 senare
601 2255 38 29 år
656 2255 150 29 kommit
823 2257 50 27 att
890 2255 36 29 få
943 2264 43 20 en
1003 2255 136 29 alltmer
1157 2255 239 39 framskjuten
1413 2255 102 39 plats.
1534 2255 126 29 Härtill
1678 2256 64 28 har

253 2308 150 39 bidragil
422 2308 94 29 såväl
534 2308 67 29 den
619 2308 154 39 ständigt
791 2308 136 29 ökande
944 2308 395 29 vattenkonsumtionen
1359 2317 74 20 som
1452 2308 67 29 den
1537 2308 205 39 tilltagande

254 2361 247 39 föroreningen
518 2370 42 20 av
576 2361 364 39 vattentillgångarna,
959 2361 65 29 och
1042 2370 81 20 man
1141 2361 64 29 har
1222 2361 12 28 i
1253 2362 71 28 stor
1343 2361 245 39 utsträckning
1608 2363 65 27 sett
1693 2361 50 39 sig

254 2414 181 29 nödsakad
455 2416 50 27 att
526 2413 139 39 vidtaga
686 2414 218 29 omfattande
925 2413 305 39 reningsåtgärder
1251 2414 64 29 och
1336 2414 157 39 utnyttja
1513 2415 154 38 avlägset
1688 2414 55 29 be-

255 2467 101 38 lägna
375 2466 305 39 vattentillgångar
700 2466 56 30 för
776 2469 49 27 att
844 2467 121 29 kunna
984 2467 103 29 täcka
1106 2467 396 29 konsumtionsbehovet
1521 2476 43 20 av
1584 2467 158 40 lämpligt

253 2521 128 28 vatten.
