1882 2782
435 184 119 29 Andra
573 182 247 39 lagutskottets
841 181 179 29 utlåtande
1039 190 42 19 nr
1099 181 25 28 B
1145 181 39 28 19
1202 182 40 27 år
1261 180 83 29 1958
1595 178 40 29 97

190 266 68 28 För
276 263 542 39 hälsovårdsstadgekommittén
837 263 63 29 har
920 262 57 29 det
997 261 179 29 framstått
1197 269 73 20 som
1292 259 222 39 synnerligen
1534 259 104 29 önsk-

146 320 77 28 värt
240 320 50 27 att
306 318 52 29 lill
374 317 175 30 vinnande
567 326 41 20 av
624 317 113 29 bättre
755 315 259 39 mjölkkvalitet
1031 314 172 29 förbättra
1219 313 277 39 ladugårdarnas
1514 311 124 30 anord-

147 371 114 30 nande
281 372 64 28 och
365 371 185 38 inredning
572 372 90 27 samt
682 369 126 30 bereda
828 367 426 31 hälsovårdsnämnderna
1275 367 91 29 ökad
1386 366 103 39 insyn
1510 366 10 28 i
1541 365 97 29 ladu-

146 425 348 39 gårdshanteringen.
520 423 217 30 Kommittén
760 423 64 28 har
849 422 50 29 till
924 421 176 30 vinnande
1126 430 41 20 av
1192 420 100 29 dessa
1318 419 115 39 syften
1459 418 179 39 föreslagit

148 478 264 30 bestämmelser
433 487 41 20 av
494 476 322 40 byggnadsteknisk
838 478 53 27 art
913 477 90 27 samt
1024 474 178 39 angående
1223 472 417 40 ladugårdspersonalens

150 531 128 39 hygien
293 533 165 28 ävensom
475 530 193 34 föreskrift,
685 530 79 29 med
780 528 222 40 tillämpning
1018 529 96 28 inom
1130 527 79 30 hela
1225 527 127 34 landet,
1369 536 57 20 om
1444 526 197 39 skyldighet

150 586 50 28 att
227 585 51 30 till
305 583 386 31 hälsovårdsnämnden
718 582 313 30 förhandsanmäla
1058 580 220 40 uppförande
1305 589 42 20 av
1375 579 266 39 stadigvarande

150 638 166 39 djurstall
332 639 91 28 samt
438 639 50 27 att
504 637 148 29 avvakta
668 634 195 31 nämndens
879 635 255 39 godkännande
1151 644 42 19 av
1207 633 201 39 djurstallet
1423 633 109 29 innan
1547 633 95 29 detta

151 693 96 37 tages
270 692 10 28 i
302 691 101 29 bruk.
426 690 360 38 Kommittéförslaget
808 689 64 29 har
894 689 11 28 i
928 688 114 29 denna
1065 688 54 29 del
1142 687 98 29 blivit
1264 686 146 30 föremål
1434 686 54 29 för
1510 685 132 39 kraftig

151 744 109 30 kritik
278 744 57 30 vid
353 743 395 39 remissbehandlingen.
767 742 130 29 Härvid
915 742 64 30 har
997 741 213 29 framhållits
1229 742 49 27 att
1296 740 121 29 värdet
1435 749 41 19 av
1494 739 41 29 de
1554 739 89 29 före-

152 797 144 30 skrivna
312 797 468 39 byggnadsanordningarna
797 795 10 29 i
825 795 70 30 viss
914 794 244 39 utsträckning
1175 793 111 30 måste
1305 802 101 20 anses
1425 792 217 38 tvivelaktigt

151 860 40 19 ur
218 849 532 40 mjölkproduktionssynpunkt
779 851 90 27 samt
896 848 196 29 hindrande
1122 847 53 30 för
1203 847 67 29 den
1297 845 345 40 byggnadstekniska

151 904 244 39 utvecklingen
423 904 64 28 och
515 903 177 39 pågående
722 902 174 39 förnyelse
925 911 41 20 av
994 901 204 29 metoderna
1226 900 53 29 för
1308 899 332 39 ladugårdsskötsel.

150 958 232 30 Jordbrukets
398 957 229 30 ekonomiska
642 956 161 29 bärkraft
818 956 63 29 har
897 955 117 29 vidare
1029 954 75 29 icke
1121 955 132 28 ansetts
1268 963 83 20 vara
1368 953 109 30 sådan
1493 954 50 27 att
1558 961 82 20 man

151 1014 86 27 utan
258 1013 50 27 att
330 1011 135 29 riskera
486 1010 179 38 allvarliga
686 1009 260 29 konsekvenser
967 1008 71 29 kan
1061 1007 195 29 föreskriva
1277 1016 43 19 en
1342 1005 235 40 upprustning
1600 1015 42 19 av

150 1064 364 40 byggnadsbeståndet
541 1064 11 28 i
580 1063 67 29 den
675 1062 245 38 utsträckning
946 1061 211 29 kommittén
1185 1060 167 29 förordat.
1382 1059 168 38 Slutligen
1577 1059 65 28 har

151 1118 262 29 understrukits
434 1119 50 27 att
503 1116 450 39 byggnadsverksamheten
973 1114 95 29 inom
1088 1113 364 39 jordbruksnäringen
1472 1113 11 28 i
1504 1112 138 38 mycket

153 1173 72 28 stor
248 1170 243 39 utsträckning
514 1171 37 28 är
574 1169 238 29 underkastad
836 1168 235 38 övervakning
1094 1176 41 21 av
1158 1167 253 38 myndigheter,
1436 1175 74 20 som
1532 1165 111 29 måste

153 1233 102 21 anses
275 1224 127 29 besitta
422 1233 73 20 mer
517 1223 139 39 speciell
678 1222 229 39 sakkunskap
928 1222 96 28 inom
1045 1221 95 29 detta
1161 1220 141 29 område
1324 1221 44 28 än
1389 1219 66 30 vad
1477 1228 74 20 som
1572 1219 72 29 kan

153 1278 180 30 förväntas
353 1278 64 29 hos
437 1277 41 29 de
499 1277 102 29 flesta
619 1275 390 30 hälsovårdsnämnder.

197 1335 49 29 De
272 1334 257 39 invändningar
554 1336 73 27 mot
652 1333 364 38 kommittéförslaget,
1043 1341 75 21 som
1145 1331 147 30 sålunda
1318 1330 243 30 framkommit
1586 1330 57 29 vid

152 1387 395 38 remissbehandlingen,
575 1396 103 29 synes
704 1386 71 39 mig
802 1386 106 29 värda
934 1385 206 33 beaktande,
1169 1384 44 29 då
1240 1384 123 38 frågan
1390 1393 57 20 om
1474 1383 171 39 reglering

153 1451 43 20 av
215 1441 67 29 den
302 1450 24 20 s.
346 1441 33 29 k.
400 1440 363 39 ladugårdshygienen
781 1457 22 2 —
843 1439 117 29 vilken
980 1438 98 38 fråga
1098 1437 180 29 lämnades
1298 1438 71 28 helt
1389 1437 177 38 oreglerad
1586 1436 57 29 vid

154 1494 227 29 utfärdandet
395 1503 42 20 av
450 1493 348 38 livsmedelsstadgan
811 1492 75 38 just
898 1492 11 29 i
923 1491 149 30 avbidan
1085 1491 45 39 på
1143 1500 43 20 en
1199 1500 46 29 ny
1258 1489 330 39 hälsovårdsstadga

154 1557 47 19 nu
216 1547 110 29 måste
343 1549 170 36 upptagas
528 1546 51 29 till
594 1546 182 39 prövning.
792 1545 131 29 Genom
937 1554 42 20 en
995 1544 146 30 allmänt
1157 1544 155 29 avfattad
1327 1543 244 29 bestämmelse
1586 1551 57 20 om

153 1601 42 30 de
216 1600 208 39 fordringar,
446 1609 73 20 som
540 1600 110 28 måste
673 1599 119 29 ställas
811 1599 44 38 på
875 1597 210 39 ladugårdar
1105 1597 10 29 i
1135 1597 101 29 deras
1256 1597 174 38 egenskap
1452 1606 41 19 av
1512 1596 132 29 lokaler

154 1654 54 29 för
228 1653 425 39 livsmedelsproduktion,
675 1652 98 29 torde
795 1652 133 29 således
947 1650 428 30 hälsovårdsnämnderna
1395 1650 83 29 böra
1500 1649 144 29 beredas

155 1717 43 19 en
218 1707 169 39 grundval
408 1707 54 29 för
481 1706 119 39 tillsyn
620 1706 20 29 å
659 1705 258 39 ladugårdarna
936 1705 11 28 i
966 1704 115 29 denna
1100 1704 101 29 deras
1221 1703 185 39 egenskap,
1427 1712 80 20 men
1526 1703 120 28 härut-

155 1762 80 28 över
259 1760 61 29 bör
347 1762 71 27 stor
443 1759 287 29 återhållsamhet
755 1758 174 39 iakttagas
954 1758 57 28 vid
1036 1757 185 29 införande
1247 1766 41 20 av
1313 1755 333 40 detaljföreskrifter

154 1814 11 28 i
188 1813 355 38 hälsovårdsstadgan
567 1812 149 29 rörande
740 1811 276 39 ladugårdarnas
1040 1810 237 33 anordnande,
1301 1809 196 38 inredning,
1522 1809 125 28 under-

155 1868 72 28 håll
251 1868 63 28 och
339 1867 140 29 skötsel.
503 1866 50 28 Av
575 1866 176 38 betydelse
774 1866 10 28 i
807 1865 95 28 detta
926 1864 255 38 sammanhang
1204 1864 37 27 är
1265 1864 96 32 även,
1387 1865 49 26 att
1458 1862 189 29 veterinär-

156 1920 170 39 styrelsen
347 1920 43 38 på
411 1919 167 39 grundval
601 1928 42 20 av
663 1919 67 28 den
752 1918 152 28 nämnda
926 1917 178 28 allmänna
1124 1916 270 29 bestämmelsen
1414 1915 70 28 kan
1505 1914 142 29 utfärda

157 1974 62 28 råd
235 1974 63 28 och
317 1972 224 38 anvisningar
559 1972 54 29 för
630 1970 384 40 mjölkproduktionen.
1032 1969 120 39 Någon
1170 1969 108 29 sådan
1296 1968 228 39 långtgående
1542 1968 105 38 regle-

157 2027 76 38 ring
254 2026 10 29 i
283 2026 356 37 hälsovårdsstadgan
661 2034 73 19 som
755 2024 66 29 den
842 2024 9 29 i
872 2022 348 39 livsmedelsstadgan
1242 2022 53 28 för
1315 2022 63 28 där
1398 2021 150 30 avsedda
1569 2021 79 29 livs-

156 2079 266 29 medelslokaler
447 2079 142 37 intagna
614 2078 70 28 kan
710 2077 74 29 icke
810 2077 266 38 ifrågakomma.
1102 2075 25 29 Å
1153 2075 109 29 andra
1288 2075 99 29 sidan
1412 2074 97 29 torde
1535 2074 113 29 hälso-

156 2132 274 38 vårdsstadgans
452 2131 209 30 hithörande
686 2130 230 33 föreskrifter,
939 2139 56 19 om
1019 2129 40 29 de
1082 2129 189 38 begränsas
1294 2128 43 39 på
1361 2137 47 19 nu
1432 2129 113 37 antytt
1569 2128 78 32 sätt,

158 2185 187 38 lämpligen
364 2185 120 28 kunna
502 2185 99 36 göras
620 2183 206 39 tillämpliga
845 2183 54 28 för
916 2182 77 29 hela
1011 2182 89 29 riket
1118 2182 64 28 och
1201 2181 106 38 några
1327 2181 321 28 särbestämmelser

159 2238 53 29 för
234 2239 144 27 tälorter
400 2247 40 20 ur
462 2235 530 40 mjölkproduktionssynpunkt
1014 2235 97 28 torde
1133 2234 75 29 icke
1230 2234 187 28 erfordras.
1440 2233 125 29 Vidare
1587 2233 61 28 bör

158 2291 41 28 de
218 2300 67 28 nya
306 2290 265 28 föreskrifterna
591 2298 79 19 avse
690 2289 66 28 alla
778 2288 208 37 ladugårdar
1005 2288 62 27 och
1088 2287 86 33 icke,
1195 2286 114 29 såsom
1330 2286 244 30 motsvarande
1594 2286 55 28 be-

160 2343 218 29 stämmelser
394 2342 10 28 i
421 2342 359 37 livsmedelsstadgan,
797 2341 122 28 endast
936 2340 131 29 lokaler
1085 2340 53 28 för
1156 2339 260 37 framställning
1433 2339 82 28 eller
1532 2338 117 29 bered-

161 2396 81 37 ning
259 2405 40 19 av
318 2395 187 32 livsmedel,
523 2394 149 29 avsedda
692 2394 52 28 för
763 2393 208 38 försäljning
988 2393 82 28 eller
1089 2393 52 29 för
1159 2391 174 38 servering
1350 2392 34 28 åt
1402 2392 246 28 allmänheten.

202 2450 99 29 Vissa
325 2459 41 19 av
387 2449 40 29 de
451 2448 189 29 materiella
665 2446 308 30 bestämmelserna
996 2446 9 28 i
1028 2445 353 38 kommittéförslaget
1404 2447 105 35 tager,
1533 2446 115 27 såsom

161 2504 153 36 framgår
336 2512 41 20 av
398 2500 502 39 övergångsbestämmelserna
923 2499 9 29 i
958 2498 53 29 141
1039 2500 62 27 och
1129 2498 59 29 142
1213 2498 36 36 $$
1274 2507 134 20 samma
1432 2498 139 37 förslag,
1593 2498 57 28 vä-

161 2565 16 28 7-—
249 2565 135 37 Bihang
404 2564 50 28 till
472 2563 205 37 riksdagens
695 2561 177 39 protokoll
892 2561 92 28 1958.
1004 2561 19 27 9
1041 2560 99 29 saml.
1161 2560 19 28 2
1198 2559 75 29 avd.
1293 2560 48 28 Nr
1359 2560 25 27 B
1403 2560 38 27 19
