1886 2776
251 180 41 28 26
547 180 117 30 Andra
682 180 245 39 lagutskottets
946 181 178 30 utlåtande
1141 191 42 19 nr
1199 182 25 28 B
1241 182 40 29 19
1297 182 38 29 år
1354 182 82 28 1958

249 259 173 30 Utskottet

292 322 66 29 För
386 324 50 28 att
462 331 43 20 en
534 322 210 40 författning
774 332 73 20 som
875 323 356 39 hälsovårdsstadgan
1261 323 87 29 skall
1376 323 121 29 kunna
1526 324 100 38 sägas
1653 332 84 20 vara

248 375 285 39 ändamålsenlig,
554 376 110 29 måste
684 376 68 29 den
772 376 220 39 fortlöpande
1013 385 168 30 anpassas
1202 376 88 29 efter
1311 376 424 39 samhällsutvecklingen.

248 428 75 29 Den
344 438 46 19 nu
413 428 159 39 gällande
593 429 356 38 hälsovårdsstadgan
972 439 41 20 av
1034 429 38 30 år
1097 430 82 29 1919
1202 430 64 28 har
1288 430 105 29 också
1415 430 111 28 under
1549 430 54 29 sin
1626 429 111 39 giltig-

248 481 129 30 hetstid
395 482 56 29 vid
470 482 86 29 flera
574 482 163 29 tillfällen
756 482 185 39 undergått
959 482 205 40 ingripande
1183 482 293 39 omarbetningar.
1496 483 101 29 Detta
1617 483 120 29 oaktat

249 536 100 37 utgör
368 535 67 29 den
453 535 75 29 icke
546 535 118 39 längre
683 535 104 39 något
806 535 323 30 tillfredsställande
1149 536 140 39 uttryck
1309 536 53 29 för
1382 536 202 29 samhällets
1603 536 134 29 inställ-

249 587 83 39 ning
351 588 50 29 till
420 588 178 30 allmänna
615 589 243 29 hälsovården.
877 589 75 29 Den
970 590 38 28 är
1026 589 184 38 därjämte,
1229 589 45 29 bl.
1294 599 28 19 a.
1341 589 44 39 på
1404 590 113 37 grund
1536 599 42 20 av
1596 591 50 28 att
1665 598 72 20 om-

249 641 270 39 arbetningarna
539 642 89 29 varit
650 642 147 29 allenast
818 651 41 20 av
879 642 137 39 partiell
1039 644 113 32 natur,
1174 642 167 29 behäftad
1362 643 79 28 med
1462 643 93 29 vissa
1577 642 160 29 formella

248 694 135 29 brister.
409 694 52 29 Då
486 704 42 19 en
553 695 294 39 genomgripande
872 695 152 29 revision
1049 705 42 19 av
1116 695 67 29 den
1210 695 155 30 eentrala
1391 695 346 30 hälsovårdsförfatt-

250 747 128 39 ningen
392 757 47 19 nu
455 748 97 29 blivit
567 748 141 33 aktuell,
724 749 62 28 bör
801 748 94 29 detta
910 748 77 30 leda
1002 748 51 29 till
1069 750 50 28 att
1134 758 42 19 en
1191 749 72 29 helt
1279 758 46 29 ny
1341 748 208 39 författning
1566 749 170 29 utfärdas.

294 800 51 29 Då
364 801 187 38 riksdagen
570 801 11 28 i
602 801 167 29 skrivelse
789 801 66 29 den
879 802 35 28 11
937 801 71 39 maj
1035 801 92 34 1948,
1149 811 41 19 nr
1214 802 71 33 195,
1308 802 206 29 hemställde
1536 812 57 19 om
1614 812 42 19 en
1678 802 60 29 all-

251 853 87 40 sidig
354 854 148 39 översyn
518 863 41 20 av
576 854 366 38 hälsovårdsstadgan,
962 855 127 29 skedde
1107 855 95 29 detta
1220 856 156 28 närmast
1394 856 10 28 i
1423 855 187 39 anledning
1628 865 42 20 av
1688 856 49 28 att

249 906 95 29 inom
363 907 187 38 riksdagen
570 908 360 38 uppmärksamheten
949 908 127 29 riktats
1096 908 44 39 på
1159 908 146 29 behovet
1326 918 42 20 av
1388 918 67 29 nya
1475 908 263 29 bestämmelser

250 960 147 29 rörande
412 960 231 29 hälsovården
658 961 45 39 på
718 961 127 29 landet.
861 961 118 38 Enligt
994 961 188 29 utskottets
1197 962 141 38 mening
1352 961 62 29 bör
1428 961 44 40 på
1487 961 251 30 hälsovårdens

247 1013 143 29 område
410 1013 89 39 gälla
520 1013 10 28 i
550 1014 136 39 princip
706 1014 174 38 enhetliga
899 1014 263 29 bestämmelser
1184 1014 54 29 för
1259 1015 77 29 hela
1357 1015 99 28 riket.
1478 1015 52 28 En
1552 1015 109 29 sådan
1682 1023 57 20 en-

249 1066 167 39 hetlighet
434 1076 102 29 synes
553 1067 10 28 i
580 1067 186 29 huvudsak
783 1068 83 28 böra
884 1067 251 39 åvägabringas
1153 1075 124 31 genom
1295 1077 42 20 en
1356 1068 191 39 skärpning
1565 1078 42 19 av
1624 1068 41 29 de
1684 1068 55 29 för

250 1119 238 39 landsbygden
511 1120 159 38 gällande
694 1120 168 39 reglerna.
887 1121 127 29 Vidare
1038 1121 61 28 bör
1124 1121 10 28 i
1160 1130 43 19 en
1229 1130 46 30 ny
1299 1120 329 40 hälsovårdsstadga
1653 1130 86 30 upp-

249 1174 98 36 tagas
364 1172 220 30 föreskrifter
601 1174 149 29 rörande
767 1174 92 29 vissa
876 1174 423 34 verksamhetsområden,
1317 1174 220 29 beträffande
1555 1175 94 28 vilka
1668 1175 71 29 sär-

250 1225 113 30 skilda
388 1226 110 38 regler
525 1226 127 29 saknas
678 1227 11 28 i
715 1227 159 38 gällande
899 1227 341 38 hälsovårdsstadga.
1266 1227 75 29 Den
1368 1227 197 39 föreslagna
1592 1228 147 37 stadgan

248 1278 200 39 tillgodoser
472 1279 106 39 enligt
601 1280 190 29 utskottets
815 1279 140 39 mening
979 1280 41 29 de
1045 1289 46 20 nu
1117 1281 155 29 nämnda
1296 1280 275 39 synpunkterna.
1597 1281 49 29 De
1673 1281 65 29 lös-

249 1332 124 38 ningar
401 1342 42 19 av
470 1332 11 28 i
510 1333 290 39 sammanhanget
828 1333 284 39 uppkommande
1142 1334 172 38 spörsmål
1344 1343 75 19 som
1448 1333 165 39 förslaget
1642 1334 96 29 inne-

249 1384 110 29 håller
379 1385 116 29 finner
515 1386 170 29 utskottet
706 1387 10 28 i
737 1386 57 29 det
815 1388 93 27 stora
927 1386 80 30 hela
1027 1386 234 30 välbetänkta.
1283 1387 175 29 Utskottet
1479 1387 58 29 vill
1558 1387 180 29 dessutom

251 1437 115 30 såsom
387 1447 42 20 en
452 1438 110 29 fördel
587 1438 188 30 framhålla
798 1441 49 27 att
869 1440 67 28 den
959 1439 197 39 föreslagna
1179 1440 147 38 stadgan
1348 1448 124 31 genom
1495 1440 54 29 sin
1571 1440 169 39 uppställ-

251 1491 83 39 ning
350 1491 98 30 blivit
464 1501 96 20 mera
576 1492 220 39 överskådlig
814 1493 43 28 än
875 1493 159 38 gällande
1053 1493 130 38 stadga.
1202 1493 49 29 De
1269 1493 194 39 erinringar
1481 1494 65 28 och
1563 1494 176 39 påpekan-

251 1544 77 34 den,
351 1554 73 19 som
446 1545 169 29 utskottet
635 1545 160 29 kommer
817 1547 49 28 att
887 1546 83 37 göra
990 1546 11 29 i
1022 1546 57 29 det
1100 1545 167 39 följande,
1290 1548 95 37 tager
1407 1547 157 29 närmast
1586 1547 88 29 sikte
1696 1546 45 40 på

249 1597 148 39 detaljer
415 1598 65 29 och
498 1598 99 29 berör
615 1598 76 30 icke
712 1598 184 38 förslagets
916 1599 178 29 allmänna
1113 1599 186 39 principer,
1318 1599 92 30 vilka
1430 1600 171 29 utskottet
1621 1600 118 29 funnit

249 1650 69 30 vila
337 1651 44 39 på
400 1651 55 29 väl
475 1651 123 39 gjorda
618 1652 273 39 överväganden.

396 1846 109 35 Vissa
533 1846 262 48 huvudfrågor
823 1847 13 34 i
863 1846 183 48 förslaget
1074 1847 57 34 till
1158 1861 52 33 ny
1238 1847 356 48 hälsovårdsstadga

249 1930 31 30 1.
319 1929 268 42 Differentiering
616 1941 43 19 av
687 1930 354 41 hälsovårdsstadgans
1070 1931 251 31 bestämmelser
1343 1932 88 30 efter
1454 1932 289 41 bebyggelsetyper

249 2010 393 40 Deparlementschefen
1194 2044 18 19 .

294 2072 266 39 Föredragande
581 2073 387 40 departementschefen
989 2073 134 30 erinrar
1144 2074 52 29 till
1218 2084 43 20 en
1282 2074 125 40 början
1429 2084 57 20 om
1508 2077 50 28 att
1580 2075 159 39 gällande

252 2126 330 39 hälsovårdsstadga
612 2127 195 29 innehåller
838 2126 174 31 särskilda
1042 2128 193 29 materiella
1265 2129 262 29 bestämmelser
1559 2128 54 30 för
1645 2129 96 30 stads

254 2179 303 39 stadsplanelagda
574 2180 142 29 område
734 2181 64 29 och
816 2180 174 30 särskilda
1006 2181 263 29 bestämmelser
1288 2181 54 30 för
1359 2182 117 29 landet
1493 2182 11 28 i
1521 2182 111 39 övrigt
1651 2183 90 28 samt

253 2233 50 28 att
328 2232 91 30 vissa
443 2232 221 40 möjligheter
689 2233 117 30 finnes
831 2235 50 28 att
906 2234 182 29 utsträcka
1112 2234 402 39 tillämpningsområdet
1540 2235 54 30 för
1619 2235 42 30 de
1686 2236 56 28 be-

254 2286 218 29 stämmelser
500 2295 73 21 som
601 2295 99 21 avser
728 2287 274 39 stadsplanelagt
1029 2287 142 30 område
1198 2287 11 29 i
1238 2288 87 29 stad.
1353 2288 78 29 Han
1458 2288 102 30 anför
1588 2288 153 30 därefter

251 2338 12 29 1
282 2339 185 30 huvudsak
488 2339 171 39 följande:

299 2394 265 39 >Nyssnämnda
590 2394 216 39 uppdelning
832 2403 42 21 av
899 2394 376 39 hälsovårdsstadgans
1302 2395 193 29 materiella
1520 2394 222 30 bestämmel-

253 2455 55 21 ser
341 2447 10 29 i
386 2448 179 38 strängare
600 2447 132 30 sådana
766 2446 55 30 för
855 2447 96 29 stads
987 2447 306 39 stadsplanelagda
1327 2448 141 29 område
1503 2448 65 29 och
1603 2447 137 30 mindre

252 2500 142 39 stränga
419 2500 221 30 föreskrifter
667 2500 55 30 för
750 2500 117 29 landet
891 2500 64 29 har
982 2500 149 30 kommit
1157 2502 50 28 att
1234 2500 181 40 uppfattas
1442 2510 75 20 som
1544 2500 196 40 otidsenlig,
