<?xml version="1.0" encoding="UTF-8"?>
<alto xmlns="http://www.loc.gov/standards/alto/ns-v3#" xmlns:xlink="http://www.w3.org/1999/xlink" xmlns:xsi="http://www.w3.org/2001/XMLSchema-instance" xsi:schemaLocation="http://www.loc.gov/standards/alto/ns-v3# http://www.loc.gov/alto/v3/alto-3-0.xsd">
	<Description>
		<MeasurementUnit>pixel</MeasurementUnit>
		<sourceImageInformation>
			<fileName>/tmp/tess_qn0h96hw_input.PNG</fileName>
		</sourceImageInformation>
		<OCRProcessing ID="OCR_0">
			<ocrProcessingStep>
				<processingSoftware>
					<softwareName>tesseract 5.3.0</softwareName>
				</processingSoftware>
			</ocrProcessingStep>
		</OCRProcessing>
	</Description>
	<Layout>
		<Page WIDTH="1882" HEIGHT="2814" PHYSICAL_IMG_NR="0" ID="page_0">
			<PrintSpace HPOS="0" VPOS="0" WIDTH="1882" HEIGHT="2814">
				<ComposedBlock ID="cblock_0" HPOS="424" VPOS="146" WIDTH="1149" HEIGHT="47">
					<TextBlock ID="block_0" HPOS="424" VPOS="146" WIDTH="1149" HEIGHT="47">
						<TextLine ID="line_0" HPOS="424" VPOS="146" WIDTH="1149" HEIGHT="47">
							<String ID="string_0" HPOS="424" VPOS="156" WIDTH="395" HEIGHT="37" WC="0.91" CONTENT="Bevillningsutskottets"/><SP WIDTH="22" VPOS="156" HPOS="819"/>
							<String ID="string_1" HPOS="841" VPOS="153" WIDTH="219" HEIGHT="32" WC="0.95" CONTENT="betänkande"/><SP WIDTH="18" VPOS="153" HPOS="1060"/>
							<String ID="string_2" HPOS="1078" VPOS="162" WIDTH="43" HEIGHT="21" WC="0.95" CONTENT="nr"/><SP WIDTH="19" VPOS="162" HPOS="1121"/>
							<String ID="string_3" HPOS="1140" VPOS="155" WIDTH="46" HEIGHT="29" WC="0.96" CONTENT="11."/><SP WIDTH="348" VPOS="155" HPOS="1186"/>
							<String ID="string_4" HPOS="1534" VPOS="146" WIDTH="39" HEIGHT="30" WC="0.96" CONTENT="15"/>
						</TextLine>
					</TextBlock>
				</ComposedBlock>
				<ComposedBlock ID="cblock_1" HPOS="65" VPOS="235" WIDTH="1515" HEIGHT="1208">
					<TextBlock ID="block_1" HPOS="65" VPOS="235" WIDTH="1508" HEIGHT="344">
						<TextLine ID="line_1" HPOS="65" VPOS="235" WIDTH="1505" HEIGHT="46">
							<String ID="string_5" HPOS="65" VPOS="246" WIDTH="175" HEIGHT="30" WC="0.96" CONTENT="utvecklat"/><SP WIDTH="22" VPOS="246" HPOS="240"/>
							<String ID="string_6" HPOS="262" VPOS="244" WIDTH="50" HEIGHT="37" WC="0.96" CONTENT="sig"/><SP WIDTH="18" VPOS="244" HPOS="312"/>
							<String ID="string_7" HPOS="330" VPOS="243" WIDTH="80" HEIGHT="31" WC="0.96" CONTENT="med"/><SP WIDTH="21" VPOS="243" HPOS="410"/>
							<String ID="string_8" HPOS="431" VPOS="243" WIDTH="169" HEIGHT="31" WC="0.93" CONTENT="avseende"/><SP WIDTH="20" VPOS="243" HPOS="600"/>
							<String ID="string_9" HPOS="620" VPOS="241" WIDTH="20" HEIGHT="31" WC="0.93" CONTENT="å"/><SP WIDTH="20" VPOS="241" HPOS="640"/>
							<String ID="string_10" HPOS="660" VPOS="240" WIDTH="185" HEIGHT="37" WC="0.81" CONTENT="tillgången"/><SP WIDTH="21" VPOS="240" HPOS="845"/>
							<String ID="string_11" HPOS="866" VPOS="239" WIDTH="42" HEIGHT="37" WC="0.92" CONTENT="på"/><SP WIDTH="22" VPOS="239" HPOS="908"/>
							<String ID="string_12" HPOS="930" VPOS="239" WIDTH="278" HEIGHT="30" WC="0.91" CONTENT="motorbränslen"/><SP WIDTH="19" VPOS="239" HPOS="1208"/>
							<String ID="string_13" HPOS="1227" VPOS="237" WIDTH="124" HEIGHT="37" WC="0.96" CONTENT="frågan"/><SP WIDTH="20" VPOS="237" HPOS="1351"/>
							<String ID="string_14" HPOS="1371" VPOS="246" WIDTH="57" HEIGHT="20" WC="0.96" CONTENT="om"/><SP WIDTH="21" VPOS="246" HPOS="1428"/>
							<String ID="string_15" HPOS="1449" VPOS="245" WIDTH="42" HEIGHT="21" WC="0.92" CONTENT="en"/><SP WIDTH="23" VPOS="245" HPOS="1491"/>
							<String ID="string_16" HPOS="1514" VPOS="235" WIDTH="56" HEIGHT="31" WC="0.89" CONTENT="be-"/>
						</TextLine>
						<TextLine ID="line_2" HPOS="65" VPOS="286" WIDTH="1506" HEIGHT="46">
							<String ID="string_17" HPOS="65" VPOS="296" WIDTH="177" HEIGHT="36" WC="0.95" CONTENT="skattning"/><SP WIDTH="24" VPOS="296" HPOS="242"/>
							<String ID="string_18" HPOS="266" VPOS="305" WIDTH="43" HEIGHT="20" WC="0.91" CONTENT="av"/><SP WIDTH="23" VPOS="305" HPOS="309"/>
							<String ID="string_19" HPOS="332" VPOS="293" WIDTH="201" HEIGHT="37" WC="0.91" CONTENT="motorsprit"/><SP WIDTH="22" VPOS="293" HPOS="533"/>
							<String ID="string_20" HPOS="555" VPOS="293" WIDTH="97" HEIGHT="30" WC="0.96" CONTENT="torde"/><SP WIDTH="26" VPOS="293" HPOS="652"/>
							<String ID="string_21" HPOS="678" VPOS="293" WIDTH="120" HEIGHT="29" WC="0.96" CONTENT="kunna"/><SP WIDTH="23" VPOS="293" HPOS="798"/>
							<String ID="string_22" HPOS="821" VPOS="291" WIDTH="186" HEIGHT="30" WC="0.96" CONTENT="betecknas"/><SP WIDTH="26" VPOS="291" HPOS="1007"/>
							<String ID="string_23" HPOS="1033" VPOS="288" WIDTH="114" HEIGHT="31" WC="0.96" CONTENT="såsom"/><SP WIDTH="26" VPOS="288" HPOS="1147"/>
							<String ID="string_24" HPOS="1173" VPOS="289" WIDTH="69" HEIGHT="29" WC="0.96" CONTENT="helt"/><SP WIDTH="23" VPOS="289" HPOS="1242"/>
							<String ID="string_25" HPOS="1265" VPOS="287" WIDTH="176" HEIGHT="30" WC="0.96" CONTENT="inaktuell."/><SP WIDTH="30" VPOS="287" HPOS="1441"/>
							<String ID="string_26" HPOS="1471" VPOS="286" WIDTH="100" HEIGHT="30" WC="0.96" CONTENT="Trots"/>
						</TextLine>
						<TextLine ID="line_3" HPOS="66" VPOS="336" WIDTH="1506" HEIGHT="48">
							<String ID="string_27" HPOS="66" VPOS="347" WIDTH="92" HEIGHT="30" WC="0.96" CONTENT="ökad"/><SP WIDTH="15" VPOS="347" HPOS="158"/>
							<String ID="string_28" HPOS="173" VPOS="345" WIDTH="212" HEIGHT="39" WC="0.96" CONTENT="produktion"/><SP WIDTH="21" VPOS="345" HPOS="385"/>
							<String ID="string_29" HPOS="406" VPOS="345" WIDTH="95" HEIGHT="29" WC="0.96" CONTENT="inom"/><SP WIDTH="21" VPOS="345" HPOS="501"/>
							<String ID="string_30" HPOS="522" VPOS="343" WIDTH="117" HEIGHT="30" WC="0.96" CONTENT="landet"/><SP WIDTH="20" VPOS="343" HPOS="639"/>
							<String ID="string_31" HPOS="659" VPOS="342" WIDTH="118" HEIGHT="30" WC="0.92" CONTENT="kunde"/><SP WIDTH="19" VPOS="342" HPOS="777"/>
							<String ID="string_32" HPOS="796" VPOS="340" WIDTH="199" HEIGHT="37" WC="0.87" CONTENT="molorsprit"/><SP WIDTH="20" VPOS="340" HPOS="995"/>
							<String ID="string_33" HPOS="1015" VPOS="340" WIDTH="76" HEIGHT="30" WC="0.96" CONTENT="icke"/><SP WIDTH="22" VPOS="340" HPOS="1091"/>
							<String ID="string_34" HPOS="1113" VPOS="336" WIDTH="279" HEIGHT="33" WC="0.95" CONTENT="tillhandahållas"/><SP WIDTH="22" VPOS="336" HPOS="1392"/>
							<String ID="string_35" HPOS="1414" VPOS="336" WIDTH="158" HEIGHT="31" WC="0.96" CONTENT="enskilda"/>
						</TextLine>
						<TextLine ID="line_4" HPOS="66" VPOS="387" WIDTH="1505" HEIGHT="42">
							<String ID="string_36" HPOS="66" VPOS="397" WIDTH="207" HEIGHT="31" WC="0.92" CONTENT="förbrukare"/><SP WIDTH="27" VPOS="397" HPOS="273"/>
							<String ID="string_37" HPOS="300" VPOS="396" WIDTH="11" HEIGHT="29" WC="0.96" CONTENT="i"/><SP WIDTH="25" VPOS="396" HPOS="311"/>
							<String ID="string_38" HPOS="336" VPOS="395" WIDTH="110" HEIGHT="31" WC="0.96" CONTENT="sådan"/><SP WIDTH="24" VPOS="395" HPOS="446"/>
							<String ID="string_39" HPOS="470" VPOS="393" WIDTH="218" HEIGHT="36" WC="0.96" CONTENT="omfattning,"/><SP WIDTH="26" VPOS="393" HPOS="688"/>
							<String ID="string_40" HPOS="714" VPOS="396" WIDTH="49" HEIGHT="27" WC="0.96" CONTENT="att"/><SP WIDTH="26" VPOS="396" HPOS="763"/>
							<String ID="string_41" HPOS="789" VPOS="393" WIDTH="113" HEIGHT="29" WC="0.96" CONTENT="denna"/><SP WIDTH="25" VPOS="393" HPOS="902"/>
							<String ID="string_42" HPOS="927" VPOS="390" WIDTH="232" HEIGHT="35" WC="0.93" CONTENT="förbrukning"/><SP WIDTH="24" VPOS="390" HPOS="1159"/>
							<String ID="string_43" HPOS="1183" VPOS="389" WIDTH="130" HEIGHT="30" WC="0.92" CONTENT="erhölle"/><SP WIDTH="24" VPOS="389" HPOS="1313"/>
							<String ID="string_44" HPOS="1337" VPOS="387" WIDTH="113" HEIGHT="37" WC="0.93" CONTENT="någon"/><SP WIDTH="27" VPOS="387" HPOS="1450"/>
							<String ID="string_45" HPOS="1477" VPOS="387" WIDTH="94" HEIGHT="36" WC="0.92" CONTENT="bety-"/>
						</TextLine>
						<TextLine ID="line_5" HPOS="67" VPOS="438" WIDTH="1506" HEIGHT="41">
							<String ID="string_46" HPOS="67" VPOS="448" WIDTH="91" HEIGHT="30" WC="0.96" CONTENT="delse"/><SP WIDTH="22" VPOS="448" HPOS="158"/>
							<String ID="string_47" HPOS="180" VPOS="457" WIDTH="75" HEIGHT="20" WC="0.93" CONTENT="som"/><SP WIDTH="23" VPOS="457" HPOS="255"/>
							<String ID="string_48" HPOS="278" VPOS="446" WIDTH="216" HEIGHT="30" WC="0.91" CONTENT="skattekälla."/><SP WIDTH="37" VPOS="446" HPOS="494"/>
							<String ID="string_49" HPOS="531" VPOS="444" WIDTH="79" HEIGHT="31" WC="0.96" CONTENT="Med"/><SP WIDTH="21" VPOS="444" HPOS="610"/>
							<String ID="string_50" HPOS="631" VPOS="444" WIDTH="136" HEIGHT="35" WC="0.96" CONTENT="hänsyn"/><SP WIDTH="24" VPOS="444" HPOS="767"/>
							<String ID="string_51" HPOS="791" VPOS="443" WIDTH="50" HEIGHT="30" WC="0.96" CONTENT="till"/><SP WIDTH="23" VPOS="443" HPOS="841"/>
							<String ID="string_52" HPOS="864" VPOS="442" WIDTH="195" HEIGHT="30" WC="0.96" CONTENT="ovissheten"/><SP WIDTH="21" VPOS="442" HPOS="1059"/>
							<String ID="string_53" HPOS="1080" VPOS="450" WIDTH="58" HEIGHT="20" WC="0.96" CONTENT="om"/><SP WIDTH="26" VPOS="450" HPOS="1138"/>
							<String ID="string_54" HPOS="1164" VPOS="440" WIDTH="65" HEIGHT="30" WC="0.96" CONTENT="den"/><SP WIDTH="21" VPOS="440" HPOS="1229"/>
							<String ID="string_55" HPOS="1250" VPOS="438" WIDTH="161" HEIGHT="31" WC="0.93" CONTENT="blivande"/><SP WIDTH="22" VPOS="438" HPOS="1411"/>
							<String ID="string_56" HPOS="1433" VPOS="438" WIDTH="140" HEIGHT="30" WC="0.92" CONTENT="utveck-"/>
						</TextLine>
						<TextLine ID="line_6" HPOS="66" VPOS="488" WIDTH="1506" HEIGHT="46">
							<String ID="string_57" HPOS="66" VPOS="498" WIDTH="115" HEIGHT="36" WC="0.96" CONTENT="lingen"/><SP WIDTH="20" VPOS="498" HPOS="181"/>
							<String ID="string_58" HPOS="201" VPOS="497" WIDTH="44" HEIGHT="37" WC="0.96" CONTENT="på"/><SP WIDTH="20" VPOS="497" HPOS="245"/>
							<String ID="string_59" HPOS="265" VPOS="496" WIDTH="156" HEIGHT="31" WC="0.96" CONTENT="området"/><SP WIDTH="18" VPOS="496" HPOS="421"/>
							<String ID="string_60" HPOS="439" VPOS="494" WIDTH="125" HEIGHT="38" WC="0.95" CONTENT="ansågs"/><SP WIDTH="19" VPOS="494" HPOS="564"/>
							<String ID="string_61" HPOS="583" VPOS="493" WIDTH="188" HEIGHT="32" WC="0.95" CONTENT="emellertid"/><SP WIDTH="21" VPOS="493" HPOS="771"/>
							<String ID="string_62" HPOS="792" VPOS="491" WIDTH="150" HEIGHT="38" WC="0.96" CONTENT="alltjämt"/><SP WIDTH="20" VPOS="491" HPOS="942"/>
							<String ID="string_63" HPOS="962" VPOS="491" WIDTH="166" HEIGHT="37" WC="0.96" CONTENT="lämpligt,"/><SP WIDTH="23" VPOS="491" HPOS="1128"/>
							<String ID="string_64" HPOS="1151" VPOS="493" WIDTH="48" HEIGHT="27" WC="0.93" CONTENT="att"/><SP WIDTH="22" VPOS="493" HPOS="1199"/>
							<String ID="string_65" HPOS="1221" VPOS="490" WIDTH="192" HEIGHT="37" WC="0.92" CONTENT="uppskovet"/><SP WIDTH="15" VPOS="490" HPOS="1413"/>
							<String ID="string_66" HPOS="1428" VPOS="488" WIDTH="144" HEIGHT="36" WC="0.92" CONTENT="begrän-"/>
						</TextLine>
						<TextLine ID="line_7" HPOS="70" VPOS="546" WIDTH="310" HEIGHT="33">
							<String ID="string_67" HPOS="70" VPOS="549" WIDTH="100" HEIGHT="30" WC="0.96" CONTENT="sades"/><SP WIDTH="22" VPOS="549" HPOS="170"/>
							<String ID="string_68" HPOS="192" VPOS="548" WIDTH="52" HEIGHT="30" WC="0.96" CONTENT="till"/><SP WIDTH="21" VPOS="548" HPOS="244"/>
							<String ID="string_69" HPOS="265" VPOS="550" WIDTH="47" HEIGHT="27" WC="0.96" CONTENT="ett"/><SP WIDTH="20" VPOS="550" HPOS="312"/>
							<String ID="string_70" HPOS="332" VPOS="546" WIDTH="48" HEIGHT="31" WC="0.96" CONTENT="år."/>
						</TextLine>
					</TextBlock>
					<TextBlock ID="block_2" HPOS="67" VPOS="589" WIDTH="1508" HEIGHT="146">
						<TextLine ID="line_8" HPOS="112" VPOS="589" WIDTH="1463" HEIGHT="40">
							<String ID="string_71" HPOS="112" VPOS="598" WIDTH="136" HEIGHT="31" WC="0.92" CONTENT="Jämväl"/><SP WIDTH="18" VPOS="598" HPOS="248"/>
							<String ID="string_72" HPOS="266" VPOS="598" WIDTH="11" HEIGHT="30" WC="0.96" CONTENT="i"/><SP WIDTH="20" VPOS="598" HPOS="277"/>
							<String ID="string_73" HPOS="297" VPOS="597" WIDTH="42" HEIGHT="30" WC="0.96" CONTENT="de"/><SP WIDTH="18" VPOS="597" HPOS="339"/>
							<String ID="string_74" HPOS="357" VPOS="597" WIDTH="58" HEIGHT="30" WC="0.93" CONTENT="vid"/><SP WIDTH="23" VPOS="597" HPOS="415"/>
							<String ID="string_75" HPOS="438" VPOS="596" WIDTH="217" HEIGHT="30" WC="0.79" CONTENT="1942—1945"/><SP WIDTH="19" VPOS="596" HPOS="655"/>
							<String ID="string_76" HPOS="674" VPOS="593" WIDTH="55" HEIGHT="32" WC="0.96" CONTENT="års"/><SP WIDTH="22" VPOS="593" HPOS="729"/>
							<String ID="string_77" HPOS="751" VPOS="594" WIDTH="182" HEIGHT="35" WC="0.96" CONTENT="riksdagar"/><SP WIDTH="17" VPOS="594" HPOS="933"/>
							<String ID="string_78" HPOS="950" VPOS="591" WIDTH="197" HEIGHT="37" WC="0.95" CONTENT="framlagda"/><SP WIDTH="20" VPOS="591" HPOS="1147"/>
							<String ID="string_79" HPOS="1167" VPOS="591" WIDTH="174" HEIGHT="35" WC="0.96" CONTENT="förslagen"/><SP WIDTH="19" VPOS="591" HPOS="1341"/>
							<String ID="string_80" HPOS="1360" VPOS="599" WIDTH="57" HEIGHT="21" WC="0.96" CONTENT="om"/><SP WIDTH="19" VPOS="599" HPOS="1417"/>
							<String ID="string_81" HPOS="1436" VPOS="589" WIDTH="139" HEIGHT="30" WC="0.96" CONTENT="fortsatt"/>
						</TextLine>
						<TextLine ID="line_9" HPOS="67" VPOS="640" WIDTH="1508" HEIGHT="45">
							<String ID="string_82" HPOS="67" VPOS="650" WIDTH="159" HEIGHT="35" WC="0.96" CONTENT="uppskov"/><SP WIDTH="18" VPOS="650" HPOS="226"/>
							<String ID="string_83" HPOS="244" VPOS="648" WIDTH="80" HEIGHT="30" WC="0.95" CONTENT="med"/><SP WIDTH="20" VPOS="648" HPOS="324"/>
							<String ID="string_84" HPOS="344" VPOS="646" WIDTH="291" HEIGHT="31" WC="0.95" CONTENT="ikraftträdandet"/><SP WIDTH="19" VPOS="646" HPOS="635"/>
							<String ID="string_85" HPOS="654" VPOS="655" WIDTH="42" HEIGHT="20" WC="0.96" CONTENT="av"/><SP WIDTH="20" VPOS="655" HPOS="696"/>
							<String ID="string_86" HPOS="716" VPOS="645" WIDTH="137" HEIGHT="30" WC="0.93" CONTENT="skatten"/><SP WIDTH="20" VPOS="645" HPOS="853"/>
							<String ID="string_87" HPOS="873" VPOS="643" WIDTH="20" HEIGHT="30" WC="0.91" CONTENT="å"/><SP WIDTH="19" VPOS="643" HPOS="893"/>
							<String ID="string_88" HPOS="912" VPOS="642" WIDTH="201" HEIGHT="36" WC="0.91" CONTENT="motorsprit"/><SP WIDTH="19" VPOS="642" HPOS="1113"/>
							<String ID="string_89" HPOS="1132" VPOS="641" WIDTH="229" HEIGHT="36" WC="0.93" CONTENT="begränsades"/><SP WIDTH="20" VPOS="641" HPOS="1361"/>
							<String ID="string_90" HPOS="1381" VPOS="640" WIDTH="194" HEIGHT="35" WC="0.91" CONTENT="uppskovet"/>
						</TextLine>
						<TextLine ID="line_10" HPOS="67" VPOS="696" WIDTH="415" HEIGHT="39">
							<String ID="string_91" HPOS="67" VPOS="699" WIDTH="97" HEIGHT="36" WC="0.96" CONTENT="varje"/><SP WIDTH="20" VPOS="699" HPOS="164"/>
							<String ID="string_92" HPOS="184" VPOS="698" WIDTH="89" HEIGHT="37" WC="0.95" CONTENT="gång"/><SP WIDTH="22" VPOS="698" HPOS="273"/>
							<String ID="string_93" HPOS="295" VPOS="698" WIDTH="51" HEIGHT="30" WC="0.95" CONTENT="till"/><SP WIDTH="23" VPOS="698" HPOS="346"/>
							<String ID="string_94" HPOS="369" VPOS="701" WIDTH="46" HEIGHT="27" WC="0.96" CONTENT="ett"/><SP WIDTH="19" VPOS="701" HPOS="415"/>
							<String ID="string_95" HPOS="434" VPOS="696" WIDTH="48" HEIGHT="31" WC="0.96" CONTENT="år."/>
						</TextLine>
					</TextBlock>
					<TextBlock ID="block_3" HPOS="70" VPOS="739" WIDTH="1506" HEIGHT="100">
						<TextLine ID="line_11" HPOS="114" VPOS="739" WIDTH="1462" HEIGHT="43">
							<String ID="string_96" HPOS="114" VPOS="750" WIDTH="66" HEIGHT="30" WC="0.95" CONTENT="Till"/><SP WIDTH="22" VPOS="750" HPOS="180"/>
							<String ID="string_97" HPOS="202" VPOS="749" WIDTH="77" HEIGHT="31" WC="0.96" CONTENT="stöd"/><SP WIDTH="22" VPOS="749" HPOS="279"/>
							<String ID="string_98" HPOS="301" VPOS="748" WIDTH="55" HEIGHT="31" WC="0.96" CONTENT="för"/><SP WIDTH="18" VPOS="748" HPOS="356"/>
							<String ID="string_99" HPOS="374" VPOS="748" WIDTH="57" HEIGHT="30" WC="0.96" CONTENT="det"/><SP WIDTH="22" VPOS="748" HPOS="431"/>
							<String ID="string_100" HPOS="453" VPOS="747" WIDTH="11" HEIGHT="30" WC="0.96" CONTENT="i"/><SP WIDTH="23" VPOS="747" HPOS="464"/>
							<String ID="string_101" HPOS="487" VPOS="746" WIDTH="68" HEIGHT="31" WC="0.96" CONTENT="den"/><SP WIDTH="19" VPOS="746" HPOS="555"/>
							<String ID="string_102" HPOS="574" VPOS="745" WIDTH="235" HEIGHT="37" WC="0.96" CONTENT="föreliggande"/><SP WIDTH="16" VPOS="745" HPOS="809"/>
							<String ID="string_103" HPOS="825" VPOS="744" WIDTH="260" HEIGHT="38" WC="0.96" CONTENT="propositionen"/><SP WIDTH="23" VPOS="744" HPOS="1085"/>
							<String ID="string_104" HPOS="1108" VPOS="742" WIDTH="195" HEIGHT="35" WC="0.96" CONTENT="framlagda"/><SP WIDTH="23" VPOS="742" HPOS="1303"/>
							<String ID="string_105" HPOS="1326" VPOS="740" WIDTH="163" HEIGHT="36" WC="0.96" CONTENT="förslaget"/><SP WIDTH="23" VPOS="740" HPOS="1489"/>
							<String ID="string_106" HPOS="1512" VPOS="739" WIDTH="64" HEIGHT="30" WC="0.96" CONTENT="har"/>
						</TextLine>
						<TextLine ID="line_12" HPOS="70" VPOS="795" WIDTH="708" HEIGHT="44">
							<String ID="string_107" HPOS="70" VPOS="798" WIDTH="378" HEIGHT="41" WC="0.91" CONTENT="departementschefen"/><SP WIDTH="25" VPOS="798" HPOS="448"/>
							<String ID="string_108" HPOS="473" VPOS="798" WIDTH="117" HEIGHT="30" WC="0.96" CONTENT="anfört"/><SP WIDTH="21" VPOS="798" HPOS="590"/>
							<String ID="string_109" HPOS="611" VPOS="795" WIDTH="167" HEIGHT="37" WC="0.95" CONTENT="följande:"/>
						</TextLine>
					</TextBlock>
					<TextBlock ID="block_4" HPOS="69" VPOS="840" WIDTH="1511" HEIGHT="603">
						<TextLine ID="line_13" HPOS="118" VPOS="840" WIDTH="1459" HEIGHT="43">
							<String ID="string_110" HPOS="118" VPOS="850" WIDTH="140" HEIGHT="30" WC="0.79" CONTENT="&gt;Såsom"/><SP WIDTH="26" VPOS="850" HPOS="258"/>
							<String ID="string_111" HPOS="284" VPOS="859" WIDTH="42" HEIGHT="20" WC="0.96" CONTENT="av"/><SP WIDTH="24" VPOS="859" HPOS="326"/>
							<String ID="string_112" HPOS="350" VPOS="849" WIDTH="66" HEIGHT="30" WC="0.96" CONTENT="den"/><SP WIDTH="22" VPOS="849" HPOS="416"/>
							<String ID="string_113" HPOS="438" VPOS="848" WIDTH="163" HEIGHT="30" WC="0.96" CONTENT="lämnade"/><SP WIDTH="20" VPOS="848" HPOS="601"/>
							<String ID="string_114" HPOS="621" VPOS="847" WIDTH="241" HEIGHT="36" WC="0.96" CONTENT="redogörelsen"/><SP WIDTH="22" VPOS="847" HPOS="862"/>
							<String ID="string_115" HPOS="884" VPOS="843" WIDTH="165" HEIGHT="38" WC="0.96" CONTENT="framgår,"/><SP WIDTH="23" VPOS="843" HPOS="1049"/>
							<String ID="string_116" HPOS="1072" VPOS="844" WIDTH="65" HEIGHT="30" WC="0.96" CONTENT="har"/><SP WIDTH="22" VPOS="844" HPOS="1137"/>
							<String ID="string_117" HPOS="1159" VPOS="843" WIDTH="111" HEIGHT="30" WC="0.96" CONTENT="under"/><SP WIDTH="22" VPOS="843" HPOS="1270"/>
							<String ID="string_118" HPOS="1292" VPOS="851" WIDTH="43" HEIGHT="21" WC="0.96" CONTENT="en"/><SP WIDTH="23" VPOS="851" HPOS="1335"/>
							<String ID="string_119" HPOS="1358" VPOS="840" WIDTH="88" HEIGHT="37" WC="0.95" CONTENT="följd"/><SP WIDTH="25" VPOS="840" HPOS="1446"/>
							<String ID="string_120" HPOS="1471" VPOS="850" WIDTH="42" HEIGHT="21" WC="0.96" CONTENT="av"/><SP WIDTH="25" VPOS="850" HPOS="1513"/>
							<String ID="string_121" HPOS="1538" VPOS="840" WIDTH="39" HEIGHT="30" WC="0.96" CONTENT="år"/>
						</TextLine>
						<TextLine ID="line_14" HPOS="69" VPOS="892" WIDTH="1509" HEIGHT="45">
							<String ID="string_122" HPOS="69" VPOS="901" WIDTH="159" HEIGHT="36" WC="0.96" CONTENT="uppskov"/><SP WIDTH="26" VPOS="901" HPOS="228"/>
							<String ID="string_123" HPOS="254" VPOS="899" WIDTH="185" HEIGHT="31" WC="0.95" CONTENT="successivt"/><SP WIDTH="23" VPOS="899" HPOS="439"/>
							<String ID="string_124" HPOS="462" VPOS="897" WIDTH="181" HEIGHT="37" WC="0.96" CONTENT="medgivits"/><SP WIDTH="25" VPOS="897" HPOS="643"/>
							<String ID="string_125" HPOS="668" VPOS="898" WIDTH="80" HEIGHT="29" WC="0.96" CONTENT="med"/><SP WIDTH="24" VPOS="898" HPOS="748"/>
							<String ID="string_126" HPOS="772" VPOS="895" WIDTH="292" HEIGHT="31" WC="0.69" CONTENT="ikraftträdandet"/><SP WIDTH="26" VPOS="895" HPOS="1064"/>
							<String ID="string_127" HPOS="1090" VPOS="904" WIDTH="43" HEIGHT="20" WC="0.96" CONTENT="av"/><SP WIDTH="24" VPOS="904" HPOS="1133"/>
							<String ID="string_128" HPOS="1157" VPOS="895" WIDTH="66" HEIGHT="30" WC="0.96" CONTENT="den"/><SP WIDTH="24" VPOS="895" HPOS="1223"/>
							<String ID="string_129" HPOS="1247" VPOS="892" WIDTH="169" HEIGHT="31" WC="0.96" CONTENT="särskilda"/><SP WIDTH="25" VPOS="892" HPOS="1416"/>
							<String ID="string_130" HPOS="1441" VPOS="892" WIDTH="137" HEIGHT="30" WC="0.96" CONTENT="skatten"/>
						</TextLine>
						<TextLine ID="line_15" HPOS="69" VPOS="941" WIDTH="1508" HEIGHT="45">
							<String ID="string_131" HPOS="69" VPOS="951" WIDTH="21" HEIGHT="30" WC="0.91" CONTENT="å"/><SP WIDTH="25" VPOS="951" HPOS="90"/>
							<String ID="string_132" HPOS="115" VPOS="950" WIDTH="208" HEIGHT="36" WC="0.92" CONTENT="motorsprit."/><SP WIDTH="26" VPOS="950" HPOS="323"/>
							<String ID="string_133" HPOS="349" VPOS="949" WIDTH="64" HEIGHT="30" WC="0.96" CONTENT="Det"/><SP WIDTH="22" VPOS="949" HPOS="413"/>
							<String ID="string_134" HPOS="435" VPOS="949" WIDTH="97" HEIGHT="30" WC="0.96" CONTENT="torde"/><SP WIDTH="27" VPOS="949" HPOS="532"/>
							<String ID="string_135" HPOS="559" VPOS="948" WIDTH="10" HEIGHT="30" WC="0.96" CONTENT="i"/><SP WIDTH="26" VPOS="948" HPOS="569"/>
							<String ID="string_136" HPOS="595" VPOS="948" WIDTH="65" HEIGHT="30" WC="0.96" CONTENT="och"/><SP WIDTH="25" VPOS="948" HPOS="660"/>
							<String ID="string_137" HPOS="685" VPOS="947" WIDTH="56" HEIGHT="30" WC="0.96" CONTENT="för"/><SP WIDTH="25" VPOS="947" HPOS="741"/>
							<String ID="string_138" HPOS="766" VPOS="946" WIDTH="51" HEIGHT="37" WC="0.96" CONTENT="sig"/><SP WIDTH="23" VPOS="946" HPOS="817"/>
							<String ID="string_139" HPOS="840" VPOS="955" WIDTH="83" HEIGHT="22" WC="0.96" CONTENT="vara"/><SP WIDTH="25" VPOS="955" HPOS="923"/>
							<String ID="string_140" HPOS="948" VPOS="945" WIDTH="167" HEIGHT="30" WC="0.96" CONTENT="önskvärt"/><SP WIDTH="25" VPOS="945" HPOS="1115"/>
							<String ID="string_141" HPOS="1140" VPOS="948" WIDTH="49" HEIGHT="26" WC="0.95" CONTENT="att"/><SP WIDTH="24" VPOS="948" HPOS="1189"/>
							<String ID="string_142" HPOS="1213" VPOS="947" WIDTH="45" HEIGHT="26" WC="0.96" CONTENT="ett"/><SP WIDTH="25" VPOS="947" HPOS="1258"/>
							<String ID="string_143" HPOS="1283" VPOS="952" WIDTH="96" HEIGHT="21" WC="0.96" CONTENT="mera"/><SP WIDTH="25" VPOS="952" HPOS="1379"/>
							<String ID="string_144" HPOS="1404" VPOS="941" WIDTH="173" HEIGHT="31" WC="0.96" CONTENT="definitivt"/>
						</TextLine>
						<TextLine ID="line_16" HPOS="69" VPOS="992" WIDTH="1508" HEIGHT="40">
							<String ID="string_145" HPOS="69" VPOS="1002" WIDTH="113" HEIGHT="30" WC="0.96" CONTENT="beslut"/><SP WIDTH="28" VPOS="1002" HPOS="182"/>
							<String ID="string_146" HPOS="210" VPOS="1001" WIDTH="12" HEIGHT="30" WC="0.96" CONTENT="i"/><SP WIDTH="26" VPOS="1001" HPOS="222"/>
							<String ID="string_147" HPOS="248" VPOS="1002" WIDTH="116" HEIGHT="28" WC="0.96" CONTENT="ämnet"/><SP WIDTH="27" VPOS="1002" HPOS="364"/>
							<String ID="string_148" HPOS="391" VPOS="1009" WIDTH="47" HEIGHT="21" WC="0.92" CONTENT="nu"/><SP WIDTH="26" VPOS="1009" HPOS="438"/>
							<String ID="string_149" HPOS="464" VPOS="999" WIDTH="129" HEIGHT="30" WC="0.90" CONTENT="fattas.."/><SP WIDTH="15" VPOS="999" HPOS="593"/>
							<String ID="string_150" HPOS="608" VPOS="997" WIDTH="199" HEIGHT="31" WC="0.92" CONTENT="Emellertid"/><SP WIDTH="28" VPOS="997" HPOS="807"/>
							<String ID="string_151" HPOS="835" VPOS="996" WIDTH="106" HEIGHT="35" WC="0.37" CONTENT="tordåe,"/><SP WIDTH="29" VPOS="996" HPOS="941"/>
							<String ID="string_152" HPOS="970" VPOS="995" WIDTH="107" HEIGHT="30" WC="0.96" CONTENT="sedan"/><SP WIDTH="28" VPOS="995" HPOS="1077"/>
							<String ID="string_153" HPOS="1105" VPOS="994" WIDTH="109" HEIGHT="36" WC="0.96" CONTENT="kriget"/><SP WIDTH="26" VPOS="994" HPOS="1214"/>
							<String ID="string_154" HPOS="1240" VPOS="1002" WIDTH="145" HEIGHT="21" WC="0.96" CONTENT="numera"/><SP WIDTH="29" VPOS="1002" HPOS="1385"/>
							<String ID="string_155" HPOS="1414" VPOS="992" WIDTH="163" HEIGHT="36" WC="0.96" CONTENT="upphört,"/>
						</TextLine>
						<TextLine ID="line_17" HPOS="72" VPOS="1042" WIDTH="1505" HEIGHT="44">
							<String ID="string_156" HPOS="72" VPOS="1052" WIDTH="81" HEIGHT="29" WC="0.96" CONTENT="hela"/><SP WIDTH="28" VPOS="1052" HPOS="153"/>
							<String ID="string_157" HPOS="181" VPOS="1049" WIDTH="124" HEIGHT="37" WC="0.96" CONTENT="frågan"/><SP WIDTH="28" VPOS="1049" HPOS="305"/>
							<String ID="string_158" HPOS="333" VPOS="1059" WIDTH="60" HEIGHT="20" WC="0.96" CONTENT="om"/><SP WIDTH="32" VPOS="1059" HPOS="393"/>
							<String ID="string_159" HPOS="425" VPOS="1049" WIDTH="67" HEIGHT="30" WC="0.96" CONTENT="den"/><SP WIDTH="30" VPOS="1049" HPOS="492"/>
							<String ID="string_160" HPOS="522" VPOS="1047" WIDTH="181" HEIGHT="31" WC="0.96" CONTENT="inhemska"/><SP WIDTH="31" VPOS="1047" HPOS="703"/>
							<String ID="string_161" HPOS="734" VPOS="1046" WIDTH="258" HEIGHT="37" WC="0.96" CONTENT="produktionen"/><SP WIDTH="32" VPOS="1046" HPOS="992"/>
							<String ID="string_162" HPOS="1024" VPOS="1054" WIDTH="42" HEIGHT="21" WC="0.90" CONTENT="av"/><SP WIDTH="31" VPOS="1054" HPOS="1066"/>
							<String ID="string_163" HPOS="1097" VPOS="1043" WIDTH="184" HEIGHT="37" WC="0.90" CONTENT="sulfitsprit"/><SP WIDTH="30" VPOS="1043" HPOS="1281"/>
							<String ID="string_164" HPOS="1311" VPOS="1043" WIDTH="65" HEIGHT="30" WC="0.96" CONTENT="och"/><SP WIDTH="29" VPOS="1043" HPOS="1376"/>
							<String ID="string_165" HPOS="1405" VPOS="1052" WIDTH="56" HEIGHT="21" WC="0.89" CONTENT="om"/><SP WIDTH="33" VPOS="1052" HPOS="1461"/>
							<String ID="string_166" HPOS="1494" VPOS="1042" WIDTH="83" HEIGHT="36" WC="0.66" CONTENT="spri-"/>
						</TextLine>
						<TextLine ID="line_18" HPOS="72" VPOS="1093" WIDTH="1506" HEIGHT="43">
							<String ID="string_167" HPOS="72" VPOS="1106" WIDTH="75" HEIGHT="26" WC="0.96" CONTENT="tens"/><SP WIDTH="31" VPOS="1106" HPOS="147"/>
							<String ID="string_168" HPOS="178" VPOS="1100" WIDTH="197" HEIGHT="36" WC="0.93" CONTENT="fördelning"/><SP WIDTH="29" VPOS="1100" HPOS="375"/>
							<String ID="string_169" HPOS="404" VPOS="1098" WIDTH="21" HEIGHT="31" WC="0.92" CONTENT="å"/><SP WIDTH="31" VPOS="1098" HPOS="425"/>
							<String ID="string_170" HPOS="456" VPOS="1099" WIDTH="94" HEIGHT="30" WC="0.93" CONTENT="olika"/><SP WIDTH="30" VPOS="1099" HPOS="550"/>
							<String ID="string_171" HPOS="580" VPOS="1095" WIDTH="409" HEIGHT="33" WC="0.91" CONTENT="konsumtionsändamål"/><SP WIDTH="31" VPOS="1095" HPOS="989"/>
							<String ID="string_172" HPOS="1020" VPOS="1095" WIDTH="84" HEIGHT="30" WC="0.96" CONTENT="böra"/><SP WIDTH="33" VPOS="1095" HPOS="1104"/>
							<String ID="string_173" HPOS="1137" VPOS="1097" WIDTH="169" HEIGHT="34" WC="0.96" CONTENT="upptagas"/><SP WIDTH="32" VPOS="1097" HPOS="1306"/>
							<String ID="string_174" HPOS="1338" VPOS="1093" WIDTH="49" HEIGHT="31" WC="0.93" CONTENT="till"/><SP WIDTH="33" VPOS="1093" HPOS="1387"/>
							<String ID="string_175" HPOS="1420" VPOS="1094" WIDTH="158" HEIGHT="35" WC="0.92" CONTENT="ompröv-"/>
						</TextLine>
						<TextLine ID="line_19" HPOS="70" VPOS="1144" WIDTH="1508" HEIGHT="45">
							<String ID="string_176" HPOS="70" VPOS="1154" WIDTH="93" HEIGHT="35" WC="0.93" CONTENT="ning."/><SP WIDTH="29" VPOS="1154" HPOS="163"/>
							<String ID="string_177" HPOS="192" VPOS="1153" WIDTH="65" HEIGHT="29" WC="0.96" CONTENT="Vid"/><SP WIDTH="27" VPOS="1153" HPOS="257"/>
							<String ID="string_178" HPOS="284" VPOS="1151" WIDTH="123" HEIGHT="31" WC="0.96" CONTENT="sådant"/><SP WIDTH="26" VPOS="1151" HPOS="407"/>
							<String ID="string_179" HPOS="433" VPOS="1149" WIDTH="220" HEIGHT="32" WC="0.96" CONTENT="förhållande"/><SP WIDTH="26" VPOS="1149" HPOS="653"/>
							<String ID="string_180" HPOS="679" VPOS="1150" WIDTH="66" HEIGHT="29" WC="0.96" CONTENT="och"/><SP WIDTH="30" VPOS="1150" HPOS="745"/>
							<String ID="string_181" HPOS="775" VPOS="1148" WIDTH="44" HEIGHT="30" WC="0.96" CONTENT="då"/><SP WIDTH="27" VPOS="1148" HPOS="819"/>
							<String ID="string_182" HPOS="846" VPOS="1147" WIDTH="125" HEIGHT="36" WC="0.96" CONTENT="frågan"/><SP WIDTH="30" VPOS="1147" HPOS="971"/>
							<String ID="string_183" HPOS="1001" VPOS="1156" WIDTH="59" HEIGHT="20" WC="0.95" CONTENT="om"/><SP WIDTH="26" VPOS="1156" HPOS="1060"/>
							<String ID="string_184" HPOS="1086" VPOS="1147" WIDTH="91" HEIGHT="29" WC="0.93" CONTENT="skatt"/><SP WIDTH="29" VPOS="1147" HPOS="1177"/>
							<String ID="string_185" HPOS="1206" VPOS="1144" WIDTH="20" HEIGHT="31" WC="0.92" CONTENT="å"/><SP WIDTH="29" VPOS="1144" HPOS="1226"/>
							<String ID="string_186" HPOS="1255" VPOS="1144" WIDTH="198" HEIGHT="36" WC="0.91" CONTENT="motorsprit"/><SP WIDTH="29" VPOS="1144" HPOS="1453"/>
							<String ID="string_187" HPOS="1482" VPOS="1144" WIDTH="96" HEIGHT="29" WC="0.96" CONTENT="torde"/>
						</TextLine>
						<TextLine ID="line_20" HPOS="73" VPOS="1195" WIDTH="1506" HEIGHT="44">
							<String ID="string_188" HPOS="73" VPOS="1203" WIDTH="85" HEIGHT="30" WC="0.96" CONTENT="böra"/><SP WIDTH="23" VPOS="1203" HPOS="158"/>
							<String ID="string_189" HPOS="181" VPOS="1203" WIDTH="124" HEIGHT="36" WC="0.96" CONTENT="prövas"/><SP WIDTH="22" VPOS="1203" HPOS="305"/>
							<String ID="string_190" HPOS="327" VPOS="1201" WIDTH="111" HEIGHT="30" WC="0.96" CONTENT="under"/><SP WIDTH="18" VPOS="1201" HPOS="438"/>
							<String ID="string_191" HPOS="456" VPOS="1199" WIDTH="197" HEIGHT="31" WC="0.96" CONTENT="beaktande"/><SP WIDTH="20" VPOS="1199" HPOS="653"/>
							<String ID="string_192" HPOS="673" VPOS="1198" WIDTH="131" HEIGHT="37" WC="0.96" CONTENT="jämväl"/><SP WIDTH="22" VPOS="1198" HPOS="804"/>
							<String ID="string_193" HPOS="826" VPOS="1207" WIDTH="43" HEIGHT="21" WC="0.96" CONTENT="av"/><SP WIDTH="22" VPOS="1207" HPOS="869"/>
							<String ID="string_194" HPOS="891" VPOS="1197" WIDTH="56" HEIGHT="30" WC="0.96" CONTENT="det"/><SP WIDTH="23" VPOS="1197" HPOS="947"/>
							<String ID="string_195" HPOS="970" VPOS="1197" WIDTH="129" HEIGHT="35" WC="0.95" CONTENT="förslag"/><SP WIDTH="20" VPOS="1197" HPOS="1099"/>
							<String ID="string_196" HPOS="1119" VPOS="1205" WIDTH="57" HEIGHT="21" WC="0.96" CONTENT="om"/><SP WIDTH="20" VPOS="1205" HPOS="1176"/>
							<String ID="string_197" HPOS="1196" VPOS="1195" WIDTH="113" HEIGHT="37" WC="0.95" CONTENT="statlig"/><SP WIDTH="20" VPOS="1195" HPOS="1309"/>
							<String ID="string_198" HPOS="1329" VPOS="1195" WIDTH="148" HEIGHT="30" WC="0.96" CONTENT="kontroll"/><SP WIDTH="22" VPOS="1195" HPOS="1477"/>
							<String ID="string_199" HPOS="1499" VPOS="1195" WIDTH="80" HEIGHT="29" WC="0.96" CONTENT="över"/>
						</TextLine>
						<TextLine ID="line_21" HPOS="72" VPOS="1244" WIDTH="1506" HEIGHT="46">
							<String ID="string_200" HPOS="72" VPOS="1255" WIDTH="172" HEIGHT="35" WC="0.96" CONTENT="importen"/><SP WIDTH="26" VPOS="1255" HPOS="244"/>
							<String ID="string_201" HPOS="270" VPOS="1263" WIDTH="43" HEIGHT="21" WC="0.96" CONTENT="av"/><SP WIDTH="29" VPOS="1263" HPOS="313"/>
							<String ID="string_202" HPOS="342" VPOS="1253" WIDTH="65" HEIGHT="30" WC="0.96" CONTENT="och"/><SP WIDTH="28" VPOS="1253" HPOS="407"/>
							<String ID="string_203" HPOS="435" VPOS="1251" WIDTH="155" HEIGHT="31" WC="0.94" CONTENT="handeln"/><SP WIDTH="26" VPOS="1251" HPOS="590"/>
							<String ID="string_204" HPOS="616" VPOS="1251" WIDTH="79" HEIGHT="30" WC="0.93" CONTENT="med"/><SP WIDTH="28" VPOS="1251" HPOS="695"/>
							<String ID="string_205" HPOS="723" VPOS="1248" WIDTH="214" HEIGHT="37" WC="0.88" CONTENT="brännoljor,"/><SP WIDTH="31" VPOS="1248" HPOS="937"/>
							<String ID="string_206" HPOS="968" VPOS="1258" WIDTH="74" HEIGHT="20" WC="0.95" CONTENT="som"/><SP WIDTH="28" VPOS="1258" HPOS="1042"/>
							<String ID="string_207" HPOS="1070" VPOS="1247" WIDTH="66" HEIGHT="30" WC="0.93" CONTENT="den"/><SP WIDTH="30" VPOS="1247" HPOS="1136"/>
							<String ID="string_208" HPOS="1166" VPOS="1256" WIDTH="24" HEIGHT="21" WC="0.90" CONTENT="s."/><SP WIDTH="30" VPOS="1256" HPOS="1190"/>
							<String ID="string_209" HPOS="1220" VPOS="1247" WIDTH="32" HEIGHT="29" WC="0.91" CONTENT="k."/><SP WIDTH="30" VPOS="1247" HPOS="1252"/>
							<String ID="string_210" HPOS="1282" VPOS="1244" WIDTH="296" HEIGHT="38" WC="0.91" CONTENT="oljeutredningen"/>
						</TextLine>
						<TextLine ID="line_22" HPOS="76" VPOS="1295" WIDTH="1503" HEIGHT="41">
							<String ID="string_211" HPOS="76" VPOS="1306" WIDTH="81" HEIGHT="30" WC="0.95" CONTENT="1945"/><SP WIDTH="21" VPOS="1306" HPOS="157"/>
							<String ID="string_212" HPOS="178" VPOS="1306" WIDTH="122" HEIGHT="29" WC="0.96" CONTENT="väntas"/><SP WIDTH="21" VPOS="1306" HPOS="300"/>
							<String ID="string_213" HPOS="321" VPOS="1303" WIDTH="162" HEIGHT="31" WC="0.96" CONTENT="avlämna"/><SP WIDTH="20" VPOS="1303" HPOS="483"/>
							<String ID="string_214" HPOS="503" VPOS="1302" WIDTH="111" HEIGHT="30" WC="0.96" CONTENT="under"/><SP WIDTH="20" VPOS="1302" HPOS="614"/>
							<String ID="string_215" HPOS="634" VPOS="1300" WIDTH="236" HEIGHT="30" WC="0.96" CONTENT="innevarande"/><SP WIDTH="19" VPOS="1300" HPOS="870"/>
							<String ID="string_216" HPOS="889" VPOS="1298" WIDTH="48" HEIGHT="36" WC="0.96" CONTENT="år,"/><SP WIDTH="23" VPOS="1298" HPOS="937"/>
							<String ID="string_217" HPOS="960" VPOS="1307" WIDTH="101" HEIGHT="22" WC="0.96" CONTENT="anser"/><SP WIDTH="22" VPOS="1307" HPOS="1061"/>
							<String ID="string_218" HPOS="1083" VPOS="1297" WIDTH="58" HEIGHT="36" WC="0.96" CONTENT="jag"/><SP WIDTH="21" VPOS="1297" HPOS="1141"/>
							<String ID="string_219" HPOS="1162" VPOS="1297" WIDTH="69" HEIGHT="36" WC="0.96" CONTENT="mig"/><SP WIDTH="22" VPOS="1297" HPOS="1231"/>
							<String ID="string_220" HPOS="1253" VPOS="1297" WIDTH="85" HEIGHT="29" WC="0.96" CONTENT="böra"/><SP WIDTH="21" VPOS="1297" HPOS="1338"/>
							<String ID="string_221" HPOS="1359" VPOS="1295" WIDTH="91" HEIGHT="37" WC="0.93" CONTENT="ånyo"/><SP WIDTH="23" VPOS="1295" HPOS="1450"/>
							<String ID="string_222" HPOS="1473" VPOS="1295" WIDTH="106" HEIGHT="30" WC="0.91" CONTENT="fram-"/>
						</TextLine>
						<TextLine ID="line_23" HPOS="72" VPOS="1345" WIDTH="1508" HEIGHT="47">
							<String ID="string_223" HPOS="72" VPOS="1357" WIDTH="100" HEIGHT="35" WC="0.96" CONTENT="lägga"/><SP WIDTH="24" VPOS="1357" HPOS="172"/>
							<String ID="string_224" HPOS="196" VPOS="1355" WIDTH="129" HEIGHT="35" WC="0.96" CONTENT="förslag"/><SP WIDTH="26" VPOS="1355" HPOS="325"/>
							<String ID="string_225" HPOS="351" VPOS="1364" WIDTH="57" HEIGHT="20" WC="0.96" CONTENT="om"/><SP WIDTH="24" VPOS="1364" HPOS="408"/>
							<String ID="string_226" HPOS="432" VPOS="1353" WIDTH="138" HEIGHT="30" WC="0.95" CONTENT="fortsatt"/><SP WIDTH="25" VPOS="1353" HPOS="570"/>
							<String ID="string_227" HPOS="595" VPOS="1352" WIDTH="160" HEIGHT="36" WC="0.96" CONTENT="uppskov"/><SP WIDTH="26" VPOS="1352" HPOS="755"/>
							<String ID="string_228" HPOS="781" VPOS="1350" WIDTH="79" HEIGHT="30" WC="0.93" CONTENT="med"/><SP WIDTH="26" VPOS="1350" HPOS="860"/>
							<String ID="string_229" HPOS="886" VPOS="1350" WIDTH="154" HEIGHT="29" WC="0.92" CONTENT="skattens"/><SP WIDTH="27" VPOS="1350" HPOS="1040"/>
							<String ID="string_230" HPOS="1067" VPOS="1346" WIDTH="287" HEIGHT="36" WC="0.96" CONTENT="ikraftträdande,"/><SP WIDTH="26" VPOS="1346" HPOS="1354"/>
							<String ID="string_231" HPOS="1380" VPOS="1345" WIDTH="200" HEIGHT="37" WC="0.96" CONTENT="förslagsvis"/>
						</TextLine>
						<TextLine ID="line_24" HPOS="74" VPOS="1399" WIDTH="967" HEIGHT="44">
							<String ID="string_232" HPOS="74" VPOS="1406" WIDTH="111" HEIGHT="30" WC="0.96" CONTENT="under"/><SP WIDTH="22" VPOS="1406" HPOS="185"/>
							<String ID="string_233" HPOS="207" VPOS="1405" WIDTH="194" HEIGHT="38" WC="0.96" CONTENT="ytterligare"/><SP WIDTH="15" VPOS="1405" HPOS="401"/>
							<String ID="string_234" HPOS="416" VPOS="1407" WIDTH="48" HEIGHT="27" WC="0.96" CONTENT="ett"/><SP WIDTH="17" VPOS="1407" HPOS="464"/>
							<String ID="string_235" HPOS="481" VPOS="1402" WIDTH="40" HEIGHT="31" WC="0.96" CONTENT="år"/><SP WIDTH="21" VPOS="1402" HPOS="521"/>
							<String ID="string_236" HPOS="542" VPOS="1403" WIDTH="82" HEIGHT="30" WC="0.96" CONTENT="eller"/><SP WIDTH="21" VPOS="1403" HPOS="624"/>
							<String ID="string_237" HPOS="645" VPOS="1402" WIDTH="50" HEIGHT="29" WC="0.96" CONTENT="till"/><SP WIDTH="19" VPOS="1402" HPOS="695"/>
							<String ID="string_238" HPOS="714" VPOS="1402" WIDTH="67" HEIGHT="29" WC="0.96" CONTENT="den"/><SP WIDTH="24" VPOS="1402" HPOS="781"/>
							<String ID="string_239" HPOS="805" VPOS="1402" WIDTH="14" HEIGHT="28" WC="0.95" CONTENT="1"/><SP WIDTH="23" VPOS="1402" HPOS="819"/>
							<String ID="string_240" HPOS="842" VPOS="1399" WIDTH="63" HEIGHT="37" WC="0.95" CONTENT="juli"/><SP WIDTH="23" VPOS="1399" HPOS="905"/>
							<String ID="string_241" HPOS="928" VPOS="1400" WIDTH="113" HEIGHT="29" WC="0.84" CONTENT="1947.»"/>
						</TextLine>
					</TextBlock>
				</ComposedBlock>
				<ComposedBlock ID="cblock_2" HPOS="75" VPOS="1496" WIDTH="1505" HEIGHT="96">
					<TextBlock ID="block_5" HPOS="75" VPOS="1496" WIDTH="1505" HEIGHT="96">
						<TextLine ID="line_25" HPOS="120" VPOS="1496" WIDTH="1460" HEIGHT="44">
							<String ID="string_242" HPOS="120" VPOS="1506" WIDTH="180" HEIGHT="34" WC="0.96" CONTENT="Utskottet,"/><SP WIDTH="27" VPOS="1506" HPOS="300"/>
							<String ID="string_243" HPOS="327" VPOS="1513" WIDTH="74" HEIGHT="21" WC="0.96" CONTENT="som"/><SP WIDTH="24" VPOS="1513" HPOS="401"/>
							<String ID="string_244" HPOS="425" VPOS="1503" WIDTH="76" HEIGHT="30" WC="0.96" CONTENT="icke"/><SP WIDTH="25" VPOS="1503" HPOS="501"/>
							<String ID="string_245" HPOS="526" VPOS="1502" WIDTH="116" HEIGHT="31" WC="0.96" CONTENT="funnit"/><SP WIDTH="26" VPOS="1502" HPOS="642"/>
							<String ID="string_246" HPOS="668" VPOS="1500" WIDTH="187" HEIGHT="36" WC="0.94" CONTENT="anledning"/><SP WIDTH="27" VPOS="1500" HPOS="855"/>
							<String ID="string_247" HPOS="882" VPOS="1500" WIDTH="49" HEIGHT="29" WC="0.95" CONTENT="till"/><SP WIDTH="27" VPOS="1500" HPOS="931"/>
							<String ID="string_248" HPOS="958" VPOS="1499" WIDTH="139" HEIGHT="30" WC="0.96" CONTENT="erinran"/><SP WIDTH="24" VPOS="1499" HPOS="1097"/>
							<String ID="string_249" HPOS="1121" VPOS="1501" WIDTH="73" HEIGHT="27" WC="0.96" CONTENT="mot"/><SP WIDTH="25" VPOS="1501" HPOS="1194"/>
							<String ID="string_250" HPOS="1219" VPOS="1497" WIDTH="122" HEIGHT="37" WC="0.94" CONTENT="Kungl."/><SP WIDTH="26" VPOS="1497" HPOS="1341"/>
							<String ID="string_251" HPOS="1367" VPOS="1496" WIDTH="119" HEIGHT="37" WC="0.93" CONTENT="Maj:ts"/><SP WIDTH="26" VPOS="1496" HPOS="1486"/>
							<String ID="string_252" HPOS="1512" VPOS="1496" WIDTH="68" HEIGHT="30" WC="0.91" CONTENT="för-"/>
						</TextLine>
						<TextLine ID="line_26" HPOS="75" VPOS="1554" WIDTH="368" HEIGHT="38">
							<String ID="string_253" HPOS="75" VPOS="1557" WIDTH="83" HEIGHT="35" WC="0.96" CONTENT="slag,"/><SP WIDTH="20" VPOS="1557" HPOS="158"/>
							<String ID="string_254" HPOS="178" VPOS="1555" WIDTH="55" HEIGHT="31" WC="0.93" CONTENT="får"/><SP WIDTH="17" VPOS="1555" HPOS="233"/>
							<String ID="string_255" HPOS="250" VPOS="1554" WIDTH="193" HEIGHT="35" WC="0.90" CONTENT="hemställa,"/>
						</TextLine>
					</TextBlock>
				</ComposedBlock>
				<ComposedBlock ID="cblock_3" HPOS="386" VPOS="1612" WIDTH="1198" HEIGHT="191">
					<TextBlock ID="block_6" HPOS="386" VPOS="1612" WIDTH="1198" HEIGHT="191">
						<TextLine ID="line_27" HPOS="428" VPOS="1612" WIDTH="1153" HEIGHT="42">
							<String ID="string_256" HPOS="428" VPOS="1623" WIDTH="50" HEIGHT="27" WC="0.96" CONTENT="att"/><SP WIDTH="25" VPOS="1623" HPOS="478"/>
							<String ID="string_257" HPOS="503" VPOS="1619" WIDTH="185" HEIGHT="35" WC="0.95" CONTENT="riksdagen"/><SP WIDTH="23" VPOS="1619" HPOS="688"/>
							<String ID="string_258" HPOS="711" VPOS="1617" WIDTH="115" HEIGHT="36" WC="0.96" CONTENT="måtte,"/><SP WIDTH="29" VPOS="1617" HPOS="826"/>
							<String ID="string_259" HPOS="855" VPOS="1616" WIDTH="79" HEIGHT="31" WC="0.94" CONTENT="med"/><SP WIDTH="26" VPOS="1616" HPOS="934"/>
							<String ID="string_260" HPOS="960" VPOS="1615" WIDTH="100" HEIGHT="31" WC="0.94" CONTENT="bifall"/><SP WIDTH="23" VPOS="1615" HPOS="1060"/>
							<String ID="string_261" HPOS="1083" VPOS="1615" WIDTH="51" HEIGHT="30" WC="0.95" CONTENT="till"/><SP WIDTH="21" VPOS="1615" HPOS="1134"/>
							<String ID="string_262" HPOS="1155" VPOS="1615" WIDTH="121" HEIGHT="36" WC="0.95" CONTENT="Kungl."/><SP WIDTH="29" VPOS="1615" HPOS="1276"/>
							<String ID="string_263" HPOS="1305" VPOS="1612" WIDTH="118" HEIGHT="38" WC="0.93" CONTENT="Maj:ts"/><SP WIDTH="25" VPOS="1612" HPOS="1423"/>
							<String ID="string_264" HPOS="1448" VPOS="1613" WIDTH="133" HEIGHT="30" WC="0.91" CONTENT="föreva-"/>
						</TextLine>
						<TextLine ID="line_28" HPOS="386" VPOS="1664" WIDTH="1198" HEIGHT="42">
							<String ID="string_265" HPOS="386" VPOS="1670" WIDTH="107" HEIGHT="31" WC="0.96" CONTENT="rande"/><SP WIDTH="18" VPOS="1670" HPOS="493"/>
							<String ID="string_266" HPOS="511" VPOS="1669" WIDTH="216" HEIGHT="37" WC="0.96" CONTENT="proposition"/><SP WIDTH="19" VPOS="1669" HPOS="727"/>
							<String ID="string_267" HPOS="746" VPOS="1677" WIDTH="42" HEIGHT="20" WC="0.96" CONTENT="nr"/><SP WIDTH="19" VPOS="1677" HPOS="788"/>
							<String ID="string_268" HPOS="807" VPOS="1669" WIDTH="51" HEIGHT="34" WC="0.95" CONTENT="42,"/><SP WIDTH="23" VPOS="1669" HPOS="858"/>
							<String ID="string_269" HPOS="881" VPOS="1671" WIDTH="125" HEIGHT="31" WC="0.96" CONTENT="antaga"/><SP WIDTH="21" VPOS="1671" HPOS="1006"/>
							<String ID="string_270" HPOS="1027" VPOS="1667" WIDTH="57" HEIGHT="29" WC="0.96" CONTENT="det"/><SP WIDTH="20" VPOS="1667" HPOS="1084"/>
							<String ID="string_271" HPOS="1104" VPOS="1666" WIDTH="57" HEIGHT="30" WC="0.96" CONTENT="vid"/><SP WIDTH="20" VPOS="1666" HPOS="1161"/>
							<String ID="string_272" HPOS="1181" VPOS="1665" WIDTH="258" HEIGHT="37" WC="0.96" CONTENT="propositionen"/><SP WIDTH="19" VPOS="1665" HPOS="1439"/>
							<String ID="string_273" HPOS="1458" VPOS="1664" WIDTH="126" HEIGHT="36" WC="0.96" CONTENT="fogade"/>
						</TextLine>
						<TextLine ID="line_29" HPOS="386" VPOS="1714" WIDTH="1197" HEIGHT="42">
							<String ID="string_274" HPOS="386" VPOS="1721" WIDTH="163" HEIGHT="35" WC="0.96" CONTENT="förslaget"/><SP WIDTH="23" VPOS="1721" HPOS="549"/>
							<String ID="string_275" HPOS="572" VPOS="1720" WIDTH="51" HEIGHT="30" WC="0.96" CONTENT="till"/><SP WIDTH="24" VPOS="1720" HPOS="623"/>
							<String ID="string_276" HPOS="647" VPOS="1718" WIDTH="204" HEIGHT="36" WC="0.96" CONTENT="förordning"/><SP WIDTH="24" VPOS="1718" HPOS="851"/>
							<String ID="string_277" HPOS="875" VPOS="1728" WIDTH="58" HEIGHT="19" WC="0.96" CONTENT="om"/><SP WIDTH="23" VPOS="1728" HPOS="933"/>
							<String ID="string_278" HPOS="956" VPOS="1717" WIDTH="138" HEIGHT="30" WC="0.96" CONTENT="fortsatt"/><SP WIDTH="26" VPOS="1717" HPOS="1094"/>
							<String ID="string_279" HPOS="1120" VPOS="1717" WIDTH="158" HEIGHT="35" WC="0.96" CONTENT="uppskov"/><SP WIDTH="24" VPOS="1717" HPOS="1278"/>
							<String ID="string_280" HPOS="1302" VPOS="1715" WIDTH="79" HEIGHT="30" WC="0.93" CONTENT="med"/><SP WIDTH="25" VPOS="1715" HPOS="1381"/>
							<String ID="string_281" HPOS="1406" VPOS="1714" WIDTH="177" HEIGHT="31" WC="0.91" CONTENT="ikraftträ-"/>
						</TextLine>
						<TextLine ID="line_30" HPOS="386" VPOS="1766" WIDTH="824" HEIGHT="37">
							<String ID="string_282" HPOS="386" VPOS="1771" WIDTH="128" HEIGHT="30" WC="0.92" CONTENT="dandet"/><SP WIDTH="23" VPOS="1771" HPOS="514"/>
							<String ID="string_283" HPOS="537" VPOS="1779" WIDTH="42" HEIGHT="21" WC="0.96" CONTENT="av"/><SP WIDTH="26" VPOS="1779" HPOS="579"/>
							<String ID="string_284" HPOS="605" VPOS="1769" WIDTH="216" HEIGHT="31" WC="0.96" CONTENT="föreskriven"/><SP WIDTH="23" VPOS="1769" HPOS="821"/>
							<String ID="string_285" HPOS="844" VPOS="1769" WIDTH="92" HEIGHT="30" WC="0.93" CONTENT="skatt"/><SP WIDTH="23" VPOS="1769" HPOS="936"/>
							<String ID="string_286" HPOS="959" VPOS="1767" WIDTH="21" HEIGHT="31" WC="0.90" CONTENT="å"/><SP WIDTH="21" VPOS="1767" HPOS="980"/>
							<String ID="string_287" HPOS="1001" VPOS="1766" WIDTH="209" HEIGHT="37" WC="0.91" CONTENT="motorsprit."/>
						</TextLine>
					</TextBlock>
				</ComposedBlock>
				<ComposedBlock ID="cblock_4" HPOS="126" VPOS="1836" WIDTH="1014" HEIGHT="117">
					<TextBlock ID="block_7" HPOS="126" VPOS="1836" WIDTH="1014" HEIGHT="117">
						<TextLine ID="line_31" HPOS="126" VPOS="1836" WIDTH="643" HEIGHT="33">
							<String ID="string_288" HPOS="126" VPOS="1839" WIDTH="200" HEIGHT="30" WC="0.96" CONTENT="Stockholm"/><SP WIDTH="21" VPOS="1839" HPOS="326"/>
							<String ID="string_289" HPOS="347" VPOS="1839" WIDTH="66" HEIGHT="29" WC="0.96" CONTENT="den"/><SP WIDTH="25" VPOS="1839" HPOS="413"/>
							<String ID="string_290" HPOS="438" VPOS="1838" WIDTH="38" HEIGHT="29" WC="0.96" CONTENT="14"/><SP WIDTH="25" VPOS="1838" HPOS="476"/>
							<String ID="string_291" HPOS="501" VPOS="1836" WIDTH="153" HEIGHT="31" WC="0.96" CONTENT="februari"/><SP WIDTH="22" VPOS="1836" HPOS="654"/>
							<String ID="string_292" HPOS="676" VPOS="1837" WIDTH="93" HEIGHT="29" WC="0.95" CONTENT="1946."/>
						</TextLine>
						<TextLine ID="line_32" HPOS="519" VPOS="1918" WIDTH="621" HEIGHT="35">
							<String ID="string_293" HPOS="519" VPOS="1918" WIDTH="48" HEIGHT="31" WC="0.93" CONTENT="På"/><SP WIDTH="19" VPOS="1918" HPOS="567"/>
							<String ID="string_294" HPOS="586" VPOS="1918" WIDTH="389" HEIGHT="35" WC="0.90" CONTENT="bevillningsutskotiets"/><SP WIDTH="22" VPOS="1918" HPOS="975"/>
							<String ID="string_295" HPOS="997" VPOS="1918" WIDTH="143" HEIGHT="34" WC="0.96" CONTENT="vägnar:"/>
						</TextLine>
					</TextBlock>
				</ComposedBlock>
				<ComposedBlock ID="cblock_5" HPOS="715" VPOS="1998" WIDTH="230" HEIGHT="36">
					<TextBlock ID="block_8" HPOS="715" VPOS="1998" WIDTH="230" HEIGHT="36">
						<TextLine ID="line_33" HPOS="715" VPOS="1998" WIDTH="230" HEIGHT="36">
							<String ID="string_296" HPOS="715" VPOS="2004" WIDTH="37" HEIGHT="29" WC="0.91" CONTENT="A."/><SP WIDTH="22" VPOS="2004" HPOS="752"/>
							<String ID="string_297" HPOS="774" VPOS="2003" WIDTH="29" HEIGHT="31" WC="0.90" CONTENT="J."/><SP WIDTH="18" VPOS="2003" HPOS="803"/>
							<String ID="string_298" HPOS="821" VPOS="1998" WIDTH="124" HEIGHT="34" WC="0.91" CONTENT="BÄRG."/>
						</TextLine>
					</TextBlock>
				</ComposedBlock>
				<ComposedBlock ID="cblock_6" HPOS="672" VPOS="2195" WIDTH="322" HEIGHT="30">
					<TextBlock ID="block_9" HPOS="672" VPOS="2195" WIDTH="322" HEIGHT="30">
						<TextLine ID="line_34" HPOS="672" VPOS="2195" WIDTH="322" HEIGHT="30">
							<String ID="string_299" HPOS="672" VPOS="2195" WIDTH="322" HEIGHT="30" WC="0.95" CONTENT="Närvarande:"/>
						</TextLine>
					</TextBlock>
				</ComposedBlock>
				<ComposedBlock ID="cblock_7" HPOS="82" VPOS="2257" WIDTH="1506" HEIGHT="78">
					<TextBlock ID="block_10" HPOS="82" VPOS="2257" WIDTH="1506" HEIGHT="78">
						<TextLine ID="line_35" HPOS="126" VPOS="2257" WIDTH="1462" HEIGHT="33">
							<String ID="string_300" HPOS="126" VPOS="2262" WIDTH="64" HEIGHT="25" WC="0.95" CONTENT="från"/><SP WIDTH="29" VPOS="2262" HPOS="190"/>
							<String ID="string_301" HPOS="219" VPOS="2263" WIDTH="135" HEIGHT="24" WC="0.95" CONTENT="första"/><SP WIDTH="32" VPOS="2263" HPOS="354"/>
							<String ID="string_302" HPOS="386" VPOS="2262" WIDTH="178" HEIGHT="24" WC="0.92" CONTENT="kammaren:"/><SP WIDTH="21" VPOS="2262" HPOS="564"/>
							<String ID="string_303" HPOS="585" VPOS="2261" WIDTH="98" HEIGHT="24" WC="0.94" CONTENT="herrar"/><SP WIDTH="21" VPOS="2261" HPOS="683"/>
							<String ID="string_304" HPOS="704" VPOS="2261" WIDTH="96" HEIGHT="24" WC="0.93" CONTENT="Johan"/><SP WIDTH="20" VPOS="2261" HPOS="800"/>
							<String ID="string_305" HPOS="820" VPOS="2260" WIDTH="81" HEIGHT="30" WC="0.91" CONTENT="Bärg,"/><SP WIDTH="21" VPOS="2260" HPOS="901"/>
							<String ID="string_306" HPOS="922" VPOS="2260" WIDTH="73" HEIGHT="23" WC="0.96" CONTENT="Elon"/><SP WIDTH="21" VPOS="2260" HPOS="995"/>
							<String ID="string_307" HPOS="1016" VPOS="2259" WIDTH="171" HEIGHT="29" WC="0.96" CONTENT="Andersson,"/><SP WIDTH="24" VPOS="2259" HPOS="1187"/>
							<String ID="string_308" HPOS="1211" VPOS="2258" WIDTH="173" HEIGHT="29" WC="0.1" CONTENT="Wallmark,"/><SP WIDTH="20" VPOS="2258" HPOS="1384"/>
							<String ID="string_309" HPOS="1404" VPOS="2258" WIDTH="123" HEIGHT="30" WC="0.96" CONTENT="friherre"/><SP WIDTH="23" VPOS="2258" HPOS="1527"/>
							<String ID="string_310" HPOS="1550" VPOS="2257" WIDTH="38" HEIGHT="24" WC="0.96" CONTENT="De"/>
						</TextLine>
						<TextLine ID="line_36" HPOS="82" VPOS="2299" WIDTH="1436" HEIGHT="36">
							<String ID="string_311" HPOS="82" VPOS="2305" WIDTH="77" HEIGHT="30" WC="0.95" CONTENT="Geer,"/><SP WIDTH="20" VPOS="2305" HPOS="159"/>
							<String ID="string_312" HPOS="179" VPOS="2305" WIDTH="119" HEIGHT="28" WC="0.95" CONTENT="Ekman,"/><SP WIDTH="22" VPOS="2305" HPOS="298"/>
							<String ID="string_313" HPOS="320" VPOS="2304" WIDTH="90" HEIGHT="24" WC="0.91" CONTENT="Frans"/><SP WIDTH="20" VPOS="2304" HPOS="410"/>
							<String ID="string_314" HPOS="430" VPOS="2303" WIDTH="130" HEIGHT="30" WC="0.93" CONTENT="Ericson,"/><SP WIDTH="22" VPOS="2303" HPOS="560"/>
							<String ID="string_315" HPOS="582" VPOS="2303" WIDTH="140" HEIGHT="28" WC="0.60" CONTENT="Heiäman,"/><SP WIDTH="22" VPOS="2303" HPOS="722"/>
							<String ID="string_316" HPOS="744" VPOS="2303" WIDTH="127" HEIGHT="23" WC="0.94" CONTENT="Herman"/><SP WIDTH="20" VPOS="2303" HPOS="871"/>
							<String ID="string_317" HPOS="891" VPOS="2301" WIDTH="135" HEIGHT="24" WC="0.96" CONTENT="Ericsson"/><SP WIDTH="20" VPOS="2301" HPOS="1026"/>
							<String ID="string_318" HPOS="1046" VPOS="2301" WIDTH="54" HEIGHT="24" WC="0.96" CONTENT="och"/><SP WIDTH="21" VPOS="2301" HPOS="1100"/>
							<String ID="string_319" HPOS="1121" VPOS="2300" WIDTH="64" HEIGHT="24" WC="0.96" CONTENT="Carl"/><SP WIDTH="20" VPOS="2300" HPOS="1185"/>
							<String ID="string_320" HPOS="1205" VPOS="2300" WIDTH="63" HEIGHT="24" WC="0.96" CONTENT="Eric"/><SP WIDTH="22" VPOS="2300" HPOS="1268"/>
							<String ID="string_321" HPOS="1290" VPOS="2299" WIDTH="133" HEIGHT="24" WC="0.96" CONTENT="Ericsson"/><SP WIDTH="21" VPOS="2299" HPOS="1423"/>
							<String ID="string_322" HPOS="1444" VPOS="2301" WIDTH="74" HEIGHT="22" WC="0.95" CONTENT="samt"/>
						</TextLine>
					</TextBlock>
				</ComposedBlock>
				<ComposedBlock ID="cblock_8" HPOS="82" VPOS="2357" WIDTH="1507" HEIGHT="79">
					<TextBlock ID="block_11" HPOS="82" VPOS="2357" WIDTH="1507" HEIGHT="79">
						<TextLine ID="line_37" HPOS="126" VPOS="2357" WIDTH="1463" HEIGHT="33">
							<String ID="string_323" HPOS="126" VPOS="2362" WIDTH="66" HEIGHT="24" WC="0.96" CONTENT="från"/><SP WIDTH="30" VPOS="2362" HPOS="192"/>
							<String ID="string_324" HPOS="222" VPOS="2362" WIDTH="125" HEIGHT="24" WC="0.95" CONTENT="andra"/><SP WIDTH="31" VPOS="2362" HPOS="347"/>
							<String ID="string_325" HPOS="378" VPOS="2362" WIDTH="180" HEIGHT="23" WC="0.95" CONTENT="kammaren:"/><SP WIDTH="22" VPOS="2362" HPOS="558"/>
							<String ID="string_326" HPOS="580" VPOS="2361" WIDTH="98" HEIGHT="23" WC="0.85" CONTENT="herrar"/><SP WIDTH="21" VPOS="2361" HPOS="678"/>
							<String ID="string_327" HPOS="699" VPOS="2360" WIDTH="137" HEIGHT="30" WC="0.95" CONTENT="Lövgren,"/><SP WIDTH="21" VPOS="2360" HPOS="836"/>
							<String ID="string_328" HPOS="857" VPOS="2359" WIDTH="133" HEIGHT="31" WC="0.91" CONTENT="Hagberg"/><SP WIDTH="22" VPOS="2359" HPOS="990"/>
							<String ID="string_329" HPOS="1012" VPOS="2359" WIDTH="8" HEIGHT="23" WC="0.95" CONTENT="i"/><SP WIDTH="21" VPOS="2359" HPOS="1020"/>
							<String ID="string_330" HPOS="1041" VPOS="2358" WIDTH="114" HEIGHT="29" WC="0.94" CONTENT="Malmö,"/><SP WIDTH="24" VPOS="2358" HPOS="1155"/>
							<String ID="string_331" HPOS="1179" VPOS="2358" WIDTH="169" HEIGHT="31" WC="0.95" CONTENT="Björklund,"/><SP WIDTH="21" VPOS="2358" HPOS="1348"/>
							<String ID="string_332" HPOS="1369" VPOS="2357" WIDTH="220" HEIGHT="29" WC="0.92" CONTENT="Hammarlund,"/>
						</TextLine>
						<TextLine ID="line_38" HPOS="82" VPOS="2400" WIDTH="1259" HEIGHT="36">
							<String ID="string_333" HPOS="82" VPOS="2404" WIDTH="119" HEIGHT="32" WC="0.90" CONTENT="Orgård,"/><SP WIDTH="21" VPOS="2404" HPOS="201"/>
							<String ID="string_334" HPOS="222" VPOS="2404" WIDTH="78" HEIGHT="31" WC="0.93" CONTENT="Falk,"/><SP WIDTH="18" VPOS="2404" HPOS="300"/>
							<String ID="string_335" HPOS="318" VPOS="2404" WIDTH="126" HEIGHT="24" WC="0.95" CONTENT="Jonsson"/><SP WIDTH="20" VPOS="2404" HPOS="444"/>
							<String ID="string_336" HPOS="464" VPOS="2403" WIDTH="8" HEIGHT="24" WC="0.93" CONTENT="i"/><SP WIDTH="20" VPOS="2403" HPOS="472"/>
							<String ID="string_337" HPOS="492" VPOS="2402" WIDTH="175" HEIGHT="32" WC="0.92" CONTENT="Skedsbygd,"/><SP WIDTH="19" VPOS="2402" HPOS="667"/>
							<String ID="string_338" HPOS="686" VPOS="2402" WIDTH="138" HEIGHT="24" WC="0.94" CONTENT="Karlsson"/><SP WIDTH="19" VPOS="2402" HPOS="824"/>
							<String ID="string_339" HPOS="843" VPOS="2401" WIDTH="7" HEIGHT="24" WC="0.95" CONTENT="i"/><SP WIDTH="18" VPOS="2401" HPOS="850"/>
							<String ID="string_340" HPOS="868" VPOS="2401" WIDTH="195" HEIGHT="31" WC="0.92" CONTENT="Grängesberg"/><SP WIDTH="18" VPOS="2401" HPOS="1063"/>
							<String ID="string_341" HPOS="1081" VPOS="2401" WIDTH="54" HEIGHT="23" WC="0.93" CONTENT="och"/><SP WIDTH="21" VPOS="2401" HPOS="1135"/>
							<String ID="string_342" HPOS="1156" VPOS="2400" WIDTH="185" HEIGHT="31" WC="0.36" CONTENT="Fröderberg."/>
						</TextLine>
					</TextBlock>
				</ComposedBlock>
				<ComposedBlock ID="cblock_9" HPOS="1631" VPOS="1498" WIDTH="130" HEIGHT="25">
					<TextBlock ID="block_12" HPOS="1631" VPOS="1498" WIDTH="130" HEIGHT="25">
						<TextLine ID="line_39" HPOS="1631" VPOS="1498" WIDTH="130" HEIGHT="25">
							<String ID="string_343" HPOS="1631" VPOS="1498" WIDTH="130" HEIGHT="25" WC="0.96" CONTENT="Utskottet."/>
						</TextLine>
					</TextBlock>
				</ComposedBlock>
			</PrintSpace>
		</Page>
	</Layout>
</alto>
