1882 2810
308 138 39 30 14
671 145 392 38 Bevillningsutskottets
1084 149 218 32 betänkande
1320 161 41 21 nr
1388 154 48 28 11.

986 369 60 40 Nr
1075 371 60 39 11.

813 479 112 24 Ankom
943 481 40 23 till
1003 481 158 30 riksdagens
1178 483 87 23 kansli
1285 484 52 23 den
1356 481 32 26 20
1406 484 120 24 februari
1546 483 65 26 1946
1629 487 35 23 kl.
1685 486 29 24 11
1734 488 47 23 fm.

528 570 394 37 Bevillningsutskottets
961 574 218 32 betänkande
1216 579 10 28 i
1263 578 186 37 anledning
1473 589 42 20 av
1546 580 122 36 Kungl.
1694 582 120 36 Maj:ts

751 626 213 34 proposition
1000 626 80 31 med
1120 628 129 37 förslag
1280 630 51 29 till
1358 630 205 37 förordning
1591 641 56 21 om
1674 633 140 37 fortsatt

749 676 157 34 uppskov
940 675 79 31 med
1058 677 291 37 ikraftträdandet
1372 690 41 20 av
1437 680 215 37 föreskriven
1678 684 91 30 skatt
1793 682 21 30 å

750 728 208 33 motorsprit.

351 821 15 29 I
385 831 42 20 en
443 822 66 30 den
527 823 40 30 25
584 823 137 37 januari
741 826 83 29 1946
842 826 226 37 dagtecknad,
1087 828 50 30 till
1154 829 372 37 bevillningsutskottet
1544 832 169 31 hänvisad
1733 844 78 28 pro-

305 871 159 37 position,
488 882 43 20 nr
546 874 52 35 42,
623 874 64 30 har
706 875 123 36 Kungl.
851 876 110 37 Maj:t,
985 878 112 30 under
1118 878 220 38 åberopande
1358 891 43 20 av
1423 882 260 38 Propositionen
1704 884 107 37 bilagt

303 923 123 36 utdrag
448 933 42 20 av
511 924 376 37 statsrådsprotokollet
908 929 81 30 över
1009 929 270 32 finansärenden
1300 932 57 30 för
1378 942 134 22 samma
1533 934 76 37 dag,
1632 934 176 37 föreslagit

304 972 185 36 riksdagen
514 978 49 26 att
587 979 125 32 antaga
733 976 155 37 följande
910 978 57 30 vid
988 980 260 36 propositionen
1270 981 125 37 fogade

939 1125 233 45 Förslag

1031 1199 50 31 till

415 1264 240 45 förordning
679 1278 64 22 om
768 1268 162 35 fortsatt
955 1271 186 42 uppskov
1166 1272 90 33 med
1280 1272 340 36 ikraftträdandet
1644 1286 50 22 av

701 1328 254 36 föreskriven
980 1332 109 34 skatt
1112 1332 24 34 å
1160 1334 248 43 motorsprit.

345 1431 210 37 Härigenom
575 1434 183 31 förordnas
777 1453 45 4 —
840 1438 80 29 med
939 1437 149 38 ändring
1108 1448 42 21 av
1172 1442 67 29 vad
1259 1440 10 30 i
1291 1440 249 38 förordningen
1560 1443 68 30 den
1651 1444 40 29 16
1712 1453 93 21 mars

301 1482 84 30 1945
408 1479 54 39 (nr
482 1484 53 36 63)
561 1485 152 36 stadgats
734 1487 148 30 rörande
903 1488 292 31 ikraftträdandet
1214 1499 42 21 av
1277 1491 66 30 den
1360 1491 12 29 i
1394 1493 13 28 1
1430 1492 18 37 $
1470 1492 249 37 förordningen
1739 1495 66 29 den

298 1533 20 29 3
341 1533 71 36 maj
440 1534 82 30 1929
551 1531 56 40 (nr
631 1533 50 39 62)
709 1545 57 21 om
791 1537 148 30 särskild
961 1539 93 29 skatt
1077 1538 20 31 å
1120 1540 122 30 bensin
1263 1541 66 29 och
1351 1541 213 37 motorsprit!
1587 1543 218 31 föreskrivna

297 1583 137 30 skatten
451 1583 21 31 å
491 1587 200 34 motorsprit
709 1605 45 3 —
771 1590 50 26 att
838 1588 306 32 bestämmelserna
1163 1600 56 20 om
1239 1590 215 32 sistnämnda
1472 1593 94 30 skatt
1584 1594 100 29 skola
1705 1595 99 30 träda

297 1633 11 30 i
330 1633 94 31 kraft
446 1635 67 30 den
536 1636 15 29 1
574 1635 65 36 juli
663 1637 90 29 1947.

342 1743 225 31 Beträffande
605 1745 66 30 vad
712 1745 381 37 departementschefen
1131 1749 58 30 vid
1228 1751 158 30 ärendets
1427 1751 246 38 föredragning
1709 1753 95 31 inför

298 1792 122 36 Kungl.
443 1794 102 37 Maj:t
568 1795 116 30 anfört
700 1795 55 31 får
778 1798 174 35 utskottet,
983 1798 4 30 i
1010 1799 66 30 den
1099 1798 82 31 mån
1200 1800 215 37 redogörelse
1436 1802 122 30 härför
1579 1802 31 38 ej
1634 1804 135 31 lämnas
1791 1804 12 30 i

296 1842 58 30 det
376 1843 165 37 följande,
562 1845 146 31 hänvisa
728 1847 50 29 till
798 1849 246 30 ovannämnda
1065 1849 350 38 statsrådsprotokoll.

340 1934 114 37 Enligt
473 1937 14 29 1
510 1937 18 36 8
548 1937 250 37 förordningen
817 1939 67 30 den
902 1941 18 29 3
940 1940 71 36 maj
1036 1941 83 31 1929
1144 1941 53 39 (nr
1215 1942 53 40 62)
1292 1953 57 21 om
1368 1945 149 30 särskild
1533 1946 92 30 skatt
1642 1945 20 31 å
1679 1947 122 30 bensin

293 1985 68 29 och
386 1987 200 35 motorsprit
611 1988 88 30 skall
725 1988 56 32 för
807 1991 199 35 motorsprit
1032 1992 154 36 erläggas
1214 1993 150 31 särskild
1390 1995 92 30 skatt
1507 2005 42 20 av
1576 2005 59 21 sex
1662 1997 58 29 öre
1745 1997 57 29 för

293 2035 85 30 liter.
400 2036 270 37 Beskattningen
691 2048 41 21 av
754 2040 210 36 motorsprit,
987 2041 116 30 vilken
1126 2043 265 37 ursprungligen
1413 2044 195 32 beslutades
1631 2046 57 31 vid
1716 2047 83 30 1924

291 2084 58 32 års
373 2086 149 37 riksdag,
545 2088 66 29 har
634 2089 188 31 emellertid
845 2090 120 31 hittills
988 2091 77 30 icke
1087 2093 121 30 vunnit
1230 2093 228 38 tillämpning,
1482 2099 85 27 utan
1589 2097 65 29 har
1675 2104 124 28 genom

291 2137 200 35 upprepade
513 2138 113 30 beslut
648 2140 157 34 uppskov
827 2141 183 30 successivt
1034 2142 180 36 medgivits
1236 2144 80 30 med
1337 2145 153 31 skattens
1510 2146 287 32 ikraftträdande.

293 2185 64 32 Det
380 2191 132 26 senaste
532 2189 194 35 uppskovet
747 2190 66 30 har
832 2190 148 30 lämnats
1001 2200 125 27 genom
1146 2192 205 38 förordning
1369 2195 65 30 den
1458 2197 39 29 16
1516 2206 94 21 mars
1634 2197 82 30 1945
1744 2190 54 49 (nar

292 2238 54 32 63)
371 2239 65 28 och
456 2239 107 35 gäller
583 2239 57 29 för
659 2239 93 31 tiden
775 2240 50 29 till
845 2240 67 30 den
936 2242 13 28 1
971 2241 64 36 juli
1058 2242 93 30 1946.

337 2287 51 31 Då
410 2288 56 30 vid
491 2289 81 30 1941
599 2288 55 31 års
676 2289 140 38 riksdag
837 2290 131 37 förslag
990 2291 190 32 framlades
1204 2302 57 21 om
1286 2295 159 35 uppskov
1467 2297 112 29 under
1601 2298 196 36 ytterligare

292 2340 47 28 ett
367 2337 39 31 år
428 2339 80 29 med
535 2339 154 30 skattens
715 2340 277 31 ikraftträdande
1023 2337 227 42 (proposition
1278 2354 43 20 nr
1345 2341 91 40 230),
1463 2347 153 31 uttalade
1643 2348 153 31 föredra-

290 2388 112 36 gande
430 2389 380 37 departementschefen
837 2391 106 29 bland
970 2396 116 32 annat,
1116 2395 49 28 att
1194 2393 37 31 så
1260 2404 75 20 som
1366 2395 266 33 förhållandena
1656 2398 140 31 dåmera

321 2450 8 14 1
349 2452 110 24 Senaste
477 2452 101 30 lydelse
599 2459 34 18 av
654 2453 11 24 1
686 2452 13 32 $
718 2461 26 16 se
764 2452 73 26 1945:
848 2452 56 26 737.
