2196 2628
692 147 341 33 Jordbruksutskottets
1056 149 163 31 memorial
1242 148 50 31 Nr
1315 150 52 31 87.
1444 183 2 3 |
1772 150 18 32 9

358 226 84 44 dels,
474 226 64 36 vid
567 225 106 37 bifall
700 226 138 47 härtill,
867 226 89 50 höja
984 227 188 37 ordinarie
1201 228 170 49 anslaget
1399 228 56 36 till
1484 229 165 36 nämnda
1677 230 156 36 central-

229 278 140 36 anstalt
410 278 85 36 från
531 279 162 46 163,450
735 278 141 37 kronor
917 279 87 36 med
1041 280 161 47 113,550
1231 280 140 36 kronor
1400 279 57 37 till
1485 282 165 45 277,000
1679 281 153 45 kronor;

360 330 75 37 dels
451 332 62 35 ock
533 330 57 36 till
610 330 146 37 diverse
776 330 123 37 behov
919 331 64 36 vid
1003 344 143 23 samma
1166 331 285 37 centralanstalt
1472 332 129 37 anvisa
1620 335 21 34 å
1660 332 174 50 tilläggs-

228 387 76 31 stat
332 381 58 37 för
418 384 40 33 år
488 382 98 36 1920
616 388 51 30 ett
695 383 391 49 reservationsanslag
1113 396 46 23 av
1190 385 162 45 101,600
1381 384 152 38 kronor.

358 433 17 36 I
403 433 104 37 detta
536 434 278 49 sammanhang
832 434 97 37 hade
949 435 183 36 utskottet
1151 435 56 36 till
1227 435 233 50 behandling
1480 436 165 37 förehaft
1666 450 45 23 en
1731 437 101 36 inom

229 486 119 36 första
375 486 221 36 kammaren
631 486 123 47 väckt,
783 486 57 36 till
864 486 396 49 jordbruksutskottet
1288 487 184 37 hänvisad
1501 489 143 36 motion
1673 502 44 22 nr
1746 490 85 46 234,

230 551 46 22 av
317 537 127 36 herrar
482 539 201 45 Ingeström
722 538 69 37 och
820 539 217 44 Sederholm,
1067 539 81 36 vari
1177 539 224 48 hemställts,
1431 545 54 31 att
1513 540 206 48 riksdagen
1746 540 87 37 ville

229 592 48 46 på
318 591 40 34 så
400 594 74 32 sätt
516 589 131 37 bifalla
688 590 141 48 Kungl.
868 590 127 49 Maj:ts
1023 590 247 50 proposition,
1300 605 45 22 nr
1376 592 85 46 150,
1492 597 55 31 att
1574 592 12 35 i
1614 592 218 49 avlönings-

228 647 123 31 staten
378 641 142 37 införes
548 642 221 49 ytterligare
797 655 46 23 en
872 643 178 36 assistent
1078 642 84 36 med
1193 643 136 36 arvode
1358 656 47 23 av
1434 644 114 47 4,400
1577 644 151 47 kronor,
1751 657 81 24 som

231 693 96 36 efter
357 695 20 34 5
408 696 40 33 år
476 694 75 35 kan
592 694 108 48 höjas
743 694 83 36 med
865 695 73 35 400
967 694 151 47 kronor,
1148 695 71 36 och
1247 699 56 32 att
1330 694 180 50 beloppet
1539 695 55 37 till
1623 697 209 36 centralan-

228 744 157 38 staltens
414 745 135 48 övriga
578 745 160 48 utgifter
765 746 11 35 i
805 746 123 36 stället
957 746 167 36 minskas
1153 746 83 37 med
1267 748 112 46 3,000
1408 747 149 37 kronor.

355 797 404 37 Jordbruksutskottet
788 798 97 36 hade
914 797 11 36 i
953 798 195 36 utlåtande
1177 812 43 22 nr
1250 800 45 35 79
1322 799 205 48 hemställt,
1554 804 55 32 att
1628 799 204 49 riksdagen

228 851 114 34 måtte
382 849 84 36 med
510 849 206 49 anledning
757 863 47 22 av
844 849 143 49 Kungl.
1018 849 126 49 Maj:ts
1174 850 247 37 förevarande
1452 852 282 49 framställning
1761 852 71 37 och

227 900 72 36 den
328 901 11 35 i
368 905 127 32 ämnet
522 901 138 36 väckta
689 901 191 37 motionen

357 954 75 35 dels
472 953 206 48 godkänna
721 953 62 36 det
810 954 12 35 i
850 954 204 36 utskottets
1084 954 193 36 utlåtande
1306 955 159 48 intagna
1494 956 145 48 förslag
1667 956 56 36 till
1757 962 74 31 stat

226 1004 59 36 för
313 1004 330 37 centralanstalten
662 1005 58 36 för
739 999 335 43 försöksväsendet
1094 1008 46 46 på
1154 1006 390 48 jordbruksområdet,
1566 1012 55 31 att
1641 1008 190 50 tillämpas

228 1056 82 36 från
338 1055 71 37 och
439 1056 83 37 med
552 1060 41 33 år
622 1059 111 45 1921,
754 1062 179 31 ävensom
954 1057 176 48 förklara,
1152 1062 55 32 att
1227 1058 45 36 de
1291 1058 136 37 villkor
1446 1059 70 36 och
1536 1059 294 48 bestämmelser,

227 1121 79 23 som
349 1108 196 36 fastställts
587 1108 57 36 för
685 1109 222 49 åtnjutande
950 1122 44 23 av
1027 1109 224 49 avlönvingar
1278 1109 56 37 till
1363 1110 187 38 ordinarie
1579 1111 251 50 befattnings-

226 1159 139 37 havare
393 1163 20 33 å
442 1161 351 36 centralanstaltens
835 1161 219 36 nuvarande
1087 1167 86 42 stat,
1203 1162 106 36 skola
1337 1163 102 48 gälla
1468 1168 95 31 även
1591 1163 10 36 i
1633 1164 107 48 fråga
1768 1177 61 24 om

225 1210 128 50 dylika
382 1212 224 47 avlöningar
634 1215 20 33 å
682 1212 71 37 den
782 1226 74 35 nya
885 1218 140 39 staten;

356 1264 86 46 dels,
472 1263 64 36 vid
565 1264 106 36 bifall
699 1263 137 47 härtill,
866 1264 90 48 höja
984 1263 185 38 ordinarie
1197 1266 174 48 anslaget
1399 1266 56 36 till
1484 1267 167 36 nämnda
1671 1268 159 35 central-

227 1315 139 36 anstalt
393 1315 84 36 från
509 1317 162 44 163,450
700 1315 140 37 kronor
869 1315 83 37 med
985 1317 161 46 114,950
1174 1317 138 36 kronor
1342 1318 57 35 till
1428 1320 165 45 278,400
1621 1319 154 46 kronor;

355 1368 75 35 dels
467 1368 62 35 ock
557 1367 56 36 till
641 1367 147 37 diverse
818 1367 122 37 behov
968 1368 62 36 vid
1061 1381 143 24 samma
1233 1370 286 36 centralanstalt
1547 1370 132 36 anvisa
1708 1373 20 34 å
1756 1371 73 36 till-

226 1418 188 50 läggsstat
445 1419 57 36 för
531 1421 39 34 år
601 1421 97 35 1920
728 1424 53 31 ett
809 1420 371 49 reservationanslag
1209 1434 45 23 av
1287 1423 162 46 101,600
1479 1422 149 36 kronor.

353 1522 75 36 Det
456 1522 11 36 i
496 1523 206 36 utskottets
744 1522 194 37 utlåtande
979 1524 157 47 intagna
1179 1525 183 49 förslaget
1394 1525 56 37 till
1480 1531 75 31 stat
1584 1527 58 36 för
1670 1528 158 35 central-

225 1572 188 37 anstalten
461 1575 58 34 för
566 1574 334 37 försöksväsendet
944 1577 47 46 på
1033 1575 378 48 jordbruksområdet
1460 1591 67 22 var
1574 1592 45 22 av
1661 1579 166 48 följande

225 1624 159 48 lydelse:

227 2297 125 42 Bihang
377 2299 47 31 till
448 2299 187 41 riksdagens
654 2300 155 41 protokoll
836 2302 91 32 1920.
976 2303 39 31 10
1038 2303 88 31 saml.
1173 2304 42 30 37
1238 2303 79 40 häft.
1363 2305 68 38 (Nr
1452 2305 156 34 86—088.)
1761 2306 18 30 2
