2118 2660
702 188 251 42 Lag-Utskottets
981 190 166 34 Utlåtande
1169 193 65 34 N:o
1256 197 49 29 11.
1789 206 18 34 7

966 342 20 49 $
1017 347 31 35 9.

336 426 194 49 Biskopen
572 426 140 38 afslute
753 434 212 42 prestmöte
998 430 87 36 med
1119 431 47 37 de
1198 432 264 52 förmaningar
1490 438 71 36 och
1589 439 217 51 erinringar

201 475 58 37 till
286 477 290 49 presterskapet
615 477 11 36 i
667 478 182 37 afseende
890 483 49 46 på
979 481 387 54 embetsförvaltning
1400 493 100 31 samt
1527 489 277 40 förhållande
1786 471 22 68 i

200 526 81 37 lära
304 528 70 36 och
402 527 184 49 lefverne,
615 529 153 38 hvartill
797 529 75 39 han
900 531 122 38 finner
1050 533 210 51 anledning
1287 549 92 25 vara
1402 538 59 37 för
1489 540 163 39 handen.

947 649 21 49 8
997 653 56 36 10.

332 732 282 49 Domkapitlets
642 734 147 36 notarie
818 735 82 37 före
928 736 62 36 vid
1018 743 209 43 prestmöte
1255 742 203 47 protokoll.
1507 744 75 37 Det
1608 743 192 57 protokoll

197 781 98 37 skall
323 782 101 37 inför
450 783 189 51 biskopen
667 785 71 36 och
766 785 46 36 de
840 792 209 43 prestmän,
1079 802 81 24 som
1188 797 228 42 prestmötet
1443 801 116 42 utser,
1584 797 170 48 justeras
1780 803 20 34 å

197 832 88 50 dag,
315 846 82 25 som
426 834 189 50 biskopen
642 836 235 37 bestämmer
904 838 71 37 och
1003 839 58 37 för
1089 840 142 38 stiftets
1259 845 247 50 presterskap
1534 846 163 50 kungör.

941 955 21 49 8
992 959 57 36 11.

327 1038 270 38 Kostnaderna
625 1040 59 36 för
711 1045 210 44 prestmöte
951 1043 109 37 skola
1088 1044 42 37 af
1153 1045 142 38 stiftets
1323 1050 248 50 presterskap
1605 1052 190 39 bestridas

193 1088 99 36 efter
320 1089 47 36 de
394 1090 182 48 grunder,
606 1105 60 23 om
696 1091 129 38 hvilka
852 1095 289 49 presterskapet
1168 1097 385 41 öfverenskommer.»

325 1394 57 37 Då
409 1395 188 38 särskilde
625 1396 258 40 komiterades
908 1400 74 37 den
1006 1404 22 34 2
1058 1401 170 39 Oktober
1258 1407 95 35 1873
1380 1406 150 50 afgifna
1558 1409 148 51 förslag
1733 1411 59 37 till

187 1445 192 50 kyrkolag
407 1446 214 50 undergick
649 1449 242 51 granskning
917 1451 12 37 i
957 1452 150 50 Högsta
1121 1454 237 50 Domstolen,
1373 1459 164 48 yttrade,
1554 1460 236 40 beträffande

187 1459 53 84 Så
275 1499 19 34 6
338 1497 72 36 och
437 1499 22 34 8
489 1498 42 36 af
555 1499 86 49 kap.
670 1502 60 44 24,
759 1501 130 38 hvilka
916 1505 225 48 paragrafer
1169 1507 209 49 ordagrant
1406 1515 193 34 motsvara
1627 1513 46 37 de
1702 1515 86 36 med

187 1560 146 24 samma
366 1562 175 24 nummer
580 1550 238 39 betecknade
858 1555 226 48 paragrafer
1124 1556 11 36 i
1176 1571 50 22 nu
1255 1559 253 39 förevarande
1536 1565 251 47 proposition,

183 1598 152 49 Högsta
370 1599 247 38 Domstolens
653 1602 110 37 fleste
803 1601 51 49 (5)
881 1604 223 49 ledamöter,
1133 1613 55 31 att
1216 1608 65 38 det
1308 1616 133 43 syntes
1471 1612 129 38 alltför
1627 1614 160 39 betänk-

183 1648 72 49 ligt
294 1654 55 32 att
385 1649 76 38 låta
502 1657 211 43 prestmöte
754 1654 97 37 fatta
892 1655 192 39 bindande
1117 1658 127 37 beslut
1283 1660 12 36 i
1324 1662 118 36 andra
1469 1663 131 50 frågor
1628 1671 47 31 än
1704 1680 80 24 som

184 1700 328 50 omedelbarligen
541 1703 169 50 anginge
739 1705 215 50 ordningen
982 1707 64 37 vid
1075 1714 130 42 mötet,
1235 1712 70 36 och
1329 1712 213 39 hemstälde
1558 1715 47 38 de
1622 1712 163 58 derföre,

183 1756 55 31 att
263 1748 20 50 $
314 1754 20 34 6
364 1755 117 34 måtte
509 1753 38 37 få
575 1767 47 23 en
650 1755 172 38 deremot
851 1759 187 37 svarande
1066 1759 160 50 lydelse,
1256 1768 110 42 samt,
1394 1764 11 36 i
1421 1764 171 51 enlighet
1607 1768 87 37 med
1711 1769 71 37 den

181 1802 65 36 vid
287 1800 21 49 $
338 1805 20 34 6
387 1803 139 49 gjorda
553 1806 267 50 anmärkning,
850 1813 55 32 att
933 1807 20 49 $
982 1811 21 35 8
1032 1814 116 34 måtte
1176 1816 94 46 utgå
1297 1818 125 33 såsom
1452 1816 241 52 öfverflödig,
1722 1833 61 24 om

181 1853 167 37 nämnda
389 1855 257 50 anmärkning
685 1858 175 48 gillades.
919 1860 60 37 Nu
1018 1862 161 38 anförda
1207 1865 255 51 anmärkning
1488 1875 80 30 mot
1595 1869 189 52 förslaget

180 1905 245 49 upprepades
454 1906 42 37 af
519 1912 142 32 tvenne
684 1909 220 48 justitieråd
932 1911 64 38 vid
1026 1919 131 31 senast
1179 1915 102 37 inom
1303 1917 150 50 Högsta
1466 1919 226 39 Domstolen
1708 1923 75 36 den

182 1957 46 34 27
259 1955 176 38 sistlidne
463 1957 220 38 November
710 1960 203 49 företagna
936 1964 252 50 granskning.

311 2007 57 37 De
396 2008 209 49 vigtigaste
634 2011 180 49 ärenden,
842 2013 12 36 i
882 2013 130 39 hvilka
1031 2020 211 44 prestmöte
1257 2017 58 38 för
1328 2021 240 38 närvarande
1584 2023 118 38 fattar
1716 2024 65 38 be-

179 2056 86 48 slut,
306 2058 110 37 torde
448 2059 119 49 jemte
605 2062 195 50 åtskilliga
839 2066 290 49 presterskapet
1157 2069 167 37 enskildt
1352 2073 199 48 angående
1576 2079 136 32 ämnen
1742 2077 42 35 af

178 2108 328 51 hufvudsakligen
535 2111 225 39 ekonomisk
787 2121 113 31 natur
927 2129 92 24 vara
1047 2118 182 49 frågorna
1246 2133 60 23 om
1320 2122 216 48 afgifvande
1554 2125 45 48 af
1608 2129 170 44 yttrande

178 2160 54 36 till
272 2161 232 48 domkapitlet
540 2176 56 22 om
624 2172 235 40 pastoratens
890 2167 262 50 klassifikation
1183 2168 58 48 (K.
1268 2171 40 38 C.
1334 2175 47 34 22
1409 2173 103 38 Mars
1544 2174 109 50 1798)
1679 2184 98 31 samt

177 2211 181 47 träffande
386 2213 46 47 af
457 2213 352 48 öfverenskommelse
837 2219 13 34 i
877 2218 168 49 afseende
1065 2221 59 47 på
1151 2223 261 47 adjunkternas
1439 2226 193 37 lönevilkor
1651 2225 59 49 (K.
1733 2228 41 39 C.

178 2262 45 34 14
254 2261 226 50 September
510 2266 112 44 1839;
645 2265 64 47 jfr.
740 2268 44 35 K.
817 2268 40 37 OC.
889 2271 43 34 17
961 2270 78 36 Juli
1071 2273 107 46 1858,
1213 2273 45 36 K.
1288 2274 39 36 F.
1360 2277 41 34 11
1432 2276 79 36 Juli
1541 2279 94 36 1862
1658 2276 20 49 $
1701 2281 72 42 12).
