2172 2620
372 198 41 32 48
851 201 252 33 Statsutskoltets
1124 204 166 32 utlåtande
1306 203 53 32 Nr
1385 205 38 31 18
1436 205 36 31 A.

374 297 88 22 vara
503 285 222 49 uppenbart,
768 292 53 30 att
863 292 94 31 trots
999 288 44 36 de
1072 288 117 37 ökade
1217 289 253 37 kostnaderna
1499 291 69 36 och
1597 293 280 49 svårigheterna
1905 294 62 37 vid

373 336 457 50 materialanskaffningen
873 339 141 37 arbetet
1055 341 83 35 med
1169 341 275 49 utvidgningen
1472 356 46 22 av
1546 343 422 51 distributionsanlägg-

373 388 188 48 ningarna
602 389 58 36 för
701 395 142 31 statens
878 391 191 36 kraftverk
1097 392 67 36 bör
1192 393 204 48 fortsättas,
1426 394 95 36 helst
1549 395 191 49 ökningen
1768 398 11 35 i
1809 397 159 49 anlägg-

372 440 325 47 ningskostnaden
712 442 10 36 i
739 447 94 31 stort
852 448 74 31 sett
949 443 182 37 förräntas
1146 457 136 35 genom
1299 446 262 36 motsvarande
1577 447 144 49 ökning
1743 449 11 34 i
1774 449 191 48 kraftpris.

374 491 191 37 Utskottet
594 493 68 36 har
689 494 31 47 ej
753 494 115 36 heller
896 495 81 35 haft
1006 498 116 46 något
1150 502 51 30 att
1229 497 121 36 erinra
1379 504 77 30 mot
1476 498 61 36 det
1557 499 57 35 för
1634 501 39 33 år
1691 501 95 34 1919
1804 500 164 48 begärda

372 543 183 48 anslaget,
597 545 125 35 vartill
764 546 152 35 komma
957 549 20 33 å
1005 546 278 50 tilläggsstaten
1315 550 57 35 för
1400 552 40 33 år
1470 552 96 34 1918
1597 551 138 36 äskade
1763 553 204 46 2,000,000

372 594 146 36 kronor.

477 646 196 38 Utskottet
701 648 216 37 hemställer
945 650 108 36 alltså

875 759 52 29 att
968 753 201 49 riksdagen
1211 758 59 33 må
1313 756 59 35 för
1404 756 198 37 utförande
1631 770 46 22 av
1705 759 261 36 distributions-

770 805 266 49 anläggningar
1076 807 61 35 och
1178 808 147 35 därmed
1361 810 354 47 sammanhängande
1743 811 137 35 arbeten
1901 812 66 48 för

769 863 130 29 statens
939 858 179 48 kraftverk
1160 859 56 35 för
1257 862 40 32 år
1333 861 96 35 1919
1460 860 129 36 anvisa
1618 867 51 29 ett
1699 863 266 35 reservations-

770 908 133 48 anslag
931 922 45 22 av
1005 910 203 47 3,000,000
1236 910 149 47 kronor.

165 1060 99 61 EE
283 1061 50 27 för
474 1059 98 48 82:0)
601 1060 238 37 Beträffande
868 1067 113 31 sättet
1010 1063 56 35 för
1093 1064 183 37 täckande
1305 1079 47 22 av
1381 1065 44 36 de
1452 1071 89 30 utav
1569 1066 184 36 utskottet
1781 1080 98 22 ovan
1903 1067 61 36 be-

168 1103 160 53 täckande.
369 1109 184 37 handlade
581 1112 134 48 anslag
742 1112 169 37 kommer
937 1114 184 36 utskottet
1150 1122 54 29 att
1232 1117 199 35 framdeles
1459 1117 119 36 under
1605 1118 200 47 riksdagen
1826 1119 138 47 avgiva

368 1162 186 47 yttrande,
583 1163 117 36 vilket
728 1164 183 37 utskottet
939 1165 120 36 skolat
1087 1167 218 48 härigenom
1336 1168 58 35 för
1422 1168 201 48 riksdagen

872 1243 146 35 anmäla

473 1316 216 37 Stockholm
718 1319 70 36 den
820 1321 21 34 5
871 1334 98 22 mars
1000 1323 108 34 1918.

890 1423 52 36 På
970 1424 295 37 statsutskottets
1293 1430 160 43 vägnar:

931 1526 180 36 BERNH.
1141 1527 262 37 ERIKSSON.

1020 1752 291 35 Reservationer:

469 1834 64 36 vid
554 1835 118 47 punkt
698 1835 100 46 49:0)
827 1834 321 51 (husbyggnader)
1178 1851 45 22 av
1251 1838 127 36 herrar
1402 1838 39 37 O.
1463 1840 51 35 M.
1537 1839 210 50 Strömberg,
1772 1840 41 37 G.
1836 1843 52 34 M.
1909 1842 50 36 H.

368 1886 174 46 Ekelund,
582 1886 36 36 J.
648 1886 162 48 Nilsson,
855 1888 47 35 H.
932 1889 41 34 F.
1003 1889 139 46 Lamm,
1172 1890 49 35 H.
1251 1891 204 35 Andersson
1482 1891 11 34 i
1522 1889 172 52 Skivarp,
1722 1893 36 35 J.
1792 1892 168 50 Olofsson

367 1937 69 36 och
483 1937 40 37 G.
559 1937 159 50 Ödqvist,
760 1938 102 37 vilka
903 1945 132 43 ansett,
1077 1946 55 30 att
1173 1941 205 36 utskottets
1406 1943 175 47 yttrande
1610 1944 69 35 och
1707 1944 141 48 förslag
1876 1945 85 36 bort

367 1989 96 36 hava
492 1989 166 49 följande
685 1990 157 48 lydelse:

470 2040 393 50 »Järnvägsstyrelsen
893 2064 47 4 —
971 2065 48 4 —
1050 2066 44 2 —
1125 2044 102 36 detta
1254 2045 204 36 utlåtande.

469 2093 58 34 Åv
551 2093 390 49 järnvägsstyrelsens
968 2096 172 48 yttrande
1169 2097 177 48 framgår,
1375 2102 53 31 att
1455 2098 182 48 styrelsen
1662 2099 54 35 till
1736 2099 90 36 fullo
1847 2100 113 36 insett

366 2143 219 49 betydelsen
627 2158 57 34 av,
713 2150 53 31 att
807 2146 102 47 goda
937 2146 416 38 bostadsförhållanden
1386 2148 154 37 beredas
1569 2155 139 31 statens
1731 2151 228 49 järnvägars

367 2197 184 47 personal,
580 2202 97 30 samt
717 2202 53 30 att
803 2198 183 48 styrelsen
1015 2199 10 35 i
1053 2199 190 49 åtskilliga
1272 2201 209 35 avseenden
1510 2201 163 50 vidtagit
1700 2202 174 48 åtgärder
1902 2204 57 35 för

366 2248 189 35 vinnande
584 2262 47 21 av
659 2248 118 37 bättre
807 2250 259 36 förhållanden
1095 2251 236 37 härutinnan.
1390 2252 70 36 Det
1479 2253 258 48 anslagskrav,
1758 2267 80 23 som
1854 2255 104 48 järn-

366 2300 279 48 vägsstyrelsen
679 2300 57 36 för
766 2301 137 49 Kungl.
934 2302 105 48 Maj:t
1068 2316 48 22 nu
1147 2304 186 47 framlagt,
1363 2304 156 36 innebär
1547 2306 69 34 ock
1644 2305 11 35 i
1684 2305 59 36 det
1771 2311 187 32 närmaste
