2234 2620
734 194 252 31 Statsutskottets
1010 193 165 31 utlåtande
1198 193 52 31 Nr
1272 196 43 28 18
1328 193 39 31 A.
1813 194 31 29 11

249 277 116 36 likhet
408 278 81 36 med
533 278 414 49 departementschefen
990 291 121 33 anser,
1141 284 54 29 att
1237 278 10 35 i
1282 278 276 48 sammanhang
1586 278 83 36 med
1699 283 54 31 ett
1782 278 67 35 föl-

245 328 115 48 jande
390 332 59 33 års
479 330 443 48 statsverksproposition
953 329 66 36 bör
1047 330 201 46 redogöras
1278 330 57 35 för
1362 329 62 35 det
1453 335 87 40 sätt,
1570 332 113 46 varpå
1711 329 139 49 ifråga-

251 381 166 35 varande
455 381 121 36 medel
604 381 119 36 under
751 381 316 47 nästföregående
1096 388 40 28 år
1162 383 60 33 må
1251 380 97 36 hava
1375 381 109 36 blivit
1513 381 183 46 använda,
1726 381 124 35 funnit

249 432 59 48 sig
350 433 91 35 böra
482 433 190 47 tillstyrka
708 432 146 49 Kungl.
882 432 113 48 Maj:ts
1027 432 258 48 föreliggande
1315 432 154 48 förslag.

356 483 190 37 Utskottet
574 484 215 35 hemställer
818 483 121 47 alltså,

754 589 50 31 att
834 584 203 48 riksdagen
1066 587 60 33 må

753 636 34 47 a)
815 635 187 47 medgiva,
1032 641 53 30 att
1114 636 57 35 för
1189 636 107 47 inköp
1317 649 43 22 av
1373 637 213 48 fastigheter
1598 636 65 48 för
1682 637 166 47 telegraf-

651 688 128 35 verkets
806 688 166 47 räkning,
1002 687 120 36 vilkas
1152 687 246 36 förvärvande
1426 687 83 36 icke
1536 692 92 30 utan
1657 687 192 49 synnerlig

649 739 202 48 olägenhet
892 739 74 36 kan
1007 739 224 49 uppskjutas
1274 739 11 36 i
1314 738 162 37 avbidan
1504 741 48 47 på
1580 739 149 36 särskilt
1757 739 92 36 riks-

649 790 231 49 dagsbeslut,
911 793 60 33 må
1013 792 94 34 efter
1143 790 142 48 Kungl.
1317 790 127 49 Maj:ts
1471 791 191 48 prövning
1690 790 69 36 och
1788 803 61 23 av-

650 842 167 48 görande
838 842 219 49 disponeras
1077 847 53 31 ett
1149 842 138 49 belopp
1308 855 45 22 av
1372 842 114 48 högst
1506 843 165 47 200,000
1695 842 151 45 kronor;

752 893 37 48 b)
820 893 57 36 för
917 893 212 36 ändamålet
1163 894 56 35 för
1247 896 41 33 år
1319 896 96 33 1919
1445 894 133 35 anvisa
1606 899 52 30 ett
1684 907 164 22 reserva-

644 944 239 49 tionsanslag
912 958 46 23 av
986 946 164 42 200,000
1178 944 149 36 kronor.

353 1097 98 48 16:0)
490 1097 18 36 I
545 1098 241 37 merberörda
814 1098 371 50 statsrådsprotokoll
1214 1103 89 32 över
1330 1098 517 58 civildepartemensärenden
1913 1112 116 32 Anslag

247 1149 73 36 den
363 1151 46 34 14
453 1150 145 48 januari
642 1152 110 45 1918,
795 1151 68 36 sid.
908 1153 59 44 54,
1001 1151 67 36 har
1095 1151 417 48 departementschefen
1541 1151 176 48 slutligen
1746 1164 10 22 i
1786 1163 62 23 av-
1866 1146 63 62 till.
1946 1119 126 88 fortsatt

432 1192 20 21 Så
894 1207 94 6 AE
1526 1202 66 6 SÄS
2041 1188 19 25 g

248 1201 137 36 seende
428 1215 20 22 å
489 1179 293 71 telegrafverket
810 1179 227 69 omförmält,
1066 1208 55 30 att
1148 1203 346 48 telegrafstyrelsen
1523 1216 12 22 i
1564 1215 57 23 sin
1650 1203 198 35 framställ-
1884 1223 36 19 av
1940 1216 114 25 statens

247 1253 93 47 ning
373 1253 197 47 angående
598 1253 213 37 beredande
840 1267 46 23 av
915 1254 132 49 anslag
1075 1254 57 36 för
1159 1254 290 49 kapitalökning
1477 1254 190 36 hemställt
1695 1267 57 23 om
1784 1267 63 22 an-
1866 1249 205 67 ETS

247 1304 155 36 visande
432 1318 47 22 av
507 1305 134 48 anslag
667 1305 55 36 till
749 1306 153 36 fortsatt
930 1306 222 48 utveckling
1181 1320 44 21 av
1245 1311 143 31 statens
1407 1306 159 36 telefon-
1583 1306 68 36 och
1671 1306 176 48 telegraf-
1900 1318 142 27 väsende.

246 1356 174 36 väsende.
476 1356 426 48 Departementschefen
931 1358 68 35 har
1027 1357 206 36 emellertid
1263 1357 214 47 framhållit,
1508 1362 54 31 att
1590 1357 46 36 då
1660 1357 63 36 det
1742 1357 104 36 torde

246 1407 101 35 bliva
387 1407 246 48 nödvändigt,
676 1414 55 29 att
773 1408 62 36 det
877 1409 143 47 anslag,
1050 1422 80 22 som
1171 1408 126 36 kunde
1338 1409 152 35 komma
1519 1414 54 30 att
1600 1409 58 36 för
1685 1408 162 36 nämnda

246 1458 175 36 ändamål
448 1458 172 49 beviljas,
649 1459 154 37 ställdes
831 1459 54 36 till
914 1460 206 49 styrelsens
1149 1455 232 73 förfogande
1402 1460 116 36 redan
1546 1460 119 36 under
1687 1463 40 33 år
1749 1462 96 35 1918

247 1510 68 36 och
345 1511 155 36 sålunda
529 1512 149 35 anvisas
707 1514 20 33 å
755 1512 235 58 tilläggsstat
1018 1511 58 36 för
1104 1511 236 37 sistnämnda
1368 1515 51 45 år,
1449 1525 46 23 en
1523 1512 239 58 redogörelse
1791 1512 57 36 för

247 1562 205 49 styrelsens
481 1563 281 48 framställning
788 1564 12 35 i
829 1563 124 36 denna
980 1563 60 36 del
1068 1563 207 49 lämpligen
1304 1541 115 59 torde
1440 1564 89 36 böra
1548 1564 94 36 ske
1625 1537 20 80 i
1664 1563 182 68 samband

246 1614 84 36 med
360 1614 192 36 äskanden
582 1615 121 48 ifråga
731 1627 61 24 om
821 1615 163 36 nämnda
1012 1615 244 48 tilläggsstat.

350 1665 134 37 Såsom
514 1667 165 48 framgår
705 1680 48 22 av
781 1667 203 36 utskottets
1013 1667 124 36 denna
1165 1667 75 48 dag
1268 1667 164 48 avgivna
1451 1667 207 46 utlåtande,
1679 1681 43 21 nr
1744 1668 43 34 18
1803 1667 42 48 B,

246 1717 65 36 har
338 1718 197 46 utskottet,
566 1718 83 36 med
679 1719 205 48 anledning
912 1732 47 22 av
986 1719 111 36 väckt
1124 1719 142 36 motion
1295 1732 59 23 om
1379 1719 235 48 uppförande
1634 1721 21 33 å
1673 1719 172 48 tilläggs-

246 1775 73 30 stat
360 1770 59 36 för
459 1773 41 33 år
542 1772 98 34 1918
683 1783 46 22 av
769 1771 221 48 ytterligare
1022 1771 227 47 10,000,000
1279 1770 138 37 kronor
1444 1775 134 32 utöver
1604 1770 71 36 vad
1703 1770 140 48 Kungl.

246 1821 107 49 Maj:t
393 1822 12 35 i
446 1822 498 49 statsverkspropositionen
982 1822 107 36 äskat
1117 1822 58 36 för
1204 1822 151 36 fortsatt
1383 1823 219 47 utveckling
1629 1836 46 22 av
1704 1828 141 30 statens

246 1873 157 36 telefon-
432 1874 71 35 och
532 1873 339 49 telegrafväsende,
901 1878 125 32 ansett
1055 1874 59 47 sig
1141 1873 92 37 böra
1262 1869 162 72 förorda,
1446 1880 55 31 att
1519 1873 156 38 berörda
1695 1873 149 50 belopp,

245 1925 12 35 i
285 1925 123 36 stället
450 1925 59 36 för
544 1931 55 30 att
627 1926 191 35 användas
846 1926 55 36 till
931 1926 145 48 ökning
1103 1939 47 22 av
1180 1927 97 35 1918
1308 1928 57 34 års
1394 1927 134 62 anslag
1554 1929 21 33 å
1602 1926 242 48 tilläggsstat,

245 1977 179 49 uppföres
454 1980 124 33 såsom
607 1977 151 36 särskilt
785 1978 135 48 anslag
947 1978 58 35 för
1033 1978 211 36 ändamålet
1273 1980 20 34 å
1325 1980 96 34 1919
1452 1980 58 34 års
1540 1983 83 31 stat.
1682 1977 17 36 I
1721 1978 125 49 enlig-

244 2029 65 35 het
337 2029 156 36 härmed
522 2029 58 36 får
607 2029 185 37 utskottet
819 2043 50 22 nu
898 2029 210 47 hemställa,

750 2138 54 30 att
839 2132 204 48 riksdagen
1071 2134 60 34 må
1159 2132 58 36 för
1238 2132 152 48 fortsatt
1416 2133 199 49 utveckling
1644 2146 44 23 av
1715 2140 131 29 statens

646 2184 144 48 telefon-
819 2185 61 35 och
909 2185 300 48 telegrafväsende
1237 2184 58 36 för
1323 2187 40 33 år
1389 2186 97 35 1919
1508 2185 131 35 anvisa
1659 2190 52 31 ett
1728 2197 116 24 reser-

646 2235 287 49 vationsanslag
961 2249 47 22 av
1039 2237 226 46 10,000,000
1293 2236 150 36 kronor.
