2200 2589
706 215 104 31 Stats-
822 209 182 46 Utskottets
1016 214 176 32 Utlåtande
1216 214 62 33 N:o
1301 217 51 29 11.
1378 225 30 21 a.
1780 217 39 30 19

892 403 137 31 Städers
1052 404 155 32 friheter.

376 503 94 34 10:o.
527 500 134 38 Under
704 500 127 36 denna
864 499 248 49 anslagstitel
1146 500 70 36 har
1244 499 142 49 Kongl.
1417 500 109 49 Maj:t
1554 499 216 52 föreslagit,
1801 506 56 33 att

241 553 85 35 från
355 553 178 47 anslaget
557 552 59 36 till
646 552 151 36 städers
827 552 159 36 friheter
1015 554 117 34 måtte
1161 552 190 36 uteslutas
1381 552 65 36 det
1470 552 12 35 i
1503 551 214 38 riksstaten
1733 554 123 36 under

240 604 184 37 rubriken
470 604 226 48 "indelning
739 604 72 36 och
853 604 157 37 dermed
1042 603 202 50 jemförlig
1286 603 222 49 anvisning,
1543 603 188 38 friheter"
1759 619 96 36 upp-

240 656 110 36 förda
389 656 155 49 belopp,
589 657 114 46 8,460
733 656 155 48 kronor,
923 655 258 49 hvarigenom
1211 655 198 49 anslagets
1439 656 244 48 slutsumma,
1714 659 140 46 32,730

239 708 155 46 kronor,
438 707 125 36 skulle
607 707 155 36 komma
806 712 57 32 att
905 707 171 36 minskas
1105 707 59 36 till
1194 708 140 47 24,270
1363 707 154 36 kronor.
1574 708 138 36 Denna
1741 708 113 37 fram-

239 759 189 48 ställning
469 772 118 35 synes
630 759 215 37 emellertid
888 760 94 36 böra
1025 759 210 36 behandlas
1277 759 99 36 först
1406 759 99 36 efter
1533 759 64 37 det
1617 759 237 58 Riksdagen

240 810 146 49 afgjort
401 787 96 60 "den
538 811 60 36 till
628 810 194 37 Särskildt
856 811 162 37 Utskott
1050 810 212 37 hänvisade
1291 810 145 49 Kongl.
1467 810 295 50 propositionen
1792 826 61 22 om

238 861 352 48 grundskatternas
634 862 266 37 afskrifvande
943 876 49 22 m.
1036 876 62 34 m.,
1138 862 71 36 och
1239 862 204 37 Utskottet
1472 862 58 37 får
1558 863 152 36 derföre
1740 863 114 37 fram-

238 891 106 59 deles
374 913 131 37 derom
535 913 149 49 afgifva
713 914 218 46 utlåtande;
961 892 148 58 hvilket
1138 914 70 36 här
1237 914 128 36 skolat

640 1017 186 36 anmälas.

616 1179 255 32 Observations-
896 1181 62 30 och
981 1178 350 39 uppbördsprocenter
1355 1189 44 21 m.
1425 1189 46 21 m.

370 1277 96 35 11:o.
522 1275 138 46 Enligt
688 1275 143 48 Kongl.
860 1275 129 49 Maj:ts
1019 1275 58 37 till
1105 1274 228 49 Riksdagen
1363 1275 143 37 aflåtna
1535 1276 148 50 förslag
1711 1277 59 36 till
1799 1291 53 35 ny

236 1326 200 50 reglering
478 1326 42 37 af
555 1327 419 37 landträntmästarnes
1012 1328 108 36 löner
1163 1327 125 36 skulle
1330 1327 66 37 det
1424 1327 231 50 remisslage
1686 1332 20 33 å
1736 1334 115 32 stats-

236 1378 138 48 medel,
404 1392 82 22 som
516 1392 52 22 nu
596 1378 240 38 tillkommer
858 1379 397 37 landträntmästarne
1286 1378 72 38 och
1387 1379 60 36 för
1475 1380 242 37 närvarande
1737 1383 115 47 utgår

236 1430 41 36 af
301 1403 178 79 anslaget
508 1430 82 36 "till
621 1430 288 37 observations-
934 1431 72 37 och
1035 1430 409 58 uppbördsprocenter
1472 1445 49 23 m.
1551 1432 90 47 m.'"',
1659 1432 190 64 upphöra,

235 1482 47 36 då
323 1481 262 49 regleringen,
625 1482 125 49 enligt
777 1482 198 49 förslaget,
1005 1482 129 37 träder
1162 1496 12 22 i
1203 1482 103 36 kraft
1336 1482 322 38 nästkommande
1688 1487 59 42 år;
1778 1484 71 37 och

235 1534 48 36 då
307 1547 51 22 nu
388 1533 221 49 Riksdagen
640 1534 177 48 godkänt
844 1534 141 49 Kongl.
1016 1534 126 49 Maj:ts
1171 1534 149 48 förslag
1349 1548 61 22 om
1440 1535 256 49 upphörande
1726 1514 43 58 af
1784 1536 66 36 be-

235 1585 113 36 rörda
377 1580 330 73 sportelinkomst,
737 1585 69 49 får,
836 1586 13 35 i
878 1585 405 38 öfverensstämmelse
1312 1586 88 36 med
1428 1586 140 49 Kongl,
1589 1587 129 50 Maj:ts
1734 1588 116 36 fram-

236 1636 188 49 ställning
453 1637 72 36 och
554 1640 49 46 på
632 1638 46 36 de
707 1637 12 37 i
749 1637 426 50 statsrådsprotokollet
1202 1638 58 79 (se
1289 1637 71 37 sid.
1391 1638 65 47 28)
1485 1638 161 37 anförda
1667 1639 96 48 skäl,
1779 1639 70 38 Ut-

235 1688 147 37 skottet
410 1688 217 47 hemställa,

771 1797 56 32 att
856 1794 180 48 anslaget
1063 1794 58 37 till
1150 1795 287 37 observations-
1466 1796 72 37 och
1558 1796 290 50 uppbördspro-

639 1849 132 32 center
799 1859 48 23 m.
878 1859 50 23 m.
959 1847 198 36 nedsättes
1186 1847 85 37 från
1301 1848 141 47 34,500
1470 1848 146 37 kronor
1631 1848 59 37 till
1708 1850 139 47 15,000

637 1896 145 37 kronor
811 1897 70 36 och
911 1898 150 37 således
1090 1899 173 37 minskas
1294 1877 89 58 ed
1415 1901 138 47 19,500
1584 1900 153 37 kronor.

801 2051 120 48 Öfriga
944 2061 172 31 ordinarie
1140 2063 133 38 anslag.

365 2156 95 34 12:o.
518 2154 15 35 I
557 2154 182 36 afseende
769 2158 21 33 å
818 2156 136 48 öfriga,
984 2157 121 37 under
1133 2158 135 48 sjunde
1284 2158 289 37 hufvudtiteln
1561 2150 19 60 i
1591 2172 51 24 nu
1663 2159 182 58 gällande

232 2206 160 36 riksstat
415 2211 202 44 upptagna
641 2206 193 37 ordinarie
850 2184 138 85 anslag
1003 2209 70 36 har
1088 2209 145 48 Kongl.
1251 2210 110 48 Maj:t
1378 2211 76 36 dels
1477 2210 189 37 förklarat
1683 2211 61 48 sig
1759 2211 85 37 icke

231 2258 226 48 ifrågasätta
486 2270 128 24 annan
644 2258 181 48 ändring,
855 2264 49 32 än
934 2265 56 31 att
1018 2261 352 49 förslagsanslaget
1401 2262 82 36 "till
1512 2240 331 61 skrifmaterialier

232 2310 73 36 och
334 2322 202 36 expenser,
561 2309 75 37 ved
666 2322 48 23 m.
746 2311 76 35 m.'
852 2314 119 34 måtte
996 2312 59 36 för
1084 2312 238 37 afrundande
1352 2313 43 36 af
1418 2314 47 36 de
1495 2314 193 37 ordinarie
1717 2316 126 36 ansla-

232 2374 97 35 gens
359 2362 229 35 slutsumma
620 2361 108 49 höjas
758 2362 82 36 från
872 2366 138 45 36,217
1042 2364 141 37 kronor
1211 2365 58 36 till
1299 2367 139 47 36,947
1470 2366 153 48 kronor,
1646 2366 93 37 eller
1756 2368 86 36 med

1903 500 154 34 Angående

1891 537 177 27 uteslutande

1875 572 32 32 af
1915 573 38 25 ett
1962 572 121 33 anslags-

1928 606 105 34 belopp.

1966 645 32 34 7.

1898 1285 156 34 Angående

1879 1320 183 34 nedsättning

1887 1355 33 33 af
1936 1356 127 33 anslags-

1919 1390 106 34 belopp.

1942 1427 69 48 [8.]

1890 2167 154 34 Angående

1869 2202 93 34 öfriga
1980 2203 72 26 ordi-

1861 2238 83 26 narie
1962 2238 107 34 anslag.

1934 2275 69 46 [9.]
