1924 2842
618 174 229 29 Statsutskottets
869 172 151 29 utlåtande
1041 172 49 28 Nr
1113 173 49 28 62.
1633 165 15 30 i

820 423 63 41 Nr
913 423 66 41 62.

556 545 127 27 Ankom
706 544 49 28 till
778 543 189 37 riksdagens
991 542 104 28 kansli
1118 541 63 28 den
1206 540 36 27 12
1266 547 84 20 mars
1376 537 80 28 1940
1479 536 41 28 kl.
1547 535 38 28 12
1608 543 41 20 m.

459 636 196 36 Utlåtande
682 635 14 36 i
723 635 198 47 anledning
951 647 43 22 av
1026 632 132 49 Kungl.
1183 631 130 48 Maj:ts
1332 627 226 51 proposition
1587 639 65 23 an-

544 697 140 49 gående
717 695 205 49 ytterligare
952 693 251 51 förstärkning
1236 704 44 23 av
1309 690 161 49 anslaget
1498 687 56 37 till
1574 687 78 49 fri-

546 757 129 48 villiga
703 755 295 48 skytteväsendets
1026 752 261 50 befrämjande.

1426 810 62 38 (1:a
1512 808 85 38 avd.)

201 911 19 31 I
236 909 260 44 propositionen
513 921 41 19 nr
570 910 40 31 82
626 909 62 31 har
704 908 125 41 Kungl.
848 907 111 41 Maj:t,
977 906 107 32 under
1101 904 215 42 åberopande
1335 914 40 21 av
1392 901 261 44 propositionen

149 962 109 42 bilagt
287 961 124 41 utdrag
438 971 41 21 av
508 958 378 42 statsrådsprotokollet
915 959 81 30 över
1024 954 309 37 försvarsärenden,
1365 952 178 41 föreslagit
1572 951 81 31 riks-

150 1012 108 42 dagen
281 1013 49 30 att
353 1011 55 31 till
431 1009 233 42 förstärkning
686 1020 41 20 av
750 1008 154 41 anslaget
927 1007 54 31 till
1004 1006 164 41 frivilliga
1191 1003 297 43 skytteväsendets
1511 997 143 50 befräm-

150 1063 101 42 jande
271 1064 19 30 å
309 1062 210 41 tilläggsstat
537 1061 39 31 II
596 1060 55 31 till
670 1059 184 31 riksstaten
876 1058 54 31 för
949 1057 203 41 budgetåret
1173 1055 134 32 1939/40
1329 1054 118 31 anvisa
1468 1055 47 29 ett
1535 1051 120 42 anslag

150 1125 41 20 av
213 1113 134 38 325,000
369 1112 135 31 kronor.

202 1213 387 43 Departementschefen
613 1212 62 31 har
698 1209 250 42 inledningsvis
974 1209 125 31 erinrat
1124 1208 124 36 därom,
1274 1208 49 30 att
1347 1208 19 29 å
1391 1205 185 31 riksstaten
1601 1203 54 31 för

151 1265 228 32 innevarande
408 1263 168 42 budgetår
604 1262 56 31 till
690 1261 164 41 frivilliga
883 1258 296 43 skytteväsendets
1208 1256 236 41 befrämjande
1474 1265 181 31 ursprung-

151 1316 92 42 ligen
263 1315 151 32 anvisats
436 1316 49 30 ett
503 1313 119 41 anslag
643 1323 40 21 av
704 1311 135 38 470,000
858 1311 135 37 kronor,
1016 1311 87 30 samt
1123 1310 50 30 att
1193 1310 19 29 å
1231 1307 210 41 tilläggsstat
1460 1306 19 31 I
1498 1305 54 32 till
1572 1305 82 31 riks-

151 1368 113 30 staten
281 1366 53 31 för
351 1376 128 21 samma
496 1364 169 41 budgetår
683 1362 191 31 sedermera
893 1360 150 31 anvisats
1063 1361 48 29 ett
1130 1358 117 41 anslag
1266 1369 41 20 av
1325 1356 114 38 75,000
1456 1356 126 31 kronor
1599 1355 56 31 till

154 1416 232 41 förstärkning
416 1426 41 20 av
487 1414 154 40 anslaget
673 1411 55 32 till
758 1411 164 40 frivilliga
954 1408 295 43 skytteväsendets
1281 1406 245 41 befrämjande.
1571 1405 84 32 BSist-

151 1467 146 32 nämnda
317 1466 128 41 belopp
464 1465 61 31 har
544 1465 130 30 avsetts
695 1463 53 30 för
768 1460 270 33 finansierandet
1058 1471 40 19 av
1119 1470 25 20 s.
1165 1458 30 31 k.
1217 1456 437 42 beredskapsskjutningar.

152 1518 68 31 För
255 1515 164 42 frivilliga
454 1512 297 44 skytteväsendets
786 1510 235 41 befrämjande
1055 1509 87 31 hava
1168 1508 142 32 sålunda
1333 1507 128 32 hittills
1486 1507 53 31 för
1564 1506 92 31 inne-

151 1567 146 32 varande
321 1566 168 41 budgetår
511 1564 152 32 anvisats
686 1561 250 42 anslagsmedel
960 1571 54 20 om
1036 1559 147 41 tillhopa
1205 1558 133 38 545,000
1362 1557 134 31 kronor.

204 1618 19 31 I
240 1617 164 32 skrivelse
422 1616 66 32 den
506 1616 17 30 1
541 1615 152 31 februari
712 1614 80 31 1940
809 1614 62 31 har
887 1612 328 41 skytteförbundens
1233 1609 226 41 överstyrelse
1476 1606 180 33 inkommit

152 1669 77 31 med
250 1667 251 40 framställning
522 1677 54 20 om
597 1664 186 32 anvisande
804 1675 40 20 av
863 1663 197 42 ytterligare
1081 1661 250 42 anslagsmedel
1351 1660 54 31 för
1426 1657 229 33 innevarande

151 1718 167 42 budgetår
338 1718 55 31 till
415 1717 57 31 det
495 1716 163 41 frivilliga
679 1714 297 42 skytteväsendets
998 1712 242 41 befrämjande.
1276 1709 277 42 Överstyrelsens
1575 1703 82 50 skri-

153 1768 92 32 velse
265 1768 208 41 utmynnade
494 1767 11 30 i
527 1778 41 20 en
589 1765 213 37 hemställan,
824 1766 50 30 att
895 1766 19 29 å
933 1763 209 41 tilläggsstat
1162 1762 54 31 till
1237 1762 186 31 riksstaten
1443 1760 53 30 för
1515 1758 141 41 budget-

153 1820 73 30 året
243 1818 135 32 1939/40
396 1819 104 29 måtte
517 1816 136 32 anvisas
671 1815 74 32 dels
763 1817 48 29 ett
827 1814 119 41 anslag
964 1825 39 20 av
1020 1813 135 38 300,000
1171 1812 125 31 kronor
1312 1812 50 30 att
1380 1809 106 41 enligt
1502 1810 153 30 närmare

154 1868 194 41 fördelning
369 1879 41 20 av
432 1866 251 42 överstyrelsen
706 1865 171 31 användas
901 1865 53 30 för
975 1862 223 32 anskaffande
1221 1873 40 20 av
1282 1859 225 33 ammunition
1529 1861 33 29 åt
1585 1869 72 30 per-

154 1929 109 27 soner,
281 1918 91 31 vilka
388 1917 109 31 under
512 1928 47 19 nu
576 1915 150 31 rådande
744 1914 238 32 förhållanden
999 1912 150 32 önskade
1167 1912 92 30 inom
1277 1911 57 31 det
1351 1909 164 40 frivilliga
1532 1908 125 41 skytte-

154 1968 162 32 väsendet
333 1968 157 31 förvärva
506 1966 87 31 ökad
611 1964 308 42 skjutskicklighet,
938 1964 73 30 dels
1030 1974 41 19 en
1087 1961 197 40 tilldelning
1300 1961 75 30 från
1393 1961 130 29 statens
1541 1958 116 31 förråd

154 2030 40 20 av
216 2018 133 38 270,000
383 2018 48 30 6.5
456 2028 67 20 mm
544 2016 123 41 skarpa
689 2017 168 39 patroner,
880 2013 148 31 avsedda
1051 2015 49 28 att
1123 2011 170 32 användas
1315 2010 59 31 vid
1397 2008 260 41 skjutövningar

154 2069 77 31 med
253 2068 290 41 kulsprutegevär.

207 2117 386 42 Departementschefen
618 2116 61 31 har
706 2115 53 31 för
785 2125 83 30 egen
895 2114 55 31 del
976 2113 11 31 i
1013 2112 139 32 ärendet
1179 2112 111 31 anfört
1317 2110 164 40 följande:

207 2178 51 29 Av
280 2176 268 40 överstyrelsens
572 2174 164 31 skrivelse
761 2174 154 40 framgår,
939 2175 49 29 att
1010 2173 127 30 antalet
1160 2172 170 40 deltagare
1354 2171 11 30 i
1389 2170 41 31 de
1453 2170 57 31 vid
1532 2169 125 41 skytte-

155 2218 238 40 föreningarna
409 2216 195 31 anordnade
621 2228 25 19 s.
663 2216 30 30 k.
710 2215 472 41 beredskapsskjutningarna
1198 2212 183 41 väsentligt
1397 2211 178 41 överstigit
1591 2210 65 30 vad

156 2272 75 20 man
250 2261 144 40 tidigare
413 2260 74 30 haft
506 2259 185 38 anledning
710 2258 103 30 räkna
831 2257 77 31 med
927 2257 62 30 och
1008 2259 49 28 att
1076 2257 58 30 det
1151 2256 64 30 kan
1235 2256 183 35 förväntas,
1432 2256 50 28 att
1494 2253 163 40 deltagar-

155 2303 127 30 antalet
303 2303 108 30 under
432 2302 64 30 den
518 2312 118 19 senare
658 2300 99 30 delen
778 2311 39 19 av
837 2299 202 39 budgetåret
1058 2298 151 30 kommer
1229 2300 49 28 att
1296 2296 198 41 ytterligare
1515 2297 140 38 stegras.

155 2346 53 30 Då
223 2345 99 30 dessa
337 2344 216 39 skjutningar
569 2341 236 40 otvivelaktigt
820 2343 61 37 äga
898 2352 40 19 en
954 2340 71 30 icke
1042 2339 190 40 oväsentlig
1247 2339 177 39 betydelse
1441 2339 53 29 för
1508 2337 148 40 höjande

156 2399 39 19 av
213 2387 64 30 den
295 2386 170 30 allmänna
481 2383 342 42 skjutskickligheten
840 2382 105 31 bland
964 2382 64 30 den
1045 2381 148 39 manliga
1208 2379 254 41 befolkningen,
1481 2391 101 29 synes
1600 2378 58 31 det

155 2429 146 40 befogat,
324 2430 50 28 att
396 2426 262 31 statsmakterna
679 2425 111 30 lämna
812 2425 111 30 denna
944 2423 126 31 rörelse
1093 2422 216 39 erforderligt
1331 2421 215 32 ekonomiskt
1567 2420 88 31 stöd.

156 2472 102 30 Emot
296 2471 56 30 det
391 2469 126 40 belopp
556 2479 73 19 som
667 2466 205 31 härutinnan
900 2465 195 40 ytterligare
1125 2463 193 39 föreslagits
1348 2464 53 30 för
1429 2462 228 31 innevarande

208 2531 111 36 Bihang
344 2530 45 27 till
411 2529 170 36 riksdagens
600 2528 144 37 protokoll
769 2524 88 31 1940.
906 2524 21 30 6
947 2526 79 28 saml.
1097 2526 24 26 Nr
1145 2527 131 27 62—66.
1538 2532 40 18 596
1592 2533 26 17 40
