2099 2653
663 210 259 33 Bankoutskottets
947 211 160 32 Memorial
1131 211 64 33 N:o
1218 213 30 31 2.
1356 237 2 2 .
1723 215 36 29 13

834 292 204 49 Transport
1064 293 53 36 kr.
1186 295 167 42 -594,186:
1382 296 44 33 32
1472 295 204 42 3,192,338:
1705 295 56 34 77.

155 343 167 36 Utbetalt
349 342 58 37 för
434 343 145 36 Tumba
605 344 115 35 bruks
748 344 289 49 ombyggnad
1006 338 42 59 ..
1085 363 12 14 >»
1214 347 145 41 70,000:
1387 364 47 3 —

134 394 159 36 .Inlösta
328 395 120 35 sedlar
487 395 20 35 å
548 398 19 33 3
610 395 69 35 och
722 398 18 33 2
783 396 178 35 riksdaler
1000 395 46 49 på

206 447 109 34 enkla
342 446 215 35 bladinsssss
577 478 59 3 ss
655 478 216 4 senses
890 479 82 3 sann
990 478 48 4 enn
1085 464 13 15 PD
1302 449 57 33 76:
1388 450 46 32 50

155 496 112 36 Saldo
300 495 40 37 af
369 498 194 47 upplupna
604 503 127 38 räntor,
755 496 180 49 jemfördt
962 497 84 36 med
1695 511 4 6 |

206 548 199 35 detsamma
438 548 59 36 vid
530 552 93 32 1885
653 549 57 34 ars
735 549 74 35 slut
824 581 205 3 .......cco..
1086 566 13 16 >
1216 551 145 40 31,137:
1391 551 44 50 65
1505 560 170 39 —695,400:
1703 560 59 33 47.

885 616 110 36 Vinst
1021 616 59 36 för
1108 619 39 33 år
1178 598 93 56 1886
1300 618 139 34 kronor
1468 620 208 42 2,496,938:
1705 620 57 33 30.

257 682 124 37 Säsom
411 683 112 36 redan
553 684 66 35 här
647 683 111 37 ofvan
786 684 178 44 förmälts,
991 684 181 48 beviljade
1195 685 186 35 nästlidna
1399 685 94 35 årets
1513 684 149 49 riksdag
1680 683 85 37 full-

157 736 196 46 mägtige
342 731 21 56 i
383 736 225 35 riksbanken
637 735 264 36 ansvarsfrihet
928 714 59 57 för
1014 735 274 49 förvaltningen
1319 735 40 36 af
1384 736 122 36 denna
1530 737 117 35 banks
1666 735 100 37 såväl

157 786 160 36 hufvud-
351 799 79 22 som
459 786 348 49 afdelningskontor
833 787 119 35 under
979 787 39 35 år
1048 790 94 33 1884
1171 768 192 55 äfvensom
1390 787 58 36 för
1476 788 44 35 de
1548 788 121 35 beslut
1696 788 68 34 och

155 836 180 49 åtgärder,
372 838 127 35 hvilka
533 816 121 57 finnas
682 838 229 53 antecknade
939 839 11 34 i
977 837 251 49 fullmägtiges
1260 839 187 47 protokoll
1474 837 83 36 från
1585 839 68 34 och
1681 838 83 35 med

156 889 69 34 den
267 892 41 33 15
343 889 148 46 januari
531 892 93 33 1885
659 890 57 34 till
748 885 140 39 samma
915 889 72 47 dag
1018 869 115 57 1886.
1167 869 62 56 De
1256 889 229 36 sistnämnda
1512 889 39 36 år
1578 889 188 35 härstädes

155 940 224 35 församlade
407 941 188 42 revisorer,
624 940 125 36 hvilka
776 941 176 47 granskat
965 921 256 55 riksbankens
1258 941 239 47 räkenskaper
1522 939 58 37 för
1599 940 73 36 år
1663 943 102 41 1885,

157 990 112 36 hafva
306 991 10 34 i
351 991 56 34 sin
443 990 194 36 berättelse
673 992 149 44 anmält,
859 997 53 29 att
949 998 96 29 emot
1076 992 240 35 riksbankens
1344 991 230 48 förvaltning
1602 991 62 35 det
1690 991 77 36 året

158 1043 133 35 icke
271 1043 94 35 varit
397 1041 111 49 något
541 1048 53 29 att
622 1043 129 39 erinra,
780 1020 69 57 äck
877 1042 45 36 de
948 1043 58 35 till
1033 1043 230 47 granskning
1290 1042 40 36 af
1355 1021 411 69 afdelningskontorens

158 1095 8 34 i
208 1093 198 47 Göteborg,
446 1074 147 63 Malmö,
635 1072 121 60 Luleå,
792 1093 128 44 Vexiö,
958 1093 30 36 V
992 1081 80 60 isby
1105 1094 68 34 och
1202 1074 204 55 Östersund
1435 1074 167 54 räkensk:
1579 1107 103 34 kaper
1709 1092 59 36 för

158 1158 141 21 samma
325 1144 40 35 är
392 1143 40 36 af
456 1144 211 48 Riksdagen
698 1144 152 36 utsedde
877 1145 179 35 revisorer
1081 1144 112 36 hafva
1222 1146 7 34 i
1259 1146 79 34 sina
1356 1146 213 34 berättelser
1588 1145 180 48 tillstyrkt

158 1195 267 36 ansvarsfrihet
464 1195 58 36 för
562 1196 104 35 dessa
706 1197 152 34 kontors
894 1196 181 48 styrelser.
1127 1195 83 36 Med
1248 1195 203 48 anledning
1487 1195 108 36 häraf
1626 1196 67 35 och
1722 1195 46 35 då

159 1248 308 34 bankoutskottet
502 1246 62 36 vid
600 1260 49 21 nu
691 1247 184 35 verkstäld
913 1246 280 48 undersökning
1226 1246 126 35 funnit
1379 1227 234 67 fullmägtige
1643 1248 9 33 1
1680 1247 89 34 riks-

161 1299 143 34 banken
343 1296 112 37 hafva
490 1297 82 36 med
612 1311 148 34 omsorg
795 1298 68 34 och
899 1298 56 35 nit
986 1297 172 48 fullgjort
1170 1277 81 55 det
1279 1298 83 35 dem
1392 1276 167 57 lmäade
1570 1278 198 67 "uppdrag,

159 1348 56 36 får
245 1349 178 35 utskottet
449 1349 202 44 hemställa,

665 1422 54 29 att
760 1415 265 37 ansvarsfrihet
1067 1416 57 35 må
1163 1417 153 47 beviljas
1356 1415 234 48 fullmägtige
1631 1417 9 34 i
1681 1416 89 35 riks-

564 1468 144 34 banken
740 1467 58 35 för
825 1466 275 48 förvaltningen
1131 1466 40 36 af
1196 1467 117 35 denna
1344 1468 117 34 banks
1487 1446 283 57 hufvudkontor

564 1525 95 28 samt
696 1518 80 35 dess
812 1506 339 63 afdelningskontor
1176 1519 24 34 i
1237 1517 196 48 Göteborg,
1467 1518 146 44 Malmö,
1648 1517 122 43 Luleå,

569 1570 126 44 Vexiö,
734 1569 114 49 Visby
882 1570 67 35 och
985 1563 205 41 Östersund
1226 1569 119 35 under
1377 1569 40 35 år
1455 1574 91 31 1885
1581 1568 194 48 äfvensom

566 1620 58 35 för
661 1598 44 57 de
741 1621 120 34 beslut
895 1621 68 34 och
995 1620 179 48 åtgärder,
1203 1620 126 36 hvilka
1347 1621 129 34 finnas
1504 1620 229 35 antecknade
1760 1621 9 33 i

565 1671 251 48 fullmägtiges
852 1652 203 67 protokoll
1073 1670 59 36 för
1165 1649 99 57 tiden
1301 1670 81 36 från
1416 1672 67 34 och
1511 1671 84 35 med
1625 1671 69 35 den
1728 1675 41 31 15

562 1723 193 47 januari
746 1725 89 33 1886
864 1723 57 35 till
948 1735 140 23 samma
1116 1722 72 46 dag
1217 1722 250 36 imnevarande
1494 1722 48 35 år.

264 1790 216 36 Stockholm
508 1791 69 35 den
613 1795 40 30 19
683 1789 164 37 februari
878 1794 104 33 1887.

681 1875 51 35 På.
759 1876 323 35 bankoutskottets
1110 1882 153 42 vägnar:

753 1959 41 38 G.
822 1960 33 37 S.
882 1945 305 52 ÅKERHIELM.

1662 2349 15 25 [SA

269 2350 64 25 DBih.
353 2350 42 25 till
415 2350 98 26 BRiksd.
534 2350 73 24 Prot.
631 2350 82 25 1887.
750 2350 18 24 6
788 2349 85 25 Saml.
910 2350 15 24 1
947 2350 68 33 Afd.
1053 2350 18 24 2
1092 2350 78 32 Häft.
