2212 2600
408 197 18 32 8
906 196 255 34 Statsutskottets
1183 196 170 33 utlåtande
1377 197 53 31 Nr
1452 199 54 30 36.

407 279 154 47 ningen
603 277 229 49 ådagalagt.
888 278 65 36 Då
995 278 192 37 likaledes
1225 290 51 25 av
1303 278 272 49 utredningen
1601 278 93 37 med
1722 278 57 36 all
1806 278 201 37 önskvärd

406 331 207 49 tydlighet
653 331 192 49 framgår,
889 333 62 35 att
994 344 50 24 en
1080 332 161 48 lösning
1276 344 51 25 av
1355 332 145 48 frågan
1527 344 57 24 nu
1610 331 94 37 med
1732 331 68 37 det
1828 333 179 35 snaraste

407 385 71 37 bör
507 385 70 36 ske
604 385 14 36 i
646 385 195 37 samband
868 384 95 37 med
992 385 324 37 återbesättande
1345 398 51 24 av
1424 385 78 37 den
1530 385 102 37 efter
1659 385 189 48 Högbom
1871 385 136 48 lediga

408 438 265 48 professuren,
713 451 116 24 anser
871 439 201 36 utskottet
1100 439 137 36 starka
1265 439 88 37 skäl
1379 439 86 37 tala
1493 439 62 36 för
1584 440 59 36 ett
1670 438 115 37 bifall
1809 438 123 37 redan
1950 451 58 24 nu

407 492 64 36 till
515 492 77 36 den
624 492 241 48 ifrågasatta
905 492 291 48 anordningen.
1273 492 65 37 Då
1378 493 203 36 utskottet
1622 492 120 36 alltså
1782 492 226 48 tillstyrker

412 545 151 48 Kungl.
594 545 135 48 Maj:ts
757 545 305 48 framställning
1089 546 15 36 i
1132 546 263 37 förevarande
1415 546 65 37 del
1495 547 91 36 sker
1606 545 112 37 detta
1736 545 129 37 likväl
1878 545 129 37 under

408 598 304 49 förutsättning,
743 601 63 35 att
832 599 272 48 professurens
1131 599 237 49 förändring
1396 599 91 37 från
1506 599 203 49 personlig
1727 599 65 36 till
1806 599 201 36 ordinarie

408 652 89 36 icke
526 651 62 37 får
615 654 148 47 utgöra
791 652 223 49 anledning
1040 653 66 37 till
1134 653 128 36 ökade
1291 653 101 36 krav
1420 653 52 48 på
1500 653 143 48 anslag
1662 652 62 37 för
1742 653 264 36 institutions-

411 701 200 58 ändamål.
951 709 5 4 |

514 758 219 46 Utskottet,
765 771 85 25 som
878 759 216 38 framdeles
1121 760 184 37 kommer
1333 761 62 35 att
1418 760 149 49 avgiva
1585 760 151 48 förslag
1754 759 253 38 beträffande

408 812 69 37 det
513 812 200 37 ordinarie
749 813 210 36 bestämda
997 813 184 49 anslaget
1207 814 65 36 till
1299 813 180 49 Uppsala
1505 814 238 37 universitet
1770 814 15 35 i
1812 813 195 38 avseende

408 866 25 36 å
459 878 58 25 nu
545 866 263 37 förevarande
835 866 313 49 budgettermin,
1177 867 235 37 hemställer
1441 867 129 45 alltså,

942 922 63 35 att
1033 920 215 48 riksdagen
1275 921 69 36 må

941 969 38 51 a)
1008 973 167 45 besluta,
1206 976 63 34 att
1296 974 77 37 den
1400 976 100 35 utav
1528 974 226 48 professorn
1783 973 42 37 C.
1842 974 166 36 Wiman

834 1039 57 24 nu
931 1027 230 36 innehavda
1196 1027 230 48 personliga
1466 1027 253 49 professuren
1754 1028 15 35 i
1804 1028 202 47 paleonto-

835 1079 83 48 logi
960 1079 106 37 skall
1102 1079 229 37 förvandlas
1366 1080 65 36 till
1459 1092 51 25 en
1538 1081 201 37 ordinarie
1766 1080 200 49 professur
1993 1081 16 36 i

835 1132 275 48 paleontologi
1138 1133 75 36 och
1239 1133 191 37 historisk
1457 1134 172 48 geologi,
1659 1136 106 35 samt
1793 1136 61 35 att
1872 1134 13 36 i
1906 1146 100 24 sam-

835 1185 107 37 band
973 1186 168 37 därmed
1169 1186 78 37 den
1273 1187 236 37 nuvarande
1538 1187 201 37 ordinarie
1757 1187 252 48 professuren

835 1239 14 36 i
885 1239 243 48 mineralogi
1164 1239 76 37 och
1277 1240 160 49 geologi
1469 1240 69 37 vid
1565 1240 179 49 Uppsala
1771 1241 239 36 universitet

836 1292 102 37 skall
966 1293 219 36 henämnas
1213 1293 201 49 professur
1441 1294 15 36 i
1484 1294 161 48 geologi
1671 1294 94 37 med
1790 1294 218 48 petrografi

836 1346 74 36 och
938 1346 251 49 mineralogi,

940 1395 41 51 b)
1010 1399 94 37 med
1121 1400 257 37 uteslutande
1399 1400 91 37 från
1506 1401 208 36 allmänna
1727 1400 280 49 indragnings-

836 1454 134 35 staten
1012 1465 51 24 av
1100 1453 78 36 vad
1212 1453 73 36 där
1312 1453 129 37 finnes
1470 1453 165 49 uppfört
1661 1453 253 38 beträffande
1942 1466 65 24 av-

834 1505 142 48 löning
1005 1506 44 36 åt
1067 1506 175 45 Wiman,
1258 1507 15 35 i
1291 1506 280 49 utgiftsstaten
1598 1506 62 37 för
1686 1508 281 36 universitetet
1994 1508 15 35 i

836 1558 182 49 Uppsala
1044 1559 127 37 under
1199 1559 269 49 avdelningen
1496 1556 53 51 A)
1578 1559 254 50 Avlöningar
1859 1573 52 24 m.
1938 1573 68 32 m.,

836 1608 37 51 a)
909 1612 253 38 Professorer
1198 1626 52 24 m.
1281 1614 53 44 £.,
1368 1613 219 38 filosofiska
1615 1614 238 45 fakulteten,
1882 1615 125 36 mate-

835 1666 593 50 matisk-naturvetenskapliga
1447 1667 209 37 sektionen
1670 1667 171 49 uppföra
1856 1680 49 25 en
1920 1679 87 37 pro-

836 1719 123 37 fessor
986 1720 15 36 i
1028 1720 271 48 paleontologi
1327 1720 75 37 och
1429 1721 192 37 historisk
1635 1722 160 47 geologi
1808 1721 93 37 med
1916 1733 90 25 enar

836 1772 135 37 handa
999 1773 429 49 avlöningsförmåner,
1454 1786 86 25 som
1567 1775 231 36 tillkomma
1815 1775 191 36 universi-

835 1826 322 48 tetsprofessorer
1183 1828 15 35 i
1226 1827 225 37 allmänhet
1478 1828 76 36 och
1581 1828 93 37 med
1697 1828 231 48 skyldighet
1946 1827 62 37 för

836 1880 198 48 tjänstens
1070 1880 245 37 innehavare
1352 1883 62 34 att
1442 1893 99 25 vara
1567 1881 274 37 underkastad
1869 1881 48 37 de
1946 1881 62 37 för

837 1933 113 37 dessa
969 1933 223 38 förmåners
1212 1934 240 49 åtnjutande
1471 1934 228 37 fastställda
1718 1935 199 37 villkoren
1932 1935 76 36 och

837 1987 368 45 bestämmelserna,

809 2039 6 7 |
943 2036 35 51 c)
1008 2040 62 37 för
1097 2041 234 37 ändamålet
1357 2041 95 49 höja
1480 2041 68 37 det
1575 2042 201 37 ordinarie
1799 2041 210 38 bestämda

837 2093 186 49 anslaget
1048 2094 64 36 till
1130 2094 178 48 Uppsala
1322 2095 250 44 universitet,
1588 2108 57 24 nu
1658 2095 62 37 för
1735 2096 46 36 år
1800 2096 206 44 1,054,347

835 2147 161 44 kronor,
1015 2147 94 37 med
1139 2149 116 43 7,500
1282 2148 149 37 kronor
1458 2148 63 37 för
1550 2149 80 36 år.»
1818 2184 5 4 .

854 2258 135 22 Stockholm
1001 2259 71 25 1922,
1084 2259 57 22 Ivar
1153 2259 163 25 Heggströms
1327 2259 157 26 Boktryckeri
1495 2260 29 20 A.
1534 2259 29 21 B.

1175 2306 69 16 220939
