1924 2834
272 166 36 29 10
693 171 274 31 Statsutskottets
994 172 174 31 utlåtande
1193 173 49 30 Nr
1265 175 69 29 164.

271 253 175 35 budgetår.
494 255 114 29 Under
630 254 131 31 sådana
783 255 244 31 förhållanden
1049 257 63 30 har
1135 257 56 36 jag
1213 257 115 31 funnit
1351 257 134 37 skäligt,
1509 261 49 27 att
1580 261 45 27 ett
1648 259 124 36 belopp

270 306 41 19 av
342 297 15 28 7
390 296 161 36 miljoner
580 298 129 29 kronor
738 307 41 20 av
809 299 98 29 nästa
938 298 167 36 budgetår
1135 299 192 37 inflytande
1356 300 418 32 automobilskattemedel

270 340 147 28 avsättes
441 339 54 29 för
517 339 401 36 amorteringsändamål.

314 380 47 30 På
384 382 67 29 sätt
473 381 151 36 framgår
646 391 42 21 av
710 382 255 36 finansplanen,
988 384 70 29 kan
1079 393 82 20 man
1183 385 109 29 räkna
1314 385 79 30 med
1416 388 48 27 att
1487 386 202 30 statsverket
1712 396 61 19 un-

270 423 59 29 der
349 423 201 36 budgetåret
574 419 180 41 1936/1937
777 425 88 30 skall
885 425 131 30 erhålla
1037 426 67 30 viss
1126 426 151 30 inkomst
1298 436 42 21 av
1360 428 135 36 royalty
1516 428 80 30 eller
1617 428 157 30 däremot

270 466 169 29 svarande
470 466 187 36 ersättning
690 466 79 30 från
801 467 505 32 Luossavaara-Kiirunavaara
1339 469 204 37 aktiebolag.
1599 470 174 36 Ifrågava-

269 508 106 29 rande
400 507 224 31 inkomsttitel
648 509 64 30 har
737 510 78 29 med
840 510 137 36 hänsyn
1002 510 115 30 därtill
1141 511 11 30 i
1177 511 291 37 budgetförslaget
1493 512 175 37 upptagits
1695 513 79 30 med

272 551 37 27 12
339 549 163 37 miljoner
529 551 137 30 kronor.
720 552 63 35 Jag
812 552 155 36 föreslår,
997 555 48 28 att
1074 553 113 31 denna
1217 553 152 31 inkomst
1399 555 55 29 för
1483 556 291 30 nästkommande

269 592 167 36 budgetår
457 592 10 30 i
489 593 52 30 sin
562 593 115 31 helhet
698 593 120 31 bindes
839 595 57 29 vid
919 595 262 36 amorteringen.

316 659 67 30 För
412 660 367 37 skuldavbetalningen
805 662 106 30 borde
940 662 168 37 slutligen,
1136 663 103 36 enligt
1266 664 65 30 vad
1358 664 380 35 departementschefen
1765 664 9 30 i

271 710 447 37 statsverkspropositionen
740 712 116 30 vidare
878 713 125 35 anfört,
1025 714 118 29 kunna
1166 714 176 30 användas
1364 714 68 30 viss
1456 715 54 30 del
1532 724 42 21 av
1595 715 178 30 kassafon-

271 760 83 30 dens
375 760 198 31 beräknade
595 761 198 37 behållning
816 762 56 31 vid
895 763 234 31 innevarande
1150 764 183 36 budgetårs
1357 764 137 37 utgång.
1543 765 65 30 Om
1629 765 145 31 tillskot-

270 813 46 29 tet
338 810 79 30 från
439 811 233 32 kassafonden
695 813 193 32 bestämdes
908 813 52 31 till
983 815 40 29 59
1046 813 160 37 miljoner
1229 815 138 36 kronor,
1390 815 170 36 uppstode
1583 815 192 37 ungefärlig

272 861 121 30 balans
422 862 127 30 mellan
577 862 397 38 avskrivningsbehovet,
1005 864 123 31 sådant
1159 865 91 30 detta
1278 865 196 36 beräknats,
1506 866 79 30 eller
1613 866 162 36 omkring

271 912 92 29 218.6
381 911 162 38 miljoner
560 913 138 36 kronor,
718 914 65 29 och
804 914 40 30 de
863 914 55 30 för
936 914 253 37 amorteringen
1209 915 195 36 disponibla
1423 915 239 37 tillgångarna,
1682 916 92 30 vilka

271 962 103 36 enligt
404 963 66 29 den
496 963 11 30 i
536 964 448 36 statsverkspropositionen
1011 965 193 36 framlagda
1230 966 128 36 planen
1384 967 110 30 skulle
1523 966 170 31 beräknas
1724 966 49 31 så-

271 1013 117 30 lunda:

1473 1073 65 29 milj.
1557 1073 39 22 kr.
1623 1061 12 45 —
1650 1073 65 29 milj.
1736 1073 40 23 kr.

270 1104 66 30 För
365 1105 211 37 budgetåren
608 1101 184 42 1933/1934
817 1109 67 28 och
916 1102 183 41 1934/1935
1129 1108 171 31 bokförda
1329 1117 111 22 amor-

311 1154 255 38 teringsbelOpPpDP
620 1181 808 7 o.sossosssesseresserereeressr
1201 1150 69 48 rss
1291 1150 30 48 sr
1336 1150 30 48 ss
1378 1150 54 48 rss
1483 1160 70 29 62.7

268 1204 66 30 För
355 1205 201 36 budgetåret
581 1201 184 42 1935/1936
785 1208 168 30 beräknat
976 1208 351 37 amorteringsbelopp
1359 1232 72 6 ....
1485 1209 70 30 39.5
1653 1218 89 29 102.2

268 1263 184 31 Beräknad
474 1265 205 36 avkastning
701 1265 54 31 för
776 1265 201 36 budgetåret
1002 1261 181 41 1936/1937
1206 1276 42 20 av
1270 1267 172 30 arvsskatt

313 1313 65 30 och
406 1314 93 30 skatt
526 1314 55 30 för
606 1313 88 37 gåva
722 1318 89 27 samt
838 1325 42 20 av
908 1318 96 27 extra
1032 1316 165 30 inkomst-
1227 1317 65 29 och
1320 1317 130 30 förmö-

311 1364 279 35 genhetsskattel
613 1360 12 45 =
646 1388 781 9 .ooooooosesseessserressssrrss
1246 1360 54 45 ses
1311 1360 57 45 rss
1378 1360 52 45 sea
1482 1369 70 29 38.5

266 1413 424 32 Automobilskattemedel
720 1409 12 47 =
736 1439 692 7 ...osssessersesererersrtessr
1331 1409 33 47 sr
1375 1409 57 47 srt
1506 1419 47 29 7.0

267 1462 184 32 Beräknad
471 1463 152 31 inkomst
644 1473 42 21 av
706 1464 114 30 LKAB
851 1458 12 48 =
867 1489 561 8 =.ssosososseosessssss
1328 1458 36 48 es
1376 1458 54 48 ss
1484 1468 69 30 12.0

268 1512 160 31 Tillskott
449 1512 79 31 från
547 1514 219 30 statsverkets
787 1515 191 30 kassafOond
1005 1539 426 7 .........sss.ossosros
1430 1518 132 41 59.0
1649 1527 90 30 116.5

1222 1591 142 31 Summa
1384 1592 85 36 milj.
1493 1593 128 30 kronor
1647 1595 102 29 218.7.

312 1661 13 29 I
357 1661 99 36 fråga
488 1672 56 20 om
574 1663 65 30 den
670 1663 288 36 budgettekniska
988 1665 264 37 redovisningen
1283 1676 42 20 av
1355 1667 366 36 amorteringsmedlen
1754 1667 19 30 å

268 1711 185 30 riksstaten
468 1711 53 31 för
537 1713 98 29 nästa
649 1713 167 36 budgetår
831 1714 63 29 har
907 1714 46 36 på
968 1715 66 30 sätt
1049 1715 377 36 departementschefen
1440 1717 191 30 framhållit
1646 1717 11 30 i
1673 1720 97 27 stats-

267 1761 361 37 verkspropositionen
645 1764 67 29 den
728 1764 216 36 lämpligaste
961 1765 238 36 anordningen
1216 1769 126 27 ansetts
1360 1776 92 27 vara,
1470 1770 48 27 att
1535 1767 237 31 inkomsterna

267 1820 42 21 av
334 1821 92 20 arvs-
452 1813 65 29 och
543 1812 225 37 gåvoskatten
793 1818 88 27 samt
907 1824 43 21 av
976 1818 95 28 extra
1094 1815 165 31 inkomst-
1285 1817 65 30 och
1377 1817 395 37 förmögenhetsskatten

266 1861 106 36 jämte
392 1863 56 29 det
465 1863 135 36 belopp,
621 1873 75 20 som
716 1867 92 33 toges
828 1864 11 30 i
859 1865 152 36 anspråk
1030 1875 42 21 av
1092 1866 425 37 automobilskattemedel,
1540 1869 163 29 ävensom
1721 1869 49 29 in-

267 1912 158 31 komsten
450 1913 78 30 från
550 1913 507 34 Luossavaara-Kiirunavaara
1082 1916 193 37 aktiebolag
1299 1918 277 31 sammanfördes
1599 1918 11 31 i
1632 1922 47 27 ett
1704 1918 66 30 för-

268 1963 210 37 slagsanslag
498 1963 20 31 å
534 1964 147 37 tillhopa
701 1966 69 29 57.5
790 1965 162 37 miljoner
971 1967 138 36 kronor,
1131 1968 106 29 därav
1257 1969 17 29 7
1295 1967 162 37 miljoner
1476 1969 128 30 kronor
1622 1971 49 28 att
1691 1968 81 37 utgå

268 2023 40 19 av
334 2014 426 31 automobilskattemedel.
808 2016 194 31 Tillskottet
1028 2017 78 30 från
1131 2018 234 30 kassafonden
1392 2019 107 30 borde
1525 2019 167 36 uppföras
1720 2019 50 31 så-

267 2074 73 19 som
366 2067 46 27 ett
439 2065 137 30 särskilt
602 2066 119 36 anslag
748 2066 20 30 å
792 2067 40 29 59
857 2067 162 37 miljoner
1045 2068 129 30 kronor
1199 2077 40 21 av
1265 2069 366 37 reservationsanslags
1656 2072 113 28 natur.

268 2115 72 29 Vad
371 2115 302 37 förslagsanslaget
705 2117 144 36 anginge
877 2117 199 31 förutsattes
1118 2122 48 28 att
1195 2119 55 30 det
1280 2119 136 36 belopp,
1446 2121 141 30 varmed
1618 2121 154 35 anslaget

266 2165 109 30 skulle
394 2165 35 30 få
448 2166 147 30 belastas
613 2185 44 3 —
674 2168 119 29 utöver
812 2168 55 30 det
884 2167 79 31 från
981 2169 418 30 automobilskattemedel
1416 2170 220 37 härflytande
1656 2170 113 30 bidra-

266 2218 53 32 get
338 2234 44 3 —
406 2217 110 30 skulle
539 2217 186 30 fastställas
746 2227 42 20 av
810 2218 121 36 Kungl.
956 2219 111 37 Maj:t,
1091 2220 105 29 sedan
1218 2221 54 29 det
1294 2220 85 30 efter
1402 2221 217 36 budgetårets
1643 2221 127 36 utgång

265 2266 96 30 blivit
380 2266 135 37 möjligt
536 2270 47 28 att
602 2268 164 36 beräkna,
788 2270 78 29 med
887 2269 92 30 vilka
1001 2270 124 36 belopp
1148 2271 40 29 de
1207 2273 50 27 tre
1276 2270 57 31 vid
1354 2271 253 37 amorteringen
1626 2271 144 30 bundna

266 2316 293 32 inkomsttitlarna
591 2318 132 31 influtit
754 2319 108 30 under
893 2320 210 36 budgetåret.
1160 2321 99 29 Först
1288 2321 150 31 därefter
1470 2322 110 30 skulle
1611 2322 56 30 det
1699 2324 71 28 mot

266 2367 250 31 kassafondens
544 2368 145 31 tillskott
716 2370 168 30 svarande
910 2370 383 37 reservationsanslaget
1320 2371 10 30 i
1358 2371 83 31 mån
1469 2381 41 21 av
1536 2372 110 30 behov
1672 2375 97 34 tagas

266 2418 9 29 i
299 2418 153 36 anspråk
478 2418 54 31 för
556 2419 261 36 amorteringen.
869 2420 131 30 Genom
1026 2421 111 30 denna
1164 2421 193 37 anordning
1383 2422 110 30 skulle
1516 2425 47 28 ett
1586 2423 185 30 eventuellt

265 2469 174 32 överskott
462 2468 20 31 å
506 2470 40 29 de
569 2469 54 30 för
644 2470 209 36 amortering
877 2471 150 30 avsedda
1051 2471 228 36 tillgångarna
1302 2473 142 30 komma
1469 2475 49 28 att
1541 2473 119 30 kunna
1683 2473 85 30 åter-
