2199 2685
442 179 42 33 94
928 175 220 38 Lagulskotltets
1174 171 156 32 Utlåtande
1353 170 46 30 Nr
1422 170 51 31 50.

587 260 124 38 (Kungl.
734 259 105 36 Maj:ts
861 255 141 40 förslag:)
1424 250 174 39 (Utskottets
1620 249 112 37 förslag
1741 248 22 38 :)

399 313 421 49 befallningshafvande
866 310 202 48 styrelsens
1114 309 213 36 ledamöter
1366 303 287 48 föreläggande,
1695 302 65 36 vid
1801 301 91 46 vite,
1935 302 60 34 att

401 370 144 48 afoifva
585 367 227 46 förklaring,
844 368 40 33 så
913 363 84 46 ock,
1027 369 70 30 när
1126 359 380 47 omständigheterna
1534 356 133 37 därtill
1694 355 210 44 föranleda,
1936 355 60 34 att

401 423 162 36 insända
592 422 44 36 de
664 419 242 47 handlingar,
937 429 81 24 som
1044 416 60 36 för
1132 414 178 37 ärendets
1337 411 183 49 pröfning
1538 412 63 34 må
1619 422 92 23 vara
1732 407 262 47 erforderliga.

529 475 79 36 Har
636 474 108 47 eljest
772 473 74 36 den
874 470 227 37 anmälande
1121 468 86 36 icke
1226 465 190 48 iakttagit
1435 465 45 35 de
1500 462 251 46 föreskrifter,
1772 473 82 25 som
1873 460 123 36 finnas

401 530 60 36 för
497 527 133 48 hvarje
657 526 185 37 särskildt
870 524 67 36 fall
965 523 198 47 stadgade,
1194 520 91 36 eller
1313 518 155 48 pröfvas
1495 516 195 47 förenings
1719 515 156 46 stadgar
1904 513 93 36 eller

401 583 138 45 beslut,
569 593 79 24 som
677 579 167 37 anmäles
872 578 60 35 för
954 575 264 48 registrering,
1247 572 86 36 icke
1361 571 114 36 hafva
1503 568 229 38 tillkommit
1759 568 13 36 i
1799 566 198 37 föreskrif-

402 649 73 23 ven
504 635 175 46 ordning,
709 633 92 36 eller
830 631 31 47 ej
892 632 60 34 stå
979 630 13 35 i
1013 625 390 40 öfverensstämmelse
1423 624 87 36 med
1529 621 291 37 föreskrifterna
1839 620 13 36 i
1873 621 126 35 denna

402 690 76 46 lag,
509 688 93 36 eller
631 686 122 48 åsyfta
773 684 204 48 lagstridig
998 682 91 36 eller
1107 681 219 47 uppenbart
1347 677 145 47 osedlig
1512 675 246 37 verksamhet
1778 673 91 37 eller
1889 672 110 47 eljest

404 741 120 35 strida
551 742 83 32 mot
661 739 65 46 lag
754 738 91 34 eller
872 735 244 45 författning,
1146 733 99 34 skall
1271 730 254 46 registrering
1552 734 148 40 vägras.
1756 727 150 35 Samma
1933 726 65 44 lag

404 806 101 34 vare,
541 793 69 35 där
637 791 127 36 beslut
793 801 61 25 om
883 788 118 36 sådan
1030 785 164 47 ändring
1222 783 41 38 af
1286 782 196 47 förenings
1510 780 169 48 stadgar,
1710 780 59 35 att
1796 776 204 50 styrelsens

405 849 81 34 säte
526 845 97 36 skall
663 844 132 46 flyttas
835 842 86 35 från
949 842 58 34 ett
1033 840 65 35 län
1126 838 63 37 till
1216 839 59 34 ett
1304 837 130 44 annat,
1463 835 61 35 för
1551 832 251 48 registrering
1831 830 169 37 anmäles

407 899 72 36 och
519 898 233 46 Konungens
788 891 423 49 befallningshafvande
1252 890 13 35 i
1302 889 66 35 det
1409 899 131 24 senare
1582 886 107 35 länet
1725 887 50 45 på
1803 883 198 46 förfrågan

405 951 205 44 meddelar,
642 952 59 33 att
728 948 245 46 föreningens
1000 946 111 35 firma
1141 942 159 49 jämlikt
1328 940 231 47 stadgandet
1586 939 14 35 i
1632 941 43 33 10
1706 937 18 47 $
1753 939 23 33 4
1804 948 115 24 mom.
1940 937 61 34 ut-

406 1009 70 43 gör
516 1004 137 35 hinder
694 1001 59 36 för
787 1000 245 46 föreningens
1060 995 250 50 upptagande
1339 994 13 35 i
1380 994 109 35 detta
1516 992 82 35 läns
1626 988 374 49 föreningsregister.

534 1057 148 46 Vägras
722 1053 263 48 registrering,
1028 1050 98 37 skall
1166 1049 235 45 Konungens
1441 1042 425 49 befallningshafvande
1903 1041 99 36 oför-

407 1110 191 47 dröjligen
638 1108 105 37 hålla
784 1106 196 36 sökanden
1021 1104 62 36 till
1123 1102 128 36 handa
1293 1100 104 45 eller,
1441 1111 62 24 om
1543 1098 77 35 han
1664 1094 193 49 uppgifvit
1897 1096 106 46 post-

409 1164 138 44 adress,
568 1162 61 36 till
647 1161 143 36 honom
809 1159 87 35 med
916 1158 193 35 allmänna
1128 1158 137 45 posten
1286 1152 225 37 öfversända
1532 1149 171 47 skriftlig
1722 1146 282 38 underrättelse

410 1227 61 24 om
498 1215 168 36 beslutet
693 1213 87 35 med
809 1211 132 36 skälen
971 1209 139 36 därför.

1158 1332 45 34 89
1234 1329 30 47 8.

537 1426 79 35 Har
657 1423 252 48 registrering
952 1421 40 35 af
1032 1419 178 46 förening
1250 1418 157 45 vägrats
1449 1417 50 45 på
1540 1414 74 35 den
1642 1412 138 47 grund,
1812 1413 60 33 att
1900 1409 105 36 det
1986 1405 22 58 i

410 1480 209 46 stadgarna
661 1476 157 48 angifna
850 1473 202 37 föremålet
1079 1472 60 36 för
1166 1470 245 46 föreningens
1438 1458 239 58 verksamhet
1695 1464 55 36 ”är
1767 1462 241 48 -lagstridigt

411 1533 92 35 eller
543 1531 220 47 uppenbart
802 1527 174 46 osedligt,
1008 1531 69 42 äge
1106 1523 208 44 sökanden,
1345 1522 68 35 där
1440 1521 78 35 han
1547 1525 42 30 är
1617 1516 185 47 missnöjd
1829 1515 88 36 med
1944 1515 63 35 be-

410 1586 129 44 slutet,
571 1586 59 32 att
659 1585 21 32 å
707 1582 134 35 landet
869 1581 127 34 senast
1024 1578 65 35 vid
1117 1578 65 34 det
1209 1575 164 47 lagtima
1400 1574 97 45 ting,
1527 1583 81 24 som
1632 1570 164 36 infaller.
1806 1570 85 33 näst
1912 1567 97 35 efter

412 1637 123 36 sextio
578 1636 120 46 dagar
739 1634 85 35 från
864 1632 185 36 beslutets
1092 1630 86 46 dag,
1223 1627 71 37 och
1322 1627 13 35 i
1364 1625 85 37 stad
1490 1625 105 35 inom
1624 1622 121 37 sextio
1776 1622 120 45 dagar
1923 1619 86 36 från

413 1701 144 25 samma
599 1688 75 46 dag
715 1698 138 36 genom
895 1683 216 46 ansökning
1153 1682 69 35 hos
1263 1681 131 34 rätten
1421 1679 13 35 i
1463 1678 73 35 den
1565 1679 72 43 ort,
1668 1676 69 34 där
1764 1673 245 46 föreningens

413 1742 157 47 styrelse
600 1740 122 46 enligt
746 1739 209 45 stadgarna
975 1736 98 36 skall
1091 1734 116 36 hafva
1227 1733 69 35 sitt
1315 1735 92 41 säte,
1428 1730 157 47 påkalla
1604 1727 194 48 pröfning,
1818 1724 191 37 huruvida

413 1795 147 44 hinder,
604 1805 81 23 som
725 1804 52 22 nu
807 1796 42 30 är
876 1790 124 45 sagdt,
1029 1790 127 33 möter
1183 1788 83 33 mot
1292 1784 247 46 föreningens
1567 1779 262 49 registrering.
1885 1777 126 36 Sådan

414 1846 218 46 ansökning
660 1844 99 36 skall
784 1843 41 36 af
840 1844 132 34 rätten
992 1841 92 35 eller
1104 1840 183 35 domaren
1307 1836 185 48 delgifvas
1511 1835 234 45 Konungens
1763 1830 248 46 befallnings-

416 1899 202 44 hafvande,
658 1909 80 24 som
766 1896 206 35 förordnar
1001 1893 143 36 ombud
1172 1893 59 33 att
1258 1890 13 35 i
1299 1889 119 36 målet
1446 1888 83 35 föra
1558 1888 65 34 det
1652 1885 210 36 allmännas
1891 1882 119 35 talan.

414 1953 143 35 Finner
584 1953 130 33 rätten
741 1948 147 45 hinder,
919 1959 80 24 som
1029 1945 114 36 ofvan
1171 1949 95 40 sägs,
1289 1942 30 47 ej
1342 1943 106 34 möta
1467 1942 82 33 mot
1568 1938 245 46 föreningens
1831 1935 181 47 registre-

416 2005 99 46 ring,
546 2003 109 46 skall,
686 2002 116 36 sedan
830 2000 167 37 beslutet
1024 1998 136 36 härom
1187 1995 139 37 vunnit
1353 1995 89 46 laga
1469 1991 117 47 kraft,
1616 1991 234 45 Konungens
1877 1987 135 36 befall-

417 2055 315 49 ningshafvande,
764 2066 62 23 om
852 2053 14 35 i
895 2052 118 47 öfrigt
1040 2050 138 36 hinder
1206 2048 32 47 ej
1268 2050 136 43 möter,
1434 2049 49 44 på
1513 2044 179 37 anmälan
1712 2043 39 35 af
1766 2040 248 47 föreningens

419 2109 157 47 styrelse
604 2107 142 47 bevilja
774 2104 263 49 registrering.

547 2156 54 40 Är
629 2160 196 36 sökanden
852 2157 183 46 missnöjd
1063 2155 87 36 med
1177 2155 120 35 annat
1320 2153 233 45 Konungens
1571 2146 444 49 befallningshafvandes

418 2215 138 44 beslut,
599 2212 252 47 hvarigenom
891 2208 253 48 registrering
1171 2208 168 45 vägrats,
1371 2210 69 42 äge
1469 2202 197 37 sökanden
1694 2203 71 42 att,
1795 2199 66 36 vid
1888 2198 126 36 talans

419 2267 151 45 förlust,
600 2266 119 35 innan
746 2263 169 36 klockan
933 2261 76 37 tolf
1026 2263 21 33 å
1067 2259 200 37 sextionde
1287 2259 124 46 dagen
1430 2256 85 37 från
1534 2254 186 37 beslutets
1741 2254 75 45 dag
1836 2250 178 37 däröfver

422 2319 134 37 anföra
583 2319 137 36 besvär
747 2317 69 35 hos
844 2316 226 45 Konungen.
