2202 2687
423 168 18 31 8
887 165 237 43 Lagutskottets
1154 164 168 33 Utlåtande
1346 164 52 32 Nr
1422 166 51 31 50.

380 247 215 50 granskade
636 247 265 49 räkenskaper,
945 245 237 51 öfverskjuta
1223 245 204 38 skulderna
1467 245 85 37 med
1594 244 115 38 minst
1737 245 64 37 det
1828 244 150 50 belopp,

380 314 81 24 som
503 305 213 32 motsvarar
756 300 224 47 insatserna,
1018 299 12 36 i
1073 298 72 37 den
1173 303 87 32 mån
1289 298 45 36 de
1362 298 116 37 redan
1505 298 178 38 inbetalts
1712 298 91 36 eller
1830 303 63 31 äro
1923 297 58 37 till

379 354 202 48 betalning
622 353 188 47 förfallna,
850 353 119 48 jämte
1004 351 221 38 reservfond
1261 353 62 35 och
1351 353 116 35 andra
1489 352 143 44 fonder.
1690 350 141 38 Varder
1858 350 121 37 vinst-

379 407 200 48 utdelning
618 405 174 38 beslutad
834 405 70 37 och
944 404 206 38 verkställd
1190 405 12 35 i
1245 404 94 37 strid
1381 404 85 37 med
1498 404 100 37 hvad
1622 403 156 38 sålunda
1806 402 173 49 stadgats

381 459 89 38 eller
512 458 86 38 med
634 458 266 37 bestämmelse
941 458 12 36 i
995 458 247 48 föreningens
1284 457 165 49 stadgar,
1487 470 90 24 vare
1605 457 56 48 de,
1692 470 80 23 som
1800 455 180 51 uppburit

380 512 119 37 sådan
527 511 210 50 utdelning,
768 511 176 49 skyldige
972 515 56 32 att
1056 510 172 37 återbära
1256 510 218 37 densamma
1503 510 70 37 och
1601 523 158 23 ansvara
1784 509 194 50 därjämte,

381 578 47 24 en
469 565 59 37 för
569 565 72 36 alla
681 564 71 37 och
794 564 71 36 alla
909 564 59 37 för
996 577 58 34 en,
1084 563 60 37 för
1172 563 73 37 den
1273 562 107 49 brist,
1410 576 81 24 som
1519 563 63 37 vid
1612 562 264 49 återbäringen
1905 561 75 37 kan

380 618 241 50 uppkomma.

912 723 72 48 6:0)
1012 727 54 31 att
1095 723 20 47 &
1145 725 46 32 21
1218 723 160 34 erhåller
1405 722 167 48 följande
1599 722 158 48 lydelse:

511 829 116 36 Öfver
667 827 197 49 förenings
905 826 227 38 vinstmedel
1173 826 89 37 eller
1303 826 123 50 öfriga
1468 826 208 49 tillgångar
1706 825 170 49 förfogar
1904 826 76 36 för-

380 879 420 51 eningssammanträde
824 880 11 36 i
865 879 73 37 den
966 882 86 34 mån
1081 878 246 50 föreningens
1356 879 154 49 stadgar
1537 878 92 37 eller
1657 878 123 37 denna
1807 878 64 47 lag
1898 877 83 36 icke

381 935 117 48 lägga
525 933 136 37 hinder
688 933 12 36 i
724 936 124 45 vägen
881 932 137 37 därför.

911 1037 72 49 T:o)
1024 1042 54 31 att
1119 1036 20 50 I
1181 1039 46 34 23
1270 1037 121 49 tredje
1433 1050 111 23 mom.
1588 1039 60 34 må
1689 1036 140 37 erhålla
1857 1035 126 37 denna

780 1091 159 49 lydelse:

511 1196 184 37 Ledamot
724 1196 41 36 af
789 1195 187 49 styrelsen
1003 1195 60 36 för
1092 1195 222 37 ekonomisk
1342 1195 176 48 förening
1547 1194 94 37 skall
1669 1207 91 23 vara
1788 1194 193 36 medlem
1953 1190 30 58 i

383 1249 240 48 föreningen;
667 1247 96 38 dock
805 1250 70 44 må,
919 1246 66 38 där
1013 1246 114 50 bolag
1155 1247 90 36 eller
1273 1261 124 22 annan
1426 1246 257 49 samfällighet
1710 1251 42 31 är
1779 1246 161 36 medlem
1969 1247 12 35 i

383 1302 239 48 föreningen,
652 1301 175 49 delägare
855 1301 12 35 i
896 1299 258 49 samfällighet
1177 1313 91 23 vara
1295 1300 165 36 ledamot
1486 1299 42 36 af
1543 1299 247 48 föreningens
1811 1299 168 48 styrelse.

911 1404 73 49 8:0)
1015 1409 54 31 att
1096 1403 21 50 &
1146 1406 48 34 24
1223 1404 117 36 andra
1369 1417 111 23 mom.
1512 1403 136 37 ändras
1676 1403 174 36 sålunda:

512 1511 183 37 Ledamot
736 1511 42 36 af
815 1510 184 50 styrelsen
1036 1509 60 37 för
1138 1509 221 37 ekonomisk
1400 1508 177 50 förening
1618 1510 60 34 må
1721 1508 33 49 ej
1793 1512 103 33 utses
1925 1508 59 36 för

382 1564 134 49 längre
545 1563 54 37 tid
627 1569 46 30 än
696 1564 93 45 fyra
818 1566 51 33 år.

913 1667 72 48 9:0)
1029 1671 55 32 att
1124 1666 20 50 I
1186 1668 49 35 40
1277 1667 120 49 tredje
1438 1679 112 23 mom.
1586 1665 221 37 formuleras
1836 1669 48 46 på
1912 1666 70 37 föl-

777 1719 117 49 jande
923 1724 89 31 sätt:

514 1825 71 37 Till
625 1825 145 37 revisor
798 1827 61 34 må
887 1824 32 49 ej
950 1830 103 30 utses
1082 1823 84 48 den,
1196 1837 82 23 som
1307 1828 41 32 är
1376 1824 12 35 1
1416 1823 243 48 föreningens
1689 1824 88 36 eller
1805 1824 176 50 styrelse-

383 1878 184 37 ledamots
595 1877 135 48 tjänst;
760 1879 87 34 dock
877 1879 71 34 kan
970 1877 174 45 förening
1174 1880 89 32 utan
1292 1878 129 34 Minder
1448 1876 49 44 af
1514 1877 97 35 detta
1629 1877 197 45 stadgande
1847 1877 135 36 besluta

383 1944 56 23 om
468 1932 71 34 helt
567 1931 192 44 aflönande
786 1930 49 44 af
856 1941 43 25 en
927 1930 86 35 eller
1034 1930 96 44 flera
1158 1930 180 34 revisorer.

914 2032 97 49 10:0)
1042 2038 55 31 att
1126 2032 20 49 $
1176 2035 46 34 41
1255 2047 111 23 mom.
1398 2035 21 34 2
1448 2032 158 38 erhåller
1633 2032 166 50 följande
1827 2033 154 49 lydelse:

513 2139 111 37 Hvad
666 2139 11 36 i
719 2140 47 36 40
808 2138 19 50 $
867 2140 20 35 3
918 2151 111 23 mom.
1061 2138 69 36 och
1158 2139 23 34 4
1210 2151 112 23 mom.
1355 2140 21 33 2
1404 2138 172 49 punkten
1605 2141 41 32 är
1674 2137 181 49 stadgadt
1883 2137 101 48 gälle

383 2192 72 36 ock
483 2204 60 24 om
572 2191 155 47 revisor,
757 2204 79 24 som
866 2195 103 32 utses
999 2190 41 36 af
1058 2190 239 48 Konungens
1318 2189 439 49 befallningshafvande;
1793 2189 71 37 och
1895 2202 90 24 vare

385 2244 117 36 sådan
542 2244 146 36 revisor
714 2243 218 48 berättigad
962 2247 53 32 att
1045 2242 40 36 af
1110 2242 226 49 föreningen
1364 2242 139 36 erhålla
1531 2241 154 37 arfvode
1712 2241 13 36 i
1752 2241 119 37 likhet
1899 2242 86 36 med

383 2295 126 49 öfriga
536 2296 196 36 revisorer.
