2145 2715
413 207 41 31 84

554 288 122 38 (Kungl.
701 288 105 37 Ieaj:ts
829 289 140 39 förslag
946 284 27 48 :)

444 342 77 36 Vill
536 343 186 47 styrelsen
730 343 293 48 anhängiggöra
1030 344 110 35 klan-

368 396 188 45 dertalan,
600 408 91 24 vare
731 396 76 47 lag,
842 409 80 23 som
950 396 14 36 1
993 399 45 34 36
1069 396 18 47 $
1117 400 19 32 2

367 461 115 24 mom.
526 454 101 41 sägs;
671 448 101 37 dock
805 449 98 36 skall
935 450 205 46 styrelsens

366 504 83 34 rätt
490 501 62 36 till
592 501 108 36 talan
734 514 108 24 anses
868 503 179 46 bevarad,
1079 515 63 24 om

368 555 66 35 det
462 555 69 35 där
559 554 252 37 omförmälda
836 556 304 36 sammanträdet

366 608 107 35 inom
489 606 135 37 ofvan
608 602 19 58 i
638 608 124 35 denna
776 608 188 47 paragraf
975 609 161 47 stadgad

368 660 60 36 tid
447 660 128 36 blifvit
595 660 122 47 utlyst
737 663 59 34 att
815 661 124 36 hållas
967 664 40 33 så
1031 664 107 33 snart

368 714 66 34 det
451 713 88 35 med
558 713 255 47 iakttagande
833 713 42 36 af
886 714 253 35 föreskrifven

367 764 221 35 kallelsetid
616 765 79 34 kan
724 765 77 35 ske.

444 817 79 35 Har
585 817 273 37 klandertalan
922 818 212 48 anhängig-

369 869 138 47 gjorts,
556 875 69 41 äge
672 870 227 47 domstolen,
946 877 71 30 när
1060 871 84 35 skäl

370 921 134 37 därtill
523 922 269 47 förekommer,
815 926 70 44 att,
906 923 120 36 innan
1048 924 93 36 slut-

364 975 76 46 ligt
480 975 129 47 utslag
636 975 14 35 i
677 976 119 35 målet
829 976 204 46 meddelas,
1062 976 76 36 för-

367 1027 132 46 ordna,
544 1030 59 33 att
645 1027 213 37 klandrade
899 1028 168 36 beslutet
1104 1029 31 46 ej

365 1083 63 33 må
460 1080 241 36 verkställas.
758 1081 70 36 Om
860 1081 278 36 förordnandet

366 1133 111 45 skall,
521 1133 71 35 där
631 1133 214 36 klandrade
887 1134 168 36 beslutet
1096 1140 43 30 är

367 1185 42 36 af
444 1185 278 46 beskaffenhet,
761 1189 60 33 att
850 1187 65 35 det
943 1187 71 35 bör
1042 1187 98 46 regi-

366 1241 152 41 streras,
550 1238 282 35 underrättelse
862 1237 276 48 ofördröjligen

366 1302 140 34 genom
533 1292 150 33 rättens
711 1290 93 35 eller
831 1291 202 35 domarens
1061 1290 75 36 för-

367 1353 90 36 sorg
486 1341 177 36 afsändas
691 1341 60 36 för
777 1343 265 47 registrering.

447 1394 192 35 Domstols
658 1394 141 48 utslag,
814 1395 255 47 hvarigenom
1086 1396 54 35 be-

368 1447 74 35 slut
483 1447 20 33 å
543 1447 457 43 föreningssammanträde
1041 1459 97 35 upp-

368 1497 103 37 häfts
512 1497 94 37 eller
647 1499 167 46 ändrats,
858 1499 99 48 gälle
994 1499 147 47 jämväl

367 1551 61 35 för
470 1551 45 35 de
556 1550 459 48 föreningsmedlemmar,
1059 1565 81 23 som

369 1602 31 47 ej
430 1603 161 35 instämt
620 1603 283 36 klandertalan.

852 1759 62 37 Om
944 1761 212 36 likvidation

898 209 218 37 Lagutskottets
1143 209 157 29 Utlåtande
1322 209 47 30 Nr
1392 210 50 31 50.

1397 290 174 37 (Ulskottets
1594 291 113 38 förslag
1715 294 21 36 :)

1272 345 77 35 Vill
1417 345 185 46 styrelsen
1671 346 293 48 anhängiggöra

1192 397 284 47 klandertalan,
1505 410 91 24 vare
1624 398 76 48 lag,
1730 411 80 24 som
1835 399 13 36 1
1870 402 46 33 36
1945 400 18 45 $

1195 453 19 32 2
1245 463 114 24 mom.
1390 456 100 42 sägs;
1522 451 100 36 dock
1641 451 100 36 skall
1760 452 203 47 styrelsens

1193 506 82 33 rätt
1315 503 63 36 till
1414 504 108 36 talan
1556 516 107 24 anses
1691 505 180 46 bevarad,
1902 518 62 23 om

1194 556 66 36 det
1288 557 70 35 där
1386 556 254 37 omförmälda
1660 559 304 35 sammanträdet

1191 609 106 36 inom
1327 609 113 36 ofvan
1464 610 13 35 i
1497 610 125 36 denna
1649 610 187 48 paragraf
1860 612 104 35 stad-

1192 662 77 47 gad
1295 662 60 36 tid
1382 661 131 37 blifvit
1540 663 122 47 utlyst
1690 665 60 34 att
1777 664 123 36 hållas
1925 667 40 33 så

1192 717 108 33 snart
1329 716 65 34 det
1421 716 88 34 med
1535 715 253 47 iakttagande
1809 716 43 35 af
1865 716 100 36 före-

1193 766 171 36 skrifven
1391 767 221 35 kallelsetid
1638 767 79 35 kan
1745 767 76 36 ske.

1257 819 80 36 Har
1347 819 273 36 klandertalan
1633 819 330 48 anhängiggjorts,

1198 877 70 41 äge
1314 872 227 46 domstolen,
1588 878 71 30 när
1705 873 82 35 skäl
1834 873 131 36 därtill

1196 923 270 47 förekommer,
1522 927 70 44 att,
1648 925 120 35 innan
1814 925 152 47 slutligt

1193 977 129 47 utslag
1349 977 14 35 1
1390 977 119 35 målet
1535 978 205 46 meddelas,
1766 977 198 47 förordna,

1193 1032 60 33 att
1279 1029 215 36 klandrade
1522 1030 168 36 beslutet
1718 1030 32 47 ej
1771 1033 64 33 må
1854 1031 112 36 verk-

1192 1082 141 36 ställas.
1378 1082 69 37 Om
1467 1082 278 37 förordnandet
1765 1083 109 46 skall,
1897 1084 70 36 där

1191 1134 215 36 klandrade
1433 1135 171 36 beslutet
1631 1141 44 30 är
1694 1135 41 36 af
1749 1136 216 36 beskaffen-

1194 1187 78 45 het,
1303 1189 59 34 att
1390 1188 66 35 det
1475 1189 73 34 bör
1566 1188 237 47 registreras,
1825 1189 140 35 under-

1190 1239 159 35 rättelse
1371 1239 279 47 ofördröjligen
1661 1252 138 35 genom
1815 1243 150 33 rättens

1192 1291 92 35 eller
1312 1292 203 35 domarens
1539 1291 151 48 försorg
1709 1292 178 36 afsändas
1905 1293 61 35 för

1194 1344 262 47 registrering.

1271 1396 193 36 Domstols
1518 1397 139 46 utslag,
1714 1397 252 46 hvarigenom

1193 1447 292 48 föreningsbeslut
1495 1449 184 46 upphäfts
1691 1449 92 35 eller
1797 1449 168 44 ändrats,

1194 1500 101 46 gälle
1324 1500 146 47 jämväl
1503 1500 60 37 för
1592 1501 45 35 de
1665 1501 302 47 föreningsmed-

1192 1553 172 46 lemmar,
1407 1565 81 24 som
1531 1553 32 46 ej
1599 1553 160 36 instämt
1787 1553 180 36 klander-

1196 1604 118 37 talan.

1184 1761 60 36 och
1271 1762 220 47 upplösning.

1114 1886 45 33 58
1189 1884 29 45 8.

497 1969 139 35 Finnes
659 1968 195 48 förenings
872 1970 247 36 verksamhet
1138 1983 92 23 vara
1249 1971 204 47 lagstridig
1469 1972 92 35 eller
1575 1972 220 46 uppenbart
1810 1973 157 46 osedlig,

367 2026 70 42 äge
465 2023 144 43 rätten,
629 2024 51 43 på
700 2022 216 47 ansökning
936 2022 42 35 af
993 2023 153 46 ombud,
1167 2035 82 24 som
1263 2023 340 46 justitiekanslern
1622 2024 92 35 eller
1734 2024 235 48 Konungens

364 2072 424 48 befallningshafvande
819 2074 205 36 förordnar
1043 2077 60 34 att
1121 2076 120 35 sådan
1259 2075 109 36 talan
1387 2075 140 47 utföra,
1549 2075 173 37 förklara
1740 2075 229 49 föreningen

366 2125 154 47 skyldig
562 2128 60 33 att
662 2127 113 34 träda
803 2127 13 34 i
843 2126 248 47 likvidation;
1137 2127 73 36 och
1250 2127 181 36 förordne
1460 2130 132 34 rätten
1619 2128 14 35 i
1660 2129 139 35 sådant
1826 2129 68 35 fall
1922 2141 48 23 en

366 2177 96 36 eller
488 2177 90 36 flere
607 2177 257 37 likvidatorer
892 2181 60 33 att
980 2178 212 38 verkställa
1220 2180 294 36 likvidationen.

495 2230 112 36 Hvad
648 2230 160 36 sålunda
850 2236 43 31 är
934 2230 246 38 föreskrifvet
1221 2232 101 47 gälle
1363 2232 33 47 ej
1436 2232 14 36 i
1478 2233 67 35 det
1572 2232 80 47 fall,
1683 2235 60 34 att
1773 2233 197 36 ekonomisk

362 2281 189 50 förenings
587 2282 246 36 verksamhet
869 2283 120 36 finnes
1026 2284 122 35 strida
1183 2287 82 33 mot
1291 2285 340 36 bestämmelserna
1660 2285 13 35 i
1704 2287 19 34 3
1755 2285 18 46 $
1805 2288 17 33 1
1854 2297 113 25 mom.
