1884 2846
541 136 280 30 Bankoutskottets
839 135 163 30 utlåtande
1024 136 49 29 Nr
1101 140 49 27 78.
1579 135 21 31 9

93 237 70 21 som
185 224 215 33 omförmälas
422 224 105 32 under
549 222 37 41 a)
614 223 60 33 och
697 221 53 41 b),
775 226 97 36 samt,
895 223 90 32 intill
1007 226 49 29 ett
1077 221 120 41 belopp
1222 234 42 21 av
1287 222 180 33 etthundra
1489 221 107 39 miljo-

92 288 58 21 ner
165 276 130 38 kronor,
315 278 69 29 mot
400 286 108 21 annan
526 274 166 33 säkerhet.

798 359 39 31 11
860 357 29 38 $.

138 419 115 34 Såsom
275 418 220 33 riksbankens
517 417 193 33 metalliska
730 416 103 34 kassa
854 416 88 33 skall
963 415 124 34 räknas
1110 415 63 34 allt
1194 415 203 33 riksbanken
1419 415 178 39 tillhörigt,

94 471 70 33 dels
186 470 89 33 inom
298 469 116 33 landet
436 468 178 39 befintligt
636 468 180 39 guldmynt
840 471 87 29 samt
949 470 154 36 omyntat
1125 467 92 39 guld,
1245 466 71 34 dels
1340 466 70 39 ock,
1435 466 91 33 intill
1551 469 48 30 ett

92 521 120 39 belopp
241 520 233 33 motsvarande
504 520 127 32 femton
659 519 227 33 hundradelar
914 531 41 20 av
983 518 76 33 hela
1088 517 192 34 metalliska
1308 517 134 39 kassan,
1472 518 45 39 på
1546 520 52 30 ut-

93 572 89 33 rikes
207 576 52 29 ort
282 572 135 32 nedsatt
440 570 80 34 eller
541 571 107 32 under
671 574 173 35 transport
865 570 157 39 varande,
1048 570 44 39 på
1115 569 233 39 betryggande
1373 572 69 30 sätt
1466 568 132 33 försäk-

93 627 55 29 rat
168 623 181 39 guldmynt
368 622 60 33 och
447 625 154 36 omyntat
620 622 92 38 guld.

138 673 196 33 Metalliska
361 673 124 32 kassan
513 674 54 31 må
595 673 31 38 ej
654 671 186 34 bibehållas
870 671 57 33 vid
954 672 95 38 lägre
1077 670 120 40 belopp
1227 676 43 28 än
1299 670 300 33 etthundrafemtio

93 725 153 39 miljoner
264 724 132 32 kronor.

749 832 54 34 IV
826 831 109 34 KAP.

671 906 65 27 Om
759 905 260 28 bankrörelsen.

803 968 39 31 12
865 967 30 39 8.

137 1028 221 33 Riksbanken
384 1027 110 33 driver
516 1026 215 33 bankrörelse
754 1026 59 33 vid
837 1026 236 33 huvudkontor
1095 1025 13 32 i
1133 1025 194 33 Stockholm
1351 1028 87 30 samt
1460 1025 59 32 vid
1544 1037 55 20 av-

92 1079 276 39 delningskontor
391 1078 88 33 inom
503 1078 99 33 riket.

798 1155 40 32 13
861 1153 29 40 8.

137 1214 220 33 Riksbanken
378 1214 54 32 må
451 1213 90 39 köpa
563 1213 61 32 och
645 1213 86 39 sälja
752 1212 83 39 guld
859 1212 60 33 och
940 1212 111 33 silver.

138 1264 91 34 Guld
259 1265 14 32 i
304 1265 124 39 plants,
462 1276 68 21 som
564 1264 54 32 för
649 1263 222 33 riksbankens
903 1262 146 39 räkning
1081 1262 54 33 till
1167 1262 215 39 myntverket
1414 1262 184 39 avlämnas,

93 1316 89 33 skall
204 1328 43 20 av
267 1315 204 33 riksbanken
492 1315 127 32 inlösas
640 1314 74 33 med
737 1314 135 39 guldets
892 1314 102 32 värde
1015 1314 12 31 i
1050 1313 137 33 svenskt
1208 1317 98 35 mynt
1325 1313 81 33 eller
1429 1306 170 39 tvåtusen-

93 1366 301 39 fyrahundraåttio
420 1366 122 32 kronor
570 1365 55 32 för
653 1369 48 29 ett
727 1365 168 39 kilogram
923 1364 67 33 fint
1018 1364 83 39 guld
1129 1364 73 32 med
1231 1364 130 39 avdrag
1390 1376 42 20 av
1460 1364 71 32 dels
1560 1376 40 20 en

94 1417 184 39 fjärdedels
306 1420 137 36 procent
469 1416 13 32 i
509 1415 354 40 myntningskostnad,
896 1415 69 33 dels
993 1415 12 32 i
1034 1415 112 38 övrigt
1175 1414 164 39 stadgade
1368 1414 149 39 avgifter
1546 1415 54 32 till

93 1471 109 36 mynt-
232 1468 61 32 och
322 1466 317 40 justeringsverket;
671 1466 84 32 dock
783 1467 55 31 må
869 1465 217 38 fullmäktige
1115 1466 13 31 1
1156 1465 214 39 riksbanken,
1401 1470 61 27 när
1492 1465 40 32 de
1564 1466 37 31 så

94 1518 97 33 finna
212 1518 137 39 skäligt,
370 1517 111 33 befria
502 1517 147 39 säljaren
671 1517 77 31 från
768 1515 385 40 myntningskostnaden
1175 1516 81 32 eller
1276 1516 110 38 någon
1409 1515 52 33 del
1484 1515 116 33 därav.

799 1611 42 31 14
861 1609 29 39 8.

137 1669 221 34 Riksbanken
378 1669 53 32 må
448 1669 89 38 köpa
555 1668 62 33 och
636 1668 86 39 sälja
740 1667 184 33 utländska
941 1667 144 40 valutor,
1106 1679 68 21 som
1193 1667 143 33 förfalla
1354 1667 54 33 till
1426 1667 175 38 betalning

92 1721 90 32 inom
203 1732 56 21 sex
279 1720 169 33 månader.

801 1796 38 31 15
861 1794 28 39 8.

138 1855 220 33 Riksbanken
381 1855 53 31 må
456 1857 154 35 upptaga
632 1853 162 33 utländsk
816 1853 111 32 kredit
949 1858 155 27 ävensom
1128 1852 125 39 bevilja
1275 1852 161 33 utländsk
1459 1853 141 32 central-

92 1905 92 33 bank
201 1905 122 33 kredit.

137 1955 176 38 Därjämte
329 1956 54 31 må
399 1954 203 33 riksbanken
618 1954 60 32 hos
692 1954 162 32 utländsk
871 1953 280 38 bankinrättning
1167 1953 127 32 insätta
1311 1953 186 39 penningar
1514 1957 88 29 samt

95 2018 42 21 av
163 2006 103 32 sådan
291 2005 281 38 bankinrättning
598 2005 107 31 såsom
732 2004 189 38 insättning
946 2007 151 35 mottaga
1122 2003 164 39 peningar
1312 2004 73 31 med
1412 2003 80 33 eller
1518 2007 83 29 utan

94 2056 310 38 räntegottgörelse.

801 2132 40 32 16
865 2132 28 37 8.

139 2190 221 33 Riksbanken
385 2190 53 31 må
462 2189 89 39 köpa
575 2189 61 32 och
661 2189 85 38 sälja
774 2189 142 32 svenska
941 2189 221 37 obligationer
1187 2188 60 33 och
1273 2192 215 35 statspapper
1515 2192 87 29 samt

93 2241 66 32 lätt
181 2241 148 38 säljbara
350 2240 183 32 utländska
556 2243 217 35 statspapper
795 2244 154 27 ävensom
973 2239 164 32 förmedla
1159 2239 65 38 köp
1248 2239 61 32 och
1332 2239 204 38 försäljning
1560 2251 42 20 av

95 2291 126 32 sådana
245 2290 221 39 obligationer
489 2291 60 31 och
576 2294 226 34 statspapper.

139 2341 177 38 Därjämte
339 2341 53 31 må
415 2340 205 32 riksbanken
643 2340 160 32 förvärva
828 2339 108 32 aktier
958 2340 11 30 i
993 2339 131 32 banken
1149 2339 53 32 för
1226 2339 248 32 internationell
1496 2339 105 33 betal-

95 2390 293 39 ningsutjämning
419 2389 156 40 (Banque
603 2390 57 32 des
687 2389 215 38 Reglements
930 2389 288 39 internationaux)
1251 2389 91 32 intill
1370 2389 130 39 belopp,
1533 2401 69 20 som

95 2442 198 32 bestämmes
318 2453 42 19 av
385 2440 188 38 Konungen
598 2440 60 32 och
682 2440 192 38 riksdagen.
