1866 2840
275 155 38 30 62
726 154 279 29 Bankoutskottets
1023 156 164 27 utlåtande
1209 156 47 27 Nr
1285 160 48 26 78.

414 241 38 32 C.
500 241 280 39 Tjänstemännen
805 241 57 32 vid
889 241 268 32 huvudkontoret
1185 242 60 32 och
1271 242 370 38 avdelningskontoren.

982 308 18 39 $
1023 309 50 32 28.

321 367 99 32 Mom.
445 368 28 31 1.
519 367 140 31 Antalet
681 366 164 33 ordinarie
867 367 143 38 tjänster
1030 367 11 31 i
1063 367 93 38 varje
1177 367 158 38 lönegrad
1358 372 38 27 är
1418 367 168 33 fastställt
1607 368 11 31 i
1641 368 62 31 den
1723 367 57 33 vid

278 408 392 39 avlöningsreglementet
696 409 54 31 för
773 408 335 39 befattningshavare
1133 409 58 32 vid
1216 409 198 38 riksdagens
1437 409 83 32 verk
1546 409 124 39 fogade
1695 410 85 38 tjän-

278 451 274 38 steförteckning,
574 451 61 32 och
658 455 66 33 äga
746 450 215 39 fullmäktige
982 454 50 29 att
1054 451 122 32 mellan
1196 451 159 32 kontoren
1377 451 130 32 fördela
1530 452 187 37 tjänsterna
1737 452 43 38 på

279 497 66 28 sätt
368 493 216 38 fullmäktige
607 493 75 31 med
707 493 130 37 hänsyn
862 492 55 33 till
940 493 205 38 göromålens
1172 493 204 38 omfattning
1401 493 96 32 finna
1523 493 168 39 lämpligt.

321 535 98 32 Mom.
449 536 29 31 2.
527 535 124 32 Därest
677 534 105 32 ökade
808 534 244 33 arbetskrafter
1077 535 54 31 för
1156 535 109 38 någon
1291 535 49 32 tid
1367 535 114 32 finnas
1508 536 273 38 oundgängligen

277 577 177 38 behövliga
478 577 53 32 för
556 577 208 38 göromålens
788 576 223 33 obehindrade
1035 577 99 38 gång,
1162 581 65 33 äga
1252 577 216 38 fullmäktige
1494 581 50 28 att
1569 581 118 28 utöver
1714 580 67 29 stat

278 619 144 32 anställa
445 619 62 32 den
528 619 79 32 eller
629 619 39 32 de
691 619 211 38 tjänstemän,
924 631 69 20 som
1015 619 181 32 erfordras.

321 661 99 32 Mom.
449 663 30 30 3.
526 661 72 32 När
623 661 166 32 ordinarie
816 661 203 38 tjänsteman
1045 664 91 29 utses
1165 661 53 32 till
1248 661 339 38 direktionsledamot,
1617 661 163 32 förestån-

279 703 77 32 dare
375 703 54 32 för
448 703 374 38 direktionsavdelning,
840 702 207 33 kontrollant
1065 703 57 32 vid
1141 703 274 38 sedeltryckeriet
1431 703 81 32 eller
1530 703 252 32 verkställande

278 745 288 38 styrelseledamot
584 745 58 32 vid
665 744 328 39 avdelningskontor,
1017 745 87 32 skall
1126 745 84 32 hans
1231 745 105 38 tjänst
1358 745 12 31 i
1393 745 117 38 vanlig
1530 745 143 38 ordning
1697 745 84 32 åter-

277 787 158 32 besättas.
477 787 138 38 Upphör
635 787 121 32 sådant
773 787 157 38 uppdrag
949 787 78 32 eller
1048 787 232 39 förordnande,
1301 787 89 32 skall
1409 787 268 38 tjänstemannen
1696 788 85 31 åter-

278 830 42 37 gå
341 829 53 32 till
416 829 193 38 befattning
632 829 12 31 i
669 829 63 32 den
754 829 169 38 lönegrad,
946 829 66 31 han
1037 829 70 32 före
1129 829 191 38 uppdraget
1343 828 81 32 eller
1449 829 241 32 förordnandet
1713 829 67 32 till-

277 871 99 32 hörde
399 871 82 32 eller
507 871 166 32 därunder
698 871 139 32 kommit
860 874 53 29 att
937 871 145 32 tillhöra.
1131 871 74 32 Den
1230 871 179 38 tillfälliga
1434 871 125 37 ökning
1585 883 43 20 av
1654 870 128 33 antalet

278 913 165 32 ordinarie
470 914 150 37 tjänster,
651 925 69 20 som
748 913 104 32 härav
878 913 68 32 kan
974 913 202 38 föranledas,
1204 917 64 34 äga
1296 912 217 39 fullmäktige
1540 913 133 32 besluta
1699 916 82 29 utan

277 956 116 31 hinder
413 968 43 19 av
475 956 66 31 vad
560 956 11 31 i
591 967 97 20 mom.
712 957 16 30 1
752 955 149 38 stadgas.

322 997 98 32 Mom.
450 999 30 30 4.
529 997 109 32 Pröva
666 997 217 38 fullmäktige
910 997 202 38 ledigbliven
1140 997 107 38 tjänst
1271 996 114 33 kunna
1411 997 167 38 umbäras,
1607 1002 66 33 äga
1700 996 79 33 full-

277 1039 148 38 mäktige
447 1039 70 33 låta
538 1040 72 32 med
632 1039 248 38 tillsättningen
903 1039 104 32 därav
1026 1040 96 31 anstå
1144 1044 164 34 ävensom,
1331 1040 112 32 därest
1465 1039 218 38 fullmäktige
1702 1050 78 21 anse

278 1082 105 37 tjänst
403 1082 182 38 lämpligen
603 1081 115 33 kunna
738 1085 143 29 ersättas
902 1082 74 32 med
995 1082 105 38 tjänst
1121 1082 11 31 i
1154 1082 93 38 lägre
1268 1081 170 39 lönegrad,
1460 1082 159 32 förordna
1640 1094 53 20 om
1712 1081 67 33 till-

279 1124 153 32 sättande
453 1136 42 21 av
517 1125 103 32 sådan
641 1124 117 38 tjänst.

985 1182 19 39 $
1025 1184 51 31 29.

322 1241 177 33 Ordinarie
523 1242 143 38 tjänster
692 1241 93 33 skola
807 1241 165 33 tillsättas
998 1253 41 21 av
1062 1241 228 39 fullmäktige.

321 1283 176 33 Fullmakt
522 1284 169 32 meddelas
722 1284 116 32 därvid
867 1284 37 32 åt
930 1284 267 37 tjänstemännen
1223 1285 12 30 i
1262 1284 178 32 trettionde
1468 1284 213 38 lönegraden.
1731 1279 50 37 Åt

278 1325 202 39 tjänstemän
496 1326 12 32 i
525 1326 116 38 övriga
658 1326 196 38 lönegrader
871 1326 168 32 meddelas
1056 1326 262 32 konstitutorial.

985 1410 19 38 $
1024 1411 50 32 30.

365 1468 100 33 Mom.
493 1470 28 31 1.
569 1468 110 33 Innan
705 1469 165 32 ordinarie
895 1469 107 38 tjänst
1025 1469 88 32 inom
1140 1470 179 31 1:a—30:e
1343 1469 242 48 lönegraderna
1607 1468 171 38 tillsättes,

279 1510 86 33 skall
385 1511 149 37 tjänsten
554 1510 171 39 kungöras
744 1511 89 38 ledig
854 1511 54 32 till
930 1511 147 32 ansökan
1097 1511 141 48 medelst
1259 1511 148 38 anslag
1401 1523 86 20 inom
1508 1511 149 32 bankens
1680 1514 99 29 samt-

277 1552 70 39 liga
368 1552 120 33 kontor
511 1557 85 28 samt
620 1553 177 38 dessutom,
819 1553 216 32 beträffande
1058 1553 107 38 tjänst
1187 1553 11 32 i
1223 1554 197 32 16:e—30:e
1441 1553 252 38 lönegraderna,
1715 1564 63 21 me-

278 1595 85 32 delst
386 1595 314 38 tillkännagivande
724 1595 12 32 i
758 1599 87 34 post-
870 1595 61 32 och
955 1595 124 32 inrikes
1103 1595 183 38 tidningar.
1332 1594 314 39 Ansökningstiden
1670 1595 54 32 må
1747 1595 31 38 ej

278 1633 197 57 understiga
504 1638 124 37 fjorton
658 1638 116 38 dagar.
825 1637 210 38 Kungörelse
1065 1637 89 32 skall
1180 1649 77 21 avse
1285 1637 107 38 tjänst
1420 1637 12 32 i
1459 1637 182 32 allmänhet
1669 1637 12 32 i
1708 1637 70 32 viss

277 1679 159 38 lönegrad
460 1680 13 32 i
497 1679 215 33 riksbanken.

321 1721 99 33 Mom.
444 1723 30 31 2.
516 1721 163 33 Anmäler
701 1721 52 38 sig
773 1721 73 33 icke
867 1722 110 38 någon
998 1721 81 59 fullt
1098 1721 143 39 lämplig
1262 1721 60 32 och
1343 1721 147 39 skicklig
1512 1721 156 38 sökande,
1692 1720 87 34 skall

278 1775 45 27 ny
346 1764 258 38 ansökningstid
626 1768 159 29 utsättas.

981 1823 18 38 $
1021 1824 51 32 31.

322 1880 66 33 För
412 1881 191 33 erhållande
629 1893 43 21 av
696 1881 164 32 ordinarie
885 1881 114 44 tjänst
1015 1882 12 31 i
1052 1881 203 33 riksbanken
1280 1881 92 39 gälla
1397 1881 149 38 följande
1571 1881 208 38 kompetens-

277 1922 263 34 bestämmelser:

321 1962 36 42 a)
385 1965 217 33 beträffande
627 1965 108 38 tjänst
758 1965 12 32 i
794 1966 199 32 16:e—30:e
1016 1965 255 39 lönegraderna:

387 2007 274 32 studentexamen
702 2007 80 32 eller
822 2008 290 37 avgångsexamen
1154 2007 77 32 från
1262 2007 275 32 statsunderstött
1565 2007 81 32 eller
1674 2007 106 32 under

387 2048 337 39 skolöverstyrelsens
752 2050 153 32 inseende
933 2050 94 32 ställt
1054 2050 355 37 handelsgymnasium
1437 2049 81 32 eller
1544 2049 234 32 motsvarande

385 2090 316 39 bildningsanstalt;
726 2091 53 32 till
801 2091 217 33 ombudsman
1041 2092 80 32 eller
1143 2092 197 32 biträdande
1362 2091 218 33 ombudsman
1603 2091 68 32 kan
1695 2091 84 32 dock

385 2133 120 33 endast
528 2133 61 32 den
614 2137 154 35 antagas,
794 2145 68 20 som
885 2134 158 38 fullgjort
1065 2134 66 32 vad
1157 2134 290 38 författningarna
1472 2133 190 33 föreskriva
1687 2133 13 32 i
1722 2145 55 20 av-

387 2175 117 32 seende
525 2176 20 32 å
567 2176 83 38 dem,
675 2188 69 20 som
766 2176 11 31 i
799 2176 217 32 domarevärv
1036 2177 52 31 må
1110 2176 186 38 begagnas;

319 2215 38 41 b)
385 2217 217 33 beträffande
629 2218 108 38 tjänst
765 2218 107 32 såsom
898 2218 281 32 kameralbiträde
1207 2218 59 32 och
1293 2217 290 33 kontorsskrivare
1610 2218 12 31 i
1651 2220 53 30 7:e
1730 2229 47 21 re-

386 2259 152 39 spektive
561 2261 74 31 11:e
657 2260 255 38 lönegraderna:

386 2301 284 33 realskolexamen
696 2302 80 32 eller
803 2302 256 38 avgångsbetyg
1086 2302 77 32 från
1192 2302 180 38 8-klassigt
1399 2301 154 33 läroverk
1579 2302 54 32 för
1660 2301 117 32 kvinn-

385 2343 50 38 lig
457 2344 145 38 ungdom
626 2344 216 32 medförande
866 2344 427 38 normalskolekompetens.

319 2385 91 32 Utan
432 2386 118 32 hinder
571 2386 106 32 härav
701 2391 65 33 äga
789 2386 226 38 fullmäktige,
1039 2386 41 32 då
1103 2386 328 38 omständigheterna
1452 2386 116 32 därtill
1591 2386 185 37 föranleda,

277 2431 49 28 att
352 2427 54 32 till
433 2428 165 32 ordinarie
626 2428 202 38 tjänstemän
854 2429 11 31 i
891 2428 231 32 ovannämnda
1149 2428 195 38 lönegrader
1371 2431 126 34 antaga
1524 2428 155 36 sökande,
1709 2439 68 20 som

276 2470 42 36 på
339 2473 104 28 annat
466 2474 67 28 sätt
555 2470 186 38 ådagalagt
762 2470 200 38 erforderlig
982 2470 208 38 kompetens;
1213 2470 83 32 dock
1317 2470 53 31 må
1394 2470 134 38 dispens
1551 2470 29 38 ej
1603 2470 174 38 medgivas

276 2511 216 32 beträffande
517 2512 105 37 tjänst
651 2513 108 31 såsom
787 2512 217 32 ombudsman
1031 2512 80 32 eller
1138 2512 197 32 biträdande
1363 2512 228 32 ombudsman.
