1936 2838
109 2283 130 24 Utskottet.

301 168 19 30 6
763 174 230 30 Statsutskottets
1016 178 148 28 utlåtande
1186 180 48 26 Nr
1257 178 69 31 117.

354 244 68 32 För
454 246 204 41 budgetåret
693 248 180 40 1933/1934
905 250 60 32 har
994 253 73 40 väg-
1101 253 64 31 och
1198 255 467 44 vattenbyggnadsstyrelsen
1690 261 113 30 såsom

302 295 214 42 erforderligt
549 297 165 33 beräknat
747 301 49 30 ett
829 300 128 42 belopp
990 313 40 20 av
1054 303 167 38 1,200,000
1242 305 135 32 kronor.
1422 306 105 33 Detta
1549 308 62 32 har
1634 311 169 40 styrelsen

301 346 97 31 tänkt
421 347 51 41 sig
495 347 97 32 skola
614 349 148 32 fördelas
785 353 44 39 på
853 354 67 29 sätt
935 353 146 42 framgår
1096 365 41 20 av
1152 355 150 41 följande
1320 359 327 42 sammanställning,
1665 360 72 32 däri
1750 361 53 31 till

299 396 195 41 jämförelse
517 399 178 41 upptagits
716 401 125 41 jämväl
864 402 42 31 de
928 402 136 43 belopp,
1092 416 73 20 som
1182 417 40 20 av
1237 406 229 34 innevarande
1481 409 186 42 budgetårs
1685 412 119 41 anslag

300 446 133 41 jämlikt
455 448 126 42 Kungl.
606 450 114 42 Maj:ts
744 451 116 32 beslut
883 453 165 33 tilldelats
1071 455 43 31 de
1138 456 111 31 skilda
1271 457 110 32 länen.

941 531 255 33 Budgetåret
1224 534 197 26 1933/1934
1625 547 180 32 Budgetåret

476 560 53 16 an
742 571 54 25 Till
815 572 182 31 fullföljande
1043 575 55 24 Till
1116 575 176 32 påbörjande
1395 579 118 25 Summa
1639 580 147 27 1932/1933

833 618 99 22 kronor
1122 621 98 22 kronor
1416 625 99 22 kronor
1680 628 98 21 kronor

300 650 232 34 Norrbottens
559 678 83 4 ........
697 679 57 4 ov
818 656 136 39 225,000
1104 656 135 47 145,000
1394 659 140 47 370,000
1666 662 137 47 300,000

300 692 265 35 Västerbotteng
592 720 175 6 ...............
786 723 4 3 .
816 699 136 38 280,000
1122 702 115 36 90,000
1393 706 136 37 370,000
1665 704 140 47 280,000

299 735 195 33 Jämtlands
520 761 269 8 .....occ..........
817 741 135 38 160,000
1121 744 115 38 95,000
1392 747 137 40 255,000
1665 746 140 47 225,000

299 777 307 35 Västernorrlands
613 773 62 49 .....
694 806 73 6 .......
785 807 5 5 .
817 784 134 38 120,000
1120 783 116 47 40,000
1394 790 134 38 160,000
1665 788 135 48 150,000

300 819 246 44 Kopparbergs
558 847 186 6 ...............
752 848 37 5 ....
837 826 115 38 30,000
1123 829 114 38 15,000
1411 833 117 37 45,000
1683 835 118 36 45,000

505 881 141 33 Summa
668 884 126 32 kronor
816 886 136 38 815,000
1101 885 136 47 385,000
1365 892 166 38 1,200,000
1636 890 166 47 1,000,000

351 974 244 42 Länsstyrelsen
632 977 13 32 i
686 978 194 34 Värmlands
912 981 55 31 län
989 981 61 32 har
1072 983 91 40 gjort
1184 983 251 44 framställning
1457 997 55 20 om
1537 987 203 42 utvidgning
1762 1000 40 21 av

298 1024 221 34 förevarande
542 1028 138 42 anslags
703 1030 219 42 användning
941 1031 124 42 jämväl
1089 1033 53 31 till
1166 1033 42 32 de
1230 1035 192 42 nordligare
1446 1036 139 33 delarna
1601 1049 40 20 av
1653 1040 150 30 nämnda

298 1075 65 31 län.
409 1076 123 32 Denna
565 1078 252 44 framställning
850 1081 61 32 har
933 1082 185 42 tillstyrkts
1142 1095 40 20 av
1204 1086 73 40 väg-
1300 1086 64 31 och
1387 1084 415 51 vattenbyggnadsstyrel-

299 1136 70 28 sen,
394 1138 74 20 som
492 1129 191 32 emellertid
707 1132 131 38 uttalat,
863 1134 50 29 att
935 1135 103 39 några
1061 1134 250 42 anslagsmedel
1334 1137 52 31 för
1408 1137 206 33 Värmlands
1630 1139 55 32 län
1703 1140 29 40 ej
1749 1140 53 31 för

298 1177 283 34 nästkommande
616 1180 167 43 budgetår
816 1182 155 32 behövde
994 1184 228 41 ifrågasättas,
1246 1188 80 29 enär
1349 1189 104 40 några
1476 1188 176 33 definitiva
1674 1190 128 41 förslag

297 1227 52 31 till
374 1228 280 44 ödebygdsvägar
675 1232 92 31 inom
791 1233 93 31 länet
906 1234 170 42 knappast
1099 1235 116 32 hunne
1237 1237 164 42 föreligga
1422 1238 12 31 1
1451 1239 197 42 tillräckligt
1660 1241 67 40 god
1740 1241 60 32 tid.

350 1278 243 43 Landstingens
615 1283 332 33 norrlandskommitté
969 1285 61 31 har
1052 1285 186 40 hemställt,
1262 1289 49 30 att
1326 1288 126 42 Kungl.
1470 1289 98 42 Maj:t
1580 1290 58 31 vid
1650 1291 150 31 äskande

297 1340 40 19 av
360 1330 119 42 anslag
501 1331 54 31 till
578 1343 46 20 nu
647 1332 256 42 ifrågavarande
926 1336 157 31 ändamål
1105 1337 53 31 för
1180 1337 204 42 budgetåret
1401 1340 179 40 1933/1934
1596 1343 105 29 måtte
1716 1342 84 31 före-

297 1379 51 31 slå
382 1382 37 29 så
452 1383 88 30 stort
573 1382 137 43 belopp,
749 1386 50 30 att
833 1385 103 31 därav
958 1386 53 31 till
1034 1386 265 34 Västerbottens
1323 1389 64 31 och
1410 1390 232 33 Norrbottens
1665 1392 56 31 län
1745 1394 54 29 må

294 1430 116 32 kunna
431 1434 81 39 utgå
535 1433 136 39 900,000
692 1435 135 32 kronor.

347 1481 50 32 På
430 1484 69 30 sätt
531 1484 112 32 under
678 1486 284 41 nästföregående
985 1488 110 41 punkt
1118 1488 191 33 meddelats
1332 1490 61 31 har
1415 1491 227 41 länsstyrelsen
1663 1492 14 32 i
1700 1493 99 31 Norr-

295 1532 119 32 bottens
436 1534 54 31 län
516 1534 186 33 framhållit
718 1536 148 33 behovet
890 1538 50 31 för
962 1539 149 31 nämnda
1132 1539 75 32 läns
1230 1540 263 33 vidkommande
1515 1554 40 20 av
1579 1543 80 32 ökat
1681 1543 119 42 anslag

295 1582 52 32 till
371 1583 291 44 ödebygdsvägar.

348 1633 356 44 Departementschefen
726 1638 61 31 har
810 1639 114 31 anfört
945 1639 106 32 bland
1074 1643 104 30 annat
1201 1641 165 41 följande:

347 1693 69 32 Det
448 1706 40 19 av
521 1695 247 42 länsstyrelsen
805 1698 11 31 i
850 1698 205 32 Värmlands
1088 1700 57 31 län
1182 1700 219 40 framställda,
1426 1713 39 20 av
1487 1704 74 40 väg-
1585 1704 64 31 och
1671 1705 127 30 vatten-

294 1735 352 44 byggnadsstyrelsen
665 1731 8 60 =
692 1739 188 42 tillstyrkta
912 1741 164 41 förslaget
1108 1753 55 20 om
1194 1744 241 31 utsträckande
1469 1756 40 20 av
1542 1745 256 42 ifrågavarande

294 1778 138 42 anslags
457 1780 219 42 användning
699 1782 52 31 till
784 1784 51 29 att
869 1783 140 31 omfatta
1032 1786 84 29 även
1140 1784 42 32 de
1205 1786 194 41 nordligare
1423 1786 140 33 delarna
1586 1799 40 21 av
1650 1790 148 31 nämnda

293 1820 64 74 län
381 1817 112 81 finner
529 1823 57 42 jag
623 1824 68 41 mig
723 1824 85 31 böra
834 1824 143 33 biträda.
1023 1826 117 32 Härav
1173 1827 194 33 föranledes
1400 1829 145 42 ändring
1578 1830 12 32 i
1624 1832 173 41 anslagets

293 1874 128 21 rubrik.

345 1898 95 39 Även
475 1906 61 32 här
570 1910 92 29 möta
697 1909 199 42 visserligen
930 1910 210 42 svårigheter
1173 1914 50 29 att
1255 1913 116 31 kunna
1393 1913 127 32 bereda
1543 1914 108 33 ökade
1675 1916 120 32 medel.

293 1947 83 31 Med
400 1948 132 41 hänsyn
557 1950 52 31 till
633 1951 65 31 den
721 1962 41 20 ur
785 1952 112 31 skilda
919 1953 63 31 och
1005 1953 74 31 icke
1113 1954 106 32 minst
1242 1955 127 31 sociala
1392 1957 213 40 synpunkter
1628 1959 93 30 stora
1743 1958 54 32 be-

292 1989 157 40 tydelsen
473 2002 40 20 av
536 1992 42 31 de
602 1993 165 39 ändamål,
792 2005 74 20 som
883 1995 78 31 med
975 1995 256 42 ifrågavarande
1247 1998 118 41 anslag
1381 2009 106 28 avses,
1505 1999 61 31 har
1579 2000 57 41 jag
1649 2001 148 31 emeller-

293 2031 50 32 tid
367 2032 50 31 tid
439 2033 74 31 icke
536 2034 91 32 velat
651 2036 99 31 ställa
772 2036 70 41 mig
864 2038 183 31 avvisande
1070 2038 54 31 till
1140 2041 72 39 väg-
1228 2040 64 31 och
1308 2037 488 50 vattenbyggnadsstyrelsens

291 2074 128 42 förslag
441 2086 55 20 om
520 2076 144 43 höjning
686 2089 40 20 av
748 2079 155 41 anslaget
925 2080 77 31 med
1025 2081 137 37 200,000
1184 2082 126 31 kronor
1332 2082 52 32 till
1410 2084 165 38 1,200,000
1597 2084 134 32 kronor.

345 2133 389 42 Departementschefen
757 2137 62 32 har
842 2138 165 42 därjämte
1030 2139 164 38 förordat,
1217 2142 50 30 att
1289 2141 155 42 anslaget
1467 2144 99 40 utgår
1589 2154 40 20 av
1646 2146 149 30 automo-

291 2183 285 35 bilskattemedel.

346 2279 120 32 Under
498 2280 208 44 hänvisning
739 2282 52 32 till
825 2283 65 32 vad
924 2284 168 32 utskottet
1126 2284 108 33 under
1266 2286 111 41 punkt
1400 2286 61 41 1:0)
1485 2287 113 32 anfört
1620 2289 176 41 avstyrker

292 2330 170 32 utskottet
492 2331 42 31 de
558 2332 205 32 motionsvis
786 2334 213 32 framställda
1021 2335 172 41 förslagen
1217 2347 55 20 om
1295 2336 143 42 höjning
1460 2348 41 21 av
1524 2337 58 33 det
1605 2350 41 20 av
1668 2339 126 42 Kungl.

292 2381 99 40 Maj:t
413 2382 126 31 äskade
563 2383 312 43 anslagsbeloppet.

345 2431 82 32 Med
450 2433 170 32 avseende
644 2436 19 29 å
684 2434 78 32 herr
784 2435 166 42 Norlings
972 2436 12 31 i
1000 2438 115 30 ämnet
1130 2437 118 32 väckta
1264 2438 131 31 motion
1411 2438 60 31 vill
1489 2439 168 32 utskottet
1674 2440 121 32 endast

292 2482 126 39 anföra,
443 2485 49 30 att
515 2484 118 42 frågan
657 2496 54 21 om
735 2486 64 31 och
822 2486 11 32 i
856 2486 65 32 vad
944 2489 77 29 mån
1045 2487 205 33 Värmlands
1274 2489 55 31 län
1354 2489 85 32 skall
1455 2489 104 32 redan
1577 2491 109 32 under
1706 2493 88 30 näst-
