<?xml version="1.0" encoding="UTF-8"?>
<alto xmlns="http://www.loc.gov/standards/alto/ns-v3#" xmlns:xlink="http://www.w3.org/1999/xlink" xmlns:xsi="http://www.w3.org/2001/XMLSchema-instance" xsi:schemaLocation="http://www.loc.gov/standards/alto/ns-v3# http://www.loc.gov/alto/v3/alto-3-0.xsd">
	<Description>
		<MeasurementUnit>pixel</MeasurementUnit>
		<sourceImageInformation>
			<fileName>/tmp/tess__6ni14ad_input.PNG</fileName>
		</sourceImageInformation>
		<OCRProcessing ID="OCR_0">
			<ocrProcessingStep>
				<processingSoftware>
					<softwareName>tesseract 5.3.0</softwareName>
				</processingSoftware>
			</ocrProcessingStep>
		</OCRProcessing>
	</Description>
	<Layout>
		<Page WIDTH="1912" HEIGHT="2834" PHYSICAL_IMG_NR="0" ID="page_0">
			<PrintSpace HPOS="0" VPOS="0" WIDTH="1912" HEIGHT="2834">
				<ComposedBlock ID="cblock_0" HPOS="291" VPOS="177" WIDTH="1343" HEIGHT="42">
					<TextBlock ID="block_0" HPOS="291" VPOS="177" WIDTH="1343" HEIGHT="42">
						<TextLine ID="line_0" HPOS="291" VPOS="177" WIDTH="1343" HEIGHT="42">
							<String ID="string_0" HPOS="291" VPOS="177" WIDTH="18" HEIGHT="30" WC="0.96" CONTENT="2"/><SP WIDTH="140" VPOS="177" HPOS="309"/>
							<String ID="string_1" HPOS="449" VPOS="181" WIDTH="116" HEIGHT="31" WC="0.94" CONTENT="Andra"/><SP WIDTH="24" VPOS="181" HPOS="565"/>
							<String ID="string_2" HPOS="589" VPOS="181" WIDTH="222" HEIGHT="31" WC="0.96" CONTENT="kammarens"/><SP WIDTH="20" VPOS="181" HPOS="811"/>
							<String ID="string_3" HPOS="831" VPOS="186" WIDTH="108" HEIGHT="30" WC="0.93" CONTENT="femte"/><SP WIDTH="29" VPOS="186" HPOS="939"/>
							<String ID="string_4" HPOS="968" VPOS="182" WIDTH="169" HEIGHT="37" WC="0.96" CONTENT="tillfälliga"/><SP WIDTH="27" VPOS="182" HPOS="1137"/>
							<String ID="string_5" HPOS="1164" VPOS="182" WIDTH="146" HEIGHT="30" WC="0.96" CONTENT="utskotts"/><SP WIDTH="26" VPOS="182" HPOS="1310"/>
							<String ID="string_6" HPOS="1336" VPOS="181" WIDTH="175" HEIGHT="31" WC="0.95" CONTENT="utlåtande"/><SP WIDTH="25" VPOS="181" HPOS="1511"/>
							<String ID="string_7" HPOS="1536" VPOS="181" WIDTH="49" HEIGHT="31" WC="0.94" CONTENT="Nr"/><SP WIDTH="20" VPOS="181" HPOS="1585"/>
							<String ID="string_8" HPOS="1605" VPOS="183" WIDTH="29" HEIGHT="29" WC="0.94" CONTENT="9."/>
						</TextLine>
					</TextBlock>
				</ComposedBlock>
				<ComposedBlock ID="cblock_1" HPOS="289" VPOS="265" WIDTH="1511" HEIGHT="2277">
					<TextBlock ID="block_1" HPOS="293" VPOS="265" WIDTH="1506" HEIGHT="191">
						<TextLine ID="line_1" HPOS="295" VPOS="265" WIDTH="1503" HEIGHT="37">
							<String ID="string_9" HPOS="295" VPOS="265" WIDTH="51" HEIGHT="31" WC="0.92" CONTENT="till"/><SP WIDTH="32" VPOS="265" HPOS="346"/>
							<String ID="string_10" HPOS="378" VPOS="265" WIDTH="168" HEIGHT="37" WC="0.96" CONTENT="billigaste"/><SP WIDTH="29" VPOS="265" HPOS="546"/>
							<String ID="string_11" HPOS="575" VPOS="265" WIDTH="82" HEIGHT="31" WC="0.96" CONTENT="eller"/><SP WIDTH="32" VPOS="265" HPOS="657"/>
							<String ID="string_12" HPOS="689" VPOS="265" WIDTH="207" HEIGHT="32" WC="0.95" CONTENT="åtminstone"/><SP WIDTH="32" VPOS="265" HPOS="896"/>
							<String ID="string_13" HPOS="928" VPOS="269" WIDTH="86" HEIGHT="28" WC="0.96" CONTENT="mest"/><SP WIDTH="32" VPOS="269" HPOS="1014"/>
							<String ID="string_14" HPOS="1046" VPOS="265" WIDTH="124" HEIGHT="32" WC="0.96" CONTENT="stabila"/><SP WIDTH="30" VPOS="265" HPOS="1170"/>
							<String ID="string_15" HPOS="1200" VPOS="265" WIDTH="148" HEIGHT="37" WC="0.96" CONTENT="premier"/><SP WIDTH="33" VPOS="265" HPOS="1348"/>
							<String ID="string_16" HPOS="1381" VPOS="266" WIDTH="97" HEIGHT="30" WC="0.96" CONTENT="torde"/><SP WIDTH="32" VPOS="266" HPOS="1478"/>
							<String ID="string_17" HPOS="1510" VPOS="275" WIDTH="82" HEIGHT="21" WC="0.96" CONTENT="vara"/><SP WIDTH="32" VPOS="275" HPOS="1592"/>
							<String ID="string_18" HPOS="1624" VPOS="265" WIDTH="174" HEIGHT="37" WC="0.96" CONTENT="naturligt."/>
						</TextLine>
						<TextLine ID="line_2" HPOS="296" VPOS="311" WIDTH="1502" HEIGHT="42">
							<String ID="string_19" HPOS="296" VPOS="311" WIDTH="138" HEIGHT="36" WC="0.96" CONTENT="Önskar"/><SP WIDTH="18" VPOS="311" HPOS="434"/>
							<String ID="string_20" HPOS="452" VPOS="326" WIDTH="43" HEIGHT="21" WC="0.96" CONTENT="en"/><SP WIDTH="21" VPOS="326" HPOS="495"/>
							<String ID="string_21" HPOS="516" VPOS="315" WIDTH="184" HEIGHT="38" WC="0.96" CONTENT="djurägare"/><SP WIDTH="22" VPOS="315" HPOS="700"/>
							<String ID="string_22" HPOS="722" VPOS="317" WIDTH="155" HEIGHT="30" WC="0.96" CONTENT="däremot"/><SP WIDTH="18" VPOS="317" HPOS="877"/>
							<String ID="string_23" HPOS="895" VPOS="326" WIDTH="45" HEIGHT="21" WC="0.96" CONTENT="en"/><SP WIDTH="21" VPOS="326" HPOS="940"/>
							<String ID="string_24" HPOS="961" VPOS="316" WIDTH="195" HEIGHT="37" WC="0.96" CONTENT="besiktning"/><SP WIDTH="22" VPOS="316" HPOS="1156"/>
							<String ID="string_25" HPOS="1178" VPOS="316" WIDTH="53" HEIGHT="31" WC="0.96" CONTENT="för"/><SP WIDTH="22" VPOS="316" HPOS="1231"/>
							<String ID="string_26" HPOS="1253" VPOS="316" WIDTH="197" HEIGHT="37" WC="0.96" CONTENT="försäkring"/><SP WIDTH="22" VPOS="316" HPOS="1450"/>
							<String ID="string_27" HPOS="1472" VPOS="316" WIDTH="12" HEIGHT="31" WC="0.96" CONTENT="i"/><SP WIDTH="21" VPOS="316" HPOS="1484"/>
							<String ID="string_28" HPOS="1505" VPOS="319" WIDTH="45" HEIGHT="28" WC="0.96" CONTENT="ett"/><SP WIDTH="21" VPOS="319" HPOS="1550"/>
							<String ID="string_29" HPOS="1571" VPOS="316" WIDTH="147" HEIGHT="30" WC="0.93" CONTENT="bestämt"/><SP WIDTH="22" VPOS="316" HPOS="1718"/>
							<String ID="string_30" HPOS="1740" VPOS="325" WIDTH="58" HEIGHT="21" WC="0.91" CONTENT="an-"/>
						</TextLine>
						<TextLine ID="line_3" HPOS="293" VPOS="367" WIDTH="1506" HEIGHT="37">
							<String ID="string_31" HPOS="293" VPOS="367" WIDTH="91" HEIGHT="36" WC="0.96" CONTENT="givet"/><SP WIDTH="21" VPOS="367" HPOS="384"/>
							<String ID="string_32" HPOS="405" VPOS="367" WIDTH="110" HEIGHT="37" WC="0.95" CONTENT="bolag,"/><SP WIDTH="22" VPOS="367" HPOS="515"/>
							<String ID="string_33" HPOS="537" VPOS="368" WIDTH="66" HEIGHT="30" WC="0.96" CONTENT="hör"/><SP WIDTH="22" VPOS="368" HPOS="603"/>
							<String ID="string_34" HPOS="625" VPOS="368" WIDTH="56" HEIGHT="30" WC="0.96" CONTENT="det"/><SP WIDTH="22" VPOS="368" HPOS="681"/>
							<String ID="string_35" HPOS="703" VPOS="376" WIDTH="67" HEIGHT="28" WC="0.96" CONTENT="nog"/><SP WIDTH="20" VPOS="376" HPOS="770"/>
							<String ID="string_36" HPOS="790" VPOS="367" WIDTH="53" HEIGHT="31" WC="0.96" CONTENT="till"/><SP WIDTH="23" VPOS="367" HPOS="843"/>
							<String ID="string_37" HPOS="866" VPOS="377" WIDTH="83" HEIGHT="21" WC="0.93" CONTENT="rena"/><SP WIDTH="21" VPOS="377" HPOS="949"/>
							<String ID="string_38" HPOS="970" VPOS="367" WIDTH="313" HEIGHT="37" WC="0.91" CONTENT="undantagsfallen,"/><SP WIDTH="23" VPOS="367" HPOS="1283"/>
							<String ID="string_39" HPOS="1306" VPOS="377" WIDTH="59" HEIGHT="21" WC="0.96" CONTENT="om"/><SP WIDTH="24" VPOS="377" HPOS="1365"/>
							<String ID="string_40" HPOS="1389" VPOS="367" WIDTH="214" HEIGHT="30" WC="0.96" CONTENT="veterinären"/><SP WIDTH="23" VPOS="367" HPOS="1603"/>
							<String ID="string_41" HPOS="1626" VPOS="367" WIDTH="173" HEIGHT="36" WC="0.96" CONTENT="begagnar"/>
						</TextLine>
						<TextLine ID="line_4" HPOS="295" VPOS="417" WIDTH="1383" HEIGHT="39">
							<String ID="string_42" HPOS="295" VPOS="417" WIDTH="149" HEIGHT="32" WC="0.96" CONTENT="tillfället"/><SP WIDTH="15" VPOS="417" HPOS="444"/>
							<String ID="string_43" HPOS="459" VPOS="421" WIDTH="49" HEIGHT="28" WC="0.96" CONTENT="att"/><SP WIDTH="20" VPOS="421" HPOS="508"/>
							<String ID="string_44" HPOS="528" VPOS="418" WIDTH="6" HEIGHT="31" WC="0.93" CONTENT="i"/><SP WIDTH="16" VPOS="418" HPOS="534"/>
							<String ID="string_45" HPOS="550" VPOS="418" WIDTH="322" HEIGHT="38" WC="0.91" CONTENT="övertalningssyfte"/><SP WIDTH="17" VPOS="418" HPOS="872"/>
							<String ID="string_46" HPOS="889" VPOS="418" WIDTH="183" HEIGHT="31" WC="0.95" CONTENT="framhäva"/><SP WIDTH="17" VPOS="418" HPOS="1072"/>
							<String ID="string_47" HPOS="1089" VPOS="418" WIDTH="196" HEIGHT="31" WC="0.96" CONTENT="fördelarna"/><SP WIDTH="18" VPOS="418" HPOS="1285"/>
							<String ID="string_48" HPOS="1303" VPOS="419" WIDTH="63" HEIGHT="29" WC="0.96" CONTENT="hos"/><SP WIDTH="19" VPOS="419" HPOS="1366"/>
							<String ID="string_49" HPOS="1385" VPOS="421" WIDTH="46" HEIGHT="28" WC="0.96" CONTENT="ett"/><SP WIDTH="16" VPOS="421" HPOS="1431"/>
							<String ID="string_50" HPOS="1447" VPOS="421" WIDTH="105" HEIGHT="27" WC="0.96" CONTENT="annat"/><SP WIDTH="16" VPOS="421" HPOS="1552"/>
							<String ID="string_51" HPOS="1568" VPOS="418" WIDTH="110" HEIGHT="36" WC="0.96" CONTENT="bolag."/>
						</TextLine>
					</TextBlock>
					<TextBlock ID="block_2" HPOS="294" VPOS="468" WIDTH="1504" HEIGHT="83">
						<TextLine ID="line_5" HPOS="338" VPOS="468" WIDTH="1460" HEIGHT="38">
							<String ID="string_52" HPOS="338" VPOS="469" WIDTH="50" HEIGHT="30" WC="0.96" CONTENT="På"/><SP WIDTH="21" VPOS="469" HPOS="388"/>
							<String ID="string_53" HPOS="409" VPOS="470" WIDTH="110" HEIGHT="36" WC="0.95" CONTENT="grund"/><SP WIDTH="22" VPOS="470" HPOS="519"/>
							<String ID="string_54" HPOS="541" VPOS="479" WIDTH="43" HEIGHT="21" WC="0.96" CONTENT="av"/><SP WIDTH="19" VPOS="479" HPOS="584"/>
							<String ID="string_55" HPOS="603" VPOS="471" WIDTH="67" HEIGHT="29" WC="0.96" CONTENT="vad"/><SP WIDTH="20" VPOS="471" HPOS="670"/>
							<String ID="string_56" HPOS="690" VPOS="479" WIDTH="90" HEIGHT="21" WC="0.96" CONTENT="ovan"/><SP WIDTH="21" VPOS="479" HPOS="780"/>
							<String ID="string_57" HPOS="801" VPOS="469" WIDTH="133" HEIGHT="31" WC="0.96" CONTENT="anförts"/><SP WIDTH="21" VPOS="469" HPOS="934"/>
							<String ID="string_58" HPOS="955" VPOS="469" WIDTH="124" HEIGHT="31" WC="0.96" CONTENT="tillåter"/><SP WIDTH="23" VPOS="469" HPOS="1079"/>
							<String ID="string_59" HPOS="1102" VPOS="469" WIDTH="49" HEIGHT="37" WC="0.93" CONTENT="sig"/><SP WIDTH="23" VPOS="469" HPOS="1151"/>
							<String ID="string_60" HPOS="1174" VPOS="469" WIDTH="352" HEIGHT="37" WC="0.91" CONTENT="medicinalstyrelsen"/><SP WIDTH="22" VPOS="469" HPOS="1526"/>
							<String ID="string_61" HPOS="1548" VPOS="468" WIDTH="182" HEIGHT="31" WC="0.91" CONTENT="hemställa"/><SP WIDTH="21" VPOS="468" HPOS="1730"/>
							<String ID="string_62" HPOS="1751" VPOS="471" WIDTH="47" HEIGHT="27" WC="0.95" CONTENT="att"/>
						</TextLine>
						<TextLine ID="line_6" HPOS="294" VPOS="520" WIDTH="1246" HEIGHT="31">
							<String ID="string_63" HPOS="294" VPOS="520" WIDTH="245" HEIGHT="30" WC="0.96" CONTENT="ovannämnda"/><SP WIDTH="21" VPOS="520" HPOS="539"/>
							<String ID="string_64" HPOS="560" VPOS="520" WIDTH="132" HEIGHT="31" WC="0.96" CONTENT="motion"/><SP WIDTH="20" VPOS="520" HPOS="692"/>
							<String ID="string_65" HPOS="712" VPOS="520" WIDTH="104" HEIGHT="31" WC="0.96" CONTENT="måtte"/><SP WIDTH="23" VPOS="520" HPOS="816"/>
							<String ID="string_66" HPOS="839" VPOS="529" WIDTH="41" HEIGHT="21" WC="0.96" CONTENT="av"/><SP WIDTH="21" VPOS="529" HPOS="880"/>
							<String ID="string_67" HPOS="901" VPOS="521" WIDTH="163" HEIGHT="30" WC="0.96" CONTENT="utskottet"/><SP WIDTH="19" VPOS="521" HPOS="1064"/>
							<String ID="string_68" HPOS="1083" VPOS="520" WIDTH="136" HEIGHT="30" WC="0.96" CONTENT="lämnas"/><SP WIDTH="20" VPOS="520" HPOS="1219"/>
							<String ID="string_69" HPOS="1239" VPOS="523" WIDTH="85" HEIGHT="27" WC="0.96" CONTENT="utan"/><SP WIDTH="21" VPOS="523" HPOS="1324"/>
							<String ID="string_70" HPOS="1345" VPOS="520" WIDTH="195" HEIGHT="30" WC="0.96" CONTENT="avseende.»"/>
						</TextLine>
					</TextBlock>
					<TextBlock ID="block_3" HPOS="338" VPOS="571" WIDTH="942" HEIGHT="37">
						<TextLine ID="line_7" HPOS="338" VPOS="571" WIDTH="942" HEIGHT="37">
							<String ID="string_71" HPOS="338" VPOS="571" WIDTH="470" HEIGHT="37" WC="0.91" CONTENT="Försäkringsinspektionen"/><SP WIDTH="18" VPOS="571" HPOS="808"/>
							<String ID="string_72" HPOS="826" VPOS="571" WIDTH="147" HEIGHT="31" WC="0.96" CONTENT="anförde"/><SP WIDTH="19" VPOS="571" HPOS="973"/>
							<String ID="string_73" HPOS="992" VPOS="571" WIDTH="288" HEIGHT="37" WC="0.96" CONTENT="huvudsakligen:"/>
						</TextLine>
					</TextBlock>
					<TextBlock ID="block_4" HPOS="293" VPOS="620" WIDTH="1507" HEIGHT="650">
						<TextLine ID="line_8" HPOS="342" VPOS="620" WIDTH="1456" HEIGHT="39">
							<String ID="string_74" HPOS="342" VPOS="622" WIDTH="150" HEIGHT="31" WC="0.86" CONTENT="»Genom"/><SP WIDTH="38" VPOS="622" HPOS="492"/>
							<String ID="string_75" HPOS="530" VPOS="622" WIDTH="122" HEIGHT="31" WC="0.95" CONTENT="remiss"/><SP WIDTH="38" VPOS="622" HPOS="652"/>
							<String ID="string_76" HPOS="690" VPOS="622" WIDTH="50" HEIGHT="31" WC="0.93" CONTENT="till"/><SP WIDTH="36" VPOS="622" HPOS="740"/>
							<String ID="string_77" HPOS="776" VPOS="621" WIDTH="578" HEIGHT="38" WC="0.91" CONTENT="husdjursförsäkringsföretagens"/><SP WIDTH="36" VPOS="621" HPOS="1354"/>
							<String ID="string_78" HPOS="1390" VPOS="620" WIDTH="160" HEIGHT="37" WC="0.95" CONTENT="förening"/><SP WIDTH="27" VPOS="620" HPOS="1550"/>
							<String ID="string_79" HPOS="1577" VPOS="621" WIDTH="64" HEIGHT="30" WC="0.93" CONTENT="har"/><SP WIDTH="25" VPOS="621" HPOS="1641"/>
							<String ID="string_80" HPOS="1666" VPOS="620" WIDTH="132" HEIGHT="31" WC="0.90" CONTENT="försäk-"/>
						</TextLine>
						<TextLine ID="line_9" HPOS="294" VPOS="671" WIDTH="1503" HEIGHT="39">
							<String ID="string_81" HPOS="294" VPOS="673" WIDTH="338" HEIGHT="37" WC="0.92" CONTENT="ringsinspektionen"/><SP WIDTH="24" VPOS="673" HPOS="632"/>
							<String ID="string_82" HPOS="656" VPOS="674" WIDTH="108" HEIGHT="30" WC="0.95" CONTENT="berett"/><SP WIDTH="20" VPOS="674" HPOS="764"/>
							<String ID="string_83" HPOS="784" VPOS="674" WIDTH="157" HEIGHT="29" WC="0.95" CONTENT="nämnda"/><SP WIDTH="24" VPOS="674" HPOS="941"/>
							<String ID="string_84" HPOS="965" VPOS="673" WIDTH="157" HEIGHT="36" WC="0.96" CONTENT="förening"/><SP WIDTH="24" VPOS="673" HPOS="1122"/>
							<String ID="string_85" HPOS="1146" VPOS="672" WIDTH="134" HEIGHT="31" WC="0.95" CONTENT="tillfälle"/><SP WIDTH="26" VPOS="672" HPOS="1280"/>
							<String ID="string_86" HPOS="1306" VPOS="675" WIDTH="49" HEIGHT="28" WC="0.93" CONTENT="att"/><SP WIDTH="25" VPOS="675" HPOS="1355"/>
							<String ID="string_87" HPOS="1380" VPOS="671" WIDTH="121" HEIGHT="37" WC="0.91" CONTENT="avgiva"/><SP WIDTH="23" VPOS="671" HPOS="1501"/>
							<String ID="string_88" HPOS="1524" VPOS="671" WIDTH="158" HEIGHT="37" WC="0.96" CONTENT="yttrande"/><SP WIDTH="23" VPOS="671" HPOS="1682"/>
							<String ID="string_89" HPOS="1705" VPOS="671" WIDTH="11" HEIGHT="30" WC="0.92" CONTENT="i"/><SP WIDTH="22" VPOS="671" HPOS="1716"/>
							<String ID="string_90" HPOS="1738" VPOS="680" WIDTH="59" HEIGHT="21" WC="0.92" CONTENT="an-"/>
						</TextLine>
						<TextLine ID="line_10" HPOS="294" VPOS="722" WIDTH="1504" HEIGHT="39">
							<String ID="string_91" HPOS="294" VPOS="724" WIDTH="140" HEIGHT="37" WC="0.96" CONTENT="ledning"/><SP WIDTH="16" VPOS="724" HPOS="434"/>
							<String ID="string_92" HPOS="450" VPOS="734" WIDTH="42" HEIGHT="21" WC="0.96" CONTENT="av"/><SP WIDTH="15" VPOS="734" HPOS="492"/>
							<String ID="string_93" HPOS="507" VPOS="724" WIDTH="226" HEIGHT="31" WC="0.96" CONTENT="förevarande"/><SP WIDTH="15" VPOS="724" HPOS="733"/>
							<String ID="string_94" HPOS="748" VPOS="724" WIDTH="142" HEIGHT="31" WC="0.95" CONTENT="motion."/><SP WIDTH="22" VPOS="724" HPOS="890"/>
							<String ID="string_95" HPOS="912" VPOS="718" WIDTH="25" HEIGHT="47" WC="0.95" CONTENT="I"/><SP WIDTH="23" VPOS="718" HPOS="937"/>
							<String ID="string_96" HPOS="960" VPOS="725" WIDTH="54" HEIGHT="29" WC="0.95" CONTENT="det"/><SP WIDTH="15" VPOS="725" HPOS="1014"/>
							<String ID="string_97" HPOS="1029" VPOS="723" WIDTH="79" HEIGHT="31" WC="0.95" CONTENT="från"/><SP WIDTH="16" VPOS="723" HPOS="1108"/>
							<String ID="string_98" HPOS="1124" VPOS="723" WIDTH="201" HEIGHT="37" WC="0.96" CONTENT="föreningen"/><SP WIDTH="14" VPOS="723" HPOS="1325"/>
							<String ID="string_99" HPOS="1339" VPOS="723" WIDTH="171" HEIGHT="30" WC="0.96" CONTENT="inkomna"/><SP WIDTH="15" VPOS="723" HPOS="1510"/>
							<String ID="string_100" HPOS="1525" VPOS="722" WIDTH="182" HEIGHT="37" WC="0.95" CONTENT="yttrandet,"/><SP WIDTH="17" VPOS="722" HPOS="1707"/>
							<String ID="string_101" HPOS="1724" VPOS="731" WIDTH="74" HEIGHT="21" WC="0.96" CONTENT="som"/>
						</TextLine>
						<TextLine ID="line_11" HPOS="294" VPOS="773" WIDTH="1505" HEIGHT="38">
							<String ID="string_102" HPOS="294" VPOS="776" WIDTH="146" HEIGHT="30" WC="0.96" CONTENT="härmed"/><SP WIDTH="26" VPOS="776" HPOS="440"/>
							<String ID="string_103" HPOS="466" VPOS="775" WIDTH="227" HEIGHT="36" WC="0.96" CONTENT="överlämnas,"/><SP WIDTH="26" VPOS="775" HPOS="693"/>
							<String ID="string_104" HPOS="719" VPOS="775" WIDTH="191" HEIGHT="30" WC="0.96" CONTENT="behandlas"/><SP WIDTH="25" VPOS="775" HPOS="910"/>
							<String ID="string_105" HPOS="935" VPOS="775" WIDTH="64" HEIGHT="31" WC="0.96" CONTENT="den"/><SP WIDTH="26" VPOS="775" HPOS="999"/>
							<String ID="string_106" HPOS="1025" VPOS="774" WIDTH="233" HEIGHT="37" WC="0.96" CONTENT="föreliggande"/><SP WIDTH="24" VPOS="774" HPOS="1258"/>
							<String ID="string_107" HPOS="1282" VPOS="773" WIDTH="124" HEIGHT="37" WC="0.96" CONTENT="frågan"/><SP WIDTH="24" VPOS="773" HPOS="1406"/>
							<String ID="string_108" HPOS="1430" VPOS="773" WIDTH="217" HEIGHT="31" WC="0.96" CONTENT="uteslutande"/><SP WIDTH="24" VPOS="773" HPOS="1647"/>
							<String ID="string_109" HPOS="1671" VPOS="783" WIDTH="41" HEIGHT="20" WC="0.90" CONTENT="ur"/><SP WIDTH="26" VPOS="783" HPOS="1712"/>
							<String ID="string_110" HPOS="1738" VPOS="773" WIDTH="61" HEIGHT="30" WC="0.90" CONTENT="all-"/>
						</TextLine>
						<TextLine ID="line_12" HPOS="294" VPOS="823" WIDTH="1505" HEIGHT="40">
							<String ID="string_111" HPOS="294" VPOS="827" WIDTH="204" HEIGHT="29" WC="0.90" CONTENT="mänhetens"/><SP WIDTH="18" VPOS="827" HPOS="498"/>
							<String ID="string_112" HPOS="516" VPOS="827" WIDTH="186" HEIGHT="36" WC="0.96" CONTENT="synpunkt."/><SP WIDTH="39" VPOS="827" HPOS="702"/>
							<String ID="string_113" HPOS="741" VPOS="826" WIDTH="14" HEIGHT="30" WC="0.96" CONTENT="I"/><SP WIDTH="17" VPOS="826" HPOS="755"/>
							<String ID="string_114" HPOS="772" VPOS="825" WIDTH="199" HEIGHT="37" WC="0.95" CONTENT="anslutning"/><SP WIDTH="17" VPOS="825" HPOS="971"/>
							<String ID="string_115" HPOS="988" VPOS="825" WIDTH="116" HEIGHT="31" WC="0.96" CONTENT="härtill"/><SP WIDTH="18" VPOS="825" HPOS="1104"/>
							<String ID="string_116" HPOS="1122" VPOS="825" WIDTH="127" HEIGHT="31" WC="0.96" CONTENT="uttalar"/><SP WIDTH="16" VPOS="825" HPOS="1249"/>
							<String ID="string_117" HPOS="1265" VPOS="825" WIDTH="213" HEIGHT="36" WC="0.96" CONTENT="föreningen,"/><SP WIDTH="17" VPOS="825" HPOS="1478"/>
							<String ID="string_118" HPOS="1495" VPOS="827" WIDTH="48" HEIGHT="28" WC="0.96" CONTENT="att"/><SP WIDTH="18" VPOS="827" HPOS="1543"/>
							<String ID="string_119" HPOS="1561" VPOS="825" WIDTH="66" HEIGHT="30" WC="0.96" CONTENT="den"/><SP WIDTH="17" VPOS="825" HPOS="1627"/>
							<String ID="string_120" HPOS="1644" VPOS="824" WIDTH="75" HEIGHT="30" WC="0.96" CONTENT="icke"/><SP WIDTH="16" VPOS="824" HPOS="1719"/>
							<String ID="string_121" HPOS="1735" VPOS="823" WIDTH="64" HEIGHT="30" WC="0.96" CONTENT="har"/>
						</TextLine>
						<TextLine ID="line_13" HPOS="295" VPOS="874" WIDTH="1505" HEIGHT="40">
							<String ID="string_122" HPOS="295" VPOS="877" WIDTH="50" HEIGHT="37" WC="0.96" CONTENT="sig"/><SP WIDTH="21" VPOS="877" HPOS="345"/>
							<String ID="string_123" HPOS="366" VPOS="878" WIDTH="128" HEIGHT="30" WC="0.96" CONTENT="bekant"/><SP WIDTH="18" VPOS="878" HPOS="494"/>
							<String ID="string_124" HPOS="512" VPOS="877" WIDTH="104" HEIGHT="36" WC="0.95" CONTENT="något"/><SP WIDTH="20" VPOS="877" HPOS="616"/>
							<String ID="string_125" HPOS="636" VPOS="877" WIDTH="71" HEIGHT="36" WC="0.95" CONTENT="fall,"/><SP WIDTH="23" VPOS="877" HPOS="707"/>
							<String ID="string_126" HPOS="730" VPOS="876" WIDTH="43" HEIGHT="31" WC="0.96" CONTENT="då"/><SP WIDTH="22" VPOS="876" HPOS="773"/>
							<String ID="string_127" HPOS="795" VPOS="877" WIDTH="56" HEIGHT="30" WC="0.96" CONTENT="det"/><SP WIDTH="21" VPOS="877" HPOS="851"/>
							<String ID="string_128" HPOS="872" VPOS="886" WIDTH="59" HEIGHT="21" WC="0.96" CONTENT="ens"/><SP WIDTH="20" VPOS="886" HPOS="931"/>
							<String ID="string_129" HPOS="951" VPOS="875" WIDTH="155" HEIGHT="38" WC="0.96" CONTENT="påståtts,"/><SP WIDTH="23" VPOS="875" HPOS="1106"/>
							<String ID="string_130" HPOS="1129" VPOS="879" WIDTH="49" HEIGHT="28" WC="0.96" CONTENT="att"/><SP WIDTH="21" VPOS="879" HPOS="1178"/>
							<String ID="string_131" HPOS="1199" VPOS="886" WIDTH="43" HEIGHT="20" WC="0.93" CONTENT="en"/><SP WIDTH="20" VPOS="886" HPOS="1242"/>
							<String ID="string_132" HPOS="1262" VPOS="875" WIDTH="349" HEIGHT="37" WC="0.90" CONTENT="försäkringstagares"/><SP WIDTH="20" VPOS="875" HPOS="1611"/>
							<String ID="string_133" HPOS="1631" VPOS="874" WIDTH="169" HEIGHT="31" WC="0.96" CONTENT="intressen"/>
						</TextLine>
						<TextLine ID="line_14" HPOS="294" VPOS="925" WIDTH="1503" HEIGHT="40">
							<String ID="string_134" HPOS="294" VPOS="928" WIDTH="98" HEIGHT="31" WC="0.96" CONTENT="blivit"/><SP WIDTH="19" VPOS="928" HPOS="392"/>
							<String ID="string_135" HPOS="411" VPOS="928" WIDTH="137" HEIGHT="31" WC="0.96" CONTENT="lidande"/><SP WIDTH="19" VPOS="928" HPOS="548"/>
							<String ID="string_136" HPOS="567" VPOS="928" WIDTH="46" HEIGHT="37" WC="0.96" CONTENT="på"/><SP WIDTH="21" VPOS="928" HPOS="613"/>
							<String ID="string_137" HPOS="634" VPOS="931" WIDTH="48" HEIGHT="27" WC="0.96" CONTENT="att"/><SP WIDTH="17" VPOS="931" HPOS="682"/>
							<String ID="string_138" HPOS="699" VPOS="928" WIDTH="214" HEIGHT="31" WC="0.96" CONTENT="veterinären"/><SP WIDTH="20" VPOS="928" HPOS="913"/>
							<String ID="string_139" HPOS="933" VPOS="927" WIDTH="88" HEIGHT="31" WC="0.96" CONTENT="varit"/><SP WIDTH="20" VPOS="927" HPOS="1021"/>
							<String ID="string_140" HPOS="1041" VPOS="927" WIDTH="131" HEIGHT="31" WC="0.96" CONTENT="ombud"/><SP WIDTH="20" VPOS="927" HPOS="1172"/>
							<String ID="string_141" HPOS="1192" VPOS="926" WIDTH="54" HEIGHT="33" WC="0.96" CONTENT="för"/><SP WIDTH="20" VPOS="926" HPOS="1246"/>
							<String ID="string_142" HPOS="1266" VPOS="926" WIDTH="115" HEIGHT="37" WC="0.96" CONTENT="någon"/><SP WIDTH="21" VPOS="926" HPOS="1381"/>
							<String ID="string_143" HPOS="1402" VPOS="926" WIDTH="81" HEIGHT="31" WC="0.96" CONTENT="eller"/><SP WIDTH="16" VPOS="926" HPOS="1483"/>
							<String ID="string_144" HPOS="1499" VPOS="925" WIDTH="108" HEIGHT="37" WC="0.93" CONTENT="några"/><SP WIDTH="21" VPOS="925" HPOS="1607"/>
							<String ID="string_145" HPOS="1628" VPOS="926" WIDTH="169" HEIGHT="30" WC="0.91" CONTENT="kreaturs-"/>
						</TextLine>
						<TextLine ID="line_15" HPOS="295" VPOS="976" WIDTH="1504" HEIGHT="40">
							<String ID="string_146" HPOS="295" VPOS="979" WIDTH="391" HEIGHT="37" WC="0.90" CONTENT="försäkringsanstalter."/><SP WIDTH="53" VPOS="979" HPOS="686"/>
							<String ID="string_147" HPOS="739" VPOS="978" WIDTH="165" HEIGHT="31" WC="0.96" CONTENT="Däremot"/><SP WIDTH="30" VPOS="978" HPOS="904"/>
							<String ID="string_148" HPOS="934" VPOS="988" WIDTH="98" HEIGHT="27" WC="0.96" CONTENT="synes"/><SP WIDTH="29" VPOS="988" HPOS="1032"/>
							<String ID="string_149" HPOS="1061" VPOS="978" WIDTH="56" HEIGHT="31" WC="0.96" CONTENT="det"/><SP WIDTH="27" VPOS="978" HPOS="1117"/>
							<String ID="string_150" HPOS="1144" VPOS="977" WIDTH="202" HEIGHT="37" WC="0.96" CONTENT="föreningen"/><SP WIDTH="29" VPOS="977" HPOS="1346"/>
							<String ID="string_151" HPOS="1375" VPOS="986" WIDTH="75" HEIGHT="21" WC="0.96" CONTENT="som"/><SP WIDTH="27" VPOS="986" HPOS="1450"/>
							<String ID="string_152" HPOS="1477" VPOS="986" WIDTH="59" HEIGHT="21" WC="0.96" CONTENT="om"/><SP WIDTH="31" VPOS="986" HPOS="1536"/>
							<String ID="string_153" HPOS="1567" VPOS="977" WIDTH="55" HEIGHT="30" WC="0.95" CONTENT="det"/><SP WIDTH="29" VPOS="977" HPOS="1622"/>
							<String ID="string_154" HPOS="1651" VPOS="976" WIDTH="55" HEIGHT="31" WC="0.96" CONTENT="för"/><SP WIDTH="27" VPOS="976" HPOS="1706"/>
							<String ID="string_155" HPOS="1733" VPOS="976" WIDTH="66" HEIGHT="30" WC="0.96" CONTENT="den"/>
						</TextLine>
						<TextLine ID="line_16" HPOS="296" VPOS="1026" WIDTH="1501" HEIGHT="42">
							<String ID="string_156" HPOS="296" VPOS="1030" WIDTH="214" HEIGHT="38" WC="0.92" CONTENT="djurägande"/><SP WIDTH="26" VPOS="1030" HPOS="510"/>
							<String ID="string_157" HPOS="536" VPOS="1030" WIDTH="235" HEIGHT="31" WC="0.96" CONTENT="allmänheten"/><SP WIDTH="28" VPOS="1030" HPOS="771"/>
							<String ID="string_158" HPOS="799" VPOS="1039" WIDTH="82" HEIGHT="21" WC="0.96" CONTENT="vore"/><SP WIDTH="27" VPOS="1039" HPOS="881"/>
							<String ID="string_159" HPOS="908" VPOS="1029" WIDTH="134" HEIGHT="31" WC="0.96" CONTENT="förenat"/><SP WIDTH="27" VPOS="1029" HPOS="1042"/>
							<String ID="string_160" HPOS="1069" VPOS="1029" WIDTH="80" HEIGHT="30" WC="0.96" CONTENT="med"/><SP WIDTH="29" VPOS="1029" HPOS="1149"/>
							<String ID="string_161" HPOS="1178" VPOS="1028" WIDTH="125" HEIGHT="37" WC="0.96" CONTENT="många"/><SP WIDTH="30" VPOS="1028" HPOS="1303"/>
							<String ID="string_162" HPOS="1333" VPOS="1029" WIDTH="66" HEIGHT="29" WC="0.96" CONTENT="och"/><SP WIDTH="29" VPOS="1029" HPOS="1399"/>
							<String ID="string_163" HPOS="1428" VPOS="1028" WIDTH="63" HEIGHT="30" WC="0.93" CONTENT="lätt"/><SP WIDTH="28" VPOS="1028" HPOS="1491"/>
							<String ID="string_164" HPOS="1519" VPOS="1026" WIDTH="184" HEIGHT="38" WC="0.91" CONTENT="påvisbara"/><SP WIDTH="25" VPOS="1026" HPOS="1703"/>
							<String ID="string_165" HPOS="1728" VPOS="1027" WIDTH="69" HEIGHT="30" WC="0.92" CONTENT="för-"/>
						</TextLine>
						<TextLine ID="line_17" HPOS="295" VPOS="1077" WIDTH="1504" HEIGHT="41">
							<String ID="string_166" HPOS="295" VPOS="1082" WIDTH="105" HEIGHT="36" WC="0.96" CONTENT="delar,"/><SP WIDTH="19" VPOS="1082" HPOS="400"/>
							<String ID="string_167" HPOS="419" VPOS="1084" WIDTH="48" HEIGHT="28" WC="0.93" CONTENT="att"/><SP WIDTH="18" VPOS="1084" HPOS="467"/>
							<String ID="string_168" HPOS="485" VPOS="1081" WIDTH="252" HEIGHT="31" WC="0.91" CONTENT="veterinärerna"/><SP WIDTH="18" VPOS="1081" HPOS="737"/>
							<String ID="string_169" HPOS="755" VPOS="1080" WIDTH="136" HEIGHT="31" WC="0.96" CONTENT="biträda"/><SP WIDTH="19" VPOS="1080" HPOS="891"/>
							<String ID="string_170" HPOS="910" VPOS="1080" WIDTH="235" HEIGHT="31" WC="0.95" CONTENT="allmänheten"/><SP WIDTH="18" VPOS="1080" HPOS="1145"/>
							<String ID="string_171" HPOS="1163" VPOS="1080" WIDTH="79" HEIGHT="30" WC="0.92" CONTENT="med"/><SP WIDTH="14" VPOS="1080" HPOS="1242"/>
							<String ID="string_172" HPOS="1256" VPOS="1079" WIDTH="219" HEIGHT="30" WC="0.92" CONTENT="insändande"/><SP WIDTH="19" VPOS="1079" HPOS="1475"/>
							<String ID="string_173" HPOS="1494" VPOS="1088" WIDTH="41" HEIGHT="20" WC="0.96" CONTENT="av"/><SP WIDTH="17" VPOS="1088" HPOS="1535"/>
							<String ID="string_174" HPOS="1552" VPOS="1077" WIDTH="247" HEIGHT="37" WC="0.96" CONTENT="försäkringar."/>
						</TextLine>
						<TextLine ID="line_18" HPOS="295" VPOS="1128" WIDTH="1502" HEIGHT="40">
							<String ID="string_175" HPOS="295" VPOS="1133" WIDTH="57" HEIGHT="30" WC="0.95" CONTENT="Att"/><SP WIDTH="25" VPOS="1133" HPOS="352"/>
							<String ID="string_176" HPOS="377" VPOS="1133" WIDTH="98" HEIGHT="30" WC="0.96" CONTENT="dessa"/><SP WIDTH="26" VPOS="1133" HPOS="475"/>
							<String ID="string_177" HPOS="501" VPOS="1132" WIDTH="121" HEIGHT="31" WC="0.96" CONTENT="härför"/><SP WIDTH="27" VPOS="1132" HPOS="622"/>
							<String ID="string_178" HPOS="649" VPOS="1132" WIDTH="156" HEIGHT="36" WC="0.96" CONTENT="uppbära"/><SP WIDTH="27" VPOS="1132" HPOS="805"/>
							<String ID="string_179" HPOS="832" VPOS="1141" WIDTH="44" HEIGHT="21" WC="0.96" CONTENT="en"/><SP WIDTH="27" VPOS="1141" HPOS="876"/>
							<String ID="string_180" HPOS="903" VPOS="1131" WIDTH="134" HEIGHT="30" WC="0.95" CONTENT="mindre"/><SP WIDTH="24" VPOS="1131" HPOS="1037"/>
							<String ID="string_181" HPOS="1061" VPOS="1129" WIDTH="191" HEIGHT="37" WC="0.96" CONTENT="ersättning"/><SP WIDTH="26" VPOS="1129" HPOS="1252"/>
							<String ID="string_182" HPOS="1278" VPOS="1129" WIDTH="78" HEIGHT="31" WC="0.96" CONTENT="från"/><SP WIDTH="26" VPOS="1129" HPOS="1356"/>
							<String ID="string_183" HPOS="1382" VPOS="1129" WIDTH="257" HEIGHT="31" WC="0.93" CONTENT="vederbörande"/><SP WIDTH="27" VPOS="1129" HPOS="1639"/>
							<String ID="string_184" HPOS="1666" VPOS="1128" WIDTH="131" HEIGHT="31" WC="0.91" CONTENT="försäk-"/>
						</TextLine>
						<TextLine ID="line_19" HPOS="294" VPOS="1179" WIDTH="1506" HEIGHT="41">
							<String ID="string_185" HPOS="294" VPOS="1183" WIDTH="259" HEIGHT="37" WC="0.91" CONTENT="ringsanstalter"/><SP WIDTH="19" VPOS="1183" HPOS="553"/>
							<String ID="string_186" HPOS="572" VPOS="1183" WIDTH="97" HEIGHT="30" WC="0.96" CONTENT="torde"/><SP WIDTH="17" VPOS="1183" HPOS="669"/>
							<String ID="string_187" HPOS="686" VPOS="1182" WIDTH="105" HEIGHT="37" WC="0.96" CONTENT="enligt"/><SP WIDTH="20" VPOS="1182" HPOS="791"/>
							<String ID="string_188" HPOS="811" VPOS="1181" WIDTH="219" HEIGHT="37" WC="0.96" CONTENT="föreningens"/><SP WIDTH="20" VPOS="1181" HPOS="1030"/>
							<String ID="string_189" HPOS="1050" VPOS="1181" WIDTH="224" HEIGHT="37" WC="0.96" CONTENT="uppfattning"/><SP WIDTH="18" VPOS="1181" HPOS="1274"/>
							<String ID="string_190" HPOS="1292" VPOS="1180" WIDTH="78" HEIGHT="31" WC="0.96" CONTENT="icke"/><SP WIDTH="20" VPOS="1180" HPOS="1370"/>
							<String ID="string_191" HPOS="1390" VPOS="1179" WIDTH="154" HEIGHT="37" WC="0.96" CONTENT="skäligen"/><SP WIDTH="19" VPOS="1179" HPOS="1544"/>
							<String ID="string_192" HPOS="1563" VPOS="1180" WIDTH="119" HEIGHT="29" WC="0.96" CONTENT="kunna"/><SP WIDTH="17" VPOS="1180" HPOS="1682"/>
							<String ID="string_193" HPOS="1699" VPOS="1179" WIDTH="101" HEIGHT="36" WC="0.96" CONTENT="göras"/>
						</TextLine>
						<TextLine ID="line_20" HPOS="293" VPOS="1233" WIDTH="550" HEIGHT="37">
							<String ID="string_194" HPOS="293" VPOS="1234" WIDTH="52" HEIGHT="31" WC="0.96" CONTENT="till"/><SP WIDTH="20" VPOS="1234" HPOS="345"/>
							<String ID="string_195" HPOS="365" VPOS="1233" WIDTH="146" HEIGHT="32" WC="0.96" CONTENT="föremål"/><SP WIDTH="19" VPOS="1233" HPOS="511"/>
							<String ID="string_196" HPOS="530" VPOS="1234" WIDTH="55" HEIGHT="31" WC="0.96" CONTENT="för"/><SP WIDTH="19" VPOS="1234" HPOS="585"/>
							<String ID="string_197" HPOS="604" VPOS="1233" WIDTH="239" HEIGHT="37" WC="0.96" CONTENT="anmärkning."/>
						</TextLine>
					</TextBlock>
					<TextBlock ID="block_5" HPOS="292" VPOS="1280" WIDTH="1508" HEIGHT="649">
						<TextLine ID="line_21" HPOS="339" VPOS="1280" WIDTH="1458" HEIGHT="41">
							<String ID="string_198" HPOS="339" VPOS="1286" WIDTH="117" HEIGHT="30" WC="0.96" CONTENT="Under"/><SP WIDTH="19" VPOS="1286" HPOS="456"/>
							<String ID="string_199" HPOS="475" VPOS="1285" WIDTH="208" HEIGHT="36" WC="0.96" CONTENT="hänvisning"/><SP WIDTH="19" VPOS="1285" HPOS="683"/>
							<String ID="string_200" HPOS="702" VPOS="1284" WIDTH="51" HEIGHT="31" WC="0.96" CONTENT="till"/><SP WIDTH="20" VPOS="1284" HPOS="753"/>
							<String ID="string_201" HPOS="773" VPOS="1286" WIDTH="67" HEIGHT="30" WC="0.96" CONTENT="vad"/><SP WIDTH="20" VPOS="1286" HPOS="840"/>
							<String ID="string_202" HPOS="860" VPOS="1283" WIDTH="202" HEIGHT="37" WC="0.96" CONTENT="föreningen"/><SP WIDTH="18" VPOS="1283" HPOS="1062"/>
							<String ID="string_203" HPOS="1080" VPOS="1283" WIDTH="12" HEIGHT="30" WC="0.96" CONTENT="i"/><SP WIDTH="19" VPOS="1283" HPOS="1092"/>
							<String ID="string_204" HPOS="1111" VPOS="1286" WIDTH="108" HEIGHT="27" WC="0.96" CONTENT="annat"/><SP WIDTH="21" VPOS="1286" HPOS="1219"/>
							<String ID="string_205" HPOS="1240" VPOS="1282" WIDTH="255" HEIGHT="36" WC="0.96" CONTENT="sammanhang"/><SP WIDTH="21" VPOS="1282" HPOS="1495"/>
							<String ID="string_206" HPOS="1516" VPOS="1280" WIDTH="115" HEIGHT="32" WC="0.96" CONTENT="anfört"/><SP WIDTH="20" VPOS="1280" HPOS="1631"/>
							<String ID="string_207" HPOS="1651" VPOS="1280" WIDTH="59" HEIGHT="31" WC="0.93" CONTENT="vill"/><SP WIDTH="20" VPOS="1280" HPOS="1710"/>
							<String ID="string_208" HPOS="1730" VPOS="1280" WIDTH="67" HEIGHT="31" WC="0.92" CONTENT="för-"/>
						</TextLine>
						<TextLine ID="line_22" HPOS="295" VPOS="1331" WIDTH="1502" HEIGHT="42">
							<String ID="string_209" HPOS="295" VPOS="1335" WIDTH="403" HEIGHT="38" WC="0.91" CONTENT="säkringsinspektionen"/><SP WIDTH="15" VPOS="1335" HPOS="698"/>
							<String ID="string_210" HPOS="713" VPOS="1335" WIDTH="163" HEIGHT="36" WC="0.92" CONTENT="vitsorda,"/><SP WIDTH="17" VPOS="1335" HPOS="876"/>
							<String ID="string_211" HPOS="893" VPOS="1337" WIDTH="51" HEIGHT="28" WC="0.96" CONTENT="att"/><SP WIDTH="17" VPOS="1337" HPOS="944"/>
							<String ID="string_212" HPOS="961" VPOS="1344" WIDTH="41" HEIGHT="21" WC="0.96" CONTENT="en"/><SP WIDTH="18" VPOS="1344" HPOS="1002"/>
							<String ID="string_213" HPOS="1020" VPOS="1333" WIDTH="170" HEIGHT="32" WC="0.96" CONTENT="veterinär"/><SP WIDTH="19" VPOS="1333" HPOS="1190"/>
							<String ID="string_214" HPOS="1209" VPOS="1333" WIDTH="114" HEIGHT="31" WC="0.96" CONTENT="såsom"/><SP WIDTH="19" VPOS="1333" HPOS="1323"/>
							<String ID="string_215" HPOS="1342" VPOS="1332" WIDTH="132" HEIGHT="31" WC="0.95" CONTENT="ombud"/><SP WIDTH="18" VPOS="1332" HPOS="1474"/>
							<String ID="string_216" HPOS="1492" VPOS="1331" WIDTH="53" HEIGHT="32" WC="0.96" CONTENT="för"/><SP WIDTH="18" VPOS="1331" HPOS="1545"/>
							<String ID="string_217" HPOS="1563" VPOS="1334" WIDTH="46" HEIGHT="28" WC="0.93" CONTENT="ett"/><SP WIDTH="19" VPOS="1334" HPOS="1609"/>
							<String ID="string_218" HPOS="1628" VPOS="1332" WIDTH="169" HEIGHT="29" WC="0.92" CONTENT="kreaturs-"/>
						</TextLine>
						<TextLine ID="line_23" HPOS="295" VPOS="1381" WIDTH="1503" HEIGHT="43">
							<String ID="string_219" HPOS="295" VPOS="1387" WIDTH="316" HEIGHT="37" WC="0.96" CONTENT="försäkringsbolag"/><SP WIDTH="23" VPOS="1387" HPOS="611"/>
							<String ID="string_220" HPOS="634" VPOS="1386" WIDTH="13" HEIGHT="30" WC="0.96" CONTENT="i"/><SP WIDTH="26" VPOS="1386" HPOS="647"/>
							<String ID="string_221" HPOS="673" VPOS="1385" WIDTH="38" HEIGHT="31" WC="0.96" CONTENT="så"/><SP WIDTH="24" VPOS="1385" HPOS="711"/>
							<String ID="string_222" HPOS="735" VPOS="1385" WIDTH="108" HEIGHT="31" WC="0.93" CONTENT="måtto"/><SP WIDTH="24" VPOS="1385" HPOS="843"/>
							<String ID="string_223" HPOS="867" VPOS="1385" WIDTH="132" HEIGHT="36" WC="0.91" CONTENT="intager"/><SP WIDTH="23" VPOS="1385" HPOS="999"/>
							<String ID="string_224" HPOS="1022" VPOS="1394" WIDTH="45" HEIGHT="21" WC="0.96" CONTENT="en"/><SP WIDTH="24" VPOS="1394" HPOS="1067"/>
							<String ID="string_225" HPOS="1091" VPOS="1393" WIDTH="118" HEIGHT="22" WC="0.96" CONTENT="annan"/><SP WIDTH="25" VPOS="1393" HPOS="1209"/>
							<String ID="string_226" HPOS="1234" VPOS="1383" WIDTH="162" HEIGHT="37" WC="0.95" CONTENT="ställning"/><SP WIDTH="27" VPOS="1383" HPOS="1396"/>
							<String ID="string_227" HPOS="1423" VPOS="1384" WIDTH="45" HEIGHT="29" WC="0.96" CONTENT="än"/><SP WIDTH="24" VPOS="1384" HPOS="1468"/>
							<String ID="string_228" HPOS="1492" VPOS="1382" WIDTH="135" HEIGHT="37" WC="0.93" CONTENT="vanliga"/><SP WIDTH="27" VPOS="1382" HPOS="1627"/>
							<String ID="string_229" HPOS="1654" VPOS="1381" WIDTH="144" HEIGHT="31" WC="0.92" CONTENT="ackvisi-"/>
						</TextLine>
						<TextLine ID="line_24" HPOS="293" VPOS="1431" WIDTH="1506" HEIGHT="39">
							<String ID="string_230" HPOS="293" VPOS="1439" WIDTH="92" HEIGHT="30" WC="0.96" CONTENT="törer"/><SP WIDTH="21" VPOS="1439" HPOS="385"/>
							<String ID="string_231" HPOS="406" VPOS="1441" WIDTH="50" HEIGHT="28" WC="0.96" CONTENT="att"/><SP WIDTH="20" VPOS="1441" HPOS="456"/>
							<String ID="string_232" HPOS="476" VPOS="1437" WIDTH="214" HEIGHT="31" WC="0.96" CONTENT="veterinären"/><SP WIDTH="20" VPOS="1437" HPOS="690"/>
							<String ID="string_233" HPOS="710" VPOS="1437" WIDTH="69" HEIGHT="30" WC="0.96" CONTENT="kan"/><SP WIDTH="19" VPOS="1437" HPOS="779"/>
							<String ID="string_234" HPOS="798" VPOS="1445" WIDTH="83" HEIGHT="21" WC="0.96" CONTENT="vara"/><SP WIDTH="21" VPOS="1445" HPOS="881"/>
							<String ID="string_235" HPOS="902" VPOS="1436" WIDTH="130" HEIGHT="30" WC="0.96" CONTENT="ombud"/><SP WIDTH="20" VPOS="1436" HPOS="1032"/>
							<String ID="string_236" HPOS="1052" VPOS="1434" WIDTH="55" HEIGHT="32" WC="0.96" CONTENT="för"/><SP WIDTH="21" VPOS="1434" HPOS="1107"/>
							<String ID="string_237" HPOS="1128" VPOS="1435" WIDTH="87" HEIGHT="30" WC="0.96" CONTENT="flera"/><SP WIDTH="21" VPOS="1435" HPOS="1215"/>
							<String ID="string_238" HPOS="1236" VPOS="1434" WIDTH="117" HEIGHT="36" WC="0.96" CONTENT="dylika"/><SP WIDTH="22" VPOS="1434" HPOS="1353"/>
							<String ID="string_239" HPOS="1375" VPOS="1433" WIDTH="101" HEIGHT="37" WC="0.96" CONTENT="bolag"/><SP WIDTH="20" VPOS="1433" HPOS="1476"/>
							<String ID="string_240" HPOS="1496" VPOS="1432" WIDTH="183" HEIGHT="37" WC="0.95" CONTENT="samtidigt."/><SP WIDTH="46" VPOS="1432" HPOS="1679"/>
							<String ID="string_241" HPOS="1725" VPOS="1431" WIDTH="74" HEIGHT="31" WC="0.95" CONTENT="Den"/>
						</TextLine>
						<TextLine ID="line_25" HPOS="292" VPOS="1483" WIDTH="1507" HEIGHT="42">
							<String ID="string_242" HPOS="292" VPOS="1488" WIDTH="311" HEIGHT="37" WC="0.96" CONTENT="omständigheten,"/><SP WIDTH="25" VPOS="1488" HPOS="603"/>
							<String ID="string_243" HPOS="628" VPOS="1491" WIDTH="49" HEIGHT="27" WC="0.96" CONTENT="att"/><SP WIDTH="22" VPOS="1491" HPOS="677"/>
							<String ID="string_244" HPOS="699" VPOS="1497" WIDTH="42" HEIGHT="21" WC="0.96" CONTENT="en"/><SP WIDTH="22" VPOS="1497" HPOS="741"/>
							<String ID="string_245" HPOS="763" VPOS="1486" WIDTH="171" HEIGHT="32" WC="0.96" CONTENT="veterinär"/><SP WIDTH="21" VPOS="1486" HPOS="934"/>
							<String ID="string_246" HPOS="955" VPOS="1485" WIDTH="188" HEIGHT="31" WC="0.96" CONTENT="förmedlar"/><SP WIDTH="19" VPOS="1485" HPOS="1143"/>
							<String ID="string_247" HPOS="1162" VPOS="1485" WIDTH="239" HEIGHT="36" WC="0.96" CONTENT="försäkringar"/><SP WIDTH="20" VPOS="1485" HPOS="1401"/>
							<String ID="string_248" HPOS="1421" VPOS="1484" WIDTH="53" HEIGHT="30" WC="0.95" CONTENT="till"/><SP WIDTH="24" VPOS="1484" HPOS="1474"/>
							<String ID="string_249" HPOS="1498" VPOS="1486" WIDTH="45" HEIGHT="28" WC="0.96" CONTENT="ett"/><SP WIDTH="22" VPOS="1486" HPOS="1543"/>
							<String ID="string_250" HPOS="1565" VPOS="1483" WIDTH="111" HEIGHT="37" WC="0.96" CONTENT="bolag,"/><SP WIDTH="24" VPOS="1483" HPOS="1676"/>
							<String ID="string_251" HPOS="1700" VPOS="1484" WIDTH="99" HEIGHT="35" WC="0.96" CONTENT="utgör"/>
						</TextLine>
						<TextLine ID="line_26" HPOS="295" VPOS="1534" WIDTH="1504" HEIGHT="37">
							<String ID="string_252" HPOS="295" VPOS="1540" WIDTH="147" HEIGHT="31" WC="0.96" CONTENT="sålunda"/><SP WIDTH="25" VPOS="1540" HPOS="442"/>
							<String ID="string_253" HPOS="467" VPOS="1540" WIDTH="85" HEIGHT="30" WC="0.96" CONTENT="intet"/><SP WIDTH="25" VPOS="1540" HPOS="552"/>
							<String ID="string_254" HPOS="577" VPOS="1539" WIDTH="124" HEIGHT="30" WC="0.96" CONTENT="hinder"/><SP WIDTH="26" VPOS="1539" HPOS="701"/>
							<String ID="string_255" HPOS="727" VPOS="1538" WIDTH="53" HEIGHT="30" WC="0.96" CONTENT="för"/><SP WIDTH="24" VPOS="1538" HPOS="780"/>
							<String ID="string_256" HPOS="804" VPOS="1539" WIDTH="132" HEIGHT="29" WC="0.96" CONTENT="honom"/><SP WIDTH="28" VPOS="1539" HPOS="936"/>
							<String ID="string_257" HPOS="964" VPOS="1540" WIDTH="49" HEIGHT="28" WC="0.96" CONTENT="att"/><SP WIDTH="26" VPOS="1540" HPOS="1013"/>
							<String ID="string_258" HPOS="1039" VPOS="1536" WIDTH="171" HEIGHT="32" WC="0.96" CONTENT="förmedla"/><SP WIDTH="26" VPOS="1536" HPOS="1210"/>
							<String ID="string_259" HPOS="1236" VPOS="1535" WIDTH="237" HEIGHT="36" WC="0.96" CONTENT="försäkringar"/><SP WIDTH="27" VPOS="1535" HPOS="1473"/>
							<String ID="string_260" HPOS="1500" VPOS="1536" WIDTH="87" HEIGHT="29" WC="0.95" CONTENT="även"/><SP WIDTH="23" VPOS="1536" HPOS="1587"/>
							<String ID="string_261" HPOS="1610" VPOS="1534" WIDTH="52" HEIGHT="31" WC="0.95" CONTENT="till"/><SP WIDTH="27" VPOS="1534" HPOS="1662"/>
							<String ID="string_262" HPOS="1689" VPOS="1534" WIDTH="110" HEIGHT="30" WC="0.96" CONTENT="andra"/>
						</TextLine>
						<TextLine ID="line_27" HPOS="294" VPOS="1584" WIDTH="1505" HEIGHT="44">
							<String ID="string_263" HPOS="294" VPOS="1591" WIDTH="112" HEIGHT="37" WC="0.96" CONTENT="bolag."/><SP WIDTH="49" VPOS="1591" HPOS="406"/>
							<String ID="string_264" HPOS="455" VPOS="1591" WIDTH="99" HEIGHT="30" WC="0.96" CONTENT="Detta"/><SP WIDTH="25" VPOS="1591" HPOS="554"/>
							<String ID="string_265" HPOS="579" VPOS="1589" WIDTH="216" HEIGHT="32" WC="0.96" CONTENT="förhållande"/><SP WIDTH="24" VPOS="1589" HPOS="795"/>
							<String ID="string_266" HPOS="819" VPOS="1589" WIDTH="151" HEIGHT="30" WC="0.96" CONTENT="behöver"/><SP WIDTH="24" VPOS="1589" HPOS="970"/>
							<String ID="string_267" HPOS="994" VPOS="1587" WIDTH="188" HEIGHT="31" WC="0.96" CONTENT="emellertid"/><SP WIDTH="23" VPOS="1587" HPOS="1182"/>
							<String ID="string_268" HPOS="1205" VPOS="1587" WIDTH="76" HEIGHT="30" WC="0.96" CONTENT="icke"/><SP WIDTH="23" VPOS="1587" HPOS="1281"/>
							<String ID="string_269" HPOS="1304" VPOS="1586" WIDTH="160" HEIGHT="36" WC="0.95" CONTENT="utesluta,"/><SP WIDTH="26" VPOS="1586" HPOS="1464"/>
							<String ID="string_270" HPOS="1490" VPOS="1588" WIDTH="48" HEIGHT="28" WC="0.96" CONTENT="att"/><SP WIDTH="23" VPOS="1588" HPOS="1538"/>
							<String ID="string_271" HPOS="1561" VPOS="1594" WIDTH="44" HEIGHT="21" WC="0.96" CONTENT="en"/><SP WIDTH="25" VPOS="1594" HPOS="1605"/>
							<String ID="string_272" HPOS="1630" VPOS="1584" WIDTH="169" HEIGHT="31" WC="0.96" CONTENT="veterinär"/>
						</TextLine>
						<TextLine ID="line_28" HPOS="294" VPOS="1635" WIDTH="1506" HEIGHT="41">
							<String ID="string_273" HPOS="294" VPOS="1652" WIDTH="43" HEIGHT="21" WC="0.96" CONTENT="av"/><SP WIDTH="21" VPOS="1652" HPOS="337"/>
							<String ID="string_274" HPOS="358" VPOS="1652" WIDTH="45" HEIGHT="21" WC="0.96" CONTENT="en"/><SP WIDTH="24" VPOS="1652" HPOS="403"/>
							<String ID="string_275" HPOS="427" VPOS="1642" WIDTH="79" HEIGHT="30" WC="0.96" CONTENT="eller"/><SP WIDTH="22" VPOS="1642" HPOS="506"/>
							<String ID="string_276" HPOS="528" VPOS="1650" WIDTH="117" HEIGHT="21" WC="0.96" CONTENT="annan"/><SP WIDTH="22" VPOS="1650" HPOS="645"/>
							<String ID="string_277" HPOS="667" VPOS="1639" WIDTH="184" HEIGHT="37" WC="0.96" CONTENT="anledning"/><SP WIDTH="21" VPOS="1639" HPOS="851"/>
							<String ID="string_278" HPOS="872" VPOS="1639" WIDTH="78" HEIGHT="30" WC="0.96" CONTENT="icke"/><SP WIDTH="23" VPOS="1639" HPOS="950"/>
							<String ID="string_279" HPOS="973" VPOS="1638" WIDTH="127" HEIGHT="31" WC="0.96" CONTENT="önskar"/><SP WIDTH="25" VPOS="1638" HPOS="1100"/>
							<String ID="string_280" HPOS="1125" VPOS="1637" WIDTH="169" HEIGHT="31" WC="0.96" CONTENT="förmedla"/><SP WIDTH="25" VPOS="1637" HPOS="1294"/>
							<String ID="string_281" HPOS="1319" VPOS="1636" WIDTH="197" HEIGHT="36" WC="0.96" CONTENT="försäkring"/><SP WIDTH="24" VPOS="1636" HPOS="1516"/>
							<String ID="string_282" HPOS="1540" VPOS="1635" WIDTH="51" HEIGHT="31" WC="0.96" CONTENT="till"/><SP WIDTH="22" VPOS="1635" HPOS="1591"/>
							<String ID="string_283" HPOS="1613" VPOS="1635" WIDTH="82" HEIGHT="31" WC="0.96" CONTENT="visst"/><SP WIDTH="22" VPOS="1635" HPOS="1695"/>
							<String ID="string_284" HPOS="1717" VPOS="1635" WIDTH="83" HEIGHT="31" WC="0.96" CONTENT="eller"/>
						</TextLine>
						<TextLine ID="line_29" HPOS="294" VPOS="1686" WIDTH="1504" HEIGHT="43">
							<String ID="string_285" HPOS="294" VPOS="1693" WIDTH="92" HEIGHT="30" WC="0.96" CONTENT="vissa"/><SP WIDTH="17" VPOS="1693" HPOS="386"/>
							<String ID="string_286" HPOS="403" VPOS="1693" WIDTH="111" HEIGHT="36" WC="0.96" CONTENT="bolag,"/><SP WIDTH="17" VPOS="1693" HPOS="514"/>
							<String ID="string_287" HPOS="531" VPOS="1692" WIDTH="13" HEIGHT="30" WC="0.96" CONTENT="i"/><SP WIDTH="18" VPOS="1692" HPOS="544"/>
							<String ID="string_288" HPOS="562" VPOS="1692" WIDTH="105" HEIGHT="30" WC="0.96" CONTENT="vilket"/><SP WIDTH="16" VPOS="1692" HPOS="667"/>
							<String ID="string_289" HPOS="683" VPOS="1691" WIDTH="60" HEIGHT="30" WC="0.93" CONTENT="fall"/><SP WIDTH="18" VPOS="1691" HPOS="743"/>
							<String ID="string_290" HPOS="761" VPOS="1689" WIDTH="233" HEIGHT="32" WC="0.91" CONTENT="veterinärens"/><SP WIDTH="15" VPOS="1689" HPOS="994"/>
							<String ID="string_291" HPOS="1009" VPOS="1688" WIDTH="201" HEIGHT="36" WC="0.96" CONTENT="inställning"/><SP WIDTH="18" VPOS="1688" HPOS="1210"/>
							<String ID="string_292" HPOS="1228" VPOS="1687" WIDTH="141" HEIGHT="37" WC="0.96" CONTENT="givetvis"/><SP WIDTH="19" VPOS="1687" HPOS="1369"/>
							<String ID="string_293" HPOS="1388" VPOS="1688" WIDTH="71" HEIGHT="29" WC="0.96" CONTENT="kan"/><SP WIDTH="18" VPOS="1688" HPOS="1459"/>
							<String ID="string_294" HPOS="1477" VPOS="1687" WIDTH="142" HEIGHT="30" WC="0.95" CONTENT="komma"/><SP WIDTH="19" VPOS="1687" HPOS="1619"/>
							<String ID="string_295" HPOS="1638" VPOS="1689" WIDTH="49" HEIGHT="27" WC="0.96" CONTENT="att"/><SP WIDTH="18" VPOS="1689" HPOS="1687"/>
							<String ID="string_296" HPOS="1705" VPOS="1686" WIDTH="93" HEIGHT="36" WC="0.96" CONTENT="spela"/>
						</TextLine>
						<TextLine ID="line_30" HPOS="294" VPOS="1736" WIDTH="1503" HEIGHT="43">
							<String ID="string_297" HPOS="294" VPOS="1754" WIDTH="42" HEIGHT="21" WC="0.96" CONTENT="en"/><SP WIDTH="17" VPOS="1754" HPOS="336"/>
							<String ID="string_298" HPOS="353" VPOS="1743" WIDTH="78" HEIGHT="31" WC="0.96" CONTENT="icke"/><SP WIDTH="17" VPOS="1743" HPOS="431"/>
							<String ID="string_299" HPOS="448" VPOS="1742" WIDTH="190" HEIGHT="37" WC="0.96" CONTENT="oväsentlig"/><SP WIDTH="19" VPOS="1742" HPOS="638"/>
							<String ID="string_300" HPOS="657" VPOS="1742" WIDTH="64" HEIGHT="30" WC="0.96" CONTENT="roll"/><SP WIDTH="24" VPOS="1742" HPOS="721"/>
							<String ID="string_301" HPOS="745" VPOS="1741" WIDTH="6" HEIGHT="31" WC="0.96" CONTENT="i"/><SP WIDTH="20" VPOS="1741" HPOS="751"/>
							<String ID="string_302" HPOS="771" VPOS="1741" WIDTH="262" HEIGHT="30" WC="0.96" CONTENT="konkurrensen"/><SP WIDTH="20" VPOS="1741" HPOS="1033"/>
							<String ID="string_303" HPOS="1053" VPOS="1739" WIDTH="129" HEIGHT="31" WC="0.96" CONTENT="mellan"/><SP WIDTH="19" VPOS="1739" HPOS="1182"/>
							<String ID="string_304" HPOS="1201" VPOS="1739" WIDTH="41" HEIGHT="30" WC="0.96" CONTENT="de"/><SP WIDTH="20" VPOS="1739" HPOS="1242"/>
							<String ID="string_305" HPOS="1262" VPOS="1738" WIDTH="149" HEIGHT="31" WC="0.96" CONTENT="berörda"/><SP WIDTH="20" VPOS="1738" HPOS="1411"/>
							<String ID="string_306" HPOS="1431" VPOS="1737" WIDTH="145" HEIGHT="37" WC="0.95" CONTENT="bolagen"/><SP WIDTH="18" VPOS="1737" HPOS="1576"/>
							<String ID="string_307" HPOS="1594" VPOS="1736" WIDTH="97" HEIGHT="31" WC="0.93" CONTENT="inom"/><SP WIDTH="20" VPOS="1736" HPOS="1691"/>
							<String ID="string_308" HPOS="1711" VPOS="1739" WIDTH="86" HEIGHT="28" WC="0.92" CONTENT="vete-"/>
						</TextLine>
						<TextLine ID="line_31" HPOS="294" VPOS="1787" WIDTH="1505" HEIGHT="38">
							<String ID="string_309" HPOS="294" VPOS="1795" WIDTH="156" HEIGHT="30" WC="0.92" CONTENT="rinärens"/><SP WIDTH="18" VPOS="1795" HPOS="450"/>
							<String ID="string_310" HPOS="468" VPOS="1791" WIDTH="388" HEIGHT="34" WC="0.88" CONTENT="verksamhetsområde."/><SP WIDTH="42" VPOS="1791" HPOS="856"/>
							<String ID="string_311" HPOS="898" VPOS="1790" WIDTH="179" HEIGHT="32" WC="0.96" CONTENT="Huruvida"/><SP WIDTH="18" VPOS="1790" HPOS="1077"/>
							<String ID="string_312" HPOS="1095" VPOS="1789" WIDTH="215" HEIGHT="31" WC="0.96" CONTENT="sistnämnda"/><SP WIDTH="19" VPOS="1789" HPOS="1310"/>
							<String ID="string_313" HPOS="1329" VPOS="1788" WIDTH="219" HEIGHT="31" WC="0.96" CONTENT="förhållande"/><SP WIDTH="17" VPOS="1788" HPOS="1548"/>
							<String ID="string_314" HPOS="1565" VPOS="1788" WIDTH="39" HEIGHT="30" WC="0.96" CONTENT="är"/><SP WIDTH="15" VPOS="1788" HPOS="1604"/>
							<String ID="string_315" HPOS="1619" VPOS="1787" WIDTH="52" HEIGHT="31" WC="0.96" CONTENT="till"/><SP WIDTH="18" VPOS="1787" HPOS="1671"/>
							<String ID="string_316" HPOS="1689" VPOS="1787" WIDTH="110" HEIGHT="31" WC="0.96" CONTENT="fördel"/>
						</TextLine>
						<TextLine ID="line_32" HPOS="294" VPOS="1838" WIDTH="1503" HEIGHT="40">
							<String ID="string_317" HPOS="294" VPOS="1846" WIDTH="55" HEIGHT="30" WC="0.96" CONTENT="för"/><SP WIDTH="18" VPOS="1846" HPOS="349"/>
							<String ID="string_318" HPOS="367" VPOS="1846" WIDTH="235" HEIGHT="30" WC="0.96" CONTENT="allmänheten"/><SP WIDTH="15" VPOS="1846" HPOS="602"/>
							<String ID="string_319" HPOS="617" VPOS="1844" WIDTH="82" HEIGHT="30" WC="0.96" CONTENT="eller"/><SP WIDTH="16" VPOS="1844" HPOS="699"/>
							<String ID="string_320" HPOS="715" VPOS="1844" WIDTH="76" HEIGHT="30" WC="0.96" CONTENT="icke"/><SP WIDTH="18" VPOS="1844" HPOS="791"/>
							<String ID="string_321" HPOS="809" VPOS="1844" WIDTH="38" HEIGHT="29" WC="0.96" CONTENT="är"/><SP WIDTH="17" VPOS="1844" HPOS="847"/>
							<String ID="string_322" HPOS="864" VPOS="1845" WIDTH="49" HEIGHT="28" WC="0.96" CONTENT="ett"/><SP WIDTH="16" VPOS="1845" HPOS="913"/>
							<String ID="string_323" HPOS="929" VPOS="1841" WIDTH="180" HEIGHT="37" WC="0.96" CONTENT="spörsmål,"/><SP WIDTH="21" VPOS="1841" HPOS="1109"/>
							<String ID="string_324" HPOS="1130" VPOS="1850" WIDTH="74" HEIGHT="21" WC="0.96" CONTENT="som"/><SP WIDTH="20" VPOS="1850" HPOS="1204"/>
							<String ID="string_325" HPOS="1224" VPOS="1842" WIDTH="38" HEIGHT="30" WC="0.96" CONTENT="är"/><SP WIDTH="18" VPOS="1842" HPOS="1262"/>
							<String ID="string_326" HPOS="1280" VPOS="1839" WIDTH="93" HEIGHT="32" WC="0.96" CONTENT="svårt"/><SP WIDTH="17" VPOS="1839" HPOS="1373"/>
							<String ID="string_327" HPOS="1390" VPOS="1842" WIDTH="50" HEIGHT="28" WC="0.96" CONTENT="att"/><SP WIDTH="18" VPOS="1842" HPOS="1440"/>
							<String ID="string_328" HPOS="1458" VPOS="1839" WIDTH="157" HEIGHT="31" WC="0.93" CONTENT="bedöma."/><SP WIDTH="43" VPOS="1839" HPOS="1615"/>
							<String ID="string_329" HPOS="1658" VPOS="1838" WIDTH="139" HEIGHT="36" WC="0.90" CONTENT="Inspek-"/>
						</TextLine>
						<TextLine ID="line_33" HPOS="293" VPOS="1892" WIDTH="775" HEIGHT="37">
							<String ID="string_330" HPOS="293" VPOS="1897" WIDTH="118" HEIGHT="30" WC="0.96" CONTENT="tionen"/><SP WIDTH="24" VPOS="1897" HPOS="411"/>
							<String ID="string_331" HPOS="435" VPOS="1896" WIDTH="230" HEIGHT="31" WC="0.96" CONTENT="återkommer"/><SP WIDTH="22" VPOS="1896" HPOS="665"/>
							<String ID="string_332" HPOS="687" VPOS="1894" WIDTH="115" HEIGHT="31" WC="0.95" CONTENT="härtill"/><SP WIDTH="24" VPOS="1894" HPOS="802"/>
							<String ID="string_333" HPOS="826" VPOS="1894" WIDTH="119" HEIGHT="35" WC="0.95" CONTENT="längre"/><SP WIDTH="24" VPOS="1894" HPOS="945"/>
							<String ID="string_334" HPOS="969" VPOS="1892" WIDTH="99" HEIGHT="31" WC="0.95" CONTENT="fram."/>
						</TextLine>
					</TextBlock>
					<TextBlock ID="block_6" HPOS="289" VPOS="1940" WIDTH="1509" HEIGHT="602">
						<TextLine ID="line_34" HPOS="338" VPOS="1940" WIDTH="1459" HEIGHT="43">
							<String ID="string_335" HPOS="338" VPOS="1947" WIDTH="238" HEIGHT="36" WC="0.96" CONTENT="Anledningen"/><SP WIDTH="22" VPOS="1947" HPOS="576"/>
							<String ID="string_336" HPOS="598" VPOS="1946" WIDTH="52" HEIGHT="30" WC="0.96" CONTENT="till"/><SP WIDTH="23" VPOS="1946" HPOS="650"/>
							<String ID="string_337" HPOS="673" VPOS="1948" WIDTH="50" HEIGHT="28" WC="0.96" CONTENT="att"/><SP WIDTH="23" VPOS="1948" HPOS="723"/>
							<String ID="string_338" HPOS="746" VPOS="1944" WIDTH="207" HEIGHT="36" WC="0.96" CONTENT="förmedling"/><SP WIDTH="25" VPOS="1944" HPOS="953"/>
							<String ID="string_339" HPOS="978" VPOS="1953" WIDTH="41" HEIGHT="20" WC="0.96" CONTENT="av"/><SP WIDTH="25" VPOS="1953" HPOS="1019"/>
							<String ID="string_340" HPOS="1044" VPOS="1942" WIDTH="237" HEIGHT="36" WC="0.96" CONTENT="försäkringar"/><SP WIDTH="22" VPOS="1942" HPOS="1281"/>
							<String ID="string_341" HPOS="1303" VPOS="1941" WIDTH="12" HEIGHT="31" WC="0.96" CONTENT="i"/><SP WIDTH="24" VPOS="1941" HPOS="1315"/>
							<String ID="string_342" HPOS="1339" VPOS="1951" WIDTH="43" HEIGHT="21" WC="0.96" CONTENT="en"/><SP WIDTH="24" VPOS="1951" HPOS="1382"/>
							<String ID="string_343" HPOS="1406" VPOS="1941" WIDTH="56" HEIGHT="30" WC="0.96" CONTENT="del"/><SP WIDTH="24" VPOS="1941" HPOS="1462"/>
							<String ID="string_344" HPOS="1486" VPOS="1940" WIDTH="60" HEIGHT="31" WC="0.96" CONTENT="fall"/><SP WIDTH="26" VPOS="1940" HPOS="1546"/>
							<String ID="string_345" HPOS="1572" VPOS="1940" WIDTH="77" HEIGHT="31" WC="0.96" CONTENT="sker"/><SP WIDTH="25" VPOS="1940" HPOS="1649"/>
							<String ID="string_346" HPOS="1674" VPOS="1948" WIDTH="123" HEIGHT="28" WC="0.96" CONTENT="genom"/>
						</TextLine>
						<TextLine ID="line_35" HPOS="294" VPOS="1990" WIDTH="1502" HEIGHT="43">
							<String ID="string_347" HPOS="294" VPOS="1998" WIDTH="171" HEIGHT="31" WC="0.96" CONTENT="veterinär"/><SP WIDTH="24" VPOS="1998" HPOS="465"/>
							<String ID="string_348" HPOS="489" VPOS="1998" WIDTH="97" HEIGHT="30" WC="0.96" CONTENT="torde"/><SP WIDTH="28" VPOS="1998" HPOS="586"/>
							<String ID="string_349" HPOS="614" VPOS="1996" WIDTH="38" HEIGHT="31" WC="0.96" CONTENT="så"/><SP WIDTH="25" VPOS="1996" HPOS="652"/>
							<String ID="string_350" HPOS="677" VPOS="1999" WIDTH="70" HEIGHT="34" WC="0.96" CONTENT="gott"/><SP WIDTH="25" VPOS="1999" HPOS="747"/>
							<String ID="string_351" HPOS="772" VPOS="2005" WIDTH="74" HEIGHT="21" WC="0.96" CONTENT="som"/><SP WIDTH="27" VPOS="2005" HPOS="846"/>
							<String ID="string_352" HPOS="873" VPOS="1994" WIDTH="217" HEIGHT="31" WC="0.96" CONTENT="uteslutande"/><SP WIDTH="25" VPOS="1994" HPOS="1090"/>
							<String ID="string_353" HPOS="1115" VPOS="2003" WIDTH="84" HEIGHT="21" WC="0.96" CONTENT="vara"/><SP WIDTH="26" VPOS="2003" HPOS="1199"/>
							<String ID="string_354" HPOS="1225" VPOS="1995" WIDTH="48" HEIGHT="28" WC="0.96" CONTENT="att"/><SP WIDTH="26" VPOS="1995" HPOS="1273"/>
							<String ID="string_355" HPOS="1299" VPOS="1992" WIDTH="171" HEIGHT="31" WC="0.96" CONTENT="tillskriva"/><SP WIDTH="27" VPOS="1992" HPOS="1470"/>
							<String ID="string_356" HPOS="1497" VPOS="1992" WIDTH="66" HEIGHT="30" WC="0.93" CONTENT="den"/><SP WIDTH="26" VPOS="1992" HPOS="1563"/>
							<String ID="string_357" HPOS="1589" VPOS="1990" WIDTH="207" HEIGHT="36" WC="0.91" CONTENT="omständig-"/>
						</TextLine>
						<TextLine ID="line_36" HPOS="292" VPOS="2041" WIDTH="1504" HEIGHT="44">
							<String ID="string_358" HPOS="292" VPOS="2050" WIDTH="113" HEIGHT="35" WC="0.96" CONTENT="heten,"/><SP WIDTH="22" VPOS="2050" HPOS="405"/>
							<String ID="string_359" HPOS="427" VPOS="2051" WIDTH="49" HEIGHT="29" WC="0.96" CONTENT="att"/><SP WIDTH="21" VPOS="2051" HPOS="476"/>
							<String ID="string_360" HPOS="497" VPOS="2049" WIDTH="55" HEIGHT="30" WC="0.95" CONTENT="det"/><SP WIDTH="19" VPOS="2049" HPOS="552"/>
							<String ID="string_361" HPOS="571" VPOS="2048" WIDTH="13" HEIGHT="30" WC="0.95" CONTENT="i"/><SP WIDTH="21" VPOS="2048" HPOS="584"/>
							<String ID="string_362" HPOS="605" VPOS="2047" WIDTH="68" HEIGHT="31" WC="0.96" CONTENT="viss"/><SP WIDTH="19" VPOS="2047" HPOS="673"/>
							<String ID="string_363" HPOS="692" VPOS="2045" WIDTH="238" HEIGHT="37" WC="0.96" CONTENT="utsträckning"/><SP WIDTH="21" VPOS="2045" HPOS="930"/>
							<String ID="string_364" HPOS="951" VPOS="2044" WIDTH="174" HEIGHT="32" WC="0.93" CONTENT="erfordras"/><SP WIDTH="23" VPOS="2044" HPOS="1125"/>
							<String ID="string_365" HPOS="1148" VPOS="2042" WIDTH="366" HEIGHT="37" WC="0.91" CONTENT="veterinärbesiktning"/><SP WIDTH="21" VPOS="2042" HPOS="1514"/>
							<String ID="string_366" HPOS="1535" VPOS="2041" WIDTH="108" HEIGHT="30" WC="0.93" CONTENT="innan"/><SP WIDTH="22" VPOS="2041" HPOS="1643"/>
							<String ID="string_367" HPOS="1665" VPOS="2041" WIDTH="131" HEIGHT="30" WC="0.93" CONTENT="försäk-"/>
						</TextLine>
						<TextLine ID="line_37" HPOS="292" VPOS="2092" WIDTH="1504" HEIGHT="45">
							<String ID="string_368" HPOS="292" VPOS="2101" WIDTH="76" HEIGHT="36" WC="0.96" CONTENT="ring"/><SP WIDTH="18" VPOS="2101" HPOS="368"/>
							<String ID="string_369" HPOS="386" VPOS="2099" WIDTH="154" HEIGHT="37" WC="0.93" CONTENT="beviljas."/><SP WIDTH="41" VPOS="2099" HPOS="540"/>
							<String ID="string_370" HPOS="581" VPOS="2098" WIDTH="104" HEIGHT="37" WC="0.92" CONTENT="Dylik"/><SP WIDTH="16" VPOS="2098" HPOS="685"/>
							<String ID="string_371" HPOS="701" VPOS="2096" WIDTH="206" HEIGHT="37" WC="0.96" CONTENT="besiktning,"/><SP WIDTH="21" VPOS="2096" HPOS="907"/>
							<String ID="string_372" HPOS="928" VPOS="2106" WIDTH="74" HEIGHT="21" WC="0.96" CONTENT="som"/><SP WIDTH="17" VPOS="2106" HPOS="1002"/>
							<String ID="string_373" HPOS="1019" VPOS="2095" WIDTH="170" HEIGHT="31" WC="0.96" CONTENT="veterinär"/><SP WIDTH="18" VPOS="2095" HPOS="1189"/>
							<String ID="string_374" HPOS="1207" VPOS="2093" WIDTH="140" HEIGHT="38" WC="0.96" CONTENT="givetvis"/><SP WIDTH="20" VPOS="2093" HPOS="1347"/>
							<String ID="string_375" HPOS="1367" VPOS="2094" WIDTH="63" HEIGHT="30" WC="0.96" CONTENT="bör"/><SP WIDTH="17" VPOS="2094" HPOS="1430"/>
							<String ID="string_376" HPOS="1447" VPOS="2102" WIDTH="82" HEIGHT="21" WC="0.96" CONTENT="vara"/><SP WIDTH="19" VPOS="2102" HPOS="1529"/>
							<String ID="string_377" HPOS="1548" VPOS="2092" WIDTH="134" HEIGHT="37" WC="0.93" CONTENT="skyldig"/><SP WIDTH="19" VPOS="2092" HPOS="1682"/>
							<String ID="string_378" HPOS="1701" VPOS="2092" WIDTH="95" HEIGHT="30" WC="0.91" CONTENT="verk-"/>
						</TextLine>
						<TextLine ID="line_38" HPOS="293" VPOS="2142" WIDTH="1504" HEIGHT="46">
							<String ID="string_379" HPOS="293" VPOS="2152" WIDTH="111" HEIGHT="36" WC="0.96" CONTENT="ställa,"/><SP WIDTH="23" VPOS="2152" HPOS="404"/>
							<String ID="string_380" HPOS="427" VPOS="2151" WIDTH="128" HEIGHT="30" WC="0.95" CONTENT="betalas"/><SP WIDTH="23" VPOS="2151" HPOS="555"/>
							<String ID="string_381" HPOS="578" VPOS="2151" WIDTH="80" HEIGHT="30" WC="0.96" CONTENT="med"/><SP WIDTH="21" VPOS="2151" HPOS="658"/>
							<String ID="string_382" HPOS="679" VPOS="2149" WIDTH="82" HEIGHT="30" WC="0.96" CONTENT="visst"/><SP WIDTH="21" VPOS="2149" HPOS="761"/>
							<String ID="string_383" HPOS="782" VPOS="2148" WIDTH="129" HEIGHT="31" WC="0.95" CONTENT="arvode"/><SP WIDTH="24" VPOS="2148" HPOS="911"/>
							<String ID="string_384" HPOS="935" VPOS="2144" WIDTH="23" HEIGHT="40" WC="0.95" CONTENT="(i"/><SP WIDTH="23" VPOS="2144" HPOS="958"/>
							<String ID="string_385" HPOS="981" VPOS="2147" WIDTH="89" HEIGHT="36" WC="0.96" CONTENT="regel"/><SP WIDTH="24" VPOS="2147" HPOS="1070"/>
							<String ID="string_386" HPOS="1094" VPOS="2147" WIDTH="18" HEIGHT="29" WC="0.96" CONTENT="5"/><SP WIDTH="23" VPOS="2147" HPOS="1112"/>
							<String ID="string_387" HPOS="1135" VPOS="2146" WIDTH="129" HEIGHT="30" WC="0.96" CONTENT="kronor"/><SP WIDTH="20" VPOS="2146" HPOS="1264"/>
							<String ID="string_388" HPOS="1284" VPOS="2145" WIDTH="56" HEIGHT="30" WC="0.96" CONTENT="för"/><SP WIDTH="23" VPOS="2145" HPOS="1340"/>
							<String ID="string_389" HPOS="1363" VPOS="2145" WIDTH="79" HEIGHT="30" WC="0.96" CONTENT="häst"/><SP WIDTH="22" VPOS="2145" HPOS="1442"/>
							<String ID="string_390" HPOS="1464" VPOS="2144" WIDTH="65" HEIGHT="30" WC="0.96" CONTENT="och"/><SP WIDTH="24" VPOS="2144" HPOS="1529"/>
							<String ID="string_391" HPOS="1553" VPOS="2144" WIDTH="18" HEIGHT="29" WC="0.96" CONTENT="3"/><SP WIDTH="23" VPOS="2144" HPOS="1571"/>
							<String ID="string_392" HPOS="1594" VPOS="2144" WIDTH="127" HEIGHT="29" WC="0.96" CONTENT="kronor"/><SP WIDTH="23" VPOS="2144" HPOS="1721"/>
							<String ID="string_393" HPOS="1744" VPOS="2142" WIDTH="53" HEIGHT="31" WC="0.96" CONTENT="för"/>
						</TextLine>
						<TextLine ID="line_39" HPOS="292" VPOS="2194" WIDTH="1506" HEIGHT="44">
							<String ID="string_394" HPOS="292" VPOS="2198" WIDTH="229" HEIGHT="40" WC="0.93" CONTENT="nötkreatur)."/><SP WIDTH="49" VPOS="2198" HPOS="521"/>
							<String ID="string_395" HPOS="570" VPOS="2201" WIDTH="149" HEIGHT="30" WC="0.91" CONTENT="Arvodet"/><SP WIDTH="22" VPOS="2201" HPOS="719"/>
							<String ID="string_396" HPOS="741" VPOS="2199" WIDTH="166" HEIGHT="31" WC="0.92" CONTENT="bestrides"/><SP WIDTH="27" VPOS="2199" HPOS="907"/>
							<String ID="string_397" HPOS="934" VPOS="2199" WIDTH="10" HEIGHT="29" WC="0.96" CONTENT="i"/><SP WIDTH="24" VPOS="2199" HPOS="944"/>
							<String ID="string_398" HPOS="968" VPOS="2208" WIDTH="43" HEIGHT="21" WC="0.96" CONTENT="en"/><SP WIDTH="26" VPOS="2208" HPOS="1011"/>
							<String ID="string_399" HPOS="1037" VPOS="2198" WIDTH="54" HEIGHT="29" WC="0.95" CONTENT="del"/><SP WIDTH="26" VPOS="2198" HPOS="1091"/>
							<String ID="string_400" HPOS="1117" VPOS="2196" WIDTH="61" HEIGHT="30" WC="0.96" CONTENT="fall"/><SP WIDTH="23" VPOS="2196" HPOS="1178"/>
							<String ID="string_401" HPOS="1201" VPOS="2206" WIDTH="42" HEIGHT="20" WC="0.93" CONTENT="av"/><SP WIDTH="23" VPOS="2206" HPOS="1243"/>
							<String ID="string_402" HPOS="1266" VPOS="2194" WIDTH="361" HEIGHT="37" WC="0.90" CONTENT="försäkringsbolaget,"/><SP WIDTH="24" VPOS="2194" HPOS="1627"/>
							<String ID="string_403" HPOS="1651" VPOS="2194" WIDTH="12" HEIGHT="30" WC="0.96" CONTENT="i"/><SP WIDTH="25" VPOS="2194" HPOS="1663"/>
							<String ID="string_404" HPOS="1688" VPOS="2194" WIDTH="110" HEIGHT="29" WC="0.96" CONTENT="andra"/>
						</TextLine>
						<TextLine ID="line_40" HPOS="292" VPOS="2245" WIDTH="1505" HEIGHT="45">
							<String ID="string_405" HPOS="292" VPOS="2254" WIDTH="62" HEIGHT="30" WC="0.96" CONTENT="fall"/><SP WIDTH="18" VPOS="2254" HPOS="354"/>
							<String ID="string_406" HPOS="372" VPOS="2263" WIDTH="42" HEIGHT="21" WC="0.93" CONTENT="av"/><SP WIDTH="17" VPOS="2263" HPOS="414"/>
							<String ID="string_407" HPOS="431" VPOS="2253" WIDTH="218" HEIGHT="37" WC="0.91" CONTENT="djurägaren."/><SP WIDTH="40" VPOS="2253" HPOS="649"/>
							<String ID="string_408" HPOS="689" VPOS="2250" WIDTH="65" HEIGHT="31" WC="0.96" CONTENT="Vid"/><SP WIDTH="18" VPOS="2250" HPOS="754"/>
							<String ID="string_409" HPOS="772" VPOS="2249" WIDTH="197" HEIGHT="36" WC="0.96" CONTENT="försäkring"/><SP WIDTH="17" VPOS="2249" HPOS="969"/>
							<String ID="string_410" HPOS="986" VPOS="2258" WIDTH="41" HEIGHT="21" WC="0.96" CONTENT="av"/><SP WIDTH="20" VPOS="2258" HPOS="1027"/>
							<String ID="string_411" HPOS="1047" VPOS="2247" WIDTH="230" HEIGHT="31" WC="0.96" CONTENT="värdefullare"/><SP WIDTH="19" VPOS="2247" HPOS="1277"/>
							<String ID="string_412" HPOS="1296" VPOS="2247" WIDTH="89" HEIGHT="37" WC="0.96" CONTENT="djur,"/><SP WIDTH="19" VPOS="2247" HPOS="1385"/>
							<String ID="string_413" HPOS="1404" VPOS="2245" WIDTH="207" HEIGHT="37" WC="0.96" CONTENT="exempelvis"/><SP WIDTH="21" VPOS="2245" HPOS="1611"/>
							<String ID="string_414" HPOS="1632" VPOS="2245" WIDTH="165" HEIGHT="35" WC="0.96" CONTENT="hingstar,"/>
						</TextLine>
						<TextLine ID="line_41" HPOS="292" VPOS="2295" WIDTH="1503" HEIGHT="45">
							<String ID="string_415" HPOS="292" VPOS="2305" WIDTH="64" HEIGHT="30" WC="0.96" CONTENT="där"/><SP WIDTH="24" VPOS="2305" HPOS="356"/>
							<String ID="string_416" HPOS="380" VPOS="2303" WIDTH="239" HEIGHT="37" WC="0.96" CONTENT="besiktningen"/><SP WIDTH="28" VPOS="2303" HPOS="619"/>
							<String ID="string_417" HPOS="647" VPOS="2304" WIDTH="38" HEIGHT="28" WC="0.96" CONTENT="är"/><SP WIDTH="26" VPOS="2304" HPOS="685"/>
							<String ID="string_418" HPOS="711" VPOS="2311" WIDTH="94" HEIGHT="21" WC="0.96" CONTENT="mera"/><SP WIDTH="25" VPOS="2311" HPOS="805"/>
							<String ID="string_419" HPOS="830" VPOS="2299" WIDTH="224" HEIGHT="36" WC="0.96" CONTENT="omfattande,"/><SP WIDTH="29" VPOS="2299" HPOS="1054"/>
							<String ID="string_420" HPOS="1083" VPOS="2300" WIDTH="38" HEIGHT="29" WC="0.93" CONTENT="är"/><SP WIDTH="26" VPOS="2300" HPOS="1121"/>
							<String ID="string_421" HPOS="1147" VPOS="2296" WIDTH="357" HEIGHT="37" WC="0.91" CONTENT="besiktningsarvodet"/><SP WIDTH="26" VPOS="2296" HPOS="1504"/>
							<String ID="string_422" HPOS="1530" VPOS="2297" WIDTH="115" HEIGHT="35" WC="0.94" CONTENT="högre."/><SP WIDTH="51" VPOS="2297" HPOS="1645"/>
							<String ID="string_423" HPOS="1696" VPOS="2295" WIDTH="13" HEIGHT="30" WC="0.92" CONTENT="I"/><SP WIDTH="29" VPOS="2295" HPOS="1709"/>
							<String ID="string_424" HPOS="1738" VPOS="2304" WIDTH="57" HEIGHT="21" WC="0.91" CONTENT="an-"/>
						</TextLine>
						<TextLine ID="line_42" HPOS="293" VPOS="2346" WIDTH="1505" HEIGHT="46">
							<String ID="string_425" HPOS="293" VPOS="2356" WIDTH="151" HEIGHT="36" WC="0.96" CONTENT="slutning"/><SP WIDTH="19" VPOS="2356" HPOS="444"/>
							<String ID="string_426" HPOS="463" VPOS="2355" WIDTH="50" HEIGHT="31" WC="0.96" CONTENT="till"/><SP WIDTH="19" VPOS="2355" HPOS="513"/>
							<String ID="string_427" HPOS="532" VPOS="2353" WIDTH="240" HEIGHT="36" WC="0.96" CONTENT="besiktningen"/><SP WIDTH="19" VPOS="2353" HPOS="772"/>
							<String ID="string_428" HPOS="791" VPOS="2352" WIDTH="177" HEIGHT="36" WC="0.96" CONTENT="tillämpas"/><SP WIDTH="18" VPOS="2352" HPOS="968"/>
							<String ID="string_429" HPOS="986" VPOS="2351" WIDTH="11" HEIGHT="30" WC="0.96" CONTENT="i"/><SP WIDTH="20" VPOS="2351" HPOS="997"/>
							<String ID="string_430" HPOS="1017" VPOS="2350" WIDTH="90" HEIGHT="36" WC="0.96" CONTENT="regel"/><SP WIDTH="22" VPOS="2350" HPOS="1107"/>
							<String ID="string_431" HPOS="1129" VPOS="2350" WIDTH="56" HEIGHT="30" WC="0.96" CONTENT="det"/><SP WIDTH="20" VPOS="2350" HPOS="1185"/>
							<String ID="string_432" HPOS="1205" VPOS="2347" WIDTH="291" HEIGHT="37" WC="0.96" CONTENT="förfaringssättet"/><SP WIDTH="20" VPOS="2347" HPOS="1496"/>
							<String ID="string_433" HPOS="1516" VPOS="2350" WIDTH="48" HEIGHT="27" WC="0.96" CONTENT="att"/><SP WIDTH="20" VPOS="2350" HPOS="1564"/>
							<String ID="string_434" HPOS="1584" VPOS="2346" WIDTH="214" HEIGHT="31" WC="0.96" CONTENT="veterinären"/>
						</TextLine>
						<TextLine ID="line_43" HPOS="289" VPOS="2397" WIDTH="1508" HEIGHT="44">
							<String ID="string_435" HPOS="289" VPOS="2406" WIDTH="149" HEIGHT="31" WC="0.96" CONTENT="erhåller"/><SP WIDTH="19" VPOS="2406" HPOS="438"/>
							<String ID="string_436" HPOS="457" VPOS="2406" WIDTH="82" HEIGHT="30" WC="0.96" CONTENT="visst"/><SP WIDTH="19" VPOS="2406" HPOS="539"/>
							<String ID="string_437" HPOS="558" VPOS="2405" WIDTH="137" HEIGHT="36" WC="0.96" CONTENT="belopp,"/><SP WIDTH="23" VPOS="2405" HPOS="695"/>
							<String ID="string_438" HPOS="718" VPOS="2403" WIDTH="230" HEIGHT="31" WC="0.96" CONTENT="omväxlande"/><SP WIDTH="20" VPOS="2403" HPOS="948"/>
							<String ID="string_439" HPOS="968" VPOS="2402" WIDTH="165" HEIGHT="30" WC="0.96" CONTENT="benämnt"/><SP WIDTH="21" VPOS="2402" HPOS="1133"/>
							<String ID="string_440" HPOS="1154" VPOS="2399" WIDTH="186" HEIGHT="38" WC="0.93" CONTENT="provision,"/><SP WIDTH="23" VPOS="2399" HPOS="1340"/>
							<String ID="string_441" HPOS="1363" VPOS="2397" WIDTH="332" HEIGHT="37" WC="0.91" CONTENT="förmedlingsavgift"/><SP WIDTH="22" VPOS="2397" HPOS="1695"/>
							<String ID="string_442" HPOS="1717" VPOS="2397" WIDTH="80" HEIGHT="31" WC="0.96" CONTENT="eller"/>
						</TextLine>
						<TextLine ID="line_44" HPOS="290" VPOS="2449" WIDTH="1506" HEIGHT="45">
							<String ID="string_443" HPOS="290" VPOS="2456" WIDTH="334" HEIGHT="38" WC="0.91" CONTENT="expeditionsavgift,"/><SP WIDTH="23" VPOS="2456" HPOS="624"/>
							<String ID="string_444" HPOS="647" VPOS="2456" WIDTH="54" HEIGHT="30" WC="0.96" CONTENT="för"/><SP WIDTH="24" VPOS="2456" HPOS="701"/>
							<String ID="string_445" HPOS="725" VPOS="2455" WIDTH="128" HEIGHT="30" WC="0.96" CONTENT="arbetet"/><SP WIDTH="26" VPOS="2455" HPOS="853"/>
							<String ID="string_446" HPOS="879" VPOS="2456" WIDTH="49" HEIGHT="28" WC="0.96" CONTENT="att"/><SP WIDTH="23" VPOS="2456" HPOS="928"/>
							<String ID="string_447" HPOS="951" VPOS="2453" WIDTH="84" HEIGHT="36" WC="0.96" CONTENT="fylla"/><SP WIDTH="24" VPOS="2453" HPOS="1035"/>
							<String ID="string_448" HPOS="1059" VPOS="2452" WIDTH="10" HEIGHT="30" WC="0.93" CONTENT="i"/><SP WIDTH="25" VPOS="2452" HPOS="1069"/>
							<String ID="string_449" HPOS="1094" VPOS="2449" WIDTH="472" HEIGHT="37" WC="0.91" CONTENT="försäkringshandlingarna"/><SP WIDTH="22" VPOS="2449" HPOS="1566"/>
							<String ID="string_450" HPOS="1588" VPOS="2450" WIDTH="67" HEIGHT="29" WC="0.96" CONTENT="och"/><SP WIDTH="27" VPOS="2450" HPOS="1655"/>
							<String ID="string_451" HPOS="1682" VPOS="2449" WIDTH="114" HEIGHT="30" WC="0.95" CONTENT="dessas"/>
						</TextLine>
						<TextLine ID="line_45" HPOS="292" VPOS="2498" WIDTH="1504" HEIGHT="44">
							<String ID="string_452" HPOS="292" VPOS="2509" WIDTH="225" HEIGHT="30" WC="0.91" CONTENT="insändande."/><SP WIDTH="47" VPOS="2509" HPOS="517"/>
							<String ID="string_453" HPOS="564" VPOS="2508" WIDTH="101" HEIGHT="30" WC="0.96" CONTENT="Detta"/><SP WIDTH="22" VPOS="2508" HPOS="665"/>
							<String ID="string_454" HPOS="687" VPOS="2506" WIDTH="123" HEIGHT="36" WC="0.96" CONTENT="belopp"/><SP WIDTH="27" VPOS="2506" HPOS="810"/>
							<String ID="string_455" HPOS="837" VPOS="2504" WIDTH="134" HEIGHT="37" WC="0.96" CONTENT="uppgår"/><SP WIDTH="22" VPOS="2504" HPOS="971"/>
							<String ID="string_456" HPOS="993" VPOS="2503" WIDTH="51" HEIGHT="31" WC="0.96" CONTENT="till"/><SP WIDTH="33" VPOS="2503" HPOS="1044"/>
							<String ID="string_457" HPOS="1077" VPOS="2504" WIDTH="9" HEIGHT="29" WC="0.93" CONTENT="2"/><SP WIDTH="24" VPOS="2504" HPOS="1086"/>
							<String ID="string_458" HPOS="1110" VPOS="2504" WIDTH="19" HEIGHT="29" WC="0.85" CONTENT="å"/><SP WIDTH="25" VPOS="2504" HPOS="1129"/>
							<String ID="string_459" HPOS="1154" VPOS="2503" WIDTH="19" HEIGHT="29" WC="0.96" CONTENT="3"/><SP WIDTH="23" VPOS="2503" HPOS="1173"/>
							<String ID="string_460" HPOS="1196" VPOS="2502" WIDTH="128" HEIGHT="30" WC="0.96" CONTENT="kronor"/><SP WIDTH="25" VPOS="2502" HPOS="1324"/>
							<String ID="string_461" HPOS="1349" VPOS="2500" WIDTH="55" HEIGHT="31" WC="0.96" CONTENT="för"/><SP WIDTH="24" VPOS="2500" HPOS="1404"/>
							<String ID="string_462" HPOS="1428" VPOS="2501" WIDTH="79" HEIGHT="30" WC="0.96" CONTENT="häst"/><SP WIDTH="22" VPOS="2501" HPOS="1507"/>
							<String ID="string_463" HPOS="1529" VPOS="2501" WIDTH="65" HEIGHT="30" WC="0.96" CONTENT="och"/><SP WIDTH="24" VPOS="2501" HPOS="1594"/>
							<String ID="string_464" HPOS="1618" VPOS="2500" WIDTH="52" HEIGHT="30" WC="0.96" CONTENT="till"/><SP WIDTH="23" VPOS="2500" HPOS="1670"/>
							<String ID="string_465" HPOS="1693" VPOS="2498" WIDTH="103" HEIGHT="36" WC="0.96" CONTENT="något"/>
						</TextLine>
					</TextBlock>
				</ComposedBlock>
			</PrintSpace>
		</Page>
	</Layout>
</alto>
