2216 2658
719 195 230 39 Lagutskottets
975 194 163 32 Utlåtande
1161 195 58 30 N:o
1243 194 45 32 19.
1791 192 20 31 3

205 274 205 48 lämpning.
478 274 80 37 Och
600 276 55 33 att
694 272 329 37 bestämmelserna
1060 271 13 36 i
1106 272 114 47 sagda
1263 270 163 37 cirkulär
1466 271 105 46 långt
1598 270 97 36 ifrån
1724 283 86 24 voro

206 328 57 36 till
290 328 127 48 fyllest
445 328 56 36 för
543 330 54 33 att
639 326 164 37 medföra
837 327 73 35 den
939 327 153 35 därmed
1120 325 167 49 åsyftade
1316 324 156 37 verkan:
1505 324 90 36 eller
1622 325 92 46 lugn
1743 324 69 36 och

206 382 173 36 säkerhet
406 382 57 36 för
490 384 82 34 vårt
599 381 108 36 lands
743 393 94 35 egen
869 380 220 47 befolkning
1118 380 68 36 och
1215 381 87 35 våra
1330 378 265 44 institutioner,
1626 378 96 36 skall
1746 378 66 49 jag

205 435 109 37 äfven
339 436 67 35 här
447 436 123 36 nedan
611 436 84 35 med
737 434 125 36 färska
905 435 69 35 och
1007 434 150 36 talande
1190 433 170 47 exempel
1388 432 98 36 inför
1514 437 145 42 ögonen
1687 432 83 35 leda
1798 431 15 36 i

204 489 281 48 ovedersägliga
512 489 115 37 bevis.

313 544 125 35 Såsom
478 543 67 49 jag
585 543 117 35 redan
742 542 68 35 här
852 541 111 36 ofvan
998 541 143 48 antydt,
1179 539 120 37 skulle
1325 539 66 49 jag
1420 539 92 37 visst
1539 539 84 36 icke
1651 551 52 23 nu
1730 539 14 35 i
1773 541 40 33 år

204 599 48 35 ha
280 597 252 36 framkommit
574 597 84 35 med
691 608 47 23 en
771 595 84 35 med
884 595 77 35 min
990 594 301 36 meromnämnda
1319 593 141 36 motion
1483 593 195 36 besläktad
1706 592 107 36 fram-

205 651 189 47 ställning,
426 652 123 35 därest
572 649 66 49 jag
666 649 84 36 icke
779 661 52 23 nu
860 660 77 24 som
973 649 46 35 då
1047 647 80 36 haft
1163 647 85 36 fullt
1289 647 99 36 klart
1429 647 57 36 för
1527 646 87 48 mig,
1658 646 155 36 hvilken

205 706 155 36 oerhörd
388 705 192 48 betydelse
623 704 72 35 den
736 715 52 23 nu
816 703 193 47 pågående
1041 701 276 47 utvandringen
1349 701 83 35 från
1462 700 151 47 Sverige
1643 701 68 35 och
1741 701 72 34 den

205 759 206 48 ingalunda
452 758 253 36 förminskade
746 756 276 47 invandringen
1064 755 39 36 af
1131 755 217 47 främlingar
1380 754 57 36 hit
1464 754 157 36 innebär
1648 754 56 36 för
1732 757 82 33 vårt

203 813 100 44 land,
332 813 85 36 icke
459 812 94 36 blott
593 811 56 36 för
690 810 232 36 närvarande
957 810 122 43 stund,
1114 812 92 33 utan
1235 809 109 36 äfven
1368 808 57 36 för
1452 808 222 36 kommande
1703 808 107 44 tider,

204 867 98 36 faror
343 869 40 33 så
426 869 98 33 stora
565 865 69 36 och
677 864 310 46 oöfverskådliga,
1032 865 53 34 att
1117 862 375 36 fosterlandsvännen
1521 864 117 33 måste
1666 862 146 46 intagas

205 920 41 36 af
270 921 45 35 de
340 920 252 46 allvarligaste
620 918 175 47 farhågor
824 918 68 35 och
922 919 133 34 största
1083 916 217 48 bekymmer
1327 915 57 36 för
1412 918 82 34 vårt
1517 915 97 36 folks
1640 916 68 35 och
1732 918 82 33 vårt

203 975 108 35 lands
352 973 162 45 framtid,
559 973 124 35 därest
720 971 84 36 icke
846 970 155 48 något
985 964 26 58 i
1034 970 55 36 tid
1131 970 68 36 och
1242 970 84 35 med
1368 969 100 36 kraft
1500 974 106 42 göres
1635 968 56 36 för
1720 968 94 36 att
1794 964 22 58 i

204 1028 208 48 möjligaste
442 1029 113 34 måtto
597 1025 203 49 förebygga
842 1025 96 35 båda
982 1025 106 35 dessa
1121 1024 141 36 osunda
1296 1024 69 35 och
1393 1025 48 45 på
1470 1022 344 47 samhällskroppen

204 1083 154 34 tärande
386 1081 223 36 företeelser.

312 1136 92 35 Man
432 1136 68 35 har
527 1134 83 36 icke
638 1136 93 33 -utan
759 1133 82 36 skäl
865 1135 93 44 sagt,
991 1134 54 34 att
1068 1131 228 47 ordspråken
1317 1136 61 30 äro
1398 1130 239 36 nationernas
1657 1129 153 37 visdom.

204 1190 20 36 I
252 1190 175 35 afseende
456 1191 46 45 på
543 1189 72 35 den
656 1187 91 45 fara,
790 1186 155 37 hvilken
984 1185 65 49 jag
1084 1185 145 45 önskar,
1265 1187 54 34 att
1345 1184 174 48 regering
1548 1184 68 36 och
1646 1184 169 47 Riksdag

207 1246 113 33 måtte
360 1242 205 48 förebygga
606 1253 133 35 genom
781 1253 46 23 en
870 1243 128 43 sträng
1038 1239 319 46 invandringslag,
1401 1238 141 36 erinrar
1570 1238 66 48 jag
1665 1250 57 23 om
1752 1238 63 35 det

205 1297 96 46 goda
328 1297 79 44 råd,
438 1308 76 24 som
544 1295 121 47 ligger
691 1294 14 35 i
734 1295 62 34 det
824 1294 123 46 gamla
975 1293 80 36 visa
1084 1292 234 47 ordspråket:
1350 1295 114 32 »stäm
1490 1292 13 35 i
1522 1291 155 44 bäcken,
1698 1291 116 36 innan

206 1351 63 35 det
296 1350 167 36 kommer
489 1349 14 35 i
532 1351 85 33 ån».
674 1348 80 35 Blir
793 1350 83 34 vårt
917 1347 89 35 land
1035 1358 46 23 en
1110 1348 99 45 gång
1241 1345 133 47 riktigt
1404 1345 148 48 ymnigt
1578 1345 173 36 hemsökt
1779 1345 40 35 af

206 1403 124 48 dåliga
357 1403 253 44 folkelement,
642 1403 46 34 då
717 1407 40 30 är
785 1401 179 48 olyckans
992 1400 161 36 botande
1181 1399 199 48 omöjligt.»

312 1511 235 36 Motionären
575 1510 138 36 uttalar
741 1509 56 47 sig
824 1508 164 36 härefter
1016 1520 55 24 om
1099 1506 281 48 emigrationen,
1412 1506 83 36 dess
1520 1505 170 48 skadliga
1710 1505 105 37 verk-

206 1565 135 48 ningar
369 1565 69 36 och
467 1564 162 37 orsaker.
687 1564 19 35 I
735 1564 122 35 denna
887 1563 60 35 del
975 1561 176 37 hänvisar
1178 1560 184 37 utskottet
1389 1560 58 36 till
1476 1559 197 37 motionen.

312 1673 135 35 Däruti
476 1672 144 36 anföres
650 1670 192 48 slutligen:

319 1769 21 56 >»
340 1780 135 35 Vända
503 1778 38 37 vi
570 1789 58 25 oss
658 1778 115 35 sedan
805 1776 58 36 till
896 1779 66 33 vår
990 1776 156 44 ostkust,
1176 1775 38 35 få
1242 1774 37 37 vi
1308 1786 51 33 se,
1389 1774 96 35 huru
1515 1786 47 23 en
1589 1773 227 48 invandring

208 1834 66 34 där
303 1838 88 42 äger
419 1845 93 32 rum,
556 1831 167 44 hvilken,
765 1830 97 36 ifrån
896 1832 54 33 att
981 1829 57 36 till
1068 1841 46 23 en
1141 1828 131 48 början
1300 1828 49 35 ha
1378 1827 96 37 varit
1503 1827 131 36 endast
1663 1839 47 23 en
1734 1827 82 36 obe-

206 1887 122 47 tydlig
355 1886 135 44 rännil,
524 1886 117 35 redan
675 1883 108 38 vuxit
815 1887 42 32 ut
889 1883 58 36 till
976 1895 45 23 en
1049 1882 186 36 brusande
1266 1884 20 33 å
1316 1882 68 35 och
1414 1884 103 33 snart
1544 1881 107 35 hotar
1680 1883 54 33 att
1761 1884 54 32 ut-

208 1940 130 47 vidgas
366 1940 59 36 till
454 1952 47 23 en
529 1939 202 36 förödande
760 1937 178 37 störtflod.
996 1937 89 35 Men
1115 1941 39 31 är
1183 1936 45 35 då
1256 1935 78 36 inte
1364 1936 122 35 denna
1513 1934 226 47 invandring
1758 1934 58 36 till

206 1994 118 35 fördel
352 1994 57 35 för
437 1996 82 33 vårt
553 1993 89 35 land
677 1992 67 36 och
778 1993 143 34 lämnar
955 1991 72 35 den
1055 1990 83 35 icke
1168 1988 206 47 ersättning
1402 1989 56 35 för
1487 1989 72 43 det,
1587 2000 76 24 som
1694 1992 122 32 väster

206 2051 42 32 ut
277 2050 195 33 strömmar
499 2059 44 23 ur
570 2047 139 42 landet,
739 2046 124 45 frågar
892 2045 184 34 måhända
1105 2055 46 23 en
1180 2043 68 35 och
1274 2054 134 32 annan,
1432 2054 76 23 som
1530 2042 131 35 endast
1680 2042 137 34 räknar

208 2101 112 43 antal,
351 2112 86 23 men
466 2099 31 48 ej
528 2099 230 35 undersöker
787 2099 62 34 det
877 2097 100 36 olika
1001 2097 139 36 värdet.
1179 2096 105 35 Visst
1301 2095 99 36 icke!
1441 2096 171 34 Tvärtom
1635 2100 39 30 är
1694 2095 122 34 denna

207 2153 226 46 invandring
462 2152 194 35 österifrån
686 2151 40 35 af
753 2151 110 46 högst
891 2150 147 47 skadlig
1065 2148 194 44 inverkan,
1294 2149 68 35 och
1391 2147 38 36 vi
1458 2148 103 35 skola
1581 2152 102 31 snart
1701 2148 113 44 finna,

210 2221 57 24 om
298 2207 38 36 vi
363 2206 85 36 icke
476 2206 116 35 redan
620 2203 125 36 funnit
774 2205 72 43 det,
882 2207 54 32 att
964 2204 113 46 sagda
1109 2201 226 47 invandring
1364 2206 40 30 är
1433 2201 121 46 ägnad
1583 2205 54 31 att
1665 2200 84 35 fullt
1776 2204 42 32 ut

208 2263 87 46 inge
336 2260 78 36 lika
457 2262 98 33 stora
596 2257 216 48 bekymmer
854 2257 68 35 och
955 2256 173 47 farhågor
1160 2267 75 24 som
1269 2258 91 33 trots
1393 2254 286 46 utvandringen.
1737 2253 80 36 Och
