1864 2790
252 138 19 29 6
564 138 122 41 Tredje
710 139 244 40 lagutskottets
977 141 179 32 utlåtande
1177 153 45 21 nr
1246 144 38 30 11
1308 144 40 30 år
1372 146 84 29 1955

259 232 75 20 som
358 223 368 40 jordbruksfastighet,
753 225 39 30 så
818 225 57 30 må
902 225 259 41 länsstyrelsen,
1188 228 45 39 på
1259 228 260 40 framställning
1546 240 41 20 av
1614 231 146 29 allmän-

258 273 275 40 ningsstyrelsen
552 274 63 30 och
634 275 87 29 efter
739 275 156 31 hörande
913 285 42 22 av
972 276 229 40 fastighetens
1222 280 101 37 ägare
1343 279 81 30 eller
1443 279 10 29 i
1482 280 8 29 3
1521 279 6 37 $
1547 281 211 30 omförmäld

258 323 210 30 innehavare
491 334 43 20 av
555 324 221 40 fastigheten,
800 326 166 31 förordna
988 329 50 27 att
1060 329 114 29 rätten
1195 328 54 30 till
1273 329 212 40 delaktighet
1508 331 89 29 skall
1623 332 135 29 avlösas

257 375 73 28 mot
354 376 193 38 ersättning
572 377 10 29 i
607 376 204 39 penningar.
837 394 44 3 —
904 378 103 29 Detta
1032 379 190 38 stadgande
1248 380 313 30 överensstämmer
1588 383 78 28 med
1694 382 18 29 8
1741 381 15 37 $

257 421 111 31 första
393 424 134 38 stycket
550 424 99 39 lagen
672 434 57 20 om
752 425 401 41 häradsallmänningar.

302 474 124 31 Vidare
452 474 221 39 föreskrives,
699 478 51 27 att
775 477 257 40 ersättningens
1056 478 124 41 belopp
1208 479 91 30 skall
1325 480 191 31 fastställas
1543 492 42 20 av
1611 482 148 40 länssty-

254 524 115 30 relsen
388 525 65 30 och
473 534 84 22 vara
579 525 71 31 lika
667 526 81 31 med
769 527 165 30 andelens
954 529 105 30 värde
1080 530 56 29 vid
1160 529 94 30 tiden
1277 530 54 30 för
1353 531 236 39 avlösningen.
1612 532 144 30 Andels-

254 575 120 30 värdet
398 575 89 30 skall
511 575 212 32 bestämmas
748 577 53 30 till
825 588 42 20 en
890 580 73 28 mot
988 578 229 40 fastighetens
1243 581 170 29 andelstal
1439 583 170 29 svarande
1634 583 54 29 del
1714 593 42 20 av

254 625 59 29 det
336 625 134 41 belopp,
495 628 141 29 varmed
661 628 388 40 allmänningsskogens
1074 629 184 40 tillgångar
1284 632 187 39 överstiger
1499 633 78 29 dess
1604 634 152 33 skulder,

256 673 32 29 d.
303 683 31 20 v.
350 683 26 21 s.
391 684 41 21 av
449 675 79 30 dess
543 676 159 30 behållna
719 677 194 38 tillgångar.
930 678 91 30 Från
1039 679 160 31 behållna
1216 680 228 38 tillgångarna
1463 683 88 29 skall
1567 684 189 29 emellertid

257 723 88 31 först
371 725 81 30 dras
478 727 48 28 ett
551 726 135 40 belopp,
715 736 77 20 som
818 728 167 29 förhåller
1013 729 50 39 sig
1090 729 51 30 till
1169 730 103 30 dessa
1299 731 202 40 tillgångars
1529 733 227 30 totalsumma

254 784 76 21 som
350 776 68 30 den
441 778 263 39 sammanlagda
728 779 306 31 sockenbåtnaden
1056 790 41 21 av
1122 781 370 41 allmänningsskogen
1515 783 167 31 förhåller
1705 785 52 38 sig

255 826 51 29 till
330 835 162 22 summan
515 837 43 21 av
580 828 114 31 denna
716 829 130 30 båtnad
870 830 64 30 och
957 830 67 30 den
1050 832 264 39 sammanlagda
1338 833 326 39 delägarbåtnaden.
1690 835 65 30 Vid

253 876 239 41 beräkningen
516 888 42 20 av
582 879 163 30 behållna
769 879 233 40 tillgångarna
1028 882 89 29 skall
1142 882 70 29 fast
1236 884 168 37 egendom
1431 887 171 36 upptagas
1629 885 52 29 till
1707 887 48 28 ett

253 927 337 36 realisationsvärde,
613 938 73 21 som
709 931 224 38 uppskattats
954 932 79 29 med
1055 932 141 40 ledning
1218 942 42 21 av
1283 933 298 40 taxeringsvärdet
1602 935 64 29 och
1688 936 66 29 den

252 976 169 44 officiella
444 978 200 30 statistiken
666 981 81 29 över
770 980 236 31 förhållandet
1029 982 127 30 mellan
1181 983 210 31 saluvärden
1414 985 64 29 och
1502 985 253 39 taxeringsvär-

251 1028 69 29 den
342 1028 54 29 för
414 1028 410 42 jordbruksfastigheter.

297 1077 74 30 Den
394 1078 225 41 löseskilling,
644 1090 74 20 som
741 1081 168 30 bestämts
933 1082 107 39 enligt
1062 1083 101 31 dessa
1186 1084 121 39 regler,
1333 1085 88 29 skall
1442 1088 121 27 senast
1588 1086 65 30 den
1677 1083 76 46 dag,

250 1137 78 20 som
355 1129 248 39 länsstyrelsen
628 1131 221 35 bestämmer,
876 1133 178 31 nedsättas
1080 1133 62 30 hos
1170 1134 259 40 länsstyrelsen,
1457 1136 57 29 vid
1542 1136 135 39 påföljd
1704 1139 51 27 att

253 1177 251 32 förordnandet
527 1189 57 21 om
608 1181 182 40 avlösning
813 1182 100 40 eljest
939 1183 90 30 skall
1051 1193 82 21 vara
1159 1184 166 31 förfallet.
1350 1186 51 30 Då
1425 1186 113 30 beslut
1562 1197 56 19 om
1643 1187 111 30 avlös-

248 1223 88 45 ning
360 1229 124 31 vunnit
510 1230 76 40 laga
613 1231 95 30 kraft
734 1233 64 29 och
826 1232 259 41 löseskillingen
1111 1234 99 30 blivit
1238 1236 138 29 nedsatt
1403 1237 65 30 hos
1494 1236 259 41 länsstyrelsen,

252 1279 129 39 åligger
401 1280 58 30 det
481 1281 248 40 länsstyrelsen
752 1284 51 28 att
824 1283 251 40 ofördröjligen
1098 1285 193 31 översända
1314 1286 226 31 meddelande
1564 1297 55 20 om
1643 1288 111 30 avlös-

251 1330 128 39 ningen
401 1330 52 30 till
472 1331 69 30 den
563 1341 74 21 som
660 1332 54 30 för
736 1332 356 41 fastighetsregistret.
1115 1335 130 30 Genom
1269 1337 130 29 dennes
1421 1337 138 40 försorg
1582 1338 87 29 skall
1694 1347 59 21 an-

252 1380 164 40 teckning
433 1389 56 22 om
508 1382 225 40 avlösningen
753 1384 208 32 verkställas
979 1385 10 29 i
1008 1386 168 38 registret.

296 1429 97 37 7.a$
411 1431 20 29 2
451 1441 105 21 mom.
577 1433 150 39 reglerar
750 1434 235 31 förhållandet
1006 1436 128 30 mellan
1156 1437 66 30 den
1243 1437 57 30 vid
1322 1438 181 40 avlösning
1525 1439 228 39 ersättnings-

250 1481 212 40 berättigade
488 1482 316 41 fastighetsägaren
831 1485 64 30 och
920 1485 379 40 inteckningshavarna
1325 1488 11 29 i
1363 1489 87 29 hans
1479 1489 175 39 fastighet.
1681 1491 71 29 Där

250 1531 149 39 stadgas,
420 1533 50 29 att
490 1542 56 21 om
567 1533 176 40 fastighet,
763 1543 80 22 vars
863 1536 101 29 andel
984 1538 10 29 i
1015 1537 325 41 allmänningsskog
1362 1539 88 29 skall
1470 1540 146 37 avlösas,
1639 1541 37 29 är
1696 1540 56 30 be-

250 1583 124 30 svärad
399 1592 41 20 av
464 1583 203 41 inteckning
693 1585 54 30 för
772 1585 155 36 fordran,
954 1587 37 29 så
1017 1587 88 30 skall
1130 1588 231 39 fastighetens
1389 1590 101 38 ägare
1515 1592 85 28 utan
1627 1591 124 29 hinder

248 1642 42 19 av
315 1632 246 41 inteckningen
586 1636 62 38 äga
672 1635 63 30 hos
761 1636 249 40 länsstyrelsen
1036 1638 225 31 utbekomma
1287 1640 270 39 löseskillingen,
1584 1641 167 30 förutsatt

249 1684 51 27 att
318 1683 69 29 han
406 1683 103 35 visar,
529 1686 50 28 att
598 1685 260 40 löseskillingen
878 1687 29 39 ej
929 1688 187 39 överstiger
1138 1698 41 20 en
1200 1689 130 30 tiondel
1350 1699 41 20 av
1410 1690 230 39 fastighetens
1659 1693 93 28 taxe-

248 1733 213 39 ringsvärde.
486 1734 46 31 Är
557 1735 261 41 löseskillingen
842 1738 158 30 däremot
1026 1739 120 34 större,
1172 1740 55 29 får
1254 1740 67 30 den
1347 1740 30 40 ej
1406 1741 172 30 utbetalas
1604 1742 51 29 till
1682 1742 68 30 fas-

248 1783 175 39 lighetens
441 1786 102 38 ägare
565 1788 107 28 annat
691 1787 46 29 än
757 1797 57 20 om
835 1788 70 30 han
926 1788 102 36 visar,
1050 1791 50 28 att
1120 1789 379 41 inteckningshavarna
1521 1792 139 39 medger
1681 1793 68 30 det.

249 1833 99 30 Visas
368 1834 30 39 ej
422 1838 118 27 senast
558 1836 58 31 vid
637 1837 280 40 löseskillingens
939 1840 239 34 nedsättande,
1199 1842 51 28 att
1271 1841 125 30 sådant
1416 1842 227 39 medgivande
1664 1843 86 30 läm-

247 1886 90 32 nats,
357 1885 88 29 skall
464 1886 249 39 länsstyrelsen
733 1888 39 30 så
791 1890 96 28 snart
907 1889 60 29 ske
987 1890 69 29 kan
1079 1891 131 30 utsätta
1229 1893 259 29 sammanträde
1510 1893 54 29 för
1583 1894 167 29 förhand-

247 1934 72 39 ling
345 1944 57 20 om
428 1936 211 40 rättsägares
666 1939 154 38 anspråk
847 1939 64 29 och
939 1939 278 41 löseskillingens
1247 1941 206 40 fördelning.
1483 1943 264 40 Länsstyrelsen

245 1985 91 29 skall
359 1986 107 39 pröva
489 1986 99 39 fråga
611 1997 55 20 om
691 1988 371 40 inteckningshavares
1087 1992 69 29 rätt
1181 1992 52 29 till
1257 1992 177 40 betalning
1458 1995 98 28 utom
1580 1994 10 29 i
1618 1994 60 30 fall
1704 1995 44 29 då

247 2036 377 39 inteckningshavaren
648 2037 83 40 givit
755 2038 182 36 tillkänna,
960 2041 51 29 att
1035 2041 69 30 han
1129 2042 29 39 ej
1185 2043 131 29 önskar
1341 2042 187 40 betalning.

294 2085 40 29 18
350 2084 21 37 $
389 2085 100 39 lagen
506 2095 58 20 om
581 2087 367 41 allmänningsskogar
965 2089 89 30 skall
1072 2091 11 29 i
1102 2091 66 29 den
1187 2092 199 39 föreslagna
1405 2102 67 30 nya
1492 2094 155 39 lydelsen
1665 2095 85 29 änd-

246 2143 57 20 ras
326 2135 147 31 allenast
495 2136 184 35 såtillvida,
704 2140 51 27 att
777 2139 297 40 beteckningarna
1098 2142 311 39 »delägarbåtnad»
1435 2144 64 29 och
1524 2144 226 30 »sockenbåt-

246 2185 90 29 nad>
357 2185 131 31 införes
505 2187 10 28 i
532 2188 295 39 paragraftexten.

291 2236 41 29 24
353 2236 21 36 $
396 2237 20 29 3
438 2245 106 22 mom.
567 2238 476 42 inteckningsförordningen
1066 2241 194 30 innehåller
1283 2243 10 28 i
1316 2243 54 29 sin
1393 2245 202 29 nuvarande
1619 2245 129 39 lydelse

245 2294 44 20 en
310 2286 210 40 hänvisning
543 2288 51 29 till
615 2289 65 30 vad
702 2298 76 20 som
801 2290 143 30 särskilt
965 2291 140 39 stadgas
1127 2292 223 31 beträffande
1372 2294 204 40 inteckning
1598 2304 75 20 som
1695 2297 53 28 ut-

244 2335 75 38 gått
339 2345 41 20 ur
400 2337 430 42 brandskadeersättning.
852 2341 225 38 Lagrummet
1097 2342 64 29 har
1182 2343 9 28 i
1214 2343 380 40 utredningsmannens
1617 2345 131 40 förslag

246 2386 266 40 kompletterats
538 2388 47 34 så,
611 2391 50 28 att
685 2389 257 41 hänvisningen
968 2391 52 29 till
1046 2392 173 30 särskilda
1245 2394 216 39 stadganden
1487 2395 90 29 skall
1604 2396 144 30 komma

244 2438 51 29 att
316 2445 79 22 avse
416 2438 106 31 också
545 2439 289 40 specialreglerna
855 2450 56 20 om
934 2441 182 40 avlösning
1137 2452 42 21 av
1201 2443 325 41 allmänningsskog
1549 2445 65 30 och
1637 2446 110 30 sådan

244 2486 201 41 avlösnings
465 2488 170 30 inverkan
656 2490 10 29 i
686 2490 93 30 vissa
801 2490 61 30 fall
883 2491 45 40 på
947 2491 213 41 inteckning.
