1884 2784
490 163 123 29 Första
641 163 249 39 lagutskottets
916 165 181 30 utlåtande
1123 176 43 20 nr
1192 166 52 30 24.
1612 170 18 29 7

106 243 126 34 kande,
252 253 75 20 som
347 246 181 39 samtidigt
546 247 79 29 ville
644 247 163 31 förvärva
826 258 113 30 vapen
958 250 64 29 och
1040 251 240 29 ammunition
1300 251 52 29 till
1372 252 106 33 detta,
1496 254 52 27 att
1567 261 64 22 an-

106 294 94 29 hålla
217 295 123 29 därom
359 295 10 29 i
388 305 136 21 samma
544 298 170 29 ansökan.
733 298 128 30 Vidare
880 300 156 29 uttalade
1058 300 402 40 departementschefen,
1480 304 50 29 att
1549 303 79 30 med

107 353 42 20 en
172 344 111 30 sådan
305 346 161 30 ansökan
488 347 107 30 borde
617 348 155 30 förfaras
795 349 45 40 på
862 349 58 30 det
943 351 70 29 sätt
1038 359 75 21 som
1136 351 200 30 sedermera
1360 353 168 38 reglerats
1552 352 11 29 i
1585 353 43 30 de

106 403 43 20 av
167 394 126 40 Kungl.
312 395 108 40 Maj:t
439 397 187 30 utfärdade
645 398 224 31 föreskrifter
888 400 65 29 och
970 401 230 40 anvisningar
1218 403 151 29 rörande
1389 403 239 40 tillämpning-

106 453 42 20 en
171 454 42 20 av
230 446 381 40 vapenförordningen.
629 448 72 30 Där
721 450 153 34 anföres,
894 450 117 30 såsom
1031 452 156 39 framgår
1206 462 42 20 av
1264 453 70 29 den
1355 462 89 21 ovan
1465 454 163 30 lämnade

105 495 255 39 redogörelsen,
383 499 51 27 att
458 498 109 30 sedan
588 499 145 30 ärendet
754 500 203 31 diarieförts
980 502 63 29 hos
1065 502 345 40 polismyndigheten
1432 504 66 29 och
1519 504 110 30 erfor-

103 545 113 39 derlig
234 547 191 39 utredning
444 549 213 34 verkställts,
677 551 145 29 varöver
840 553 146 38 rapport
1006 552 107 31 borde
1132 554 179 29 utskrivas
1331 554 10 29 i
1360 555 58 29 två
1438 555 189 40 exemplar,

104 596 246 39 ansökningen
370 597 111 39 jämte
502 599 58 30 det
580 609 65 20 ena
665 600 215 40 exemplaret
901 611 42 21 av
962 605 190 37 rapporten
1175 604 211 30 översändes
1407 604 52 30 till
1479 605 150 37 länssty-

105 646 124 31 relsen.
250 648 114 30 Sedan
382 649 253 39 länsstyrelsen
651 651 105 32 fattat
773 652 116 30 beslut
907 653 10 30 i
935 653 101 40 fråga
1052 664 58 20 om
1127 655 280 40 vapenlicensen,
1427 658 88 29 skall
1534 658 97 29 läns-

104 697 170 36 styrelsen
296 698 208 31 underrätta
525 700 346 40 polismyndigheten
894 711 58 21 om
975 704 60 29 sitt
1056 704 115 31 beslut
1192 705 67 30 och
1282 706 347 39 polismyndigheten

103 746 65 30 har
187 747 155 30 därefter
362 751 50 27 att
431 750 128 38 avgöra
580 751 416 33 ammunitionsärendet.

150 797 12 29 I
182 797 41 30 de
241 799 201 38 yttranden,
466 809 75 20 som
560 801 173 31 utskottet
752 803 178 30 inhämtat
948 805 82 29 över
1048 805 190 35 motionen,
1256 806 64 30 har
1340 807 55 30 det
1418 808 10 29 i
1448 808 178 31 motionen

104 846 218 31 framställda
343 849 172 36 yrkandet
534 852 188 36 avstyrkts.
745 852 78 30 Med
844 853 139 38 hänsyn
1005 855 142 31 särskilt
1168 856 53 30 till
1244 859 49 27 att
1315 857 57 31 det
1393 858 110 31 måste
1525 868 102 24 anses

103 897 169 31 innebära
292 899 137 30 lättnad
449 900 55 30 för
522 901 239 31 allmänheten
784 905 50 28 att
858 904 5 28 i
881 906 415 31 ammunitionsärenden
1315 909 36 29 få
1369 910 114 30 vända
1503 911 51 38 sig
1573 911 52 30 till

103 948 345 40 polismyndigheten
467 951 10 29 i
496 953 100 28 orten
616 952 10 29 i
646 953 117 30 stället
783 954 57 31 för
859 956 52 28 att
930 964 76 21 som
1024 956 76 31 förr
1119 957 134 31 behöva
1274 958 94 31 rikta
1389 959 53 40 sig
1460 960 54 31 till
1533 961 93 31 läns-

102 998 172 38 styrelsen
296 999 10 29 i
329 999 95 30 länet
446 1001 70 30 kan
539 1002 170 30 utskottet
731 1003 77 31 icke
829 1004 138 31 biträda
992 1006 237 31 motionärens
1252 1008 133 39 förslag
1407 1019 57 20 om
1487 1013 47 27 att
1557 1012 68 29 alla

102 1048 241 40 ansökningar
363 1059 57 21 om
439 1052 237 30 ammunition
695 1054 99 30 skola
812 1055 218 40 handläggas
1048 1067 44 20 av
1111 1057 262 41 länsstyrelsen.

147 1098 204 31 Emellertid
375 1100 45 30 ha
443 1102 57 29 två
525 1112 42 19 av
590 1103 41 29 de
655 1103 9 29 i
688 1104 144 30 ärendet
855 1105 112 31 hörda
990 1107 294 40 länsstyrelserna
1308 1110 182 41 föreslagit
1514 1112 110 31 sådan

101 1149 150 39 ändring
270 1151 10 29 i
302 1151 380 41 vapenförordningen,
701 1156 61 30 att,
781 1155 45 30 då
845 1156 181 40 samtidigt
1045 1158 150 30 ansökes
1215 1168 57 20 om
1291 1160 142 31 förvärv
1451 1171 42 21 av
1511 1171 113 32 vapen

101 1199 65 28 och
191 1200 249 37 ammunition,
466 1202 253 40 länsstyrelsen
744 1206 87 29 även
857 1206 91 30 skall
972 1207 122 31 kunna
1119 1209 143 31 utfärda
1290 1211 159 31 tillstånd
1475 1213 54 29 till
1553 1213 72 31 för-

99 1249 85 29 värv
206 1258 42 21 av
271 1251 243 30 ammunition.
538 1253 79 30 Som
639 1254 78 30 skäl
740 1254 123 31 härför
888 1256 65 32 har
976 1258 148 34 anförts,
1150 1262 50 27 att
1225 1260 67 30 den
1316 1264 205 28 nuvarande
1545 1265 80 29 ord-

101 1299 128 39 ningen
254 1300 10 29 i
288 1301 96 30 detta
408 1302 201 31 hänseende
632 1305 155 30 medfört
809 1307 187 39 praktiska
1024 1309 234 39 olägenheter,
1285 1321 76 20 som
1386 1313 77 29 icke
1487 1314 138 30 undan-

100 1349 89 39 röjts
209 1358 124 31 genom
352 1352 57 31 det
428 1353 9 28 i
456 1355 248 30 ovannämnda
723 1356 472 41 tillämpningsföreskrifter
1214 1362 167 30 anvisade
1402 1363 223 32 förfarandet

101 1400 65 29 och
193 1402 50 28 att
270 1401 240 32 allmänheten
540 1406 166 29 stundom
735 1406 121 30 funnit
883 1408 57 30 det
970 1408 170 32 innebära
1168 1420 42 20 en
1238 1413 129 38 onödig
1394 1414 152 39 omgång
1572 1417 52 29 att

100 1449 115 31 beslut
232 1451 112 30 måste
363 1452 108 30 fattas
489 1463 43 21 av
552 1455 55 29 två
629 1455 94 30 olika
741 1457 256 39 myndigheter.

145 1500 118 40 Enligt
280 1502 191 31 utskottets
489 1505 143 39 mening
648 1506 99 30 torde
765 1507 42 30 de
825 1507 235 40 olägenheter,
1078 1519 77 22 som
1172 1511 9 29 i
1200 1511 232 32 förevarande
1452 1515 173 30 hänseen-

99 1550 41 29 de
158 1551 121 30 kunna
297 1562 84 21 vara
400 1553 200 32 förbundna
619 1556 79 30 med
716 1557 67 29 den
801 1559 206 30 nuvarande
1026 1561 206 39 ordningen,
1252 1562 129 30 liksom
1400 1565 222 31 motionären

99 1609 103 30 synes
222 1611 94 25 anse,
337 1604 124 30 endast
480 1604 98 31 bestå
597 1606 117 30 däruti
738 1609 50 28 att
809 1608 184 31 sökanden
1012 1610 71 30 kan
1104 1611 36 30 få
1160 1613 103 29 vänta
1285 1614 46 39 på
1350 1615 274 32 ammunitions-

100 1650 153 30 licensen
271 1653 115 38 någon
405 1655 50 29 tid
473 1655 88 30 efter
581 1656 56 29 det
655 1657 71 30 han
744 1658 81 30 från
844 1659 253 40 länsstyrelsen
1115 1662 140 31 erhållit
1275 1664 160 31 tillstånd
1455 1668 51 28 att
1524 1667 101 30 inne-

98 1700 45 30 ha
160 1704 137 37 vapnet.
316 1703 126 31 Därest
460 1706 193 30 emellertid
672 1707 148 31 berörda
838 1710 246 39 myndigheter
1102 1712 45 39 på
1166 1714 48 28 ctt
1231 1714 123 39 riktigt
1373 1717 69 29 sätt
1460 1716 162 41 tillämpa

98 1751 57 29 det
174 1752 216 35 förfarande,
413 1764 74 21 som
506 1764 105 31 anges
630 1757 8 29 i
657 1766 89 21 ovan
763 1759 150 30 berörda
931 1760 224 32 föreskrifter
1173 1764 65 29 och
1257 1765 240 40 anvisningar,
1517 1776 107 31 synes

99 1801 114 39 någon
241 1804 197 30 nämnvärd
467 1805 202 31 tidsförlust
696 1808 56 30 för
782 1809 182 31 sökanden
992 1811 77 30 icke
1096 1812 133 31 behöva
1258 1816 139 38 uppstå.
1427 1817 65 30 Det
1521 1819 99 29 torde

98 1850 90 39 ligga
208 1852 10 28 i
242 1853 128 30 sakens
392 1856 105 29 natur
518 1858 50 28 att
589 1857 345 41 polismyndigheten
956 1861 10 28 i
988 1862 63 29 och
1073 1863 78 29 med
1174 1866 50 27 att
1247 1865 67 29 den
1337 1866 207 31 verkställer
1566 1870 57 28 ut-

97 1901 148 39 redning
267 1902 9 29 i
299 1903 100 39 fråga
422 1914 56 19 om
501 1906 57 29 det
585 1906 151 40 begärda
760 1909 197 31 tillståndet
980 1913 51 28 att
1054 1912 130 31 inneha
1207 1923 113 30 vapen
1342 1916 115 30 tillika
1480 1917 55 30 får
1558 1919 64 29 det

99 1952 192 30 materiella
320 1954 206 39 underlaget
554 1957 55 28 för
637 1957 59 30 sitt
724 1958 220 32 bedömande
973 1970 42 20 av
1044 1964 414 32 ammunitionsärendet.
1489 1969 12 28 I
1530 1978 90 20 mer-

96 2003 216 29 omnämnda
334 2003 224 32 föreskrifter
581 2007 64 29 och
667 2008 230 39 anvisningar
919 2011 99 39 säges
1040 2012 45 30 bl.
1110 2022 30 20 a.
1163 2013 10 29 i
1196 2014 101 39 fråga
1320 2025 56 20 om
1399 2018 221 40 prövningen

96 2060 43 19 av
163 2053 241 38 ansökningar
429 2057 49 28 att
505 2056 161 31 förvärva
693 2060 239 29 ammunition
960 2063 60 32 att,
1047 2071 55 20 om
1129 2064 157 30 sökande
1311 2067 140 38 nyligen
1477 2069 140 30 erhållit

96 2101 159 30 tillstånd
271 2105 50 27 att
339 2103 129 31 inneha
487 2106 212 40 skjutvapen
717 2109 83 29 eller
817 2111 248 35 ammunition,
1084 2114 162 29 närmare
1264 2117 189 38 utredning
1469 2119 152 30 rörande

93 2149 88 31 hans
201 2153 197 37 personliga
419 2155 285 31 kvalifikationer
726 2158 9 28 i
756 2159 189 30 allmänhet
968 2162 37 28 är
1025 2162 194 38 obehövlig.
1239 2165 154 31 Lämnar
1415 2168 202 39 länsstyrel-

95 2209 60 20 sen
181 2202 157 30 tillstånd
364 2203 51 30 till
441 2205 140 30 förvärv
604 2216 42 20 av
669 2211 138 35 vapnet,
832 2209 70 30 kan
931 2211 148 30 sålunda
1105 2223 42 19 av
1171 2215 364 39 polismyndighetens
1559 2229 57 20 av-

95 2251 152 36 görande
263 2252 9 28 i
288 2254 404 32 ammunitionsärendet
709 2258 7 28 i
733 2259 91 37 regel
841 2260 101 37 sägas
958 2262 131 29 återstå
1107 2264 123 29 endast
1246 2274 41 19 en
1305 2275 59 19 ren
1381 2268 236 38 expeditions-

93 2300 133 37 åtgärd.
250 2302 116 29 Under
389 2304 255 39 förutsättning
668 2309 50 26 att
741 2308 252 39 länsstyrelsen
1018 2312 180 38 samtidigt
1221 2315 79 28 med
1323 2318 50 27 att
1395 2318 221 38 vapenlicen-

94 2359 60 19 sen
180 2351 126 29 sändes
333 2352 49 29 till
413 2354 180 30 sökanden
620 2357 225 30 underrättar
869 2360 343 39 polismyndighelen
1238 2373 57 20 om
1321 2366 176 39 utgången
1523 2368 8 28 i
1557 2378 58 20 va-

94 2401 213 37 penärendet
330 2402 62 29 bör
414 2404 352 39 polismyndigheten,
790 2409 86 28 även
901 2419 54 19 om
980 2411 79 28 dess
1082 2412 226 32 arbetsbörda
1334 2416 53 28 för
1410 2417 111 38 övrigt
1544 2419 69 29 kan

93 2460 81 18 vara
192 2450 207 39 betydande,
419 2455 81 27 utan
520 2455 170 38 dröjsmål
709 2457 120 30 kunna
850 2460 183 38 expediera
1051 2463 424 34 ammunitionslicensen.
1497 2468 119 30 Under
