1886 2782
498 168 125 29 Första
649 167 250 40 lagutskottets
925 168 181 31 utlåtande
1131 178 44 21 nr
1199 169 52 30 24.
1620 172 15 29 1

800 368 61 41 Nr
888 369 65 40 24.

341 486 185 32 Utlåtande
554 487 11 28 i
590 487 192 41 anledning
808 497 43 21 av
878 488 103 30 väckt
1006 489 134 30 motion
1169 499 54 20 om
1253 489 151 41 ändring
1430 499 43 21 av
1500 490 39 29 21
1569 489 21 37 $
1618 490 15 29 1

561 547 106 20 mom.
691 539 13 29 i
726 538 379 40 vapenförordningen.

156 637 125 31 Första
301 638 231 39 lagutskottet
550 638 65 30 har
634 639 53 29 till
706 639 216 40 behandling
941 639 155 31 förehaft
1116 650 43 21 en
1178 641 97 30 inom
1296 642 111 30 andra
1426 642 208 29 kammaren

111 688 116 33 väckt,
251 687 52 30 till
325 688 195 39 lagutskott
540 689 173 31 hänvisad
736 689 145 36 motion,
904 700 43 21 nr
968 689 53 36 43,
1043 701 43 20 av
1106 691 82 29 herr
1209 691 176 40 Hallberg.
1418 692 14 29 I
1453 692 181 30 motionen

112 738 217 34 hemställes,
347 740 72 28 »att
435 739 190 40 riksdagen
639 740 111 30 måtte
766 740 139 31 besluta
921 741 111 31 sådan
1048 741 151 40 ändring
1215 751 43 21 av
1276 741 15 37 $
1310 742 39 29 21
1369 742 112 30 första
1498 743 135 39 stycket

112 788 12 31 i
151 789 369 41 vapenförordningen
547 799 43 22 av
614 791 68 30 den
709 790 41 31 25
778 791 188 30 november
995 791 95 38 1949,
1117 793 52 29 att
1196 792 96 31 detta
1318 792 56 31 får
1401 792 158 41 följande
1585 792 51 41 ly-

112 838 113 31 delse:

160 889 69 30 Vill
251 889 115 41 någon
389 898 125 32 genom
535 891 81 41 köp,
638 891 91 40 byte,
753 892 89 39 gåva
862 892 85 31 eller
969 893 209 30 annorledes
1201 893 164 31 förvärva
1388 894 247 34 ammunition,

109 948 84 22 vare
212 940 138 40 skyldig
366 942 50 29 att
433 941 65 31 hos
514 941 254 40 länsstyrelsen
784 944 12 30 i
812 942 57 32 det
886 943 59 30 län
962 943 64 30 där
1042 943 72 30 han
1130 943 66 31 har
1214 943 60 31 sitt
1290 944 152 31 hemvist
1461 945 86 30 söka
1565 944 68 30 till-

114 990 104 31 stånd
237 991 54 30 till
309 991 210 31 förvärvet».

156 1041 230 31 Beträffande
408 1042 42 30 de
474 1041 88 35 skäl,
587 1052 74 21 som
684 1043 225 30 motionären
932 1043 167 41 åberopat
1121 1044 54 30 till
1199 1045 78 30 stöd
1300 1044 57 30 för
1381 1045 60 30 sitt
1463 1045 169 40 yrkande,

110 1092 58 30 får
188 1092 183 35 utskottet,
396 1093 5 30 i
422 1093 68 30 den
509 1093 85 30 mån
613 1093 220 40 redogörelse
854 1093 122 31 därför
996 1093 77 31 icke
1094 1094 138 32 lämnas
1253 1095 64 32 här
1337 1095 126 34 nedan,
1485 1095 147 31 hänvisa

111 1141 54 31 till
190 1142 190 31 motionen.

642 1243 169 31 Gällande
832 1244 270 31 bestämmelser.

157 1327 14 29 I
191 1327 369 41 vapenförordningen
578 1328 68 30 den
667 1328 41 30 10
724 1329 83 40 juni
827 1329 85 30 1949
930 1330 180 30 meddelas
1129 1330 265 30 bestämmelser
1414 1340 58 21 om
1491 1331 142 30 förvärv

110 1377 68 31 och
195 1378 154 30 innehav
365 1387 43 21 av
425 1378 215 41 skjutvapen
658 1379 66 30 och
742 1379 249 31 ammunition.

156 1426 69 32 För
252 1427 142 32 förvärv
418 1438 43 21 av
486 1428 215 41 skjutvapen
725 1430 127 30 kräver
876 1430 371 40 vapenförordningen
1273 1431 160 31 tillstånd
1459 1433 51 29 att
1536 1431 97 31 inne-

111 1478 91 30 hava
219 1480 139 38 vapnet.
378 1478 132 31 Sådant
527 1478 160 31 tillstånd
705 1480 180 30 meddelas
903 1490 43 21 av
963 1480 253 40 länsstyrelsen
1232 1483 12 29 i
1260 1481 59 30 det
1337 1482 68 34 län,
1424 1482 63 30 där
1506 1482 127 30 sökan-

111 1528 69 30 den
199 1528 65 30 har
285 1529 60 29 sitt
364 1528 152 31 hemvist
541 1528 36 34 (5
600 1528 50 38 $).
672 1529 170 31 Ansökan
862 1529 135 41 ingives
1016 1532 11 29 i
1049 1531 204 30 Stockholm
1274 1531 53 31 till
1349 1532 284 30 överståthållar-

111 1578 153 31 ämbetet
286 1579 66 30 och
374 1579 103 40 eljest
499 1579 54 30 till
575 1580 346 40 polismyndigheten
944 1581 12 29 i
979 1583 100 28 orten
1103 1582 95 34 eller,
1223 1591 57 21 om
1306 1583 181 29 sökanden
1511 1582 120 31 tillhör

110 1629 68 29 den
198 1629 295 31 nomadiserande
513 1630 347 40 lappbefolkningen,
882 1631 203 31 alternativt
1107 1631 54 31 till
1182 1632 224 40 lappfogden.
1427 1633 204 39 Myndighet

111 1687 77 21 som
212 1679 164 39 mottagit
400 1680 161 30 ansökan
586 1680 101 35 skall,
712 1681 65 30 där
800 1681 102 40 fråga
925 1681 32 40 ej
986 1683 38 29 är
1049 1691 58 21 om
1133 1682 216 35 Stockholm,
1374 1683 151 31 insända
1550 1684 82 31 den-

112 1738 137 21 samma
270 1729 111 39 jämte
404 1731 76 39 eget
502 1731 165 39 yttrande
690 1731 55 30 till
768 1732 254 39 länsstyrelsen
1052 1732 35 34 (7
1114 1732 51 37 8).

154 1778 87 35 Den,
266 1788 75 21 som
363 1780 151 30 innehar
538 1780 214 41 skjutvapen
777 1782 65 30 och
866 1783 132 29 önskar
1022 1783 164 31 förvärva
1211 1783 237 32 ammunition
1472 1785 54 30 till
1550 1794 82 31 vap-

109 1831 70 32 net,
199 1830 65 30 har
284 1830 11 29 i
315 1830 91 39 regel
427 1832 51 29 att
498 1831 86 29 söka
603 1831 162 31 tillstånd
785 1832 129 35 därtill,
934 1833 122 30 varvid
1076 1833 90 31 dock
1187 1835 39 29 är
1245 1836 52 28 att
1316 1835 126 30 märka
1461 1837 51 28 att
1531 1835 45 30 bl.
1599 1846 30 20 a.

108 1879 272 40 hagelpatroner
402 1881 61 29 äro
485 1881 231 39 undantagna
738 1882 81 30 från
841 1882 273 40 förordningens
1137 1884 236 40 tillämpning.
1409 1885 130 30 Sådant
1562 1885 69 30 till-

111 1929 104 30 stånd
238 1929 179 31 meddelas
440 1932 12 29 i
477 1931 204 30 Stockholm
706 1941 43 21 av
773 1932 424 31 överståthållarämbetet
1223 1935 65 29 och
1312 1936 11 30 i
1349 1935 137 30 landets
1512 1936 119 40 övriga

106 1979 101 30 delar
225 1989 43 20 av
285 1980 344 40 polismyndigheten
647 1982 11 29 i
679 1982 200 31 sökandens
898 1983 138 30 hemort
1061 1983 55 33 (21
1141 1983 50 37 $).
1211 1984 66 30 Om
1296 1985 31 39 ej
1350 1985 67 30 den
1436 1985 194 31 tillstånds-

104 2028 202 40 beviljande
328 2030 252 39 myndigheten
601 2031 11 29 i
636 2031 146 31 särskilt
804 2032 62 29 fall
888 2034 108 28 annat
1018 2033 224 37 bestämmer,
1265 2035 108 39 gäller
1394 2036 160 30 tillstånd
1576 2037 53 30 till

106 2080 145 30 förvärv
269 2090 43 20 av
331 2081 236 30 ammunition
586 2083 49 29 ett
654 2082 38 30 år
711 2083 81 29 från
812 2084 112 38 dagen
942 2084 56 30 för
1016 2084 79 30 dess
1114 2085 230 31 meddelande
1370 2085 57 34 (23
1450 2086 50 36 8).

154 2179 12 29 I
186 2179 161 40 kungligt
368 2181 80 29 brev
465 2181 69 29 den
553 2182 43 28 25
614 2183 191 29 november
824 2183 85 29 1949
930 2184 52 28 till
1000 2183 163 40 samtliga
1184 2185 245 40 länsstyrelser
1449 2187 179 38 angående

105 2228 228 40 föreskrifter
368 2231 64 28 och
468 2231 230 39 anvisningar
722 2233 150 29 rörande
899 2233 268 40 tillämpningen
1193 2244 42 20 av
1261 2235 367 41 vapenförordningen

106 2278 143 29 anföres
270 2279 44 29 bl.
333 2289 41 25 a.,
393 2281 50 28 att
462 2280 67 29 den
548 2281 10 27 i
578 2280 222 30 förhållande
820 2282 52 28 till
891 2283 66 28 vad
977 2292 75 19 som
1072 2283 147 38 tidigare
1240 2285 112 37 gällde
1372 2286 155 29 ändrade
1550 2287 78 28 ord-

106 2328 128 36 ningen
261 2328 55 28 för
344 2338 126 27 vapen-
496 2329 64 29 och
588 2331 446 30 ammunitionsärendenas
1061 2332 260 39 handläggning
1347 2335 75 29 icke
1447 2336 180 29 medförde

105 2379 104 36 något
226 2379 124 30 hinder
368 2380 54 29 för
438 2388 43 21 en
498 2381 165 35 sökande,
681 2390 75 21 som
774 2382 181 39 samtidigt
970 2383 79 29 ville
1066 2384 163 30 förvärva
1244 2386 88 29 både
1347 2395 112 29 vapen
1475 2388 64 28 och
1555 2396 72 22 am-

105 2429 188 32 munition,
312 2432 50 27 att
380 2430 126 28 liksom
528 2431 146 37 tidigare
695 2432 140 29 anhålla
855 2433 122 28 därom
1000 2434 9 27 i
1028 2443 135 20 samma
1182 2435 170 29 ansökan.
1372 2436 129 29 Härvid
1520 2437 106 29 borde

107 2480 154 29 förfaras
286 2481 44 38 på
355 2480 157 39 följande
539 2482 78 28 sätt.
656 2483 112 29 Sedan
796 2484 143 29 ärendet
965 2483 201 31 diarieförts
1193 2486 62 29 hos
1283 2486 343 40 polismyndigheten

137 2545 9 25 1
190 2547 112 29 Bihang
315 2547 46 23 till
374 2547 170 30 riksdagens
557 2549 148 29 protokoll
720 2549 75 23 1952.
815 2550 15 23 9
843 2550 84 23 saml.
950 2550 11 23 1
976 2550 64 24 avd.
1060 2554 37 22 Nr
1117 2553 38 23 24.
