1854 2796
443 145 406 39 Bevillningsutskottets
876 146 219 32 betänkande
1119 157 44 21 nr
1187 148 52 31 57.
1577 149 19 30 9

80 227 132 30 fonden
232 228 54 30 för
305 228 173 39 reglering
497 238 43 20 av
559 229 308 39 utbetalningarna
886 239 44 21 av
950 230 449 32 kommunalskattemedel.
1420 232 66 30 Vid
1508 242 85 31 upp-

81 277 227 40 skattningen
329 287 41 21 av
392 279 362 31 bruttoinkomsterna
775 280 64 29 har
862 280 256 31 ämbetsverket
1138 281 71 30 viss
1233 282 210 39 vägledning
1464 292 41 21 av
1526 283 68 30 den

88 328 96 30 inom
214 329 120 31 verket
365 329 101 31 förda
497 330 383 39 uppbördsstatistiken
910 332 165 29 ävensom
1108 341 43 20 av
1182 332 411 41 generalpoststyrelsens

79 379 192 40 månatliga
291 381 182 38 rapporter
491 389 58 21 om
569 381 100 29 totalt
689 380 153 31 influten
862 382 104 31 skatt.
986 382 49 29 På
1055 382 171 39 grundval
1246 391 43 22 av
1309 383 155 30 nämnda
1485 385 108 28 mate-

79 429 64 30 rial
170 430 65 29 och
263 431 111 29 under
400 431 41 29 de
469 431 122 39 gjorda
618 432 246 39 antagandena
891 431 179 40 angående
1095 432 405 41 inkomstutvecklingen
1528 434 65 30 har

88 480 418 40 riksräkenskapsverket
533 481 136 31 kunnat
696 482 157 31 beräkna
880 483 205 39 uppbörden
1113 493 43 20 av
1181 484 206 39 preliminär
1416 484 95 30 skatt
1538 485 55 29 för

79 530 236 32 innevarande
337 532 229 39 uppbördsår.
588 532 429 41 Riksräkenskapsverket
1037 534 64 30 har
1122 534 114 39 utgått
1258 534 90 34 från,
1371 536 50 29 att
1444 535 149 30 bestäm-

86 582 173 30 melserna
279 591 57 21 om
355 583 102 30 ränta
478 583 19 30 å
517 583 232 30 kvarstående
769 584 94 29 skatt
881 584 70 30 kan
971 584 180 31 förväntas
1170 585 170 34 medföra,
1360 587 50 28 att
1432 586 68 29 den
1518 595 76 30 pre-

87 631 163 31 liminära
268 633 41 29 B-
327 633 63 29 och
413 633 180 30 C-skatten
611 629 159 34 kommer
789 636 51 27 att
857 634 47 31 bli
922 636 162 28 närmare
1102 636 176 39 anpassad
1297 635 51 30 till
1367 636 67 29 den
1452 636 141 39 slutliga

87 682 139 30 skatten
246 684 45 28 än
307 683 67 30 vad
393 683 147 39 tidigare
558 684 88 30 varit
664 684 109 32 fallet.
793 684 193 30 Resultatet
1004 695 42 20 av
1063 685 530 41 preliminärskatteuppbörden

86 731 54 31 för
162 733 254 39 uppbördsåret
440 733 150 35 1953/54
612 734 169 36 kommer,
806 734 107 40 enligt
935 735 66 29 vad
1025 735 257 30 ämbetsverket
1304 736 214 34 framhåller,
1542 738 50 28 att

86 783 113 29 starkt
219 783 171 39 påverkas
411 793 42 21 av
472 783 404 40 inkomstutvecklingen
897 785 110 30 under
1029 786 318 30 verksamhetsåret
1371 786 93 34 1953,
1486 787 106 29 vilket

86 834 86 28 även
191 834 106 38 gäller
315 834 42 30 de
374 834 111 30 under
505 834 204 39 budgetåret
729 834 151 36 1953/54
897 835 168 30 infallade
1081 836 58 30 två
1156 836 214 30 terminerna
1387 847 43 20 av
1446 837 146 30 nästföl-

84 883 107 39 jande
214 884 231 40 uppbördsår.
472 884 264 30 Ämbetsverket
760 885 64 30 har
851 885 54 30 för
931 885 220 31 sistnämnda
1177 887 220 39 uppbördsår
1424 888 167 29 förutsatt

85 934 214 30 oförändrad
321 934 348 40 uttagningsprocent
689 935 150 39 jämfört
858 936 79 30 med
956 936 38 30 år
1017 936 92 34 1953,
1130 937 32 30 d.
1182 947 30 19 v.
1235 946 25 20 s.
1284 938 60 30 110
1364 940 153 37 procent.
1538 938 53 29 In-

85 984 358 39 komstberäkningen
462 985 55 29 för
535 985 205 39 budgetåret
761 985 150 35 1953/54
929 986 111 30 måste
1059 987 107 39 enligt
1186 987 256 30 ämbetsverket
1462 988 130 40 inrym-

85 1044 56 21 ma
161 1035 197 39 betydande
376 1035 363 29 osäkerhetsmoment
757 1036 79 29 med
854 1036 138 39 hänsyn
1011 1037 53 29 till
1082 1037 199 29 ovissheten
1299 1038 222 30 beträffande
1541 1039 51 29 in-

84 1085 365 39 komstutvecklingen
467 1085 111 30 under
597 1085 57 30 det
671 1086 213 29 kommande
903 1086 83 29 året.

122 1135 429 39 Riksräkenskapsverket
570 1135 207 29 framhåller
791 1135 129 35 vidare,
939 1138 50 28 att
1006 1136 45 40 på
1070 1138 170 36 grundval
1259 1147 42 20 av
1322 1139 80 29 1951
1423 1139 56 30 års
1498 1141 92 28 taxe-

83 1186 78 37 ring
182 1187 47 28 ett
249 1186 124 39 belopp
396 1195 42 20 av
458 1186 11 29 i
489 1187 82 28 runt
591 1187 47 28 tal
662 1185 62 31 885
748 1186 164 39 miljoner
934 1187 130 30 kronor
1084 1187 165 40 påfördes
1273 1189 40 30 de
1334 1189 257 40 skattskyldiga

77 1236 117 30 såsom
213 1236 231 30 kvarstående
464 1236 104 35 skatt,
589 1236 127 30 medan
735 1239 48 28 ett
803 1237 124 40 belopp
948 1247 42 20 av
1009 1238 163 39 omkring
1192 1239 62 29 235
1276 1239 165 39 miljoner
1460 1240 129 30 kronor

85 1287 112 29 skulle
225 1287 219 30 återbetalas.
470 1287 116 39 Enligt
611 1296 41 21 av
679 1288 257 29 ämbetsverket
963 1288 80 29 från
1070 1289 293 39 länsstyrelserna
1387 1289 202 31 infordrade

85 1337 176 39 uppgifter
281 1337 133 40 uppgår
433 1338 67 29 den
518 1337 231 31 kvarstående
768 1338 139 30 skatten
924 1338 45 40 på
987 1341 112 36 grund
1120 1349 42 20 av
1184 1340 83 30 1952
1287 1340 56 30 års
1361 1341 158 39 taxering
1536 1341 54 30 till

82 1388 9 26 i
114 1390 83 26 runt
220 1388 49 29 tal
293 1388 63 29 830
380 1388 164 38 miljoner
566 1388 139 34 kronor,
729 1389 127 28 medan
879 1388 345 40 återbetalningarna
1247 1390 71 30 kan
1340 1391 173 30 beräknas
1536 1391 53 30 till

83 1438 161 39 omkring
268 1438 63 30 370
352 1438 164 39 miljoner
540 1438 138 29 kronor.
700 1439 76 29 Den
802 1438 147 30 sålunda
971 1438 174 36 inträdda,
1168 1440 53 29 till
1243 1441 163 39 omkring
1430 1441 60 30 135
1513 1442 72 28 mil-

80 1489 101 36 joner
199 1489 130 28 kronor
348 1488 205 39 uppgående
571 1488 177 39 ökningen
768 1498 42 20 av
829 1489 67 29 den
913 1489 275 39 överskjutande
1207 1491 139 30 skatten
1366 1491 10 29 i
1397 1491 192 30 förhållan-

75 1539 40 28 de
138 1539 52 28 till
213 1539 208 38 föregående
445 1538 48 34 år,
514 1539 99 29 beror
635 1539 107 29 bland
763 1542 109 27 annat
893 1539 45 39 på
959 1539 238 40 skärpningen
1221 1551 42 20 av
1284 1541 240 40 tabelluttaget
1547 1550 41 21 av

73 1589 205 38 preliminär
301 1589 140 29 A-skatt
464 1589 80 29 från
568 1590 64 29 och
655 1590 80 29 med
758 1589 38 30 år
822 1590 93 31 1951.
940 1590 122 30 Denna
1086 1591 193 39 skärpning
1304 1591 110 39 jämte
1437 1592 57 29 det
1519 1592 69 30 för-

83 1639 178 31 hållandet
280 1641 50 28 att
347 1640 197 39 betydande
562 1640 376 39 fyllnadsbetalningar
957 1650 41 20 av
1015 1641 205 39 preliminär
1240 1642 94 30 skatt
1351 1643 169 29 avseende
1537 1642 51 30 in-

74 1690 192 29 komståret
297 1690 93 34 1951,
417 1690 198 30 beräknade
643 1691 52 28 till
722 1690 10 29 i
760 1693 82 27 runt
871 1691 49 29 tal
946 1691 62 30 500
1037 1691 164 39 miljoner
1228 1692 140 34 kronor,
1396 1693 85 38 ägde
1508 1702 78 21 rum

82 1740 111 30 under
219 1741 107 29 våren
355 1741 82 29 1952
466 1741 53 29 till
546 1741 89 39 följd
662 1750 43 21 av
731 1741 312 30 bestämmelserna
1070 1750 56 21 om
1156 1743 103 29 ränta
1286 1743 44 39 på
1356 1743 232 30 kvarstående

75 1790 93 30 skatt
196 1790 176 30 förklarar
399 1792 96 32 även,
522 1792 50 28 att
600 1791 65 29 den
692 1791 232 30 kvarstående
954 1792 139 29 skatten
1126 1792 151 35 (brutto)
1310 1793 142 39 nedgått
1480 1793 11 29 i
1519 1794 69 29 för-

74 1840 163 30 hållande
256 1841 54 29 till
328 1841 208 39 föregående
553 1841 37 29 år
610 1843 87 27 trots
716 1843 51 28 att
784 1842 319 38 taxeringsutfallet
1121 1842 38 30 år
1182 1843 83 29 1952
1283 1843 146 30 innebar
1447 1853 42 20 en
1508 1853 79 30 syn-

81 1891 155 38 nerligen
255 1891 130 39 kraftig
402 1891 163 39 uppgång
582 1900 40 20 av
640 1891 94 30 såväl
754 1891 133 39 fysiska
904 1901 184 30 personers
1107 1901 75 20 som
1203 1892 214 40 aktiebolags
1434 1894 153 30 beskatt-

74 1941 188 38 ningsbara
291 1941 194 29 inkomster
512 1942 9 29 i
548 1941 205 39 jämförelse
778 1943 80 29 med
888 1942 80 29 1951
999 1942 56 29 års
1084 1942 168 39 taxering.
1281 1944 189 29 Sannolika
1501 1946 86 27 stor-

74 1990 99 29 leken
198 2000 41 19 av
263 1991 67 29 den
355 1991 230 30 kvarstående
611 1991 103 34 skatt,
740 2001 74 20 som
841 1992 70 29 kan
935 1992 140 31 komma
1104 1995 50 27 att
1178 1993 142 40 påföras
1345 1993 45 39 på
1416 1994 169 39 grundval

72 2049 41 21 av
140 2041 82 29 1953
249 2041 57 29 års
330 2041 168 39 taxering,
522 2042 64 29 har
610 2042 418 39 riksräkenskapsverket
1052 2061 44 3 —
1119 2044 111 28 under
1256 2043 254 40 förutsättning
1535 2046 50 28 att

72 2091 10 28 i
109 2091 110 29 likhet
247 2094 79 28 med
353 2092 73 30 året
452 2092 109 29 innan
591 2093 375 39 fyllnadsbetalningar
993 2093 158 30 kommer
1180 2096 50 27 att
1257 2095 62 37 äga
1347 2103 78 20 rum
1455 2095 9 28 i
1492 2095 93 38 bety-

72 2141 112 30 dande
209 2142 246 39 utsträckning
479 2160 32 3 —
547 2143 206 39 uppskattat
777 2143 52 29 till
858 2143 62 30 800
946 2143 20 29 å
992 2143 62 29 900
1080 2143 165 39 miljoner
1274 2144 139 29 kronor.
1441 2145 66 28 Till
1534 2144 50 29 in-

71 2191 203 30 komsterna
296 2192 19 29 å
335 2192 98 29 titeln
454 2192 98 34 skall,
575 2193 154 29 förutom
750 2195 47 27 ett
819 2193 258 39 jämförelsevis
1096 2194 138 29 mindre
1255 2194 124 40 belopp
1400 2194 10 29 i
1433 2195 150 29 tillkom-

71 2242 126 28 mande
225 2242 104 34 skatt,
357 2243 117 37 läggas
504 2243 64 28 den
595 2243 228 29 kommunala
851 2243 339 38 fastighetsskatten,
1217 2244 117 29 vilken
1363 2245 111 28 under
1500 2245 85 28 bud-

71 2291 130 38 getåret
226 2292 150 34 1952/53
399 2292 185 38 undergått
607 2302 41 19 en
672 2293 197 38 betydande
894 2293 153 38 stegring
1069 2293 11 28 i
1104 2293 221 30 förhållande
1350 2294 53 29 till
1427 2295 157 28 närmast

71 2341 208 38 föregående
306 2342 38 28 år
368 2342 51 28 till
447 2342 88 38 följd
563 2352 40 19 av
628 2342 107 38 höjda
763 2343 319 38 taxeringsvärden.
1109 2343 67 30 För
1201 2343 205 39 budgetåret
1435 2343 149 36 1953/54

71 2391 129 29 räknas
229 2393 79 28 med
335 2392 200 38 ytterligare
564 2392 162 39 stegring,
756 2392 125 31 främst
911 2393 170 31 beroende
1109 2393 44 39 på
1182 2394 85 36 höjd
1298 2394 204 29 kommunal
1531 2395 53 28 ut-

71 2441 194 39 debitering
293 2442 126 30 mellan
453 2442 77 29 1951
565 2443 61 28 och
660 2443 93 29 1952.
784 2443 124 29 Därtill
939 2443 157 29 kommer
1129 2443 361 39 skogsvårdsavgifter
1520 2444 63 30 och

78 2492 198 29 annuiteter
303 2494 90 27 samt
418 2492 195 39 inflytande
643 2493 196 30 restantier.
