1952 2822
377 157 105 28 Andra
506 158 186 28 kammarens
716 161 113 31 tredje
852 159 155 34 tillfälliga
1029 160 125 28 utskotts
1176 160 152 28 utlåtande
1350 161 44 27 Nr
1417 164 28 31 4.
1645 159 16 30 9

1507 304 67 33 Bil.
1600 308 29 29 4.

222 449 69 32 Till
318 450 209 38 Riksdagens
555 451 103 33 andra
686 452 183 32 kammares
898 453 102 40 tredje
1029 453 175 39 tillfälliga
1231 454 137 36 utskott.

223 537 123 33 Genom
373 538 158 33 skrivelse
558 539 61 32 den
648 541 40 31 16
716 540 147 33 februari
893 542 83 31 1929
1004 541 61 33 har
1091 542 160 32 utskottet
1278 543 104 32 berett
1408 543 147 34 Svenska
1580 545 87 38 järn-

182 582 276 40 vägsföreningen
480 583 138 34 tillfälle
641 589 49 28 att
712 585 168 33 inkomma
903 587 72 31 med
1000 587 153 38 yttrande
1177 592 76 28 över
1277 588 120 32 motion
1422 601 37 19 nr
1483 590 62 31 329
1571 591 98 37 angå-

175 627 79 33 ende
274 628 90 33 vissa
383 629 207 38 synpunkter
610 633 49 29 att
679 634 179 35 övervägas
879 631 57 32 vid
956 631 231 33 fastställande
1207 645 41 20 av
1269 645 45 27 ny
1334 637 78 29 taxa
1433 634 51 31 för
1504 638 163 35 transpor-

176 675 49 29 ter
249 674 20 31 å
293 676 123 30 statens
439 673 189 40 järnvägar,

220 716 206 40 Föreningen
451 718 61 33 har
538 719 86 39 tagit
650 719 52 33 del
728 732 41 21 av
796 720 163 33 motionen
985 721 111 39 ifråga
1122 722 59 32 och
1208 723 53 31 får
1287 723 12 31 i
1326 723 45 32 all
1396 723 130 33 korthet
1552 725 116 31 anföra

177 761 156 38 följande,

220 806 65 33 Det
315 807 215 43 taxeförslag,
563 821 68 20 som
663 821 41 21 av
737 809 128 40 Kungl.
897 810 318 40 järnvägsstyrelsen
1249 812 174 39 framlagts
1457 813 51 32 för
1541 813 126 40 Kungl.

176 851 112 39 Maj:t
311 852 58 33 och
394 865 69 20 som
487 853 136 33 innebär
646 866 39 20 en
710 855 86 39 årlig
821 855 424 40 nettoinkomstminskning
1271 857 51 32 för
1346 861 121 29 statens
1492 858 176 39 järnvägar

175 898 43 37 på
239 902 81 28 nära
340 909 57 21 sex
418 897 163 34 millioner
602 899 128 43 kronor,
752 900 62 32 har
834 900 37 38 ju
893 901 267 33 återremitterats
1182 902 53 31 till
1257 902 317 39 järnvägsstyrelsen
1597 904 70 32 med

176 941 142 38 begäran
339 954 52 20 om
413 947 76 34 nytt
511 943 135 43 förslag,
669 956 68 20 som
760 945 108 32 skulle
889 945 130 33 minska
1040 949 122 29 statens
1183 947 194 39 järnvägars
1398 948 177 32 inkomster
1597 949 70 32 med

176 986 194 39 ytterligare
392 999 65 21 c:a
479 989 57 31 två
558 988 59 32 och
641 1000 39 21 en
702 989 80 32 halv
804 989 164 33 millioner
990 991 127 35 kronor.

219 1030 120 33 Därest
362 1032 68 32 alla
452 1031 179 40 järnvägar
653 1033 13 32 i
689 1033 112 33 landet
823 1034 155 33 tillhörde
1001 1038 116 39 staten,
1142 1036 108 32 skulle
1273 1038 230 32 taxeväsendet
1525 1038 36 38 ju
1585 1038 82 32 kun-

176 1086 42 21 na
243 1075 118 33 ordnas
389 1077 45 41 så,
462 1080 50 29 att
537 1076 300 40 järnvägsrörelsen
861 1098 46 4 —
932 1079 108 33 därest
1067 1080 54 32 det
1145 1081 171 39 verkligen
1342 1082 95 32 lände
1462 1082 53 32 till
1541 1083 127 32 landets

176 1119 95 33 bästa
287 1140 45 3 —
349 1120 100 39 ginge
467 1122 73 32 med
559 1127 88 27 ännu
667 1126 102 29 större
788 1123 157 33 förluster
963 1129 41 27 än
1024 1125 61 31 den
1103 1136 45 20 nu
1167 1130 68 37 gör,
1256 1126 58 32 och
1334 1130 49 28 att
1402 1127 92 32 dessa
1514 1127 154 32 förluster

177 1164 92 39 finge
298 1168 138 30 ersättas
466 1178 42 20 av
537 1166 128 33 landets
694 1167 265 37 skattebetalare.
988 1168 56 33 Nu
1073 1174 55 28 äro
1158 1170 181 33 emellertid
1368 1171 150 39 omkring
1550 1173 117 40 10,000

175 1208 172 34 kilometer
375 1222 41 21 av
446 1209 151 41 Sveriges
625 1211 179 40 järnvägar
833 1213 12 31 i
875 1213 129 33 enskild
1033 1219 70 37 ägo,
1133 1215 116 32 medan
1278 1219 106 29 staten
1412 1221 77 34 äger
1517 1217 151 38 omkring

177 1254 96 41 6,000
294 1254 181 44 kilometer,
498 1256 59 32 och
578 1256 54 33 det
653 1256 53 33 får
725 1257 57 32 väl
803 1257 114 33 därför
938 1270 93 21 anses
1051 1271 80 21 vara
1152 1259 193 43 självfallet,
1367 1264 49 29 att
1438 1265 121 29 statens
1580 1262 86 38 järn-

174 1302 119 35 vägars
317 1302 81 30 taxa
419 1299 73 34 icke
515 1300 57 33 bör
595 1304 103 30 sättas
722 1302 116 32 alltför
862 1303 133 39 mycket
1017 1303 91 40 lägre
1132 1309 41 28 än
1197 1305 39 32 de
1260 1306 149 33 enskilda
1431 1306 235 39 järnvägarnas

174 1346 104 40 taxor,
305 1349 78 28 enär
409 1356 120 22 annars
556 1346 200 39 näringarna
781 1348 112 32 utmed
919 1348 39 32 de
983 1349 149 32 enskilda
1157 1349 223 40 järnvägarna
1406 1351 106 33 skulle
1536 1352 131 32 komma

174 1388 11 31 i
210 1389 181 39 väsentligt
414 1394 105 29 sämre
545 1391 160 39 ställning
730 1396 42 28 än
797 1392 201 39 näringarna
1021 1394 111 32 utmed
1157 1398 123 29 statens
1305 1395 186 40 järnvägar.
1517 1396 53 33 Då
1594 1397 71 32 där-

173 1433 55 32 till
248 1433 155 43 kommer,
427 1438 49 29 att
497 1438 122 30 statens
640 1435 195 40 järnvägars
857 1440 80 30 taxa
958 1442 82 28 även
1061 1443 36 27 är
1118 1440 283 43 samtrafikstaxa,
1424 1441 30 35 d.
1477 1453 31 23 v.
1531 1454 25 23 s.
1580 1442 86 31 skall

174 1477 169 40 tillämpas
365 1479 58 32 vid
445 1482 201 36 transporter
668 1485 75 28 över
765 1482 59 32 två
846 1482 79 32 eller
949 1482 85 33 flera
1054 1483 188 43 Järnvägar,
1266 1485 36 32 så
1324 1485 57 32 bör
1403 1486 36 37 ju
1462 1486 104 32 denna
1588 1490 78 28 taxa

173 1534 81 21 vara
278 1523 112 43 sådan,
416 1527 50 29 att
490 1524 29 39 ej
544 1525 39 33 de
606 1525 150 33 enskilda
781 1526 222 40 järnvägarna
1027 1528 122 39 nödgas
1176 1529 103 33 forsla
1303 1530 272 39 samtrafiksgods
1600 1535 66 28 mot

174 1579 76 21 rena
274 1568 253 38 driftförluster.

220 1612 243 35 Motionärerna
500 1614 188 44 framhålla,
726 1619 50 29 att
813 1617 170 39 »ensidiga
1019 1618 426 40 räntabilitetssynpunkter
1470 1621 78 32 böra
1573 1621 29 39 ej
1631 1622 35 31 få

173 1669 80 21 vara
275 1659 36 31 så
331 1658 209 34 uteslutande
561 1661 195 42 avgörande,
780 1664 50 29 att
849 1662 131 39 hänsyn
1002 1663 72 33 icke
1094 1664 44 38 på
1158 1676 125 21 samma
1304 1666 88 38 gång
1413 1669 91 35 tages
1526 1666 53 32 till
1601 1667 64 31 vad

173 1713 69 21 som
263 1702 206 34 ekonomiskt
490 1704 12 31 i
523 1707 82 30 stort
627 1708 64 29 sett
712 1710 36 27 är
770 1705 254 40 fördelaktigast
1047 1708 51 32 för
1120 1708 142 36 landet».

217 1746 206 40 Föreningen
446 1748 61 32 har
531 1749 180 33 emellertid
736 1750 62 32 den
821 1751 267 43 uppfattningen,
1113 1756 49 29 att
1186 1754 91 38 varje
1301 1756 282 37 transportrörelse
1608 1756 57 32 bör

173 1791 111 34 drivas
307 1793 45 42 så,
374 1796 50 29 att
446 1793 61 33 den
530 1794 204 33 ekonomiskt
755 1795 60 32 bär
837 1796 66 39 sig;
927 1796 74 33 sker
1022 1797 28 39 ej
1074 1798 89 33 detta
1184 1800 138 38 uppstår
1343 1811 40 21 en
1404 1796 259 50 kapitalförlust,

174 1848 68 21 som
268 1837 72 33 icke
365 1838 67 32 kan
458 1850 81 21 vara
563 1839 54 32 till
642 1851 89 28 gagn
758 1840 52 32 för
835 1853 78 21 vare
939 1842 52 39 sig
1016 1842 54 33 det
1096 1843 168 34 allmänna
1290 1845 78 32 eller
1395 1850 40 27 än
1461 1846 125 32 mindre
1613 1846 52 32 för

175 1881 61 32 den
264 1882 151 34 enskilda
441 1887 120 35 ägaren
588 1896 42 20 av
656 1886 340 39 transportföretaget.
1024 1886 115 34 Skulle
1167 1900 39 21 en
1232 1890 240 39 taxesänkning
1500 1891 51 31 för
1578 1891 85 38 järn-

172 1931 147 34 vägarna
340 1932 96 34 göras
458 1930 37 31 så
515 1928 139 43 kraftig,
677 1933 50 29 att
745 1930 299 40 järnvägsrörelsen
1066 1933 98 39 ginge
1186 1934 73 33 med
1280 1946 56 21 ren
1359 1935 127 42 förlust,
1510 1937 36 31 så
1568 1936 96 32 borde

177 1971 104 39 enligt
308 1972 208 40 föreningens
544 1974 218 40 uppfattning
789 1979 106 29 staten
922 1980 122 30 ersätta
1069 1978 222 39 järnvägarna
1319 1980 103 32 denna
1451 1981 127 41 förlust,
1606 1981 58 32 och

174 2016 89 33 detta
292 2029 75 21 vore
398 2018 29 38 ej
458 2018 84 33 blott
571 2021 338 33 överensstämmande
939 2023 72 31 med
1042 2023 61 32 den
1134 2023 87 33 fulla
1252 2024 176 33 rättvisans
1459 2025 92 42 krav,
1584 2030 80 28 utan

172 2061 110 33 kunde
313 2066 82 28 även
423 2074 82 21 vara
535 2063 81 33 fullt
645 2064 214 43 försvarbart,
890 2077 51 21 om
972 2067 161 33 förlusten
1161 2069 220 33 motsvarades
1412 2082 40 20 av
1484 2071 83 31 »vad
1596 2083 68 20 som

173 2105 205 34 ekonomiskt
403 2112 36 27 är
466 2107 254 40 fördelaktigast
745 2110 52 32 för
821 2110 142 36 landet».

219 2150 205 40 Föreningen
444 2151 124 34 tvivlar
588 2153 81 32 dock
688 2154 53 42 på,
762 2157 50 29 att
831 2154 192 40 Riksdagen
1044 2161 36 28 är
1098 2157 146 39 benägen
1266 2158 50 32 för
1337 2162 49 29 att
1405 2160 92 31 anslå
1517 2160 146 32 tillräck-

172 2194 70 39 liga
263 2196 104 32 medel
387 2196 54 32 till
464 2208 38 21 en
525 2197 101 33 sådan
647 2198 183 40 ersättning
852 2200 35 31 åt
907 2200 231 40 järnvägarna.

217 2239 243 35 Motionärerna
486 2246 56 28 äro
569 2241 205 34 framförallt
799 2244 160 33 talesmän
987 2246 53 32 för
1066 2246 170 34 minskade
1264 2248 126 33 frakter
1418 2250 33 31 åt
1476 2249 187 38 jordbruks-

171 2284 179 38 produkter
372 2298 73 20 men
467 2298 76 21 anse
565 2292 81 28 även
669 2291 49 29 att
740 2300 60 21 »en
822 2289 130 40 kraftig
973 2290 123 33 allmän
1118 2292 223 40 nedskärning
1363 2306 40 20 av
1426 2294 237 33 fraktsatserna

173 2334 36 27 är
235 2330 207 40 nödvändig»
470 2332 59 32 och
557 2332 38 33 de
622 2344 100 28 synas
748 2346 81 20 vara
855 2335 157 33 trosvissa
1036 2337 53 41 på,
1117 2340 50 29 att
1193 2338 89 32 detta
1307 2339 106 32 skulle
1439 2340 224 32 åstadkomma

172 2386 40 20 en
238 2375 102 33 sådan
368 2376 125 40 ökning
519 2377 12 32 i
558 2379 368 39 transportmängderna
952 2381 59 32 och
1038 2381 191 40 minskning
1256 2395 41 20 av
1325 2384 261 43 arbetslösheten,
1615 2389 49 28 att

173 2419 54 33 det
249 2432 68 21 mer
339 2425 42 28 än
403 2422 56 31 väl
481 2421 149 34 betalade
653 2422 52 40 sig
726 2424 44 38 på
791 2424 80 39 lång
892 2424 77 37 sikt,

214 2486 119 35 Bihang
357 2487 47 29 till
427 2488 171 36 riksdagens
618 2490 145 35 protokoll
786 2492 90 27 1929.
903 2493 37 26 13
964 2492 82 28 saml.
1072 2495 17 26 3
1114 2493 64 28 avd.
1202 2491 17 30 4
1245 2494 75 34 häft.
1345 2495 58 34 (Nr
1425 2494 42 36 4).
1650 2499 17 24 2
