1878 2844
519 166 294 34 Statsutskottets
836 163 188 34 utlåtande
1046 163 53 33 Nr
1127 163 52 32 30.
1537 159 17 32 3

778 404 58 41 Nr
863 404 63 43 30.

543 525 109 24 Ankom
672 524 43 25 till
734 523 165 32 riksdagens
918 523 91 25 kansli
1030 522 55 25 den
1105 523 31 23 23
1156 522 122 25 februari
1301 522 65 24 1934
1385 521 36 24 kl.
1442 523 15 21 2
1477 528 23 17 e.
1519 528 38 17 m.

201 610 196 33 Utlåtande
422 611 13 30 i
461 609 195 37 anledning
683 618 46 22 av
754 608 135 38 Kungl.
914 608 130 36 Maj:ts
1068 606 222 38 proposition
1316 605 184 38 angående
1527 605 70 36 för-

399 662 190 37 stärkning
607 671 45 22 av
670 661 111 36 femte
800 659 249 32 huvudtitelns
1069 658 124 38 anslag
1214 658 57 32 till
1290 657 225 31 kommittéer
1533 656 66 32 och

399 714 239 37 utredningar
654 721 126 29 genom
799 711 236 38 sakkunniga.

1374 768 68 37 (3:e
1462 768 94 37 avd.)

141 882 18 31 I
178 891 45 22 en
242 881 59 32 till
321 880 192 38 riksdagen
535 880 154 36 avlåten,
712 879 68 32 den
800 879 19 31 9
840 878 160 32 februari
1021 878 80 32 1934
1122 876 225 38 dagtecknad
1366 874 232 39 proposition,

102 944 44 21 nr
170 934 67 36 116,
263 933 68 31 har
356 932 133 38 Kungl.
513 932 122 37 Maj:t,
660 931 114 32 under
801 930 224 37 åberopande
1054 939 46 21 av
1123 929 115 37 bilagt
1265 928 131 37 utdrag
1420 938 47 21 av
1494 928 104 31 stats-

102 984 298 38 rådsprotokollet
428 987 85 29 över
542 983 269 32 socialärenden
838 983 56 31 för
919 991 138 22 samma
1084 981 78 37 dag,
1192 980 187 37 föreslagit
1405 979 194 37 riksdagen

102 1037 175 37 medgiva,
302 1037 55 31 att
382 1036 55 32 för
463 1035 249 37 förstärkning
737 1045 48 21 av
808 1034 59 31 det
891 1034 113 31 under
1031 1033 108 31 femte
1163 1032 232 32 huvudtiteln
1418 1031 182 37 uppförda

102 1088 403 37 reservationsanslaget
531 1087 60 32 till
615 1087 227 31 kommittéer
870 1087 63 30 och
956 1085 238 36 utredningar
1221 1093 127 28 genom
1371 1083 229 37 sakkunniga

102 1142 59 30 må
186 1140 57 32 till
269 1139 157 33 nämnda
451 1139 127 38 anslag
602 1139 184 31 överföras
814 1138 74 31 dels
914 1138 83 31 från
1023 1137 60 31 det
1108 1137 54 31 för
1189 1136 213 37 budgetåret
1426 1133 174 37 1982/1933

102 1192 165 32 anvisade
287 1184 405 54 reservationsanslaget
715 1190 59 32 till
794 1189 195 38 utredning
1011 1188 184 38 angående
1215 1188 184 31 allmänna
1418 1186 181 38 pensions-

104 1244 251 38 försäkringen
382 1244 65 32 den
473 1243 57 33 del
553 1254 47 21 av
625 1242 219 32 sistberörda
868 1242 136 37 anslag,
1030 1251 77 21 som
1131 1240 78 32 icke
1232 1239 181 32 erfordras
1439 1239 58 32 för
1521 1239 78 31 där-

102 1297 80 32 med
204 1297 118 31 avsett
346 1295 176 37 ändamål,
546 1295 75 32 dels
642 1295 65 31 ock
731 1295 84 31 från
838 1294 58 31 det
919 1294 55 31 för
998 1292 213 38 budgetåret
1235 1290 171 37 1933/1934
1427 1290 173 32 anvisade

103 1348 318 38 förslagsanslaget
442 1348 58 31 till
521 1346 231 33 oförutsedda
773 1346 154 37 utgifter
947 1346 51 30 ett
1019 1345 127 36 belopp
1169 1355 46 21 av
1236 1343 129 37 100,000
1383 1343 140 31 kronor.

142 1451 82 33 Med
240 1451 257 36 tillstyrkande
514 1461 46 21 av
580 1450 104 31 bifall
703 1450 58 31 till
780 1449 134 37 Kungl.
933 1449 130 36 Maj:ts
1082 1448 134 37 förslag
1237 1448 58 30 får
1314 1447 174 31 utskottet
1505 1447 94 31 hem-

101 1504 115 36 ställa,

542 1573 55 30 att
622 1570 193 38 riksdagen
839 1572 57 30 må
920 1570 178 38 medgiva,
1121 1570 52 31 att
1198 1570 56 31 för
1280 1568 248 37 förstärkning
1554 1578 46 21 av

501 1623 59 32 det
604 1623 112 32 under
754 1623 110 31 femte
888 1621 233 33 huvudtiteln
1144 1620 180 38 uppförda
1346 1620 254 31 reservations-

501 1675 163 38 anslaget
688 1675 60 31 till
771 1674 226 32 kommittéer
1021 1674 67 31 och
1111 1672 235 38 utredningar
1372 1681 127 28 genom
1523 1672 77 31 sak-

502 1727 163 37 kunniga
706 1728 60 31 må
798 1726 60 32 till
880 1726 157 32 nämnda
1061 1725 125 38 anslag
1209 1725 185 32 överföras
1419 1724 74 32 dels
1517 1724 83 31 från

502 1779 60 32 det
587 1780 56 31 för
665 1779 215 37 budgetåret
904 1777 174 36 1932/1933
1102 1777 171 32 anvisade
1298 1776 302 32 reservationsan-

502 1832 116 37 slaget
644 1831 57 31 till
724 1830 195 38 utredning
943 1830 185 38 angående
1152 1829 184 32 allmänna
1361 1828 239 38 pensionsför-

502 1883 195 37 säkringen
718 1882 68 32 den
807 1882 57 31 del
885 1892 46 21 av
952 1881 219 32 sistberörda
1193 1881 137 37 anslag,
1352 1890 74 22 som
1448 1880 78 32 icke
1549 1890 51 22 er-

503 1934 142 32 fordras
668 1935 56 30 för
745 1934 147 31 därmed
913 1934 118 30 avsett
1055 1932 176 37 ändamål,
1253 1932 74 31 dels
1350 1932 65 31 ock
1435 1932 85 31 från
1542 1931 58 32 det

503 1987 56 31 för
580 1986 214 37 budgetåret
814 1984 172 36 1933/1934
1007 1984 172 32 anvisade
1201 1983 320 38 förslagsanslaget
1543 1983 54 31 till

502 2037 231 32 oförutsedda
756 2036 153 37 utgifter
933 2038 51 29 ett
1008 2036 128 36 belopp
1162 2047 45 20 av
1228 2035 128 36 100,000
1379 2036 141 31 kronor.

144 2109 201 31 Stockholm
366 2109 65 31 den
452 2108 37 30 23
512 2107 157 31 februari
692 2106 87 31 1934.

580 2210 52 31 På
654 2209 284 33 statsutskottets
962 2211 152 35 vägnar:

611 2296 189 31 ANDERS
821 2295 267 32 ANDERSON.

147 2455 197 25 Närvarande:
363 2462 27 16 se
410 2453 89 24 under
521 2452 145 25 utlåtande
687 2460 33 16 nr
741 2454 41 22 29.
