1876 2772
269 164 21 30 4
628 169 452 34 Konstitutionsutskottets
1102 172 178 33 utlåtande
1302 185 43 20 nr
1367 176 29 29 6.

269 245 236 41 arbetstagare
541 266 45 3 —
624 251 50 29 att
710 250 275 31 kommunernas
1012 253 492 40 arbetsgivarorganisationer
1531 256 76 31 icke
1634 258 121 29 kunna

268 298 113 31 träffa
399 300 54 29 för
471 301 276 33 medlemmarna
765 303 176 31 bindande
962 306 224 38 uppgörelser
1204 307 57 30 vid
1281 307 369 41 förhandlingsbordet
1670 312 85 28 utan

267 351 127 31 endast
422 354 226 38 preliminära
678 356 366 32 överenskommelser.
1075 359 77 29 Den
1181 360 196 39 delegation
1407 371 42 21 av
1477 362 278 32 beslutanderätt

269 413 78 21 som
369 406 106 39 enligt
496 407 161 39 gällande
679 409 69 30 rätt
769 410 72 29 kan
865 410 218 31 förekomma
1105 412 11 29 i
1140 413 168 30 samband
1332 415 79 29 med
1434 415 229 31 kommunala
1686 417 69 29 för-

267 458 211 40 handlingar
504 461 38 29 är
568 461 222 31 uteslutande
817 472 43 21 av
887 464 112 30 intern
1026 467 121 28 natur:
1175 475 43 20 en
1243 466 207 31 kommunal
1477 469 277 39 representation

267 511 73 29 kan
361 511 31 40 ej
416 513 179 39 uppdraga
615 514 36 30 åt
672 524 117 21 annan
810 517 46 29 än
877 516 205 33 kommunal
1104 519 131 29 nämnd
1260 519 100 33 (eller
1382 522 220 30 motsvarade
1624 523 124 39 organ)

267 565 52 28 att
353 565 104 30 utöva
489 566 277 32 beslutanderätt
799 569 12 29 i
844 569 209 31 hithörande
1089 571 126 39 frågor.

311 617 139 40 Frågan
473 628 57 21 om
556 629 84 20 man
665 629 123 31 genom
814 622 219 41 lagstiftning
1058 624 107 30 borde
1189 625 116 31 införa
1330 627 71 29 rätt
1427 627 54 30 för
1505 628 173 30 kommun
1703 630 50 28 att

266 670 209 41 bemyndiga
495 672 328 32 kommunförbund
844 676 83 29 eller
948 676 166 31 liknande
1137 679 318 40 sammanslutning
1478 682 50 28 att
1549 681 10 29 i
1583 682 169 29 samband

265 724 81 29 med
363 724 265 41 förhandlingar
644 727 108 30 träffa
768 728 54 30 för
838 729 217 30 kommunen
1069 730 175 31 bindande
1260 733 223 38 avgöranden
1498 733 11 29 i
1525 734 94 30 vissa
1635 735 117 38 frågor

271 776 44 33 (s.
340 777 35 29 k.
400 779 119 29 extern
542 779 304 40 delegationsrätt)
876 783 64 28 har
963 783 45 39 på
1033 792 122 22 senare
1179 784 50 30 tid
1253 784 208 32 behandlats
1486 786 88 30 både
1600 797 42 20 av
1668 787 83 30 1948

264 829 58 30 års
350 830 521 41 förhandlingsrättskommitté
896 836 63 29 och
987 845 41 21 av
1054 836 505 41 kommunallagskommittén.
1587 840 49 30 De
1662 840 89 30 båda

265 882 270 32 kommittéerna
558 886 47 29 ha
628 886 121 30 därvid
772 887 151 31 kommit
946 888 51 30 till
1020 889 96 32 olika
1140 890 192 30 slutsatser.

742 1019 531 42 Förhandlingsrättskommittén.

308 1105 80 30 Med
412 1107 76 29 stöd
511 1117 43 20 av
577 1108 126 40 Kungl.
727 1109 125 39 Maj:ts
876 1110 277 40 bemyndigande
1177 1112 66 30 den
1267 1113 40 30 23
1333 1114 89 39 april
1450 1114 81 30 1948
1557 1115 192 31 tillkallade

263 1158 128 30 chefen
411 1159 53 30 för
485 1160 386 41 socialdepartementet
891 1163 67 30 den
978 1164 40 29 30
1039 1164 81 39 juni
1142 1174 133 21 samma
1296 1166 39 30 år
1357 1167 223 40 sakkunniga
1599 1186 45 3 —
1666 1168 83 30 1948

262 1211 58 30 års
344 1212 521 41 förhandlingsrättskommitté
887 1234 44 3 —
952 1217 54 29 för
1029 1217 187 41 utredning
1238 1228 42 21 av
1303 1219 126 40 frågan
1450 1230 57 20 om
1529 1221 128 39 vidgad
1681 1222 68 29 för-

261 1264 260 41 handlingsrätt
560 1267 55 30 för
654 1269 101 29 stats-
791 1269 66 29 och
884 1269 382 33 kommunalanställda
1292 1272 227 40 tjänstemän,
1547 1274 96 31 vilka
1669 1284 80 21 vore

263 1318 258 31 underkastade
547 1320 274 36 ämbetsansvar,
850 1324 90 28 saml
964 1323 145 30 därmed
1136 1326 345 39 sammanhängande
1508 1327 129 39 frågor.

308 1371 12 29 I
344 1371 61 30 sitt
426 1372 66 29 den
513 1372 38 30 31
577 1373 180 30 december
782 1375 81 29 1951
889 1375 144 39 avgivna
1054 1377 220 31 betänkande
1297 1388 58 20 om
1379 1381 100 28 stats-
1500 1381 66 28 och
1589 1380 160 30 kommu-

262 1424 295 39 naltjänstemäns
587 1426 317 40 förhandlingsrätt
937 1429 100 33 (SOU
1069 1430 99 30 1951:
1198 1431 58 34 54)
1289 1432 66 29 har
1383 1432 211 30 kommittén
1623 1434 126 29 uttalat

260 1479 50 28 ett
332 1477 150 31 bestämt
505 1479 183 30 önskemål
711 1490 56 20 om
791 1483 52 28 att
865 1482 183 39 möjlighet
1071 1483 52 30 till
1147 1485 119 28 extern
1289 1484 196 39 delegation
1508 1486 55 30 för
1587 1486 161 30 kommu-

261 1539 112 21 nerna
397 1532 132 38 öppnas
554 1533 66 29 och
645 1534 86 29 även
756 1534 177 30 utarbetat
957 1535 131 40 förslag
1113 1536 52 31 till
1191 1537 151 30 särskild
1367 1538 56 39 lag
1447 1538 11 29 i
1483 1539 129 30 ämnet.

304 1583 227 32 Beträffande
561 1585 42 30 de
633 1587 128 29 mellan
789 1587 258 31 kommunerna
1076 1590 65 29 och
1170 1589 99 31 deras
1300 1591 216 38 tjänstemän
1547 1592 103 31 förda
1679 1593 69 29 för-

259 1637 258 40 handlingarna
533 1647 105 21 anser
653 1639 212 31 kommittén
881 1641 57 30 det
953 1650 83 22 vara
1054 1642 134 39 tydligt,
1206 1644 50 29 att
1273 1643 269 32 förhållandena
1559 1646 187 30 tenderade

259 1691 51 28 att
337 1691 160 30 utveckla
523 1691 52 40 sig
602 1694 74 27 mot
703 1702 134 22 samma
862 1694 150 41 ordning
1039 1704 76 20 som
1142 1705 79 21 vore
1247 1697 161 38 gällande
1436 1698 53 29 för
1516 1699 69 29 den
1610 1699 137 39 privata

258 1743 339 32 arbetsmarknaden
625 1746 80 29 med
732 1746 354 40 riksorganisationer
1116 1758 75 20 som
1219 1750 275 31 avtalsslutande
1522 1753 130 38 parter.
1682 1752 64 30 Det

260 1798 120 37 syntes
399 1797 118 30 därför
535 1798 212 31 kommittén
765 1809 77 20 som
860 1809 57 20 om
936 1800 96 30 tiden
1050 1801 113 30 skulle
1182 1811 82 21 vara
1283 1811 126 31 mogen
1428 1806 50 27 att
1497 1804 127 30 bereda
1643 1805 103 39 laglig

258 1849 185 39 möjlighet
467 1850 54 30 för
545 1851 70 29 den
638 1852 171 30 kommun
834 1862 98 21 som
957 1854 48 29 så
1029 1853 124 31 ville
1179 1857 49 28 att
1251 1855 269 41 befullmäktiga
1544 1867 44 20 en
1613 1859 132 29 central

257 1902 207 31 kommunal
490 1904 240 39 organisation
756 1907 51 28 att
835 1906 55 30 för
915 1906 235 32 kommunens
1176 1908 150 41 räkning
1354 1910 92 29 sluta
1471 1910 273 31 kollektivavtal.

257 1955 213 39 Därigenom
498 1957 113 30 skulle
641 1958 106 39 enligt
775 1958 210 31 kommittén
1015 1960 294 40 förutsättningar
1339 1962 128 40 skapas
1497 1963 55 29 för
1582 1965 52 28 att
1662 1965 82 38 göra

258 2009 408 40 anställningsvillkoren
688 2011 11 29 i
722 2012 207 30 kommunal
952 2012 112 40 tjänst
1087 2023 97 20 mera
1207 2014 212 40 likformiga,
1443 2015 106 31 vilket
1573 2017 11 29 i
1610 2017 55 30 sin
1688 2019 57 28 tur

255 2061 115 30 skulle
405 2063 199 30 underlätta
639 2064 269 39 möjligheterna
943 2065 54 30 för
1031 2066 42 30 de
1108 2067 228 31 kommunala
1370 2068 373 40 befattningshavarna

258 2116 50 28 att
326 2115 126 39 övergå
468 2115 80 30 från
565 2116 113 39 tjänst
695 2117 62 30 hos
775 2126 43 21 en
836 2118 171 30 kommun
1024 2119 53 30 till
1096 2129 43 20 en
1157 2129 126 21 annan.
1303 2121 126 30 Vidare
1448 2122 112 30 skulle
1578 2122 167 31 förhand-

255 2168 364 39 lingsverksamheten
644 2170 262 31 rationaliseras
932 2173 63 29 och
1022 2173 241 30 arbetsfreden
1288 2174 125 30 lättare
1441 2175 121 31 kunna
1588 2176 155 30 bevaras.

299 2221 561 41 Förhandlingsrättskommittén
890 2225 198 31 diskuterar
1118 2227 152 31 därefter
1300 2229 41 29 de
1372 2229 267 40 invändningar,
1671 2239 74 21 som

254 2274 120 31 kunde
392 2276 122 30 väntas
534 2279 73 27 mot
627 2286 43 21 en
690 2278 130 29 reform
839 2279 12 29 i
872 2279 130 40 antydd
1022 2280 158 40 riktning
1200 2282 78 29 med
1299 2281 138 41 hänsyn
1457 2283 128 34 därtill,
1607 2286 51 28 att
1677 2283 67 30 den

254 2328 99 30 stode
381 2330 10 29 i
417 2329 85 31 strid
528 2332 81 28 med
635 2332 66 29 den
727 2331 229 32 kommunala
983 2332 280 41 självstyrelsens
1290 2335 66 29 idé.
1395 2335 215 31 Kommittén
1638 2336 107 29 fram-

253 2381 113 30 håller
383 2382 225 36 härutinnan,
626 2384 105 31 bland
749 2387 119 32 annat,
887 2387 49 29 att
954 2386 99 40 fråga
1071 2387 124 30 endast
1212 2397 79 21 vore
1311 2398 57 20 om
1386 2398 42 21 en
1447 2389 295 40 delegationsrätt,

253 2435 77 29 icke
347 2437 49 28 ett
413 2436 329 41 delegationstvång.
759 2438 225 31 Fullmakten
1001 2440 52 30 till
1072 2441 67 29 den
1157 2441 152 31 centrala
1328 2442 284 39 organisationen
1631 2442 111 31 skulle

252 2487 124 32 kunna
395 2488 187 40 begränsas
602 2491 209 39 exempelvis
832 2492 52 30 till
904 2493 90 30 vissa
1014 2493 181 31 bestämda
1214 2495 263 40 frågekomplex
1496 2495 84 31 eller
1600 2496 52 29 till
1673 2497 70 30 viss
