1901 2828
294 215 17 28 8
608 206 404 33 Konstitutionsutskottets
1028 207 166 32 memorial
1210 217 37 21 nr
1261 207 43 32 42
1323 207 35 31 år
1376 206 88 33 1970

293 290 174 40 nedbringa
487 289 235 32 remisstiderna
743 294 44 27 att
807 290 62 30 viss
890 290 44 31 tid
953 289 51 37 för
1022 289 175 38 avgivande
1215 299 39 21 av
1272 299 72 21 svar
1364 298 95 30 anges
1478 289 11 31 i
1508 290 99 30 större
1626 287 154 32 utsträck-

293 344 74 40 ning
389 346 39 29 än
448 345 62 30 vad
530 344 51 31 för
600 344 197 31 närvarande
817 353 91 31 synes
927 353 76 22 vara
1022 343 96 32 fallet.
1137 343 163 32 Utskottet
1317 342 50 32 får
1384 343 112 31 härvid
1516 343 102 31 erinra
1636 351 53 22 om
1708 347 45 26 att
1770 342 11 31 i

292 399 55 31 det
363 399 119 40 förslag
496 399 47 31 till
559 398 269 40 förvaltningslag,
844 408 73 22 som
933 399 113 30 härom
1064 398 66 31 året
1146 398 173 32 utarbetats
1337 399 88 31 inom
1442 397 339 41 justitiedepartemen-

292 457 53 32 tet,
364 453 125 39 intagits
506 452 160 31 föreskrift
684 457 44 26 att
744 453 214 30 remissbeslut
974 451 89 38 skall,
1080 461 54 22 om
1151 452 53 31 det
1220 452 27 39 ej
1266 453 34 29 är
1316 451 192 39 obehövligt,
1526 450 159 32 innehålla
1700 460 81 30 upp-

291 507 57 40 gift
360 506 42 32 bl.
416 516 28 22 a.
459 516 53 21 om
525 506 62 32 den
600 506 46 32 tid
657 507 88 31 inom
758 506 105 32 vilken
875 516 71 22 svar
959 506 126 31 önskas.

337 561 120 31 Vidare
479 560 49 32 får
549 561 161 37 utskottet,
735 561 10 31 i
769 561 168 39 anledning
960 570 39 21 av
1021 561 40 31 de
1084 560 111 40 gjorda
1217 560 249 40 iakttagelserna,
1490 559 208 40 understryka
1719 558 62 32 vad

293 616 153 30 utskottet
463 615 132 40 tidigare
613 615 172 31 framhållit
801 624 54 23 om
872 615 108 31 vikten
998 624 38 22 av
1054 619 45 26 att
1116 615 129 37 effektiv
1265 615 102 38 tillsyn
1385 614 72 31 sker
1474 613 71 32 från
1562 614 219 40 departemen-

294 675 68 25 tens
382 669 69 31 sida
470 671 76 29 över
564 674 44 26 att
626 670 168 30 remissvar
812 678 93 31 avges
924 670 87 30 inom
1030 669 143 39 förelagd
1190 669 76 31 eller
1284 668 89 40 eljest
1390 668 99 40 skälig
1506 668 54 32 tid.
1580 669 50 30 En
1648 668 133 31 förbätt-

293 725 68 39 ring
382 733 38 22 av
441 723 266 32 arbetsrutinerna
726 724 10 30 i
755 724 86 31 detta
859 723 181 32 hänseende
1059 723 101 32 skulle
1177 723 96 40 enligt
1291 723 167 31 utskottets
1476 722 129 40 mening
1622 722 65 32 helt
1705 722 77 31 visst

293 779 112 39 utgöra
426 783 43 27 ett
489 777 160 32 verksamt
670 778 51 31 led
743 778 10 31 i
775 777 209 32 strävandena
1006 782 44 27 att
1070 777 140 31 undvika
1231 777 138 40 onödiga
1389 775 152 41 dröjsmål
1561 776 74 31 med
1656 776 125 31 remiss-

291 832 241 40 behandlingen.

339 886 14 29 I
374 885 62 31 den
456 885 134 39 samling
610 886 144 38 exempel
773 885 42 39 på
837 886 294 39 anmärkningsvärt
1151 886 94 39 långa
1265 887 201 36 remisstider,
1490 896 70 21 som
1580 886 88 39 ingår
1689 886 11 30 i
1721 886 62 30 den

291 939 53 31 vid
361 940 196 31 memorialet
573 940 101 31 under
689 940 104 31 denna
809 940 101 40 punkt
926 940 115 40 fogade
1059 940 134 41 bilagan,
1212 942 107 38 utgörs
1335 941 136 31 flertalet
1486 941 57 31 fall
1557 951 41 21 av
1613 941 168 31 remissvar

291 992 71 36 från
388 998 119 25 statens
533 993 161 38 planverk.
723 993 225 31 Förhållandet
974 1003 91 30 synes
1090 993 127 40 påkalla
1243 994 134 31 särskild
1401 993 283 41 uppmärksamhet
1709 993 73 31 med

293 1047 122 39 hänsyn
435 1047 45 31 till
499 1047 252 40 planärendenas
771 1048 67 30 ofta
857 1052 86 26 stora
960 1047 210 31 ekonomiska
1187 1047 160 40 betydelse
1365 1048 51 31 för
1434 1049 73 30 dem
1526 1057 71 22 som
1614 1048 109 30 berörs
1743 1056 39 22 av

294 1101 168 31 ärendena.
483 1101 76 30 Som
577 1102 146 30 närmare
742 1100 138 41 framgår
899 1111 39 21 av
954 1102 63 30 vad
1035 1111 69 21 som
1123 1102 184 31 antecknats
1325 1103 10 30 i
1353 1102 137 31 berörda
1507 1101 105 41 bilaga
1628 1102 58 30 har
1703 1101 79 31 riks-

293 1155 117 39 dagens
430 1155 154 30 revisorer
602 1155 11 30 i
633 1164 39 21 en
690 1155 126 39 nyligen
834 1155 45 31 till
896 1155 238 31 vederbörande
1153 1155 309 40 departementschef
1478 1156 208 31 överlämnad
1704 1155 78 31 skri-

292 1208 84 31 velse
399 1208 99 31 redan
519 1208 63 31 fäst
604 1208 323 41 uppmärksamheten
948 1208 41 41 på
1011 1208 212 33 förhållandet
1244 1210 62 30 och
1326 1209 42 41 på
1390 1209 267 40 angelägenheten
1678 1218 39 23 av
1738 1213 45 27 att

293 1262 40 31 de
352 1261 93 41 långa
464 1262 122 31 tiderna
605 1262 51 31 för
675 1262 168 31 remissvar
861 1261 71 32 från
951 1267 117 27 statens
1085 1263 153 39 planverk
1256 1273 115 30 genom
1391 1262 85 33 olika
1496 1263 144 40 åtgärder
1658 1264 124 30 väsent-

293 1316 55 39 ligt
371 1315 199 40 nedbringas.
596 1316 79 30 Med
697 1316 124 39 hänsyn
843 1317 104 30 härtill
972 1326 91 22 anser
1085 1317 47 40 sig
1153 1318 153 30 utskottet
1327 1336 46 4 —
1396 1318 74 30 med
1495 1317 220 32 antecknande
1739 1322 45 26 att

293 1368 183 40 regeringen
496 1369 10 30 i
527 1369 411 40 statsverkspropositionen
957 1370 162 40 föreslagit
1139 1370 63 31 viss
1223 1370 215 41 förstärkning
1459 1380 39 22 av
1519 1371 191 39 personalen
1731 1371 53 30 vid

293 1422 194 40 planverket,
507 1422 97 31 vilket
622 1423 119 39 förslag
759 1423 126 39 nyligen
902 1423 129 31 bifallits
1052 1433 38 22 av
1109 1423 169 40 riksdagen
1295 1443 46 4 —
1359 1425 108 30 kunna
1486 1424 75 40 utgå
1580 1424 72 32 från
1672 1429 45 26 att
1736 1433 48 22 er-

293 1476 170 39 forderliga
480 1476 145 39 åtgärder
640 1477 10 30 i
666 1477 87 30 detta
768 1477 81 39 syfte
865 1477 98 31 också
979 1477 146 31 kommer
1141 1482 45 26 att
1200 1477 112 31 vidtas.

292 1612 32 30 3.
371 1611 164 41 Dröjsmål
547 1613 74 30 med
632 1613 104 30 beslut
748 1613 11 30 i
771 1614 228 39 partsärenden
1012 1614 79 30 efter
1104 1614 144 30 avslutad
1262 1614 304 39 remissbehandling
1608 1614 68 37 (1:a
1695 1614 87 37 avd.)

339 1694 54 30 Ett
416 1698 95 26 annat
534 1693 156 41 spörsmål
712 1703 69 22 som
802 1694 151 32 utskottet
975 1693 34 32 år
1034 1694 83 31 1968
1139 1699 55 35 tog
1213 1704 66 31 upp
1299 1695 11 30 i
1330 1694 156 32 samband
1505 1694 74 31 med
1601 1695 61 31 den
1682 1694 101 31 under

294 1746 193 40 föregående
503 1746 103 41 punkt
621 1747 141 31 nämnda
779 1747 233 40 granskningen
1030 1757 39 21 av
1085 1748 307 40 remissbehandling
1408 1749 62 31 och
1488 1748 295 40 handläggningstid

295 1800 95 40 avsåg
408 1800 112 40 frågan
537 1811 55 20 om
611 1801 62 31 den
691 1801 46 31 tid
755 1811 70 21 som
845 1801 103 40 åtgick
966 1801 70 31 från
1055 1802 53 30 det
1125 1801 346 40 remissbehandlingen
1490 1802 149 31 avslutats
1658 1803 62 30 och
1737 1801 46 32 till

293 1854 72 30 dess
387 1854 103 31 beslut
510 1855 11 30 i
542 1854 159 31 ärendena
721 1854 213 31 meddelades.
955 1855 50 30 De
1024 1855 200 39 iakttagelser
1244 1865 69 21 som
1333 1855 53 31 vid
1406 1856 232 40 granskningen
1658 1855 124 40 gjordes

293 1908 113 30 härom
429 1908 203 30 redovisades
656 1909 10 30 i
691 1908 133 31 särskild
847 1909 112 39 bilaga.
984 1909 162 31 Utskottet
1168 1908 223 32 konstaterade
1415 1914 44 26 att
1479 1911 196 39 prövningen
1697 1910 10 30 i
1730 1910 53 30 de-

293 1966 218 35 partementen
526 1962 11 30 i
554 1962 172 30 allmänhet
743 1967 104 34 syntes
865 1962 55 31 ske
936 1963 74 30 med
1025 1963 162 31 önskvärd
1202 1963 235 39 skyndsamhet,
1454 1964 30 30 d.
1497 1973 29 21 v.
1541 1973 23 21 s.
1582 1963 99 31 redan
1696 1964 86 31 inom

293 2024 40 21 en
351 2015 75 31 eller
444 2024 104 22 annan
565 2014 127 32 månad.
711 2015 184 31 Emellertid
911 2016 147 30 förekom
1075 2016 53 31 det
1144 2015 107 38 också,
1270 2016 149 31 framhöll
1436 2016 151 32 utskottet
1603 2017 117 37 vidare,
1739 2021 44 26 att

293 2068 74 40 lång
387 2068 46 31 tid
452 2068 111 31 förflöt
583 2069 97 30 innan
700 2069 156 40 prövning
877 2070 77 30 kom
975 2070 45 30 till
1041 2070 102 31 stånd.
1167 2071 49 30 De
1239 2070 200 40 iakttagelser
1461 2080 70 22 som
1553 2070 96 41 gjorts
1671 2071 113 31 härom

293 2131 59 30 gav
375 2122 152 31 utskottet
549 2122 169 40 anledning
739 2127 44 27 att
803 2123 65 31 helt
890 2123 129 31 allmänt
1038 2123 168 31 framhålla
1227 2124 255 31 önskvärdheten
1503 2134 39 21 av
1563 2130 44 26 att
1628 2125 155 30 erforder-

293 2176 61 39 liga
381 2176 266 39 organisatoriska
673 2176 144 40 åtgärder
842 2177 124 39 vidtogs
992 2177 87 30 inom
1105 2178 258 39 departementen
1388 2179 51 30 för
1464 2183 45 26 att
1532 2178 184 31 säkerställa
1739 2182 45 27 att

293 2229 138 31 ärenden
448 2234 138 35 upptogs
604 2230 45 31 till
667 2230 181 40 avgörande
864 2231 88 30 inom
969 2231 102 39 rimlig
1087 2231 45 30 tid
1149 2231 62 31 och
1227 2232 10 30 i
1253 2231 130 41 lämplig
1399 2231 193 41 turordning.

338 2287 15 30 I
376 2287 84 31 1969
480 2286 48 32 års
546 2286 374 41 granskningsmemorial
937 2286 150 31 framhöll
1103 2285 153 32 utskottet
1273 2290 45 27 att
1334 2286 284 40 uppmärksamhet
1635 2288 80 30 även
1729 2286 54 32 vid

292 2340 141 31 nämnda
456 2340 49 31 års
528 2340 191 40 granskning
740 2341 109 39 ägnats
871 2339 209 31 förevarande
1101 2339 157 41 spörsmål
1277 2340 62 30 och
1360 2344 45 26 att
1425 2339 111 32 därvid
1557 2339 96 41 gjorts
1674 2341 10 30 i
1705 2344 79 27 stort

294 2399 59 26 sett
373 2403 122 22 samma
515 2394 200 39 iakttagelser
733 2403 70 22 som
821 2394 102 31 under
942 2394 53 30 det
1013 2393 192 40 föregående
1224 2393 75 32 året.
1319 2394 80 31 Med
1416 2394 123 39 hänsyn
1556 2393 45 32 till
1620 2398 45 27 att
1682 2394 101 31 hand-

292 2448 186 40 läggningen
504 2457 38 22 av
566 2448 136 31 berörda
726 2448 139 30 ärenden
888 2447 81 31 skett
990 2447 124 31 relativt
1135 2446 73 32 kort
1230 2447 45 32 tid
1298 2447 78 31 efter
1398 2447 168 32 utskottets
1589 2453 124 26 senaste
1734 2452 49 27 ut-

292 2501 126 31 talande
442 2502 78 30 fann
541 2501 153 31 utskottet
717 2501 231 39 granskningen
972 2500 27 40 ej
1023 2500 128 41 påkalla
1172 2501 108 31 vidare
1303 2501 154 39 yttrande.
1482 2501 162 31 Utskottet
1665 2501 119 31 förkla-

293 2555 75 31 rade
383 2556 46 39 sig
442 2564 74 21 avse
530 2560 44 26 att
588 2556 79 29 även
680 2556 10 29 i
703 2554 242 40 fortsättningen
957 2554 78 39 följa
1048 2554 228 40 utvecklingen.
