1888 2786
278 161 241 31 Sammansatt
538 164 104 28 stats-
665 162 64 30 och
750 162 111 31 andra
882 162 214 40 lagutskotts
1117 163 182 31 utlåtande
1320 173 43 21 nr
1382 165 30 29 3.
1583 164 16 30 1

92 241 164 40 omkring
277 242 47 33 0,8
344 242 89 40 milj.
453 242 132 30 kronor
606 251 62 31 per
688 242 49 30 år.
759 242 179 31 Eftersom
958 243 260 30 kommunerna
1238 243 133 30 erhålla
1392 244 209 39 gottgörelse

92 304 42 21 av
160 296 114 29 staten
298 295 11 30 i
332 295 187 31 efterskott
542 304 62 31 per
628 296 182 39 budgetår,
836 296 161 30 kommer
1022 298 180 38 ökningen
1226 296 194 31 emellertid
1447 297 76 30 icke
1549 298 51 29 att

91 348 135 31 belasta
252 350 265 38 statsbudgeten
542 349 113 30 under
681 349 296 30 nästkommande
1003 350 182 38 budgetär.

139 446 189 31 Utskottet.

139 509 54 30 En
221 509 149 40 höjning
400 519 42 21 av
470 510 363 39 bidragsförskottens
863 510 275 41 maximibelopp
1169 511 39 29 är
1240 511 275 40 uppenbarligen
1544 512 58 30 be-

93 562 107 40 fogad
223 564 65 29 och
311 563 63 30 bör
398 563 217 31 omedelbart
637 564 145 30 komma
805 564 53 30 till
882 564 114 30 stånd.

139 617 12 29 I
177 617 266 40 propositionen
470 617 160 35 föreslås,
656 619 51 28 att
732 617 311 41 maximibeloppet
1066 636 45 3 —
1136 627 77 21 som
1240 628 47 20 nu
1315 620 38 28 är
1379 619 63 30 250
1468 619 133 30 kronor

93 670 57 30 för
165 671 88 29 barn
270 671 64 29 och
352 671 39 30 år
407 689 45 3 —
468 671 90 30 skall
575 671 197 31 fastställas
788 672 53 29 till
860 671 65 30 324
941 672 132 29 kronor
1090 681 63 31 per
1169 672 50 34 år,
1238 672 108 30 vilket
1365 672 103 30 alltså
1487 673 114 30 skulle

92 726 179 28 motsvara
296 724 40 30 27
362 724 132 31 kronor
518 734 62 31 per
606 725 141 30 månad.
772 725 118 39 Enligt
914 725 192 30 utskottets
1131 726 143 39 mening
1300 726 71 30 tala
1395 726 205 40 visserligen

91 778 158 39 vägande
270 778 77 30 skäl
369 778 55 30 för
446 778 282 30 motionärernas
750 779 193 40 synpunkt,
965 781 51 28 att
1036 779 311 41 maximibeloppet
1366 780 106 30 borde
1492 782 109 38 ytter-

92 831 109 40 ligare
226 831 114 40 höjas.
365 832 212 40 Därigenom
604 832 113 30 skulle
742 832 311 41 maximibeloppet
1076 833 144 30 komma
1246 835 50 28 att
1323 834 112 29 bättre
1459 834 142 30 ansluta

93 885 51 39 sig
163 885 52 30 till
235 885 41 30 de
296 885 341 40 underhållsbidrag,
658 895 76 21 som
753 886 126 30 fadern
898 886 46 41 på
964 887 115 39 grund
1098 896 42 21 av
1159 887 92 30 avtal
1270 887 83 30 eller
1373 887 228 30 domstolsut-

93 938 74 40 slag
185 948 148 22 numera
350 939 11 30 i
379 939 93 40 regel
490 940 39 29 är
545 939 127 40 pliktig
690 941 51 28 att
760 940 129 39 utgiva.
908 940 127 30 Vidare
1054 940 113 30 skulle
1185 941 250 39 grundtanken
1452 941 80 30 med
1550 941 50 30 bi-

91 992 318 40 dragsförskotten,
434 993 179 39 nämligen
636 995 52 28 att
710 994 188 29 samhället
923 994 89 29 skall
1035 994 216 30 förskottera
1276 994 41 30 de
1343 995 258 29 underhållsbi-

91 1045 97 41 drag,
210 1055 75 21 som
305 1046 126 30 fadern
451 1046 203 31 underlåter
674 1049 51 27 att
744 1047 126 34 betala,
891 1047 93 30 bliva
1003 1047 114 30 bättre
1138 1048 243 39 tillgodosedd.
1403 1048 122 30 Såsom
1547 1057 54 21 so-

91 1099 242 40 cialstyrelsen
355 1100 163 41 påpekat,
540 1100 114 30 skulle
676 1100 96 30 detta
794 1102 88 29 även
905 1101 170 30 innebära
1097 1101 155 30 fördelar
1274 1111 42 20 ur
1338 1102 262 30 administrativ

92 1153 192 40 synpunkt.
310 1153 208 40 Ytterligare
544 1153 76 30 skäl
646 1153 55 30 för
724 1154 97 30 detta
844 1154 108 40 högre
977 1154 126 41 belopp
1128 1155 124 29 kunna
1275 1155 180 40 åberopas,
1482 1155 116 30 såsom

91 1208 23 28 t.
138 1216 53 21 ex.
216 1207 67 30 den
308 1207 153 40 stegring
485 1216 42 21 av
550 1207 399 35 levnadskostnaderna,
974 1217 75 21 som
1073 1208 126 30 inträtt
1225 1209 111 30 under
1360 1209 239 30 innevarande

90 1260 50 31 år.
162 1261 67 30 Vid
251 1261 234 30 bedömandet
507 1270 43 21 av
570 1261 117 30 denna
707 1261 101 40 fråga
829 1262 64 30 bör
913 1271 84 21 man
1018 1262 278 41 uppenbarligen
1317 1263 132 39 jämväl
1472 1263 95 30 hålla
1588 1263 12 30 i

90 1305 148 44 minnet,
258 1316 51 28 att
328 1314 58 31 det
406 1314 180 31 allmänna
608 1316 81 38 äger
710 1316 70 29 rätt
802 1317 51 28 att
874 1325 42 20 av
935 1316 68 29 den
1024 1316 367 40 underhållsskyldige
1412 1317 187 30 återkräva

91 1367 259 31 förskotterade
374 1368 137 40 belopp.
537 1368 119 40 Enligt
681 1368 302 40 socialstyrelsens
1008 1369 180 40 uppgifter
1213 1370 154 30 indrives
1393 1370 23 29 f.
1442 1379 33 20 n.
1501 1370 98 30 cirka

90 1421 42 30 40
153 1423 146 38 procent
317 1430 43 21 av
378 1422 42 29 de
440 1421 180 30 utbetalda
642 1421 200 30 förskotten
861 1431 43 21 av
922 1422 159 30 fäderna.

134 1474 72 30 När
227 1474 173 30 utskottet
420 1474 120 30 oaktat
561 1474 68 30 vad
651 1484 48 20 nu
720 1475 138 29 anförts
879 1475 76 30 icke
976 1484 104 21 anser
1101 1475 52 40 sig
1172 1476 123 29 kunna
1314 1476 139 30 biträda
1475 1476 124 30 motio-

89 1528 171 30 närernas
281 1527 195 40 yrkanden,
497 1528 102 29 beror
622 1527 59 30 det
703 1528 128 30 främst
853 1528 46 40 på
921 1528 209 30 sambandet
1151 1529 131 30 mellan
1302 1530 297 38 bidragsförskot-

90 1583 59 27 ten
175 1581 65 30 och
265 1580 42 31 de
336 1581 174 30 särskilda
534 1581 261 39 barnbidragen
819 1582 53 29 till
900 1582 131 30 änkors
1056 1582 66 30 och
1146 1582 190 31 invaliders
1362 1593 46 19 m.
1435 1583 37 30 fl.
1498 1584 100 29 barn.

90 1634 13 29 F
126 1634 95 30 olika
245 1635 257 39 sammanhang
525 1635 65 29 har
613 1635 216 30 framhållits
853 1635 287 31 önskvärdheten
1162 1645 42 21 av
1225 1636 71 30 lika
1321 1639 93 27 stora
1438 1637 161 29 maximi-

89 1687 127 41 belopp
239 1688 55 30 för
317 1688 103 30 dessa
441 1688 133 40 bidrag.
599 1689 50 29 De
673 1689 175 30 särskilda
871 1689 260 40 barnbidragen
1155 1690 53 30 till
1231 1690 243 39 nyssnämnda
1495 1691 104 30 barn-

89 1742 159 38 kategori
269 1742 144 30 komma
434 1742 51 29 till
506 1742 91 39 följd
619 1752 43 20 av
681 1742 209 40 riksdagens
911 1743 148 39 tidigare
1079 1743 116 30 beslut
1216 1744 9 29 i
1245 1744 39 30 år
1303 1746 51 28 att
1376 1744 54 30 för
1451 1745 40 29 år
1514 1744 83 30 1952

89 1795 84 39 utgå
199 1796 79 29 med
304 1796 234 39 sammanlagt
562 1796 64 29 320
650 1796 143 30 kronor.
819 1796 125 30 Denna
968 1796 208 40 förhöjning
1202 1798 37 29 är
1265 1800 50 27 att
1339 1807 83 20 anse
1449 1807 75 21 som
1549 1800 49 28 ett

89 1848 237 40 provisorium
354 1849 11 29 i
393 1849 151 29 avbidan
571 1849 46 40 på
644 1850 597 39 änkepensioneringskommitténs
1269 1851 131 39 förslag
1429 1852 9 28 i
1467 1852 130 33 ämnet,

88 1902 109 30 vilket
217 1903 38 29 är
273 1904 51 28 att
344 1902 163 30 förvänta
525 1902 97 30 inom
640 1911 43 21 en
704 1904 86 29 nära
809 1903 157 30 framtid.
986 1903 118 39 Enligt
1122 1904 67 29 vad
1208 1904 390 40 departementschefen

89 1955 139 35 uttalat,
245 1957 39 28 är
299 1955 58 30 det
374 1956 179 29 sannolikt
570 1958 50 27 att
636 1956 58 29 det
711 1956 158 35 resultat,
887 1956 117 30 vartill
1021 1957 576 40 änkepensioneringskommittén

89 2009 72 29 kan
186 2009 145 29 komma
356 2009 11 29 i
394 2009 98 39 fråga
520 2018 58 20 om
605 2009 279 40 barnbidragens
913 2010 142 34 storlek,
1083 2010 161 30 kommer
1270 2013 51 28 att
1349 2011 169 35 medföra,
1547 2014 50 27 att

87 2062 134 39 jämväl
243 2062 125 39 frågan
387 2071 57 21 om
462 2062 364 39 bidragsförskottens
847 2063 274 40 maximibelopp
1142 2064 111 30 måste
1274 2066 98 38 tagas
1394 2065 110 30 under
1525 2075 73 20 om-

88 2115 183 40 prövning.
293 2116 68 29 För
380 2118 51 27 att
451 2116 75 29 icke
550 2116 160 29 försvåra
731 2118 48 28 ett
802 2116 135 40 slutligt
959 2117 339 39 ställningstagande
1320 2118 51 29 till
1393 2118 125 39 frågan
1539 2128 58 20 om

89 2168 178 29 storleken
293 2178 42 20 av
358 2168 315 40 bidragsbeloppen
697 2188 4 1 -—
767 2170 94 29 såväl
886 2171 64 28 när
974 2170 58 30 det
1058 2170 108 39 gäller
1192 2171 41 29 de
1259 2171 174 30 särskilda
1458 2172 140 29 barnbi-

88 2221 132 38 dragen
240 2231 75 20 som
331 2222 342 37 bidragsförskotten
692 2241 4 1 -
724 2217 17 51 -
754 2232 102 20 anser
875 2223 51 38 sig
944 2223 173 29 utskottet
1134 2224 76 29 icke
1228 2224 83 29 böra
1330 2225 142 29 förorda
1490 2225 107 39 högre

89 2274 273 40 maximibelopp
396 2275 53 28 för
479 2275 343 37 bidragsförskotten
852 2277 45 28 än
928 2276 57 29 det
1016 2285 43 20 av
1089 2276 127 39 Kungl.
1248 2277 106 38 Maj:t
1386 2278 210 38 föreslagna.

90 2328 51 29 En
163 2328 148 38 höjning
333 2337 42 20 av
395 2328 306 39 maximibeloppet
728 2328 47 29 till
799 2329 64 28 420
885 2328 142 34 kronor,
1052 2329 115 29 såsom
1190 2330 107 38 yrkas
1320 2330 7 29 i
1351 2330 152 30 flertalet
1526 2340 71 20 mo-

91 2382 122 32 tioner,
242 2381 112 28 skulle
382 2380 116 30 vidare
527 2381 157 29 medföra
714 2381 196 39 betydande
936 2382 358 38 kostnadsökningar,
1322 2383 176 39 nämligen
1524 2393 74 20 om-

89 2434 103 38 kring
217 2434 46 32 2,1
290 2433 163 38 miljoner
481 2435 129 27 kronor
634 2434 124 30 enbart
783 2435 54 28 för
864 2437 134 27 statens
1021 2435 66 29 del.
1113 2436 78 29 Med
1217 2436 135 39 hänsyn
1381 2436 49 29 till
1456 2437 65 29 vad
1549 2446 47 20 nu

88 2487 139 29 anförts
249 2487 68 29 kan
342 2487 166 29 utskottet
535 2487 102 29 alltså
662 2487 74 29 icke
761 2488 174 39 tillstyrka
960 2488 96 29 bifall
1083 2488 50 30 till
1159 2489 229 30 förevarande
1413 2490 183 29 motioner.
