2269 2727
494 202 19 29 2
937 201 90 41 Lag-
1037 201 171 31 Utskottets
1237 199 173 33 Utlåtande
1433 200 60 32 N:o
1518 200 46 32 79.

455 285 70 30 rätt
553 279 58 37 vid
638 279 252 50 försäljningen
917 280 35 35 af
978 286 132 42 panten
1145 280 204 42 bevarades,
1379 281 39 35 så
1446 286 51 30 att
1525 280 117 36 denna
1669 279 167 36 säkerhet
1864 281 29 47 ej
1924 282 110 34 måtte

455 346 82 22 vara
573 333 148 48 ringare,
756 338 44 30 än
835 334 47 34 då
916 346 43 23 en
987 333 376 49 inteckningshafvare,
1394 333 103 35 äfven
1525 340 97 29 utom
1651 333 164 40 konkurs,
1844 333 104 35 söker
1976 340 57 28 ut-

455 385 159 49 mätning
647 386 53 35 för
731 385 53 36 sin
817 386 153 36 fordran.
1026 386 125 36 Under
1184 386 227 35 erkännande
1448 387 33 34 af
1515 385 213 50 giltigheten
1762 386 37 34 af
1830 386 99 35 detta
1957 386 77 35 skäl

456 438 64 35 har
555 451 81 23 man
671 452 46 21 nu
754 438 123 42 anfört,
915 445 52 29 att
1001 439 170 36 uteblifne
1207 439 386 49 inteckningshafvares
1627 444 71 30 rätt
1725 439 29 48 ej
1783 438 119 36 kunde
1932 451 103 23 anses

455 491 157 49 heligare
653 497 44 29 än
739 492 113 41 deras,
894 505 75 22 som
1010 492 152 35 bevakat
1201 492 76 35 sina
1319 492 196 48 fordringar
1555 491 11 35 i
1608 504 44 23 en
1689 491 171 40 konkurs;
1890 491 66 35 och
1984 498 52 28 att

455 544 271 48 tillämpningen
763 545 38 34 af
824 545 267 48 ifrågavarande
1129 544 20 50 $
1183 544 90 35 visat
1300 544 52 50 sig
1379 545 52 34 för
1454 523 295 57 konkursmassor
1776 543 132 50 menlig
1935 544 11 35 1
1975 544 61 35 det

456 597 214 41 hänseende,
700 603 51 29 att
777 597 55 35 till
860 598 85 48 följd
973 598 38 35 af
1039 572 312 79 nödvändigheten
1381 605 51 27 att
1458 596 73 36 låta
1559 597 86 48 sälja
1674 598 69 34 fast
1771 597 173 49 egendom
1972 610 63 37 ge-

455 663 82 22 nom
567 649 221 49 Konungens
815 627 425 76 Befallningshafvande,
1255 651 45 34 då
1329 653 77 33 åter
1433 649 251 49 försäljningen
1717 650 12 34 1
1764 650 44 35 de
1846 650 101 35 festa
1975 649 60 35 fall

457 702 113 49 aldrig
610 682 117 56 kunde
763 715 63 36 cga
860 717 76 21 rum
972 705 46 46 på
1055 704 43 35 de
1133 711 110 28 större
1277 701 297 50 affärsplatserna,
1612 703 63 35 der
1707 702 330 49 penningetillgång

456 755 102 34 alltid
585 754 135 41 funnes,
749 755 252 47 försäljningen
1029 756 37 33 af
1090 762 109 28 större
1219 757 213 47 egendomar
1460 756 156 34 medfört
1643 756 61 34 det
1727 763 308 39 ogynnsammaste

455 806 186 35 resultatet
677 807 134 47 (såsom
839 808 162 47 exempel
1042 807 135 48 hvarpå
1205 809 142 40 anförts,
1377 813 51 28 att
1457 819 43 22 en
1529 806 190 49 uppgifven
1749 807 174 48 egendom
1950 807 87 35 sålts

454 859 53 35 för
535 866 50 28 ett
612 859 82 48 pris,
722 860 248 35 motsvarande
1000 873 42 22 en
1072 860 116 35 alltför
1215 860 100 48 ringa
1344 859 57 36 del
1431 859 33 35 af
1489 859 79 36 dess
1587 859 156 49 verkliga
1757 860 146 46 värde);
1931 858 104 36 hvar-

455 911 55 35 till
551 911 140 35 komme
734 911 248 49 olägenheten,
1025 918 51 29 att
1117 913 223 47 egendomar,
1369 925 85 28 som,
1485 911 111 35 ehuru
1624 911 153 49 belägna
1804 911 12 35 i
1844 912 95 35 olika
1967 911 70 41 län,

454 963 161 51 utgjorde
645 970 50 28 ett
722 965 348 48 sammanhängande
1099 964 86 41 helt,
1214 965 76 35 icke
1319 965 118 35 kunde
1467 963 151 49 tillhopa
1646 964 168 48 försäljas.

558 1016 192 42 Utskottet,
793 1030 75 22 som
909 1017 77 36 icke
1023 1024 38 28 är
1094 1017 11 35 i
1139 1017 140 36 tillfälle
1316 1024 51 29 att
1394 1017 161 41 bedöma,
1585 1016 173 36 huruvida
1787 1016 172 49 antagligt
1987 1024 49 34 är,

454 1075 52 29 att
534 1069 132 35 sådana
694 1076 110 29 större
834 1071 223 46 egendomar,
1086 1070 136 35 hvilkas
1251 1070 99 36 delar
1377 1070 96 49 ligga
1501 1069 10 35 i
1541 1069 93 36 olika
1663 1069 68 41 län,
1759 1069 114 35 skulle
1891 1069 145 49 betinga

454 1121 107 48 högre
591 1122 222 47 köpeanbud,
843 1123 119 35 derest
990 1123 251 48 försäljningen
1269 1123 133 35 skedde
1432 1123 10 34 i
1472 1129 51 28 ett
1551 1122 66 36 och
1645 1134 134 24 samma
1807 1129 113 40 utrop,
1948 1121 89 35 eller

455 1187 58 22 om
542 1174 68 35 den
638 1174 94 35 skett
759 1174 11 34 i
800 1175 183 35 exsekutiv
1011 1180 66 43 väg
1106 1175 89 35 efter
1223 1176 155 34 ansökan
1401 1175 38 34 af
1455 1174 385 50 inteckvingshafvare;
1868 1174 12 34 i
1900 1174 137 34 hvilket

454 1226 63 34 fall
545 1226 221 48 Konungens
795 1227 398 48 Befallningshafvande
1228 1229 29 46 ej
1294 1235 58 41 egt
1379 1234 106 41 vägra
1513 1227 53 36 sin
1597 1226 267 48 handräckning
1906 1225 132 41 dertill,

455 1285 85 28 utan
567 1278 138 48 hänsyn
734 1278 55 35 till
817 1279 98 35 tiden
946 1280 87 35 eller
1061 1285 108 30 sättet
1197 1280 52 35 för
1276 1279 209 49 försäljning
1513 1280 38 34 af
1575 1279 211 36 dithörande
1812 1279 225 47 egendomar,

454 1331 12 34 i
507 1330 119 35 hvilka
666 1331 181 35 sökanden
883 1333 29 46 ej
956 1333 88 47 egde
1082 1332 214 49 inteckning,
1326 1332 112 35 finner
1467 1333 161 34 deremot
1657 1333 61 34 det
1746 1344 82 22 vara
1857 1331 100 40 klart,
1986 1337 52 28 att

454 1382 93 35 hvad
576 1395 85 28 som,
703 1385 46 45 på
790 1389 70 29 sätt
904 1383 184 36 Utskottet
1116 1398 46 21 nu
1190 1385 189 49 redogjort,
1409 1384 131 35 anförts
1568 1384 54 35 till
1650 1384 79 35 stöd
1757 1384 51 35 för
1836 1383 201 48 meningen,

455 1441 51 28 att
533 1435 288 36 konkursmassas
850 1436 167 48 fastighet
1053 1436 76 35 icke
1165 1436 63 36 bör
1255 1438 105 47 säljas
1388 1450 128 35 genom
1545 1436 222 48 Konungens
1794 1435 243 48 Befallnings-

454 1487 184 45 hafvande,
669 1492 46 43 på
743 1488 53 35 sin
825 1488 83 48 höjd
936 1489 113 35 skulle
1078 1489 119 35 kunna
1224 1490 122 34 bevisa
1373 1497 127 39 nyttan
1528 1490 108 40 deraf,
1666 1496 61 33 att,
1747 1494 63 29 när
1831 1488 207 48 försäljning

453 1539 38 34 af
527 1539 121 48 dylika
689 1546 94 29 stora
825 1542 215 46 egendomar
1068 1554 75 22 som
1173 1542 43 34 de
1255 1542 235 47 nyssberörda
1522 1541 90 35 skall
1653 1542 72 39 ske,
1770 1540 267 35 vederbörande

453 1590 90 49 finge
585 1592 104 34 hafva
731 1592 166 35 valfrihet
937 1593 222 35 beträffande
1201 1595 116 35 stället
1350 1594 52 35 för
1437 1594 263 48 försäljningen.
1754 1593 87 35 Men
1868 1593 11 34 i
1908 1594 39 33 så
1976 1592 61 35 fall

454 1643 109 36 borde
605 1657 135 22 samma
780 1645 221 35 förhållande
1045 1658 63 36 ega
1142 1659 87 28 rum,
1259 1652 63 29 när
1349 1646 94 35 helst
1470 1646 190 35 intecknad
1689 1645 168 49 fastighet
1884 1650 153 29 utmätes

452 1695 52 35 för
544 1695 82 49 gäld
669 1698 63 34 och
774 1697 38 35 af
848 1698 190 35 exsekutor
1080 1698 175 48 försäljes;
1298 1698 64 36 och
1395 1699 44 35 de
1468 1712 46 21 nu
1543 1698 146 35 anförda
1717 1697 318 48 anmärkningarne

451 1747 104 36 träffa
582 1748 141 36 således
750 1749 77 35 icke
855 1750 261 48 konkurslagen
1145 1757 87 29 utan
1261 1750 507 49 utsökningsförfattningarne.

555 1800 130 36 Vidare
734 1801 64 35 har
844 1815 81 22 man
974 1803 143 40 erinrat,
1162 1810 52 28 att
1257 1803 235 48 kronofogdar
1547 1803 66 35 och
1667 1803 162 35 länsmän
1880 1802 28 46 ej
1953 1814 83 22 voro

454 1852 142 36 säkrare
626 1853 87 35 eller
742 1854 279 49 vederhäftigare
1050 1868 170 34 personer
1241 1861 44 29 än
1315 1856 43 35 de
1388 1855 10 35 i
1427 1855 195 35 konkurser
1650 1855 149 35 utsedde
1828 1853 208 58 sysslomän,

453 1903 121 36 hviket
615 1912 124 42 antogs
784 1906 103 35 äfven
929 1906 102 36 hafva
1073 1908 89 34 varit
1195 1907 338 59 Lagberedningens
1574 1907 103 50 åsigt,
1720 1907 164 35 eftersom
1913 1905 11 35 i
1954 1906 81 35 dess

453 1955 129 50 förslag
608 1957 55 35 till
692 1936 138 69 lydelse
859 1959 38 34 af
919 1961 248 34 motsvarande
1197 1959 20 49 I
1247 1960 9 34 i
1285 1960 259 49 konkurslagen
1564 1941 84 54 icke
1661 1960 124 34 funnes
1805 1957 231 42 föreskrifvet,

452 2014 51 28 att
531 2009 251 48 försäljningen
823 2010 113 35 skulle
978 2012 61 34 ske
1081 2025 127 34 genom
1243 2013 200 40 exsekutor,
1482 2019 85 27 utan
1596 2012 126 35 endast
1749 2017 51 29 att
1828 2011 69 34 den
1925 2010 111 35 borde

451 2059 61 36 ske
541 2062 37 34 »å
607 2061 160 50 offentlig
795 2063 155 41 auktion,
983 2065 39 33 så
1051 2064 173 48 kungjord
1252 2077 76 23 som
1357 2078 57 22 om
1442 2064 205 48 försäljning
1667 2064 38 35 af
1720 2068 130 30 utmätt
1868 2062 169 48 fastighet

454 2117 38 29 är
520 2113 190 48 stadgadt».

553 2165 74 35 Det
666 2167 173 34 förmenta
879 2168 118 35 stödet
1037 2168 38 35 af
1111 2168 339 49 Lagberedningens
1492 2168 91 44 åsigt
1619 2162 193 67 bortfaller,
1855 2180 57 22 om
1953 2178 81 23 man

449 2222 98 41 tager
574 2217 202 36 kännedom
804 2220 38 34 af
866 2220 68 34 den
963 2221 166 47 generela
1148 2194 271 78 sbestämmelse,
1450 2200 251 68 Beredningen
1728 2218 63 36 14
1819 2214 95 71 Kap.
1946 2222 43 31 51
2012 2216 21 51 $

451 2244 55 59 af
525 2269 80 36 dess
645 2270 132 49 förslag
810 2271 55 35 till
894 2270 325 51 Utsöknings-balk
1253 2272 124 50 intagit
1410 2273 133 41 derom,
1572 2278 53 29 att
1651 2272 64 35 »då
1743 2271 103 49 lagen
1874 2273 21 33 å
1924 2270 110 36 andra

1206 2327 9 9 eo

449 2320 129 37 ställen
619 2305 233 59 föreskrifver,
893 2331 52 28 att
986 2326 176 48 egendom
1201 2339 20 21 å
1264 2325 160 48 offentlig
1458 2324 144 36 auktion
1638 2324 105 48 säljas
1775 2323 118 41 skall»,
1922 2323 113 36 sådan
