<?xml version="1.0" encoding="UTF-8"?>
<alto xmlns="http://www.loc.gov/standards/alto/ns-v3#" xmlns:xlink="http://www.w3.org/1999/xlink" xmlns:xsi="http://www.w3.org/2001/XMLSchema-instance" xsi:schemaLocation="http://www.loc.gov/standards/alto/ns-v3# http://www.loc.gov/alto/v3/alto-3-0.xsd">
	<Description>
		<MeasurementUnit>pixel</MeasurementUnit>
		<sourceImageInformation>
			<fileName>/tmp/tess__6ibh89i_input.PNG</fileName>
		</sourceImageInformation>
		<OCRProcessing ID="OCR_0">
			<ocrProcessingStep>
				<processingSoftware>
					<softwareName>tesseract 5.3.0</softwareName>
				</processingSoftware>
			</ocrProcessingStep>
		</OCRProcessing>
	</Description>
	<Layout>
		<Page WIDTH="1904" HEIGHT="2832" PHYSICAL_IMG_NR="0" ID="page_0">
			<PrintSpace HPOS="0" VPOS="0" WIDTH="1904" HEIGHT="2832">
				<ComposedBlock ID="cblock_0" HPOS="324" VPOS="142" WIDTH="1289" HEIGHT="39">
					<TextBlock ID="block_0" HPOS="324" VPOS="142" WIDTH="1289" HEIGHT="39">
						<TextLine ID="line_0" HPOS="324" VPOS="142" WIDTH="1289" HEIGHT="39">
							<String ID="string_0" HPOS="324" VPOS="142" WIDTH="188" HEIGHT="30" WC="0.92" CONTENT="Allmänna"/><SP WIDTH="20" VPOS="142" HPOS="512"/>
							<String ID="string_1" HPOS="532" VPOS="143" WIDTH="397" HEIGHT="38" WC="0.91" CONTENT="beredningsutskottets"/><SP WIDTH="21" VPOS="143" HPOS="929"/>
							<String ID="string_2" HPOS="950" VPOS="145" WIDTH="179" HEIGHT="29" WC="0.96" CONTENT="utlåtande"/><SP WIDTH="20" VPOS="145" HPOS="1129"/>
							<String ID="string_3" HPOS="1149" VPOS="155" WIDTH="42" HEIGHT="19" WC="0.96" CONTENT="nr"/><SP WIDTH="21" VPOS="155" HPOS="1191"/>
							<String ID="string_4" HPOS="1212" VPOS="147" WIDTH="39" HEIGHT="28" WC="0.96" CONTENT="14"/><SP WIDTH="19" VPOS="147" HPOS="1251"/>
							<String ID="string_5" HPOS="1270" VPOS="147" WIDTH="38" HEIGHT="28" WC="0.96" CONTENT="år"/><SP WIDTH="21" VPOS="147" HPOS="1308"/>
							<String ID="string_6" HPOS="1329" VPOS="147" WIDTH="84" HEIGHT="29" WC="0.96" CONTENT="1969"/><SP WIDTH="181" VPOS="147" HPOS="1413"/>
							<String ID="string_7" HPOS="1594" VPOS="150" WIDTH="19" HEIGHT="29" WC="0.96" CONTENT="5"/>
						</TextLine>
					</TextBlock>
				</ComposedBlock>
				<ComposedBlock ID="cblock_1" HPOS="127" VPOS="220" WIDTH="1487" HEIGHT="633">
					<TextBlock ID="block_1" HPOS="127" VPOS="220" WIDTH="1487" HEIGHT="311">
						<TextLine ID="line_1" HPOS="127" VPOS="220" WIDTH="1487" HEIGHT="47">
							<String ID="string_8" HPOS="127" VPOS="220" WIDTH="173" HEIGHT="31" WC="0.90" CONTENT="nomförts"/><SP WIDTH="21" VPOS="220" HPOS="300"/>
							<String ID="string_9" HPOS="321" VPOS="221" WIDTH="223" HEIGHT="31" WC="0.96" CONTENT="beträffande"/><SP WIDTH="21" VPOS="221" HPOS="544"/>
							<String ID="string_10" HPOS="565" VPOS="223" WIDTH="123" HEIGHT="30" WC="0.96" CONTENT="endast"/><SP WIDTH="21" VPOS="223" HPOS="688"/>
							<String ID="string_11" HPOS="709" VPOS="222" WIDTH="136" HEIGHT="31" WC="0.95" CONTENT="hälften"/><SP WIDTH="22" VPOS="222" HPOS="845"/>
							<String ID="string_12" HPOS="867" VPOS="233" WIDTH="42" HEIGHT="20" WC="0.97" CONTENT="av"/><SP WIDTH="21" VPOS="233" HPOS="909"/>
							<String ID="string_13" HPOS="930" VPOS="224" WIDTH="294" HEIGHT="40" WC="0.95" CONTENT="departementen."/><SP WIDTH="23" VPOS="224" HPOS="1224"/>
							<String ID="string_14" HPOS="1247" VPOS="226" WIDTH="227" HEIGHT="30" WC="0.96" CONTENT="Beträffande"/><SP WIDTH="22" VPOS="226" HPOS="1474"/>
							<String ID="string_15" HPOS="1496" VPOS="228" WIDTH="118" HEIGHT="39" WC="0.96" CONTENT="övriga"/>
						</TextLine>
						<TextLine ID="line_2" HPOS="128" VPOS="274" WIDTH="1486" HEIGHT="41">
							<String ID="string_16" HPOS="128" VPOS="274" WIDTH="239" HEIGHT="39" WC="0.96" CONTENT="departement"/><SP WIDTH="23" VPOS="274" HPOS="367"/>
							<String ID="string_17" HPOS="390" VPOS="276" WIDTH="79" HEIGHT="29" WC="0.96" CONTENT="sker"/><SP WIDTH="23" VPOS="276" HPOS="469"/>
							<String ID="string_18" HPOS="492" VPOS="277" WIDTH="268" HEIGHT="38" WC="0.96" CONTENT="omläggningen"/><SP WIDTH="23" VPOS="277" HPOS="760"/>
							<String ID="string_19" HPOS="783" VPOS="277" WIDTH="110" HEIGHT="29" WC="0.96" CONTENT="under"/><SP WIDTH="22" VPOS="277" HPOS="893"/>
							<String ID="string_20" HPOS="915" VPOS="278" WIDTH="106" HEIGHT="30" WC="0.96" CONTENT="våren"/><SP WIDTH="25" VPOS="278" HPOS="1021"/>
							<String ID="string_21" HPOS="1046" VPOS="278" WIDTH="92" HEIGHT="30" WC="0.93" CONTENT="1969."/><SP WIDTH="25" VPOS="278" HPOS="1138"/>
							<String ID="string_22" HPOS="1163" VPOS="279" WIDTH="451" HEIGHT="32" WC="0.90" CONTENT="Ordenskanslersämbetet"/>
						</TextLine>
						<TextLine ID="line_3" HPOS="128" VPOS="328" WIDTH="1486" HEIGHT="43">
							<String ID="string_23" HPOS="128" VPOS="328" WIDTH="185" HEIGHT="30" WC="0.96" CONTENT="förutsätts"/><SP WIDTH="22" VPOS="328" HPOS="313"/>
							<String ID="string_24" HPOS="335" VPOS="329" WIDTH="11" HEIGHT="29" WC="0.96" CONTENT="i"/><SP WIDTH="21" VPOS="329" HPOS="346"/>
							<String ID="string_25" HPOS="367" VPOS="329" WIDTH="273" HEIGHT="40" WC="0.96" CONTENT="fortsättningen"/><SP WIDTH="23" VPOS="329" HPOS="640"/>
							<String ID="string_26" HPOS="663" VPOS="330" WIDTH="103" HEIGHT="39" WC="0.96" CONTENT="självt"/><SP WIDTH="21" VPOS="330" HPOS="766"/>
							<String ID="string_27" HPOS="787" VPOS="331" WIDTH="107" HEIGHT="39" WC="0.96" CONTENT="pröva"/><SP WIDTH="21" VPOS="331" HPOS="894"/>
							<String ID="string_28" HPOS="915" VPOS="331" WIDTH="116" HEIGHT="40" WC="0.96" CONTENT="frågor"/><SP WIDTH="23" VPOS="331" HPOS="1031"/>
							<String ID="string_29" HPOS="1054" VPOS="342" WIDTH="56" HEIGHT="20" WC="0.96" CONTENT="om"/><SP WIDTH="20" VPOS="342" HPOS="1110"/>
							<String ID="string_30" HPOS="1130" VPOS="333" WIDTH="94" HEIGHT="29" WC="0.96" CONTENT="vilka"/><SP WIDTH="23" VPOS="333" HPOS="1224"/>
							<String ID="string_31" HPOS="1247" VPOS="342" WIDTH="73" HEIGHT="21" WC="0.96" CONTENT="som"/><SP WIDTH="24" VPOS="342" HPOS="1320"/>
							<String ID="string_32" HPOS="1344" VPOS="334" WIDTH="88" HEIGHT="30" WC="0.96" CONTENT="skall"/><SP WIDTH="22" VPOS="334" HPOS="1432"/>
							<String ID="string_33" HPOS="1454" VPOS="344" WIDTH="83" HEIGHT="20" WC="0.93" CONTENT="vara"/><SP WIDTH="21" VPOS="344" HPOS="1537"/>
							<String ID="string_34" HPOS="1558" VPOS="335" WIDTH="56" HEIGHT="30" WC="0.91" CONTENT="be-"/>
						</TextLine>
						<TextLine ID="line_4" HPOS="127" VPOS="382" WIDTH="1486" HEIGHT="43">
							<String ID="string_35" HPOS="127" VPOS="382" WIDTH="171" HEIGHT="39" WC="0.92" CONTENT="rättigade"/><SP WIDTH="25" VPOS="382" HPOS="298"/>
							<String ID="string_36" HPOS="323" VPOS="384" WIDTH="50" HEIGHT="28" WC="0.96" CONTENT="att"/><SP WIDTH="26" VPOS="384" HPOS="373"/>
							<String ID="string_37" HPOS="399" VPOS="391" WIDTH="84" HEIGHT="31" WC="0.96" CONTENT="avge"/><SP WIDTH="23" VPOS="391" HPOS="483"/>
							<String ID="string_38" HPOS="506" VPOS="383" WIDTH="132" HEIGHT="40" WC="0.96" CONTENT="förslag"/><SP WIDTH="24" VPOS="383" HPOS="638"/>
							<String ID="string_39" HPOS="662" VPOS="384" WIDTH="53" HEIGHT="30" WC="0.92" CONTENT="till"/><SP WIDTH="27" VPOS="384" HPOS="715"/>
							<String ID="string_40" HPOS="742" VPOS="385" WIDTH="249" HEIGHT="39" WC="0.90" CONTENT="tjänsteorden."/><SP WIDTH="25" VPOS="385" HPOS="991"/>
							<String ID="string_41" HPOS="1016" VPOS="386" WIDTH="131" HEIGHT="39" WC="0.96" CONTENT="Frågor"/><SP WIDTH="26" VPOS="386" HPOS="1147"/>
							<String ID="string_42" HPOS="1173" VPOS="396" WIDTH="55" HEIGHT="20" WC="0.96" CONTENT="om"/><SP WIDTH="27" VPOS="396" HPOS="1228"/>
							<String ID="string_43" HPOS="1255" VPOS="387" WIDTH="109" HEIGHT="30" WC="0.95" CONTENT="sådan"/><SP WIDTH="26" VPOS="387" HPOS="1364"/>
							<String ID="string_44" HPOS="1390" VPOS="389" WIDTH="107" HEIGHT="29" WC="0.96" CONTENT="orden"/><SP WIDTH="27" VPOS="389" HPOS="1497"/>
							<String ID="string_45" HPOS="1524" VPOS="389" WIDTH="89" HEIGHT="29" WC="0.96" CONTENT="skall"/>
						</TextLine>
						<TextLine ID="line_5" HPOS="128" VPOS="436" WIDTH="1484" HEIGHT="46">
							<String ID="string_46" HPOS="128" VPOS="436" WIDTH="86" HEIGHT="28" WC="0.96" CONTENT="även"/><SP WIDTH="24" VPOS="436" HPOS="214"/>
							<String ID="string_47" HPOS="238" VPOS="436" WIDTH="11" HEIGHT="28" WC="0.96" CONTENT="i"/><SP WIDTH="24" VPOS="436" HPOS="249"/>
							<String ID="string_48" HPOS="273" VPOS="436" WIDTH="111" HEIGHT="39" WC="0.96" CONTENT="övrigt"/><SP WIDTH="24" VPOS="436" HPOS="384"/>
							<String ID="string_49" HPOS="408" VPOS="436" WIDTH="215" HEIGHT="40" WC="0.96" CONTENT="handläggas"/><SP WIDTH="26" VPOS="436" HPOS="623"/>
							<String ID="string_50" HPOS="649" VPOS="438" WIDTH="114" HEIGHT="29" WC="0.96" CONTENT="direkt"/><SP WIDTH="24" VPOS="438" HPOS="763"/>
							<String ID="string_51" HPOS="787" VPOS="439" WIDTH="128" HEIGHT="29" WC="0.96" CONTENT="mellan"/><SP WIDTH="26" VPOS="439" HPOS="915"/>
							<String ID="string_52" HPOS="941" VPOS="439" WIDTH="41" HEIGHT="30" WC="0.92" CONTENT="de"/><SP WIDTH="25" VPOS="439" HPOS="982"/>
							<String ID="string_53" HPOS="1007" VPOS="439" WIDTH="366" HEIGHT="41" WC="0.91" CONTENT="förslagsberättigade"/><SP WIDTH="24" VPOS="439" HPOS="1373"/>
							<String ID="string_54" HPOS="1397" VPOS="442" WIDTH="65" HEIGHT="29" WC="0.97" CONTENT="och"/><SP WIDTH="25" VPOS="442" HPOS="1462"/>
							<String ID="string_55" HPOS="1487" VPOS="442" WIDTH="125" HEIGHT="40" WC="0.96" CONTENT="Kungl."/>
						</TextLine>
						<TextLine ID="line_6" HPOS="127" VPOS="488" WIDTH="1067" HEIGHT="43">
							<String ID="string_56" HPOS="127" VPOS="488" WIDTH="124" HEIGHT="40" WC="0.85" CONTENT="Maj:ts"/><SP WIDTH="13" VPOS="488" HPOS="251"/>
							<String ID="string_57" HPOS="264" VPOS="489" WIDTH="128" HEIGHT="35" WC="0.96" CONTENT="Orden,"/><SP WIDTH="17" VPOS="489" HPOS="392"/>
							<String ID="string_58" HPOS="409" VPOS="490" WIDTH="132" HEIGHT="30" WC="0.96" CONTENT="således"/><SP WIDTH="15" VPOS="490" HPOS="541"/>
							<String ID="string_59" HPOS="556" VPOS="494" WIDTH="85" HEIGHT="27" WC="0.93" CONTENT="utan"/><SP WIDTH="14" VPOS="494" HPOS="641"/>
							<String ID="string_60" HPOS="655" VPOS="491" WIDTH="303" HEIGHT="40" WC="0.92" CONTENT="departementens"/><SP WIDTH="14" VPOS="491" HPOS="958"/>
							<String ID="string_61" HPOS="972" VPOS="493" WIDTH="222" HEIGHT="30" WC="0.96" CONTENT="medverkan."/>
						</TextLine>
					</TextBlock>
					<TextBlock ID="block_2" HPOS="127" VPOS="543" WIDTH="1485" HEIGHT="207">
						<TextLine ID="line_7" HPOS="172" VPOS="543" WIDTH="1440" HEIGHT="39">
							<String ID="string_62" HPOS="172" VPOS="543" WIDTH="115" HEIGHT="39" WC="0.96" CONTENT="Enligt"/><SP WIDTH="22" VPOS="543" HPOS="287"/>
							<String ID="string_63" HPOS="309" VPOS="543" WIDTH="154" HEIGHT="30" WC="0.96" CONTENT="cirkulär"/><SP WIDTH="22" VPOS="543" HPOS="463"/>
							<String ID="string_64" HPOS="485" VPOS="553" WIDTH="41" HEIGHT="20" WC="0.92" CONTENT="av"/><SP WIDTH="21" VPOS="553" HPOS="526"/>
							<String ID="string_65" HPOS="547" VPOS="544" WIDTH="317" HEIGHT="31" WC="0.91" CONTENT="ordenskonsulten"/><SP WIDTH="21" VPOS="544" HPOS="864"/>
							<String ID="string_66" HPOS="885" VPOS="547" WIDTH="67" HEIGHT="29" WC="0.96" CONTENT="den"/><SP WIDTH="22" VPOS="547" HPOS="952"/>
							<String ID="string_67" HPOS="974" VPOS="547" WIDTH="16" HEIGHT="29" WC="0.96" CONTENT="7"/><SP WIDTH="23" VPOS="547" HPOS="990"/>
							<String ID="string_68" HPOS="1013" VPOS="547" WIDTH="154" HEIGHT="30" WC="0.96" CONTENT="februari"/><SP WIDTH="24" VPOS="547" HPOS="1167"/>
							<String ID="string_69" HPOS="1191" VPOS="548" WIDTH="82" HEIGHT="30" WC="0.96" CONTENT="1969"/><SP WIDTH="24" VPOS="548" HPOS="1273"/>
							<String ID="string_70" HPOS="1297" VPOS="549" WIDTH="89" HEIGHT="29" WC="0.96" CONTENT="skall"/><SP WIDTH="22" VPOS="549" HPOS="1386"/>
							<String ID="string_71" HPOS="1408" VPOS="549" WIDTH="41" HEIGHT="29" WC="0.90" CONTENT="fr."/><SP WIDTH="16" VPOS="549" HPOS="1449"/>
							<String ID="string_72" HPOS="1465" VPOS="559" WIDTH="28" HEIGHT="20" WC="0.88" CONTENT="o."/><SP WIDTH="15" VPOS="559" HPOS="1493"/>
							<String ID="string_73" HPOS="1508" VPOS="559" WIDTH="45" HEIGHT="20" WC="0.92" CONTENT="m."/><SP WIDTH="22" VPOS="559" HPOS="1553"/>
							<String ID="string_74" HPOS="1575" VPOS="550" WIDTH="37" HEIGHT="29" WC="0.96" CONTENT="år"/>
						</TextLine>
						<TextLine ID="line_8" HPOS="129" VPOS="596" WIDTH="1483" HEIGHT="42">
							<String ID="string_75" HPOS="129" VPOS="596" WIDTH="83" HEIGHT="30" WC="0.96" CONTENT="1970"/><SP WIDTH="20" VPOS="596" HPOS="212"/>
							<String ID="string_76" HPOS="232" VPOS="597" WIDTH="86" HEIGHT="29" WC="0.95" CONTENT="även"/><SP WIDTH="18" VPOS="597" HPOS="318"/>
							<String ID="string_77" HPOS="336" VPOS="597" WIDTH="131" HEIGHT="40" WC="0.95" CONTENT="förslag"/><SP WIDTH="17" VPOS="597" HPOS="467"/>
							<String ID="string_78" HPOS="484" VPOS="598" WIDTH="52" HEIGHT="29" WC="0.96" CONTENT="till"/><SP WIDTH="19" VPOS="598" HPOS="536"/>
							<String ID="string_79" HPOS="555" VPOS="598" WIDTH="177" HEIGHT="40" WC="0.96" CONTENT="förläning"/><SP WIDTH="18" VPOS="598" HPOS="732"/>
							<String ID="string_80" HPOS="750" VPOS="609" WIDTH="42" HEIGHT="19" WC="0.92" CONTENT="av"/><SP WIDTH="18" VPOS="609" HPOS="792"/>
							<String ID="string_81" HPOS="810" VPOS="609" WIDTH="25" HEIGHT="20" WC="0.91" CONTENT="s."/><SP WIDTH="19" VPOS="609" HPOS="835"/>
							<String ID="string_82" HPOS="854" VPOS="600" WIDTH="33" HEIGHT="29" WC="0.92" CONTENT="k."/><SP WIDTH="21" VPOS="600" HPOS="887"/>
							<String ID="string_83" HPOS="908" VPOS="600" WIDTH="44" HEIGHT="30" WC="0.95" CONTENT="fri"/><SP WIDTH="20" VPOS="600" HPOS="952"/>
							<String ID="string_84" HPOS="972" VPOS="600" WIDTH="117" HEIGHT="35" WC="0.96" CONTENT="orden,"/><SP WIDTH="20" VPOS="600" HPOS="1089"/>
							<String ID="string_85" HPOS="1109" VPOS="601" WIDTH="72" HEIGHT="30" WC="0.96" CONTENT="dvs."/><SP WIDTH="20" VPOS="601" HPOS="1181"/>
							<String ID="string_86" HPOS="1201" VPOS="603" WIDTH="151" HEIGHT="29" WC="0.96" CONTENT="normalt"/><SP WIDTH="19" VPOS="603" HPOS="1352"/>
							<String ID="string_87" HPOS="1371" VPOS="603" WIDTH="210" HEIGHT="34" WC="0.96" CONTENT="Vasaorden,"/><SP WIDTH="21" VPOS="603" HPOS="1581"/>
							<String ID="string_88" HPOS="1602" VPOS="604" WIDTH="10" HEIGHT="29" WC="0.96" CONTENT="i"/>
						</TextLine>
						<TextLine ID="line_9" HPOS="128" VPOS="650" WIDTH="1483" HEIGHT="46">
							<String ID="string_89" HPOS="128" VPOS="650" WIDTH="99" HEIGHT="38" WC="0.96" CONTENT="fråga"/><SP WIDTH="22" VPOS="650" HPOS="227"/>
							<String ID="string_90" HPOS="249" VPOS="660" WIDTH="55" HEIGHT="19" WC="0.96" CONTENT="om"/><SP WIDTH="24" VPOS="660" HPOS="304"/>
							<String ID="string_91" HPOS="328" VPOS="652" WIDTH="149" HEIGHT="28" WC="0.96" CONTENT="svenska"/><SP WIDTH="21" VPOS="652" HPOS="477"/>
							<String ID="string_92" HPOS="498" VPOS="652" WIDTH="225" HEIGHT="39" WC="0.96" CONTENT="medborgare"/><SP WIDTH="24" VPOS="652" HPOS="723"/>
							<String ID="string_93" HPOS="747" VPOS="661" WIDTH="100" HEIGHT="30" WC="0.96" CONTENT="avges"/><SP WIDTH="24" VPOS="661" HPOS="847"/>
							<String ID="string_94" HPOS="871" VPOS="663" WIDTH="41" HEIGHT="19" WC="0.91" CONTENT="av"/><SP WIDTH="22" VPOS="663" HPOS="912"/>
							<String ID="string_95" HPOS="934" VPOS="654" WIDTH="317" HEIGHT="39" WC="0.91" CONTENT="förslagsställaren"/><SP WIDTH="24" VPOS="654" HPOS="1251"/>
							<String ID="string_96" HPOS="1275" VPOS="656" WIDTH="113" HEIGHT="29" WC="0.95" CONTENT="direkt"/><SP WIDTH="24" VPOS="656" HPOS="1388"/>
							<String ID="string_97" HPOS="1412" VPOS="656" WIDTH="52" HEIGHT="30" WC="0.95" CONTENT="till"/><SP WIDTH="23" VPOS="656" HPOS="1464"/>
							<String ID="string_98" HPOS="1487" VPOS="657" WIDTH="124" HEIGHT="39" WC="0.96" CONTENT="Kungl."/>
						</TextLine>
						<TextLine ID="line_10" HPOS="127" VPOS="703" WIDTH="1416" HEIGHT="47">
							<String ID="string_99" HPOS="127" VPOS="703" WIDTH="124" HEIGHT="39" WC="0.95" CONTENT="Maj:ts"/><SP WIDTH="15" VPOS="703" HPOS="251"/>
							<String ID="string_100" HPOS="266" VPOS="704" WIDTH="117" HEIGHT="29" WC="0.96" CONTENT="Orden"/><SP WIDTH="15" VPOS="704" HPOS="383"/>
							<String ID="string_101" HPOS="398" VPOS="705" WIDTH="65" HEIGHT="29" WC="0.96" CONTENT="och"/><SP WIDTH="16" VPOS="705" HPOS="463"/>
							<String ID="string_102" HPOS="479" VPOS="704" WIDTH="132" HEIGHT="30" WC="0.96" CONTENT="således"/><SP WIDTH="14" VPOS="704" HPOS="611"/>
							<String ID="string_103" HPOS="625" VPOS="706" WIDTH="71" HEIGHT="29" WC="0.96" CONTENT="inte"/><SP WIDTH="15" VPOS="706" HPOS="696"/>
							<String ID="string_104" HPOS="711" VPOS="706" WIDTH="117" HEIGHT="39" WC="0.96" CONTENT="längre"/><SP WIDTH="15" VPOS="706" HPOS="828"/>
							<String ID="string_105" HPOS="843" VPOS="707" WIDTH="144" HEIGHT="30" WC="0.96" CONTENT="beredas"/><SP WIDTH="14" VPOS="707" HPOS="987"/>
							<String ID="string_106" HPOS="1001" VPOS="708" WIDTH="10" HEIGHT="28" WC="0.96" CONTENT="i"/><SP WIDTH="16" VPOS="708" HPOS="1011"/>
							<String ID="string_107" HPOS="1027" VPOS="708" WIDTH="238" HEIGHT="39" WC="0.96" CONTENT="departement"/><SP WIDTH="16" VPOS="708" HPOS="1265"/>
							<String ID="string_108" HPOS="1281" VPOS="710" WIDTH="80" HEIGHT="29" WC="0.96" CONTENT="eller"/><SP WIDTH="15" VPOS="710" HPOS="1361"/>
							<String ID="string_109" HPOS="1376" VPOS="711" WIDTH="167" HEIGHT="39" WC="0.96" CONTENT="regering."/>
						</TextLine>
					</TextBlock>
					<TextBlock ID="block_3" HPOS="128" VPOS="757" WIDTH="1485" HEIGHT="96">
						<TextLine ID="line_11" HPOS="173" VPOS="757" WIDTH="1440" HEIGHT="45">
							<String ID="string_110" HPOS="173" VPOS="757" WIDTH="124" HEIGHT="39" WC="0.94" CONTENT="Kungl."/><SP WIDTH="20" VPOS="757" HPOS="297"/>
							<String ID="string_111" HPOS="317" VPOS="757" WIDTH="106" HEIGHT="37" WC="0.96" CONTENT="Maj:t"/><SP WIDTH="18" VPOS="757" HPOS="423"/>
							<String ID="string_112" HPOS="441" VPOS="758" WIDTH="64" HEIGHT="30" WC="0.96" CONTENT="har"/><SP WIDTH="20" VPOS="758" HPOS="505"/>
							<String ID="string_113" HPOS="525" VPOS="758" WIDTH="117" HEIGHT="31" WC="0.95" CONTENT="vidare"/><SP WIDTH="19" VPOS="758" HPOS="642"/>
							<String ID="string_114" HPOS="661" VPOS="760" WIDTH="11" HEIGHT="29" WC="0.96" CONTENT="i"/><SP WIDTH="17" VPOS="760" HPOS="672"/>
							<String ID="string_115" HPOS="689" VPOS="760" WIDTH="113" HEIGHT="30" WC="0.96" CONTENT="beslut"/><SP WIDTH="20" VPOS="760" HPOS="802"/>
							<String ID="string_116" HPOS="822" VPOS="761" WIDTH="66" HEIGHT="29" WC="0.96" CONTENT="den"/><SP WIDTH="22" VPOS="761" HPOS="888"/>
							<String ID="string_117" HPOS="910" VPOS="760" WIDTH="37" HEIGHT="31" WC="0.96" CONTENT="17"/><SP WIDTH="19" VPOS="760" HPOS="947"/>
							<String ID="string_118" HPOS="966" VPOS="762" WIDTH="141" HEIGHT="39" WC="0.96" CONTENT="januari"/><SP WIDTH="23" VPOS="762" HPOS="1107"/>
							<String ID="string_119" HPOS="1130" VPOS="762" WIDTH="82" HEIGHT="30" WC="0.96" CONTENT="1969"/><SP WIDTH="20" VPOS="762" HPOS="1212"/>
							<String ID="string_120" HPOS="1232" VPOS="764" WIDTH="151" HEIGHT="38" WC="0.96" CONTENT="medgett"/><SP WIDTH="21" VPOS="764" HPOS="1383"/>
							<String ID="string_121" HPOS="1404" VPOS="766" WIDTH="49" HEIGHT="27" WC="0.93" CONTENT="att"/><SP WIDTH="20" VPOS="766" HPOS="1453"/>
							<String ID="string_122" HPOS="1473" VPOS="764" WIDTH="140" HEIGHT="30" WC="0.90" CONTENT="ordens-"/>
						</TextLine>
						<TextLine ID="line_12" HPOS="128" VPOS="811" WIDTH="1062" HEIGHT="42">
							<String ID="string_123" HPOS="128" VPOS="811" WIDTH="190" HEIGHT="38" WC="0.96" CONTENT="längderna"/><SP WIDTH="15" VPOS="811" HPOS="318"/>
							<String ID="string_124" HPOS="333" VPOS="811" WIDTH="42" HEIGHT="30" WC="0.93" CONTENT="fr."/><SP WIDTH="16" VPOS="811" HPOS="375"/>
							<String ID="string_125" HPOS="391" VPOS="821" WIDTH="29" HEIGHT="20" WC="0.90" CONTENT="o."/><SP WIDTH="17" VPOS="821" HPOS="420"/>
							<String ID="string_126" HPOS="437" VPOS="822" WIDTH="43" HEIGHT="19" WC="0.92" CONTENT="m."/><SP WIDTH="16" VPOS="822" HPOS="480"/>
							<String ID="string_127" HPOS="496" VPOS="812" WIDTH="38" HEIGHT="30" WC="0.95" CONTENT="år"/><SP WIDTH="17" VPOS="812" HPOS="534"/>
							<String ID="string_128" HPOS="551" VPOS="813" WIDTH="82" HEIGHT="29" WC="0.96" CONTENT="1970"/><SP WIDTH="16" VPOS="813" HPOS="633"/>
							<String ID="string_129" HPOS="649" VPOS="814" WIDTH="69" HEIGHT="28" WC="0.96" CONTENT="inte"/><SP WIDTH="17" VPOS="814" HPOS="718"/>
							<String ID="string_130" HPOS="735" VPOS="816" WIDTH="125" HEIGHT="37" WC="0.95" CONTENT="upptas"/><SP WIDTH="15" VPOS="816" HPOS="860"/>
							<String ID="string_131" HPOS="875" VPOS="815" WIDTH="10" HEIGHT="29" WC="0.93" CONTENT="i"/><SP WIDTH="16" VPOS="815" HPOS="885"/>
							<String ID="string_132" HPOS="901" VPOS="816" WIDTH="289" HEIGHT="30" WC="0.91" CONTENT="statskalendern."/>
						</TextLine>
					</TextBlock>
				</ComposedBlock>
				<ComposedBlock ID="cblock_2" HPOS="317" VPOS="1012" WIDTH="1110" HEIGHT="47">
					<TextBlock ID="block_4" HPOS="317" VPOS="1012" WIDTH="1110" HEIGHT="47">
						<TextLine ID="line_13" HPOS="317" VPOS="1012" WIDTH="1110" HEIGHT="47">
							<String ID="string_133" HPOS="317" VPOS="1012" WIDTH="241" HEIGHT="34" WC="0.96" CONTENT="Promemoria"/><SP WIDTH="16" VPOS="1012" HPOS="558"/>
							<String ID="string_134" HPOS="574" VPOS="1014" WIDTH="79" HEIGHT="32" WC="0.93" CONTENT="från"/><SP WIDTH="17" VPOS="1014" HPOS="653"/>
							<String ID="string_135" HPOS="670" VPOS="1015" WIDTH="303" HEIGHT="41" WC="0.91" CONTENT="protokollchefen"/><SP WIDTH="16" VPOS="1015" HPOS="973"/>
							<String ID="string_136" HPOS="989" VPOS="1017" WIDTH="12" HEIGHT="31" WC="0.93" CONTENT="i"/><SP WIDTH="15" VPOS="1017" HPOS="1001"/>
							<String ID="string_137" HPOS="1016" VPOS="1016" WIDTH="411" HEIGHT="43" WC="0.90" CONTENT="utrikesdepartementet"/>
						</TextLine>
					</TextBlock>
				</ComposedBlock>
				<ComposedBlock ID="cblock_3" HPOS="128" VPOS="1107" WIDTH="1486" HEIGHT="192">
					<TextBlock ID="block_5" HPOS="128" VPOS="1107" WIDTH="1486" HEIGHT="192">
						<TextLine ID="line_14" HPOS="172" VPOS="1107" WIDTH="1442" HEIGHT="45">
							<String ID="string_138" HPOS="172" VPOS="1107" WIDTH="306" HEIGHT="29" WC="0.91" CONTENT="Protokollchefen"/><SP WIDTH="25" VPOS="1107" HPOS="478"/>
							<String ID="string_139" HPOS="503" VPOS="1108" WIDTH="11" HEIGHT="28" WC="0.93" CONTENT="i"/><SP WIDTH="26" VPOS="1108" HPOS="514"/>
							<String ID="string_140" HPOS="540" VPOS="1108" WIDTH="410" HEIGHT="40" WC="0.90" CONTENT="utrikesdepartementet"/><SP WIDTH="26" VPOS="1108" HPOS="950"/>
							<String ID="string_141" HPOS="976" VPOS="1111" WIDTH="82" HEIGHT="29" WC="0.93" CONTENT="Olof"/><SP WIDTH="24" VPOS="1111" HPOS="1058"/>
							<String ID="string_142" HPOS="1082" VPOS="1111" WIDTH="200" HEIGHT="30" WC="0.91" CONTENT="Landenius"/><SP WIDTH="24" VPOS="1111" HPOS="1282"/>
							<String ID="string_143" HPOS="1306" VPOS="1112" WIDTH="64" HEIGHT="29" WC="0.96" CONTENT="har"/><SP WIDTH="27" VPOS="1112" HPOS="1370"/>
							<String ID="string_144" HPOS="1397" VPOS="1113" WIDTH="105" HEIGHT="38" WC="0.93" CONTENT="enligt"/><SP WIDTH="26" VPOS="1113" HPOS="1502"/>
							<String ID="string_145" HPOS="1528" VPOS="1122" WIDTH="86" HEIGHT="30" WC="0.92" CONTENT="upp-"/>
						</TextLine>
						<TextLine ID="line_15" HPOS="128" VPOS="1160" WIDTH="1486" HEIGHT="44">
							<String ID="string_146" HPOS="128" VPOS="1160" WIDTH="86" HEIGHT="38" WC="0.96" CONTENT="drag"/><SP WIDTH="29" VPOS="1160" HPOS="214"/>
							<String ID="string_147" HPOS="243" VPOS="1160" WIDTH="147" HEIGHT="29" WC="0.96" CONTENT="tillställt"/><SP WIDTH="28" VPOS="1160" HPOS="390"/>
							<String ID="string_148" HPOS="418" VPOS="1161" WIDTH="169" HEIGHT="30" WC="0.96" CONTENT="utskottet"/><SP WIDTH="29" VPOS="1161" HPOS="587"/>
							<String ID="string_149" HPOS="616" VPOS="1171" WIDTH="42" HEIGHT="21" WC="0.96" CONTENT="en"/><SP WIDTH="26" VPOS="1171" HPOS="658"/>
							<String ID="string_150" HPOS="684" VPOS="1164" WIDTH="234" HEIGHT="37" WC="0.95" CONTENT="promemoria"/><SP WIDTH="26" VPOS="1164" HPOS="918"/>
							<String ID="string_151" HPOS="944" VPOS="1165" WIDTH="79" HEIGHT="28" WC="0.96" CONTENT="med"/><SP WIDTH="28" VPOS="1165" HPOS="1023"/>
							<String ID="string_152" HPOS="1051" VPOS="1166" WIDTH="217" HEIGHT="38" WC="0.96" CONTENT="synpunkter"/><SP WIDTH="27" VPOS="1166" HPOS="1268"/>
							<String ID="string_153" HPOS="1295" VPOS="1165" WIDTH="221" HEIGHT="31" WC="0.90" CONTENT="beträffande"/><SP WIDTH="29" VPOS="1165" HPOS="1516"/>
							<String ID="string_154" HPOS="1545" VPOS="1167" WIDTH="69" HEIGHT="29" WC="0.90" CONTENT="för-"/>
						</TextLine>
						<TextLine ID="line_16" HPOS="128" VPOS="1213" WIDTH="1485" HEIGHT="47">
							<String ID="string_155" HPOS="128" VPOS="1213" WIDTH="119" HEIGHT="39" WC="0.92" CONTENT="läning"/><SP WIDTH="23" VPOS="1213" HPOS="247"/>
							<String ID="string_156" HPOS="270" VPOS="1223" WIDTH="40" HEIGHT="20" WC="0.96" CONTENT="av"/><SP WIDTH="23" VPOS="1223" HPOS="310"/>
							<String ID="string_157" HPOS="333" VPOS="1215" WIDTH="149" HEIGHT="29" WC="0.96" CONTENT="svenska"/><SP WIDTH="22" VPOS="1215" HPOS="482"/>
							<String ID="string_158" HPOS="504" VPOS="1215" WIDTH="128" HEIGHT="29" WC="0.96" CONTENT="ordnar"/><SP WIDTH="23" VPOS="1215" HPOS="632"/>
							<String ID="string_159" HPOS="655" VPOS="1216" WIDTH="64" HEIGHT="29" WC="0.93" CONTENT="och"/><SP WIDTH="23" VPOS="1216" HPOS="719"/>
							<String ID="string_160" HPOS="742" VPOS="1217" WIDTH="338" HEIGHT="30" WC="0.91" CONTENT="utmärkelsetecken"/><SP WIDTH="23" VPOS="1217" HPOS="1080"/>
							<String ID="string_161" HPOS="1103" VPOS="1219" WIDTH="52" HEIGHT="29" WC="0.96" CONTENT="till"/><SP WIDTH="23" VPOS="1219" HPOS="1155"/>
							<String ID="string_162" HPOS="1178" VPOS="1219" WIDTH="188" HEIGHT="30" WC="0.96" CONTENT="utländska"/><SP WIDTH="22" VPOS="1219" HPOS="1366"/>
							<String ID="string_163" HPOS="1388" VPOS="1220" WIDTH="225" HEIGHT="40" WC="0.96" CONTENT="medborgare"/>
						</TextLine>
						<TextLine ID="line_17" HPOS="128" VPOS="1267" WIDTH="697" HEIGHT="32">
							<String ID="string_164" HPOS="128" VPOS="1269" WIDTH="90" HEIGHT="27" WC="0.96" CONTENT="samt"/><SP WIDTH="14" VPOS="1269" HPOS="218"/>
							<String ID="string_165" HPOS="232" VPOS="1267" WIDTH="53" HEIGHT="29" WC="0.36" CONTENT="till"/><SP WIDTH="13" VPOS="1267" HPOS="285"/>
							<String ID="string_166" HPOS="298" VPOS="1268" WIDTH="11" HEIGHT="29" WC="0.36" CONTENT="i"/><SP WIDTH="14" VPOS="1268" HPOS="309"/>
							<String ID="string_167" HPOS="323" VPOS="1268" WIDTH="160" HEIGHT="30" WC="0.96" CONTENT="utlandet"/><SP WIDTH="13" VPOS="1268" HPOS="483"/>
							<String ID="string_168" HPOS="496" VPOS="1268" WIDTH="138" HEIGHT="30" WC="0.96" CONTENT="bosatta"/><SP WIDTH="15" VPOS="1268" HPOS="634"/>
							<String ID="string_169" HPOS="649" VPOS="1271" WIDTH="176" HEIGHT="28" WC="0.96" CONTENT="svenskar."/>
						</TextLine>
					</TextBlock>
				</ComposedBlock>
				<ComposedBlock ID="cblock_4" HPOS="127" VPOS="1330" WIDTH="1487" HEIGHT="1205">
					<TextBlock ID="block_6" HPOS="127" VPOS="1330" WIDTH="1486" HEIGHT="344">
						<TextLine ID="line_18" HPOS="174" VPOS="1330" WIDTH="1439" HEIGHT="43">
							<String ID="string_170" HPOS="174" VPOS="1330" WIDTH="79" HEIGHT="29" WC="0.96" CONTENT="Som"/><SP WIDTH="21" VPOS="1330" HPOS="253"/>
							<String ID="string_171" HPOS="274" VPOS="1330" WIDTH="128" HEIGHT="29" WC="0.93" CONTENT="bekant"/><SP WIDTH="22" VPOS="1330" HPOS="402"/>
							<String ID="string_172" HPOS="424" VPOS="1331" WIDTH="133" HEIGHT="39" WC="0.92" CONTENT="ingivas"/><SP WIDTH="21" VPOS="1331" HPOS="557"/>
							<String ID="string_173" HPOS="578" VPOS="1331" WIDTH="130" HEIGHT="41" WC="0.96" CONTENT="förslag"/><SP WIDTH="20" VPOS="1331" HPOS="708"/>
							<String ID="string_174" HPOS="728" VPOS="1333" WIDTH="52" HEIGHT="29" WC="0.96" CONTENT="till"/><SP WIDTH="21" VPOS="1333" HPOS="780"/>
							<String ID="string_175" HPOS="801" VPOS="1333" WIDTH="119" HEIGHT="40" WC="0.96" CONTENT="dylika"/><SP WIDTH="19" VPOS="1333" HPOS="920"/>
							<String ID="string_176" HPOS="939" VPOS="1334" WIDTH="202" HEIGHT="39" WC="0.96" CONTENT="belöningar"/><SP WIDTH="22" VPOS="1334" HPOS="1141"/>
							<String ID="string_177" HPOS="1163" VPOS="1345" WIDTH="41" HEIGHT="20" WC="0.96" CONTENT="av"/><SP WIDTH="21" VPOS="1345" HPOS="1204"/>
							<String ID="string_178" HPOS="1225" VPOS="1335" WIDTH="41" HEIGHT="30" WC="0.96" CONTENT="de"/><SP WIDTH="21" VPOS="1335" HPOS="1266"/>
							<String ID="string_179" HPOS="1287" VPOS="1336" WIDTH="148" HEIGHT="29" WC="0.93" CONTENT="svenska"/><SP WIDTH="21" VPOS="1336" HPOS="1435"/>
							<String ID="string_180" HPOS="1456" VPOS="1336" WIDTH="157" HEIGHT="30" WC="0.91" CONTENT="beskick-"/>
						</TextLine>
						<TextLine ID="line_19" HPOS="128" VPOS="1375" WIDTH="1485" HEIGHT="45">
							<String ID="string_181" HPOS="128" VPOS="1375" WIDTH="271" HEIGHT="38" WC="0.91" CONTENT="ningscheferna"/><SP WIDTH="22" VPOS="1375" HPOS="399"/>
							<String ID="string_182" HPOS="421" VPOS="1377" WIDTH="200" HEIGHT="29" WC="0.96" CONTENT="utomlands"/><SP WIDTH="22" VPOS="1377" HPOS="621"/>
							<String ID="string_183" HPOS="643" VPOS="1378" WIDTH="53" HEIGHT="28" WC="0.92" CONTENT="till"/><SP WIDTH="22" VPOS="1378" HPOS="696"/>
							<String ID="string_184" HPOS="718" VPOS="1378" WIDTH="421" HEIGHT="40" WC="0.91" CONTENT="utrikesdepartementet,"/><SP WIDTH="23" VPOS="1378" HPOS="1139"/>
							<String ID="string_185" HPOS="1162" VPOS="1381" WIDTH="106" HEIGHT="29" WC="0.96" CONTENT="vilket"/><SP WIDTH="22" VPOS="1381" HPOS="1268"/>
							<String ID="string_186" HPOS="1290" VPOS="1381" WIDTH="162" HEIGHT="34" WC="0.96" CONTENT="därefter,"/><SP WIDTH="23" VPOS="1381" HPOS="1452"/>
							<String ID="string_187" HPOS="1475" VPOS="1382" WIDTH="10" HEIGHT="28" WC="0.93" CONTENT="i"/><SP WIDTH="24" VPOS="1382" HPOS="1485"/>
							<String ID="string_188" HPOS="1509" VPOS="1382" WIDTH="104" HEIGHT="38" WC="0.91" CONTENT="enlig-"/>
						</TextLine>
						<TextLine ID="line_20" HPOS="127" VPOS="1419" WIDTH="1484" HEIGHT="46">
							<String ID="string_189" HPOS="127" VPOS="1419" WIDTH="58" HEIGHT="29" WC="0.96" CONTENT="het"/><SP WIDTH="21" VPOS="1419" HPOS="185"/>
							<String ID="string_190" HPOS="206" VPOS="1420" WIDTH="78" HEIGHT="29" WC="0.96" CONTENT="med"/><SP WIDTH="22" VPOS="1420" HPOS="284"/>
							<String ID="string_191" HPOS="306" VPOS="1421" WIDTH="158" HEIGHT="38" WC="0.96" CONTENT="gällande"/><SP WIDTH="21" VPOS="1421" HPOS="464"/>
							<String ID="string_192" HPOS="485" VPOS="1421" WIDTH="230" HEIGHT="35" WC="0.96" CONTENT="föreskrifter,"/><SP WIDTH="23" VPOS="1421" HPOS="715"/>
							<String ID="string_193" HPOS="738" VPOS="1423" WIDTH="165" HEIGHT="39" WC="0.96" CONTENT="antingen"/><SP WIDTH="22" VPOS="1423" HPOS="903"/>
							<String ID="string_194" HPOS="925" VPOS="1424" WIDTH="103" HEIGHT="38" WC="0.93" CONTENT="självt"/><SP WIDTH="23" VPOS="1424" HPOS="1028"/>
							<String ID="string_195" HPOS="1051" VPOS="1425" WIDTH="255" HEIGHT="29" WC="0.89" CONTENT="sakbehandlar"/><SP WIDTH="21" VPOS="1425" HPOS="1306"/>
							<String ID="string_196" HPOS="1327" VPOS="1426" WIDTH="65" HEIGHT="29" WC="0.93" CONTENT="och"/><SP WIDTH="20" VPOS="1426" HPOS="1392"/>
							<String ID="string_197" HPOS="1412" VPOS="1426" WIDTH="199" HEIGHT="39" WC="0.91" CONTENT="föredrager"/>
						</TextLine>
						<TextLine ID="line_21" HPOS="127" VPOS="1464" WIDTH="1485" HEIGHT="46">
							<String ID="string_198" HPOS="127" VPOS="1464" WIDTH="180" HEIGHT="30" WC="0.96" CONTENT="desamma"/><SP WIDTH="23" VPOS="1464" HPOS="307"/>
							<String ID="string_199" HPOS="330" VPOS="1464" WIDTH="54" HEIGHT="30" WC="0.93" CONTENT="för"/><SP WIDTH="24" VPOS="1464" HPOS="384"/>
							<String ID="string_200" HPOS="408" VPOS="1465" WIDTH="317" HEIGHT="31" WC="0.91" CONTENT="ordenskonsulten"/><SP WIDTH="24" VPOS="1465" HPOS="725"/>
							<String ID="string_201" HPOS="749" VPOS="1468" WIDTH="81" HEIGHT="29" WC="0.96" CONTENT="eller"/><SP WIDTH="23" VPOS="1468" HPOS="830"/>
							<String ID="string_202" HPOS="853" VPOS="1468" WIDTH="218" HEIGHT="30" WC="0.96" CONTENT="överlämnar"/><SP WIDTH="24" VPOS="1468" HPOS="1071"/>
							<String ID="string_203" HPOS="1095" VPOS="1469" WIDTH="78" HEIGHT="30" WC="0.96" CONTENT="dem"/><SP WIDTH="25" VPOS="1469" HPOS="1173"/>
							<String ID="string_204" HPOS="1198" VPOS="1469" WIDTH="54" HEIGHT="29" WC="0.96" CONTENT="för"/><SP WIDTH="24" VPOS="1469" HPOS="1252"/>
							<String ID="string_205" HPOS="1276" VPOS="1470" WIDTH="260" HEIGHT="40" WC="0.96" CONTENT="handläggning"/><SP WIDTH="27" VPOS="1470" HPOS="1536"/>
							<String ID="string_206" HPOS="1563" VPOS="1471" WIDTH="49" HEIGHT="29" WC="0.96" CONTENT="till"/>
						</TextLine>
						<TextLine ID="line_22" HPOS="128" VPOS="1509" WIDTH="1485" HEIGHT="44">
							<String ID="string_207" HPOS="128" VPOS="1509" WIDTH="258" HEIGHT="30" WC="0.93" CONTENT="vederbörande"/><SP WIDTH="20" VPOS="1509" HPOS="386"/>
							<String ID="string_208" HPOS="406" VPOS="1510" WIDTH="323" HEIGHT="40" WC="0.90" CONTENT="fackdepartement"/><SP WIDTH="21" VPOS="1510" HPOS="729"/>
							<String ID="string_209" HPOS="750" VPOS="1512" WIDTH="108" HEIGHT="30" WC="0.95" CONTENT="innan"/><SP WIDTH="20" VPOS="1512" HPOS="858"/>
							<String ID="string_210" HPOS="878" VPOS="1513" WIDTH="40" HEIGHT="29" WC="0.96" CONTENT="de"/><SP WIDTH="22" VPOS="1513" HPOS="918"/>
							<String ID="string_211" HPOS="940" VPOS="1513" WIDTH="182" HEIGHT="39" WC="0.96" CONTENT="slutgiltigt"/><SP WIDTH="21" VPOS="1513" HPOS="1122"/>
							<String ID="string_212" HPOS="1143" VPOS="1523" WIDTH="41" HEIGHT="20" WC="0.93" CONTENT="av"/><SP WIDTH="19" VPOS="1523" HPOS="1184"/>
							<String ID="string_213" HPOS="1203" VPOS="1515" WIDTH="301" HEIGHT="38" WC="0.82" CONTENT="protokollehefen"/><SP WIDTH="22" VPOS="1515" HPOS="1504"/>
							<String ID="string_214" HPOS="1526" VPOS="1516" WIDTH="87" HEIGHT="28" WC="0.92" CONTENT="före-"/>
						</TextLine>
						<TextLine ID="line_23" HPOS="128" VPOS="1554" WIDTH="1485" HEIGHT="44">
							<String ID="string_215" HPOS="128" VPOS="1554" WIDTH="125" HEIGHT="38" WC="0.92" CONTENT="dragas"/><SP WIDTH="22" VPOS="1554" HPOS="253"/>
							<String ID="string_216" HPOS="275" VPOS="1554" WIDTH="54" HEIGHT="29" WC="0.92" CONTENT="för"/><SP WIDTH="24" VPOS="1554" HPOS="329"/>
							<String ID="string_217" HPOS="353" VPOS="1555" WIDTH="313" HEIGHT="30" WC="0.90" CONTENT="Ordenskanslern."/><SP WIDTH="25" VPOS="1555" HPOS="666"/>
							<String ID="string_218" HPOS="691" VPOS="1557" WIDTH="63" HEIGHT="29" WC="0.96" CONTENT="Det"/><SP WIDTH="23" VPOS="1557" HPOS="754"/>
							<String ID="string_219" HPOS="777" VPOS="1566" WIDTH="101" HEIGHT="30" WC="0.96" CONTENT="synes"/><SP WIDTH="23" VPOS="1566" HPOS="878"/>
							<String ID="string_220" HPOS="901" VPOS="1557" WIDTH="119" HEIGHT="29" WC="0.96" CONTENT="därför"/><SP WIDTH="22" VPOS="1557" HPOS="1020"/>
							<String ID="string_221" HPOS="1042" VPOS="1559" WIDTH="184" HEIGHT="29" WC="0.96" CONTENT="motiverat"/><SP WIDTH="23" VPOS="1559" HPOS="1226"/>
							<String ID="string_222" HPOS="1249" VPOS="1561" WIDTH="49" HEIGHT="28" WC="0.95" CONTENT="att"/><SP WIDTH="22" VPOS="1561" HPOS="1298"/>
							<String ID="string_223" HPOS="1320" VPOS="1559" WIDTH="293" HEIGHT="39" WC="0.96" CONTENT="departementets"/>
						</TextLine>
						<TextLine ID="line_24" HPOS="128" VPOS="1598" WIDTH="1485" HEIGHT="45">
							<String ID="string_224" HPOS="128" VPOS="1598" WIDTH="237" HEIGHT="30" WC="0.96" CONTENT="erfarenheter"/><SP WIDTH="24" VPOS="1598" HPOS="365"/>
							<String ID="string_225" HPOS="389" VPOS="1600" WIDTH="10" HEIGHT="28" WC="0.96" CONTENT="i"/><SP WIDTH="25" VPOS="1600" HPOS="399"/>
							<String ID="string_226" HPOS="424" VPOS="1599" WIDTH="147" HEIGHT="30" WC="0.96" CONTENT="berörda"/><SP WIDTH="23" VPOS="1599" HPOS="571"/>
							<String ID="string_227" HPOS="594" VPOS="1600" WIDTH="198" HEIGHT="30" WC="0.96" CONTENT="hänseende"/><SP WIDTH="24" VPOS="1600" HPOS="792"/>
							<String ID="string_228" HPOS="816" VPOS="1601" WIDTH="177" HEIGHT="31" WC="0.96" CONTENT="redovisas"/><SP WIDTH="25" VPOS="1601" HPOS="993"/>
							<String ID="string_229" HPOS="1018" VPOS="1602" WIDTH="93" HEIGHT="30" WC="0.93" CONTENT="inför"/><SP WIDTH="25" VPOS="1602" HPOS="1111"/>
							<String ID="string_230" HPOS="1136" VPOS="1604" WIDTH="412" HEIGHT="39" WC="0.91" CONTENT="utskottsbehandlingen"/><SP WIDTH="25" VPOS="1604" HPOS="1548"/>
							<String ID="string_231" HPOS="1573" VPOS="1615" WIDTH="40" HEIGHT="19" WC="0.96" CONTENT="av"/>
						</TextLine>
						<TextLine ID="line_25" HPOS="128" VPOS="1643" WIDTH="451" HEIGHT="31">
							<String ID="string_232" HPOS="128" VPOS="1643" WIDTH="41" HEIGHT="29" WC="0.96" CONTENT="de"/><SP WIDTH="14" VPOS="1643" HPOS="169"/>
							<String ID="string_233" HPOS="183" VPOS="1644" WIDTH="153" HEIGHT="29" WC="0.96" CONTENT="nämnda"/><SP WIDTH="14" VPOS="1644" HPOS="336"/>
							<String ID="string_234" HPOS="350" VPOS="1645" WIDTH="229" HEIGHT="29" WC="0.96" CONTENT="motionerna."/>
						</TextLine>
					</TextBlock>
					<TextBlock ID="block_7" HPOS="127" VPOS="1688" WIDTH="1487" HEIGHT="485">
						<TextLine ID="line_26" HPOS="174" VPOS="1688" WIDTH="1439" HEIGHT="44">
							<String ID="string_235" HPOS="174" VPOS="1688" WIDTH="62" HEIGHT="29" WC="0.96" CONTENT="Det"/><SP WIDTH="28" VPOS="1688" HPOS="236"/>
							<String ID="string_236" HPOS="264" VPOS="1688" WIDTH="98" HEIGHT="30" WC="0.96" CONTENT="torde"/><SP WIDTH="25" VPOS="1688" HPOS="362"/>
							<String ID="string_237" HPOS="387" VPOS="1698" WIDTH="83" HEIGHT="20" WC="0.96" CONTENT="vara"/><SP WIDTH="27" VPOS="1698" HPOS="470"/>
							<String ID="string_238" HPOS="497" VPOS="1690" WIDTH="94" HEIGHT="29" WC="0.96" CONTENT="ställt"/><SP WIDTH="28" VPOS="1690" HPOS="591"/>
							<String ID="string_239" HPOS="619" VPOS="1692" WIDTH="96" HEIGHT="27" WC="0.94" CONTENT="utom"/><SP WIDTH="28" VPOS="1692" HPOS="715"/>
							<String ID="string_240" HPOS="743" VPOS="1691" WIDTH="61" HEIGHT="29" WC="0.94" CONTENT="allt"/><SP WIDTH="28" VPOS="1691" HPOS="804"/>
							<String ID="string_241" HPOS="832" VPOS="1691" WIDTH="111" HEIGHT="34" WC="0.96" CONTENT="tvivel,"/><SP WIDTH="29" VPOS="1691" HPOS="943"/>
							<String ID="string_242" HPOS="972" VPOS="1694" WIDTH="50" HEIGHT="27" WC="0.93" CONTENT="att"/><SP WIDTH="27" VPOS="1694" HPOS="1022"/>
							<String ID="string_243" HPOS="1049" VPOS="1693" WIDTH="344" HEIGHT="39" WC="0.91" CONTENT="ordensförläningar"/><SP WIDTH="29" VPOS="1693" HPOS="1393"/>
							<String ID="string_244" HPOS="1422" VPOS="1694" WIDTH="122" HEIGHT="38" WC="0.96" CONTENT="utgöra"/><SP WIDTH="28" VPOS="1694" HPOS="1544"/>
							<String ID="string_245" HPOS="1572" VPOS="1703" WIDTH="41" HEIGHT="20" WC="0.95" CONTENT="en"/>
						</TextLine>
						<TextLine ID="line_27" HPOS="129" VPOS="1734" WIDTH="1485" HEIGHT="40">
							<String ID="string_246" HPOS="129" VPOS="1734" WIDTH="222" HEIGHT="37" WC="0.96" CONTENT="synnerligen"/><SP WIDTH="20" VPOS="1734" HPOS="351"/>
							<String ID="string_247" HPOS="371" VPOS="1734" WIDTH="147" HEIGHT="29" WC="0.96" CONTENT="effektiv"/><SP WIDTH="20" VPOS="1734" HPOS="518"/>
							<String ID="string_248" HPOS="538" VPOS="1734" WIDTH="64" HEIGHT="29" WC="0.96" CONTENT="och"/><SP WIDTH="22" VPOS="1734" HPOS="602"/>
							<String ID="string_249" HPOS="624" VPOS="1735" WIDTH="161" HEIGHT="29" WC="0.93" CONTENT="åtråvärd"/><SP WIDTH="21" VPOS="1735" HPOS="785"/>
							<String ID="string_250" HPOS="806" VPOS="1735" WIDTH="274" HEIGHT="39" WC="0.91" CONTENT="belöningsform"/><SP WIDTH="23" VPOS="1735" HPOS="1080"/>
							<String ID="string_251" HPOS="1103" VPOS="1736" WIDTH="54" HEIGHT="30" WC="0.96" CONTENT="för"/><SP WIDTH="21" VPOS="1736" HPOS="1157"/>
							<String ID="string_252" HPOS="1178" VPOS="1737" WIDTH="206" HEIGHT="36" WC="0.96" CONTENT="förtjänster"/><SP WIDTH="21" VPOS="1737" HPOS="1384"/>
							<String ID="string_253" HPOS="1405" VPOS="1738" WIDTH="94" HEIGHT="29" WC="0.96" CONTENT="inom"/><SP WIDTH="22" VPOS="1738" HPOS="1499"/>
							<String ID="string_254" HPOS="1521" VPOS="1739" WIDTH="93" HEIGHT="28" WC="0.96" CONTENT="olika"/>
						</TextLine>
						<TextLine ID="line_28" HPOS="129" VPOS="1777" WIDTH="1484" HEIGHT="44">
							<String ID="string_255" HPOS="129" VPOS="1777" WIDTH="167" HEIGHT="29" WC="0.96" CONTENT="områden"/><SP WIDTH="16" VPOS="1777" HPOS="296"/>
							<String ID="string_256" HPOS="312" VPOS="1778" WIDTH="52" HEIGHT="29" WC="0.96" CONTENT="till"/><SP WIDTH="17" VPOS="1778" HPOS="364"/>
							<String ID="string_257" HPOS="381" VPOS="1778" WIDTH="151" HEIGHT="29" WC="0.96" CONTENT="fromma"/><SP WIDTH="17" VPOS="1778" HPOS="532"/>
							<String ID="string_258" HPOS="549" VPOS="1779" WIDTH="54" HEIGHT="28" WC="0.96" CONTENT="för"/><SP WIDTH="19" VPOS="1779" HPOS="603"/>
							<String ID="string_259" HPOS="622" VPOS="1779" WIDTH="154" HEIGHT="39" WC="0.95" CONTENT="Sveriges"/><SP WIDTH="18" VPOS="1779" HPOS="776"/>
							<String ID="string_260" HPOS="794" VPOS="1780" WIDTH="229" HEIGHT="29" WC="0.96" CONTENT="förbindelser"/><SP WIDTH="17" VPOS="1780" HPOS="1023"/>
							<String ID="string_261" HPOS="1040" VPOS="1781" WIDTH="79" HEIGHT="28" WC="0.96" CONTENT="med"/><SP WIDTH="16" VPOS="1781" HPOS="1119"/>
							<String ID="string_262" HPOS="1135" VPOS="1782" WIDTH="168" HEIGHT="28" WC="0.96" CONTENT="utlandet."/><SP WIDTH="19" VPOS="1782" HPOS="1303"/>
							<String ID="string_263" HPOS="1322" VPOS="1782" WIDTH="119" HEIGHT="29" WC="0.95" CONTENT="Såsom"/><SP WIDTH="19" VPOS="1782" HPOS="1441"/>
							<String ID="string_264" HPOS="1460" VPOS="1783" WIDTH="153" HEIGHT="38" WC="0.96" CONTENT="exempel"/>
						</TextLine>
						<TextLine ID="line_29" HPOS="127" VPOS="1822" WIDTH="1485" HEIGHT="38">
							<String ID="string_265" HPOS="127" VPOS="1822" WIDTH="111" HEIGHT="38" WC="0.96" CONTENT="härpå"/><SP WIDTH="22" VPOS="1822" HPOS="238"/>
							<String ID="string_266" HPOS="260" VPOS="1822" WIDTH="57" HEIGHT="29" WC="0.96" CONTENT="må"/><SP WIDTH="24" VPOS="1822" HPOS="317"/>
							<String ID="string_267" HPOS="341" VPOS="1822" WIDTH="142" HEIGHT="30" WC="0.96" CONTENT="anföras"/><SP WIDTH="23" VPOS="1822" HPOS="483"/>
							<String ID="string_268" HPOS="506" VPOS="1823" WIDTH="56" HEIGHT="29" WC="0.96" CONTENT="det"/><SP WIDTH="24" VPOS="1823" HPOS="562"/>
							<String ID="string_269" HPOS="586" VPOS="1832" WIDTH="143" HEIGHT="20" WC="0.96" CONTENT="enorma"/><SP WIDTH="22" VPOS="1832" HPOS="729"/>
							<String ID="string_270" HPOS="751" VPOS="1824" WIDTH="106" HEIGHT="29" WC="0.96" CONTENT="värde"/><SP WIDTH="23" VPOS="1824" HPOS="857"/>
							<String ID="string_271" HPOS="880" VPOS="1834" WIDTH="72" HEIGHT="20" WC="0.96" CONTENT="som"/><SP WIDTH="26" VPOS="1834" HPOS="952"/>
							<String ID="string_272" HPOS="978" VPOS="1825" WIDTH="148" HEIGHT="29" WC="0.96" CONTENT="svenska"/><SP WIDTH="24" VPOS="1825" HPOS="1126"/>
							<String ID="string_273" HPOS="1150" VPOS="1825" WIDTH="243" HEIGHT="30" WC="0.96" CONTENT="dekorationer"/><SP WIDTH="24" VPOS="1825" HPOS="1393"/>
							<String ID="string_274" HPOS="1417" VPOS="1827" WIDTH="64" HEIGHT="29" WC="0.96" CONTENT="och"/><SP WIDTH="23" VPOS="1827" HPOS="1481"/>
							<String ID="string_275" HPOS="1504" VPOS="1828" WIDTH="108" HEIGHT="28" WC="0.96" CONTENT="andra"/>
						</TextLine>
						<TextLine ID="line_30" HPOS="131" VPOS="1867" WIDTH="1483" HEIGHT="37">
							<String ID="string_276" HPOS="131" VPOS="1867" WIDTH="337" HEIGHT="29" WC="0.92" CONTENT="utmärkelsetecken"/><SP WIDTH="32" VPOS="1867" HPOS="468"/>
							<String ID="string_277" HPOS="500" VPOS="1868" WIDTH="165" HEIGHT="29" WC="0.96" CONTENT="tillmätas"/><SP WIDTH="30" VPOS="1868" HPOS="665"/>
							<String ID="string_278" HPOS="695" VPOS="1869" WIDTH="10" HEIGHT="28" WC="0.96" CONTENT="i"/><SP WIDTH="28" VPOS="1869" HPOS="705"/>
							<String ID="string_279" HPOS="733" VPOS="1868" WIDTH="151" HEIGHT="30" WC="0.96" CONTENT="Förenta"/><SP WIDTH="30" VPOS="1868" HPOS="884"/>
							<String ID="string_280" HPOS="914" VPOS="1869" WIDTH="168" HEIGHT="35" WC="0.96" CONTENT="Staterna,"/><SP WIDTH="31" VPOS="1869" HPOS="1082"/>
							<String ID="string_281" HPOS="1113" VPOS="1870" WIDTH="61" HEIGHT="29" WC="0.96" CONTENT="där"/><SP WIDTH="30" VPOS="1870" HPOS="1174"/>
							<String ID="string_282" HPOS="1204" VPOS="1870" WIDTH="148" HEIGHT="30" WC="0.96" CONTENT="framför"/><SP WIDTH="31" VPOS="1870" HPOS="1352"/>
							<String ID="string_283" HPOS="1383" VPOS="1872" WIDTH="59" HEIGHT="28" WC="0.93" CONTENT="allt"/><SP WIDTH="31" VPOS="1872" HPOS="1442"/>
							<String ID="string_284" HPOS="1473" VPOS="1872" WIDTH="141" HEIGHT="29" WC="0.92" CONTENT="svensk-"/>
						</TextLine>
						<TextLine ID="line_31" HPOS="128" VPOS="1912" WIDTH="1485" HEIGHT="43">
							<String ID="string_285" HPOS="128" VPOS="1912" WIDTH="220" HEIGHT="29" WC="0.95" CONTENT="amerikaner"/><SP WIDTH="29" VPOS="1912" HPOS="348"/>
							<String ID="string_286" HPOS="377" VPOS="1912" WIDTH="264" HEIGHT="33" WC="0.96" CONTENT="(amerikanska"/><SP WIDTH="24" VPOS="1912" HPOS="641"/>
							<String ID="string_287" HPOS="665" VPOS="1913" WIDTH="242" HEIGHT="39" WC="0.96" CONTENT="medborgare)"/><SP WIDTH="29" VPOS="1913" HPOS="907"/>
							<String ID="string_288" HPOS="936" VPOS="1916" WIDTH="10" HEIGHT="28" WC="0.96" CONTENT="i"/><SP WIDTH="27" VPOS="1916" HPOS="946"/>
							<String ID="string_289" HPOS="973" VPOS="1916" WIDTH="86" HEIGHT="27" WC="0.96" CONTENT="stort"/><SP WIDTH="25" VPOS="1916" HPOS="1059"/>
							<String ID="string_290" HPOS="1084" VPOS="1916" WIDTH="94" HEIGHT="28" WC="0.96" CONTENT="antal"/><SP WIDTH="25" VPOS="1916" HPOS="1178"/>
							<String ID="string_291" HPOS="1203" VPOS="1915" WIDTH="111" HEIGHT="29" WC="0.96" CONTENT="under"/><SP WIDTH="26" VPOS="1915" HPOS="1314"/>
							<String ID="string_292" HPOS="1340" VPOS="1916" WIDTH="100" HEIGHT="28" WC="0.96" CONTENT="årens"/><SP WIDTH="26" VPOS="1916" HPOS="1440"/>
							<String ID="string_293" HPOS="1466" VPOS="1917" WIDTH="79" HEIGHT="38" WC="0.96" CONTENT="lopp"/><SP WIDTH="25" VPOS="1917" HPOS="1545"/>
							<String ID="string_294" HPOS="1570" VPOS="1917" WIDTH="43" HEIGHT="38" WC="0.96" CONTENT="på"/>
						</TextLine>
						<TextLine ID="line_32" HPOS="128" VPOS="1956" WIDTH="1485" HEIGHT="44">
							<String ID="string_295" HPOS="128" VPOS="1956" WIDTH="94" HEIGHT="29" WC="0.96" CONTENT="detta"/><SP WIDTH="20" VPOS="1956" HPOS="222"/>
							<String ID="string_296" HPOS="242" VPOS="1957" WIDTH="67" HEIGHT="28" WC="0.93" CONTENT="sätt"/><SP WIDTH="18" VPOS="1957" HPOS="309"/>
							<String ID="string_297" HPOS="327" VPOS="1956" WIDTH="250" HEIGHT="40" WC="0.91" CONTENT="ihågkommits"/><SP WIDTH="20" VPOS="1956" HPOS="577"/>
							<String ID="string_298" HPOS="597" VPOS="1957" WIDTH="80" HEIGHT="30" WC="0.96" CONTENT="från"/><SP WIDTH="19" VPOS="1957" HPOS="677"/>
							<String ID="string_299" HPOS="696" VPOS="1959" WIDTH="127" HEIGHT="28" WC="0.96" CONTENT="svensk"/><SP WIDTH="18" VPOS="1959" HPOS="823"/>
							<String ID="string_300" HPOS="841" VPOS="1958" WIDTH="75" HEIGHT="30" WC="0.96" CONTENT="sida"/><SP WIDTH="19" VPOS="1958" HPOS="916"/>
							<String ID="string_301" HPOS="935" VPOS="1958" WIDTH="54" HEIGHT="30" WC="0.96" CONTENT="för"/><SP WIDTH="19" VPOS="1958" HPOS="989"/>
							<String ID="string_302" HPOS="1008" VPOS="1959" WIDTH="122" HEIGHT="39" WC="0.96" CONTENT="gjorda"/><SP WIDTH="18" VPOS="1959" HPOS="1130"/>
							<String ID="string_303" HPOS="1148" VPOS="1959" WIDTH="149" HEIGHT="30" WC="0.95" CONTENT="insatser"/><SP WIDTH="21" VPOS="1959" HPOS="1297"/>
							<String ID="string_304" HPOS="1318" VPOS="1970" WIDTH="41" HEIGHT="19" WC="0.93" CONTENT="av"/><SP WIDTH="19" VPOS="1970" HPOS="1359"/>
							<String ID="string_305" HPOS="1378" VPOS="1960" WIDTH="235" HEIGHT="40" WC="0.91" CONTENT="uppoffrande"/>
						</TextLine>
						<TextLine ID="line_33" HPOS="129" VPOS="2000" WIDTH="1484" HEIGHT="44">
							<String ID="string_306" HPOS="129" VPOS="2000" WIDTH="116" HEIGHT="30" WC="0.96" CONTENT="arbete"/><SP WIDTH="27" VPOS="2000" HPOS="245"/>
							<String ID="string_307" HPOS="272" VPOS="2001" WIDTH="96" HEIGHT="29" WC="0.95" CONTENT="inom"/><SP WIDTH="31" VPOS="2001" HPOS="368"/>
							<String ID="string_308" HPOS="399" VPOS="2002" WIDTH="148" HEIGHT="29" WC="0.96" CONTENT="svenska"/><SP WIDTH="29" VPOS="2002" HPOS="547"/>
							<String ID="string_309" HPOS="576" VPOS="2002" WIDTH="210" HEIGHT="39" WC="0.96" CONTENT="föreningar,"/><SP WIDTH="30" VPOS="2002" HPOS="786"/>
							<String ID="string_310" HPOS="816" VPOS="2003" WIDTH="328" HEIGHT="30" WC="0.94" CONTENT="handelskammare"/><SP WIDTH="30" VPOS="2003" HPOS="1144"/>
							<String ID="string_311" HPOS="1174" VPOS="2005" WIDTH="81" HEIGHT="28" WC="0.94" CONTENT="eller"/><SP WIDTH="30" VPOS="2005" HPOS="1255"/>
							<String ID="string_312" HPOS="1285" VPOS="2006" WIDTH="109" HEIGHT="28" WC="0.96" CONTENT="andra"/><SP WIDTH="30" VPOS="2006" HPOS="1394"/>
							<String ID="string_313" HPOS="1424" VPOS="2013" WIDTH="106" HEIGHT="31" WC="0.96" CONTENT="organ"/><SP WIDTH="30" VPOS="2013" HPOS="1530"/>
							<String ID="string_314" HPOS="1560" VPOS="2006" WIDTH="53" HEIGHT="29" WC="0.96" CONTENT="för"/>
						</TextLine>
						<TextLine ID="line_34" HPOS="128" VPOS="2045" WIDTH="1484" HEIGHT="41">
							<String ID="string_315" HPOS="128" VPOS="2045" WIDTH="200" HEIGHT="40" WC="0.96" CONTENT="främjande"/><SP WIDTH="21" VPOS="2045" HPOS="328"/>
							<String ID="string_316" HPOS="349" VPOS="2056" WIDTH="42" HEIGHT="19" WC="0.96" CONTENT="av"/><SP WIDTH="20" VPOS="2056" HPOS="391"/>
							<String ID="string_317" HPOS="411" VPOS="2047" WIDTH="153" HEIGHT="39" WC="0.95" CONTENT="Sveriges"/><SP WIDTH="20" VPOS="2047" HPOS="564"/>
							<String ID="string_318" HPOS="584" VPOS="2047" WIDTH="172" HEIGHT="30" WC="0.96" CONTENT="intressen"/><SP WIDTH="21" VPOS="2047" HPOS="756"/>
							<String ID="string_319" HPOS="777" VPOS="2048" WIDTH="10" HEIGHT="28" WC="0.96" CONTENT="i"/><SP WIDTH="20" VPOS="2048" HPOS="787"/>
							<String ID="string_320" HPOS="807" VPOS="2048" WIDTH="165" HEIGHT="29" WC="0.96" CONTENT="Amerika"/><SP WIDTH="20" VPOS="2048" HPOS="972"/>
							<String ID="string_321" HPOS="992" VPOS="2049" WIDTH="170" HEIGHT="34" WC="0.94" CONTENT="och/eller"/><SP WIDTH="20" VPOS="2049" HPOS="1162"/>
							<String ID="string_322" HPOS="1182" VPOS="2050" WIDTH="10" HEIGHT="28" WC="0.96" CONTENT="i"/><SP WIDTH="20" VPOS="2050" HPOS="1192"/>
							<String ID="string_323" HPOS="1212" VPOS="2049" WIDTH="91" HEIGHT="30" WC="0.96" CONTENT="form"/><SP WIDTH="21" VPOS="2049" HPOS="1303"/>
							<String ID="string_324" HPOS="1324" VPOS="2059" WIDTH="41" HEIGHT="20" WC="0.96" CONTENT="av"/><SP WIDTH="21" VPOS="2059" HPOS="1365"/>
							<String ID="string_325" HPOS="1386" VPOS="2051" WIDTH="226" HEIGHT="28" WC="0.96" CONTENT="ekonomiska"/>
						</TextLine>
						<TextLine ID="line_35" HPOS="128" VPOS="2090" WIDTH="1483" HEIGHT="43">
							<String ID="string_326" HPOS="128" VPOS="2090" WIDTH="122" HEIGHT="39" WC="0.96" CONTENT="bidrag"/><SP WIDTH="17" VPOS="2090" HPOS="250"/>
							<String ID="string_327" HPOS="267" VPOS="2091" WIDTH="53" HEIGHT="29" WC="0.96" CONTENT="till"/><SP WIDTH="17" VPOS="2091" HPOS="320"/>
							<String ID="string_328" HPOS="337" VPOS="2091" WIDTH="127" HEIGHT="39" WC="0.96" CONTENT="dylika."/><SP WIDTH="20" VPOS="2091" HPOS="464"/>
							<String ID="string_329" HPOS="484" VPOS="2091" WIDTH="140" HEIGHT="30" WC="0.96" CONTENT="Samma"/><SP WIDTH="17" VPOS="2091" HPOS="624"/>
							<String ID="string_330" HPOS="641" VPOS="2092" WIDTH="159" HEIGHT="29" WC="0.95" CONTENT="omdöme"/><SP WIDTH="18" VPOS="2092" HPOS="800"/>
							<String ID="string_331" HPOS="818" VPOS="2093" WIDTH="97" HEIGHT="29" WC="0.95" CONTENT="torde"/><SP WIDTH="17" VPOS="2093" HPOS="915"/>
							<String ID="string_332" HPOS="932" VPOS="2093" WIDTH="11" HEIGHT="28" WC="0.95" CONTENT="i"/><SP WIDTH="18" VPOS="2093" HPOS="943"/>
							<String ID="string_333" HPOS="961" VPOS="2093" WIDTH="136" HEIGHT="39" WC="0.95" CONTENT="princip"/><SP WIDTH="18" VPOS="2093" HPOS="1097"/>
							<String ID="string_334" HPOS="1115" VPOS="2094" WIDTH="89" HEIGHT="38" WC="0.96" CONTENT="gälla"/><SP WIDTH="18" VPOS="2094" HPOS="1204"/>
							<String ID="string_335" HPOS="1222" VPOS="2095" WIDTH="85" HEIGHT="28" WC="0.96" CONTENT="även"/><SP WIDTH="18" VPOS="2095" HPOS="1307"/>
							<String ID="string_336" HPOS="1325" VPOS="2094" WIDTH="44" HEIGHT="39" WC="0.96" CONTENT="på"/><SP WIDTH="18" VPOS="2094" HPOS="1369"/>
							<String ID="string_337" HPOS="1387" VPOS="2095" WIDTH="109" HEIGHT="29" WC="0.96" CONTENT="andra"/><SP WIDTH="19" VPOS="2095" HPOS="1496"/>
							<String ID="string_338" HPOS="1515" VPOS="2095" WIDTH="70" HEIGHT="29" WC="0.95" CONTENT="håll"/><SP WIDTH="20" VPOS="2095" HPOS="1585"/>
							<String ID="string_339" HPOS="1605" VPOS="2096" WIDTH="6" HEIGHT="28" WC="0.95" CONTENT="i"/>
						</TextLine>
						<TextLine ID="line_36" HPOS="127" VPOS="2131" WIDTH="602" HEIGHT="44">
							<String ID="string_340" HPOS="127" VPOS="2131" WIDTH="154" HEIGHT="44" WC="0.96" CONTENT="världen."/><SP WIDTH="445" VPOS="2131" HPOS="281"/>
							<String ID="string_341" HPOS="726" VPOS="2170" WIDTH="3" HEIGHT="3" WC="0.37" CONTENT="|"/>
						</TextLine>
					</TextBlock>
					<TextBlock ID="block_8" HPOS="127" VPOS="2180" WIDTH="1487" HEIGHT="355">
						<TextLine ID="line_37" HPOS="173" VPOS="2180" WIDTH="1441" HEIGHT="41">
							<String ID="string_342" HPOS="173" VPOS="2180" WIDTH="97" HEIGHT="29" WC="0.96" CONTENT="Efter"/><SP WIDTH="20" VPOS="2180" HPOS="270"/>
							<String ID="string_343" HPOS="290" VPOS="2180" WIDTH="56" HEIGHT="30" WC="0.95" CONTENT="det"/><SP WIDTH="19" VPOS="2180" HPOS="346"/>
							<String ID="string_344" HPOS="365" VPOS="2183" WIDTH="49" HEIGHT="27" WC="0.96" CONTENT="att"/><SP WIDTH="19" VPOS="2183" HPOS="414"/>
							<String ID="string_345" HPOS="433" VPOS="2181" WIDTH="54" HEIGHT="29" WC="0.96" CONTENT="för"/><SP WIDTH="19" VPOS="2181" HPOS="487"/>
							<String ID="string_346" HPOS="506" VPOS="2181" WIDTH="107" HEIGHT="39" WC="0.96" CONTENT="några"/><SP WIDTH="19" VPOS="2181" HPOS="613"/>
							<String ID="string_347" HPOS="632" VPOS="2181" WIDTH="37" HEIGHT="29" WC="0.96" CONTENT="år"/><SP WIDTH="20" VPOS="2181" HPOS="669"/>
							<String ID="string_348" HPOS="689" VPOS="2182" WIDTH="106" HEIGHT="30" WC="0.96" CONTENT="sedan"/><SP WIDTH="19" VPOS="2182" HPOS="795"/>
							<String ID="string_349" HPOS="814" VPOS="2182" WIDTH="65" HEIGHT="29" WC="0.96" CONTENT="den"/><SP WIDTH="20" VPOS="2182" HPOS="879"/>
							<String ID="string_350" HPOS="899" VPOS="2182" WIDTH="192" HEIGHT="39" WC="0.96" CONTENT="ändringen"/><SP WIDTH="18" VPOS="2182" HPOS="1091"/>
							<String ID="string_351" HPOS="1109" VPOS="2183" WIDTH="164" HEIGHT="38" WC="0.96" CONTENT="vidtagits"/><SP WIDTH="19" VPOS="2183" HPOS="1273"/>
							<String ID="string_352" HPOS="1292" VPOS="2184" WIDTH="10" HEIGHT="28" WC="0.93" CONTENT="i"/><SP WIDTH="21" VPOS="2184" HPOS="1302"/>
							<String ID="string_353" HPOS="1323" VPOS="2184" WIDTH="291" HEIGHT="29" WC="0.91" CONTENT="ordensstatuter-"/>
						</TextLine>
						<TextLine ID="line_38" HPOS="129" VPOS="2225" WIDTH="1485" HEIGHT="40">
							<String ID="string_354" HPOS="129" VPOS="2234" WIDTH="53" HEIGHT="25" WC="0.94" CONTENT="na,"/><SP WIDTH="18" VPOS="2234" HPOS="182"/>
							<String ID="string_355" HPOS="200" VPOS="2227" WIDTH="47" HEIGHT="27" WC="0.96" CONTENT="att"/><SP WIDTH="17" VPOS="2227" HPOS="247"/>
							<String ID="string_356" HPOS="264" VPOS="2225" WIDTH="128" HEIGHT="37" WC="0.96" CONTENT="jämväl"/><SP WIDTH="17" VPOS="2225" HPOS="392"/>
							<String ID="string_357" HPOS="409" VPOS="2225" WIDTH="150" HEIGHT="30" WC="0.96" CONTENT="kvinnor"/><SP WIDTH="16" VPOS="2225" HPOS="559"/>
							<String ID="string_358" HPOS="575" VPOS="2226" WIDTH="119" HEIGHT="30" WC="0.96" CONTENT="kunna"/><SP WIDTH="17" VPOS="2226" HPOS="694"/>
							<String ID="string_359" HPOS="711" VPOS="2226" WIDTH="147" HEIGHT="30" WC="0.96" CONTENT="tilldelas"/><SP WIDTH="19" VPOS="2226" HPOS="858"/>
							<String ID="string_360" HPOS="877" VPOS="2227" WIDTH="148" HEIGHT="30" WC="0.96" CONTENT="svenska"/><SP WIDTH="17" VPOS="2227" HPOS="1025"/>
							<String ID="string_361" HPOS="1042" VPOS="2228" WIDTH="136" HEIGHT="33" WC="0.95" CONTENT="ordnar,"/><SP WIDTH="16" VPOS="2228" HPOS="1178"/>
							<String ID="string_362" HPOS="1194" VPOS="2228" WIDTH="64" HEIGHT="29" WC="0.95" CONTENT="har"/><SP WIDTH="17" VPOS="2228" HPOS="1258"/>
							<String ID="string_363" HPOS="1275" VPOS="2237" WIDTH="42" HEIGHT="20" WC="0.96" CONTENT="en"/><SP WIDTH="16" VPOS="2237" HPOS="1317"/>
							<String ID="string_364" HPOS="1333" VPOS="2229" WIDTH="169" HEIGHT="36" WC="0.93" CONTENT="väsentlig"/><SP WIDTH="17" VPOS="2229" HPOS="1502"/>
							<String ID="string_365" HPOS="1519" VPOS="2237" WIDTH="95" HEIGHT="28" WC="0.92" CONTENT="svag-"/>
						</TextLine>
						<TextLine ID="line_39" HPOS="127" VPOS="2270" WIDTH="1487" HEIGHT="41">
							<String ID="string_366" HPOS="127" VPOS="2270" WIDTH="59" HEIGHT="29" WC="0.94" CONTENT="het"/><SP WIDTH="16" VPOS="2270" HPOS="186"/>
							<String ID="string_367" HPOS="202" VPOS="2271" WIDTH="10" HEIGHT="28" WC="0.93" CONTENT="i"/><SP WIDTH="19" VPOS="2271" HPOS="212"/>
							<String ID="string_368" HPOS="231" VPOS="2270" WIDTH="420" HEIGHT="39" WC="0.92" CONTENT="förläningsprinciperna"/><SP WIDTH="17" VPOS="2270" HPOS="651"/>
							<String ID="string_369" HPOS="668" VPOS="2271" WIDTH="220" HEIGHT="37" WC="0.91" CONTENT="undanröjts."/><SP WIDTH="19" VPOS="2271" HPOS="888"/>
							<String ID="string_370" HPOS="907" VPOS="2272" WIDTH="181" HEIGHT="39" WC="0.95" CONTENT="Därjämte"/><SP WIDTH="17" VPOS="2272" HPOS="1088"/>
							<String ID="string_371" HPOS="1105" VPOS="2272" WIDTH="58" HEIGHT="29" WC="0.93" CONTENT="må"/><SP WIDTH="18" VPOS="2272" HPOS="1163"/>
							<String ID="string_372" HPOS="1181" VPOS="2273" WIDTH="132" HEIGHT="29" WC="0.92" CONTENT="erinras"/><SP WIDTH="19" VPOS="2273" HPOS="1313"/>
							<String ID="string_373" HPOS="1332" VPOS="2282" WIDTH="55" HEIGHT="20" WC="0.96" CONTENT="om"/><SP WIDTH="19" VPOS="2282" HPOS="1387"/>
							<String ID="string_374" HPOS="1406" VPOS="2275" WIDTH="50" HEIGHT="27" WC="0.93" CONTENT="att"/><SP WIDTH="17" VPOS="2275" HPOS="1456"/>
							<String ID="string_375" HPOS="1473" VPOS="2274" WIDTH="141" HEIGHT="29" WC="0.91" CONTENT="ordens-"/>
						</TextLine>
						<TextLine ID="line_40" HPOS="128" VPOS="2314" WIDTH="1485" HEIGHT="42">
							<String ID="string_376" HPOS="128" VPOS="2314" WIDTH="165" HEIGHT="30" WC="0.96" CONTENT="väsendet"/><SP WIDTH="27" VPOS="2314" HPOS="293"/>
							<String ID="string_377" HPOS="320" VPOS="2315" WIDTH="10" HEIGHT="29" WC="0.96" CONTENT="i"/><SP WIDTH="30" VPOS="2315" HPOS="330"/>
							<String ID="string_378" HPOS="360" VPOS="2315" WIDTH="109" HEIGHT="29" WC="0.96" CONTENT="andra"/><SP WIDTH="28" VPOS="2315" HPOS="469"/>
							<String ID="string_379" HPOS="497" VPOS="2316" WIDTH="207" HEIGHT="38" WC="0.96" CONTENT="europeiska"/><SP WIDTH="28" VPOS="2316" HPOS="704"/>
							<String ID="string_380" HPOS="732" VPOS="2316" WIDTH="64" HEIGHT="29" WC="0.96" CONTENT="och"/><SP WIDTH="28" VPOS="2316" HPOS="796"/>
							<String ID="string_381" HPOS="824" VPOS="2317" WIDTH="307" HEIGHT="38" WC="0.96" CONTENT="utomeuropeiska"/><SP WIDTH="28" VPOS="2317" HPOS="1131"/>
							<String ID="string_382" HPOS="1159" VPOS="2318" WIDTH="130" HEIGHT="33" WC="0.96" CONTENT="länder,"/><SP WIDTH="30" VPOS="2318" HPOS="1289"/>
							<String ID="string_383" HPOS="1319" VPOS="2318" WIDTH="95" HEIGHT="38" WC="0.96" CONTENT="långt"/><SP WIDTH="28" VPOS="2318" HPOS="1414"/>
							<String ID="string_384" HPOS="1442" VPOS="2318" WIDTH="94" HEIGHT="29" WC="0.96" CONTENT="ifrån"/><SP WIDTH="29" VPOS="2318" HPOS="1536"/>
							<String ID="string_385" HPOS="1565" VPOS="2321" WIDTH="48" HEIGHT="27" WC="0.96" CONTENT="att"/>
						</TextLine>
						<TextLine ID="line_41" HPOS="128" VPOS="2360" WIDTH="1486" HEIGHT="40">
							<String ID="string_386" HPOS="128" VPOS="2368" WIDTH="82" HEIGHT="20" WC="0.96" CONTENT="vara"/><SP WIDTH="25" VPOS="2368" HPOS="210"/>
							<String ID="string_387" HPOS="235" VPOS="2360" WIDTH="94" HEIGHT="29" WC="0.95" CONTENT="ställt"/><SP WIDTH="23" VPOS="2360" HPOS="329"/>
							<String ID="string_388" HPOS="352" VPOS="2360" WIDTH="44" HEIGHT="38" WC="0.96" CONTENT="på"/><SP WIDTH="24" VPOS="2360" HPOS="396"/>
							<String ID="string_389" HPOS="420" VPOS="2360" WIDTH="233" HEIGHT="39" WC="0.95" CONTENT="avskrivning,"/><SP WIDTH="27" VPOS="2360" HPOS="653"/>
							<String ID="string_390" HPOS="680" VPOS="2360" WIDTH="86" HEIGHT="30" WC="0.96" CONTENT="efter"/><SP WIDTH="25" VPOS="2360" HPOS="766"/>
							<String ID="string_391" HPOS="791" VPOS="2361" WIDTH="110" HEIGHT="29" WC="0.96" CONTENT="andra"/><SP WIDTH="22" VPOS="2361" HPOS="901"/>
							<String ID="string_392" HPOS="923" VPOS="2361" WIDTH="250" HEIGHT="39" WC="0.96" CONTENT="världskrigets"/><SP WIDTH="26" VPOS="2361" HPOS="1173"/>
							<String ID="string_393" HPOS="1199" VPOS="2362" WIDTH="68" HEIGHT="29" WC="0.95" CONTENT="slut"/><SP WIDTH="25" VPOS="2362" HPOS="1267"/>
							<String ID="string_394" HPOS="1292" VPOS="2362" WIDTH="75" HEIGHT="29" WC="0.95" CONTENT="nått"/><SP WIDTH="25" VPOS="2362" HPOS="1367"/>
							<String ID="string_395" HPOS="1392" VPOS="2372" WIDTH="41" HEIGHT="20" WC="0.95" CONTENT="en"/><SP WIDTH="25" VPOS="2372" HPOS="1433"/>
							<String ID="string_396" HPOS="1458" VPOS="2363" WIDTH="60" HEIGHT="29" WC="0.92" CONTENT="allt"/><SP WIDTH="25" VPOS="2363" HPOS="1518"/>
							<String ID="string_397" HPOS="1543" VPOS="2363" WIDTH="71" HEIGHT="29" WC="0.91" CONTENT="vid-"/>
						</TextLine>
						<TextLine ID="line_42" HPOS="130" VPOS="2404" WIDTH="1484" HEIGHT="41">
							<String ID="string_398" HPOS="130" VPOS="2404" WIDTH="193" HEIGHT="30" WC="0.91" CONTENT="sträcktare"/><SP WIDTH="21" VPOS="2404" HPOS="323"/>
							<String ID="string_399" HPOS="344" VPOS="2405" WIDTH="221" HEIGHT="38" WC="0.92" CONTENT="omfattning,"/><SP WIDTH="22" VPOS="2405" HPOS="565"/>
							<String ID="string_400" HPOS="587" VPOS="2404" WIDTH="73" HEIGHT="30" WC="0.96" CONTENT="dels"/><SP WIDTH="23" VPOS="2404" HPOS="660"/>
							<String ID="string_401" HPOS="683" VPOS="2413" WIDTH="122" HEIGHT="31" WC="0.96" CONTENT="genom"/><SP WIDTH="20" VPOS="2413" HPOS="805"/>
							<String ID="string_402" HPOS="825" VPOS="2406" WIDTH="216" HEIGHT="29" WC="0.96" CONTENT="tillkomsten"/><SP WIDTH="22" VPOS="2406" HPOS="1041"/>
							<String ID="string_403" HPOS="1063" VPOS="2415" WIDTH="42" HEIGHT="19" WC="0.96" CONTENT="av"/><SP WIDTH="19" VPOS="2415" HPOS="1105"/>
							<String ID="string_404" HPOS="1124" VPOS="2415" WIDTH="68" HEIGHT="30" WC="0.95" CONTENT="nya"/><SP WIDTH="21" VPOS="2415" HPOS="1192"/>
							<String ID="string_405" HPOS="1213" VPOS="2406" WIDTH="128" HEIGHT="29" WC="0.96" CONTENT="ordnar"/><SP WIDTH="21" VPOS="2406" HPOS="1341"/>
							<String ID="string_406" HPOS="1362" VPOS="2407" WIDTH="11" HEIGHT="28" WC="0.96" CONTENT="i"/><SP WIDTH="21" VPOS="2407" HPOS="1373"/>
							<String ID="string_407" HPOS="1394" VPOS="2408" WIDTH="120" HEIGHT="28" WC="0.96" CONTENT="länder"/><SP WIDTH="21" VPOS="2408" HPOS="1514"/>
							<String ID="string_408" HPOS="1535" VPOS="2408" WIDTH="79" HEIGHT="28" WC="0.96" CONTENT="med"/>
						</TextLine>
						<TextLine ID="line_43" HPOS="128" VPOS="2448" WIDTH="1486" HEIGHT="38">
							<String ID="string_409" HPOS="128" VPOS="2448" WIDTH="108" HEIGHT="30" WC="0.96" CONTENT="redan"/><SP WIDTH="25" VPOS="2448" HPOS="236"/>
							<String ID="string_410" HPOS="261" VPOS="2449" WIDTH="219" HEIGHT="29" WC="0.92" CONTENT="existerande"/><SP WIDTH="25" VPOS="2449" HPOS="480"/>
							<String ID="string_411" HPOS="505" VPOS="2450" WIDTH="278" HEIGHT="29" WC="0.91" CONTENT="ordensväsende"/><SP WIDTH="31" VPOS="2450" HPOS="783"/>
							<String ID="string_412" HPOS="814" VPOS="2450" WIDTH="60" HEIGHT="34" WC="0.70" CONTENT="(bl."/><SP WIDTH="15" VPOS="2450" HPOS="874"/>
							<String ID="string_413" HPOS="889" VPOS="2459" WIDTH="29" HEIGHT="20" WC="0.70" CONTENT="a."/><SP WIDTH="26" VPOS="2459" HPOS="918"/>
							<String ID="string_414" HPOS="944" VPOS="2450" WIDTH="159" HEIGHT="34" WC="0.94" CONTENT="Finland,"/><SP WIDTH="26" VPOS="2450" HPOS="1103"/>
							<String ID="string_415" HPOS="1129" VPOS="2451" WIDTH="204" HEIGHT="34" WC="0.96" CONTENT="Frankrike,"/><SP WIDTH="29" VPOS="2451" HPOS="1333"/>
							<String ID="string_416" HPOS="1362" VPOS="2451" WIDTH="152" HEIGHT="35" WC="0.96" CONTENT="Italien),"/><SP WIDTH="27" VPOS="2451" HPOS="1514"/>
							<String ID="string_417" HPOS="1541" VPOS="2452" WIDTH="73" HEIGHT="29" WC="0.95" CONTENT="dels"/>
						</TextLine>
						<TextLine ID="line_44" HPOS="130" VPOS="2494" WIDTH="1483" HEIGHT="41">
							<String ID="string_418" HPOS="130" VPOS="2501" WIDTH="122" HEIGHT="31" WC="0.93" CONTENT="genom"/><SP WIDTH="27" VPOS="2501" HPOS="252"/>
							<String ID="string_419" HPOS="279" VPOS="2494" WIDTH="208" HEIGHT="30" WC="0.89" CONTENT="instiftande"/><SP WIDTH="28" VPOS="2494" HPOS="487"/>
							<String ID="string_420" HPOS="515" VPOS="2504" WIDTH="42" HEIGHT="19" WC="0.96" CONTENT="av"/><SP WIDTH="28" VPOS="2504" HPOS="557"/>
							<String ID="string_421" HPOS="585" VPOS="2495" WIDTH="128" HEIGHT="29" WC="0.96" CONTENT="ordnar"/><SP WIDTH="27" VPOS="2495" HPOS="713"/>
							<String ID="string_422" HPOS="740" VPOS="2495" WIDTH="10" HEIGHT="28" WC="0.95" CONTENT="i"/><SP WIDTH="30" VPOS="2495" HPOS="750"/>
							<String ID="string_423" HPOS="780" VPOS="2495" WIDTH="119" HEIGHT="29" WC="0.96" CONTENT="länder"/><SP WIDTH="30" VPOS="2495" HPOS="899"/>
							<String ID="string_424" HPOS="929" VPOS="2504" WIDTH="73" HEIGHT="20" WC="0.96" CONTENT="som"/><SP WIDTH="29" VPOS="2504" HPOS="1002"/>
							<String ID="string_425" HPOS="1031" VPOS="2495" WIDTH="146" HEIGHT="39" WC="0.96" CONTENT="tidigare"/><SP WIDTH="29" VPOS="2495" HPOS="1177"/>
							<String ID="string_426" HPOS="1206" VPOS="2496" WIDTH="124" HEIGHT="29" WC="0.95" CONTENT="saknat"/><SP WIDTH="28" VPOS="2496" HPOS="1330"/>
							<String ID="string_427" HPOS="1358" VPOS="2496" WIDTH="118" HEIGHT="39" WC="0.96" CONTENT="dylika"/><SP WIDTH="34" VPOS="2496" HPOS="1476"/>
							<String ID="string_428" HPOS="1510" VPOS="2497" WIDTH="103" HEIGHT="33" WC="0.88" CONTENT="(bl.a."/>
						</TextLine>
					</TextBlock>
				</ComposedBlock>
			</PrintSpace>
		</Page>
	</Layout>
</alto>
