2232 2628
743 200 256 34 Statsutskottets
1021 203 165 33 utlåtande
1208 204 53 32 Nr
1283 208 27 29 4.
1736 209 40 31 29

219 287 212 34 mästarnes
469 284 225 38 lönevillkor
730 290 64 33 äro
830 287 63 37 väl
921 288 162 50 knappa.
1139 289 17 37 I
1184 295 127 32 staten
1339 291 60 37 för
1427 291 73 38 den
1528 292 76 38 fast
1631 294 186 38 anställda

218 335 226 50 personalen
472 336 62 37 vid
563 337 300 39 fortifikationen
895 344 67 32 äro
990 341 46 36 de
1063 341 188 50 uppförda
1278 343 87 37 med
1393 344 170 50 aflöning
1590 345 43 37 af
1658 347 73 36 900
1759 346 56 37 kr.

219 387 58 37 för
304 387 195 38 hvardera.

320 439 200 38 Utskottet
555 454 113 24 anser
704 442 60 49 sig
799 442 130 38 därför
964 444 93 37 böra
1093 444 191 50 tillstyrka
1322 460 48 23 en
1405 448 320 50 löneförbättring
1758 450 59 38 för

218 491 164 37 nämnda
419 492 271 49 vaktmästare,
727 507 86 24 men
850 495 123 37 finner
1010 496 98 37 dock
1145 497 219 39 densamma
1400 498 92 39 böra
1523 500 209 50 begränsas
1761 502 56 36 till

220 544 72 36 150
319 543 57 37 kr.
406 544 61 37 för
493 545 197 37 hvardera.

320 595 196 38 Utskottet
543 597 219 37 hemställer
789 599 121 47 alltså,
939 604 56 32 att
1021 600 221 49 Riksdagen
1270 605 60 34 må

719 675 34 49 a)
782 676 60 37 för
861 678 196 36 beredande
1075 678 46 48 af
1135 679 164 50 tillfällig
1319 680 292 51 löneförbättring
1630 683 39 36 åt
1678 684 138 49 fortifi-

616 728 306 37 kationskassören
951 731 62 35 och
1040 732 237 47 redogöraren
1311 739 92 29 samt
1437 732 379 51 fortifikationskassö-

616 792 105 23 rerna
741 781 61 35 och
814 781 239 48 forvaltarna
1073 784 61 34 vid
1145 784 288 48 fortifikationen
1453 787 21 34 å
1489 790 106 32 extra
1611 791 75 31 stat
1701 786 60 38 för
1776 789 40 34 år

618 832 98 35 1912
744 831 140 50 bevilja
912 837 54 32 ett
993 833 136 50 anslag
1157 835 41 36 af
1225 837 136 43 13,545
1391 836 158 47 kronor;
1579 843 98 31 samt

717 882 39 50 b)
783 883 13 37 i
815 883 207 51 anledning
1041 885 42 37 af
1099 886 88 36 herr
1205 887 188 37 Larssons
1408 888 249 38 förenämnda
1671 891 143 36 motion

614 934 60 36 för
702 936 196 37 beredande
925 938 48 48 af
995 938 166 49 tillfällig
1189 939 292 50 löneförbättring
1500 941 38 36 åt
1557 943 257 48 förrådsvakt-

613 991 180 33 mästarne
830 989 62 36 vid
919 990 290 49 fortifikationen
1245 993 21 34 å
1302 996 107 32 extra
1446 997 77 32 stat
1555 993 60 37 för
1643 996 41 34 år
1715 996 97 35 1912

612 1037 141 49 bevilja
794 1044 55 32 ett
884 1039 136 51 anslag
1056 1041 41 37 af
1129 1043 75 36 450
1241 1043 158 46 kronor;

213 1087 213 51 utgörande
455 1088 109 37 dessa
592 1089 296 52 anslagsbelopp
917 1093 159 37 sålunda
1102 1093 160 50 tillhopa
1294 1097 136 46 13,995
1459 1096 153 37 kronor.

625 1234 104 41 Extra
758 1236 201 51 lönetillägg
988 1237 54 40 för
1070 1249 42 28 en
1142 1239 55 39 del!
1227 1239 171 50 betjänte.

314 1319 102 49 46:0)
458 1320 88 38 Med
574 1321 270 49 tillstyrkande
872 1323 43 37 af
938 1323 107 37 bifall
1063 1324 58 36 till
1140 1325 102 37 hvad
1261 1326 143 49 Kungl.
1424 1326 108 50 Maj:t
1550 1328 121 37 under
1688 1329 123 49 punkt

211 1373 47 35 46
288 1372 42 36 af
354 1371 125 38 denna
506 1373 230 37 hufvudtitel
763 1374 211 50 föreslagit,
1004 1376 218 37 hemställer
1250 1378 199 48 utskottet,

712 1456 57 32 att
804 1452 221 50 Riksdagen
1060 1457 61 33 må
1148 1454 57 37 till
1232 1454 226 50 beredande,
1486 1456 12 36 i
1526 1457 170 49 enlighet
1723 1459 86 37 med

610 1502 47 37 de
699 1503 11 36 i
747 1505 420 49 statsrådsprotokollet
1202 1507 109 37 öfver
1338 1508 293 38 finansärenden
1660 1509 73 37 den
1764 1512 45 35 13

604 1554 150 48 januari
794 1558 96 35 1911
929 1557 158 49 angifna
1119 1559 179 49 grunder,
1328 1560 42 36 af
1394 1568 98 29 extra
1520 1562 204 49 lönetillägg
1752 1562 59 37 för

609 1607 259 37 innevarande
897 1611 41 33 år
966 1612 37 33 åt
1027 1623 48 23 en
1094 1610 62 36 del
1174 1610 183 49 betjänte,
1377 1625 82 24 som
1479 1613 145 49 åtnjuta
1642 1614 169 49 aflöning

610 1658 86 36 från
732 1659 123 48 fjärde
891 1660 274 38 hufvudtitelns
1203 1663 136 47 medel,
1378 1666 20 33 å
1434 1669 108 32 extra
1579 1670 76 31 stat
1681 1665 60 37 för
1770 1669 41 33 år

612 1711 97 34 1912
747 1713 123 34 såsom
908 1711 304 51 förslagsanslag
1248 1715 143 47 anvisa,
1427 1716 9 35 i
1459 1715 175 48 jämnadt
1661 1717 64 47 tal,
1755 1722 54 32 ett

609 1760 139 50 belopp
776 1762 43 37 af
843 1764 73 34 398
946 1763 150 37 kronor.

277 1886 222 41 Provisorisk
527 1888 260 56 lönereglering
816 1890 56 40 för
900 1891 565 52 landtförsvarsdepartementets
1494 1895 179 51 afdelning
1703 1897 37 39 af

893 1951 123 50 Kungl.
1046 1952 118 50 Maj:ts
1194 1953 127 40 kansli.

309 2040 101 49 47:0)
453 2041 87 37 Med
567 2042 267 49 tillstyrkande
864 2043 43 37 af
930 2044 106 37 bifall
1060 2045 57 36 till
1136 2046 100 37 hvad
1257 2047 141 49 Kungl.
1419 2048 109 49 Maj:t
1546 2049 122 37 under
1687 2050 120 49 punkt

207 2093 46 34 47
285 2091 41 36 af
351 2091 124 37 denna
502 2093 229 37 hufvudtitel
759 2094 201 50 föreslagit
988 2097 70 35 och
1085 2097 121 37 under
1234 2098 244 49 åberopande
1507 2100 42 36 af
1573 2100 102 37 hvad
1695 2106 112 32 stats-

207 2141 321 50 rådsprotokollet
556 2144 68 37 sid.
667 2147 68 35 161
775 2146 11 35 i
824 2146 123 37 denna
984 2148 108 48 fråga
1127 2148 222 49 innehåller,
1389 2150 57 36 får
1473 2151 189 37 utskottet
1703 2152 103 37 hem-

207 2194 119 48 ställa,

708 2252 56 32 att
800 2248 220 49 Riksdagen
1048 2253 60 34 må
1136 2250 57 37 till
1216 2253 225 47 provisorisk
1469 2254 252 49 lönereglering
1743 2256 66 49 för

607 2300 368 50 befattningshafvare
1001 2303 14 35 i
1038 2303 548 50 landtförsvarsdepartementet,
1607 2306 10 35 i
1639 2305 169 50 enlighet

606 2351 86 36 med
708 2351 45 37 de
768 2352 12 36 i
796 2352 421 50 statsrådsprotokollet
1237 2355 108 37 öfver
1361 2355 445 40 landtförsvarsärenden

1846 1345 81 22 Extra
1948 1345 70 23 löne-

1829 1379 92 30 tillägg
1942 1380 41 22 för
2001 1387 33 16 en

1840 1414 43 22 del
1901 1413 123 30 betjänte.

1886 1456 95 47 [46.]

1850 2069 163 24 Provisorisk

1836 2104 187 30 lönereglering

1836 2139 40 22 för
1894 2138 126 23 landtför-

1833 2173 188 28 svarsdeparte-

1843 2208 112 21 mentets
1976 2207 36 22 af-

1855 2241 106 29 delning
1979 2242 26 21 af

1826 2275 92 29 Kungl.
1943 2275 86 30 Maj:ts

1881 2310 91 23 kansli.

1883 2351 93 46 [47.]
