1858 2786
265 154 18 29 6
609 154 298 35 Statsutskottets
926 156 185 34 utlåtande
1131 170 42 20 nr
1193 160 42 38 74
1256 159 38 33 år
1313 161 89 31 1955

782 308 451 43 Departementschefen

311 405 412 44 Departementschefen,
748 420 75 21 som
848 413 118 29 ansett
990 409 173 43 lämpligt,
1188 415 56 28 att
1268 412 217 42 proposition
1510 424 47 22 nu
1582 412 172 35 förelades

264 459 186 43 riksdagen
472 473 57 21 om
551 472 72 31 nya
645 462 151 41 grunder
817 461 55 34 för
894 466 135 30 statens
1053 463 124 43 bidrag
1199 464 53 33 till
1276 465 477 43 landsantikvarieorganisa-

264 512 120 34 tionen
404 513 66 34 och
489 518 55 29 att
563 514 117 34 denna
698 515 219 43 proposition
936 516 10 33 i
966 516 190 34 huvudsak
1175 517 155 43 byggdes
1350 519 47 41 på
1415 519 250 43 utredningens
1685 519 67 34 för-

265 566 84 42 slag,
365 566 65 33 har
445 567 190 34 emellertid
652 567 11 33 1
680 568 93 35 vissa
789 568 116 44 frågor
921 569 159 34 förordat
1097 571 111 33 andra
1225 571 176 43 lösningar
1417 572 65 34 och
1500 572 10 33 i
1528 573 146 34 ärendet
1692 585 60 22 an-

264 618 71 34 fört
355 619 167 42 följande.

311 698 19 34 I
351 698 100 43 fråga
472 712 57 21 om
570 700 554 45 huvudmannaskapet
1167 703 55 34 för
1244 704 365 35 landsantikvarierna
1631 709 39 30 är
1691 706 61 43 jag

266 755 80 23 ense
364 744 81 33 med
463 744 244 43 utredningen,
726 750 55 30 att
800 746 91 34 läns-
911 747 82 34 eller
1010 747 470 44 landskapsorganisationer
1500 750 96 34 inom
1614 750 137 35 kultur-

266 787 287 36 minnesvårdens
574 789 145 35 område
740 790 124 34 liksom
885 791 126 34 hittills
1032 791 89 34 skall
1142 804 86 22 vara
1249 793 219 34 huvudmän.
1489 794 56 34 De
1566 807 45 21 av
1632 795 119 34 utred-

267 832 129 43 ningen
426 833 160 43 antydda
615 834 269 43 möjligheterna
915 840 56 29 att
999 836 74 34 låta
1103 836 181 43 landsting
1313 838 81 33 eller
1424 838 148 34 särskild
1602 839 149 34 stiftelse

266 880 170 40 övertaga
460 878 383 44 huvudmannaskapet
867 880 102 34 torde
996 880 108 43 enligt
1129 881 74 33 min
1229 882 141 42 mening
1397 882 75 35 icke
1497 883 85 34 böra
1607 884 144 33 komma

267 922 53 33 till
342 923 228 42 användning
591 928 112 29 annat
724 927 45 31 än
789 924 11 33 1
822 936 83 22 rena
926 925 276 42 undantagsfall,
1225 926 95 33 vilka
1340 927 61 41 jag
1422 927 209 34 förutsätter
1652 928 99 34 kom-

267 979 74 21 mer
362 971 57 29 att
439 967 232 35 underställas
692 968 132 42 Kungl.
846 968 128 43 Maj:ts
996 969 185 43 prövning.
1202 970 19 33 I
1242 971 115 42 övrigt
1379 971 60 34 vill
1458 971 60 43 jag
1538 972 116 34 uttala
1678 973 73 33 min

267 1011 204 43 anslutning
486 1012 52 33 till
554 1012 249 43 utredningens
822 1013 242 43 uppfattning,
1080 1019 56 29 att
1152 1014 61 34 det
1230 1014 63 34 bör
1308 1015 190 34 ankomma
1513 1017 47 41 på
1576 1016 43 34 de
1635 1017 116 33 lokala

265 1055 183 35 krafterna
473 1061 55 30 att
552 1057 114 42 själva
692 1057 196 34 bestämma
914 1070 58 21 om
998 1059 199 33 eventuella
1224 1059 247 43 nybildningar
1496 1061 81 33 eller
1603 1061 148 34 ombild-

266 1100 124 43 ningar
410 1113 47 21 av
476 1101 276 43 organisationer
772 1101 53 34 för
846 1102 179 35 utövande
1048 1115 46 21 av
1114 1103 347 44 huvudmannaskap
1482 1104 54 34 för
1556 1105 194 34 landsanti-

264 1145 199 34 kvarierna.

310 1190 79 34 Vad
412 1190 152 34 därefter
586 1190 172 34 beträffar
780 1190 41 35 de
844 1204 46 21 av
912 1191 234 43 utredningen
1170 1192 195 43 föreslagna
1389 1193 283 43 anordningarna
1697 1194 53 34 till

264 1233 240 44 förstärkning
532 1247 45 21 av
606 1235 297 34 huvudmännens
933 1236 238 42 organisation
1201 1248 100 22 anser
1329 1237 61 42 jag
1418 1237 72 43 mig
1518 1238 11 33 i
1559 1243 91 29 stort
1680 1243 68 29 sett

263 1278 122 33 kunna
405 1279 153 42 godtaga
578 1279 71 33 vad
671 1279 231 43 utredningen
924 1279 178 43 föreslagit
1122 1280 11 33 i
1154 1280 99 43 fråga
1272 1293 58 21 om
1351 1282 289 41 styrelsens
1660 1294 90 23 sam-

263 1322 255 43 mansättning.
540 1323 68 42 Jag
630 1323 159 34 förordar
811 1324 150 34 sålunda
983 1329 55 29 att
1066 1324 5 33 i
1094 1324 559 44 huvudmannaorganisationens
1677 1331 73 38 sty-

264 1367 85 33 relse
370 1367 245 42 obligatoriskt
636 1368 88 33 skall
745 1368 80 42 ingå
845 1380 43 21 en
909 1380 46 21 av
975 1369 249 42 länsstyrelsen
1244 1369 190 34 förordnad
1454 1370 167 40 ledamot,
1642 1383 43 21 en
1705 1383 46 22 av

264 1411 262 34 vederbörande
554 1411 181 43 landsting
762 1412 82 34 vald
871 1413 168 39 ledamot,
1066 1413 11 33 i
1105 1413 289 34 förekommande
1422 1414 61 34 fall
1510 1427 44 21 en
1582 1415 168 40 ledamot,

264 1455 129 34 utsedd
421 1467 45 22 av
493 1455 96 42 varje
616 1456 82 34 stad
728 1456 213 43 (kommun),
969 1469 74 21 som
1070 1457 224 43 fortlöpande
1322 1458 136 34 lämnar
1484 1462 110 31 större
1621 1460 128 33 ekono-

263 1499 110 34 miskt
402 1499 124 43 bidrag
554 1500 53 33 till
638 1500 295 42 organisationen,
963 1506 93 28 samt
1086 1502 338 35 landsantikvarien.
1454 1503 18 33 I
1503 1503 116 43 övrigt
1648 1504 102 33 torde

264 1544 283 43 organisationen
573 1544 86 34 böra
685 1545 134 34 lämnas
847 1545 108 34 frihet
979 1550 55 29 att
1060 1546 199 34 bestämma
1285 1547 186 42 styrelsens
1498 1551 252 31 sammansätt-

266 1601 95 30 ning.

308 1634 68 42 Jag
399 1634 155 34 biträder
576 1634 109 34 också
707 1635 249 42 utredningens
980 1634 139 43 förslag,
1144 1640 56 29 att
1224 1636 94 34 inom
1343 1637 170 42 styrelsen
1538 1637 100 34 alltid
1664 1638 87 33 skall

263 1678 116 34 finnas
408 1683 54 29 ett
515 1679 552 42 förvaltningsutskott
1093 1680 82 34 med
1204 1680 140 43 uppgift
1372 1685 56 29 att
1454 1684 159 31 närmast
1641 1683 111 33 under

264 1722 171 43 styrelsen
458 1734 102 22 svara
582 1722 56 34 för
661 1723 299 42 organisationens
985 1724 163 34 ekonomi
1172 1724 66 34 och
1261 1724 216 43 förvaltning
1501 1728 168 32 ävensom
1694 1731 55 29 att

264 1770 159 39 uppgöra
440 1766 128 44 förslag
581 1767 54 33 till
651 1767 169 34 inkomst-
836 1768 65 34 och
918 1768 201 42 utgiftsstat
1134 1773 95 30 samt
1246 1769 52 33 till
1313 1769 436 43 förvaltningsberättelse.

264 1812 19 33 I
307 1811 100 43 fråga
430 1824 58 21 om
510 1811 431 43 förvaltningsutskottets
966 1813 322 42 sammansättning
1313 1813 65 34 har
1403 1814 232 43 utredningen
1660 1815 88 33 före-

263 1855 114 43 slagit,
396 1860 56 29 att
469 1856 179 33 utskottet
667 1856 110 33 skulle
796 1856 100 34 bestå
915 1868 46 22 av
979 1857 188 42 styrelsens
1186 1858 248 42 länsstyrelse-,
1454 1858 210 43 landstings-
1683 1858 66 34 och

265 1900 383 43 stadsrepresentanter
677 1905 93 29 samt
799 1901 63 33 två
892 1900 110 34 andra
1034 1901 95 34 inom
1160 1902 171 42 styrelsen
1361 1902 152 34 utsedda
1542 1903 206 33 ledamöter.

263 1945 68 42 Jag
351 1948 39 30 är
409 1945 76 34 icke
506 1945 197 42 övertygad
724 1958 57 21 om
803 1950 55 29 att
881 1945 415 43 förvaltningsutskottet
1316 1947 100 33 alltid
1437 1947 109 34 skulle
1567 1947 123 34 kunna
1712 1947 36 34 få

263 1989 67 34 den
349 1989 220 43 lämpligaste
588 1990 366 42 sammansättningen
976 1990 80 34 med
1076 1991 225 42 tillämpning
1320 2003 45 21 av
1387 1991 41 34 de
1449 2003 45 22 av
1515 1991 233 43 utredningen

263 2034 207 42 föreslagna,
496 2034 109 34 delvis
633 2034 240 34 automatiska
900 2035 166 42 reglerna.
1092 2035 90 34 Bäst
1209 2035 100 34 torde
1335 2048 85 21 vara
1446 2040 55 29 att
1527 2036 75 34 icke
1630 2036 119 34 alltför

264 2079 144 42 mycket
427 2079 168 42 begränsa
614 2079 188 42 styrelsens
822 2078 107 34 frihet
949 2079 196 42 härvidlag.
1165 2079 70 34 För
1254 2092 85 30 egen
1361 2080 55 34 del
1436 2080 59 33 vill
1515 2080 60 42 jag
1594 2080 154 40 förorda,

264 2128 54 28 att
335 2123 414 43 förvaltningsutskottet
765 2123 87 34 skall
871 2123 101 34 bestå
989 2136 46 21 av
1052 2128 89 29 5—7
1159 2124 97 33 inom
1273 2124 170 42 styrelsen
1462 2124 116 34 därtill
1597 2125 151 34 utsedda

261 2167 205 34 ledamöter.
484 2168 66 42 Jag
568 2167 211 34 förutsätter
797 2167 138 39 härvid,
955 2172 56 29 att
1029 2180 73 21 som
1123 2168 91 42 regel
1234 2168 413 43 huvudbidragsgivarna
1660 2170 88 33 skall

261 2211 48 34 bli
330 2212 282 42 representerade
634 2212 11 32 i
668 2212 189 33 utskottet.
879 2212 70 33 För
971 2216 55 29 att
1047 2212 180 33 utskottet
1250 2213 87 32 skall
1359 2225 84 21 vara
1467 2213 281 43 beslutsmässigt

261 2256 64 33 bör
351 2256 148 39 fordras,
527 2260 55 29 att
608 2255 110 34 minst
745 2256 105 33 halva
878 2256 136 33 antalet
1040 2256 196 34 ledamöter
1263 2260 38 30 är
1327 2257 231 34 närvarande.
1586 2258 18 33 I
1632 2258 116 42 övrigt

261 2300 63 33 bör
348 2300 55 33 för
426 2300 178 33 utskottet
628 2300 12 33 i
665 2300 204 42 anslutning
893 2300 54 33 till
971 2300 251 43 utredningens
1246 2300 129 43 förslag
1399 2301 101 42 gälla,
1526 2306 55 29 att
1606 2314 141 30 person-

260 2344 69 42 liga
353 2345 225 41 suppleanter
600 2344 56 33 får
678 2348 96 29 utses
797 2344 54 33 för
874 2344 252 40 ledamöterna,
1151 2349 55 29 att
1229 2345 195 33 utskottets
1448 2345 210 34 ordförande
1682 2346 66 33 och

261 2388 74 34 vice
360 2388 209 34 ordförande
594 2388 111 41 väljes
729 2400 44 21 av
798 2388 181 42 styrelsen,
1003 2392 55 29 att
1082 2388 177 34 ärendena
1282 2392 144 39 avgöres
1450 2401 125 29 genom
1599 2394 148 29 omröst-

260 2433 84 42 ning
368 2437 94 29 samt
484 2437 55 29 att
562 2432 237 34 ordföranden
823 2432 60 33 vid
907 2432 71 34 lika
1001 2433 146 33 röstetal
1170 2432 64 33 har
1258 2433 218 42 utslagsrätt.

307 2478 18 33 I
344 2477 99 43 fråga
461 2490 57 21 om
552 2477 228 34 revision
816 2489 45 21 av
880 2477 187 42 styrelsens
1088 2477 236 43 räkenskaper
1344 2477 64 34 har
1426 2478 233 43 utredningen
1679 2478 68 34 för-
