1886 2812
549 171 110 28 Andra
682 172 225 35 lagutskottets
930 173 167 28 utlåtande
1120 182 38 18 nr
1181 174 49 28 40.
1606 172 37 30 17

142 241 72 42 slag
232 241 212 33 därutinnan.
464 244 62 31 Att
543 244 115 31 märka
677 246 37 29 är
731 246 50 30 att
800 244 241 43 undervisning
1060 246 12 30 i
1092 246 339 42 civilförsvarstjänst
1451 246 11 31 i
1483 246 161 32 skolorna

140 292 74 31 icke
231 294 36 29 är
281 295 112 40 någon
409 294 113 41 nyhet.
542 295 114 31 Sådan
673 296 246 42 undervisning
934 297 226 31 förekommer
1175 298 103 30 redan
1295 309 46 20 nu
1358 298 11 30 i
1386 298 69 31 viss
1473 308 54 21 om
1544 297 103 32 också

140 343 190 42 begränsad
358 346 213 42 omfattning.
610 347 256 42 Utredningens
894 348 129 42 förslag
1049 360 97 20 avser
1172 351 49 30 att
1247 351 82 40 göra
1356 349 290 42 undervisningen

141 395 224 42 obligatorisk
385 398 63 31 och
468 398 196 42 därigenom
685 410 91 21 mera
796 400 150 31 effektiv.
978 400 19 31 I
1017 402 104 40 några
1141 412 40 20 av
1200 401 205 41 yttrandena
1423 401 61 31 har
1504 402 141 31 uttalats

140 447 66 31 den
223 449 191 41 meningen,
435 453 50 28 att
503 450 118 42 frågan
642 462 53 20 om
717 451 273 43 skolutbildning
1009 453 12 30 i
1040 452 221 42 brandskydd
1281 453 62 32 och
1364 453 282 42 olycksfallsvård

139 499 75 32 icke
231 500 105 32 borde
354 501 91 32 lösas
463 502 114 31 förrän
596 503 81 31 1946
695 505 53 30 års
765 503 301 33 skolkommission
1084 505 86 41 tagit
1187 505 164 42 ställning
1367 506 54 31 till
1440 505 204 32 densamma.

139 551 121 42 Enligt
273 552 73 31 min
363 554 137 41 mening
516 554 97 31 torde
631 555 59 31 det
707 555 189 32 emellertid
913 556 73 31 icke
1006 556 165 42 föreligga
1190 557 185 42 anledning
1393 560 50 29 att
1459 558 187 41 uppskjuta

140 603 213 43 regleringen
374 616 40 20 av
436 608 49 29 ett
507 606 275 41 detaljspörsmål
802 609 114 30 såsom
939 608 57 31 det
1016 608 235 42 föreliggande
1272 609 54 31 till
1349 609 78 33 dess
1450 609 195 42 skolfrågan

139 654 12 31 i
169 655 79 32 dess
266 656 117 32 helhet
399 656 102 33 blivit
517 658 77 31 löst.
626 658 130 32 Chefen
776 659 53 32 för
847 659 490 43 ecklesiastikdepartementet
1353 661 61 31 har
1432 661 144 32 anslutit
1593 662 53 41 sig

139 707 54 31 till
217 707 111 32 denna
351 709 229 42 uppfattning.

193 759 19 31 I
235 759 92 32 vissa
361 761 180 40 yttranden
575 761 62 31 har
670 764 123 40 yppats
817 763 122 31 tvekan
962 763 216 33 beträffande
1204 764 242 42 lämpligheten
1470 776 40 21 av
1536 765 108 32 utred-

140 810 140 42 ningens
299 812 130 42 förslag
448 815 50 29 att
516 813 56 31 det
590 813 109 32 skulle
718 814 166 42 föreligga
902 815 199 42 skyldighet
1119 816 53 31 för
1191 816 259 32 folkskollärare
1472 817 63 32 och
1555 828 88 31 gym-

139 863 223 32 nastiklärare
383 866 49 29 att
454 865 176 31 medverka
652 866 58 31 vid
733 866 314 42 skolutbildningen
1070 868 11 30 i
1103 868 223 42 brandskydd
1348 869 63 31 och
1433 868 210 42 olycksfalls-

140 914 90 31 vård.
253 915 120 42 Enligt
395 916 69 30 min
486 917 135 41 mening
644 928 78 21 vore
745 918 57 31 det
825 929 39 20 ur
887 920 120 40 många
1029 919 211 42 synpunkter
1262 920 205 42 lämpligast,
1492 932 55 20 om
1570 921 72 32 sko-

139 965 113 32 lornas
279 967 171 32 ordinarie
474 968 249 41 lärarpersonal
746 969 113 32 kunde
884 981 97 20 svara
1006 970 54 31 för
1084 970 290 43 undervisningen
1399 974 83 29 även
1506 973 13 30 i
1545 973 101 31 dessa

140 1018 129 31 ämnen.
312 1018 64 31 Om
405 1019 111 31 denna
543 1021 160 40 personal
732 1020 72 32 icke
832 1021 145 32 besitter
1005 1022 202 42 erforderlig
1235 1023 200 42 kompetens
1464 1024 54 31 för
1546 1025 99 31 ända-

138 1069 111 38 målet,
270 1069 83 32 böra
374 1071 190 31 emellertid
582 1072 12 30 i
615 1072 193 42 möjligaste
829 1075 77 29 mån
925 1073 279 33 tillhandahållas
1225 1075 254 32 fackutbildade
1499 1076 146 31 instruk-

139 1122 100 30 törer.
257 1122 61 31 Att
335 1124 38 29 så
390 1122 77 32 sker
483 1123 62 31 bör
562 1124 86 31 dock
666 1125 71 31 icke
755 1125 151 32 medföra
925 1128 49 29 att
992 1126 41 31 de
1050 1126 171 32 ordinarie
1238 1127 134 31 lärarna
1391 1127 127 32 erhålla
1537 1128 105 32 frihet

139 1172 74 31 från
232 1174 50 30 att
302 1173 133 42 deltaga
453 1175 11 30 i
483 1175 292 42 undervisningen.
795 1177 52 31 De
865 1177 84 31 böra
967 1177 181 32 medverka
1169 1189 54 20 om
1243 1178 72 32 icke
1335 1179 54 31 för
1409 1182 102 29 annat
1531 1182 37 29 så
1589 1180 54 31 för

139 1235 85 30 egen
261 1225 192 32 förkovran.
492 1226 64 31 Om
593 1227 236 32 fackutbildad
855 1229 187 31 instruktör
1070 1230 71 31 icke
1167 1230 67 31 kan
1262 1230 289 40 tillhandahållas,
1579 1232 63 31 bör

139 1276 251 32 vederbörande
416 1278 106 32 lärare
547 1280 44 40 på
616 1290 82 30 egen
723 1280 92 31 hand
841 1282 37 29 så
903 1283 74 39 gott
1002 1282 56 41 sig
1083 1283 82 40 göra
1191 1282 84 31 låter
1301 1282 192 43 ombesörja
1519 1283 123 32 utbild-

137 1327 134 42 ningen.
294 1328 68 42 Jag
383 1329 199 32 förutsätter
604 1333 51 29 att
677 1331 121 32 liksom
822 1342 44 21 nu
889 1334 37 29 är
948 1332 99 32 fallet
1069 1333 273 43 handledningar
1365 1335 54 32 för
1441 1335 200 42 lärarperso-

138 1379 98 31 nalen
254 1380 164 32 utfärdas.
438 1382 49 30 På
504 1382 109 41 grund
632 1393 41 21 av
691 1384 59 30 det
768 1384 142 31 anförda
929 1384 153 32 biträder
1100 1385 58 41 jag
1177 1386 240 41 utredningens
1438 1387 129 42 förslag
1587 1398 55 21 om

138 1430 194 42 skyldighet
359 1432 54 31 för
440 1433 258 32 folkskollärare
727 1435 62 31 och
817 1436 303 40 gymnastiklärare
1151 1438 49 31 att
1228 1438 179 31 medverka
1436 1438 58 32 vid
1521 1439 120 41 ifråga-

138 1483 145 31 varande
306 1483 206 42 utbildning.

190 1536 53 31 En
262 1547 108 21 annan
388 1537 96 41 fråga
502 1539 36 29 är
555 1537 65 32 hur
637 1538 289 41 lärarpersonalen
945 1539 62 31 bör
1025 1539 176 42 bibringas
1220 1541 128 31 sådana
1367 1541 192 42 kunskaper
1578 1542 63 32 och

137 1588 208 41 färdigheter
367 1591 50 30 att
437 1588 64 31 den
521 1588 67 32 kan
609 1591 104 30 utöva
735 1600 39 20 en
797 1590 144 42 verkligt
964 1591 141 31 effektiv
1127 1592 430 33 instruktörsverksamhet.
1584 1594 56 32 Så-

136 1649 72 22 som
227 1639 222 42 utredningen
468 1640 178 42 föreslagit
664 1641 63 31 bör
747 1641 53 31 för
818 1642 94 31 detta
931 1642 156 32 ändamål
1107 1643 238 43 utbildningen
1365 1645 57 31 vid
1441 1646 200 32 seminarier

136 1690 63 30 och
238 1690 231 41 gymnastiska
507 1690 139 32 institut
683 1691 253 41 kompletteras.
976 1692 69 31 För
1071 1693 104 33 redan
1202 1693 162 42 befintlig
1391 1695 247 41 lärarpersonal

136 1742 96 32 torde
255 1743 83 32 böra
362 1744 167 32 anordnas
553 1745 165 42 frivilliga
741 1745 333 33 instruktörskurser.
1098 1747 68 42 Jag
1188 1747 62 32 har
1272 1748 166 32 inhämtat
1461 1751 49 30 att
1533 1760 107 31 repre-

135 1796 175 30 sentanter
345 1795 54 31 för
434 1796 332 41 skolöverstyrelsen,
793 1797 410 43 civilförsvarsstyrelsen,
1231 1800 408 42 riksluftskyddsförbun-

134 1843 59 32 det
216 1845 62 30 och
304 1845 98 31 Röda
424 1846 116 30 korset
564 1848 95 29 enats
686 1857 53 20 om
764 1847 84 31 efter
871 1847 91 31 vilka
985 1848 171 40 riktlinjer
1180 1849 62 30 och
1267 1850 108 30 under
1398 1851 89 30 vilka
1513 1852 124 29 former

137 1896 107 32 denna
270 1897 294 33 kursverksamhet
591 1899 63 31 bör
681 1900 133 31 ordnas.
843 1901 207 41 Deltagarna
1077 1903 12 30 i
1117 1902 106 31 sådan
1252 1903 80 31 kurs
1360 1903 83 32 böra
1471 1915 41 20 av
1540 1907 98 29 stats-

136 1948 106 31 medel
263 1949 127 32 erhålla
411 1949 185 42 ersättning
617 1951 53 30 för
692 1951 151 32 förlorad
864 1952 266 33 arbetsinkomst
1152 1957 87 28 samt
1261 1954 291 41 dagtraktamente
1576 1956 62 31 och

136 1999 270 42 reseersättning.

189 2051 68 31 Till
284 2051 76 32 dess
387 2052 292 42 lärarpersonalen
706 2053 134 33 erhållit
867 2054 202 43 erforderlig
1096 2056 195 42 utbildning
1318 2060 106 30 måste
1453 2059 10 30 i
1491 2062 72 28 stor
1590 2062 47 29 ut-

135 2102 195 42 sträckning
348 2103 125 32 anlitas
492 2104 161 41 speciella
671 2105 233 32 instruktörer.
923 2107 69 30 För
1010 2107 189 33 ändamålet
1219 2109 96 31 torde
1334 2109 114 32 kunna
1468 2111 170 32 användas

134 2153 126 31 sådana
279 2154 54 31 till
353 2154 457 42 riksluftskyddsförbundet
829 2157 158 32 anslutna
1007 2158 234 39 instruktörer,
1264 2171 73 20 som
1358 2161 125 32 hittills
1503 2163 104 41 tagits
1628 2163 11 30 i

134 2205 145 40 anspråk
312 2206 54 30 för
400 2206 64 31 den
497 2207 274 42 grundläggande
794 2208 479 44 civilförsvarsutbildningen.
1298 2212 110 32 Dessa
1433 2213 109 32 skulle
1567 2215 70 30 där-

134 2255 132 41 igenom
292 2258 108 30 sättas
426 2257 11 30 i
464 2257 134 32 tillfälle
625 2261 50 28 att
701 2259 197 31 underhålla
924 2260 72 31 sina
1022 2261 210 41 färdigheter
1257 2263 63 31 och
1347 2263 48 31 bli
1421 2264 10 30 i
1459 2265 99 31 stånd
1587 2268 49 28 att

133 2306 91 31 bistå
247 2306 338 42 hemskyddsbefälet
610 2309 56 30 vid
692 2320 41 20 en
759 2310 169 31 eventuell
953 2312 298 42 massutbildning.
1289 2313 96 31 Även
1410 2315 104 31 sedan
1541 2316 97 31 lärar-

133 2358 199 42 personalen
368 2358 164 32 utbildats
567 2359 64 32 bör
655 2361 58 31 det
737 2363 112 29 såsom
874 2362 222 41 utredningen
1122 2364 175 42 föreslagit
1321 2376 81 21 vara
1427 2367 135 42 möjligt
1586 2370 50 29 att

134 2410 148 41 utnyttja
304 2410 138 31 utanför
461 2410 159 32 skolorna
640 2413 137 30 stående
800 2413 233 32 instruktörer.

128 2479 118 28 2-—1152
263 2489 26 18 48
335 2481 115 36 Bihang
473 2481 45 28 till
540 2482 171 36 riksdagens
729 2484 146 35 protokoll
899 2485 89 28 1948.
1026 2486 17 26 9
1066 2486 81 28 saml.
1185 2487 18 27 2
1225 2487 64 29 avd.
1325 2487 46 28 Nr
1394 2489 48 28 40.
