1904 2778
277 148 19 29 4
594 150 388 32 Jordbruksutskottets
1004 152 178 31 utlåtande
1202 162 42 20 nr
1265 154 40 29 18
1326 154 39 30 år
1386 155 84 29 1956

280 232 94 39 ning.
394 232 254 40 Lånebeloppet
664 242 61 21 var
744 234 208 30 maximerat
970 235 52 29 till
1041 235 18 30 3
1076 236 60 30 000
1155 236 131 30 kronor
1305 247 79 20 men
1403 238 116 30 kunde
1539 239 9 29 i
1569 240 218 40 undantags-

280 274 63 29 fall
362 275 81 38 utgå
462 276 78 28 med
560 275 100 38 högst
680 277 17 29 5
714 276 62 30 000
797 276 139 31 kronor.
958 277 118 30 Lånen
1096 287 60 21 var
1175 279 182 35 räntefria,
1377 280 64 29 och
1460 280 121 31 kravet
1600 282 45 39 på
1665 283 117 29 säker-

279 316 59 29 het
355 326 61 20 var
436 317 74 30 icke
530 317 220 39 ovillkorligt.
771 319 338 39 Amorteringstiden
1127 330 61 20 var
1208 321 71 29 fem
1299 321 38 30 år
1358 323 77 29 med
1455 323 125 39 början
1599 324 73 30 året
1692 325 91 30 efter

280 358 56 30 det
360 359 56 29 lån
439 359 172 38 beviljats.
635 360 184 40 Betalning
841 370 42 20 av
906 361 57 29 lån
988 363 117 29 kunde
1130 363 90 29 intill
1245 366 48 28 ett
1317 364 124 40 belopp
1466 374 42 20 av
1534 366 92 30 1000
1651 367 130 29 kronor

280 400 60 29 ske
364 407 122 32 genom
508 402 347 39 förbättringsarbete
877 403 20 29 å
918 404 66 29 den
1007 404 165 40 fastighet
1195 405 54 30 för
1269 415 80 20 vars
1372 407 166 30 drivande
1560 408 94 30 lånet
1676 409 106 30 bevil-

278 442 81 37 jats.
383 443 128 30 Sådant
533 443 115 30 arbete
672 445 112 29 skulle
809 445 91 39 syfta
923 446 51 30 till
996 446 149 41 höjning
1168 457 41 20 av
1231 448 226 38 jordbrukets
1481 450 299 40 avkastningsför-

279 484 111 38 måga.
412 485 171 30 Arbetena
607 486 111 30 skulle
743 487 135 30 utföras
903 488 96 29 inom
1023 488 176 31 fastställd
1223 490 49 29 tid
1297 491 10 28 i
1331 492 346 31 överensstämmelse
1702 493 79 30 med

279 526 161 37 godkänd
469 529 83 38 plan
581 528 65 29 och
675 529 377 41 kostnadsberäkning.
1081 531 364 32 Låneverksamheten
1477 535 303 30 omhänderhades

278 576 41 22 av
345 569 358 39 egnahemsstyrelsen
729 572 66 28 och
821 572 419 39 egnahemsnämnderna.
1266 575 119 29 Lånen
1410 577 83 28 kom
1519 579 49 27 att
1594 577 82 39 utgå
1701 578 79 29 med

281 610 137 30 relativt
437 612 73 29 små
528 613 284 40 genomsnittliga
829 614 134 40 belopp,
984 616 61 29 739
1063 616 129 30 kronor
1210 617 54 29 för
1285 617 80 30 1941
1386 618 55 29 års
1462 618 56 30 lån
1538 619 64 29 och
1622 620 63 29 626
1704 621 79 28 kro-

278 660 65 22 nor
360 653 54 30 för
432 654 37 29 år
491 654 82 31 1942
590 654 172 40 beviljade
781 655 68 30 lån.

323 696 12 28 I
356 695 186 40 anledning
565 705 42 20 av
625 697 41 29 de
687 697 267 35 skördeskador,
978 708 75 20 som
1075 700 190 30 inträffade
1289 701 38 29 år
1351 701 92 37 1950,
1465 702 128 31 beslöts
1616 705 49 29 att
1688 705 93 29 stöd-

278 736 57 29 lån
359 737 110 30 skulle
495 738 173 30 utlämnas
692 739 88 29 efter
804 740 11 29 i
838 740 186 30 huvudsak
1048 751 134 20 samma
1206 743 152 38 grunder
1383 753 74 20 som
1480 745 111 38 gällde
1615 746 54 29 för
1696 746 81 30 1941

277 779 65 28 och
363 779 80 30 1942
462 780 56 29 års
536 781 143 30 krislån.
698 781 121 39 Någon
837 782 183 31 föreskrift
1039 793 57 20 om
1115 784 182 40 möjlighet
1316 787 51 28 att
1384 786 245 30 lånesumman
1647 788 52 29 till
1719 788 60 30 nå-

277 827 67 31 gon
369 821 53 30 del
450 822 111 30 skulle
588 823 121 30 kunna
735 824 207 30 återbetalas
970 834 125 31 genom
1122 827 187 30 utförande
1337 837 41 22 av
1406 828 373 40 förbättringsarbeten

276 863 126 38 ansågs
426 864 87 29 dock
534 864 76 30 icke
631 865 84 30 böra
737 866 187 35 meddelas,
947 867 46 30 bl.
1015 877 28 21 a.
1067 869 78 29 med
1167 869 138 39 hänsyn
1328 870 52 29 till
1402 872 52 28 att
1476 872 171 38 generella
1667 873 111 38 regler

275 905 44 29 då
342 905 124 30 införts
489 915 56 21 om
568 907 57 30 lån
649 908 64 29 och
733 908 123 41 bidrag
879 909 51 29 till
950 909 74 30 inre
1046 911 465 41 rationaliseringsåtgärder
1538 914 113 40 (prop.
1677 915 99 30 1951:

280 947 55 34 79;
358 947 104 40 kung.
486 949 98 29 1951:
601 949 94 34 369).

321 989 65 30 Vid
407 991 263 38 utformningen
691 1001 42 22 av
756 993 182 30 stödlånen
961 993 44 40 på
1028 995 111 38 grund
1162 1005 42 19 av
1227 996 80 30 1951
1333 996 56 31 års
1413 997 256 31 skördeskador
1693 999 85 30 fann

276 1039 82 21 man
380 1032 49 39 sig
447 1050 44 4 —
511 1034 77 28 med
608 1033 137 39 hänsyn
768 1035 44 30 bl.
833 1044 29 20 a.
882 1035 52 29 till
955 1038 50 27 att
1027 1037 305 33 skördeskadorna
1354 1039 115 29 denna
1490 1040 88 40 gång
1598 1040 74 30 ofta
1692 1050 86 30 upp-

276 1073 77 37 sick
376 1074 51 29 till
449 1075 185 39 väsentligt
658 1077 110 29 större
790 1077 125 40 belopp
939 1078 54 30 för
1017 1078 41 30 de
1081 1080 160 29 enskilda
1265 1081 147 29 odlarna
1435 1082 44 29 än
1501 1083 66 29 vad
1590 1092 76 20 som
1688 1083 90 30 varit

275 1115 98 30 fallet
395 1117 77 29 med
499 1117 82 30 1950
604 1118 55 29 års
684 1118 137 35 skador,
844 1120 165 29 ävensom
1029 1121 52 29 till
1107 1123 50 28 att
1179 1122 41 29 de
1243 1132 69 29 nya
1335 1123 102 30 lånen
1460 1124 123 30 endast
1604 1125 107 30 borde
1732 1125 48 30 ha

274 1157 53 30 till
349 1158 89 38 syfte
460 1161 50 27 att
532 1160 164 39 avhjälpa
720 1160 236 40 föreliggande
978 1162 333 41 kreditsvårigheter
1331 1183 45 3 —
1395 1165 84 30 böra
1502 1168 81 37 göra
1605 1167 93 30 vissa
1722 1177 56 20 av-

273 1199 150 30 vikelser
439 1201 79 29 från
537 1202 65 29 den
621 1202 183 36 låneform,
825 1212 74 20 som
917 1206 148 28 använts
1084 1205 38 29 år
1144 1206 93 29 1950.
1256 1207 49 29 Bl.
1325 1216 29 21 a.
1375 1208 111 29 skulle
1506 1208 102 30 lånen
1629 1209 151 30 sålunda

275 1241 79 39 löpa
372 1244 77 28 med
468 1244 111 29 ränta.
598 1244 80 29 Man
697 1244 109 40 ansåg
825 1245 51 39 sig
892 1246 118 30 vidare
1030 1247 122 30 kunna
1171 1248 98 30 avstå
1288 1249 79 30 från
1387 1250 65 29 den
1472 1252 140 38 stränga
1632 1251 147 30 behovs-

273 1284 180 39 prövning,
475 1294 75 20 som
570 1286 144 39 tidigare
733 1287 91 29 varit
843 1288 176 30 förutsatt.
1041 1289 111 39 Något
1172 1290 271 41 maximibelopp
1464 1293 216 39 uppställdes
1700 1293 77 30 icke

274 1326 55 29 för
348 1326 110 36 lånen,
478 1337 78 20 men
574 1328 99 31 dessa
692 1329 107 30 borde
818 1330 88 29 dock
924 1339 75 21 som
1017 1332 92 38 regel
1127 1332 76 29 icke
1221 1332 148 39 beviljas
1389 1334 51 30 till
1460 1336 108 28 större
1587 1335 125 42 belopp
1732 1337 44 28 än

274 1376 75 21 som
376 1370 218 29 motsvarade
620 1371 40 30 50
686 1374 145 36 procent
858 1381 41 20 av
924 1373 418 41 inkomstminskningen.
1372 1376 265 40 Amorteringen
1664 1378 112 29 skulle

274 1410 9 28 i
303 1411 90 38 regel
414 1412 58 29 ske
493 1413 77 28 med
591 1421 41 20 en
652 1412 165 31 femtedel
836 1423 57 20 om
912 1414 74 31 året
1006 1416 78 29 med
1104 1416 125 39 början
1251 1417 38 29 år
1311 1418 93 30 1933.
1425 1419 13 29 I
1460 1419 151 39 enlighet
1629 1420 147 30 härmed

272 1452 185 31 utfärdade
480 1454 126 38 Kungl.
630 1454 104 40 Maj:t
756 1456 208 39 kungörelse
992 1458 98 30 1951:
1108 1459 72 29 766.
1204 1459 181 39 Möjlighet
1409 1462 50 28 att
1483 1469 124 30 genom
1631 1462 146 30 förbätt-

272 1494 214 38 ringsarbete
509 1496 189 31 återbetala
720 1498 102 30 dessa
845 1499 57 29 lån
924 1499 223 40 ifrågasattes
1170 1501 122 40 aldrig.
1316 1502 165 31 Däremot
1506 1504 88 29 hade
1618 1504 11 29 i
1653 1504 124 30 motio-

275 1545 107 21 nerna
405 1537 27 29 I:
448 1537 58 30 522
529 1538 63 29 och
616 1539 109 30 11:664
748 1540 206 38 föreslagits,
979 1545 48 27 att
1051 1543 101 29 lånen
1176 1544 110 29 skulle
1310 1545 81 37 utgå
1412 1546 11 28 i
1446 1545 90 30 form
1558 1556 42 20 av
1623 1547 155 29 avskriv-

274 1578 170 38 ningslån,
466 1580 95 29 vilka
582 1580 105 31 borde
712 1582 140 30 förenas
876 1584 79 29 med
978 1584 58 29 det
1058 1584 172 35 villkoret,
1254 1588 51 27 att
1329 1586 204 40 låntagarna
1559 1588 110 30 under
1692 1589 82 30 åren

274 1620 214 31 1952—1954
509 1622 111 30 skulle
637 1624 240 39 upprätthålla
897 1635 42 20 en
956 1626 196 40 veteodling
1171 1637 42 20 av
1232 1637 136 21 samma
1387 1629 212 41 omfattning
1618 1639 74 21 som
1712 1640 63 20 un-

272 1662 60 30 der
354 1663 38 30 år
416 1664 92 30 1951.
532 1665 371 31 Jordbruksutskottet
924 1668 109 39 ansåg
1054 1669 200 32 emellertid,
1280 1672 49 28 att
1353 1671 123 40 frågan
1499 1681 56 20 om
1579 1672 161 40 åtgärder
1764 1673 12 29 i

272 1705 90 38 syfte
382 1708 50 28 att
451 1707 180 31 stimulera
650 1709 242 39 veteodlingen
911 1710 106 30 borde
1037 1711 191 30 behandlas
1247 1712 12 29 i
1279 1716 108 27 annat
1408 1714 255 40 sammanhang
1685 1717 89 28 samt

271 1748 50 29 att
343 1748 66 29 den
432 1749 11 28 i
464 1749 218 30 motionerna
705 1750 186 31 förordade
916 1752 216 31 låneformen
1158 1754 111 30 skulle
1294 1755 157 30 medföra
1475 1758 47 28 ett
1547 1754 228 47 omständligt

273 1790 66 29 och
362 1790 347 32 kostnadskrävande
732 1793 298 40 kontrollsystem.
1059 1795 89 34 (JoU
1173 1796 168 38 1951:50,
1367 1807 25 21 s.
1417 1798 47 35 6.)

318 1832 93 34 1952,
434 1833 82 30 1954
537 1834 64 29 och
625 1834 81 31 1955
729 1835 56 29 års
806 1836 137 29 stödlån
965 1837 64 29 har
1048 1837 11 29 i
1081 1839 86 28 stort
1189 1840 66 28 sett
1276 1839 189 30 utformats
1485 1841 44 39 på
1549 1850 135 21 samma
1705 1843 69 29 sätt

271 1881 75 22 som
373 1875 79 29 1951
478 1876 56 29 ärs
558 1876 148 30 stödlån.
728 1877 120 30 Lånen
871 1878 64 29 har
958 1879 89 29 dock
1071 1888 74 22 som
1168 1881 91 38 regel
1283 1881 137 30 kunnat
1442 1882 146 40 beviljas
1611 1884 91 31 intill
1724 1886 49 28 ett

271 1915 123 41 belopp
419 1918 244 30 motsvarande
690 1919 57 29 två
773 1920 210 39 tredjedelar
1009 1933 42 20 av
1077 1922 182 30 förlusten.
1289 1923 126 30 Vidare
1440 1926 64 28 har
1529 1926 68 29 den
1625 1928 151 28 amorte-

271 1958 164 38 ringsfria
453 1960 96 29 tiden
565 1961 141 29 utökats
724 1961 53 30 till
796 1962 57 30 två
870 1962 38 30 år
925 1963 65 29 och
1008 1963 155 30 förenats
1183 1965 78 29 med
1279 1965 71 31 viss
1368 1966 219 31 räntefrihet.

315 2000 80 30 Som
416 2002 97 30 torde
536 2002 136 39 framgå
694 2013 42 20 av
757 2004 67 30 den
844 2005 63 29 här
930 2006 162 30 lämnade
1112 2007 244 39 redogörelsen
1378 2008 62 29 har
1463 2009 310 40 hjälpåtgärderna

268 2042 112 29 under
404 2043 183 31 1930-talet
607 2045 65 29 och
695 2046 186 30 1940-talet
902 2047 85 40 tagit
1009 2048 89 30 sikte
1120 2049 127 30 främst
1268 2049 45 40 på
1335 2050 40 30 de
1397 2051 136 30 mindre
1554 2052 217 39 jordbruken

268 2085 66 28 och
357 2087 109 29 avsett
489 2088 50 28 att
562 2087 88 29 efter
675 2089 121 38 sträng
819 2090 171 40 prövning
1013 2099 43 22 av
1077 2090 147 30 behovet
1250 2100 38 31 ge
1311 2092 102 30 dessa
1437 2103 42 20 en
1504 2094 270 40 handräckning

267 2126 56 30 för
343 2129 49 28 att
410 2128 108 30 rädda
537 2129 78 29 dem
634 2138 41 21 ur
694 2132 47 28 ett
760 2131 224 30 ekonomiskt
1001 2132 154 39 betryck.
1175 2133 347 41 Amorteringslånen
1541 2137 111 29 under
1674 2137 99 30 19530-

268 2168 85 30 talet
373 2169 62 29 har
457 2170 158 31 däremot
636 2189 43 4 —
700 2181 57 20 om
779 2182 82 20 man
883 2173 135 31 bortser
1040 2174 79 30 från
1144 2176 83 30 1950
1250 2176 56 30 års
1329 2177 58 29 lån
1407 2196 45 3 —
1472 2178 126 30 främst
1619 2179 78 30 haft
1718 2179 54 30 till

268 2211 90 37 syfte
380 2213 48 28 att
451 2212 164 41 avhjälpa
637 2214 40 30 de
699 2214 109 30 akuta
830 2215 340 41 kreditsvårigheter,
1194 2227 75 20 som
1291 2218 184 32 föranletts
1499 2230 42 22 av
1565 2221 207 30 skördeska-

267 2252 121 30 dorna.
408 2255 13 28 I
439 2255 347 32 överensstämmelse
806 2258 77 29 med
902 2258 95 30 detta
1018 2259 90 38 syfte
1129 2260 88 29 skall
1236 2260 11 29 i
1266 2261 137 40 princip
1425 2264 101 28 ränta
1545 2263 118 39 gäldas
1684 2263 20 30 å
1724 2263 48 29 lå-

267 2303 79 22 nen.
366 2296 118 39 Någon
503 2298 171 39 prövning
694 2308 42 21 av
757 2299 301 32 lånesökandenas
1078 2302 231 31 ekonomiska
1329 2304 166 40 ställning
1513 2305 64 29 har
1596 2305 76 30 icke
1693 2305 78 30 sko-

267 2337 49 30 lat
337 2338 59 30 ske
416 2340 85 28 utan
524 2340 56 29 det
600 2341 192 39 väsentliga
813 2343 63 29 har
897 2343 100 36 varit,
1019 2345 51 28 att
1091 2344 65 29 den
1177 2344 365 41 inkomstminskning
1564 2348 208 29 skördeska-

266 2379 112 30 dorna
397 2381 151 30 medfört
566 2382 181 40 verkligen.
764 2384 90 30 varit
876 2384 37 30 så
935 2387 81 32 stor,
1038 2388 51 27 att
1109 2387 65 30 den
1197 2387 111 30 måste
1330 2390 144 37 antagas
1496 2389 159 32 medföra
1678 2389 93 30 låne-

265 2421 121 30 behov.
409 2422 264 41 Lånebeloppen
696 2425 64 29 har
783 2426 168 31 bestämts
974 2428 11 28 i
1006 2428 87 30 visst
1115 2428 220 31 förhållande
1361 2431 51 29 till
1434 2431 336 30 inkomstbortfallet

266 2471 80 22 men
370 2465 63 29 har
456 2465 102 39 eljest
580 2466 75 30 icke
680 2468 89 29 varit
796 2469 245 31 maximerade.
1067 2470 365 41 Lånemöjligheterna
1457 2473 63 29 har
1546 2473 83 30 stått
1654 2475 115 39 öppna
