1904 2842
565 143 112 29 Första
702 143 222 34 lagutskottets
948 144 163 29 utlåtande
1137 145 46 28 Nr
1204 148 49 26 52.
1618 145 19 31 5

126 233 51 28 att
201 228 180 40 riksdagen
406 230 104 32 måtte
532 229 131 33 besluta
687 234 52 29 att
762 230 12 32 i
798 230 161 34 skrivelse
984 231 53 32 till
1063 232 127 38 Kungl.
1217 232 102 38 Maj:t
1344 232 136 32 anhålla
1506 244 50 21 om
1581 236 51 29 ut-

126 279 141 39 redning
290 280 140 32 rörande
450 291 40 21 en
513 280 143 32 revision
678 292 43 21 av
742 281 157 38 gällande
921 282 249 32 bestämmelser
1192 282 171 39 angående
1385 283 247 38 behandlingen

126 342 42 20 av
192 330 227 39 minderåriga
441 330 192 39 förbrytare
654 331 75 33 med
752 331 140 33 särskilt
913 332 188 33 beaktande
1124 345 41 20 av
1187 332 66 33 vad
1276 333 11 32 i
1311 333 165 32 motionen
1500 333 132 33 anförts

126 380 11 32 i
161 380 101 39 fråga
285 393 51 20 om
360 381 454 41 straffmyndighetsåldern,
839 383 80 39 åtal,
944 383 167 39 häktning
1134 383 60 33 och
1219 387 102 29 sättet
1346 383 53 33 för
1425 384 62 32 den
1511 384 120 33 brotts-

125 431 85 39 liges
231 431 299 34 tillrättaförande.
572 434 18 32 I
610 433 166 32 motionen
798 433 188 40 framhölls,
1006 434 102 32 bland
1131 438 112 37 annat,
1266 438 50 29 att
1337 434 55 33 det
1411 434 101 33 borde
1533 439 98 34 tagas

125 482 105 33 under
258 483 233 38 övervägande
520 486 50 30 att
598 484 196 38 genomföra
823 496 39 20 en
890 484 205 39 utvidgning
1126 497 42 20 av
1197 485 193 33 nuvarande
1419 485 213 39 möjligheter

126 537 52 29 att
196 533 122 39 utbyta
338 533 107 35 straff
464 537 70 29 mot
553 534 337 40 tvångsuppfostran,
913 536 37 32 så
970 539 51 29 att
1040 548 91 26 unga
1152 536 191 38 förbrytare
1364 548 69 27 upp
1456 536 53 32 till
1532 538 39 32 21
1594 537 39 32 år

126 584 110 33 måtte
261 589 83 28 även
367 584 12 32 i
406 584 40 33 de
471 584 75 41 fall,
572 585 42 33 då
639 585 39 33 de
704 585 109 34 dömts
838 586 52 32 till
919 587 58 31 två
1002 587 55 32 års
1083 586 220 33 straffarbete
1328 587 60 32 och
1416 587 149 39 däröver,
1594 587 38 32 få

125 635 135 38 intagas
284 636 43 37 på
349 635 378 40 uppfostringsanstalt.

171 686 18 32 I
212 685 174 33 utlåtande
415 685 57 40 (nr
497 686 58 40 32)
584 687 11 32 i
620 687 181 39 anledning
826 699 42 21 av
893 688 165 32 motionen
1082 688 152 32 uttalade
1260 689 107 32 första
1395 688 235 39 lagutskottet,

125 740 51 28 att
190 736 165 33 utskottet
369 736 74 33 icke
458 736 112 34 kunde
587 737 96 33 finna
700 737 74 33 skäl
791 742 51 29 att
860 738 136 33 förorda
1012 738 224 39 upphävande
1249 751 43 20 av
1305 739 61 32 den
1379 738 253 40 begränsning
1611 732 23 50 i

125 787 255 39 möjligheterna
393 791 52 29 att
458 787 159 34 förordna
633 800 51 20 om
699 789 329 39 tvångsuppfostran
1045 801 69 22 som
1128 801 77 21 vore
1219 790 175 38 uppställd
1409 790 74 32 med
1498 801 134 22 avseen-

125 837 38 33 de
185 837 20 32 å
227 838 157 32 straffets
408 838 135 33 storlek.
589 839 174 32 Utskottet
784 840 79 32 ville
887 840 73 32 icke
982 840 149 33 bestrida
1154 844 51 29 att
1228 841 92 32 vissa
1343 840 74 33 skäl
1442 840 113 33 talade
1578 841 55 32 för

127 899 40 21 en
187 888 204 39 utvidgning
412 901 41 20 av
475 889 387 39 tillämpningsområdet
883 891 55 32 för
959 891 326 39 tvångsuppfostran
1310 891 53 33 till
1385 903 92 27 unga
1500 892 132 38 förbry-

123 943 70 29 tare
214 939 12 32 i
245 939 114 33 åldern
380 941 130 32 18—20
530 941 47 32 år.
619 941 273 39 Uppenbarligen
912 942 112 33 kunde
1044 942 55 33 det
1118 943 141 38 mången
1279 943 90 38 gång
1389 942 112 33 hända
1522 946 51 29 att
1592 954 39 21 en

124 990 148 33 tilltalad
296 1003 68 20 som
385 992 148 38 uppnått
556 993 38 32 18
617 993 54 31 års
692 992 94 32 ålder
808 993 73 33 icke
902 1005 78 21 vore
1002 1005 67 20 mer
1090 993 180 33 utvecklad
1293 999 42 27 än
1359 998 51 28 att
1431 994 66 31 han
1520 994 111 32 kunde

122 1041 163 38 jämföras
308 1042 72 32 med
404 1042 73 32 dem
500 1054 68 21 som
593 1043 144 33 befunne
761 1044 52 38 sig
835 1044 11 32 i
870 1044 116 32 åldern
1011 1045 126 31 15—17
1163 1045 47 31 år.
1258 1044 127 33 Likaså
1408 1048 116 35 syntes
1548 1049 82 28 även

123 1092 215 33 beträffande
361 1093 247 33 åldersklassen
634 1095 129 32 18—20
789 1095 39 32 år
851 1095 74 32 ofta
948 1095 113 32 finnas
1088 1095 144 33 utsikter
1257 1099 50 29 att
1331 1095 223 34 tillrättaföra
1578 1107 52 21 ve-

123 1144 202 32 derbörande
344 1156 117 26 genom
483 1145 141 38 lämplig
642 1145 204 39 uppfostran
866 1146 60 32 och
945 1146 236 39 handledning.
1224 1142 33 36 Å
1279 1146 105 32 andra
1403 1146 97 33 sidan
1519 1146 111 32 kunde

123 1194 55 33 det
198 1200 100 33 sägas
319 1199 50 28 att
390 1195 38 33 de
449 1195 76 33 skäl
546 1208 68 20 som
635 1196 131 32 kunnat
786 1197 136 32 anföras
945 1197 54 32 för
1018 1209 39 20 en
1078 1197 204 39 utvidgning
1302 1209 42 20 av
1365 1197 187 32 institutets
1575 1209 54 20 an-

124 1246 171 38 vändning
324 1246 53 33 till
404 1246 263 39 ifrågavarande
695 1259 111 27 grupp
837 1260 42 20 av
904 1260 93 26 unga
1023 1248 272 38 lagöverträdare
1322 1252 119 34 avtoge
1469 1248 12 31 i
1512 1247 119 39 styrka

123 1297 11 31 i
155 1308 128 21 samma
303 1298 75 31 mån
401 1310 69 20 som
492 1298 245 39 behandlingen
761 1298 11 32 i
792 1299 322 38 ungdomsfängelse
1135 1299 207 32 anordnades
1366 1299 87 32 efter
1475 1299 157 32 moderna

122 1348 178 39 prineiper.
345 1348 174 33 Utskottet
541 1349 150 33 erinrade
713 1361 52 20 om
788 1353 51 29 att
862 1350 61 32 den
947 1349 144 33 svenska
1113 1350 97 38 lagen
1233 1362 51 20 om
1307 1349 259 39 verkställighet
1588 1361 43 21 av

122 1399 218 33 straffarbete
373 1400 60 32 och
455 1399 263 39 fängelsestraff
739 1400 192 33 meddelade
954 1400 170 33 särskilda
1143 1399 249 34 bestämmelser
1413 1400 218 33 beträffande

122 1450 244 39 behandlingen
389 1462 42 21 av
453 1463 90 26 unga
568 1451 124 38 fångar
714 1455 87 28 samt
823 1455 51 28 att
897 1451 123 38 frågan
1043 1463 51 20 om
1118 1452 190 31 inrättande
1331 1463 41 20 av
1395 1455 49 28 ett
1465 1455 78 34 nytt
1565 1463 63 20 mo-

124 1501 95 32 dernt
239 1501 318 38 ungdomsfängelse
578 1513 78 20 vore
677 1501 138 33 aktuell.
860 1502 69 32 Vid
951 1505 49 29 ett
1022 1502 225 33 fortsättande
1269 1503 43 37 på
1335 1502 61 31 den
1418 1501 143 32 sålunda
1582 1501 48 32 in-

123 1552 118 38 slagna
264 1556 107 34 vägen
393 1556 116 34 syntes
531 1552 12 31 1
565 1552 39 33 de
626 1552 74 38 fall,
727 1552 42 32 då
790 1552 203 40 långvariga
1014 1552 230 33 frihetsstraff
1267 1552 154 32 ådömdes
1444 1564 91 26 unga
1560 1552 69 38 lag-

122 1602 221 39 överträdare,
367 1614 39 20 en
430 1603 72 32 lika
525 1603 153 32 rationell
701 1603 205 38 behandling
931 1603 114 32 kunna
1068 1603 166 32 meddelas
1260 1603 72 32 dem
1356 1603 10 31 i
1388 1602 241 39 ungdomsfän-

122 1653 90 38 gelse
236 1665 68 20 som
327 1654 12 31 i
363 1653 126 33 allmän
513 1654 376 38 uppfostringsanstalt.
937 1654 114 38 Något
1075 1654 104 32 behov
1203 1657 51 29 att
1277 1665 42 21 av
1344 1653 132 39 hänsyn
1500 1653 53 32 till
1579 1653 50 32 så-

123 1704 87 33 dana
230 1704 63 32 fall
313 1704 143 39 utvidga
478 1704 257 39 användningen
757 1717 41 19 av
819 1705 326 38 tvångsuppfostran
1166 1704 54 33 till
1241 1716 155 27 personer
1419 1704 11 31 i
1451 1703 116 33 åldern
1590 1704 40 32 18

121 1756 87 32 —20
228 1755 38 32 år
285 1760 113 34 syntes
422 1755 101 33 alltså
543 1755 171 39 knappast
734 1755 176 39 föreligga.
954 1755 225 33 Beträffande
1200 1755 39 32 de
1260 1755 72 39 fall,
1355 1755 41 33 då
1419 1754 144 33 allenast
1582 1757 49 30 ett

122 1806 190 38 kortvarigt
338 1807 232 32 frihetsstraff
596 1806 156 33 ådömdes
779 1806 256 39 vederbörande,
1063 1818 76 20 vore
1168 1806 55 32 det
1250 1806 148 32 däremot
1424 1805 130 39 tydligt
1580 1808 51 29 att

122 1856 243 39 behandlingen
384 1857 12 31 i
418 1857 169 38 fängelset
606 1857 73 32 icke
699 1857 112 33 kunde
829 1857 152 32 medföra
1002 1869 127 20 samma
1149 1856 245 39 uppfostrande
1414 1856 127 32 verkan
1561 1867 69 21 som

122 1908 243 38 behandlingen
387 1907 11 32 i
421 1907 378 39 uppfostringsanstalt.
843 1908 18 31 I
884 1908 101 38 fråga
1006 1919 51 20 om
1080 1908 39 31 de
1141 1919 156 26 personer
1318 1919 68 19 som
1410 1907 145 32 befunne
1577 1906 53 38 sig

122 1958 11 31 i
153 1958 114 32 åldern
289 1958 128 32 18—20
437 1959 38 31 år
494 1970 77 20 vore
592 1958 54 32 det
666 1958 184 32 emellertid
870 1958 198 38 uppenbart,
1090 1961 50 29 att
1159 1961 48 29 ett
1227 1957 223 32 förordnande
1471 1968 52 20 om
1546 1957 83 31 inta-

122 2009 108 38 gande
249 2009 44 37 på
311 2008 367 39 uppfostringsanstalt
698 2009 52 31 för
770 2008 116 38 längre
908 2008 49 33 tid
978 2009 126 31 framåt
1123 2008 109 33 skulle
1253 2007 179 39 uppfattas
1454 2007 108 32 såsom
1583 2010 48 29 ett

123 2059 213 39 synnerligen
364 2059 176 38 allvarligt
566 2059 318 32 frihetsberövande.
935 2058 157 33 Nämnda
1117 2070 156 27 personer
1299 2058 146 32 befunne
1472 2057 53 38 sig
1554 2057 11 32 i
1591 2068 38 21 en

122 2110 92 32 ålder
234 2110 41 32 då
296 2110 37 32 de
352 2111 11 31 i
384 2110 183 32 allmänhet
587 2110 165 38 försörjde
773 2110 53 38 sig
847 2109 108 39 själva
976 2110 60 32 och
1055 2109 127 32 kanske
1203 2109 153 32 stundom
1377 2108 110 32 bildat
1507 2107 122 39 familj.

123 2161 64 32 Att
215 2161 104 32 under
347 2161 126 32 sådana
502 2160 233 33 förhållanden
766 2160 68 32 låta
862 2172 39 20 en
929 2160 180 38 långvarig
1136 2159 326 39 tvångsuppfostran
1493 2158 97 33 träda
1618 2157 11 32 i

122 2211 114 33 stället
260 2211 53 32 för
334 2215 48 28 ett
404 2211 192 38 kortvarigt
618 2211 229 32 frihetsstraff
870 2211 106 32 måste
997 2210 159 32 innebära
1178 2222 40 20 en
1241 2209 296 38 straffskärpning
1560 2220 69 20 som

121 2261 170 39 knappast
312 2261 108 32 skulle
442 2265 281 28 överensstämma
745 2261 72 32 med
841 2261 170 32 allmänna
1034 2260 361 38 rättsuppfattningen.
1442 2259 67 32 Det
1529 2258 101 33 borde

122 2318 83 26 även
240 2312 132 31 märkas
408 2316 51 28 att
493 2312 90 31 tiden
619 2312 53 31 för
696 2311 327 38 tvångsuppfostran
1048 2311 10 30 i
1083 2311 120 31 sådant
1227 2310 64 33 fall
1316 2330 43 3 —
1383 2310 114 31 därest
1520 2309 107 38 någon

121 2362 112 32 effekt
256 2362 107 32 skulle
385 2362 115 32 kunna
521 2363 174 31 förväntas
718 2373 41 20 av
782 2362 191 31 densamma
992 2380 45 4 —
1058 2361 105 32 måste
1185 2360 191 32 utsträckas
1399 2363 157 29 avscvärt
1578 2362 50 28 ut-

122 2417 77 28 över
217 2412 61 32 den
297 2412 192 32 nuvarande
508 2416 145 34 yttersta
671 2417 142 33 gränsen
833 2412 80 32 eller
930 2411 161 39 uppnådd
1110 2411 91 32 ålder
1220 2423 42 19 av
1280 2411 39 31 21
1342 2410 47 32 år.
1432 2410 17 31 I
1471 2410 82 31 1922
1574 2409 54 32 års

123 2462 404 39 sakkunnigbetänkande
554 2463 162 37 föreslogs
744 2462 60 31 den
832 2463 135 37 längsta
992 2461 89 33 tiden
1109 2461 101 32 också
1234 2460 169 32 utsträckt
1428 2460 51 31 till
1508 2461 41 31 26
1575 2460 54 30 års
