1902 2842
525 139 113 28 Första
661 138 222 34 lagutskottets
902 136 164 30 utlåtande
1088 136 49 29 Nr
1161 140 49 26 52.
1586 133 35 30 11

113 227 110 38 taglig
253 226 53 33 för
335 225 173 34 fostrande
535 225 181 39 påverkan.
765 224 67 32 Det
860 224 93 38 finge
980 235 96 20 anses
1108 223 108 32 såsom
1243 234 39 20 en
1308 221 244 39 angelägenhet
1580 232 42 21 av

116 277 173 39 synnerlig
311 277 75 33 vikt
404 276 58 32 vid
486 275 207 34 inrättandet
715 287 42 20 av
779 287 39 20 en
840 274 104 32 sådan
965 273 254 39 specialanstalt
1241 273 54 32 för
1317 272 220 38 ungdomliga
1557 271 65 32 för-

115 328 136 38 brytare
284 339 69 20 som
385 339 44 20 nu
461 326 222 39 ifrågasattes
713 328 52 29 att
794 325 89 32 tillse
914 329 51 29 att
998 325 39 31 de
1067 323 258 38 oförbätterliga
1356 323 30 38 ej
1420 334 117 26 genom
1572 322 50 31 sin

115 383 141 28 närvaro
277 379 19 31 å
316 377 166 33 anstalten
503 376 166 33 förstörde
691 376 56 32 det
766 376 141 32 resultat
927 387 78 20 man
1023 375 80 32 ville
1123 375 52 31 nå.

160 470 90 32 Från
270 482 43 19 nu
332 470 146 38 angivna
497 468 295 40 utgångspunkter
808 468 44 32 ha
870 468 37 33 de
926 467 214 38 sakkunniga
1157 466 171 33 utarbetat
1345 465 131 39 förslag
1494 464 54 33 till
1567 464 56 38 lag

114 534 52 21 om
190 520 329 41 ungdomsfängelse,
543 520 107 33 vilket
672 520 12 32 i
706 519 190 38 väsentliga
920 518 142 39 stycken
1084 518 110 38 ligger
1217 517 53 32 till
1294 516 109 39 grund
1427 516 54 32 för
1505 526 116 28 propo-

116 573 152 33 sitionen.

162 623 224 33 Beträffande
408 621 286 34 anstaltsbehovet
714 621 62 32 har
796 620 12 32 i
829 632 39 20 en
888 620 116 39 bilaga
1025 619 53 33 till
1101 619 39 32 de
1162 618 230 38 sakkunnigas
1414 616 210 33 betänkande

116 673 159 39 antagits,
295 677 51 28 att
363 672 129 39 årligen
510 672 11 32 i
540 675 78 29 runt
635 672 49 32 tal
704 672 62 32 100
785 682 155 28 personer
958 670 109 33 skulle
1089 670 113 32 dömas
1221 668 54 33 till
1292 666 331 41 ungdomsfängelse.

117 724 51 33 De
184 723 214 38 sakkunniga
414 723 44 32 ha
476 723 121 32 räknat
615 722 72 32 med
704 734 39 20 en
760 721 157 33 medeltid
934 721 54 32 för
1004 720 170 33 vistandet
1191 721 19 31 å
1226 718 127 34 anstalt
1369 730 42 21 av
1429 719 17 31 1
1465 719 38 31 år
1521 719 19 31 6
1557 717 66 32 må-

117 775 112 32 nader.
273 774 76 32 Med
367 774 132 38 hänsyn
521 773 54 32 till
594 773 54 32 det
667 772 144 33 anförda
832 772 108 32 skulle
961 772 63 31 160
1043 771 127 38 platser
1189 770 112 32 räcka.
1344 769 55 32 Av
1420 769 92 32 detta
1532 767 93 33 antal

118 826 42 33 ha
178 827 62 31 150
257 825 178 33 beräknats
454 825 54 32 för
524 829 76 28 män
617 824 60 32 och
694 824 40 32 10
753 823 53 32 för
821 823 152 32 kvinnor.

163 920 118 38 Enligt
306 920 250 37 propositionen
579 918 53 32 må
655 916 54 34 till
731 915 321 40 ungdomsfängelse
1076 915 114 32 dömas
1216 914 59 32 där
1299 914 109 37 någon
1432 912 103 32 innan
1559 912 66 31 han

119 971 84 39 fyllt
222 972 40 31 21
284 970 37 32 år
340 969 117 39 begått
475 969 90 32 brott
585 968 61 32 och
665 967 108 38 enligt
791 967 58 38 lag
869 966 67 32 kan
958 967 19 31 å
997 965 126 33 brottet
1144 965 90 39 eller,
1257 964 60 32 där
1338 963 88 33 flera
1446 963 92 32 brott
1558 961 67 33 för-

119 1025 105 35 övats,
247 1022 20 31 å
290 1021 102 38 något
414 1032 42 20 av
479 1019 73 32 dem
576 1018 85 39 följa
684 1017 153 39 fängelse
859 1017 80 32 eller
962 1015 232 34 straffarbete.
1239 1015 54 32 En
1316 1013 248 38 förutsättning
1589 1016 37 28 är

118 1072 127 39 jämväl
266 1074 52 29 att
339 1071 61 32 den
421 1069 178 39 brottslige
620 1069 58 32 vid
703 1068 133 32 domens
858 1066 217 33 meddelande
1098 1065 84 39 fyllt
1205 1067 40 33 18
1267 1065 48 32 år.
1358 1063 68 33 Till
1447 1063 178 39 ungdoms-

121 1122 152 38 fängelse
297 1122 54 31 må
377 1120 85 33 dock
486 1120 30 39 ej
545 1119 123 39 dömas,
696 1119 61 32 där
782 1118 106 38 enligt
912 1118 59 38 lag
997 1118 19 31 å
1042 1116 124 33 brottet
1192 1116 80 32 eller
1298 1115 103 38 något
1426 1126 43 20 av
1495 1114 131 32 brotten

120 1173 91 38 lägst
237 1172 68 32 kan
331 1171 85 39 följa
443 1169 221 34 straffarbete
690 1169 12 32 i
729 1169 81 38 fyra
837 1169 37 32 år
901 1168 80 32 eller
1009 1167 150 33 däröver.
1211 1166 69 32 Till
1306 1163 320 41 ungdomsfängelse

121 1222 88 34 skall
229 1223 124 38 dömas,
375 1221 60 33 där
454 1221 141 32 brottets
615 1219 239 33 beskaffenhet
874 1222 87 29 samt
982 1218 62 32 den
1064 1216 194 39 brottsliges
1279 1215 192 40 personliga
1491 1214 135 33 utveck-

121 1274 81 39 ling,
223 1272 122 33 vandel
366 1272 60 33 och
446 1269 427 39 levnadsomständigheter
895 1269 12 32 i
927 1268 113 38 övrigt
1060 1268 80 39 giva
1163 1267 111 38 skälig
1296 1265 182 39 anledning
1502 1269 125 34 antaga

121 1327 51 30 att
201 1322 328 38 omhändertagande
559 1321 106 38 enligt
696 1320 62 33 den
789 1320 193 38 föreslagna
1012 1319 98 38 lagen
1141 1330 53 20 om
1223 1316 321 39 ungdomsfängelse
1574 1315 54 32 för

123 1374 130 33 fostran
276 1374 61 32 och
359 1372 195 39 utbildning
577 1376 37 28 är
637 1371 54 33 för
714 1371 84 32 hans
822 1370 155 33 rättande
999 1368 202 40 lämpligare
1225 1373 41 27 än
1292 1370 102 29 annat
1421 1366 118 33 straff.

165 1424 57 33 Nu
237 1423 264 39 ifrågavarande
517 1421 249 34 bestämmelser
782 1420 185 33 innefattas
986 1420 12 31 i
1017 1421 16 30 I
1053 1419 19 39 8
1089 1431 42 20 av
1149 1418 165 38 förslaget
1330 1417 53 32 till
1400 1417 59 38 lag
1476 1428 52 21 om
1546 1427 81 27 ung-

122 1474 258 39 domsfängelse.

168 1528 16 30 2
210 1525 61 32 och
296 1527 18 31 3
342 1524 39 39 88
406 1524 12 31 i
443 1523 167 38 förslaget
634 1522 117 38 medge
777 1521 174 38 möjlighet
977 1524 51 28 att
1053 1520 11 31 i
1091 1518 159 33 samband
1277 1518 74 32 med
1377 1521 51 28 att
1454 1516 174 38 villkorlig

123 1575 73 33 dom
224 1574 169 33 förklaras
420 1573 182 33 förverkad
628 1573 119 32 ådöma
775 1570 329 40 ungdomsfängelse.
1152 1570 18 32 I
1197 1572 20 30 4
1244 1570 18 39 8
1290 1567 168 33 meddelas
1486 1567 142 32 bestäm-

123 1626 117 33 melser
261 1637 52 20 om
336 1623 305 38 förundersökning
664 1623 54 32 för
740 1621 166 33 vinnande
929 1633 42 20 av
992 1620 181 38 utredning
1195 1618 139 34 rörande
1357 1618 63 32 den
1442 1616 186 34 tilltalades

123 1676 191 40 personliga
335 1674 236 33 förhållanden
591 1686 42 20 m.
653 1685 43 20 m.

167 1727 121 38 Enligt
312 1728 17 31 5
355 1725 18 39 $
398 1725 88 33 skall
510 1724 111 33 beslut
645 1736 51 20 om
720 1721 320 41 ungdomsfängelse
1065 1722 43 38 gå
1133 1721 11 31 i
1167 1719 259 39 verkställighet
1450 1721 83 29 utan
1557 1717 71 32 hin-

125 1777 56 33 der
206 1777 105 32 därav
336 1779 51 30 att
412 1776 55 31 det
492 1776 30 38 ej
550 1780 79 33 äger
653 1775 80 37 laga
761 1773 105 33 kraft.
916 1771 147 35 Jämlikt
1090 1770 186 39 stadgande
1302 1770 11 32 i
1340 1773 17 30 7
1386 1768 18 40 $
1432 1768 89 33 skall
1546 1779 83 27 ung-

124 1826 247 39 domsfängelse
400 1825 204 33 verkställas
634 1825 12 31 i
675 1824 118 32 härför
822 1823 150 32 inrättad
1003 1821 146 34 särskild
1181 1820 126 33 anstalt
1338 1820 80 32 eller
1448 1818 181 38 avdelning

123 1890 42 20 av
187 1877 137 33 anstalt.

168 1927 224 33 Beträffande
408 1925 300 38 verkställigheten
727 1924 138 38 stadgas
881 1923 116 32 vidare
1014 1923 11 31 i
1045 1925 19 31 8
1082 1922 29 39 $,
1129 1925 51 28 att
1197 1921 62 32 den
1277 1932 68 20 som
1362 1919 169 38 undergår
1548 1930 81 26 ung-

126 1977 246 38 domsfängelse
394 1976 89 32 skall
506 1975 109 32 hållas
637 1974 53 33 till
713 1974 112 33 arbete
847 1986 69 20 som
938 1985 42 20 av
1002 1971 185 34 anstaltens
1211 1975 187 34 styresman
1421 1969 210 32 bestämmes.

125 2028 141 33 Arbetet
289 2027 88 32 skall
400 2038 83 20 vara
507 2038 42 20 av
572 2024 240 33 beskaffenhet
835 2027 50 29 att
908 2023 121 32 bereda
1054 2022 62 32 den
1141 2021 117 33 dömde
1282 2020 139 32 tillfälle
1447 2019 53 32 till
1525 2018 104 33 sådan

124 2078 159 33 teoretisk
302 2077 61 33 och
384 2076 158 39 praktisk
561 2075 194 38 utbildning
774 2075 12 31 i
805 2073 165 33 hantverk
990 2073 80 32 eller
1090 2076 104 29 annat
1213 2071 93 39 yrke,
1329 2082 68 21 som
1418 2069 67 33 kan
1507 2068 123 38 främja

124 2128 190 33 utsikterna
337 2127 53 32 för
414 2127 118 32 honom
559 2129 51 29 att
632 2126 87 32 efter
742 2124 257 38 utskrivningen
1026 2122 144 38 försörja
1196 2122 62 38 sig.
1305 2120 68 32 Vid
1397 2119 92 33 valet
1513 2131 42 20 av
1581 2130 49 20 ar-

125 2179 73 32 bete
223 2178 88 33 skall
336 2182 98 34 tagas
459 2177 132 37 hänsyn
616 2176 53 32 till
695 2176 84 31 hans
804 2175 67 38 håg
896 2174 60 32 och
982 2173 174 32 fallenhet.
1203 2169 34 35 Å
1263 2170 126 33 anstalt
1414 2170 139 38 intagen
1578 2169 54 31 må

127 2229 106 32 såsom
255 2231 228 35 uppmuntran
503 2226 60 33 och
582 2225 156 38 belöning
758 2225 53 32 för
831 2225 58 32 flit
907 2224 61 33 och
987 2222 270 34 välförhållande
1277 2221 113 32 kunna
1411 2219 149 33 tilldelas
1581 2230 50 21 ar-

126 2277 208 39 betspremie.
378 2277 121 38 Enligt
523 2277 18 31 9
567 2277 17 38 8
608 2275 94 33 skola
725 2275 40 32 de
787 2276 20 31 å
829 2274 127 33 anstalt
978 2274 141 37 intagna
1142 2284 41 20 av
1207 2275 253 34 styresmannen
1484 2268 148 33 fördelas

127 2329 42 38 på
188 2331 67 29 sätt
274 2339 69 20 som
363 2327 110 31 finnes
492 2326 159 38 lämpligt
669 2325 73 32 med
762 2325 131 37 hänsyn
912 2323 54 33 till
987 2323 61 32 den
1067 2321 205 38 behandling
1290 2320 112 32 vilken
1422 2319 59 32 bör
1500 2319 132 31 komma

127 2390 60 20 var
212 2378 60 32 och
297 2388 40 21 en
365 2389 41 20 av
433 2376 73 32 dem
534 2376 53 32 till
614 2375 62 32 del.
727 2373 261 39 Styresmannen
1016 2377 79 33 äger
1122 2370 215 33 beträffande
1365 2381 103 21 envar
1495 2369 137 37 intagen

126 2428 192 37 bestämma,
337 2426 167 33 huruvida
523 2426 65 31 han
605 2425 87 32 skall
711 2425 153 32 förvaras
882 2422 134 34 avskild
1034 2422 79 32 eller
1137 2422 4 31 i
1160 2420 246 40 gemensamhet
1424 2418 74 33 med
1517 2417 115 33 andra.
