<?xml version="1.0" encoding="UTF-8"?>
<alto xmlns="http://www.loc.gov/standards/alto/ns-v3#" xmlns:xlink="http://www.w3.org/1999/xlink" xmlns:xsi="http://www.w3.org/2001/XMLSchema-instance" xsi:schemaLocation="http://www.loc.gov/standards/alto/ns-v3# http://www.loc.gov/alto/v3/alto-3-0.xsd">
	<Description>
		<MeasurementUnit>pixel</MeasurementUnit>
		<sourceImageInformation>
			<fileName>/tmp/tess_d9rlkvpp_input.PNG</fileName>
		</sourceImageInformation>
		<OCRProcessing ID="OCR_0">
			<ocrProcessingStep>
				<processingSoftware>
					<softwareName>tesseract 5.3.0</softwareName>
				</processingSoftware>
			</ocrProcessingStep>
		</OCRProcessing>
	</Description>
	<Layout>
		<Page WIDTH="1904" HEIGHT="2838" PHYSICAL_IMG_NR="0" ID="page_0">
			<PrintSpace HPOS="0" VPOS="0" WIDTH="1904" HEIGHT="2838">
				<ComposedBlock ID="cblock_0" HPOS="273" VPOS="141" WIDTH="1100" HEIGHT="35">
					<TextBlock ID="block_0" HPOS="273" VPOS="141" WIDTH="1100" HEIGHT="35">
						<TextLine ID="line_0" HPOS="273" VPOS="141" WIDTH="1100" HEIGHT="35">
							<String ID="string_0" HPOS="273" VPOS="142" WIDTH="19" HEIGHT="29" WC="0.95" CONTENT="6"/><SP WIDTH="393" VPOS="142" HPOS="292"/>
							<String ID="string_1" HPOS="685" VPOS="141" WIDTH="113" HEIGHT="30" WC="0.93" CONTENT="Första"/><SP WIDTH="24" VPOS="141" HPOS="798"/>
							<String ID="string_2" HPOS="822" VPOS="143" WIDTH="222" HEIGHT="33" WC="0.91" CONTENT="lagutskottets"/><SP WIDTH="23" VPOS="143" HPOS="1044"/>
							<String ID="string_3" HPOS="1067" VPOS="142" WIDTH="163" HEIGHT="29" WC="0.96" CONTENT="utlåtande"/><SP WIDTH="26" VPOS="142" HPOS="1230"/>
							<String ID="string_4" HPOS="1256" VPOS="143" WIDTH="47" HEIGHT="28" WC="0.95" CONTENT="Nr"/><SP WIDTH="21" VPOS="143" HPOS="1303"/>
							<String ID="string_5" HPOS="1324" VPOS="147" WIDTH="49" HEIGHT="26" WC="0.95" CONTENT="52."/>
						</TextLine>
					</TextBlock>
				</ComposedBlock>
				<ComposedBlock ID="cblock_1" HPOS="276" VPOS="227" WIDTH="1509" HEIGHT="547">
					<TextBlock ID="block_1" HPOS="276" VPOS="227" WIDTH="1509" HEIGHT="388">
						<TextLine ID="line_1" HPOS="279" VPOS="227" WIDTH="1504" HEIGHT="41">
							<String ID="string_6" HPOS="279" VPOS="227" WIDTH="102" HEIGHT="32" WC="0.95" CONTENT="ålder."/><SP WIDTH="46" VPOS="227" HPOS="381"/>
							<String ID="string_7" HPOS="427" VPOS="227" WIDTH="173" HEIGHT="33" WC="0.95" CONTENT="Utskottet"/><SP WIDTH="20" VPOS="227" HPOS="600"/>
							<String ID="string_8" HPOS="620" VPOS="228" WIDTH="82" HEIGHT="32" WC="0.96" CONTENT="fann"/><SP WIDTH="22" VPOS="228" HPOS="702"/>
							<String ID="string_9" HPOS="724" VPOS="228" WIDTH="55" HEIGHT="32" WC="0.96" CONTENT="för"/><SP WIDTH="22" VPOS="228" HPOS="779"/>
							<String ID="string_10" HPOS="801" VPOS="229" WIDTH="53" HEIGHT="31" WC="0.96" CONTENT="sin"/><SP WIDTH="21" VPOS="229" HPOS="854"/>
							<String ID="string_11" HPOS="875" VPOS="228" WIDTH="52" HEIGHT="32" WC="0.96" CONTENT="del"/><SP WIDTH="24" VPOS="228" HPOS="927"/>
							<String ID="string_12" HPOS="951" VPOS="228" WIDTH="73" HEIGHT="33" WC="0.96" CONTENT="icke"/><SP WIDTH="21" VPOS="228" HPOS="1024"/>
							<String ID="string_13" HPOS="1045" VPOS="228" WIDTH="158" HEIGHT="40" WC="0.96" CONTENT="lämpligt"/><SP WIDTH="22" VPOS="228" HPOS="1203"/>
							<String ID="string_14" HPOS="1225" VPOS="232" WIDTH="51" HEIGHT="29" WC="0.96" CONTENT="att"/><SP WIDTH="20" VPOS="232" HPOS="1276"/>
							<String ID="string_15" HPOS="1296" VPOS="229" WIDTH="142" HEIGHT="38" WC="0.96" CONTENT="utvidga"/><SP WIDTH="24" VPOS="229" HPOS="1438"/>
							<String ID="string_16" HPOS="1462" VPOS="229" WIDTH="257" HEIGHT="38" WC="0.96" CONTENT="användningen"/><SP WIDTH="23" VPOS="229" HPOS="1719"/>
							<String ID="string_17" HPOS="1742" VPOS="241" WIDTH="41" HEIGHT="20" WC="0.94" CONTENT="av"/>
						</TextLine>
						<TextLine ID="line_2" HPOS="279" VPOS="278" WIDTH="1506" HEIGHT="40">
							<String ID="string_18" HPOS="279" VPOS="278" WIDTH="327" HEIGHT="38" WC="0.91" CONTENT="tvångsuppfostran"/><SP WIDTH="22" VPOS="278" HPOS="606"/>
							<String ID="string_19" HPOS="628" VPOS="279" WIDTH="126" HEIGHT="37" WC="0.96" CONTENT="jämväl"/><SP WIDTH="25" VPOS="279" HPOS="754"/>
							<String ID="string_20" HPOS="779" VPOS="278" WIDTH="53" HEIGHT="33" WC="0.96" CONTENT="till"/><SP WIDTH="23" VPOS="278" HPOS="832"/>
							<String ID="string_21" HPOS="855" VPOS="291" WIDTH="89" HEIGHT="27" WC="0.96" CONTENT="unga"/><SP WIDTH="24" VPOS="291" HPOS="944"/>
							<String ID="string_22" HPOS="968" VPOS="279" WIDTH="191" HEIGHT="38" WC="0.96" CONTENT="förbrytare"/><SP WIDTH="24" VPOS="279" HPOS="1159"/>
							<String ID="string_23" HPOS="1183" VPOS="291" WIDTH="69" HEIGHT="21" WC="0.96" CONTENT="som"/><SP WIDTH="25" VPOS="291" HPOS="1252"/>
							<String ID="string_24" HPOS="1277" VPOS="279" WIDTH="83" HEIGHT="39" WC="0.96" CONTENT="fyllt"/><SP WIDTH="26" VPOS="279" HPOS="1360"/>
							<String ID="string_25" HPOS="1386" VPOS="280" WIDTH="39" HEIGHT="32" WC="0.95" CONTENT="18"/><SP WIDTH="24" VPOS="280" HPOS="1425"/>
							<String ID="string_26" HPOS="1449" VPOS="291" WIDTH="73" HEIGHT="20" WC="0.96" CONTENT="men"/><SP WIDTH="23" VPOS="291" HPOS="1522"/>
							<String ID="string_27" HPOS="1545" VPOS="280" WIDTH="30" HEIGHT="38" WC="0.95" CONTENT="ej"/><SP WIDTH="27" VPOS="280" HPOS="1575"/>
							<String ID="string_28" HPOS="1602" VPOS="280" WIDTH="39" HEIGHT="31" WC="0.96" CONTENT="21"/><SP WIDTH="26" VPOS="280" HPOS="1641"/>
							<String ID="string_29" HPOS="1667" VPOS="280" WIDTH="48" HEIGHT="32" WC="0.93" CONTENT="år."/><SP WIDTH="25" VPOS="280" HPOS="1715"/>
							<String ID="string_30" HPOS="1740" VPOS="299" WIDTH="45" HEIGHT="4" WC="0.87" CONTENT="—"/>
						</TextLine>
						<TextLine ID="line_3" HPOS="279" VPOS="327" WIDTH="1505" HEIGHT="41">
							<String ID="string_31" HPOS="279" VPOS="327" WIDTH="197" HEIGHT="34" WC="0.93" CONTENT="Emellertid"/><SP WIDTH="33" VPOS="327" HPOS="476"/>
							<String ID="string_32" HPOS="509" VPOS="329" WIDTH="197" HEIGHT="33" WC="0.90" CONTENT="hemställde"/><SP WIDTH="31" VPOS="329" HPOS="706"/>
							<String ID="string_33" HPOS="737" VPOS="329" WIDTH="175" HEIGHT="38" WC="0.96" CONTENT="utskottet,"/><SP WIDTH="33" VPOS="329" HPOS="912"/>
							<String ID="string_34" HPOS="945" VPOS="333" WIDTH="51" HEIGHT="29" WC="0.96" CONTENT="att"/><SP WIDTH="32" VPOS="333" HPOS="996"/>
							<String ID="string_35" HPOS="1028" VPOS="330" WIDTH="179" HEIGHT="38" WC="0.96" CONTENT="riksdagen"/><SP WIDTH="33" VPOS="330" HPOS="1207"/>
							<String ID="string_36" HPOS="1240" VPOS="330" WIDTH="103" HEIGHT="32" WC="0.96" CONTENT="måtte"/><SP WIDTH="21" VPOS="330" HPOS="1343"/>
							<String ID="string_37" HPOS="1364" VPOS="330" WIDTH="12" HEIGHT="31" WC="0.96" CONTENT="i"/><SP WIDTH="21" VPOS="330" HPOS="1376"/>
							<String ID="string_38" HPOS="1397" VPOS="330" WIDTH="161" HEIGHT="33" WC="0.96" CONTENT="skrivelse"/><SP WIDTH="21" VPOS="330" HPOS="1558"/>
							<String ID="string_39" HPOS="1579" VPOS="330" WIDTH="53" HEIGHT="32" WC="0.96" CONTENT="till"/><SP WIDTH="23" VPOS="330" HPOS="1632"/>
							<String ID="string_40" HPOS="1655" VPOS="330" WIDTH="129" HEIGHT="38" WC="0.96" CONTENT="Kungl."/>
						</TextLine>
						<TextLine ID="line_4" HPOS="279" VPOS="379" WIDTH="1506" HEIGHT="40">
							<String ID="string_41" HPOS="279" VPOS="379" WIDTH="103" HEIGHT="38" WC="0.94" CONTENT="Maj:t"/><SP WIDTH="22" VPOS="379" HPOS="382"/>
							<String ID="string_42" HPOS="404" VPOS="379" WIDTH="135" HEIGHT="33" WC="0.96" CONTENT="anhålla"/><SP WIDTH="23" VPOS="379" HPOS="539"/>
							<String ID="string_43" HPOS="562" VPOS="383" WIDTH="51" HEIGHT="29" WC="0.96" CONTENT="att"/><SP WIDTH="25" VPOS="383" HPOS="613"/>
							<String ID="string_44" HPOS="638" VPOS="380" WIDTH="128" HEIGHT="38" WC="0.95" CONTENT="Kungl."/><SP WIDTH="26" VPOS="380" HPOS="766"/>
							<String ID="string_45" HPOS="792" VPOS="380" WIDTH="103" HEIGHT="38" WC="0.96" CONTENT="Maj:t"/><SP WIDTH="22" VPOS="380" HPOS="895"/>
							<String ID="string_46" HPOS="917" VPOS="381" WIDTH="101" HEIGHT="32" WC="0.96" CONTENT="måtte"/><SP WIDTH="24" VPOS="381" HPOS="1018"/>
							<String ID="string_47" HPOS="1042" VPOS="381" WIDTH="155" HEIGHT="32" WC="0.96" CONTENT="utarbeta"/><SP WIDTH="21" VPOS="381" HPOS="1197"/>
							<String ID="string_48" HPOS="1218" VPOS="381" WIDTH="62" HEIGHT="32" WC="0.96" CONTENT="och"/><SP WIDTH="25" VPOS="381" HPOS="1280"/>
							<String ID="string_49" HPOS="1305" VPOS="381" WIDTH="52" HEIGHT="32" WC="0.96" CONTENT="för"/><SP WIDTH="27" VPOS="381" HPOS="1357"/>
							<String ID="string_50" HPOS="1384" VPOS="380" WIDTH="180" HEIGHT="39" WC="0.96" CONTENT="riksdagen"/><SP WIDTH="26" VPOS="380" HPOS="1564"/>
							<String ID="string_51" HPOS="1590" VPOS="380" WIDTH="195" HEIGHT="39" WC="0.96" CONTENT="framlägga"/>
						</TextLine>
						<TextLine ID="line_5" HPOS="279" VPOS="430" WIDTH="1506" HEIGHT="40">
							<String ID="string_52" HPOS="279" VPOS="430" WIDTH="130" HEIGHT="38" WC="0.96" CONTENT="förslag"/><SP WIDTH="22" VPOS="430" HPOS="409"/>
							<String ID="string_53" HPOS="431" VPOS="430" WIDTH="52" HEIGHT="32" WC="0.96" CONTENT="till"/><SP WIDTH="23" VPOS="430" HPOS="483"/>
							<String ID="string_54" HPOS="506" VPOS="430" WIDTH="104" HEIGHT="33" WC="0.96" CONTENT="sådan"/><SP WIDTH="25" VPOS="430" HPOS="610"/>
							<String ID="string_55" HPOS="635" VPOS="431" WIDTH="143" HEIGHT="38" WC="0.96" CONTENT="ändring"/><SP WIDTH="22" VPOS="431" HPOS="778"/>
							<String ID="string_56" HPOS="800" VPOS="443" WIDTH="42" HEIGHT="20" WC="0.96" CONTENT="av"/><SP WIDTH="23" VPOS="443" HPOS="842"/>
							<String ID="string_57" HPOS="865" VPOS="432" WIDTH="18" HEIGHT="31" WC="0.96" CONTENT="5"/><SP WIDTH="23" VPOS="432" HPOS="883"/>
							<String ID="string_58" HPOS="906" VPOS="431" WIDTH="77" HEIGHT="39" WC="0.96" CONTENT="kap."/><SP WIDTH="22" VPOS="431" HPOS="983"/>
							<String ID="string_59" HPOS="1005" VPOS="432" WIDTH="18" HEIGHT="31" WC="0.95" CONTENT="2"/><SP WIDTH="25" VPOS="432" HPOS="1023"/>
							<String ID="string_60" HPOS="1048" VPOS="431" WIDTH="18" HEIGHT="39" WC="0.80" CONTENT="8"/><SP WIDTH="24" VPOS="431" HPOS="1066"/>
							<String ID="string_61" HPOS="1090" VPOS="431" WIDTH="205" HEIGHT="39" WC="0.96" CONTENT="strafflagen"/><SP WIDTH="24" VPOS="431" HPOS="1295"/>
							<String ID="string_62" HPOS="1319" VPOS="435" WIDTH="49" HEIGHT="29" WC="0.96" CONTENT="att"/><SP WIDTH="25" VPOS="435" HPOS="1368"/>
							<String ID="string_63" HPOS="1393" VPOS="436" WIDTH="61" HEIGHT="28" WC="0.96" CONTENT="när"/><SP WIDTH="21" VPOS="436" HPOS="1454"/>
							<String ID="string_64" HPOS="1475" VPOS="432" WIDTH="110" HEIGHT="38" WC="0.96" CONTENT="någon"/><SP WIDTH="22" VPOS="432" HPOS="1585"/>
							<String ID="string_65" HPOS="1607" VPOS="442" WIDTH="69" HEIGHT="21" WC="0.96" CONTENT="som"/><SP WIDTH="24" VPOS="442" HPOS="1676"/>
							<String ID="string_66" HPOS="1700" VPOS="431" WIDTH="85" HEIGHT="38" WC="0.96" CONTENT="fyllt"/>
						</TextLine>
						<TextLine ID="line_6" HPOS="281" VPOS="481" WIDTH="1504" HEIGHT="40">
							<String ID="string_67" HPOS="281" VPOS="482" WIDTH="39" HEIGHT="30" WC="0.96" CONTENT="15"/><SP WIDTH="23" VPOS="482" HPOS="320"/>
							<String ID="string_68" HPOS="343" VPOS="492" WIDTH="72" HEIGHT="20" WC="0.96" CONTENT="men"/><SP WIDTH="22" VPOS="492" HPOS="415"/>
							<String ID="string_69" HPOS="437" VPOS="481" WIDTH="28" HEIGHT="38" WC="0.96" CONTENT="ej"/><SP WIDTH="27" VPOS="481" HPOS="465"/>
							<String ID="string_70" HPOS="492" VPOS="482" WIDTH="40" HEIGHT="32" WC="0.96" CONTENT="18"/><SP WIDTH="22" VPOS="482" HPOS="532"/>
							<String ID="string_71" HPOS="554" VPOS="482" WIDTH="39" HEIGHT="32" WC="0.96" CONTENT="år"/><SP WIDTH="19" VPOS="482" HPOS="593"/>
							<String ID="string_72" HPOS="612" VPOS="481" WIDTH="103" HEIGHT="39" WC="0.96" CONTENT="begår"/><SP WIDTH="20" VPOS="481" HPOS="715"/>
							<String ID="string_73" HPOS="735" VPOS="482" WIDTH="91" HEIGHT="32" WC="0.96" CONTENT="brott"/><SP WIDTH="22" VPOS="482" HPOS="826"/>
							<String ID="string_74" HPOS="848" VPOS="482" WIDTH="141" HEIGHT="32" WC="0.91" CONTENT="straffet"/><SP WIDTH="21" VPOS="482" HPOS="989"/>
							<String ID="string_75" HPOS="1010" VPOS="482" WIDTH="104" HEIGHT="39" WC="0.96" CONTENT="finge,"/><SP WIDTH="23" VPOS="482" HPOS="1114"/>
							<String ID="string_76" HPOS="1137" VPOS="482" WIDTH="73" HEIGHT="32" WC="0.96" CONTENT="med"/><SP WIDTH="22" VPOS="482" HPOS="1210"/>
							<String ID="string_77" HPOS="1232" VPOS="481" WIDTH="234" HEIGHT="33" WC="0.92" CONTENT="bibehållande"/><SP WIDTH="23" VPOS="481" HPOS="1466"/>
							<String ID="string_78" HPOS="1489" VPOS="493" WIDTH="42" HEIGHT="21" WC="0.96" CONTENT="av"/><SP WIDTH="23" VPOS="493" HPOS="1531"/>
							<String ID="string_79" HPOS="1554" VPOS="481" WIDTH="158" HEIGHT="33" WC="0.96" CONTENT="förbudet"/><SP WIDTH="22" VPOS="481" HPOS="1712"/>
							<String ID="string_80" HPOS="1734" VPOS="485" WIDTH="51" HEIGHT="29" WC="0.96" CONTENT="att"/>
						</TextLine>
						<TextLine ID="line_7" HPOS="280" VPOS="531" WIDTH="1505" HEIGHT="40">
							<String ID="string_81" HPOS="280" VPOS="531" WIDTH="96" HEIGHT="32" WC="0.96" CONTENT="döma"/><SP WIDTH="22" VPOS="531" HPOS="376"/>
							<String ID="string_82" HPOS="398" VPOS="531" WIDTH="52" HEIGHT="32" WC="0.96" CONTENT="till"/><SP WIDTH="23" VPOS="531" HPOS="450"/>
							<String ID="string_83" HPOS="473" VPOS="532" WIDTH="219" HEIGHT="33" WC="0.96" CONTENT="straffarbete"/><SP WIDTH="21" VPOS="532" HPOS="692"/>
							<String ID="string_84" HPOS="713" VPOS="533" WIDTH="42" HEIGHT="38" WC="0.97" CONTENT="på"/><SP WIDTH="22" VPOS="533" HPOS="755"/>
							<String ID="string_85" HPOS="777" VPOS="532" WIDTH="127" HEIGHT="39" WC="0.93" CONTENT="livstid,"/><SP WIDTH="25" VPOS="532" HPOS="904"/>
							<String ID="string_86" HPOS="929" VPOS="532" WIDTH="171" HEIGHT="33" WC="0.92" CONTENT="nedsättas"/><SP WIDTH="21" VPOS="532" HPOS="1100"/>
							<String ID="string_87" HPOS="1121" VPOS="532" WIDTH="104" HEIGHT="33" WC="0.96" CONTENT="under"/><SP WIDTH="22" VPOS="532" HPOS="1225"/>
							<String ID="string_88" HPOS="1247" VPOS="532" WIDTH="64" HEIGHT="32" WC="0.96" CONTENT="vad"/><SP WIDTH="22" VPOS="532" HPOS="1311"/>
							<String ID="string_89" HPOS="1333" VPOS="532" WIDTH="97" HEIGHT="39" WC="0.92" CONTENT="eljest"/><SP WIDTH="20" VPOS="532" HPOS="1430"/>
							<String ID="string_90" HPOS="1450" VPOS="533" WIDTH="19" HEIGHT="31" WC="0.92" CONTENT="å"/><SP WIDTH="22" VPOS="533" HPOS="1469"/>
							<String ID="string_91" HPOS="1491" VPOS="532" WIDTH="185" HEIGHT="38" WC="0.96" CONTENT="gärningen"/><SP WIDTH="23" VPOS="532" HPOS="1676"/>
							<String ID="string_92" HPOS="1699" VPOS="531" WIDTH="86" HEIGHT="39" WC="0.96" CONTENT="följa"/>
						</TextLine>
						<TextLine ID="line_8" HPOS="276" VPOS="581" WIDTH="663" HEIGHT="34">
							<String ID="string_93" HPOS="276" VPOS="581" WIDTH="85" HEIGHT="33" WC="0.96" CONTENT="bort."/><SP WIDTH="571" VPOS="581" HPOS="361"/>
							<String ID="string_94" HPOS="932" VPOS="601" WIDTH="7" HEIGHT="14" WC="0.90" CONTENT=","/>
						</TextLine>
					</TextBlock>
					<TextBlock ID="block_2" HPOS="278" VPOS="632" WIDTH="1506" HEIGHT="91">
						<TextLine ID="line_9" HPOS="323" VPOS="632" WIDTH="1461" HEIGHT="41">
							<String ID="string_95" HPOS="323" VPOS="633" WIDTH="68" HEIGHT="32" WC="0.96" CONTENT="Vid"/><SP WIDTH="18" VPOS="633" HPOS="391"/>
							<String ID="string_96" HPOS="409" VPOS="633" WIDTH="180" HEIGHT="33" WC="0.95" CONTENT="utskottets"/><SP WIDTH="20" VPOS="633" HPOS="589"/>
							<String ID="string_97" HPOS="609" VPOS="633" WIDTH="174" HEIGHT="33" WC="0.96" CONTENT="utlåtande"/><SP WIDTH="20" VPOS="633" HPOS="783"/>
							<String ID="string_98" HPOS="803" VPOS="634" WIDTH="99" HEIGHT="32" WC="0.93" CONTENT="fanns"/><SP WIDTH="19" VPOS="634" HPOS="902"/>
							<String ID="string_99" HPOS="921" VPOS="634" WIDTH="103" HEIGHT="38" WC="0.92" CONTENT="fogad"/><SP WIDTH="19" VPOS="634" HPOS="1024"/>
							<String ID="string_100" HPOS="1043" VPOS="646" WIDTH="39" HEIGHT="20" WC="0.96" CONTENT="en"/><SP WIDTH="19" VPOS="646" HPOS="1082"/>
							<String ID="string_101" HPOS="1101" VPOS="634" WIDTH="202" HEIGHT="32" WC="0.96" CONTENT="reservation"/><SP WIDTH="22" VPOS="634" HPOS="1303"/>
							<String ID="string_102" HPOS="1325" VPOS="632" WIDTH="59" HEIGHT="40" WC="0.95" CONTENT="(av"/><SP WIDTH="18" VPOS="632" HPOS="1384"/>
							<String ID="string_103" HPOS="1402" VPOS="634" WIDTH="76" HEIGHT="32" WC="0.96" CONTENT="herr"/><SP WIDTH="18" VPOS="634" HPOS="1478"/>
							<String ID="string_104" HPOS="1496" VPOS="632" WIDTH="196" HEIGHT="41" WC="0.96" CONTENT="Lindqvist)"/><SP WIDTH="24" VPOS="632" HPOS="1692"/>
							<String ID="string_105" HPOS="1716" VPOS="636" WIDTH="68" HEIGHT="29" WC="0.96" CONTENT="mot"/>
						</TextLine>
						<TextLine ID="line_10" HPOS="278" VPOS="683" WIDTH="468" HEIGHT="40">
							<String ID="string_106" HPOS="278" VPOS="683" WIDTH="70" HEIGHT="33" WC="0.96" CONTENT="viss"/><SP WIDTH="21" VPOS="683" HPOS="348"/>
							<String ID="string_107" HPOS="369" VPOS="683" WIDTH="52" HEIGHT="33" WC="0.95" CONTENT="del"/><SP WIDTH="17" VPOS="683" HPOS="421"/>
							<String ID="string_108" HPOS="438" VPOS="696" WIDTH="41" HEIGHT="20" WC="0.95" CONTENT="av"/><SP WIDTH="17" VPOS="696" HPOS="479"/>
							<String ID="string_109" HPOS="496" VPOS="684" WIDTH="250" HEIGHT="39" WC="0.96" CONTENT="motiveringen."/>
						</TextLine>
					</TextBlock>
					<TextBlock ID="block_3" HPOS="323" VPOS="733" WIDTH="817" HEIGHT="41">
						<TextLine ID="line_11" HPOS="323" VPOS="733" WIDTH="817" HEIGHT="41">
							<String ID="string_110" HPOS="323" VPOS="733" WIDTH="188" HEIGHT="34" WC="0.96" CONTENT="Utskottets"/><SP WIDTH="22" VPOS="733" HPOS="511"/>
							<String ID="string_111" HPOS="533" VPOS="734" WIDTH="199" HEIGHT="33" WC="0.96" CONTENT="hemställan"/><SP WIDTH="19" VPOS="734" HPOS="732"/>
							<String ID="string_112" HPOS="751" VPOS="735" WIDTH="118" HEIGHT="32" WC="0.95" CONTENT="bifölls"/><SP WIDTH="20" VPOS="735" HPOS="869"/>
							<String ID="string_113" HPOS="889" VPOS="747" WIDTH="42" HEIGHT="20" WC="0.96" CONTENT="av"/><SP WIDTH="19" VPOS="747" HPOS="931"/>
							<String ID="string_114" HPOS="950" VPOS="735" WIDTH="190" HEIGHT="39" WC="0.96" CONTENT="riksdagen."/>
						</TextLine>
					</TextBlock>
				</ComposedBlock>
				<ComposedBlock ID="cblock_2" HPOS="279" VPOS="809" WIDTH="1505" HEIGHT="142">
					<TextBlock ID="block_4" HPOS="279" VPOS="809" WIDTH="1505" HEIGHT="142">
						<TextLine ID="line_12" HPOS="323" VPOS="809" WIDTH="1460" HEIGHT="41">
							<String ID="string_115" HPOS="323" VPOS="810" WIDTH="18" HEIGHT="32" WC="0.96" CONTENT="I"/><SP WIDTH="24" VPOS="810" HPOS="341"/>
							<String ID="string_116" HPOS="365" VPOS="810" WIDTH="90" HEIGHT="33" WC="0.96" CONTENT="detta"/><SP WIDTH="23" VPOS="810" HPOS="455"/>
							<String ID="string_117" HPOS="478" VPOS="811" WIDTH="241" HEIGHT="39" WC="0.95" CONTENT="sammanhang"/><SP WIDTH="22" VPOS="811" HPOS="719"/>
							<String ID="string_118" HPOS="741" VPOS="812" WIDTH="55" HEIGHT="31" WC="0.93" CONTENT="må"/><SP WIDTH="22" VPOS="812" HPOS="796"/>
							<String ID="string_119" HPOS="818" VPOS="811" WIDTH="177" HEIGHT="33" WC="0.90" CONTENT="anmärkas"/><SP WIDTH="25" VPOS="811" HPOS="995"/>
							<String ID="string_120" HPOS="1020" VPOS="815" WIDTH="51" HEIGHT="28" WC="0.96" CONTENT="att"/><SP WIDTH="24" VPOS="815" HPOS="1071"/>
							<String ID="string_121" HPOS="1095" VPOS="810" WIDTH="181" HEIGHT="39" WC="0.96" CONTENT="riksdagen"/><SP WIDTH="23" VPOS="810" HPOS="1276"/>
							<String ID="string_122" HPOS="1299" VPOS="810" WIDTH="223" HEIGHT="33" WC="0.96" CONTENT="innevarande"/><SP WIDTH="24" VPOS="810" HPOS="1522"/>
							<String ID="string_123" HPOS="1546" VPOS="811" WIDTH="37" HEIGHT="31" WC="0.95" CONTENT="år"/><SP WIDTH="24" VPOS="811" HPOS="1583"/>
							<String ID="string_124" HPOS="1607" VPOS="809" WIDTH="86" HEIGHT="33" WC="0.93" CONTENT="efter"/><SP WIDTH="23" VPOS="809" HPOS="1693"/>
							<String ID="string_125" HPOS="1716" VPOS="809" WIDTH="67" HEIGHT="32" WC="0.92" CONTENT="för-"/>
						</TextLine>
						<TextLine ID="line_13" HPOS="280" VPOS="860" WIDTH="1504" HEIGHT="40">
							<String ID="string_126" HPOS="280" VPOS="861" WIDTH="74" HEIGHT="38" WC="0.96" CONTENT="slag"/><SP WIDTH="20" VPOS="861" HPOS="354"/>
							<String ID="string_127" HPOS="374" VPOS="873" WIDTH="40" HEIGHT="21" WC="0.96" CONTENT="av"/><SP WIDTH="21" VPOS="873" HPOS="414"/>
							<String ID="string_128" HPOS="435" VPOS="861" WIDTH="127" HEIGHT="39" WC="0.95" CONTENT="Kungl."/><SP WIDTH="21" VPOS="861" HPOS="562"/>
							<String ID="string_129" HPOS="583" VPOS="861" WIDTH="102" HEIGHT="39" WC="0.96" CONTENT="Maj:t"/><SP WIDTH="20" VPOS="861" HPOS="685"/>
							<String ID="string_130" HPOS="705" VPOS="862" WIDTH="134" HEIGHT="38" WC="0.96" CONTENT="antagit"/><SP WIDTH="19" VPOS="862" HPOS="839"/>
							<String ID="string_131" HPOS="858" VPOS="861" WIDTH="57" HEIGHT="39" WC="0.96" CONTENT="lag"/><SP WIDTH="19" VPOS="861" HPOS="915"/>
							<String ID="string_132" HPOS="934" VPOS="874" WIDTH="51" HEIGHT="20" WC="0.96" CONTENT="om"/><SP WIDTH="20" VPOS="874" HPOS="985"/>
							<String ID="string_133" HPOS="1005" VPOS="862" WIDTH="105" HEIGHT="32" WC="0.96" CONTENT="sådan"/><SP WIDTH="22" VPOS="862" HPOS="1110"/>
							<String ID="string_134" HPOS="1132" VPOS="861" WIDTH="143" HEIGHT="39" WC="0.96" CONTENT="ändring"/><SP WIDTH="19" VPOS="861" HPOS="1275"/>
							<String ID="string_135" HPOS="1294" VPOS="873" WIDTH="43" HEIGHT="21" WC="0.96" CONTENT="av"/><SP WIDTH="20" VPOS="873" HPOS="1337"/>
							<String ID="string_136" HPOS="1357" VPOS="862" WIDTH="18" HEIGHT="31" WC="0.96" CONTENT="5"/><SP WIDTH="21" VPOS="862" HPOS="1375"/>
							<String ID="string_137" HPOS="1396" VPOS="861" WIDTH="78" HEIGHT="38" WC="0.93" CONTENT="kap."/><SP WIDTH="21" VPOS="861" HPOS="1474"/>
							<String ID="string_138" HPOS="1495" VPOS="861" WIDTH="18" HEIGHT="31" WC="0.92" CONTENT="2"/><SP WIDTH="25" VPOS="861" HPOS="1513"/>
							<String ID="string_139" HPOS="1538" VPOS="860" WIDTH="18" HEIGHT="39" WC="0.81" CONTENT="$"/><SP WIDTH="21" VPOS="860" HPOS="1556"/>
							<String ID="string_140" HPOS="1577" VPOS="860" WIDTH="207" HEIGHT="38" WC="0.95" CONTENT="strafflagen"/>
						</TextLine>
						<TextLine ID="line_14" HPOS="279" VPOS="911" WIDTH="1505" HEIGHT="40">
							<String ID="string_141" HPOS="279" VPOS="924" WIDTH="112" HEIGHT="20" WC="0.95" CONTENT="varom"/><SP WIDTH="19" VPOS="924" HPOS="391"/>
							<String ID="string_142" HPOS="410" VPOS="911" WIDTH="180" HEIGHT="40" WC="0.96" CONTENT="riksdagen"/><SP WIDTH="17" VPOS="911" HPOS="590"/>
							<String ID="string_143" HPOS="607" VPOS="913" WIDTH="38" HEIGHT="31" WC="0.96" CONTENT="år"/><SP WIDTH="18" VPOS="913" HPOS="645"/>
							<String ID="string_144" HPOS="663" VPOS="913" WIDTH="84" HEIGHT="32" WC="0.92" CONTENT="1934"/><SP WIDTH="19" VPOS="913" HPOS="747"/>
							<String ID="string_145" HPOS="766" VPOS="912" WIDTH="207" HEIGHT="33" WC="0.89" CONTENT="hemställde."/><SP WIDTH="18" VPOS="912" HPOS="973"/>
							<String ID="string_146" HPOS="991" VPOS="912" WIDTH="115" HEIGHT="39" WC="0.96" CONTENT="Lagen"/><SP WIDTH="19" VPOS="912" HPOS="1106"/>
							<String ID="string_147" HPOS="1125" VPOS="911" WIDTH="88" HEIGHT="34" WC="0.96" CONTENT="skall"/><SP WIDTH="17" VPOS="911" HPOS="1213"/>
							<String ID="string_148" HPOS="1230" VPOS="911" WIDTH="98" HEIGHT="33" WC="0.96" CONTENT="träda"/><SP WIDTH="20" VPOS="911" HPOS="1328"/>
							<String ID="string_149" HPOS="1348" VPOS="912" WIDTH="11" HEIGHT="31" WC="0.96" CONTENT="i"/><SP WIDTH="18" VPOS="912" HPOS="1359"/>
							<String ID="string_150" HPOS="1377" VPOS="911" WIDTH="97" HEIGHT="33" WC="0.96" CONTENT="kraft"/><SP WIDTH="18" VPOS="911" HPOS="1474"/>
							<String ID="string_151" HPOS="1492" VPOS="911" WIDTH="61" HEIGHT="32" WC="0.96" CONTENT="den"/><SP WIDTH="22" VPOS="911" HPOS="1553"/>
							<String ID="string_152" HPOS="1575" VPOS="913" WIDTH="16" HEIGHT="30" WC="0.95" CONTENT="1"/><SP WIDTH="18" VPOS="913" HPOS="1591"/>
							<String ID="string_153" HPOS="1609" VPOS="911" WIDTH="63" HEIGHT="38" WC="0.95" CONTENT="juli"/><SP WIDTH="15" VPOS="911" HPOS="1672"/>
							<String ID="string_154" HPOS="1687" VPOS="911" WIDTH="97" HEIGHT="32" WC="0.95" CONTENT="1935."/>
						</TextLine>
					</TextBlock>
				</ComposedBlock>
				<ComposedBlock ID="cblock_3" HPOS="278" VPOS="1011" WIDTH="1508" HEIGHT="753">
					<TextBlock ID="block_5" HPOS="278" VPOS="1011" WIDTH="1506" HEIGHT="143">
						<TextLine ID="line_15" HPOS="324" VPOS="1011" WIDTH="1460" HEIGHT="41">
							<String ID="string_155" HPOS="324" VPOS="1013" WIDTH="72" HEIGHT="32" WC="0.96" CONTENT="Den"/><SP WIDTH="23" VPOS="1013" HPOS="396"/>
							<String ID="string_156" HPOS="419" VPOS="1014" WIDTH="39" HEIGHT="32" WC="0.96" CONTENT="20"/><SP WIDTH="22" VPOS="1014" HPOS="458"/>
							<String ID="string_157" HPOS="480" VPOS="1014" WIDTH="88" HEIGHT="38" WC="0.96" CONTENT="april"/><SP WIDTH="24" VPOS="1014" HPOS="568"/>
							<String ID="string_158" HPOS="592" VPOS="1015" WIDTH="84" HEIGHT="31" WC="0.96" CONTENT="1934"/><SP WIDTH="21" VPOS="1015" HPOS="676"/>
							<String ID="string_159" HPOS="697" VPOS="1014" WIDTH="208" HEIGHT="32" WC="0.96" CONTENT="tillkallades"/><SP WIDTH="22" VPOS="1014" HPOS="905"/>
							<String ID="string_160" HPOS="927" VPOS="1014" WIDTH="106" HEIGHT="38" WC="0.96" CONTENT="enligt"/><SP WIDTH="21" VPOS="1014" HPOS="1033"/>
							<String ID="string_161" HPOS="1054" VPOS="1013" WIDTH="128" HEIGHT="39" WC="0.95" CONTENT="Kungl."/><SP WIDTH="25" VPOS="1013" HPOS="1182"/>
							<String ID="string_162" HPOS="1207" VPOS="1013" WIDTH="119" HEIGHT="38" WC="0.96" CONTENT="Maj:ts"/><SP WIDTH="22" VPOS="1013" HPOS="1326"/>
							<String ID="string_163" HPOS="1348" VPOS="1012" WIDTH="267" HEIGHT="39" WC="0.93" CONTENT="bemyndigande"/><SP WIDTH="24" VPOS="1012" HPOS="1615"/>
							<String ID="string_164" HPOS="1639" VPOS="1011" WIDTH="145" HEIGHT="33" WC="0.91" CONTENT="sakkun-"/>
						</TextLine>
						<TextLine ID="line_16" HPOS="278" VPOS="1062" WIDTH="1505" HEIGHT="41">
							<String ID="string_165" HPOS="278" VPOS="1064" WIDTH="82" HEIGHT="38" WC="0.90" CONTENT="niga"/><SP WIDTH="21" VPOS="1064" HPOS="360"/>
							<String ID="string_166" HPOS="381" VPOS="1067" WIDTH="51" HEIGHT="29" WC="0.96" CONTENT="att"/><SP WIDTH="21" VPOS="1067" HPOS="432"/>
							<String ID="string_167" HPOS="453" VPOS="1064" WIDTH="88" HEIGHT="33" WC="0.93" CONTENT="inom"/><SP WIDTH="24" VPOS="1064" HPOS="541"/>
							<String ID="string_168" HPOS="565" VPOS="1064" WIDTH="394" HEIGHT="39" WC="0.89" CONTENT="justitiedepartementet"/><SP WIDTH="22" VPOS="1064" HPOS="959"/>
							<String ID="string_169" HPOS="981" VPOS="1064" WIDTH="133" HEIGHT="33" WC="0.96" CONTENT="biträda"/><SP WIDTH="23" VPOS="1064" HPOS="1114"/>
							<String ID="string_170" HPOS="1137" VPOS="1064" WIDTH="72" HEIGHT="32" WC="0.96" CONTENT="med"/><SP WIDTH="25" VPOS="1064" HPOS="1209"/>
							<String ID="string_171" HPOS="1234" VPOS="1064" WIDTH="160" HEIGHT="32" WC="0.95" CONTENT="reformer"/><SP WIDTH="25" VPOS="1064" HPOS="1394"/>
							<String ID="string_172" HPOS="1419" VPOS="1064" WIDTH="44" HEIGHT="38" WC="0.93" CONTENT="på"/><SP WIDTH="23" VPOS="1064" HPOS="1463"/>
							<String ID="string_173" HPOS="1486" VPOS="1062" WIDTH="297" HEIGHT="39" WC="0.89" CONTENT="straffsystemets,"/>
						</TextLine>
						<TextLine ID="line_17" HPOS="279" VPOS="1114" WIDTH="940" HEIGHT="40">
							<String ID="string_174" HPOS="279" VPOS="1114" WIDTH="423" HEIGHT="40" WC="0.86" CONTENT="straffverkställighetens"/><SP WIDTH="21" VPOS="1114" HPOS="702"/>
							<String ID="string_175" HPOS="723" VPOS="1115" WIDTH="61" HEIGHT="33" WC="0.93" CONTENT="och"/><SP WIDTH="21" VPOS="1115" HPOS="784"/>
							<String ID="string_176" HPOS="805" VPOS="1115" WIDTH="226" HEIGHT="38" WC="0.91" CONTENT="fångvårdens"/><SP WIDTH="23" VPOS="1115" HPOS="1031"/>
							<String ID="string_177" HPOS="1054" VPOS="1114" WIDTH="165" HEIGHT="33" WC="0.96" CONTENT="områden."/>
						</TextLine>
					</TextBlock>
					<TextBlock ID="block_6" HPOS="280" VPOS="1163" WIDTH="1504" HEIGHT="92">
						<TextLine ID="line_18" HPOS="324" VPOS="1163" WIDTH="1460" HEIGHT="41">
							<String ID="string_178" HPOS="324" VPOS="1165" WIDTH="50" HEIGHT="33" WC="0.96" CONTENT="De"/><SP WIDTH="24" VPOS="1165" HPOS="374"/>
							<String ID="string_179" HPOS="398" VPOS="1165" WIDTH="213" HEIGHT="39" WC="0.96" CONTENT="sakkunniga"/><SP WIDTH="23" VPOS="1165" HPOS="611"/>
							<String ID="string_180" HPOS="634" VPOS="1166" WIDTH="43" HEIGHT="32" WC="0.93" CONTENT="ha"/><SP WIDTH="21" VPOS="1166" HPOS="677"/>
							<String ID="string_181" HPOS="698" VPOS="1166" WIDTH="173" HEIGHT="32" WC="0.91" CONTENT="avlämnat"/><SP WIDTH="21" VPOS="1166" HPOS="871"/>
							<String ID="string_182" HPOS="892" VPOS="1165" WIDTH="211" HEIGHT="33" WC="0.96" CONTENT="betänkande"/><SP WIDTH="22" VPOS="1165" HPOS="1103"/>
							<String ID="string_183" HPOS="1125" VPOS="1165" WIDTH="72" HEIGHT="32" WC="0.96" CONTENT="med"/><SP WIDTH="24" VPOS="1165" HPOS="1197"/>
							<String ID="string_184" HPOS="1221" VPOS="1164" WIDTH="131" HEIGHT="39" WC="0.95" CONTENT="förslag"/><SP WIDTH="23" VPOS="1164" HPOS="1352"/>
							<String ID="string_185" HPOS="1375" VPOS="1164" WIDTH="54" HEIGHT="33" WC="0.96" CONTENT="till"/><SP WIDTH="23" VPOS="1164" HPOS="1429"/>
							<String ID="string_186" HPOS="1452" VPOS="1164" WIDTH="58" HEIGHT="39" WC="0.96" CONTENT="lag"/><SP WIDTH="23" VPOS="1164" HPOS="1510"/>
							<String ID="string_187" HPOS="1533" VPOS="1176" WIDTH="51" HEIGHT="20" WC="0.93" CONTENT="om"/><SP WIDTH="22" VPOS="1176" HPOS="1584"/>
							<String ID="string_188" HPOS="1606" VPOS="1163" WIDTH="178" HEIGHT="39" WC="0.91" CONTENT="ungdoms-"/>
						</TextLine>
						<TextLine ID="line_19" HPOS="280" VPOS="1213" WIDTH="1222" HEIGHT="42">
							<String ID="string_189" HPOS="280" VPOS="1216" WIDTH="151" HEIGHT="39" WC="0.96" CONTENT="fängelse"/><SP WIDTH="21" VPOS="1216" HPOS="431"/>
							<String ID="string_190" HPOS="452" VPOS="1216" WIDTH="61" HEIGHT="33" WC="0.96" CONTENT="den"/><SP WIDTH="23" VPOS="1216" HPOS="513"/>
							<String ID="string_191" HPOS="536" VPOS="1218" WIDTH="39" HEIGHT="31" WC="0.96" CONTENT="19"/><SP WIDTH="24" VPOS="1218" HPOS="575"/>
							<String ID="string_192" HPOS="599" VPOS="1217" WIDTH="169" HEIGHT="32" WC="0.96" CONTENT="december"/><SP WIDTH="22" VPOS="1217" HPOS="768"/>
							<String ID="string_193" HPOS="790" VPOS="1217" WIDTH="86" HEIGHT="32" WC="0.96" CONTENT="1934"/><SP WIDTH="25" VPOS="1217" HPOS="876"/>
							<String ID="string_194" HPOS="901" VPOS="1215" WIDTH="143" HEIGHT="40" WC="0.96" CONTENT="(statens"/><SP WIDTH="22" VPOS="1215" HPOS="1044"/>
							<String ID="string_195" HPOS="1066" VPOS="1216" WIDTH="64" HEIGHT="32" WC="0.93" CONTENT="off."/><SP WIDTH="22" VPOS="1216" HPOS="1130"/>
							<String ID="string_196" HPOS="1152" VPOS="1216" WIDTH="131" HEIGHT="32" WC="0.89" CONTENT="utredn."/><SP WIDTH="24" VPOS="1216" HPOS="1283"/>
							<String ID="string_197" HPOS="1307" VPOS="1216" WIDTH="100" HEIGHT="31" WC="0.95" CONTENT="1934:"/><SP WIDTH="22" VPOS="1216" HPOS="1407"/>
							<String ID="string_198" HPOS="1429" VPOS="1213" WIDTH="73" HEIGHT="40" WC="0.95" CONTENT="52)."/>
						</TextLine>
					</TextBlock>
					<TextBlock ID="block_7" HPOS="278" VPOS="1263" WIDTH="1508" HEIGHT="346">
						<TextLine ID="line_20" HPOS="324" VPOS="1263" WIDTH="1461" HEIGHT="41">
							<String ID="string_199" HPOS="324" VPOS="1264" WIDTH="87" HEIGHT="36" WC="0.96" CONTENT="Över"/><SP WIDTH="21" VPOS="1264" HPOS="411"/>
							<String ID="string_200" HPOS="432" VPOS="1267" WIDTH="225" HEIGHT="33" WC="0.96" CONTENT="betänkandet"/><SP WIDTH="21" VPOS="1267" HPOS="657"/>
							<String ID="string_201" HPOS="678" VPOS="1268" WIDTH="43" HEIGHT="31" WC="0.96" CONTENT="ha"/><SP WIDTH="24" VPOS="1268" HPOS="721"/>
							<String ID="string_202" HPOS="745" VPOS="1266" WIDTH="199" HEIGHT="33" WC="0.93" CONTENT="utlåtanden"/><SP WIDTH="22" VPOS="1266" HPOS="944"/>
							<String ID="string_203" HPOS="966" VPOS="1266" WIDTH="186" HEIGHT="33" WC="0.92" CONTENT="infordrats"/><SP WIDTH="24" VPOS="1266" HPOS="1152"/>
							<String ID="string_204" HPOS="1176" VPOS="1266" WIDTH="78" HEIGHT="32" WC="0.93" CONTENT="från"/><SP WIDTH="25" VPOS="1266" HPOS="1254"/>
							<String ID="string_205" HPOS="1279" VPOS="1265" WIDTH="363" HEIGHT="39" WC="0.91" CONTENT="fångvårdsstyrelsen,"/><SP WIDTH="26" VPOS="1265" HPOS="1642"/>
							<String ID="string_206" HPOS="1668" VPOS="1263" WIDTH="117" HEIGHT="34" WC="0.92" CONTENT="social-"/>
						</TextLine>
						<TextLine ID="line_21" HPOS="279" VPOS="1314" WIDTH="1505" HEIGHT="42">
							<String ID="string_207" HPOS="279" VPOS="1318" WIDTH="174" HEIGHT="38" WC="0.93" CONTENT="styrelsen,"/><SP WIDTH="23" VPOS="1318" HPOS="453"/>
							<String ID="string_208" HPOS="476" VPOS="1317" WIDTH="406" HEIGHT="33" WC="0.91" CONTENT="överståthållarämbetet"/><SP WIDTH="21" VPOS="1317" HPOS="882"/>
							<String ID="string_209" HPOS="903" VPOS="1317" WIDTH="59" HEIGHT="32" WC="0.96" CONTENT="och"/><SP WIDTH="22" VPOS="1317" HPOS="962"/>
							<String ID="string_210" HPOS="984" VPOS="1316" WIDTH="290" HEIGHT="39" WC="0.95" CONTENT="länsstyrelserna,"/><SP WIDTH="24" VPOS="1316" HPOS="1274"/>
							<String ID="string_211" HPOS="1298" VPOS="1320" WIDTH="126" HEIGHT="29" WC="0.96" CONTENT="statens"/><SP WIDTH="22" VPOS="1320" HPOS="1424"/>
							<String ID="string_212" HPOS="1446" VPOS="1315" WIDTH="173" HEIGHT="39" WC="0.96" CONTENT="inspektör"/><SP WIDTH="22" VPOS="1315" HPOS="1619"/>
							<String ID="string_213" HPOS="1641" VPOS="1315" WIDTH="54" HEIGHT="33" WC="0.93" CONTENT="för"/><SP WIDTH="24" VPOS="1315" HPOS="1695"/>
							<String ID="string_214" HPOS="1719" VPOS="1314" WIDTH="65" HEIGHT="33" WC="0.91" CONTENT="fat-"/>
						</TextLine>
						<TextLine ID="line_22" HPOS="279" VPOS="1365" WIDTH="1506" HEIGHT="43">
							<String ID="string_215" HPOS="279" VPOS="1369" WIDTH="135" HEIGHT="39" WC="0.91" CONTENT="tigvård"/><SP WIDTH="36" VPOS="1369" HPOS="414"/>
							<String ID="string_216" HPOS="450" VPOS="1369" WIDTH="60" HEIGHT="32" WC="0.96" CONTENT="och"/><SP WIDTH="35" VPOS="1369" HPOS="510"/>
							<String ID="string_217" HPOS="545" VPOS="1368" WIDTH="188" HEIGHT="33" WC="0.96" CONTENT="barnavård"/><SP WIDTH="37" VPOS="1368" HPOS="733"/>
							<String ID="string_218" HPOS="770" VPOS="1373" WIDTH="155" HEIGHT="27" WC="0.95" CONTENT="ävensom"/><SP WIDTH="27" VPOS="1373" HPOS="925"/>
							<String ID="string_219" HPOS="952" VPOS="1368" WIDTH="164" HEIGHT="38" WC="0.95" CONTENT="styrelsen"/><SP WIDTH="28" VPOS="1368" HPOS="1116"/>
							<String ID="string_220" HPOS="1144" VPOS="1367" WIDTH="53" HEIGHT="32" WC="0.96" CONTENT="för"/><SP WIDTH="24" VPOS="1367" HPOS="1197"/>
							<String ID="string_221" HPOS="1221" VPOS="1370" WIDTH="127" HEIGHT="30" WC="0.93" CONTENT="statens"/><SP WIDTH="25" VPOS="1370" HPOS="1348"/>
							<String ID="string_222" HPOS="1373" VPOS="1365" WIDTH="367" HEIGHT="40" WC="0.91" CONTENT="uppfostringsanstalt"/><SP WIDTH="26" VPOS="1365" HPOS="1740"/>
							<String ID="string_223" HPOS="1766" VPOS="1366" WIDTH="19" HEIGHT="31" WC="0.92" CONTENT="å"/>
						</TextLine>
						<TextLine ID="line_23" HPOS="279" VPOS="1415" WIDTH="1507" HEIGHT="42">
							<String ID="string_224" HPOS="279" VPOS="1420" WIDTH="104" HEIGHT="32" WC="0.93" CONTENT="Bona."/><SP WIDTH="46" VPOS="1420" HPOS="383"/>
							<String ID="string_225" HPOS="429" VPOS="1419" WIDTH="154" HEIGHT="33" WC="0.96" CONTENT="Tillfälle"/><SP WIDTH="34" VPOS="1419" HPOS="583"/>
							<String ID="string_226" HPOS="617" VPOS="1423" WIDTH="51" HEIGHT="28" WC="0.93" CONTENT="att"/><SP WIDTH="33" VPOS="1423" HPOS="668"/>
							<String ID="string_227" HPOS="701" VPOS="1419" WIDTH="124" HEIGHT="38" WC="0.92" CONTENT="avgiva"/><SP WIDTH="35" VPOS="1419" HPOS="825"/>
							<String ID="string_228" HPOS="860" VPOS="1418" WIDTH="158" HEIGHT="39" WC="0.96" CONTENT="yttrande"/><SP WIDTH="35" VPOS="1418" HPOS="1018"/>
							<String ID="string_229" HPOS="1053" VPOS="1423" WIDTH="77" HEIGHT="28" WC="0.96" CONTENT="över"/><SP WIDTH="23" VPOS="1423" HPOS="1130"/>
							<String ID="string_230" HPOS="1153" VPOS="1417" WIDTH="225" HEIGHT="33" WC="0.96" CONTENT="betänkandet"/><SP WIDTH="23" VPOS="1417" HPOS="1378"/>
							<String ID="string_231" HPOS="1401" VPOS="1417" WIDTH="62" HEIGHT="32" WC="0.96" CONTENT="har"/><SP WIDTH="22" VPOS="1417" HPOS="1463"/>
							<String ID="string_232" HPOS="1485" VPOS="1417" WIDTH="123" HEIGHT="33" WC="0.96" CONTENT="beretts"/><SP WIDTH="26" VPOS="1417" HPOS="1608"/>
							<String ID="string_233" HPOS="1634" VPOS="1415" WIDTH="152" HEIGHT="35" WC="0.96" CONTENT="Svenska"/>
						</TextLine>
						<TextLine ID="line_24" HPOS="279" VPOS="1467" WIDTH="1506" HEIGHT="42">
							<String ID="string_234" HPOS="279" VPOS="1470" WIDTH="412" HEIGHT="39" WC="0.91" CONTENT="kriminalistföreningen,"/><SP WIDTH="38" VPOS="1470" HPOS="691"/>
							<String ID="string_235" HPOS="729" VPOS="1469" WIDTH="319" HEIGHT="33" WC="0.96" CONTENT="Centralförbundet"/><SP WIDTH="38" VPOS="1469" HPOS="1048"/>
							<String ID="string_236" HPOS="1086" VPOS="1469" WIDTH="53" HEIGHT="32" WC="0.96" CONTENT="för"/><SP WIDTH="36" VPOS="1469" HPOS="1139"/>
							<String ID="string_237" HPOS="1175" VPOS="1468" WIDTH="117" HEIGHT="33" WC="0.96" CONTENT="socialt"/><SP WIDTH="37" VPOS="1468" HPOS="1292"/>
							<String ID="string_238" HPOS="1329" VPOS="1468" WIDTH="120" HEIGHT="38" WC="0.96" CONTENT="arbete,"/><SP WIDTH="41" VPOS="1468" HPOS="1449"/>
							<String ID="string_239" HPOS="1490" VPOS="1467" WIDTH="150" HEIGHT="33" WC="0.93" CONTENT="Svenska"/><SP WIDTH="26" VPOS="1467" HPOS="1640"/>
							<String ID="string_240" HPOS="1666" VPOS="1467" WIDTH="119" HEIGHT="38" WC="0.91" CONTENT="fattig-"/>
						</TextLine>
						<TextLine ID="line_25" HPOS="278" VPOS="1517" WIDTH="1508" HEIGHT="41">
							<String ID="string_241" HPOS="278" VPOS="1521" WIDTH="115" HEIGHT="33" WC="0.91" CONTENT="vårds-"/><SP WIDTH="34" VPOS="1521" HPOS="393"/>
							<String ID="string_242" HPOS="427" VPOS="1522" WIDTH="60" HEIGHT="32" WC="0.93" CONTENT="och"/><SP WIDTH="34" VPOS="1522" HPOS="487"/>
							<String ID="string_243" HPOS="521" VPOS="1520" WIDTH="399" HEIGHT="38" WC="0.91" CONTENT="barnavårdsförbundet,"/><SP WIDTH="36" VPOS="1520" HPOS="920"/>
							<String ID="string_244" HPOS="956" VPOS="1520" WIDTH="152" HEIGHT="33" WC="0.93" CONTENT="Svenska"/><SP WIDTH="35" VPOS="1520" HPOS="1108"/>
							<String ID="string_245" HPOS="1143" VPOS="1518" WIDTH="342" HEIGHT="39" WC="0.89" CONTENT="diakonissällskapet"/><SP WIDTH="23" VPOS="1518" HPOS="1485"/>
							<String ID="string_246" HPOS="1508" VPOS="1522" WIDTH="86" HEIGHT="29" WC="0.96" CONTENT="samt"/><SP WIDTH="25" VPOS="1522" HPOS="1594"/>
							<String ID="string_247" HPOS="1619" VPOS="1517" WIDTH="167" HEIGHT="40" WC="0.96" CONTENT="styrelsen"/>
						</TextLine>
						<TextLine ID="line_26" HPOS="279" VPOS="1570" WIDTH="853" HEIGHT="39">
							<String ID="string_248" HPOS="279" VPOS="1572" WIDTH="55" HEIGHT="32" WC="0.96" CONTENT="för"/><SP WIDTH="22" VPOS="1572" HPOS="334"/>
							<String ID="string_249" HPOS="356" VPOS="1572" WIDTH="208" HEIGHT="33" WC="0.60" CONTENT="Stockholms"/><SP WIDTH="23" VPOS="1572" HPOS="564"/>
							<String ID="string_250" HPOS="587" VPOS="1572" WIDTH="92" HEIGHT="32" WC="0.93" CONTENT="stads"/><SP WIDTH="22" VPOS="1572" HPOS="679"/>
							<String ID="string_251" HPOS="701" VPOS="1571" WIDTH="206" HEIGHT="38" WC="0.92" CONTENT="skyddshem"/><SP WIDTH="24" VPOS="1571" HPOS="907"/>
							<String ID="string_252" HPOS="931" VPOS="1570" WIDTH="53" HEIGHT="33" WC="0.96" CONTENT="för"/><SP WIDTH="21" VPOS="1570" HPOS="984"/>
							<String ID="string_253" HPOS="1005" VPOS="1582" WIDTH="127" HEIGHT="27" WC="0.96" CONTENT="gossar."/>
						</TextLine>
					</TextBlock>
					<TextBlock ID="block_8" HPOS="278" VPOS="1619" WIDTH="1508" HEIGHT="145">
						<TextLine ID="line_27" HPOS="324" VPOS="1619" WIDTH="1462" HEIGHT="40">
							<String ID="string_254" HPOS="324" VPOS="1623" WIDTH="204" HEIGHT="33" WC="0.90" CONTENT="Utlåtanden"/><SP WIDTH="25" VPOS="1623" HPOS="528"/>
							<String ID="string_255" HPOS="553" VPOS="1623" WIDTH="44" HEIGHT="32" WC="0.96" CONTENT="ha"/><SP WIDTH="26" VPOS="1623" HPOS="597"/>
							<String ID="string_256" HPOS="623" VPOS="1622" WIDTH="176" HEIGHT="32" WC="0.96" CONTENT="inkommit"/><SP WIDTH="25" VPOS="1622" HPOS="799"/>
							<String ID="string_257" HPOS="824" VPOS="1621" WIDTH="78" HEIGHT="33" WC="0.96" CONTENT="från"/><SP WIDTH="25" VPOS="1621" HPOS="902"/>
							<String ID="string_258" HPOS="927" VPOS="1621" WIDTH="144" HEIGHT="33" WC="0.96" CONTENT="nämnda"/><SP WIDTH="26" VPOS="1621" HPOS="1071"/>
							<String ID="string_259" HPOS="1097" VPOS="1620" WIDTH="233" HEIGHT="39" WC="0.96" CONTENT="myndigheter"/><SP WIDTH="26" VPOS="1620" HPOS="1330"/>
							<String ID="string_260" HPOS="1356" VPOS="1620" WIDTH="60" HEIGHT="32" WC="0.96" CONTENT="och"/><SP WIDTH="26" VPOS="1620" HPOS="1416"/>
							<String ID="string_261" HPOS="1442" VPOS="1619" WIDTH="344" HEIGHT="38" WC="0.95" CONTENT="sammanslutningar"/>
						</TextLine>
						<TextLine ID="line_28" HPOS="279" VPOS="1669" WIDTH="1506" HEIGHT="43">
							<String ID="string_262" HPOS="279" VPOS="1674" WIDTH="73" HEIGHT="32" WC="0.96" CONTENT="med"/><SP WIDTH="24" VPOS="1674" HPOS="352"/>
							<String ID="string_263" HPOS="376" VPOS="1674" WIDTH="173" HEIGHT="38" WC="0.96" CONTENT="undantag"/><SP WIDTH="21" VPOS="1674" HPOS="549"/>
							<String ID="string_264" HPOS="570" VPOS="1685" WIDTH="42" HEIGHT="20" WC="0.96" CONTENT="av"/><SP WIDTH="23" VPOS="1685" HPOS="612"/>
							<String ID="string_265" HPOS="635" VPOS="1672" WIDTH="318" HEIGHT="33" WC="0.96" CONTENT="Centralförbundet"/><SP WIDTH="23" VPOS="1672" HPOS="953"/>
							<String ID="string_266" HPOS="976" VPOS="1672" WIDTH="54" HEIGHT="32" WC="0.96" CONTENT="för"/><SP WIDTH="22" VPOS="1672" HPOS="1030"/>
							<String ID="string_267" HPOS="1052" VPOS="1671" WIDTH="119" HEIGHT="33" WC="0.94" CONTENT="socialt"/><SP WIDTH="21" VPOS="1671" HPOS="1171"/>
							<String ID="string_268" HPOS="1192" VPOS="1671" WIDTH="123" HEIGHT="32" WC="0.96" CONTENT="arbete."/><SP WIDTH="45" VPOS="1671" HPOS="1315"/>
							<String ID="string_269" HPOS="1360" VPOS="1670" WIDTH="102" HEIGHT="33" WC="0.96" CONTENT="Vissa"/><SP WIDTH="23" VPOS="1670" HPOS="1462"/>
							<String ID="string_270" HPOS="1485" VPOS="1670" WIDTH="235" HEIGHT="39" WC="0.96" CONTENT="myndigheter"/><SP WIDTH="22" VPOS="1670" HPOS="1720"/>
							<String ID="string_271" HPOS="1742" VPOS="1669" WIDTH="43" HEIGHT="32" WC="0.96" CONTENT="ha"/>
						</TextLine>
						<TextLine ID="line_29" HPOS="278" VPOS="1720" WIDTH="1440" HEIGHT="44">
							<String ID="string_272" HPOS="278" VPOS="1725" WIDTH="134" HEIGHT="39" WC="0.96" CONTENT="bifogat"/><SP WIDTH="21" VPOS="1725" HPOS="412"/>
							<String ID="string_273" HPOS="433" VPOS="1737" WIDTH="41" HEIGHT="20" WC="0.95" CONTENT="av"/><SP WIDTH="20" VPOS="1737" HPOS="474"/>
							<String ID="string_274" HPOS="494" VPOS="1725" WIDTH="74" HEIGHT="32" WC="0.93" CONTENT="dem"/><SP WIDTH="22" VPOS="1725" HPOS="568"/>
							<String ID="string_275" HPOS="590" VPOS="1723" WIDTH="194" HEIGHT="33" WC="0.92" CONTENT="infordrade"/><SP WIDTH="22" VPOS="1723" HPOS="784"/>
							<String ID="string_276" HPOS="806" VPOS="1723" WIDTH="179" HEIGHT="39" WC="0.96" CONTENT="yttranden"/><SP WIDTH="22" VPOS="1723" HPOS="985"/>
							<String ID="string_277" HPOS="1007" VPOS="1723" WIDTH="77" HEIGHT="31" WC="0.93" CONTENT="från"/><SP WIDTH="23" VPOS="1723" HPOS="1084"/>
							<String ID="string_278" HPOS="1107" VPOS="1722" WIDTH="241" HEIGHT="38" WC="0.92" CONTENT="rådhusrätter,"/><SP WIDTH="21" VPOS="1722" HPOS="1348"/>
							<String ID="string_279" HPOS="1369" VPOS="1721" WIDTH="222" HEIGHT="38" WC="0.90" CONTENT="landsfogdar"/><SP WIDTH="22" VPOS="1721" HPOS="1591"/>
							<String ID="string_280" HPOS="1613" VPOS="1733" WIDTH="41" HEIGHT="19" WC="0.91" CONTENT="m."/><SP WIDTH="26" VPOS="1733" HPOS="1654"/>
							<String ID="string_281" HPOS="1680" VPOS="1720" WIDTH="38" HEIGHT="32" WC="0.94" CONTENT="fl."/>
						</TextLine>
					</TextBlock>
				</ComposedBlock>
				<ComposedBlock ID="cblock_4" HPOS="277" VPOS="1795" WIDTH="1508" HEIGHT="401">
					<TextBlock ID="block_9" HPOS="277" VPOS="1795" WIDTH="1508" HEIGHT="401">
						<TextLine ID="line_30" HPOS="323" VPOS="1795" WIDTH="1460" HEIGHT="43">
							<String ID="string_282" HPOS="323" VPOS="1800" WIDTH="49" HEIGHT="32" WC="0.96" CONTENT="De"/><SP WIDTH="22" VPOS="1800" HPOS="372"/>
							<String ID="string_283" HPOS="394" VPOS="1800" WIDTH="213" HEIGHT="38" WC="0.96" CONTENT="sakkunniga"/><SP WIDTH="23" VPOS="1800" HPOS="607"/>
							<String ID="string_284" HPOS="630" VPOS="1800" WIDTH="119" HEIGHT="32" WC="0.95" CONTENT="anföra"/><SP WIDTH="22" VPOS="1800" HPOS="749"/>
							<String ID="string_285" HPOS="771" VPOS="1799" WIDTH="216" HEIGHT="33" WC="0.93" CONTENT="beträffande"/><SP WIDTH="27" VPOS="1799" HPOS="987"/>
							<String ID="string_286" HPOS="1014" VPOS="1798" WIDTH="270" HEIGHT="38" WC="0.92" CONTENT="brottslighetens"/><SP WIDTH="23" VPOS="1798" HPOS="1284"/>
							<String ID="string_287" HPOS="1307" VPOS="1797" WIDTH="200" HEIGHT="38" WC="0.96" CONTENT="utbredning"/><SP WIDTH="28" VPOS="1797" HPOS="1507"/>
							<String ID="string_288" HPOS="1535" VPOS="1795" WIDTH="98" HEIGHT="33" WC="0.93" CONTENT="bland"/><SP WIDTH="24" VPOS="1795" HPOS="1633"/>
							<String ID="string_289" HPOS="1657" VPOS="1795" WIDTH="126" HEIGHT="39" WC="0.92" CONTENT="ungdo-"/>
						</TextLine>
						<TextLine ID="line_31" HPOS="278" VPOS="1847" WIDTH="1507" HEIGHT="50">
							<String ID="string_290" HPOS="278" VPOS="1863" WIDTH="75" HEIGHT="21" WC="0.95" CONTENT="men"/><SP WIDTH="22" VPOS="1863" HPOS="353"/>
							<String ID="string_291" HPOS="375" VPOS="1852" WIDTH="101" HEIGHT="32" WC="0.96" CONTENT="bland"/><SP WIDTH="23" VPOS="1852" HPOS="476"/>
							<String ID="string_292" HPOS="499" VPOS="1855" WIDTH="112" HEIGHT="42" WC="0.96" CONTENT="annat,"/><SP WIDTH="24" VPOS="1855" HPOS="611"/>
							<String ID="string_293" HPOS="635" VPOS="1854" WIDTH="51" HEIGHT="29" WC="0.96" CONTENT="att"/><SP WIDTH="24" VPOS="1854" HPOS="686"/>
							<String ID="string_294" HPOS="710" VPOS="1850" WIDTH="232" HEIGHT="33" WC="0.93" CONTENT="erfarenheten"/><SP WIDTH="23" VPOS="1850" HPOS="942"/>
							<String ID="string_295" HPOS="965" VPOS="1850" WIDTH="85" HEIGHT="38" WC="0.92" CONTENT="gåve"/><SP WIDTH="22" VPOS="1850" HPOS="1050"/>
							<String ID="string_296" HPOS="1072" VPOS="1849" WIDTH="57" HEIGHT="32" WC="0.96" CONTENT="vid"/><SP WIDTH="24" VPOS="1849" HPOS="1129"/>
							<String ID="string_297" HPOS="1153" VPOS="1849" WIDTH="130" HEIGHT="32" WC="0.96" CONTENT="handen"/><SP WIDTH="24" VPOS="1849" HPOS="1283"/>
							<String ID="string_298" HPOS="1307" VPOS="1852" WIDTH="51" HEIGHT="28" WC="0.95" CONTENT="att"/><SP WIDTH="23" VPOS="1852" HPOS="1358"/>
							<String ID="string_299" HPOS="1381" VPOS="1848" WIDTH="99" HEIGHT="32" WC="0.96" CONTENT="svåra"/><SP WIDTH="25" VPOS="1848" HPOS="1480"/>
							<String ID="string_300" HPOS="1505" VPOS="1847" WIDTH="192" HEIGHT="38" WC="0.93" CONTENT="förbrytare"/><SP WIDTH="23" VPOS="1847" HPOS="1697"/>
							<String ID="string_301" HPOS="1720" VPOS="1858" WIDTH="65" HEIGHT="20" WC="0.92" CONTENT="me-"/>
						</TextLine>
						<TextLine ID="line_32" HPOS="279" VPOS="1897" WIDTH="1506" HEIGHT="43">
							<String ID="string_302" HPOS="279" VPOS="1903" WIDTH="130" HEIGHT="32" WC="0.91" CONTENT="rendels"/><SP WIDTH="24" VPOS="1903" HPOS="409"/>
							<String ID="string_303" HPOS="433" VPOS="1902" WIDTH="100" HEIGHT="33" WC="0.96" CONTENT="redan"/><SP WIDTH="27" VPOS="1902" HPOS="533"/>
							<String ID="string_304" HPOS="560" VPOS="1902" WIDTH="11" HEIGHT="31" WC="0.96" CONTENT="i"/><SP WIDTH="23" VPOS="1902" HPOS="571"/>
							<String ID="string_305" HPOS="594" VPOS="1901" WIDTH="245" HEIGHT="39" WC="0.96" CONTENT="ungdomsåren"/><SP WIDTH="24" VPOS="1901" HPOS="839"/>
							<String ID="string_306" HPOS="863" VPOS="1900" WIDTH="59" HEIGHT="33" WC="0.96" CONTENT="och"/><SP WIDTH="24" VPOS="1900" HPOS="922"/>
							<String ID="string_307" HPOS="946" VPOS="1900" WIDTH="114" HEIGHT="32" WC="0.96" CONTENT="ibland"/><SP WIDTH="27" VPOS="1900" HPOS="1060"/>
							<String ID="string_308" HPOS="1087" VPOS="1900" WIDTH="100" HEIGHT="32" WC="0.96" CONTENT="redan"/><SP WIDTH="24" VPOS="1900" HPOS="1187"/>
							<String ID="string_309" HPOS="1211" VPOS="1899" WIDTH="11" HEIGHT="32" WC="0.93" CONTENT="i"/><SP WIDTH="24" VPOS="1899" HPOS="1222"/>
							<String ID="string_310" HPOS="1246" VPOS="1898" WIDTH="222" HEIGHT="33" WC="0.91" CONTENT="barnaåldern"/><SP WIDTH="24" VPOS="1898" HPOS="1468"/>
							<String ID="string_311" HPOS="1492" VPOS="1898" WIDTH="90" HEIGHT="32" WC="0.96" CONTENT="visat"/><SP WIDTH="23" VPOS="1898" HPOS="1582"/>
							<String ID="string_312" HPOS="1605" VPOS="1897" WIDTH="180" HEIGHT="38" WC="0.96" CONTENT="brottsliga"/>
						</TextLine>
						<TextLine ID="line_33" HPOS="277" VPOS="1948" WIDTH="1508" HEIGHT="44">
							<String ID="string_313" HPOS="277" VPOS="1953" WIDTH="151" HEIGHT="39" WC="0.96" CONTENT="böjelser."/><SP WIDTH="44" VPOS="1953" HPOS="428"/>
							<String ID="string_314" HPOS="472" VPOS="1953" WIDTH="55" HEIGHT="32" WC="0.96" CONTENT="Av"/><SP WIDTH="20" VPOS="1953" HPOS="527"/>
							<String ID="string_315" HPOS="547" VPOS="1952" WIDTH="73" HEIGHT="33" WC="0.68" CONTENT="icke"/><SP WIDTH="22" VPOS="1952" HPOS="620"/>
							<String ID="string_316" HPOS="642" VPOS="1951" WIDTH="127" HEIGHT="33" WC="0.96" CONTENT="mindre"/><SP WIDTH="21" VPOS="1951" HPOS="769"/>
							<String ID="string_317" HPOS="790" VPOS="1952" WIDTH="140" HEIGHT="32" WC="0.96" CONTENT="intresse"/><SP WIDTH="20" VPOS="1952" HPOS="930"/>
							<String ID="string_318" HPOS="950" VPOS="1963" WIDTH="76" HEIGHT="20" WC="0.96" CONTENT="vore"/><SP WIDTH="22" VPOS="1963" HPOS="1026"/>
							<String ID="string_319" HPOS="1048" VPOS="1951" WIDTH="55" HEIGHT="32" WC="0.96" CONTENT="det"/><SP WIDTH="20" VPOS="1951" HPOS="1103"/>
							<String ID="string_320" HPOS="1123" VPOS="1950" WIDTH="134" HEIGHT="32" WC="0.95" CONTENT="faktum"/><SP WIDTH="21" VPOS="1950" HPOS="1257"/>
							<String ID="string_321" HPOS="1278" VPOS="1953" WIDTH="52" HEIGHT="29" WC="0.93" CONTENT="att"/><SP WIDTH="20" VPOS="1953" HPOS="1330"/>
							<String ID="string_322" HPOS="1350" VPOS="1948" WIDTH="435" HEIGHT="39" WC="0.91" CONTENT="brottslighetsfrekvensen"/>
						</TextLine>
						<TextLine ID="line_34" HPOS="278" VPOS="1998" WIDTH="1506" HEIGHT="44">
							<String ID="string_323" HPOS="278" VPOS="2016" WIDTH="78" HEIGHT="20" WC="0.96" CONTENT="vore"/><SP WIDTH="18" VPOS="2016" HPOS="356"/>
							<String ID="string_324" HPOS="374" VPOS="2004" WIDTH="100" HEIGHT="38" WC="0.96" CONTENT="högre"/><SP WIDTH="20" VPOS="2004" HPOS="474"/>
							<String ID="string_325" HPOS="494" VPOS="2004" WIDTH="105" HEIGHT="32" WC="0.93" CONTENT="under"/><SP WIDTH="21" VPOS="2004" HPOS="599"/>
							<String ID="string_326" HPOS="620" VPOS="2003" WIDTH="252" HEIGHT="38" WC="0.92" CONTENT="pubertetsåren"/><SP WIDTH="20" VPOS="2003" HPOS="872"/>
							<String ID="string_327" HPOS="892" VPOS="2002" WIDTH="60" HEIGHT="32" WC="0.96" CONTENT="och"/><SP WIDTH="19" VPOS="2002" HPOS="952"/>
							<String ID="string_328" HPOS="971" VPOS="2005" WIDTH="150" HEIGHT="29" WC="0.96" CONTENT="närmast"/><SP WIDTH="20" VPOS="2005" HPOS="1121"/>
							<String ID="string_329" HPOS="1141" VPOS="2000" WIDTH="148" HEIGHT="33" WC="0.96" CONTENT="därefter"/><SP WIDTH="21" VPOS="2000" HPOS="1289"/>
							<String ID="string_330" HPOS="1310" VPOS="2005" WIDTH="41" HEIGHT="27" WC="0.96" CONTENT="än"/><SP WIDTH="20" VPOS="2005" HPOS="1351"/>
							<String ID="string_331" HPOS="1371" VPOS="2000" WIDTH="12" HEIGHT="32" WC="0.96" CONTENT="i"/><SP WIDTH="22" VPOS="2000" HPOS="1383"/>
							<String ID="string_332" HPOS="1405" VPOS="2011" WIDTH="115" HEIGHT="21" WC="0.93" CONTENT="senare"/><SP WIDTH="21" VPOS="2011" HPOS="1520"/>
							<String ID="string_333" HPOS="1541" VPOS="1998" WIDTH="243" HEIGHT="33" WC="0.92" CONTENT="levnadsålder."/>
						</TextLine>
						<TextLine ID="line_35" HPOS="282" VPOS="2049" WIDTH="1503" HEIGHT="41">
							<String ID="string_334" HPOS="282" VPOS="2055" WIDTH="113" HEIGHT="33" WC="0.96" CONTENT="Under"/><SP WIDTH="18" VPOS="2055" HPOS="395"/>
							<String ID="string_335" HPOS="413" VPOS="2056" WIDTH="37" HEIGHT="31" WC="0.96" CONTENT="år"/><SP WIDTH="21" VPOS="2056" HPOS="450"/>
							<String ID="string_336" HPOS="471" VPOS="2056" WIDTH="82" HEIGHT="31" WC="0.96" CONTENT="1931"/><SP WIDTH="21" VPOS="2056" HPOS="553"/>
							<String ID="string_337" HPOS="574" VPOS="2054" WIDTH="133" HEIGHT="33" WC="0.96" CONTENT="dömdes"/><SP WIDTH="19" VPOS="2054" HPOS="707"/>
							<String ID="string_338" HPOS="726" VPOS="2053" WIDTH="54" HEIGHT="33" WC="0.96" CONTENT="till"/><SP WIDTH="18" VPOS="2053" HPOS="780"/>
							<String ID="string_339" HPOS="798" VPOS="2053" WIDTH="221" HEIGHT="32" WC="0.96" CONTENT="straffarbete"/><SP WIDTH="18" VPOS="2053" HPOS="1019"/>
							<String ID="string_340" HPOS="1037" VPOS="2052" WIDTH="60" HEIGHT="33" WC="0.96" CONTENT="och"/><SP WIDTH="18" VPOS="2052" HPOS="1097"/>
							<String ID="string_341" HPOS="1115" VPOS="2051" WIDTH="153" HEIGHT="39" WC="0.96" CONTENT="fängelse"/><SP WIDTH="17" VPOS="2051" HPOS="1268"/>
							<String ID="string_342" HPOS="1285" VPOS="2054" WIDTH="89" HEIGHT="29" WC="0.96" CONTENT="samt"/><SP WIDTH="18" VPOS="2054" HPOS="1374"/>
							<String ID="string_343" HPOS="1392" VPOS="2051" WIDTH="53" HEIGHT="32" WC="0.96" CONTENT="för"/><SP WIDTH="16" VPOS="2051" HPOS="1445"/>
							<String ID="string_344" HPOS="1461" VPOS="2050" WIDTH="142" HEIGHT="32" WC="0.96" CONTENT="snatteri"/><SP WIDTH="18" VPOS="2050" HPOS="1603"/>
							<String ID="string_345" HPOS="1621" VPOS="2049" WIDTH="53" HEIGHT="33" WC="0.96" CONTENT="till"/><SP WIDTH="17" VPOS="2049" HPOS="1674"/>
							<String ID="string_346" HPOS="1691" VPOS="2049" WIDTH="94" HEIGHT="32" WC="0.96" CONTENT="böter"/>
						</TextLine>
						<TextLine ID="line_36" HPOS="281" VPOS="2100" WIDTH="1503" HEIGHT="45">
							<String ID="string_347" HPOS="281" VPOS="2105" WIDTH="144" HEIGHT="40" WC="0.92" CONTENT="tillhopa"/><SP WIDTH="18" VPOS="2105" HPOS="425"/>
							<String ID="string_348" HPOS="443" VPOS="2107" WIDTH="94" HEIGHT="38" WC="0.91" CONTENT="5,055"/><SP WIDTH="22" VPOS="2107" HPOS="537"/>
							<String ID="string_349" HPOS="559" VPOS="2117" WIDTH="165" HEIGHT="27" WC="0.96" CONTENT="personer."/><SP WIDTH="41" VPOS="2117" HPOS="724"/>
							<String ID="string_350" HPOS="765" VPOS="2105" WIDTH="63" HEIGHT="32" WC="0.94" CONTENT="Om"/><SP WIDTH="20" VPOS="2105" HPOS="828"/>
							<String ID="string_351" HPOS="848" VPOS="2104" WIDTH="95" HEIGHT="32" WC="0.96" CONTENT="dessa"/><SP WIDTH="17" VPOS="2104" HPOS="943"/>
							<String ID="string_352" HPOS="960" VPOS="2115" WIDTH="156" HEIGHT="28" WC="0.93" CONTENT="personer"/><SP WIDTH="18" VPOS="2115" HPOS="1116"/>
							<String ID="string_353" HPOS="1134" VPOS="2102" WIDTH="229" HEIGHT="39" WC="0.90" CONTENT="grupperades"/><SP WIDTH="19" VPOS="2102" HPOS="1363"/>
							<String ID="string_354" HPOS="1382" VPOS="2102" WIDTH="86" HEIGHT="32" WC="0.96" CONTENT="efter"/><SP WIDTH="19" VPOS="2102" HPOS="1468"/>
							<String ID="string_355" HPOS="1487" VPOS="2101" WIDTH="115" HEIGHT="32" WC="0.96" CONTENT="åldern"/><SP WIDTH="19" VPOS="2101" HPOS="1602"/>
							<String ID="string_356" HPOS="1621" VPOS="2100" WIDTH="57" HEIGHT="32" WC="0.93" CONTENT="vid"/><SP WIDTH="19" VPOS="2100" HPOS="1678"/>
							<String ID="string_357" HPOS="1697" VPOS="2100" WIDTH="87" HEIGHT="32" WC="0.91" CONTENT="brot-"/>
						</TextLine>
						<TextLine ID="line_37" HPOS="279" VPOS="2153" WIDTH="1110" HEIGHT="43">
							<String ID="string_358" HPOS="279" VPOS="2161" WIDTH="65" HEIGHT="29" WC="0.91" CONTENT="tets"/><SP WIDTH="23" VPOS="2161" HPOS="344"/>
							<String ID="string_359" HPOS="367" VPOS="2157" WIDTH="177" HEIGHT="39" WC="0.91" CONTENT="begående,"/><SP WIDTH="23" VPOS="2157" HPOS="544"/>
							<String ID="string_360" HPOS="567" VPOS="2157" WIDTH="94" HEIGHT="38" WC="0.92" CONTENT="finge"/><SP WIDTH="20" VPOS="2157" HPOS="661"/>
							<String ID="string_361" HPOS="681" VPOS="2155" WIDTH="347" HEIGHT="39" WC="0.91" CONTENT="åldersfördelningen"/><SP WIDTH="22" VPOS="2155" HPOS="1028"/>
							<String ID="string_362" HPOS="1050" VPOS="2154" WIDTH="149" HEIGHT="39" WC="0.96" CONTENT="följande"/><SP WIDTH="21" VPOS="2154" HPOS="1199"/>
							<String ID="string_363" HPOS="1220" VPOS="2153" WIDTH="169" HEIGHT="33" WC="0.96" CONTENT="utseende."/>
						</TextLine>
					</TextBlock>
				</ComposedBlock>
				<ComposedBlock ID="cblock_5" HPOS="308" VPOS="2216" WIDTH="1312" HEIGHT="228">
					<TextBlock ID="block_10" HPOS="308" VPOS="2216" WIDTH="1312" HEIGHT="228">
						<TextLine ID="line_38" HPOS="308" VPOS="2216" WIDTH="1312" HEIGHT="39">
							<String ID="string_364" HPOS="308" VPOS="2216" WIDTH="78" HEIGHT="35" WC="0.95" CONTENT="Ålder"/><SP WIDTH="17" VPOS="2216" HPOS="386"/>
							<String ID="string_365" HPOS="403" VPOS="2226" WIDTH="42" HEIGHT="24" WC="0.96" CONTENT="vid"/><SP WIDTH="19" VPOS="2226" HPOS="445"/>
							<String ID="string_366" HPOS="464" VPOS="2226" WIDTH="111" HEIGHT="24" WC="0.93" CONTENT="brottets"/><SP WIDTH="19" VPOS="2226" HPOS="575"/>
							<String ID="string_367" HPOS="594" VPOS="2224" WIDTH="128" HEIGHT="31" WC="0.91" CONTENT="begående"/><SP WIDTH="709" VPOS="2224" HPOS="722"/>
							<String ID="string_368" HPOS="1431" VPOS="2220" WIDTH="79" HEIGHT="24" WC="0.96" CONTENT="Antal"/><SP WIDTH="18" VPOS="2220" HPOS="1510"/>
							<String ID="string_369" HPOS="1528" VPOS="2219" WIDTH="92" HEIGHT="24" WC="0.95" CONTENT="dömda"/>
						</TextLine>
						<TextLine ID="line_39" HPOS="476" VPOS="2269" WIDTH="1010" HEIGHT="31">
							<String ID="string_370" HPOS="476" VPOS="2274" WIDTH="146" HEIGHT="26" WC="0.7" CONTENT="lJÖelfår"/><SP WIDTH="37" VPOS="2274" HPOS="622"/>
							<String ID="string_371" HPOS="659" VPOS="2292" WIDTH="37" HEIGHT="5" WC="0.63" CONTENT="oo"/><SP WIDTH="30" VPOS="2292" HPOS="696"/>
							<String ID="string_372" HPOS="726" VPOS="2292" WIDTH="38" HEIGHT="5" WC="0.62" CONTENT="oo"/><SP WIDTH="30" VPOS="2292" HPOS="764"/>
							<String ID="string_373" HPOS="794" VPOS="2292" WIDTH="38" HEIGHT="5" WC="0.55" CONTENT="se"/><SP WIDTH="32" VPOS="2292" HPOS="832"/>
							<String ID="string_374" HPOS="864" VPOS="2291" WIDTH="135" HEIGHT="5" WC="0.5" CONTENT="ser"/><SP WIDTH="97" VPOS="2291" HPOS="999"/>
							<String ID="string_375" HPOS="1096" VPOS="2290" WIDTH="106" HEIGHT="6" WC="0.17" CONTENT="rss"/><SP WIDTH="75" VPOS="2290" HPOS="1202"/>
							<String ID="string_376" HPOS="1277" VPOS="2289" WIDTH="60" HEIGHT="6" WC="0.17" CONTENT="ss"/><SP WIDTH="100" VPOS="2289" HPOS="1337"/>
							<String ID="string_377" HPOS="1437" VPOS="2269" WIDTH="49" HEIGHT="26" WC="0.96" CONTENT="668"/>
						</TextLine>
						<TextLine ID="line_40" HPOS="477" VPOS="2299" WIDTH="1110" HEIGHT="49">
							<String ID="string_378" HPOS="477" VPOS="2308" WIDTH="100" HEIGHT="26" WC="0.58" CONTENT="18—20"/><SP WIDTH="33" VPOS="2308" HPOS="577"/>
							<String ID="string_379" HPOS="610" VPOS="2317" WIDTH="8" HEIGHT="12" WC="0.82" CONTENT="»&gt;"/><SP WIDTH="38" VPOS="2317" HPOS="618"/>
							<String ID="string_380" HPOS="656" VPOS="2326" WIDTH="5" HEIGHT="5" WC="0.76" CONTENT="."/><SP WIDTH="28" VPOS="2326" HPOS="661"/>
							<String ID="string_381" HPOS="689" VPOS="2302" WIDTH="38" HEIGHT="37" WC="0.52" CONTENT="oc."/><SP WIDTH="30" VPOS="2302" HPOS="727"/>
							<String ID="string_382" HPOS="757" VPOS="2302" WIDTH="17" HEIGHT="37" WC="0.43" CONTENT="os"/><SP WIDTH="18" VPOS="2302" HPOS="774"/>
							<String ID="string_383" HPOS="792" VPOS="2326" WIDTH="38" HEIGHT="5" WC="0.58" CONTENT="oc"/><SP WIDTH="63" VPOS="2326" HPOS="830"/>
							<String ID="string_384" HPOS="893" VPOS="2325" WIDTH="38" HEIGHT="6" WC="0.29" CONTENT="se"/><SP WIDTH="29" VPOS="2325" HPOS="931"/>
							<String ID="string_385" HPOS="960" VPOS="2325" WIDTH="38" HEIGHT="5" WC="0.66" CONTENT="sr"/><SP WIDTH="48" VPOS="2325" HPOS="998"/>
							<String ID="string_386" HPOS="1046" VPOS="2324" WIDTH="121" HEIGHT="7" WC="0.40" CONTENT="rr"/><SP WIDTH="129" VPOS="2324" HPOS="1167"/>
							<String ID="string_387" HPOS="1296" VPOS="2322" WIDTH="74" HEIGHT="7" WC="0.0" CONTENT="ks"/><SP WIDTH="12" VPOS="2322" HPOS="1370"/>
							<String ID="string_388" HPOS="1382" VPOS="2323" WIDTH="27" HEIGHT="21" WC="0.53" CONTENT="+"/><SP WIDTH="24" VPOS="2323" HPOS="1409"/>
							<String ID="string_389" HPOS="1433" VPOS="2299" WIDTH="56" HEIGHT="49" WC="0.96" CONTENT="879"/><SP WIDTH="24" VPOS="2299" HPOS="1489"/>
							<String ID="string_390" HPOS="1513" VPOS="2311" WIDTH="74" HEIGHT="27" WC="0.95" CONTENT="1547"/>
						</TextLine>
						<TextLine ID="line_41" HPOS="475" VPOS="2346" WIDTH="1112" HEIGHT="29">
							<String ID="string_391" HPOS="475" VPOS="2350" WIDTH="101" HEIGHT="25" WC="0.0" CONTENT="21—24"/><SP WIDTH="33" VPOS="2350" HPOS="576"/>
							<String ID="string_392" HPOS="609" VPOS="2359" WIDTH="8" HEIGHT="13" WC="0.39" CONTENT="Po"/><SP WIDTH="53" VPOS="2359" HPOS="617"/>
							<String ID="string_393" HPOS="670" VPOS="2368" WIDTH="91" HEIGHT="5" WC="0.19" CONTENT="rss"/><SP WIDTH="30" VPOS="2368" HPOS="761"/>
							<String ID="string_394" HPOS="791" VPOS="2368" WIDTH="140" HEIGHT="6" WC="0.14" CONTENT="reser"/><SP WIDTH="63" VPOS="2368" HPOS="931"/>
							<String ID="string_395" HPOS="994" VPOS="2336" WIDTH="50" HEIGHT="49" WC="0.25" CONTENT="sar"/><SP WIDTH="18" VPOS="2336" HPOS="1044"/>
							<String ID="string_396" HPOS="1062" VPOS="2368" WIDTH="37" HEIGHT="5" WC="0.33" CONTENT="rr"/><SP WIDTH="30" VPOS="2368" HPOS="1099"/>
							<String ID="string_397" HPOS="1129" VPOS="2367" WIDTH="38" HEIGHT="5" WC="0.24" CONTENT="rr"/><SP WIDTH="29" VPOS="2367" HPOS="1167"/>
							<String ID="string_398" HPOS="1196" VPOS="2366" WIDTH="174" HEIGHT="6" WC="0.0" CONTENT="rss"/><SP WIDTH="29" VPOS="2366" HPOS="1370"/>
							<String ID="string_399" HPOS="1399" VPOS="2366" WIDTH="72" HEIGHT="5" WC="0.16" CONTENT="ens"/><SP WIDTH="41" VPOS="2366" HPOS="1471"/>
							<String ID="string_400" HPOS="1512" VPOS="2346" WIDTH="75" HEIGHT="26" WC="0.93" CONTENT="1014"/>
						</TextLine>
						<TextLine ID="line_42" HPOS="474" VPOS="2380" WIDTH="1112" HEIGHT="30">
							<String ID="string_401" HPOS="474" VPOS="2384" WIDTH="102" HEIGHT="26" WC="0.0" CONTENT="ÖL"/><SP WIDTH="32" VPOS="2384" HPOS="576"/>
							<String ID="string_402" HPOS="608" VPOS="2393" WIDTH="9" HEIGHT="11" WC="0.51" CONTENT="Po"/><SP WIDTH="39" VPOS="2393" HPOS="617"/>
							<String ID="string_403" HPOS="656" VPOS="2402" WIDTH="139" HEIGHT="5" WC="0.11" CONTENT="oense"/><SP WIDTH="30" VPOS="2402" HPOS="795"/>
							<String ID="string_404" HPOS="825" VPOS="2402" WIDTH="38" HEIGHT="5" WC="0.11" CONTENT="ss"/><SP WIDTH="30" VPOS="2402" HPOS="863"/>
							<String ID="string_405" HPOS="893" VPOS="2402" WIDTH="37" HEIGHT="5" WC="0.11" CONTENT="ss"/><SP WIDTH="29" VPOS="2402" HPOS="930"/>
							<String ID="string_406" HPOS="959" VPOS="2401" WIDTH="140" HEIGHT="6" WC="0.20" CONTENT="ess"/><SP WIDTH="29" VPOS="2401" HPOS="1099"/>
							<String ID="string_407" HPOS="1128" VPOS="2400" WIDTH="72" HEIGHT="6" WC="0.12" CONTENT="sr"/><SP WIDTH="63" VPOS="2400" HPOS="1200"/>
							<String ID="string_408" HPOS="1263" VPOS="2400" WIDTH="38" HEIGHT="6" WC="0.18" CONTENT="ss"/><SP WIDTH="30" VPOS="2400" HPOS="1301"/>
							<String ID="string_409" HPOS="1331" VPOS="2400" WIDTH="38" HEIGHT="5" WC="0.5" CONTENT="se"/><SP WIDTH="29" VPOS="2400" HPOS="1369"/>
							<String ID="string_410" HPOS="1398" VPOS="2400" WIDTH="73" HEIGHT="5" WC="0.12" CONTENT="rss"/><SP WIDTH="65" VPOS="2400" HPOS="1471"/>
							<String ID="string_411" HPOS="1536" VPOS="2380" WIDTH="50" HEIGHT="27" WC="0.95" CONTENT="807"/>
						</TextLine>
						<TextLine ID="line_43" HPOS="474" VPOS="2414" WIDTH="1112" HEIGHT="30">
							<String ID="string_412" HPOS="474" VPOS="2417" WIDTH="34" HEIGHT="27" WC="0.96" CONTENT="30"/><SP WIDTH="18" VPOS="2417" HPOS="508"/>
							<String ID="string_413" HPOS="526" VPOS="2419" WIDTH="28" HEIGHT="24" WC="0.96" CONTENT="år"/><SP WIDTH="18" VPOS="2419" HPOS="554"/>
							<String ID="string_414" HPOS="572" VPOS="2418" WIDTH="47" HEIGHT="26" WC="0.96" CONTENT="och"/><SP WIDTH="18" VPOS="2418" HPOS="619"/>
							<String ID="string_415" HPOS="637" VPOS="2419" WIDTH="107" HEIGHT="24" WC="0.93" CONTENT="däröver."/><SP WIDTH="48" VPOS="2419" HPOS="744"/>
							<String ID="string_416" HPOS="792" VPOS="2436" WIDTH="3" HEIGHT="6" WC="0.34" CONTENT="."/><SP WIDTH="35" VPOS="2436" HPOS="795"/>
							<String ID="string_417" HPOS="830" VPOS="2436" WIDTH="34" HEIGHT="7" WC="0.62" CONTENT=".."/><SP WIDTH="31" VPOS="2436" HPOS="864"/>
							<String ID="string_418" HPOS="895" VPOS="2410" WIDTH="35" HEIGHT="40" WC="0.47" CONTENT="oc."/><SP WIDTH="47" VPOS="2410" HPOS="930"/>
							<String ID="string_419" HPOS="977" VPOS="2436" WIDTH="88" HEIGHT="5" WC="0.46" CONTENT="oss"/><SP WIDTH="30" VPOS="2436" HPOS="1065"/>
							<String ID="string_420" HPOS="1095" VPOS="2434" WIDTH="104" HEIGHT="6" WC="0.26" CONTENT="sor."/><SP WIDTH="66" VPOS="2434" HPOS="1199"/>
							<String ID="string_421" HPOS="1265" VPOS="2434" WIDTH="70" HEIGHT="7" WC="0.30" CONTENT="ros"/><SP WIDTH="45" VPOS="2434" HPOS="1335"/>
							<String ID="string_422" HPOS="1380" VPOS="2433" WIDTH="23" HEIGHT="6" WC="0.12" CONTENT="a"/><SP WIDTH="28" VPOS="2433" HPOS="1403"/>
							<String ID="string_423" HPOS="1431" VPOS="2434" WIDTH="39" HEIGHT="5" WC="0.23" CONTENT="ss"/><SP WIDTH="42" VPOS="2434" HPOS="1470"/>
							<String ID="string_424" HPOS="1512" VPOS="2416" WIDTH="13" HEIGHT="25" WC="0.71" CONTENT="1"/><SP WIDTH="11" VPOS="2416" HPOS="1525"/>
							<String ID="string_425" HPOS="1536" VPOS="2414" WIDTH="50" HEIGHT="27" WC="0.71" CONTENT="687"/>
						</TextLine>
					</TextBlock>
				</ComposedBlock>
				<ComposedBlock ID="cblock_6" HPOS="1362" VPOS="2465" WIDTH="225" HEIGHT="36">
					<TextBlock ID="block_11" HPOS="1362" VPOS="2465" WIDTH="225" HEIGHT="36">
						<TextLine ID="line_44" HPOS="1362" VPOS="2465" WIDTH="225" HEIGHT="36">
							<String ID="string_426" HPOS="1362" VPOS="2468" WIDTH="120" HEIGHT="33" WC="0.89" CONTENT="Tillhopa"/><SP WIDTH="29" VPOS="2468" HPOS="1482"/>
							<String ID="string_427" HPOS="1511" VPOS="2465" WIDTH="16" HEIGHT="28" WC="0.60" CONTENT="ö"/><SP WIDTH="9" VPOS="2465" HPOS="1527"/>
							<String ID="string_428" HPOS="1536" VPOS="2465" WIDTH="51" HEIGHT="27" WC="0.73" CONTENT="0565"/>
						</TextLine>
					</TextBlock>
				</ComposedBlock>
			</PrintSpace>
		</Page>
	</Layout>
</alto>
