2215 2684
400 206 37 29 28
925 204 230 30 Statsutskottets
1184 205 153 29 Utlåtande
1360 205 58 29 N:o
1442 205 27 29 3.

499 283 72 37 Det
598 282 95 38 hade
720 282 123 38 derför
879 283 119 45 också,
1037 283 174 37 särskildt
1247 283 117 37 under
1391 296 126 24 senare
1544 284 63 46 tid,
1635 285 95 36 visat
1757 285 54 48 sig
1837 283 173 38 förenadt

398 335 86 37 med
512 336 67 36 allt
606 340 116 32 större
750 335 184 49 svårighet
961 314 55 58 att
1042 336 103 36 finna
1172 336 178 63 lämpliga
1376 349 183 36 personer,
1587 349 78 23 som
1692 350 89 23 vore
1808 337 128 46 villiga
1955 343 55 30 att

398 387 183 38 inträda
569 365 20 74 i
612 388 68 36 och
708 369 229 56 fortfarande
974 401 93 33 egna
1102 388 55 47 sig
1193 387 37 37 åt
1262 388 390 49 bevakningstjensten
1679 389 63 37 vid
1769 366 239 69 fångvården.

399 439 128 38 Såsom
556 444 52 32 ett
635 439 114 37 bland
756 440 153 62 många
940 418 167 70 exempel
1134 419 114 68 härpå
1275 440 125 36 kunde
1427 440 198 46 meddelas,
1662 419 193 58 hurusom
1868 441 63 37 vid
1958 441 51 36 in-

398 492 169 47 spektion
607 491 118 37 under
752 491 41 37 år
822 494 89 34 1901
946 491 41 36 af
1011 496 51 32 ett
1089 491 114 37 bland
1231 492 111 36 rikets
1369 505 103 23 mera
1499 492 86 49 bety
1589 470 120 58 dande
1736 491 273 50 länsfängelser,

398 543 163 37 derifrån
598 544 173 35 anmälan
808 544 58 35 till
899 544 178 48 styrelsen
1104 544 215 48 upprepade
1346 544 138 46 gånger
1510 544 120 46 ingått
1657 558 61 22 om
1746 545 263 46 omöjligheten

399 595 40 37 af
465 600 55 31 att
545 596 60 35 till
631 595 253 47 vaktbetjente
912 595 128 37 kunna
1066 594 59 38 för
1151 595 216 37 nuvarande
1394 596 165 46 aflöning
1587 595 166 37 anskaffa
1771 597 239 48 kompetenta

398 660 184 36 personer,
611 646 196 47 befunnits,
844 652 54 31 att
925 647 65 36 der
1017 647 119 37 såsom
1165 652 105 32 extra
1297 648 285 47 vaktkonstapel
1608 648 241 48 tjenstgjorde
1878 662 45 22 en
1953 652 57 33 16-

400 699 79 47 årig
505 699 167 47 yngling,
699 699 151 35 hvilken
878 698 41 36 af
941 700 261 46 länsstyrelsen
1229 700 12 35 i
1268 700 156 45 tjensten
1454 701 159 44 antagits
1640 699 115 37 redan
1783 713 78 23 mer
1889 708 46 28 än
1960 706 51 30 ett

399 749 40 36 år
465 749 112 46 förut,
604 749 138 36 således
769 762 80 23 som
879 749 156 47 1ö-årigt
1062 751 102 34 barn.

499 801 72 36 För
598 805 54 32 att
678 800 229 47 fångvården
936 802 119 35 skulle
1081 801 128 36 kunna
1233 801 30 48 ej
1285 800 144 38 mindre
1448 800 233 38 fortfarande
1699 802 59 36 till
1777 802 234 46 vaktbejente

398 851 188 39 förvärfva
627 853 68 35 och
722 853 13 35 i
761 853 56 35 sin
849 854 111 45 tjenst
999 852 147 37 behålla
1186 853 151 46 dugliga
1364 854 67 35 och
1459 852 59 37 för
1545 854 56 35 sin
1629 854 204 45 grannlaga
1861 853 150 47 uppgift

399 904 182 49 passande
607 917 174 34 personer
809 911 45 28 än
883 904 107 37 äfven
1026 904 94 48 våga
1154 903 180 45 förvänta,
1362 911 55 29 att
1444 904 79 37 dess
1550 905 162 58 betjente
1738 905 119 36 skulle
1885 906 126 35 kunna

398 956 87 36 med
523 956 170 36 normala
732 955 139 37 krafter
911 956 68 36 och
1019 936 179 56 bevaradt
1223 957 154 35 intresse
1405 956 104 36 sköta
1537 957 79 36 sina
1642 956 223 47 åligganden
1892 956 119 37 under

399 1008 83 36 hela
510 1007 71 37 den
609 1008 63 40 tid,
700 1013 120 30 staten
848 1007 41 36 af
911 1008 80 35 sina
1017 1008 139 46 tjenare
1183 1006 174 38 fordrade
1376 1008 70 39 det,
1465 1008 118 36 tilläte
1601 1009 55 47 sig
1680 1009 178 47 styrelsen
1877 1008 134 46 förnya

400 1060 56 36 sin
482 1058 102 37 förut
610 1049 133 57 gjorda
774 1058 276 50 framställning
1086 1072 60 23 om
1181 1058 255 38 förbättrande
1464 1059 39 36 af
1527 1058 386 49 fångvårdsbetjentes
1940 1059 71 37 för-

399 1110 142 46 måner;
571 1111 69 35 och
667 1111 87 36 ville
780 1111 13 35 i
820 1110 131 37 sådant
976 1092 209 55 hänseende
1213 1112 178 48 styrelsen
1419 1112 120 35 uttala
1566 1112 55 45 sig
1647 1110 67 46 för,
1742 1100 57 47 att
1815 1112 76 36 dels
1910 1113 101 36 vakt-

398 1163 179 47 betjentes
606 1163 185 47 egentliga
817 1163 165 46 aflöning
1008 1163 11 35 i
1047 1162 122 48 någon
1197 1163 83 35 mån
1309 1162 136 48 höjdes,
1475 1162 76 37 dels
1579 1163 176 48 anslagen
1783 1163 37 36 åt
1847 1163 83 36 dem
1955 1164 56 36 till

399 1213 267 49 bostadshyror
694 1213 68 35 och
789 1213 71 36 ved
887 1201 110 48 sattes
1025 1214 12 34 i
1064 1221 169 28 närmare
1259 1214 268 47 motsvarighet
1552 1215 59 34 till
1639 1201 63 49 de
1710 1213 164 46 utgifter,
1910 1216 101 35 vakt-

400 1265 161 61 betjente
587 1263 59 37 för
673 1264 104 36 dessa
805 1264 172 36 ändamål
1005 1265 189 46 verkligen
1222 1265 98 46 finge
1352 1245 216 80 vidkännas,
1605 1265 76 36 dels
1710 1266 69 35 ock
1806 1270 54 31 att
1886 1267 125 45 rättig-

400 1316 63 36 het
490 1316 20 35 å
537 1329 75 35 nyo
640 1315 188 37 lemnades
870 1315 84 37 dem
994 1320 56 31 att
1088 1296 63 56 vid
1182 1296 276 67 tjenstledighet
1486 1316 45 48 på
1558 1316 123 46 grund
1708 1316 41 36 af
1772 1317 240 48 läkarebetyg

401 1367 118 36 under
544 1368 73 35 viss
644 1368 149 35 kortare
818 1367 55 36 tid
902 1368 166 47 uppbära
1095 1366 70 37 full
1191 1368 73 35 lön.

502 1417 127 38 Såsom
668 1417 101 37 förut
807 1424 157 36 nämnts,
1004 1419 150 47 inginge
1188 1419 12 35 i
1235 1417 324 38 löneförmånerna
1584 1417 59 38 för
1669 1419 252 48 vaktbetjente
1948 1418 63 38 vid

401 1470 127 36 länens
568 1469 187 45 fängelser
794 1470 72 36 viss
907 1469 109 36 andel
1051 1470 12 35 i
1098 1471 209 35 inkomsten
1335 1469 40 36 af
1399 1469 196 47 fångarnes
1623 1471 162 35 arbeten.
1839 1470 172 37 Rörande

402 1522 101 35 detta
529 1520 233 37 förhållande
788 1520 115 37 borde
931 1522 148 44 erinras,
1106 1526 55 31 att
1188 1522 114 45 enligt
1329 1521 215 46 grunderna
1569 1522 11 34 i
1608 1522 124 47 kongl.
1760 1520 151 38 brefven
1941 1522 70 36 den

404 1575 44 34 26
490 1573 147 45 augusti
680 1575 92 33 1856
815 1572 68 36 och
923 1572 71 35 den
1039 1576 43 32 14
1122 1574 202 34 november
1366 1575 93 34 1873
1502 1577 119 31 staten
1662 1573 78 35 icke
1775 1577 85 41 toge
1886 1576 125 46 någon

401 1622 211 46 befattning
651 1623 85 36 med
775 1622 232 47 fångarbetet
1045 1623 63 36 vid
1148 1623 163 36 nämnda
1349 1623 192 47 fängelser,
1569 1628 90 31 utan
1687 1628 53 31 att
1768 1624 100 36 detta
1895 1623 117 37 öfver-

401 1676 159 36 lemnats
588 1674 36 36 åt
650 1653 455 69 fängelseföreståndarne,
1145 1675 125 36 hvilka
1309 1675 99 36 hölle
1443 1674 124 37 derför
1593 1675 138 46 nödiga
1756 1676 159 47 verktyg
1943 1676 68 36 och

401 1726 225 37 inventarier
653 1734 94 28 samt
774 1725 126 37 drefve
940 1726 141 36 arbetet
1108 1726 46 46 på
1181 1727 63 34 sitt
1272 1739 132 23 ansvar
1431 1726 88 36 eller
1545 1725 121 50 förlag
1684 1705 93 57 med
1804 1726 144 37 biträde
1975 1726 38 36 af

403 1778 461 48 bevakningspersonalen.
918 1776 136 37 Härför
1093 1784 95 29 samt
1227 1776 59 37 för
1312 1778 125 44 bestyr
1464 1777 83 36 med
1576 1765 159 49 arbetets
1763 1778 248 48 redovisning,

403 1829 78 36 deri
510 1829 93 35 dock
626 1829 140 47 jemväl
805 1829 273 36 vaktmästaren
1115 1829 67 35 och
1209 1828 114 37 förste
1349 1829 312 48 vaktkonstapeln
1690 1829 154 46 deltoge,
1873 1810 138 66 åtnjöte

402 1879 443 48 fängelseföreståndaren
874 1892 44 23 en
945 1879 180 47 tredjedel
1152 1878 40 37 af
1217 1880 269 36 årsinkomsten
1513 1881 99 38 intill
1641 1883 105 42 2,000
1775 1881 139 35 kronor
1942 1881 68 36 och

404 1945 44 23 en
469 1910 177 69 sjettedel
682 1930 40 36 af
755 1931 210 36 inkomsten
1010 1930 169 38 deröfver
1223 1931 31 62 å
1284 1931 117 36 straff-
1430 1931 67 36 och
1524 1909 407 70 tvångsarbetsfångars
1959 1945 52 23 ar-

403 1984 109 36 beten
540 1987 95 31 samt
662 1995 45 23 en
735 1982 177 46 tredjedel
940 1981 40 37 af
1003 1983 209 35 inkomsten
1240 1982 20 36 å
1288 1982 61 36 det
1376 1983 134 45 arbete,
1547 1996 78 23 som
1662 1981 41 37 af
1733 1982 179 47 fingelse-
1941 1984 69 35 och

403 2032 380 49 ransakningsfångar
818 2034 212 36 uträttades.
1082 2033 455 48 Bevakningspersonalen
1573 2034 170 47 uppbure
1770 2048 43 23 en
1843 2034 167 47 sjettedel

405 2085 39 36 af
467 2086 210 35 inkomsten
704 2085 98 35 intill
831 2087 105 43 2,000
966 2086 138 34 kronor
1132 2085 66 36 och
1227 2098 45 23 en
1298 2084 170 37 tolftedel
1495 2084 40 37 af
1558 2086 209 35 inkomsten
1795 2085 169 36 deröfver
1991 2085 20 36 å

403 2136 120 37 straff-
551 2136 67 36 och
645 2135 453 48 tvångsarbetsfångarnes
1126 2137 149 36 arbeten
1304 2137 116 45 enligt
1446 2136 70 36 den
1539 2136 220 46 fördelning,
1779 2149 79 23 som
1877 2136 133 47 Kongl.

404 2187 119 47 Maj:ts
551 2186 410 48 befallningshafvande
998 2188 88 35 eller
1115 2165 372 71 tillsyningsmannen
1514 2186 116 37 funne
1656 2188 135 46 skäligt
1817 2166 192 67 fastställa,

404 2238 82 37 med
516 2220 240 67 iakttagande
783 2238 110 46 deraf,
922 2243 54 31 att
1002 2238 62 37 vid
1091 2238 163 47 fängelse
1279 2239 84 36 med
1391 2252 78 23 mer
1496 2246 45 28 än
1570 2252 43 23 en
1640 2220 233 66 vaktbetjent
1898 2240 111 45 ingen
