2228 2668
750 183 228 30 Statsutskottets
1006 184 153 29 Utlåtande
1181 185 57 29 N:o
1261 186 28 28 3.
1805 186 16 29 7

211 261 58 36 till
299 263 54 44 11,
381 260 121 37 under
529 260 45 37 de
610 273 128 25 senare
775 261 86 38 åren
898 263 101 46 stigit
1033 263 59 36 till
1129 265 56 44 14,
1222 268 95 31 samt
1352 267 55 32 att
1432 263 284 45 vaktmästarne,
1744 276 80 24 som

213 313 114 36 bland
371 318 115 31 annat
525 312 97 37 hade
661 314 59 35 till
761 313 196 48 åliggande
997 319 54 31 att
1091 315 127 46 hvarje
1253 329 155 33 morgon
1449 316 161 36 klockan
1652 316 173 46 omkring

211 365 62 35 nio
314 365 144 36 infinna
499 365 56 46 sig
594 365 13 35 i
646 365 168 36 bestämd
850 366 161 46 ordning
1053 366 67 36 hos
1160 367 45 36 de
1243 368 414 45 revisionssekreterare,
1697 368 129 37 hvilka

211 415 59 38 för
297 415 120 50 dagen
446 416 94 37 hade
566 415 263 48 föredragning
864 419 13 35 i
911 418 133 45 högsta
1084 418 216 45 domstolen,
1336 418 58 37 för
1430 424 55 30 att
1518 418 168 38 afhemta
1712 419 113 36 hand-

212 469 131 45 lingar,
384 467 71 37 fått
494 469 56 34 sin
596 469 461 48 uppassningsskyldighet
1103 470 112 36 sedan
1264 469 40 36 år
1355 472 93 34 1876
1498 471 185 45 betydligt
1727 470 98 36 ökad

213 532 135 33 genom
389 519 71 37 den
500 518 48 48 på
588 520 88 35 sista
721 519 88 37 åren
853 520 197 37 inträffade
1101 521 185 48 ökningen
1326 522 13 35 i
1378 522 447 37 revisionssekreterarnes

212 570 501 49 föredragningsskyldighet
752 573 12 34 i
805 572 202 49 anledning
1053 571 41 36 af
1140 573 131 46 högsta
1316 573 225 36 domstolens
1581 574 245 47 tjenstgöring

212 621 49 47 på
287 625 64 34 två
378 635 83 23 rum
488 622 120 36 under
634 624 73 45 maj
737 623 67 36 och
834 624 155 35 oktober
1016 623 177 37 månader
1221 629 97 31 samt
1345 624 186 36 dessutom
1551 625 275 45 sammanlagdt

214 686 65 23 sex
306 674 135 36 veckor
469 673 21 36 å
517 679 52 31 ett
595 674 118 46 tredje
740 688 98 32 rum;
873 675 47 47 på
948 674 123 47 grund
1102 674 110 37 häraf
1234 675 96 36 hade
1357 676 275 37 vaktmästarne
1660 676 166 44 anhållit,

214 730 55 30 att
295 725 112 36 nedre
434 726 207 36 revisionen
669 726 88 36 ville
793 727 88 35 söka
917 727 166 44 utverka,
1120 728 54 34 att
1200 727 115 35 redan
1341 726 82 37 från
1452 728 68 35 och
1547 728 86 36 med
1661 727 39 36 år
1731 730 92 34 1902

213 776 113 36 måtte
353 776 38 36 åt
418 790 45 22 en
491 777 94 35 hvar
613 776 40 37 af
688 777 164 36 nämnda
888 776 74 38 fem
1000 778 184 36 ordinarie
1221 779 248 36 vaktmästare
1496 779 153 37 beredas
1678 784 52 31 ett
1755 779 69 36 till-

214 828 99 36 skott
340 828 12 35 i
380 828 103 36 deras
511 829 474 47 tjenstgöringspenningar
1022 828 41 36 af
1097 831 70 35 200
1204 830 148 46 kronor,
1390 830 39 36 så
1456 836 54 30 att
1538 831 103 36 dessa
1669 830 159 37 derefter

212 880 99 46 finge
338 879 89 47 utgå
454 880 86 35 med
569 880 274 46 sammanlagdt
870 882 71 34 400
969 881 148 35 kronor.

314 930 58 36 Då
400 944 44 22 en
472 931 114 36 sådan
614 931 155 46 höjning
805 931 40 36 af
878 932 44 35 de
948 932 64 36 vid
1040 933 268 35 embetsverket
1336 932 169 36 anstälda
1532 934 294 36 vaktmästarnes

213 982 475 47 tjenstgöringspenningar
728 982 115 37 måste
884 996 103 23 anses
1032 997 90 22 vara
1166 982 40 37 af
1243 983 284 37 förhållandena
1567 984 158 37 särdeles
1766 985 62 48 på-

213 1033 137 46 kallad,
377 1033 96 37 hade
500 1034 113 36 nedre
650 1034 209 37 revisionen
894 1035 184 46 hemstält,
1115 1040 54 31 att
1205 1036 11 35 i
1252 1035 131 36 sådant
1410 1035 173 38 afseende
1610 1036 218 47 erforderlig

215 1084 131 48 åtgärd
374 1085 113 36 måtte
514 1086 180 46 vidtagas.

316 1136 107 46 Enär,
465 1136 49 47 på
555 1142 72 31 sätt
667 1136 42 36 af
746 1137 62 36 det
848 1137 112 36 ofvan
1001 1136 156 37 anförda
1197 1136 217 48 framginge,
1442 1137 285 48 ifrågavarande
1753 1138 75 37 fem

215 1188 266 36 vaktmästares
521 1188 485 49 tjenstgöringspenningar,
1045 1189 84 36 med
1177 1189 145 44 hänsyn
1361 1190 60 35 till
1461 1203 45 23 en
1546 1189 59 37 för
1646 1190 84 36 dem
1771 1191 58 36 be-

214 1239 143 36 räknad
398 1244 106 32 extra
544 1241 173 44 inkomst,
757 1240 175 37 bestämts
972 1241 59 35 till
1071 1245 52 31 ett
1161 1240 146 47 belopp,
1348 1254 79 22 som
1467 1241 84 36 med
1592 1244 69 34 100
1690 1242 139 36 kronor

215 1290 222 48 understege
476 1292 523 47 tjenstgöringspenningarne
1039 1290 58 37 för
1136 1292 276 36 vaktmästarne
1447 1292 12 35 i
1496 1292 44 36 de
1577 1292 105 36 festa
1709 1292 120 47 öfriga

216 1342 238 45 embetsverk,
495 1356 85 22 men
622 1342 249 37 omförmälda
912 1348 105 31 extra
1056 1343 164 36 inkomst
1258 1356 156 23 numera
1453 1343 149 37 komme
1638 1348 55 32 att
1727 1345 13 35 i
1767 1344 62 37 det

215 1398 184 32 närmaste
427 1394 179 47 upphöra,
635 1393 135 49 ansåge
799 1393 402 48 departementschefen
1228 1394 215 46 billigheten
1472 1393 137 47 fordra,
1629 1400 55 31 att
1703 1396 125 46 tjenst-

216 1444 407 48 göringspenningarne
663 1445 219 37 hädanefter
922 1446 119 35 skulle
1085 1445 90 46 utgå
1215 1445 84 36 med
1339 1446 76 35 lika
1453 1446 135 47 belopp
1628 1447 59 35 till
1726 1447 104 36 vakt-

216 1502 184 30 mästarne
440 1497 12 35 i
491 1496 115 37 nedre
645 1497 208 36 revisionen
887 1510 79 23 som
992 1497 13 35 i
1031 1497 159 36 fertalet
1217 1496 118 49 öfriga
1363 1497 239 46 embetsverk,
1630 1498 87 36 eller
1743 1498 85 37 med

218 1549 71 34 300
317 1548 148 44 kronor,
494 1548 68 36 och
590 1547 138 37 således
757 1548 102 46 höjas
887 1548 84 37 med
1001 1550 70 35 100
1099 1549 149 35 kronor.

318 1649 227 49 Visserligen
573 1651 96 36 lärer
697 1650 62 36 det
785 1651 80 35 icke
892 1650 127 36 kunna
1046 1649 183 46 förnekas,
1258 1655 62 40 att,
1349 1650 46 49 på
1422 1663 141 23 samma
1581 1651 98 48 gång
1698 1651 131 49 ifråga-

216 1701 163 36 varande
418 1702 248 36 vaktmästare
706 1703 59 35 till
804 1701 93 47 följd
937 1700 38 37 af
1014 1701 45 37 de
1098 1703 13 35 i
1146 1702 405 47 statsrådsprotokollet
1577 1702 152 47 angifna
1756 1717 73 22 om-

218 1753 256 47 ständigheter
501 1754 150 35 komma
688 1759 54 30 att
782 1752 38 37 få
859 1753 208 36 vidkännas
1107 1754 214 46 minskning
1353 1754 11 35 i
1392 1754 79 36 sina
1499 1753 40 36 af
1564 1755 159 47 tjensten
1751 1755 79 35 här-

217 1804 166 44 flytande
411 1809 106 31 extra
543 1805 211 44 inkomster,
784 1804 44 36 de
856 1805 68 35 ock
952 1804 41 36 af
1018 1817 141 23 samma
1186 1806 149 35 orsaker
1352 1804 36 36 få
1407 1805 145 47 åtnjuta
1572 1806 72 35 viss
1663 1805 167 46 lindring

217 1855 12 35 i
257 1855 171 37 afseende
455 1856 48 46 på
530 1856 231 46 göromålen;
797 1869 85 23 men
924 1856 46 36 då
1006 1856 157 36 berörda
1201 1857 204 36 inkomster
1444 1858 78 34 lära
1562 1856 112 37 hafva
1705 1856 125 38 blifvit

217 1911 112 41 tagna
357 1908 12 35 i
398 1908 206 46 beräkning
630 1907 64 36 vid
722 1907 224 46 afvägandet
972 1907 40 35 af
1037 1907 104 37 dessa
1168 1908 264 36 vaktmästares
1460 1908 370 46 aflöningsförmåner

219 1959 68 34 och
329 1958 128 37 dervid
496 1958 196 46 föranledt,
733 1965 52 29 att
825 1959 524 47 tjenstgöringspenningarna
1387 1958 58 36 för
1472 1959 84 36 dem
1584 1959 124 37 blifvit
1735 1965 95 30 satta

222 2011 69 35 100
333 2010 138 35 kronor
510 2011 101 45 lägre
652 2017 46 29 än
737 2009 59 37 för
822 2010 275 36 vaktmästarne
1125 2010 63 36 vid
1216 2010 125 45 andra,
1369 2010 84 36 med
1482 2010 61 36 det
1569 2024 51 22 nu
1649 2010 180 46 ifrågava-

217 2060 115 36 rande
369 2060 213 47 jemförliga
623 2061 240 45 embetsverk,
904 2074 108 35 synes
1053 2061 44 36 de
1139 2066 104 31 extra
1285 2062 270 35 inkomsternas
1587 2068 132 29 nästan
1746 2061 86 36 full-

218 2112 170 45 ständiga
415 2112 245 47 upphörande
686 2113 91 35 böra
804 2112 175 46 medföra,
1008 2117 54 31 att
1088 2113 519 47 tjenstgöringspenningarna
1625 2113 103 47 höjas
1747 2112 83 37 med

216 2161 198 48 föreslaget
439 2163 145 48 belopp.

319 2213 190 38 Utskottet
536 2214 56 37 får
620 2214 123 37 derför
771 2215 202 45 hemställa,
