2230 2618
402 163 19 30 8
799 160 367 42 Bevillningsutskottets
1189 160 198 32 betänkande
1410 160 53 31 Nr
1485 160 52 32 33.

359 246 48 31 än
436 241 69 36 här
532 240 228 47 ifrågasatta
788 242 49 34 20
867 235 176 71 miljoner
1072 238 151 47 kronor,
1252 237 162 49 utgifter
1441 238 57 36 till
1527 237 141 37 sådana
1698 238 141 37 sociala
1859 237 114 37 ända-

359 292 85 46 mål,
474 292 60 35 för
561 269 102 58 vilka
691 291 247 36 fondmedlen
967 293 60 33 må
1055 295 112 42 tagas
1195 289 12 36 1
1234 290 134 36 bruk.»

488 395 75 37 Det
592 395 153 58 förslag
766 394 58 36 tll
856 394 223 48 förordning
1107 406 61 23 om
1189 392 282 58 spirituosaccis
1492 405 81 23 som
1594 393 119 36 under
1732 393 243 36 förarbetena

357 447 58 36 till
444 447 123 37 denna
594 447 238 49 proposition
861 446 95 36 först
983 418 236 80 uppgjordes
1247 444 101 35 inom
1379 443 441 59 finansdepartementet,
1841 447 133 46 avsåg,

357 505 55 30 att
453 499 148 36 accisen
630 498 121 36 skulle
780 500 94 46 utgå
902 496 84 37 med
1016 498 48 35 20
1094 497 138 36 kronor
1259 495 61 36 för
1348 496 105 48 varje
1482 496 85 36 liter
1596 495 272 49 spritdrycker,
1895 508 79 23 som

356 556 134 31 utöver
510 564 46 22 en
577 550 228 48 myckenhet
826 562 47 22 av
893 551 21 33 2
935 549 112 35 liter
1042 542 19 60 i
1069 547 373 37 kalenderkvartalet
1457 546 297 37 utminuterades
1771 546 56 37 till
1843 559 47 24 en
1905 547 69 36 och

357 615 147 23 samma
530 614 150 36 person.
738 601 108 36 Efter
874 606 56 30 att
957 601 99 36 hava
1080 605 198 31 omnämnt
1298 598 233 37 sistberörda
1552 599 144 48 förslag
1715 598 69 36 har
1803 598 171 49 departe-

358 653 262 37 mentschefen
647 653 64 36 vid
742 653 278 36 motiverandet
1049 665 47 23 av
1125 652 74 36 den
1226 651 269 48 föreliggande
1523 650 285 49 propositionen
1839 652 59 34 för
1917 650 58 36 sin

357 705 58 36 del
445 705 148 46 uttalat,
616 710 54 31 att
698 704 64 37 det
804 710 130 44 syntes
962 718 93 22 vara
1083 703 188 48 lämpligt,
1302 708 53 30 att
1385 703 147 36 accisen
1561 702 160 48 utginge
1751 701 87 37 med
1868 702 107 49 lägre

356 757 152 49 belopp,
551 757 128 36 därest
716 756 303 37 vederbörandes
1057 755 244 36 konsumtion
1333 755 160 35 allenast
1520 755 12 35 i
1559 754 112 47 ringa
1698 754 97 48 grad
1824 754 151 35 komme

357 815 55 30 att
445 808 219 36 överskrida
693 808 73 36 den
794 808 220 36 nuvarande
1042 819 200 24 ransonen.
1299 805 18 36 I
1347 805 136 37 sådant
1511 805 188 37 avseende
1726 805 159 37 innebär
1913 805 62 36 det

356 860 266 48 föreliggande
652 860 184 48 förslaget
863 860 107 48 lägre
1000 859 165 49 avgifter
1193 858 59 36 för
1281 858 46 36 de
1356 860 63 34 två
1447 858 120 36 första
1596 858 87 35 liter
1712 857 263 49 accispliktiga

357 912 271 49 spritdrycker,
662 925 80 23 som
772 911 125 36 under
925 916 53 31 ett
1006 911 71 36 och
1106 923 144 23 samma
1279 909 332 37 kalenderkvartal
1640 909 175 47 försäljas
1844 909 57 35 till
1929 922 44 23 en

356 976 150 36 person,
536 964 193 48 nämligen
759 963 57 36 för
844 963 73 36 den
945 963 121 36 första
1095 963 21 35 5
1146 962 71 36 och
1245 961 61 36 för
1335 961 73 37 den
1438 962 117 36 andra
1583 962 46 35 10
1649 961 150 36 kronor.
1843 960 132 48 Enligt

357 1015 73 36 vad
470 1015 421 49 departementschefen
919 1015 12 35 i
961 1013 354 50 kontrollstyrelsen
1353 1013 189 36 inhämtat
1570 1018 119 31 mötte
1716 1013 97 36 intet
1842 1011 134 37 hinder

357 1072 56 31 att
441 1071 96 33 även
566 1067 64 36 vid
660 1080 47 23 en
736 1066 119 37 sådan
881 1066 216 48 anordning
1117 1071 72 31 öva
1208 1065 132 49 tillsyn
1361 1070 91 31 över
1472 1064 233 50 avgifternas
1725 1064 250 50 uppbärande

357 1118 71 37 och
458 1119 265 48 vederbörliga
750 1119 261 48 redovisning.

487 1171 17 35 I
537 1170 62 36 det
631 1170 276 49 ursprungliga
935 1170 185 47 förslaget
1149 1169 68 35 har
1245 1168 143 46 vidare,
1418 1169 121 48 enligt
1568 1169 73 35 vad
1672 1169 302 48 departements-

357 1222 135 36 chefen
521 1222 200 46 meddelat,
751 1221 74 37 den
850 1221 254 49 jämkningen
1133 1219 197 49 vidtagits,
1361 1225 57 31 att
1445 1233 152 37 person,
1628 1232 82 24 som
1740 1220 98 36 först
1856 1219 120 36 under

356 1273 64 36 det
439 1274 162 48 löpande
621 1273 370 37 kalenderkvartalet
1010 1272 161 36 erhåller
1189 1272 187 49 rättighet
1392 1278 55 30 att
1461 1271 358 49 utminuteringsvis
1834 1270 140 49 inköpa

357 1325 269 49 spritdrycker,
656 1325 82 36 icke
768 1325 200 48 obetingat
992 1324 214 49 jämställes
1231 1324 85 36 med
1337 1324 85 45 den,
1443 1337 80 23 som
1543 1323 117 36 redan
1680 1323 63 36 vid
1764 1322 210 37 kvartalets

357 1378 148 47 ingång
532 1377 160 40 innehar
720 1377 105 48 dylik
847 1382 86 30 rätt.
976 1376 320 49 Begränsningen
1317 1376 218 42 innefattar,
1556 1381 55 30 att
1631 1375 72 36 den
1724 1388 82 23 som
1827 1374 148 36 erhållit

356 1428 217 48 inköpsrätt
601 1429 96 35 efter
720 1431 201 46 utgången
942 1442 46 22 av
1007 1434 55 30 ett
1082 1428 166 35 kvartals
1270 1428 119 35 första
1408 1426 149 48 månad,
1578 1427 58 35 för
1660 1440 148 22 samma
1827 1426 146 35 kvartal

357 1480 57 36 får
455 1481 100 47 köpa
587 1480 98 35 blott
714 1492 47 23 en
791 1480 86 36 liter
905 1479 259 49 spritdrycker
1191 1485 92 29 utan
1313 1478 234 48 erläggande
1576 1491 48 23 av
1653 1478 110 46 accis,
1794 1482 100 32 samt
1921 1483 54 30 att

357 1532 85 46 den,
485 1544 80 24 som
610 1531 94 36 först
744 1531 122 36 under
902 1530 208 36 kvartalets
1148 1530 93 36 sista
1278 1530 139 36 månad
1446 1530 198 36 förvärvar
1671 1535 75 30 rätt
1774 1530 11 35 1
1815 1529 159 36 berörda

357 1583 200 45 avseende,
588 1583 57 35 får
674 1583 160 47 erlägga
863 1583 98 35 accis
989 1582 118 36 redan
1136 1582 58 35 för
1221 1581 73 37 den
1325 1582 98 35 först
1451 1581 158 49 inköpta
1637 1581 121 36 litern.

487 1634 233 48 Ytterligare
765 1635 69 35 har
875 1633 423 49 departementschefen
1340 1633 138 42 anfört,
1522 1638 55 31 att
1606 1633 63 36 det
1697 1638 108 43 synts
1835 1633 139 36 honom

356 1700 93 22 vara
490 1686 83 36 med
603 1686 159 36 rättvisa
791 1686 72 36 och
892 1685 176 48 billighet
1097 1685 401 36 överensstämmande
1527 1690 56 30 att
1612 1685 140 49 jämväl
1781 1688 21 33 å
1829 1690 145 30 restau-

356 1743 127 31 ranter
512 1738 71 36 och
611 1738 188 36 värdshus
828 1737 205 36 utskänkta
1062 1736 261 49 spritdrycker
1350 1737 105 48 finge
1483 1737 90 35 bära
1601 1737 58 35 sin
1689 1736 60 36 del
1769 1750 49 22 av
1837 1736 137 47 ifråga-

356 1789 168 37 varande
565 1789 113 36 skatt.
734 1789 17 36 I
789 1789 135 36 sådant
954 1788 187 37 avseende
1169 1788 69 36 har
1266 1788 12 35 i
1309 1788 185 47 förslaget
1521 1788 161 48 intagits
1710 1788 265 36 bestämmelse

356 1841 144 46 därom,
531 1845 56 31 att
615 1841 59 36 för
701 1841 105 48 varje
834 1841 59 36 till
921 1840 426 48 utskänkningsrörelse
1376 1840 195 35 utlämnad
1598 1840 86 36 liter
1716 1839 260 50 spritdrycker

356 1893 99 36 accis
484 1898 154 42 uttages
669 1893 84 36 med
782 1898 54 30 ett
864 1892 138 49 belopp
1032 1905 47 22 av
1109 1893 21 35 5
1159 1891 151 37 kronor.
1369 1891 147 37 Genom
1546 1904 49 24 en
1623 1891 117 37 sådan
1760 1890 216 49 anordning

358 1944 122 48 torde,
528 1945 109 35 anför
674 1944 429 49 departementschefen,
1146 1948 95 31 även
1270 1943 86 36 med
1384 1943 229 50 vidtagande
1642 1957 47 22 av
1717 1943 259 36 ovanberörda

357 1996 249 48 nedsättning
635 2009 47 23 av
711 1996 64 36 det
802 1996 300 48 ursprungligen
1131 1995 226 48 ifrågasatta
1386 1995 303 49 skattebeloppet
1717 1995 62 36 vid
1810 1994 165 36 utminu-

358 2047 137 49 tering,
527 2047 45 37 de
600 2047 218 37 beräknade
847 2047 263 37 inkomsterna
1138 2046 153 37 komma
1320 2053 55 30 att
1402 2047 133 49 inflyta
1563 2048 56 35 till
1648 2046 239 37 statsverket.

490 2099 190 48 Slutligen
722 2099 79 48 har,
836 2099 85 36 med
952 2099 146 49 hänsyn
1127 2098 55 36 till
1212 2098 73 36 den
1314 2099 12 35 i
1359 2101 17 33 1
1408 2098 20 49 $
1456 2112 47 22 av
1535 2101 96 34 1917
1663 2101 59 34 års
1750 2098 224 48 rusdrycks-

360 2151 478 49 försäljningsförordniug
880 2151 151 35 införda
1073 2150 286 48 benämningen
1391 2150 322 49 »spritdrycker»,
1742 2150 63 36 det
1833 2150 12 35 i
1877 2151 97 34 1916

358 2205 60 33 års
448 2202 227 49 förordning
703 2203 177 36 använda
910 2202 105 36 ordet
1048 2202 351 49 »spirituosaaccis»
1429 2202 146 49 utbytts
1605 2208 78 31 mot
1711 2202 108 36 ordet
1842 2201 133 49 »sprit-

356 2254 272 49 drycksaccis».
