2128 2672
311 186 39 28 20
766 183 339 43 Bevillningsutskottets
1129 186 198 32 Betänkande
1346 186 62 33 N:o
1430 189 31 30 5.

119 272 134 29 Trävaror,
263 280 38 14 ar-
410 263 240 38 Rubrikerna
690 264 72 37 n:is
793 266 197 37 552—555
1020 266 53 37 uti
1103 267 73 37 den
1204 282 49 22 nu
1283 268 180 49 gällande
1491 269 187 37 tulltaxan
1707 269 114 37 hafva
1849 270 69 38 föl-

165 306 90 24 Petade.
305 315 117 50 jande
451 315 167 50 lydelse:

1492 455 137 32 Qvantitet
1651 455 41 27 för

1545 490 96 26 tullbe-
1749 491 125 28 Tullsats.

1514 524 154 35 räkningen,

458 591 201 37 Trävaror:
1723 603 102 27 Kronor
1837 589 3 59 |
1855 606 42 25 öre

503 643 74 37 alla
612 643 118 37 andra
767 657 80 23 mer
875 644 93 37 eller
996 645 149 38 mindre
1174 646 179 38 arbetade
1381 652 75 32 trä-

553 707 123 34 varor,
706 695 190 36 derunder
923 696 230 49 inbegripna
1177 698 191 36 snickare-
1385 700 70 35 och

554 745 406 37 stolmakarearbeten:

331 797 82 37 552.
578 796 41 37 af
647 796 83 37 furu
769 797 93 37 eller
889 810 108 36 gran,
1026 804 89 31 utan
1144 799 193 49 betsning,
1366 801 89 36 mål-

602 848 96 36 ning
725 848 93 37 eller
846 848 199 50 lackering
1058 882 59 4 us
1138 882 11 4 sm
1169 883 283 6 ssmsssmemnnasnn
1480 856 15 33 I
1518 853 186 48 kilogram)
1751 877 48 5 —
1821 849 26 57 |
1885 858 21 33 2

330 900 83 36 553.
578 898 40 37 af
654 900 265 37 nyssnämnda
957 901 159 49 träslag,
1145 902 87 37 med
1262 902 192 50 betsning,

603 950 172 49 målning
803 951 93 37 eller
923 951 199 50 lackering
1159 986 148 5 ....m«
1336 986 116 6 mmm.
1479 958 16 34 1
1517 955 186 49 kilogram|
1752 977 47 4 —
1819 951 30 58 |
1885 960 22 34 4

330 1003 82 35 554.
578 1001 41 37 af
650 1002 86 48 alm,
774 1002 80 48 ask,
892 1003 123 49 björk,
1044 1003 88 48 bok,
1162 1005 46 36 ek
1237 1005 72 37 och
1337 1006 118 37 andra

601 1053 213 48 inhemska,
835 1054 33 50 ej
890 1055 271 49 specificerade
1181 1057 158 49 träslag,
1356 1070 97 24 mas-

602 1105 83 36 siva
713 1105 92 37 eller
833 1106 156 37 dermed
1017 1106 179 39 fanerade
1225 1140 225 5 ............
1431 1101 23 58 ..
1478 1112 16 34 1
1516 1110 187 48 kilogram]
1751 1132 47 4 —
1820 1106 25 56 |
1886 1114 20 34 8

330 1157 82 35 555.
578 1156 41 36 af
641 1161 119 44 päron
790 1157 71 36 och
890 1157 131 37 valnöt
1049 1165 99 30 samt
1175 1159 41 37 af
1245 1160 207 48 mahogny,

597 1207 212 49 jakaranda
837 1208 72 36 och
934 1209 117 36 andra
1070 1209 206 38 utländska
1294 1211 158 49 träslag,

602 1258 168 36 massiva
797 1259 93 37 eller
919 1259 157 38 dermed
1103 1260 191 49 fanerade,
1323 1262 129 37 äfven-

603 1322 81 23 som
719 1309 168 48 arbeten,
920 1311 181 37 försedda
1129 1312 86 37 med
1245 1313 88 36 äkta
1361 1313 92 37 eller

603 1360 113 45 oäkta
743 1360 240 50 förgyllning
998 1356 216 58 m...mcomcmmm.
1234 1396 148 4 ses
1391 1396 58 4 ....|l
1476 1365 226 49 kilogram)
1750 1387 47 4 —
1818 1361 25 57 |
1862 1369 42 35 15

551 1407 80 26 Anm.
667 1408 38 25 år
735 1408 102 26 arbetet
863 1411 176 24 sammansatt
1066 1410 28 26 af
1116 1410 63 27 flera
1196 1411 109 34 träslag,
1325 1412 58 25 sker
1400 1412 53 26 för-

585 1441 149 34 tullningen
763 1442 65 26 efter
853 1443 43 26 det
923 1443 58 35 slag
1009 1444 143 32 deribland,
1171 1453 54 18 som
1246 1446 94 34 drager
1358 1446 96 34 högsta

585 1476 139 34 tullafgift.

409 1596 65 38 Uti
515 1610 47 23 en
602 1598 101 37 inom
747 1598 131 37 Andra
917 1600 232 37 Kammaren
1190 1601 115 37 väckt
1346 1602 155 49 motion,
1543 1617 60 23 n:o
1632 1606 58 43 24,
1732 1605 68 36 har
1827 1605 88 37 herr

311 1647 37 37 C.
377 1649 47 34 4.
455 1646 122 50 Oléhn,
607 1649 87 36 med
719 1649 235 49 hänvisning
981 1651 57 37 till
1067 1652 74 36 den
1170 1652 232 49 motivering
1429 1654 73 37 han
1532 1654 198 49 förebragt
1750 1656 56 36 för
1822 1657 92 36 sitt
1895 1642 21 65 i

303 1698 151 49 januari
484 1699 104 37 detta
616 1702 40 34 år
684 1701 136 36 väckta
848 1701 146 49 förslag
1021 1702 11 36 i
1061 1716 144 23 samma
1234 1704 112 49 syfte,
1374 1705 193 47 hemstält,

408 1755 72 31 »att
508 1750 235 50 Riksdagen,
773 1752 86 36 med
888 1753 165 49 ändring
1081 1754 41 36 af
1145 1769 49 22 nu
1223 1755 180 48 gällande
1431 1756 291 38 bestämmelser
1750 1758 53 36 uti
1828 1758 85 37 ifrå-

308 1801 220 47 gavarande
570 1802 61 36 del
672 1802 41 37 af
748 1803 198 48 tulltaxan,
988 1807 114 34 måtte
1144 1806 161 47 besluta,
1347 1812 54 31 att
1436 1807 74 37 alla
1538 1822 80 23 mer
1646 1809 92 37 eller
1766 1810 146 37 mindre

308 1852 180 37 arbetade
517 1857 183 43 trävaror,
730 1853 190 38 derunder
948 1855 228 50 inbegripna
1204 1857 192 37 snickare-
1420 1859 71 36 och
1512 1859 399 50 stolmakarearbeten,

308 1903 41 36 af
384 1902 84 37 faro
511 1903 92 37 eller
643 1918 108 35 gran,
784 1910 91 32 utan
903 1906 193 50 betsning,
1126 1907 170 50 målning
1324 1908 92 38 eller
1444 1909 209 50 lackering,
1682 1914 60 34 må
1770 1914 141 35 åsättas

308 1967 47 23 en
394 1954 71 36 tull
505 1954 41 37 af
582 1956 19 35 5
632 1960 82 41 öre;
743 1956 41 36 af
807 1958 263 48 nyssnämnda
1096 1959 158 49 träslag,
1283 1960 88 36 med
1399 1961 194 50 betsning,
1622 1962 171 50 målning
1821 1964 91 37 eller

307 2005 210 49 lackering,
560 2008 45 35 10
647 2011 79 41 öre;
761 2007 40 37 af
824 2008 86 48 alm,
939 2009 81 46 ask,
1049 2009 121 49 björk,
1200 2011 86 46 bok,
1316 2011 47 36 ek
1392 2012 71 36 och
1491 2013 118 36 andra
1636 2013 211 49 inhemska,
1876 2016 34 48 ej

308 2055 271 50 specificerade
621 2057 157 49 träslag,
820 2059 167 38 massiva
1016 2060 92 37 eller
1136 2060 156 38 dermed
1320 2062 192 49 fanerade,
1544 2066 43 35 15
1618 2069 81 41 öre;
1729 2065 40 36 af
1791 2070 120 45 päron

308 2107 71 36 och
419 2107 132 37 valnöt
590 2114 99 31 samt
729 2109 41 36 af
801 2110 206 50 mahogny,
1036 2112 212 49 jakaranda
1276 2114 71 36 och
1376 2114 118 37 andra
1521 2115 205 38 utländska
1752 2117 157 49 träslag,

307 2158 168 37 massiva
515 2159 93 36 eller
649 2160 156 37 dermed
845 2161 191 50 fanerade,
1077 2163 198 37 äfvensom
1303 2164 169 50 arbeten,
1501 2166 180 38 försedda
1708 2168 86 36 med
1823 2168 89 37 äkta

308 2209 91 37 eller
428 2210 112 37 oäkta
569 2210 251 50 förgyllning,
849 2214 46 35 25
925 2218 76 43 öre,
1030 2214 67 37 allt
1123 2229 45 35 pr
1195 2215 222 49 kilogram.»
