1866 2780
254 168 60 29 106
549 169 119 30 Andra
692 170 243 39 lagutskottets
959 172 179 30 utlåtande
1161 182 42 19 nr
1224 174 41 29 45
1286 174 40 28 år
1350 174 80 28 1961

252 247 392 41 Departementschefen

294 309 393 41 Departementschefen
703 313 63 28 har
781 313 10 29 i
806 313 187 39 anledning
1009 323 40 20 av
1066 314 173 39 lagrådets
1253 315 162 38 yttrande
1432 315 131 30 anfört:

294 363 158 38 »Frågan
472 373 56 19 om
548 366 375 37 partsrepresentation
944 366 54 30 för
1018 367 55 29 det
1095 367 179 30 allmänna
1294 368 10 29 i
1326 368 408 40 socialförsäkringspro-

249 424 119 20 cessen
387 416 63 29 bör
469 417 125 38 prövas
616 418 107 29 sedan
745 418 112 39 någon
877 420 68 28 tids
966 419 198 30 erfarenhet
1185 421 148 29 rörande
1354 421 56 30 det
1432 431 68 29 nya
1520 422 213 30 besvärsför-

250 467 161 31 farandet
428 470 152 29 vunnits.
598 471 66 38 Jag
682 472 38 28 är
737 472 70 29 inte
825 473 185 38 övertygad
1028 482 56 20 om
1103 475 50 27 att
1172 474 241 39 anordningen
1431 475 78 29 med
1528 484 42 20 en
1588 475 146 39 tjänste-

249 530 81 20 man
349 522 64 29 hos
433 522 415 40 riksförsäkringsverket
868 534 75 20 som
962 526 145 30 allmänt
1128 527 127 29 ombud
1277 527 145 30 innebär
1442 537 42 20 en
1504 528 143 40 lämplig
1667 529 67 29 lös-

250 574 92 39 ning.
367 575 86 30 Tills
478 576 117 29 vidare
620 577 63 29 bör
708 577 518 40 underställningsförfarandet
1250 580 122 29 kunna
1397 581 166 39 godtagas
1589 591 75 20 som
1690 591 43 20 en

248 627 194 40 ersättning
460 628 54 30 för
532 629 228 39 möjligheten
778 631 54 29 för
849 641 43 20 en
911 632 148 30 särskild
1078 635 241 36 representant
1338 633 54 30 för
1411 634 57 30 det
1486 635 178 29 allmänna
1683 637 49 27 att

249 680 77 29 föra
342 690 71 30 upp
430 682 69 29 mål
516 682 51 29 till
585 682 426 41 försäkringsdomstolen.
1028 686 64 39 Jag
1109 686 59 29 vill
1186 686 118 30 därför
1321 687 71 29 inte
1410 687 124 39 frångå
1551 688 96 29 mina
1664 688 69 30 för-

248 733 72 39 slag
335 734 149 30 rörande
501 734 219 32 förfarandet
736 737 9 30 i
762 737 426 40 försäkringsdomstolen.

291 786 171 40 Lagrådet
479 788 64 29 har
560 788 118 31 vidare
696 790 220 31 beträffande
934 792 352 39 rättegångskostnad
1305 793 10 29 i
1334 794 70 29 mål
1422 793 56 30 vid
1498 793 234 40 försäkrings-

247 839 196 31 domstolen
461 840 166 35 förordat,
646 844 51 28 att
715 843 193 30 domstolen
928 845 88 29 skall
1035 845 122 29 kunna
1175 845 167 40 förplikta
1360 849 154 36 motpart
1532 849 50 28 att
1601 849 130 28 ersätta

247 895 78 35 part
348 893 196 30 kostnaden
569 894 55 30 för
648 895 154 30 hörande
826 905 42 21 av
893 897 197 40 sakkunnig
1115 898 10 29 i
1150 898 193 30 medicinsk
1368 899 109 39 fråga.
1503 900 52 29 En
1578 900 152 30 ledamot

248 945 64 29 har
328 946 92 30 velat
437 947 115 39 öppna
568 948 184 39 möjlighet
771 949 54 30 för
842 953 79 36 part
939 952 50 28 att
1008 951 34 29 få
1061 952 195 38 ersättning
1273 952 55 29 för
1346 953 175 38 personlig
1540 953 190 30 inställelse

247 998 57 29 vid
323 999 207 31 domstolen.
550 1001 190 38 Lagrådets
760 1002 129 40 förslag
911 1003 110 30 skulle
1041 1004 10 29 i
1071 1005 188 38 praktiken
1279 1005 168 30 innebära
1467 1008 50 28 att
1536 1007 194 38 ersättning

248 1051 111 30 skulle
383 1052 121 30 kunna
527 1053 230 31 tillerkännas
779 1056 137 29 enskild
938 1059 78 37 part
1039 1066 42 21 av
1104 1057 179 30 allmänna
1304 1058 112 30 medel
1441 1059 55 29 för
1520 1059 209 40 sakkunnig,

247 1113 77 21 vars
344 1105 178 31 anlitande
541 1107 176 39 påkallats
736 1117 41 21 av
795 1108 129 30 honom
945 1110 98 39 själv.
1064 1110 49 30 De
1135 1111 75 29 skäl
1231 1120 73 20 som
1324 1112 156 38 lagrådet
1498 1113 160 39 andragit
1677 1113 52 29 till

248 1158 76 29 stöd
347 1158 56 29 för
426 1159 58 30 sitt
508 1159 130 40 förslag
662 1161 64 29 har
747 1161 58 40 jag
829 1171 73 21 som
927 1163 153 39 framgår
1103 1173 43 20 av
1168 1164 65 29 vad
1255 1164 59 39 jag
1337 1165 136 39 yttrade
1498 1166 55 29 vid
1576 1166 154 39 lagråds-

246 1211 169 30 remissen
440 1212 181 31 förståelse
646 1214 65 30 för.
736 1215 51 29 En
810 1215 137 40 lösning
971 1226 42 20 av
1035 1217 295 39 kostnadsfrågan
1354 1218 107 39 enligt
1484 1219 65 29 vad
1573 1219 156 39 lagrådet

247 1263 156 31 förordat
426 1264 205 32 förutsätter
655 1269 51 28 att
728 1268 56 29 det
808 1268 177 31 allmänna
1007 1270 239 40 regelmässigt
1270 1271 72 29 står
1366 1280 74 21 som
1463 1272 68 29 den
1552 1273 177 30 enskildes

247 1320 162 37 motpart.
427 1319 116 39 Enligt
559 1320 80 30 mitt
656 1320 130 40 förslag
802 1321 158 30 kommer
976 1322 94 30 detta
1087 1325 50 28 att
1154 1324 47 29 bli
1218 1323 96 31 fallet
1331 1324 87 31 blott
1435 1325 11 29 i
1463 1325 91 30 vissa
1570 1326 81 29 mål.
1669 1326 59 30 Att

245 1370 69 30 låta
340 1372 69 29 den
435 1373 155 29 enskilde
618 1373 37 30 få
682 1375 69 29 rätt
777 1375 51 28 till
855 1375 365 41 kostnadsersättning
1246 1377 122 30 endast
1397 1378 9 29 i
1435 1378 130 30 sådana
1591 1379 71 29 mål
1690 1380 38 29 är

245 1425 273 39 uppenbarligen
544 1426 70 30 inte
641 1426 168 40 lämpligt.
836 1428 63 39 Jag
925 1428 169 30 vidhåller
1121 1430 73 29 min
1221 1430 144 39 tidigare
1392 1431 154 30 uttalade
1572 1432 156 39 uppfatt-

245 1477 82 39 ning
346 1480 51 27 att
419 1478 163 40 ställning
602 1479 72 30 inte
695 1489 47 20 nu
762 1481 60 29 bör
842 1483 98 36 tagas
959 1482 51 28 till
1031 1482 124 39 frågan
1174 1492 57 20 om
1252 1483 198 39 fördelning
1470 1493 42 20 av
1531 1485 196 30 kostnaden

244 1530 11 28 i
272 1530 411 41 socialförsäkringsmål.
701 1533 65 30 Om
784 1534 56 29 det
858 1534 111 30 skulle
987 1535 73 29 visa
1077 1536 50 38 sig
1146 1536 136 30 förenat
1299 1537 78 29 med
1395 1537 179 39 allvarliga
1590 1538 138 39 olägen-

244 1583 96 29 heter
359 1586 50 27 att
428 1584 183 39 möjlighet
630 1586 51 29 till
703 1586 363 41 kostnadsersättning
1084 1588 56 30 för
1159 1589 137 29 enskild
1314 1592 78 37 part
1412 1590 31 39 ej
1465 1590 126 34 finnes,
1611 1592 38 29 är
1668 1591 59 40 jag

244 1636 126 30 beredd
390 1639 50 28 att
458 1640 151 37 upptaga
628 1639 115 29 denna
762 1639 97 40 fråga
877 1641 51 28 till
949 1641 149 31 särskild
1117 1643 181 38 prövning.

287 1689 12 29 I
325 1690 112 39 övrigt
461 1691 64 29 har
550 1692 156 39 lagrådet
732 1693 91 39 gjort
847 1694 93 29 vissa
965 1695 232 38 påpekanden
1221 1697 147 29 rörande
1395 1697 265 40 utformningen
1685 1708 43 20 av

241 1744 67 30 den
326 1745 198 40 föreslagna
542 1746 101 39 lagen
660 1756 57 20 om
736 1747 380 39 försäkringsdomstol.
1136 1749 74 29 Vad
1229 1749 155 40 lagrådet
1403 1751 148 29 sålunda
1570 1751 156 31 förordat

242 1798 61 29 bör
324 1799 185 39 iakttagas.
532 1799 96 30 Dock
651 1809 103 30 synes
776 1800 56 29 det
855 1801 70 29 inte
947 1801 220 39 erforderligt
1190 1804 50 28 att
1261 1802 116 31 införa
1400 1804 115 38 någon
1537 1814 95 20 mera
1654 1805 73 30 vid-

243 1852 132 29 sträckt
400 1852 196 39 skyldighet
622 1852 55 31 för
702 1853 194 30 domstolen
921 1856 50 28 att
995 1854 160 31 inhämta
1179 1858 96 36 parts
1300 1857 162 38 yttrande
1489 1858 43 28 än
1558 1857 66 30 den
1651 1867 74 20 som

241 1904 148 39 angivits
411 1906 11 29 i
444 1906 56 29 det
522 1906 223 30 remitterade
767 1906 175 40 förslaget.
965 1907 114 30 Sådan
1102 1908 197 39 skyldighet
1322 1910 89 29 skall
1434 1910 102 29 alltså
1558 1910 168 40 föreligga

240 1958 122 29 endast
383 1959 65 28 när
467 1959 195 29 domstolen
683 1960 184 39 överväger
888 1962 50 28 att
958 1961 10 29 i
989 1963 47 27 ett
1057 1961 201 39 överklagat
1279 1962 82 30 eller
1382 1963 208 30 underställt
1611 1964 114 29 beslut

240 2011 82 38 göra
340 2020 43 20 en
403 2012 148 39 ändring
568 2012 119 30 vilken
706 2014 38 28 är
761 2013 51 29 till
832 2013 146 30 nackdel
998 2013 54 30 för
1071 2014 138 30 enskild
1228 2017 88 36 part.
1336 2016 172 39 Ställning
1527 2026 41 20 av
1587 2017 138 30 enskild

240 2066 77 37 part
341 2065 214 29 tillkommer
579 2066 70 29 inte
674 2066 67 29 den
765 2075 73 20 som
862 2067 11 29 i
897 2075 184 30 processen
1106 2067 193 30 företräder
1323 2070 48 28 ett
1396 2069 146 30 allmänt
1565 2070 159 34 intresse,

240 2117 131 30 således
395 2118 31 39 ej
452 2118 199 39 sjukkassa,
674 2119 171 29 kommun
867 2120 83 29 eller
972 2120 427 40 riksförsäkringsverket.
1424 2122 181 30 Huruvida
1627 2124 98 29 kom-

239 2171 223 29 munikation
478 2171 61 30 bör
555 2172 60 29 ske
631 2172 80 29 med
727 2180 107 31 organ
850 2181 75 21 som
941 2182 47 20 nu
1006 2176 103 37 sagts,
1127 2175 64 28 när
1206 2174 57 30 det
1279 2175 64 29 har
1361 2175 165 40 ställning
1544 2185 74 20 som
1635 2179 88 36 part,

239 2223 53 30 får
306 2224 197 30 domstolen
516 2234 95 20 mera
626 2225 78 30 fritt
717 2225 146 30 bedöma
877 2226 88 29 efter
978 2227 475 40 lämplighetssynpunkter.»

236 2317 172 30 Motioner

280 2379 137 38 Frågan
442 2388 56 20 om
533 2379 289 31 bevakande
859 2390 53 21 av
944 2381 80 30 det
1069 2382 278 31 allmännas
1383 2384 216 29 intresse
1634 2384 10 29 i
1671 2393 52 20 so-

239 2431 476 40 cialförsäkringsprocessen
744 2434 63 29 har
837 2434 206 30 behandlats
1073 2436 10 29 i
1114 2436 218 29 motionerna
1363 2437 109 29 I:623
1502 2437 63 29 och
1597 2437 46 28 II:
1660 2437 60 29 741

235 2487 91 27 samt
346 2486 48 28 II:
409 2486 74 29 745.
