1862 2778
280 181 42 31 32

580 183 118 31 Andra
721 184 245 39 lagutskottets
990 186 180 31 utlåtande
1191 197 43 20 nr
1256 189 41 29 435
1319 189 39 29 år
1382 189 80 29 1961

958 362 137 43 Förslag

993 434 53 30 till

976 510 96 49 Lag

501 591 170 42 angående
688 592 170 46 ändringji
874 593 96 42 lagen
986 594 65 31 den
1066 595 41 30 21
1124 595 68 41 maj
1212 596 86 31 1954
1315 598 58 42 (nr
1388 597 83 43 266)
1488 608 57 20 om

863 647 308 43 moderskapshjälp

323 741 212 40 Härigenom
550 742 195 36 förordnas,
761 744 73 30 dels
850 746 50 29 att
917 745 38 31 16
972 745 16 37 $
1004 745 102 40 lagen
1121 746 66 29 den
1202 747 39 30 21
1259 747 71 40 maj
1350 747 84 31 1954
1449 757 58 21 om
1522 748 245 40 moderskaps-

277 794 112 40 hjälp!
406 795 90 29 skall
513 796 160 39 upphöra
689 799 51 28 att
756 797 101 40 gälla,
874 798 72 30 dels
963 800 52 29 att
1034 799 39 30 13
1101 799 7 37 $
1127 808 135 22 samma
1278 800 57 40 lag
1351 800 90 30 skall
1458 801 135 31 erhålla
1609 801 156 40 följande

277 848 154 30 ändrade
446 848 143 40 lydelse.

461 955 186 34 (Gällande
662 957 149 39 lydelse)

1209 960 226 40 (Föreslagen
1454 961 150 39 lydelse)

972 1020 39 30 13
1039 1019 28 38 8.

321 1078 217 41 Statsbidrag
559 1080 102 39 utgår
681 1080 55 30 för
757 1081 98 39 varje
875 1081 119 30 kalen-

275 1130 103 31 derår
401 1131 53 31 till
480 1133 327 39 centralsjukkassa
832 1134 78 30 med
935 1143 58 21 ne-

275 1184 71 29 dan
361 1185 150 39 angivna
526 1187 237 38 procentuella
778 1187 101 30 andel
895 1197 41 20 av
951 1188 42 30 de

276 1237 144 39 utgifter
440 1238 113 30 under
574 1239 83 34 året,
678 1248 75 22 som
774 1240 155 31 bestritts
950 1250 43 20 av

275 1291 151 29 centrals
428 1291 200 39 jukkassan
647 1293 63 29 och
731 1293 53 30 till
801 1294 113 30 denna
932 1304 61 20 an-

274 1343 119 31 slutna
410 1344 112 30 lokals
524 1345 203 39 jukkassor,
744 1346 176 40 nämligen
937 1347 56 29 för

274 1396 39 32 a)
342 1396 187 32 läkarvård
548 1398 66 30 och
633 1408 95 21 resor
747 1399 108 40 enligt
874 1400 18 30 3
914 1399 16 38 8
958 1426 25 3 ..

765 1452 42 31 50
832 1455 158 37 procent;

727 1532 4 3 .
764 1506 42 30 50
830 1509 158 37 procent;

273 1556 35 31 c)
338 1556 209 41 barntillägg
575 1583 69 5 ....
729 1584 3 4 .
767 1559 40 30 75
832 1561 153 37 procent.

320 1609 194 40 Konungen
550 1611 80 39 äger
662 1611 161 40 medgiva
856 1614 49 28 att
938 1613 52 29 till

277 1663 336 40 centralsjukkassa,
656 1665 55 30 för
752 1665 118 31 vilken
911 1666 79 30 med

275 1715 138 39 hänsyn
436 1716 53 30 till
515 1717 203 40 bebyggelse
743 1719 66 29 och
833 1719 160 30 kommu-

272 1768 199 31 nikationer
484 1770 144 31 särskilt
641 1772 94 29 stora
748 1771 145 40 utgifter
905 1780 87 32 upp-

274 1821 143 31 komma
447 1822 55 30 för
531 1823 174 36 ändamål,
735 1833 76 21 som
839 1825 12 29 i
880 1825 111 30 första

274 1875 136 38 stycket
429 1876 36 33 a)
490 1877 90 38 sägs,
598 1876 157 41 bidraget
774 1877 55 30 för
847 1878 144 39 utgifter

274 1927 52 30 till
352 1928 119 39 dylika
497 1929 164 30 ändamål
687 1930 90 30 skall
804 1931 83 39 utgå
911 1931 80 30 med

278 1989 70 21 mer
372 1981 44 29 än
441 1981 123 31 femtio
588 1986 142 36 procent
755 1992 43 21 av
821 1984 41 30 de
886 1984 105 39 utgif-

276 2035 60 34 ter,
357 2043 75 21 som
456 2034 156 31 bestritts
634 2045 43 21 av
698 2036 130 30 kassan
852 2037 63 30 och
939 2038 53 30 till

271 2087 115 30 denna
398 2087 167 31 anslutna
578 2088 110 31 lokals
690 2089 203 39 jukkassor,
902 2091 89 29 dock

274 2140 80 29 med
387 2140 102 40 högst
525 2141 124 40 sjuttio
681 2145 145 36 procent
860 2152 41 21 av
934 2144 57 29 de-

273 2201 146 22 samma.

317 2509 11 16 1
348 2511 113 25 Senaste
480 2511 105 31 lydelse
605 2519 36 18 av
660 2514 32 24 16
712 2515 12 29 $
744 2520 28 18 se
793 2514 60 25 SFS
873 2514 77 25 1958:
962 2515 61 25 458.

1095 1083 216 40 Statsbidrag
1331 1084 103 40 utgår
1455 1084 56 30 för
1530 1085 99 40 varje
1649 1085 119 30 kalen-

1050 1135 101 30 derår
1171 1136 52 30 till
1243 1137 132 30 allmän
1396 1137 193 40 sjukkassa
1610 1138 79 30 med
1709 1147 59 21 ne-

1051 1188 68 30 dan
1134 1189 150 40 angivna
1299 1190 239 39 procentuella
1552 1191 101 30 andel
1669 1200 43 21 av
1725 1191 42 30 de

1050 1241 144 40 utgifter
1214 1243 112 29 under
1346 1243 84 35 året,
1452 1252 76 22 som
1548 1244 157 31 bestritts
1725 1253 42 21 av

1049 1295 140 37 kassan,
1207 1295 178 41 nämligen
1403 1296 56 31 för

1050 1349 36 32 a)
1115 1348 187 31 läkarvård
1321 1349 66 31 och
1406 1358 96 22 resor
1521 1350 108 40 enligt
1648 1351 18 30 3
1688 1350 16 38 8
1732 1376 26 4 ..

1540 1403 42 30 50
1607 1406 158 37 procent;

1502 1482 4 4 .
1539 1456 42 30 50
1607 1458 158 38 procent;

1048 1508 35 28 ec)
1112 1507 209 41 barntillägg
1371 1535 136 4 ........
1542 1510 40 30 75
1608 1512 153 37 procent.

1094 1560 194 40 Konungen
1323 1562 80 40 äger
1436 1562 161 40 medgiva
1630 1565 50 28 att
1713 1563 54 29 till

1050 1614 202 39 sjukkassa,
1284 1614 55 30 för
1369 1615 118 30 vilken
1518 1616 81 29 med
1629 1616 136 40 hänsyn

1050 1667 52 30 till
1119 1667 204 40 bebyggelse
1339 1669 65 29 och
1421 1669 347 30 kommunikationer

1049 1720 142 30 särskilt
1208 1722 94 28 stora
1319 1721 144 40 utgifter
1479 1722 217 39 uppkomma
1710 1722 57 30 för

1049 1773 174 37 ändamål,
1238 1783 76 21 som
1326 1774 11 30 i
1351 1774 112 31 första
1476 1775 137 39 stycket
1626 1775 37 34 a)
1677 1777 89 37 sägs,

1049 1826 156 39 bidraget
1222 1826 56 30 för
1294 1827 144 40 utgifter
1454 1828 53 30 till
1524 1828 121 39 dylika
1660 1828 107 30 ända-

1048 1879 70 29 mål
1144 1880 89 29 skall
1259 1880 84 39 utgå
1368 1881 79 29 med
1473 1890 75 20 mer
1573 1881 45 30 än
1644 1881 122 30 femtio

1049 1935 142 36 procent
1226 1942 42 21 av
1302 1933 149 30 kassans
1486 1933 156 40 utgifter,
1677 1934 89 30 dock

1048 1985 79 30 med
1161 1985 102 40 högst
1297 1986 125 40 sjuttio
1455 1989 145 37 procent
1634 1996 43 21 av
1710 1987 56 30 de-

1048 2047 145 22 samma.

1092 2340 121 29 Denna
1233 2340 55 39 lag
1309 2341 116 30 träder
1445 2341 11 29 i
1474 2341 98 39 kraft
1590 2342 65 29 den
1678 2343 14 28 1
1713 2342 52 39 ja-

1047 2393 104 29 nuari
1170 2394 94 29 1962.
