<?xml version="1.0" encoding="UTF-8"?>
<alto xmlns="http://www.loc.gov/standards/alto/ns-v3#" xmlns:xlink="http://www.w3.org/1999/xlink" xmlns:xsi="http://www.w3.org/2001/XMLSchema-instance" xsi:schemaLocation="http://www.loc.gov/standards/alto/ns-v3# http://www.loc.gov/alto/v3/alto-3-0.xsd">
	<Description>
		<MeasurementUnit>pixel</MeasurementUnit>
		<sourceImageInformation>
			<fileName>/tmp/tess_z30d27wi_input.PNG</fileName>
		</sourceImageInformation>
		<OCRProcessing ID="OCR_0">
			<ocrProcessingStep>
				<processingSoftware>
					<softwareName>tesseract 5.3.0</softwareName>
				</processingSoftware>
			</ocrProcessingStep>
		</OCRProcessing>
	</Description>
	<Layout>
		<Page WIDTH="1862" HEIGHT="2784" PHYSICAL_IMG_NR="0" ID="page_0">
			<PrintSpace HPOS="0" VPOS="0" WIDTH="1862" HEIGHT="2784">
				<ComposedBlock ID="cblock_0" HPOS="437" VPOS="187" WIDTH="877" HEIGHT="43">
					<TextBlock ID="block_0" HPOS="437" VPOS="187" WIDTH="877" HEIGHT="43">
						<TextLine ID="line_0" HPOS="437" VPOS="187" WIDTH="877" HEIGHT="43">
							<String ID="string_0" HPOS="437" VPOS="190" WIDTH="119" HEIGHT="31" WC="0.93" CONTENT="Andra"/><SP WIDTH="21" VPOS="190" HPOS="556"/>
							<String ID="string_1" HPOS="577" VPOS="189" WIDTH="246" HEIGHT="41" WC="0.91" CONTENT="lagutskottets"/><SP WIDTH="23" VPOS="189" HPOS="823"/>
							<String ID="string_2" HPOS="846" VPOS="188" WIDTH="180" HEIGHT="31" WC="0.96" CONTENT="utlåtande"/><SP WIDTH="21" VPOS="188" HPOS="1026"/>
							<String ID="string_3" HPOS="1047" VPOS="198" WIDTH="43" HEIGHT="20" WC="0.96" CONTENT="nr"/><SP WIDTH="20" VPOS="198" HPOS="1090"/>
							<String ID="string_4" HPOS="1110" VPOS="189" WIDTH="42" HEIGHT="30" WC="0.95" CONTENT="45"/><SP WIDTH="20" VPOS="189" HPOS="1152"/>
							<String ID="string_5" HPOS="1172" VPOS="188" WIDTH="39" HEIGHT="30" WC="0.96" CONTENT="år"/><SP WIDTH="21" VPOS="188" HPOS="1211"/>
							<String ID="string_6" HPOS="1232" VPOS="187" WIDTH="82" HEIGHT="30" WC="0.96" CONTENT="1961"/>
						</TextLine>
					</TextBlock>
				</ComposedBlock>
				<ComposedBlock ID="cblock_1" HPOS="132" VPOS="269" WIDTH="718" HEIGHT="468">
					<TextBlock ID="block_1" HPOS="256" VPOS="269" WIDTH="468" HEIGHT="42">
						<TextLine ID="line_1" HPOS="256" VPOS="269" WIDTH="468" HEIGHT="42">
							<String ID="string_7" HPOS="256" VPOS="271" WIDTH="144" HEIGHT="40" WC="0.95" CONTENT="(Kungl."/><SP WIDTH="25" VPOS="271" HPOS="400"/>
							<String ID="string_8" HPOS="425" VPOS="270" WIDTH="125" HEIGHT="40" WC="0.96" CONTENT="Maj:ts"/><SP WIDTH="25" VPOS="270" HPOS="550"/>
							<String ID="string_9" HPOS="575" VPOS="269" WIDTH="149" HEIGHT="40" WC="0.96" CONTENT="förslag)"/>
						</TextLine>
					</TextBlock>
					<TextBlock ID="block_2" HPOS="132" VPOS="331" WIDTH="718" HEIGHT="406">
						<TextLine ID="line_2" HPOS="133" VPOS="331" WIDTH="715" HEIGHT="42">
							<String ID="string_10" HPOS="133" VPOS="333" WIDTH="96" HEIGHT="31" WC="0.96" CONTENT="föras"/><SP WIDTH="40" VPOS="333" HPOS="229"/>
							<String ID="string_11" HPOS="269" VPOS="343" WIDTH="43" HEIGHT="20" WC="0.94" CONTENT="en"/><SP WIDTH="40" VPOS="343" HPOS="312"/>
							<String ID="string_12" HPOS="352" VPOS="343" WIDTH="48" HEIGHT="30" WC="0.96" CONTENT="ny"/><SP WIDTH="38" VPOS="343" HPOS="400"/>
							<String ID="string_13" HPOS="438" VPOS="332" WIDTH="176" HEIGHT="41" WC="0.90" CONTENT="paragraf,"/><SP WIDTH="40" VPOS="332" HPOS="614"/>
							<String ID="string_14" HPOS="654" VPOS="331" WIDTH="194" HEIGHT="31" WC="0.96" CONTENT="betecknad"/>
						</TextLine>
						<TextLine ID="line_3" HPOS="134" VPOS="386" WIDTH="715" HEIGHT="40">
							<String ID="string_15" HPOS="134" VPOS="387" WIDTH="38" HEIGHT="30" WC="0.95" CONTENT="77"/><SP WIDTH="16" VPOS="387" HPOS="172"/>
							<String ID="string_16" HPOS="188" VPOS="397" WIDTH="20" HEIGHT="20" WC="0.95" CONTENT="a"/><SP WIDTH="21" VPOS="397" HPOS="208"/>
							<String ID="string_17" HPOS="229" VPOS="387" WIDTH="27" HEIGHT="37" WC="0.86" CONTENT="8,"/><SP WIDTH="21" VPOS="387" HPOS="256"/>
							<String ID="string_18" HPOS="277" VPOS="397" WIDTH="41" HEIGHT="21" WC="0.96" CONTENT="av"/><SP WIDTH="18" VPOS="397" HPOS="318"/>
							<String ID="string_19" HPOS="336" VPOS="387" WIDTH="68" HEIGHT="30" WC="0.96" CONTENT="den"/><SP WIDTH="18" VPOS="387" HPOS="404"/>
							<String ID="string_20" HPOS="422" VPOS="387" WIDTH="131" HEIGHT="39" WC="0.96" CONTENT="lydelse"/><SP WIDTH="17" VPOS="387" HPOS="553"/>
							<String ID="string_21" HPOS="570" VPOS="387" WIDTH="66" HEIGHT="29" WC="0.96" CONTENT="här"/><SP WIDTH="20" VPOS="387" HPOS="636"/>
							<String ID="string_22" HPOS="656" VPOS="386" WIDTH="114" HEIGHT="29" WC="0.93" CONTENT="nedan"/><SP WIDTH="20" VPOS="386" HPOS="770"/>
							<String ID="string_23" HPOS="790" VPOS="394" WIDTH="59" HEIGHT="21" WC="0.91" CONTENT="an-"/>
						</TextLine>
						<TextLine ID="line_4" HPOS="133" VPOS="438" WIDTH="716" HEIGHT="42">
							<String ID="string_24" HPOS="133" VPOS="441" WIDTH="103" HEIGHT="39" WC="0.96" CONTENT="gives,"/><SP WIDTH="17" VPOS="441" HPOS="236"/>
							<String ID="string_25" HPOS="253" VPOS="440" WIDTH="72" HEIGHT="30" WC="0.96" CONTENT="dels"/><SP WIDTH="17" VPOS="440" HPOS="325"/>
							<String ID="string_26" HPOS="342" VPOS="442" WIDTH="51" HEIGHT="28" WC="0.93" CONTENT="att"/><SP WIDTH="15" VPOS="442" HPOS="393"/>
							<String ID="string_27" HPOS="408" VPOS="439" WIDTH="276" HEIGHT="31" WC="0.92" CONTENT="överskrifterna"/><SP WIDTH="17" VPOS="439" HPOS="684"/>
							<String ID="string_28" HPOS="701" VPOS="438" WIDTH="148" HEIGHT="30" WC="0.92" CONTENT="omedel-"/>
						</TextLine>
						<TextLine ID="line_5" HPOS="132" VPOS="492" WIDTH="717" HEIGHT="37">
							<String ID="string_29" HPOS="132" VPOS="494" WIDTH="78" HEIGHT="30" WC="0.96" CONTENT="bart"/><SP WIDTH="17" VPOS="494" HPOS="210"/>
							<String ID="string_30" HPOS="227" VPOS="494" WIDTH="73" HEIGHT="30" WC="0.96" CONTENT="före"/><SP WIDTH="17" VPOS="494" HPOS="300"/>
							<String ID="string_31" HPOS="317" VPOS="494" WIDTH="51" HEIGHT="34" WC="0.96" CONTENT="61,"/><SP WIDTH="17" VPOS="494" HPOS="368"/>
							<String ID="string_32" HPOS="385" VPOS="494" WIDTH="51" HEIGHT="34" WC="0.95" CONTENT="86,"/><SP WIDTH="20" VPOS="494" HPOS="436"/>
							<String ID="string_33" HPOS="456" VPOS="493" WIDTH="60" HEIGHT="30" WC="0.95" CONTENT="112"/><SP WIDTH="17" VPOS="493" HPOS="516"/>
							<String ID="string_34" HPOS="533" VPOS="493" WIDTH="64" HEIGHT="30" WC="0.96" CONTENT="och"/><SP WIDTH="18" VPOS="493" HPOS="597"/>
							<String ID="string_35" HPOS="615" VPOS="492" WIDTH="61" HEIGHT="30" WC="0.96" CONTENT="118"/><SP WIDTH="19" VPOS="492" HPOS="676"/>
							<String ID="string_36" HPOS="695" VPOS="492" WIDTH="37" HEIGHT="37" WC="0.46" CONTENT="$$"/><SP WIDTH="19" VPOS="492" HPOS="732"/>
							<String ID="string_37" HPOS="751" VPOS="492" WIDTH="98" HEIGHT="30" WC="0.96" CONTENT="skola"/>
						</TextLine>
						<TextLine ID="line_6" HPOS="133" VPOS="546" WIDTH="717" HEIGHT="41">
							<String ID="string_38" HPOS="133" VPOS="548" WIDTH="83" HEIGHT="39" WC="0.96" CONTENT="utgå"/><SP WIDTH="24" VPOS="548" HPOS="216"/>
							<String ID="string_39" HPOS="240" VPOS="556" WIDTH="42" HEIGHT="21" WC="0.96" CONTENT="ur"/><SP WIDTH="22" VPOS="556" HPOS="282"/>
							<String ID="string_40" HPOS="304" VPOS="548" WIDTH="111" HEIGHT="39" WC="0.96" CONTENT="lagen,"/><SP WIDTH="25" VPOS="548" HPOS="415"/>
							<String ID="string_41" HPOS="440" VPOS="546" WIDTH="74" HEIGHT="30" WC="0.96" CONTENT="dels"/><SP WIDTH="24" VPOS="546" HPOS="514"/>
							<String ID="string_42" HPOS="538" VPOS="546" WIDTH="64" HEIGHT="30" WC="0.96" CONTENT="ock"/><SP WIDTH="24" VPOS="546" HPOS="602"/>
							<String ID="string_43" HPOS="626" VPOS="548" WIDTH="51" HEIGHT="28" WC="0.93" CONTENT="att"/><SP WIDTH="23" VPOS="548" HPOS="677"/>
							<String ID="string_44" HPOS="700" VPOS="546" WIDTH="150" HEIGHT="29" WC="0.92" CONTENT="omedel-"/>
						</TextLine>
						<TextLine ID="line_7" HPOS="132" VPOS="599" WIDTH="718" HEIGHT="38">
							<String ID="string_45" HPOS="132" VPOS="601" WIDTH="78" HEIGHT="29" WC="0.96" CONTENT="bart"/><SP WIDTH="21" VPOS="601" HPOS="210"/>
							<String ID="string_46" HPOS="231" VPOS="600" WIDTH="150" HEIGHT="31" WC="0.96" CONTENT="framför"/><SP WIDTH="22" VPOS="600" HPOS="381"/>
							<String ID="string_47" HPOS="403" VPOS="600" WIDTH="39" HEIGHT="30" WC="0.95" CONTENT="77"/><SP WIDTH="16" VPOS="600" HPOS="442"/>
							<String ID="string_48" HPOS="458" VPOS="609" WIDTH="20" HEIGHT="21" WC="0.92" CONTENT="a"/><SP WIDTH="23" VPOS="609" HPOS="478"/>
							<String ID="string_49" HPOS="501" VPOS="599" WIDTH="15" HEIGHT="38" WC="0.84" CONTENT="$"/><SP WIDTH="25" VPOS="599" HPOS="516"/>
							<String ID="string_50" HPOS="541" VPOS="600" WIDTH="88" HEIGHT="29" WC="0.95" CONTENT="skall"/><SP WIDTH="22" VPOS="600" HPOS="629"/>
							<String ID="string_51" HPOS="651" VPOS="599" WIDTH="133" HEIGHT="30" WC="0.96" CONTENT="införas"/><SP WIDTH="22" VPOS="599" HPOS="784"/>
							<String ID="string_52" HPOS="806" VPOS="607" WIDTH="44" HEIGHT="21" WC="0.96" CONTENT="en"/>
						</TextLine>
						<TextLine ID="line_8" HPOS="134" VPOS="652" WIDTH="715" HEIGHT="41">
							<String ID="string_53" HPOS="134" VPOS="663" WIDTH="47" HEIGHT="30" WC="0.92" CONTENT="ny"/><SP WIDTH="24" VPOS="663" HPOS="181"/>
							<String ID="string_54" HPOS="205" VPOS="653" WIDTH="188" HEIGHT="31" WC="0.92" CONTENT="överskrift"/><SP WIDTH="27" VPOS="653" HPOS="393"/>
							<String ID="string_55" HPOS="420" VPOS="663" WIDTH="42" HEIGHT="21" WC="0.96" CONTENT="av"/><SP WIDTH="25" VPOS="663" HPOS="462"/>
							<String ID="string_56" HPOS="487" VPOS="653" WIDTH="115" HEIGHT="30" WC="0.96" CONTENT="nedan"/><SP WIDTH="25" VPOS="653" HPOS="602"/>
							<String ID="string_57" HPOS="627" VPOS="652" WIDTH="149" HEIGHT="40" WC="0.93" CONTENT="angiven"/><SP WIDTH="24" VPOS="652" HPOS="776"/>
							<String ID="string_58" HPOS="800" VPOS="652" WIDTH="49" HEIGHT="39" WC="0.92" CONTENT="ly-"/>
						</TextLine>
						<TextLine ID="line_9" HPOS="134" VPOS="707" WIDTH="105" HEIGHT="30">
							<String ID="string_59" HPOS="134" VPOS="707" WIDTH="105" HEIGHT="30" WC="0.95" CONTENT="delse."/>
						</TextLine>
					</TextBlock>
				</ComposedBlock>
				<ComposedBlock ID="cblock_2" HPOS="1561" VPOS="186" WIDTH="60" HEIGHT="30">
					<TextBlock ID="block_3" HPOS="1561" VPOS="186" WIDTH="60" HEIGHT="30">
						<TextLine ID="line_10" HPOS="1561" VPOS="186" WIDTH="60" HEIGHT="30">
							<String ID="string_60" HPOS="1561" VPOS="186" WIDTH="60" HEIGHT="30" WC="0.96" CONTENT="137"/>
						</TextLine>
					</TextBlock>
				</ComposedBlock>
				<ComposedBlock ID="cblock_3" HPOS="1068" VPOS="266" WIDTH="391" HEIGHT="41">
					<TextBlock ID="block_4" HPOS="1068" VPOS="266" WIDTH="391" HEIGHT="41">
						<TextLine ID="line_11" HPOS="1068" VPOS="266" WIDTH="391" HEIGHT="41">
							<String ID="string_61" HPOS="1068" VPOS="268" WIDTH="212" HEIGHT="34" WC="0.96" CONTENT="(Utskottets"/><SP WIDTH="29" VPOS="268" HPOS="1280"/>
							<String ID="string_62" HPOS="1309" VPOS="266" WIDTH="150" HEIGHT="41" WC="0.96" CONTENT="förslag)"/>
						</TextLine>
					</TextBlock>
				</ComposedBlock>
				<ComposedBlock ID="cblock_4" HPOS="906" VPOS="327" WIDTH="718" HEIGHT="417">
					<TextBlock ID="block_5" HPOS="906" VPOS="327" WIDTH="718" HEIGHT="417">
						<TextLine ID="line_12" HPOS="907" VPOS="327" WIDTH="717" HEIGHT="42">
							<String ID="string_63" HPOS="907" VPOS="330" WIDTH="89" HEIGHT="31" WC="0.96" CONTENT="skall"/><SP WIDTH="19" VPOS="330" HPOS="996"/>
							<String ID="string_64" HPOS="1015" VPOS="330" WIDTH="134" HEIGHT="30" WC="0.96" CONTENT="införas"/><SP WIDTH="19" VPOS="330" HPOS="1149"/>
							<String ID="string_65" HPOS="1168" VPOS="339" WIDTH="43" HEIGHT="20" WC="0.96" CONTENT="en"/><SP WIDTH="18" VPOS="339" HPOS="1211"/>
							<String ID="string_66" HPOS="1229" VPOS="338" WIDTH="47" HEIGHT="31" WC="0.96" CONTENT="ny"/><SP WIDTH="17" VPOS="338" HPOS="1276"/>
							<String ID="string_67" HPOS="1293" VPOS="327" WIDTH="175" HEIGHT="41" WC="0.92" CONTENT="paragraf,"/><SP WIDTH="18" VPOS="327" HPOS="1468"/>
							<String ID="string_68" HPOS="1486" VPOS="327" WIDTH="138" HEIGHT="31" WC="0.92" CONTENT="beteck-"/>
						</TextLine>
						<TextLine ID="line_13" HPOS="907" VPOS="382" WIDTH="716" HEIGHT="40">
							<String ID="string_69" HPOS="907" VPOS="384" WIDTH="71" HEIGHT="30" WC="0.96" CONTENT="nad"/><SP WIDTH="27" VPOS="384" HPOS="978"/>
							<String ID="string_70" HPOS="1005" VPOS="384" WIDTH="38" HEIGHT="30" WC="0.85" CONTENT="77"/><SP WIDTH="16" VPOS="384" HPOS="1043"/>
							<String ID="string_71" HPOS="1059" VPOS="393" WIDTH="19" HEIGHT="20" WC="0.85" CONTENT="a"/><SP WIDTH="28" VPOS="393" HPOS="1078"/>
							<String ID="string_72" HPOS="1106" VPOS="383" WIDTH="27" HEIGHT="37" WC="0.94" CONTENT="8,"/><SP WIDTH="28" VPOS="383" HPOS="1133"/>
							<String ID="string_73" HPOS="1161" VPOS="392" WIDTH="42" HEIGHT="21" WC="0.96" CONTENT="av"/><SP WIDTH="24" VPOS="392" HPOS="1203"/>
							<String ID="string_74" HPOS="1227" VPOS="383" WIDTH="67" HEIGHT="29" WC="0.96" CONTENT="den"/><SP WIDTH="26" VPOS="383" HPOS="1294"/>
							<String ID="string_75" HPOS="1320" VPOS="382" WIDTH="129" HEIGHT="40" WC="0.96" CONTENT="lydelse"/><SP WIDTH="26" VPOS="382" HPOS="1449"/>
							<String ID="string_76" HPOS="1475" VPOS="382" WIDTH="65" HEIGHT="29" WC="0.93" CONTENT="här"/><SP WIDTH="26" VPOS="382" HPOS="1540"/>
							<String ID="string_77" HPOS="1566" VPOS="390" WIDTH="57" HEIGHT="20" WC="0.90" CONTENT="ne-"/>
						</TextLine>
						<TextLine ID="line_14" HPOS="906" VPOS="434" WIDTH="717" HEIGHT="43">
							<String ID="string_78" HPOS="906" VPOS="438" WIDTH="71" HEIGHT="29" WC="0.92" CONTENT="dan"/><SP WIDTH="24" VPOS="438" HPOS="977"/>
							<String ID="string_79" HPOS="1001" VPOS="437" WIDTH="150" HEIGHT="40" WC="0.92" CONTENT="angives,"/><SP WIDTH="24" VPOS="437" HPOS="1151"/>
							<String ID="string_80" HPOS="1175" VPOS="436" WIDTH="73" HEIGHT="30" WC="0.96" CONTENT="dels"/><SP WIDTH="25" VPOS="436" HPOS="1248"/>
							<String ID="string_81" HPOS="1273" VPOS="438" WIDTH="51" HEIGHT="27" WC="0.93" CONTENT="att"/><SP WIDTH="24" VPOS="438" HPOS="1324"/>
							<String ID="string_82" HPOS="1348" VPOS="434" WIDTH="275" HEIGHT="32" WC="0.92" CONTENT="överskrifterna"/>
						</TextLine>
						<TextLine ID="line_15" HPOS="907" VPOS="487" WIDTH="716" HEIGHT="36">
							<String ID="string_83" HPOS="907" VPOS="491" WIDTH="214" HEIGHT="30" WC="0.96" CONTENT="omedelbart"/><SP WIDTH="22" VPOS="491" HPOS="1121"/>
							<String ID="string_84" HPOS="1143" VPOS="489" WIDTH="74" HEIGHT="31" WC="0.96" CONTENT="före"/><SP WIDTH="22" VPOS="489" HPOS="1217"/>
							<String ID="string_85" HPOS="1239" VPOS="489" WIDTH="51" HEIGHT="34" WC="0.95" CONTENT="61,"/><SP WIDTH="24" VPOS="489" HPOS="1290"/>
							<String ID="string_86" HPOS="1314" VPOS="489" WIDTH="51" HEIGHT="34" WC="0.96" CONTENT="86,"/><SP WIDTH="25" VPOS="489" HPOS="1365"/>
							<String ID="string_87" HPOS="1390" VPOS="489" WIDTH="60" HEIGHT="29" WC="0.96" CONTENT="112"/><SP WIDTH="23" VPOS="489" HPOS="1450"/>
							<String ID="string_88" HPOS="1473" VPOS="489" WIDTH="65" HEIGHT="29" WC="0.96" CONTENT="och"/><SP WIDTH="24" VPOS="489" HPOS="1538"/>
							<String ID="string_89" HPOS="1562" VPOS="487" WIDTH="61" HEIGHT="30" WC="0.95" CONTENT="118"/>
						</TextLine>
						<TextLine ID="line_16" HPOS="909" VPOS="541" WIDTH="714" HEIGHT="42">
							<String ID="string_90" HPOS="909" VPOS="544" WIDTH="37" HEIGHT="37" WC="0.67" CONTENT="$$"/><SP WIDTH="26" VPOS="544" HPOS="946"/>
							<String ID="string_91" HPOS="972" VPOS="544" WIDTH="98" HEIGHT="30" WC="0.96" CONTENT="skola"/><SP WIDTH="21" VPOS="544" HPOS="1070"/>
							<String ID="string_92" HPOS="1091" VPOS="543" WIDTH="83" HEIGHT="40" WC="0.95" CONTENT="utgå"/><SP WIDTH="21" VPOS="543" HPOS="1174"/>
							<String ID="string_93" HPOS="1195" VPOS="552" WIDTH="41" HEIGHT="21" WC="0.96" CONTENT="ur"/><SP WIDTH="22" VPOS="552" HPOS="1236"/>
							<String ID="string_94" HPOS="1258" VPOS="543" WIDTH="110" HEIGHT="39" WC="0.96" CONTENT="lagen,"/><SP WIDTH="23" VPOS="543" HPOS="1368"/>
							<String ID="string_95" HPOS="1391" VPOS="541" WIDTH="73" HEIGHT="30" WC="0.96" CONTENT="dels"/><SP WIDTH="22" VPOS="541" HPOS="1464"/>
							<String ID="string_96" HPOS="1486" VPOS="541" WIDTH="64" HEIGHT="29" WC="0.96" CONTENT="ock"/><SP WIDTH="23" VPOS="541" HPOS="1550"/>
							<String ID="string_97" HPOS="1573" VPOS="543" WIDTH="50" HEIGHT="28" WC="0.96" CONTENT="att"/>
						</TextLine>
						<TextLine ID="line_17" HPOS="908" VPOS="594" WIDTH="716" HEIGHT="38">
							<String ID="string_98" HPOS="908" VPOS="597" WIDTH="214" HEIGHT="31" WC="0.96" CONTENT="omedelbart"/><SP WIDTH="23" VPOS="597" HPOS="1122"/>
							<String ID="string_99" HPOS="1145" VPOS="595" WIDTH="150" HEIGHT="31" WC="0.96" CONTENT="framför"/><SP WIDTH="25" VPOS="595" HPOS="1295"/>
							<String ID="string_100" HPOS="1320" VPOS="596" WIDTH="38" HEIGHT="29" WC="0.95" CONTENT="77"/><SP WIDTH="16" VPOS="596" HPOS="1358"/>
							<String ID="string_101" HPOS="1374" VPOS="605" WIDTH="20" HEIGHT="20" WC="0.92" CONTENT="a"/><SP WIDTH="25" VPOS="605" HPOS="1394"/>
							<String ID="string_102" HPOS="1419" VPOS="595" WIDTH="15" HEIGHT="37" WC="0.68" CONTENT="$"/><SP WIDTH="27" VPOS="595" HPOS="1434"/>
							<String ID="string_103" HPOS="1461" VPOS="594" WIDTH="89" HEIGHT="31" WC="0.93" CONTENT="skall"/><SP WIDTH="23" VPOS="594" HPOS="1550"/>
							<String ID="string_104" HPOS="1573" VPOS="595" WIDTH="51" HEIGHT="29" WC="0.92" CONTENT="in-"/>
						</TextLine>
						<TextLine ID="line_18" HPOS="907" VPOS="648" WIDTH="717" HEIGHT="41">
							<String ID="string_105" HPOS="907" VPOS="651" WIDTH="95" HEIGHT="30" WC="0.96" CONTENT="föras"/><SP WIDTH="22" VPOS="651" HPOS="1002"/>
							<String ID="string_106" HPOS="1024" VPOS="660" WIDTH="43" HEIGHT="20" WC="0.96" CONTENT="en"/><SP WIDTH="21" VPOS="660" HPOS="1067"/>
							<String ID="string_107" HPOS="1088" VPOS="659" WIDTH="46" HEIGHT="30" WC="0.92" CONTENT="ny"/><SP WIDTH="21" VPOS="659" HPOS="1134"/>
							<String ID="string_108" HPOS="1155" VPOS="649" WIDTH="188" HEIGHT="31" WC="0.90" CONTENT="överskrift"/><SP WIDTH="22" VPOS="649" HPOS="1343"/>
							<String ID="string_109" HPOS="1365" VPOS="658" WIDTH="42" HEIGHT="21" WC="0.96" CONTENT="av"/><SP WIDTH="20" VPOS="658" HPOS="1407"/>
							<String ID="string_110" HPOS="1427" VPOS="648" WIDTH="115" HEIGHT="30" WC="0.92" CONTENT="nedan"/><SP WIDTH="22" VPOS="648" HPOS="1542"/>
							<String ID="string_111" HPOS="1564" VPOS="657" WIDTH="60" HEIGHT="20" WC="0.92" CONTENT="an-"/>
						</TextLine>
						<TextLine ID="line_19" HPOS="907" VPOS="704" WIDTH="259" HEIGHT="40">
							<String ID="string_112" HPOS="907" VPOS="704" WIDTH="101" HEIGHT="40" WC="0.96" CONTENT="given"/><SP WIDTH="18" VPOS="704" HPOS="1008"/>
							<String ID="string_113" HPOS="1026" VPOS="704" WIDTH="140" HEIGHT="39" WC="0.96" CONTENT="lydelse."/>
						</TextLine>
					</TextBlock>
				</ComposedBlock>
				<ComposedBlock ID="cblock_5" HPOS="830" VPOS="801" WIDTH="92" HEIGHT="38">
					<TextBlock ID="block_6" HPOS="830" VPOS="801" WIDTH="92" HEIGHT="38">
						<TextLine ID="line_20" HPOS="830" VPOS="801" WIDTH="92" HEIGHT="38">
							<String ID="string_114" HPOS="830" VPOS="801" WIDTH="43" HEIGHT="31" WC="0.96" CONTENT="48"/><SP WIDTH="21" VPOS="801" HPOS="873"/>
							<String ID="string_115" HPOS="894" VPOS="801" WIDTH="28" HEIGHT="38" WC="0.95" CONTENT="8."/>
						</TextLine>
					</TextBlock>
				</ComposedBlock>
				<ComposedBlock ID="cblock_6" HPOS="133" VPOS="856" WIDTH="721" HEIGHT="1005">
					<TextBlock ID="block_7" HPOS="133" VPOS="856" WIDTH="721" HEIGHT="1005">
						<TextLine ID="line_21" HPOS="179" VPOS="856" WIDTH="674" HEIGHT="50">
							<String ID="string_116" HPOS="179" VPOS="865" WIDTH="356" HEIGHT="41" WC="0.88" CONTENT="Sjukkassemedlem,"/><SP WIDTH="19" VPOS="865" HPOS="535"/>
							<String ID="string_117" HPOS="554" VPOS="865" WIDTH="118" HEIGHT="30" WC="0.96" CONTENT="vilken"/><SP WIDTH="18" VPOS="865" HPOS="672"/>
							<String ID="string_118" HPOS="690" VPOS="864" WIDTH="53" HEIGHT="30" WC="0.95" CONTENT="till"/><SP WIDTH="19" VPOS="864" HPOS="743"/>
							<String ID="string_119" HPOS="762" VPOS="856" WIDTH="91" HEIGHT="46" WC="0.96" CONTENT="följd"/>
						</TextLine>
						<TextLine ID="line_22" HPOS="133" VPOS="917" WIDTH="718" HEIGHT="39">
							<String ID="string_120" HPOS="133" VPOS="929" WIDTH="43" HEIGHT="21" WC="0.96" CONTENT="av"/><SP WIDTH="33" VPOS="929" HPOS="176"/>
							<String ID="string_121" HPOS="209" VPOS="920" WIDTH="133" HEIGHT="30" WC="0.96" CONTENT="studier"/><SP WIDTH="31" VPOS="920" HPOS="342"/>
							<String ID="string_122" HPOS="373" VPOS="919" WIDTH="84" HEIGHT="31" WC="0.96" CONTENT="eller"/><SP WIDTH="33" VPOS="919" HPOS="457"/>
							<String ID="string_123" HPOS="490" VPOS="928" WIDTH="118" HEIGHT="20" WC="0.96" CONTENT="annan"/><SP WIDTH="33" VPOS="928" HPOS="608"/>
							<String ID="string_124" HPOS="641" VPOS="917" WIDTH="210" HEIGHT="39" WC="0.95" CONTENT="utbildning,"/>
						</TextLine>
						<TextLine ID="line_23" HPOS="135" VPOS="970" WIDTH="717" HEIGHT="42">
							<String ID="string_125" HPOS="135" VPOS="982" WIDTH="75" HEIGHT="21" WC="0.96" CONTENT="som"/><SP WIDTH="25" VPOS="982" HPOS="210"/>
							<String ID="string_126" HPOS="235" VPOS="973" WIDTH="174" HEIGHT="30" WC="0.96" CONTENT="beräknas"/><SP WIDTH="25" VPOS="973" HPOS="409"/>
							<String ID="string_127" HPOS="434" VPOS="972" WIDTH="89" HEIGHT="40" WC="0.96" CONTENT="pågå"/><SP WIDTH="26" VPOS="972" HPOS="523"/>
							<String ID="string_128" HPOS="549" VPOS="971" WIDTH="108" HEIGHT="31" WC="0.96" CONTENT="minst"/><SP WIDTH="25" VPOS="971" HPOS="657"/>
							<String ID="string_129" HPOS="682" VPOS="972" WIDTH="49" HEIGHT="29" WC="0.96" CONTENT="ett"/><SP WIDTH="25" VPOS="972" HPOS="731"/>
							<String ID="string_130" HPOS="756" VPOS="970" WIDTH="96" HEIGHT="29" WC="0.96" CONTENT="halvt"/>
						</TextLine>
						<TextLine ID="line_24" HPOS="134" VPOS="1023" WIDTH="718" HEIGHT="42">
							<String ID="string_131" HPOS="134" VPOS="1027" WIDTH="49" HEIGHT="35" WC="0.95" CONTENT="år,"/><SP WIDTH="17" VPOS="1027" HPOS="183"/>
							<String ID="string_132" HPOS="200" VPOS="1027" WIDTH="76" HEIGHT="29" WC="0.96" CONTENT="icke"/><SP WIDTH="18" VPOS="1027" HPOS="276"/>
							<String ID="string_133" HPOS="294" VPOS="1027" WIDTH="83" HEIGHT="29" WC="0.96" CONTENT="eller"/><SP WIDTH="16" VPOS="1027" HPOS="377"/>
							<String ID="string_134" HPOS="393" VPOS="1026" WIDTH="124" HEIGHT="30" WC="0.96" CONTENT="endast"/><SP WIDTH="16" VPOS="1026" HPOS="517"/>
							<String ID="string_135" HPOS="533" VPOS="1026" WIDTH="11" HEIGHT="29" WC="0.96" CONTENT="i"/><SP WIDTH="18" VPOS="1026" HPOS="544"/>
							<String ID="string_136" HPOS="562" VPOS="1026" WIDTH="101" HEIGHT="39" WC="0.93" CONTENT="ringa"/><SP WIDTH="15" VPOS="1026" HPOS="663"/>
							<String ID="string_137" HPOS="678" VPOS="1023" WIDTH="174" HEIGHT="31" WC="0.93" CONTENT="utsträck-"/>
						</TextLine>
						<TextLine ID="line_25" HPOS="134" VPOS="1077" WIDTH="717" HEIGHT="42">
							<String ID="string_138" HPOS="134" VPOS="1080" WIDTH="84" HEIGHT="39" WC="0.96" CONTENT="ning"/><SP WIDTH="38" VPOS="1080" HPOS="218"/>
							<String ID="string_139" HPOS="256" VPOS="1081" WIDTH="109" HEIGHT="38" WC="0.95" CONTENT="ägnar"/><SP WIDTH="37" VPOS="1081" HPOS="365"/>
							<String ID="string_140" HPOS="402" VPOS="1079" WIDTH="53" HEIGHT="40" WC="0.95" CONTENT="sig"/><SP WIDTH="35" VPOS="1079" HPOS="455"/>
							<String ID="string_141" HPOS="490" VPOS="1079" WIDTH="36" HEIGHT="30" WC="0.96" CONTENT="åt"/><SP WIDTH="38" VPOS="1079" HPOS="526"/>
							<String ID="string_142" HPOS="564" VPOS="1077" WIDTH="287" HEIGHT="33" WC="0.95" CONTENT="förvärvsarbete,"/>
						</TextLine>
						<TextLine ID="line_26" HPOS="135" VPOS="1130" WIDTH="718" HEIGHT="43">
							<String ID="string_143" HPOS="135" VPOS="1134" WIDTH="80" HEIGHT="39" WC="0.96" CONTENT="äger"/><SP WIDTH="24" VPOS="1134" HPOS="215"/>
							<String ID="string_144" HPOS="239" VPOS="1133" WIDTH="64" HEIGHT="30" WC="0.96" CONTENT="hos"/><SP WIDTH="25" VPOS="1133" HPOS="303"/>
							<String ID="string_145" HPOS="328" VPOS="1133" WIDTH="68" HEIGHT="30" WC="0.93" CONTENT="den"/><SP WIDTH="25" VPOS="1133" HPOS="396"/>
							<String ID="string_146" HPOS="421" VPOS="1133" WIDTH="193" HEIGHT="39" WC="0.91" CONTENT="sjukkassa"/><SP WIDTH="22" VPOS="1133" HPOS="614"/>
							<String ID="string_147" HPOS="636" VPOS="1131" WIDTH="72" HEIGHT="30" WC="0.95" CONTENT="han"/><SP WIDTH="24" VPOS="1131" HPOS="708"/>
							<String ID="string_148" HPOS="732" VPOS="1130" WIDTH="121" HEIGHT="30" WC="0.95" CONTENT="tillhör"/>
						</TextLine>
						<TextLine ID="line_27" HPOS="135" VPOS="1183" WIDTH="717" HEIGHT="43">
							<String ID="string_149" HPOS="135" VPOS="1194" WIDTH="124" HEIGHT="32" WC="0.96" CONTENT="genom"/><SP WIDTH="18" VPOS="1194" HPOS="259"/>
							<String ID="string_150" HPOS="277" VPOS="1186" WIDTH="166" HEIGHT="39" WC="0.95" CONTENT="frivilliga"/><SP WIDTH="15" VPOS="1186" HPOS="443"/>
							<String ID="string_151" HPOS="458" VPOS="1185" WIDTH="148" HEIGHT="40" WC="0.96" CONTENT="avgifter"/><SP WIDTH="17" VPOS="1185" HPOS="606"/>
							<String ID="string_152" HPOS="623" VPOS="1184" WIDTH="162" HEIGHT="30" WC="0.96" CONTENT="försäkra"/><SP WIDTH="15" VPOS="1184" HPOS="785"/>
							<String ID="string_153" HPOS="800" VPOS="1183" WIDTH="52" HEIGHT="39" WC="0.95" CONTENT="sig"/>
						</TextLine>
						<TextLine ID="line_28" HPOS="135" VPOS="1236" WIDTH="718" HEIGHT="42">
							<String ID="string_154" HPOS="135" VPOS="1240" WIDTH="55" HEIGHT="29" WC="0.96" CONTENT="för"/><SP WIDTH="24" VPOS="1240" HPOS="190"/>
							<String ID="string_155" HPOS="214" VPOS="1239" WIDTH="202" HEIGHT="31" WC="0.96" CONTENT="erhållande"/><SP WIDTH="24" VPOS="1239" HPOS="416"/>
							<String ID="string_156" HPOS="440" VPOS="1248" WIDTH="43" HEIGHT="21" WC="0.96" CONTENT="av"/><SP WIDTH="24" VPOS="1248" HPOS="483"/>
							<String ID="string_157" HPOS="507" VPOS="1237" WIDTH="240" HEIGHT="41" WC="0.96" CONTENT="sjukpenning"/><SP WIDTH="23" VPOS="1237" HPOS="747"/>
							<String ID="string_158" HPOS="770" VPOS="1236" WIDTH="83" HEIGHT="30" WC="0.95" CONTENT="eller"/>
						</TextLine>
						<TextLine ID="line_29" HPOS="135" VPOS="1290" WIDTH="717" HEIGHT="43">
							<String ID="string_159" HPOS="135" VPOS="1293" WIDTH="120" HEIGHT="40" WC="0.96" CONTENT="tillägg"/><SP WIDTH="15" VPOS="1293" HPOS="255"/>
							<String ID="string_160" HPOS="270" VPOS="1294" WIDTH="52" HEIGHT="29" WC="0.96" CONTENT="till"/><SP WIDTH="17" VPOS="1294" HPOS="322"/>
							<String ID="string_161" HPOS="339" VPOS="1294" WIDTH="68" HEIGHT="29" WC="0.96" CONTENT="den"/><SP WIDTH="16" VPOS="1294" HPOS="407"/>
							<String ID="string_162" HPOS="423" VPOS="1292" WIDTH="250" HEIGHT="40" WC="0.95" CONTENT="sjukpenning,"/><SP WIDTH="18" VPOS="1292" HPOS="673"/>
							<String ID="string_163" HPOS="691" VPOS="1299" WIDTH="75" HEIGHT="22" WC="0.96" CONTENT="som"/><SP WIDTH="15" VPOS="1299" HPOS="766"/>
							<String ID="string_164" HPOS="781" VPOS="1290" WIDTH="71" HEIGHT="29" WC="0.96" CONTENT="han"/>
						</TextLine>
						<TextLine ID="line_30" HPOS="136" VPOS="1343" WIDTH="717" HEIGHT="43">
							<String ID="string_165" HPOS="136" VPOS="1347" WIDTH="81" HEIGHT="38" WC="0.96" CONTENT="äger"/><SP WIDTH="13" VPOS="1347" HPOS="217"/>
							<String ID="string_166" HPOS="230" VPOS="1346" WIDTH="159" HEIGHT="40" WC="0.96" CONTENT="uppbära"/><SP WIDTH="12" VPOS="1346" HPOS="389"/>
							<String ID="string_167" HPOS="401" VPOS="1346" WIDTH="46" HEIGHT="39" WC="0.96" CONTENT="på"/><SP WIDTH="14" VPOS="1346" HPOS="447"/>
							<String ID="string_168" HPOS="461" VPOS="1346" WIDTH="113" HEIGHT="39" WC="0.96" CONTENT="grund"/><SP WIDTH="13" VPOS="1346" HPOS="574"/>
							<String ID="string_169" HPOS="587" VPOS="1355" WIDTH="43" HEIGHT="20" WC="0.96" CONTENT="av"/><SP WIDTH="13" VPOS="1355" HPOS="630"/>
							<String ID="string_170" HPOS="643" VPOS="1345" WIDTH="68" HEIGHT="29" WC="0.93" CONTENT="den"/><SP WIDTH="13" VPOS="1345" HPOS="711"/>
							<String ID="string_171" HPOS="724" VPOS="1343" WIDTH="129" HEIGHT="39" WC="0.91" CONTENT="obliga-"/>
						</TextLine>
						<TextLine ID="line_31" HPOS="134" VPOS="1397" WIDTH="718" HEIGHT="41">
							<String ID="string_172" HPOS="134" VPOS="1400" WIDTH="136" HEIGHT="30" WC="0.92" CONTENT="toriska"/><SP WIDTH="35" VPOS="1400" HPOS="270"/>
							<String ID="string_173" HPOS="305" VPOS="1399" WIDTH="256" HEIGHT="39" WC="0.80" CONTENT="försäkringen."/><SP WIDTH="36" VPOS="1399" HPOS="561"/>
							<String ID="string_174" HPOS="597" VPOS="1397" WIDTH="255" HEIGHT="40" WC="0.89" CONTENT="Sjukpenning,"/>
						</TextLine>
						<TextLine ID="line_32" HPOS="136" VPOS="1450" WIDTH="716" HEIGHT="40">
							<String ID="string_175" HPOS="136" VPOS="1462" WIDTH="75" HEIGHT="20" WC="0.96" CONTENT="som"/><SP WIDTH="25" VPOS="1462" HPOS="211"/>
							<String ID="string_176" HPOS="236" VPOS="1462" WIDTH="48" HEIGHT="20" WC="0.96" CONTENT="nu"/><SP WIDTH="25" VPOS="1462" HPOS="284"/>
							<String ID="string_177" HPOS="309" VPOS="1461" WIDTH="110" HEIGHT="26" WC="0.96" CONTENT="avses,"/><SP WIDTH="26" VPOS="1461" HPOS="419"/>
							<String ID="string_178" HPOS="445" VPOS="1452" WIDTH="58" HEIGHT="30" WC="0.95" CONTENT="må"/><SP WIDTH="24" VPOS="1452" HPOS="503"/>
							<String ID="string_179" HPOS="527" VPOS="1451" WIDTH="126" HEIGHT="39" WC="0.96" CONTENT="utgöra"/><SP WIDTH="22" VPOS="1451" HPOS="653"/>
							<String ID="string_180" HPOS="675" VPOS="1452" WIDTH="63" HEIGHT="32" WC="0.96" CONTENT="tre,"/><SP WIDTH="26" VPOS="1452" HPOS="738"/>
							<String ID="string_181" HPOS="764" VPOS="1450" WIDTH="88" HEIGHT="38" WC="0.96" CONTENT="fyra,"/>
						</TextLine>
						<TextLine ID="line_33" HPOS="136" VPOS="1503" WIDTH="718" HEIGHT="40">
							<String ID="string_182" HPOS="136" VPOS="1506" WIDTH="71" HEIGHT="29" WC="0.96" CONTENT="fem"/><SP WIDTH="23" VPOS="1506" HPOS="207"/>
							<String ID="string_183" HPOS="230" VPOS="1506" WIDTH="83" HEIGHT="30" WC="0.96" CONTENT="eller"/><SP WIDTH="23" VPOS="1506" HPOS="313"/>
							<String ID="string_184" HPOS="336" VPOS="1515" WIDTH="59" HEIGHT="20" WC="0.96" CONTENT="sex"/><SP WIDTH="22" VPOS="1515" HPOS="395"/>
							<String ID="string_185" HPOS="417" VPOS="1505" WIDTH="132" HEIGHT="29" WC="0.96" CONTENT="kronor"/><SP WIDTH="23" VPOS="1505" HPOS="549"/>
							<String ID="string_186" HPOS="572" VPOS="1504" WIDTH="56" HEIGHT="30" WC="0.96" CONTENT="för"/><SP WIDTH="22" VPOS="1504" HPOS="628"/>
							<String ID="string_187" HPOS="650" VPOS="1503" WIDTH="76" HEIGHT="40" WC="0.93" CONTENT="dag."/><SP WIDTH="24" VPOS="1503" HPOS="726"/>
							<String ID="string_188" HPOS="750" VPOS="1503" WIDTH="104" HEIGHT="38" WC="0.92" CONTENT="Sjuk-"/>
						</TextLine>
						<TextLine ID="line_34" HPOS="135" VPOS="1556" WIDTH="718" HEIGHT="43">
							<String ID="string_189" HPOS="135" VPOS="1559" WIDTH="286" HEIGHT="40" WC="0.90" CONTENT="penningtillägg,"/><SP WIDTH="28" VPOS="1559" HPOS="421"/>
							<String ID="string_190" HPOS="449" VPOS="1568" WIDTH="77" HEIGHT="20" WC="0.96" CONTENT="som"/><SP WIDTH="27" VPOS="1568" HPOS="526"/>
							<String ID="string_191" HPOS="553" VPOS="1566" WIDTH="83" HEIGHT="31" WC="0.96" CONTENT="nyss"/><SP WIDTH="28" VPOS="1566" HPOS="636"/>
							<String ID="string_192" HPOS="664" VPOS="1558" WIDTH="104" HEIGHT="38" WC="0.96" CONTENT="sagts,"/><SP WIDTH="28" VPOS="1558" HPOS="768"/>
							<String ID="string_193" HPOS="796" VPOS="1556" WIDTH="57" HEIGHT="29" WC="0.96" CONTENT="må"/>
						</TextLine>
						<TextLine ID="line_35" HPOS="136" VPOS="1609" WIDTH="717" HEIGHT="42">
							<String ID="string_194" HPOS="136" VPOS="1613" WIDTH="124" HEIGHT="38" WC="0.96" CONTENT="utgöra"/><SP WIDTH="27" VPOS="1613" HPOS="260"/>
							<String ID="string_195" HPOS="287" VPOS="1622" WIDTH="52" HEIGHT="25" WC="0.95" CONTENT="en,"/><SP WIDTH="28" VPOS="1622" HPOS="339"/>
							<String ID="string_196" HPOS="367" VPOS="1612" WIDTH="59" HEIGHT="30" WC="0.96" CONTENT="två"/><SP WIDTH="27" VPOS="1612" HPOS="426"/>
							<String ID="string_197" HPOS="453" VPOS="1612" WIDTH="83" HEIGHT="29" WC="0.96" CONTENT="eller"/><SP WIDTH="26" VPOS="1612" HPOS="536"/>
							<String ID="string_198" HPOS="562" VPOS="1613" WIDTH="52" HEIGHT="27" WC="0.96" CONTENT="tre"/><SP WIDTH="26" VPOS="1613" HPOS="614"/>
							<String ID="string_199" HPOS="640" VPOS="1610" WIDTH="133" HEIGHT="29" WC="0.96" CONTENT="kronor"/><SP WIDTH="25" VPOS="1610" HPOS="773"/>
							<String ID="string_200" HPOS="798" VPOS="1609" WIDTH="55" HEIGHT="29" WC="0.96" CONTENT="för"/>
						</TextLine>
						<TextLine ID="line_36" HPOS="136" VPOS="1662" WIDTH="716" HEIGHT="43">
							<String ID="string_201" HPOS="136" VPOS="1666" WIDTH="76" HEIGHT="39" WC="0.95" CONTENT="dag,"/><SP WIDTH="20" VPOS="1666" HPOS="212"/>
							<String ID="string_202" HPOS="232" VPOS="1666" WIDTH="89" HEIGHT="29" WC="0.96" CONTENT="dock"/><SP WIDTH="19" VPOS="1666" HPOS="321"/>
							<String ID="string_203" HPOS="340" VPOS="1666" WIDTH="102" HEIGHT="38" WC="0.96" CONTENT="högst"/><SP WIDTH="19" VPOS="1666" HPOS="442"/>
							<String ID="string_204" HPOS="461" VPOS="1665" WIDTH="57" HEIGHT="30" WC="0.96" CONTENT="det"/><SP WIDTH="20" VPOS="1665" HPOS="518"/>
							<String ID="string_205" HPOS="538" VPOS="1673" WIDTH="41" HEIGHT="21" WC="0.96" CONTENT="av"/><SP WIDTH="18" VPOS="1673" HPOS="579"/>
							<String ID="string_206" HPOS="597" VPOS="1664" WIDTH="102" HEIGHT="29" WC="0.96" CONTENT="dessa"/><SP WIDTH="18" VPOS="1664" HPOS="699"/>
							<String ID="string_207" HPOS="717" VPOS="1662" WIDTH="135" HEIGHT="40" WC="0.95" CONTENT="belopp,"/>
						</TextLine>
						<TextLine ID="line_37" HPOS="137" VPOS="1716" WIDTH="717" HEIGHT="32">
							<String ID="string_208" HPOS="137" VPOS="1728" WIDTH="74" HEIGHT="20" WC="0.96" CONTENT="som"/><SP WIDTH="15" VPOS="1728" HPOS="211"/>
							<String ID="string_209" HPOS="226" VPOS="1721" WIDTH="197" HEIGHT="27" WC="0.96" CONTENT="motsvarar"/><SP WIDTH="15" VPOS="1721" HPOS="423"/>
							<String ID="string_210" HPOS="438" VPOS="1717" WIDTH="198" HEIGHT="31" WC="0.96" CONTENT="skillnaden"/><SP WIDTH="15" VPOS="1717" HPOS="636"/>
							<String ID="string_211" HPOS="651" VPOS="1716" WIDTH="128" HEIGHT="30" WC="0.96" CONTENT="mellan"/><SP WIDTH="14" VPOS="1716" HPOS="779"/>
							<String ID="string_212" HPOS="793" VPOS="1725" WIDTH="61" HEIGHT="20" WC="0.96" CONTENT="sex"/>
						</TextLine>
						<TextLine ID="line_38" HPOS="133" VPOS="1769" WIDTH="719" HEIGHT="42">
							<String ID="string_213" HPOS="133" VPOS="1772" WIDTH="131" HEIGHT="29" WC="0.95" CONTENT="kronor"/><SP WIDTH="20" VPOS="1772" HPOS="264"/>
							<String ID="string_214" HPOS="284" VPOS="1772" WIDTH="65" HEIGHT="29" WC="0.93" CONTENT="och"/><SP WIDTH="20" VPOS="1772" HPOS="349"/>
							<String ID="string_215" HPOS="369" VPOS="1771" WIDTH="285" HEIGHT="40" WC="0.91" CONTENT="sjukpenningen"/><SP WIDTH="20" VPOS="1771" HPOS="654"/>
							<String ID="string_216" HPOS="674" VPOS="1770" WIDTH="46" HEIGHT="40" WC="0.96" CONTENT="på"/><SP WIDTH="19" VPOS="1770" HPOS="720"/>
							<String ID="string_217" HPOS="739" VPOS="1769" WIDTH="113" HEIGHT="40" WC="0.95" CONTENT="grund"/>
						</TextLine>
						<TextLine ID="line_39" HPOS="134" VPOS="1821" WIDTH="677" HEIGHT="40">
							<String ID="string_218" HPOS="134" VPOS="1832" WIDTH="43" HEIGHT="20" WC="0.96" CONTENT="av"/><SP WIDTH="19" VPOS="1832" HPOS="177"/>
							<String ID="string_219" HPOS="196" VPOS="1823" WIDTH="68" HEIGHT="29" WC="0.96" CONTENT="den"/><SP WIDTH="20" VPOS="1823" HPOS="264"/>
							<String ID="string_220" HPOS="284" VPOS="1822" WIDTH="250" HEIGHT="39" WC="0.96" CONTENT="obligatoriska"/><SP WIDTH="21" VPOS="1822" HPOS="534"/>
							<String ID="string_221" HPOS="555" VPOS="1821" WIDTH="256" HEIGHT="39" WC="0.96" CONTENT="försäkringen."/>
						</TextLine>
					</TextBlock>
				</ComposedBlock>
				<ComposedBlock ID="cblock_7" HPOS="183" VPOS="1980" WIDTH="674" HEIGHT="40">
					<TextBlock ID="block_8" HPOS="183" VPOS="1980" WIDTH="674" HEIGHT="40">
						<TextLine ID="line_40" HPOS="183" VPOS="1980" WIDTH="674" HEIGHT="40">
							<String ID="string_222" HPOS="183" VPOS="1981" WIDTH="244" HEIGHT="39" WC="0.92" CONTENT="Sjukpenning"/><SP WIDTH="14" VPOS="1981" HPOS="427"/>
							<String ID="string_223" HPOS="441" VPOS="1980" WIDTH="82" HEIGHT="30" WC="0.92" CONTENT="eller"/><SP WIDTH="43" VPOS="1980" HPOS="523"/>
							<String ID="string_224" HPOS="566" VPOS="1997" WIDTH="120" HEIGHT="4" WC="0.52" CONTENT="———"/><SP WIDTH="24" VPOS="1997" HPOS="686"/>
							<String ID="string_225" HPOS="710" VPOS="1997" WIDTH="85" HEIGHT="3" WC="0.52" CONTENT="——"/><SP WIDTH="27" VPOS="1997" HPOS="795"/>
							<String ID="string_226" HPOS="822" VPOS="1997" WIDTH="35" HEIGHT="3" WC="0.72" CONTENT="—"/>
						</TextLine>
					</TextBlock>
				</ComposedBlock>
				<ComposedBlock ID="cblock_8" HPOS="907" VPOS="859" WIDTH="722" HEIGHT="1105">
					<TextBlock ID="block_9" HPOS="907" VPOS="859" WIDTH="722" HEIGHT="1105">
						<TextLine ID="line_41" HPOS="953" VPOS="859" WIDTH="673" HEIGHT="43">
							<String ID="string_227" HPOS="953" VPOS="861" WIDTH="355" HEIGHT="41" WC="0.92" CONTENT="Sjukkassemedlem,"/><SP WIDTH="20" VPOS="861" HPOS="1308"/>
							<String ID="string_228" HPOS="1328" VPOS="861" WIDTH="118" HEIGHT="30" WC="0.96" CONTENT="vilken"/><SP WIDTH="17" VPOS="861" HPOS="1446"/>
							<String ID="string_229" HPOS="1463" VPOS="859" WIDTH="53" HEIGHT="32" WC="0.96" CONTENT="till"/><SP WIDTH="19" VPOS="859" HPOS="1516"/>
							<String ID="string_230" HPOS="1535" VPOS="859" WIDTH="91" HEIGHT="39" WC="0.96" CONTENT="följd"/>
						</TextLine>
						<TextLine ID="line_42" HPOS="909" VPOS="912" WIDTH="715" HEIGHT="39">
							<String ID="string_231" HPOS="909" VPOS="926" WIDTH="42" HEIGHT="20" WC="0.96" CONTENT="av"/><SP WIDTH="33" VPOS="926" HPOS="951"/>
							<String ID="string_232" HPOS="984" VPOS="916" WIDTH="134" HEIGHT="30" WC="0.96" CONTENT="studier"/><SP WIDTH="32" VPOS="916" HPOS="1118"/>
							<String ID="string_233" HPOS="1150" VPOS="915" WIDTH="83" HEIGHT="30" WC="0.96" CONTENT="eller"/><SP WIDTH="32" VPOS="915" HPOS="1233"/>
							<String ID="string_234" HPOS="1265" VPOS="924" WIDTH="118" HEIGHT="20" WC="0.96" CONTENT="annan"/><SP WIDTH="32" VPOS="924" HPOS="1383"/>
							<String ID="string_235" HPOS="1415" VPOS="912" WIDTH="209" HEIGHT="39" WC="0.96" CONTENT="utbildning,"/>
						</TextLine>
						<TextLine ID="line_43" HPOS="908" VPOS="965" WIDTH="718" HEIGHT="42">
							<String ID="string_236" HPOS="908" VPOS="979" WIDTH="77" HEIGHT="20" WC="0.96" CONTENT="som"/><SP WIDTH="25" VPOS="979" HPOS="985"/>
							<String ID="string_237" HPOS="1010" VPOS="969" WIDTH="173" HEIGHT="30" WC="0.96" CONTENT="beräknas"/><SP WIDTH="25" VPOS="969" HPOS="1183"/>
							<String ID="string_238" HPOS="1208" VPOS="967" WIDTH="90" HEIGHT="40" WC="0.96" CONTENT="pågå"/><SP WIDTH="24" VPOS="967" HPOS="1298"/>
							<String ID="string_239" HPOS="1322" VPOS="967" WIDTH="109" HEIGHT="30" WC="0.95" CONTENT="minst"/><SP WIDTH="25" VPOS="967" HPOS="1431"/>
							<String ID="string_240" HPOS="1456" VPOS="968" WIDTH="48" HEIGHT="28" WC="0.96" CONTENT="ett"/><SP WIDTH="25" VPOS="968" HPOS="1504"/>
							<String ID="string_241" HPOS="1529" VPOS="965" WIDTH="97" HEIGHT="30" WC="0.96" CONTENT="halvt"/>
						</TextLine>
						<TextLine ID="line_44" HPOS="908" VPOS="1019" WIDTH="718" HEIGHT="40">
							<String ID="string_242" HPOS="908" VPOS="1023" WIDTH="49" HEIGHT="34" WC="0.96" CONTENT="år,"/><SP WIDTH="18" VPOS="1023" HPOS="957"/>
							<String ID="string_243" HPOS="975" VPOS="1023" WIDTH="77" HEIGHT="30" WC="0.95" CONTENT="icke"/><SP WIDTH="16" VPOS="1023" HPOS="1052"/>
							<String ID="string_244" HPOS="1068" VPOS="1022" WIDTH="83" HEIGHT="30" WC="0.96" CONTENT="eller"/><SP WIDTH="16" VPOS="1022" HPOS="1151"/>
							<String ID="string_245" HPOS="1167" VPOS="1021" WIDTH="123" HEIGHT="31" WC="0.96" CONTENT="endast"/><SP WIDTH="16" VPOS="1021" HPOS="1290"/>
							<String ID="string_246" HPOS="1306" VPOS="1022" WIDTH="12" HEIGHT="30" WC="0.96" CONTENT="i"/><SP WIDTH="15" VPOS="1022" HPOS="1318"/>
							<String ID="string_247" HPOS="1333" VPOS="1021" WIDTH="103" HEIGHT="38" WC="0.92" CONTENT="ringa"/><SP WIDTH="15" VPOS="1021" HPOS="1436"/>
							<String ID="string_248" HPOS="1451" VPOS="1019" WIDTH="175" HEIGHT="30" WC="0.92" CONTENT="utsträck-"/>
						</TextLine>
						<TextLine ID="line_45" HPOS="910" VPOS="1072" WIDTH="715" HEIGHT="43">
							<String ID="string_249" HPOS="910" VPOS="1076" WIDTH="87" HEIGHT="39" WC="0.96" CONTENT="ning"/><SP WIDTH="36" VPOS="1076" HPOS="997"/>
							<String ID="string_250" HPOS="1033" VPOS="1077" WIDTH="107" HEIGHT="38" WC="0.96" CONTENT="ägnar"/><SP WIDTH="36" VPOS="1077" HPOS="1140"/>
							<String ID="string_251" HPOS="1176" VPOS="1075" WIDTH="52" HEIGHT="39" WC="0.96" CONTENT="sig"/><SP WIDTH="35" VPOS="1075" HPOS="1228"/>
							<String ID="string_252" HPOS="1263" VPOS="1074" WIDTH="37" HEIGHT="30" WC="0.96" CONTENT="åt"/><SP WIDTH="35" VPOS="1074" HPOS="1300"/>
							<String ID="string_253" HPOS="1335" VPOS="1072" WIDTH="290" HEIGHT="34" WC="0.96" CONTENT="förvärvsarbete,"/>
						</TextLine>
						<TextLine ID="line_46" HPOS="909" VPOS="1125" WIDTH="718" HEIGHT="43">
							<String ID="string_254" HPOS="909" VPOS="1130" WIDTH="82" HEIGHT="38" WC="0.96" CONTENT="äger"/><SP WIDTH="23" VPOS="1130" HPOS="991"/>
							<String ID="string_255" HPOS="1014" VPOS="1129" WIDTH="64" HEIGHT="30" WC="0.96" CONTENT="hos"/><SP WIDTH="25" VPOS="1129" HPOS="1078"/>
							<String ID="string_256" HPOS="1103" VPOS="1128" WIDTH="67" HEIGHT="30" WC="0.92" CONTENT="den"/><SP WIDTH="25" VPOS="1128" HPOS="1170"/>
							<String ID="string_257" HPOS="1195" VPOS="1127" WIDTH="193" HEIGHT="40" WC="0.92" CONTENT="sjukkassa"/><SP WIDTH="23" VPOS="1127" HPOS="1388"/>
							<String ID="string_258" HPOS="1411" VPOS="1127" WIDTH="71" HEIGHT="29" WC="0.96" CONTENT="han"/><SP WIDTH="24" VPOS="1127" HPOS="1482"/>
							<String ID="string_259" HPOS="1506" VPOS="1125" WIDTH="121" HEIGHT="30" WC="0.95" CONTENT="tillhör"/>
						</TextLine>
						<TextLine ID="line_47" HPOS="907" VPOS="1179" WIDTH="720" HEIGHT="43">
							<String ID="string_260" HPOS="907" VPOS="1190" WIDTH="125" HEIGHT="32" WC="0.96" CONTENT="genom"/><SP WIDTH="40" VPOS="1190" HPOS="1032"/>
							<String ID="string_261" HPOS="1072" VPOS="1181" WIDTH="165" HEIGHT="40" WC="0.84" CONTENT="frivilliga"/><SP WIDTH="39" VPOS="1181" HPOS="1237"/>
							<String ID="string_262" HPOS="1276" VPOS="1180" WIDTH="148" HEIGHT="40" WC="0.96" CONTENT="avgifter"/><SP WIDTH="39" VPOS="1180" HPOS="1424"/>
							<String ID="string_263" HPOS="1463" VPOS="1179" WIDTH="164" HEIGHT="31" WC="0.95" CONTENT="försäkra"/>
						</TextLine>
						<TextLine ID="line_48" HPOS="910" VPOS="1231" WIDTH="716" HEIGHT="43">
							<String ID="string_264" HPOS="910" VPOS="1235" WIDTH="52" HEIGHT="39" WC="0.96" CONTENT="sig"/><SP WIDTH="32" VPOS="1235" HPOS="962"/>
							<String ID="string_265" HPOS="994" VPOS="1235" WIDTH="55" HEIGHT="29" WC="0.96" CONTENT="för"/><SP WIDTH="31" VPOS="1235" HPOS="1049"/>
							<String ID="string_266" HPOS="1080" VPOS="1233" WIDTH="202" HEIGHT="31" WC="0.96" CONTENT="erhållande"/><SP WIDTH="30" VPOS="1233" HPOS="1282"/>
							<String ID="string_267" HPOS="1312" VPOS="1242" WIDTH="43" HEIGHT="22" WC="0.96" CONTENT="av"/><SP WIDTH="32" VPOS="1242" HPOS="1355"/>
							<String ID="string_268" HPOS="1387" VPOS="1231" WIDTH="239" HEIGHT="41" WC="0.96" CONTENT="sjukpenning"/>
						</TextLine>
						<TextLine ID="line_49" HPOS="910" VPOS="1286" WIDTH="715" HEIGHT="41">
							<String ID="string_269" HPOS="910" VPOS="1289" WIDTH="83" HEIGHT="29" WC="0.95" CONTENT="eller"/><SP WIDTH="35" VPOS="1289" HPOS="993"/>
							<String ID="string_270" HPOS="1028" VPOS="1288" WIDTH="120" HEIGHT="39" WC="0.96" CONTENT="tillägg"/><SP WIDTH="35" VPOS="1288" HPOS="1148"/>
							<String ID="string_271" HPOS="1183" VPOS="1287" WIDTH="53" HEIGHT="30" WC="0.96" CONTENT="till"/><SP WIDTH="34" VPOS="1287" HPOS="1236"/>
							<String ID="string_272" HPOS="1270" VPOS="1287" WIDTH="70" HEIGHT="30" WC="0.96" CONTENT="den"/><SP WIDTH="36" VPOS="1287" HPOS="1340"/>
							<String ID="string_273" HPOS="1376" VPOS="1286" WIDTH="249" HEIGHT="40" WC="0.96" CONTENT="sjukpenning,"/>
						</TextLine>
						<TextLine ID="line_50" HPOS="909" VPOS="1337" WIDTH="719" HEIGHT="43">
							<String ID="string_274" HPOS="909" VPOS="1350" WIDTH="76" HEIGHT="21" WC="0.96" CONTENT="som"/><SP WIDTH="22" VPOS="1350" HPOS="985"/>
							<String ID="string_275" HPOS="1007" VPOS="1341" WIDTH="71" HEIGHT="29" WC="0.96" CONTENT="han"/><SP WIDTH="22" VPOS="1341" HPOS="1078"/>
							<String ID="string_276" HPOS="1100" VPOS="1341" WIDTH="81" HEIGHT="39" WC="0.96" CONTENT="äger"/><SP WIDTH="21" VPOS="1341" HPOS="1181"/>
							<String ID="string_277" HPOS="1202" VPOS="1340" WIDTH="160" HEIGHT="39" WC="0.96" CONTENT="uppbära"/><SP WIDTH="21" VPOS="1340" HPOS="1362"/>
							<String ID="string_278" HPOS="1383" VPOS="1340" WIDTH="45" HEIGHT="39" WC="0.95" CONTENT="på"/><SP WIDTH="21" VPOS="1340" HPOS="1428"/>
							<String ID="string_279" HPOS="1449" VPOS="1337" WIDTH="114" HEIGHT="41" WC="0.96" CONTENT="grund"/><SP WIDTH="22" VPOS="1337" HPOS="1563"/>
							<String ID="string_280" HPOS="1585" VPOS="1346" WIDTH="43" HEIGHT="21" WC="0.96" CONTENT="av"/>
						</TextLine>
						<TextLine ID="line_51" HPOS="913" VPOS="1391" WIDTH="713" HEIGHT="42">
							<String ID="string_281" HPOS="913" VPOS="1395" WIDTH="67" HEIGHT="29" WC="0.96" CONTENT="den"/><SP WIDTH="70" VPOS="1395" HPOS="980"/>
							<String ID="string_282" HPOS="1050" VPOS="1393" WIDTH="250" HEIGHT="40" WC="0.41" CONTENT="«obligatoriska"/><SP WIDTH="69" VPOS="1393" HPOS="1300"/>
							<String ID="string_283" HPOS="1369" VPOS="1391" WIDTH="257" HEIGHT="39" WC="0.56" CONTENT="försäkringen."/>
						</TextLine>
						<TextLine ID="line_52" HPOS="910" VPOS="1444" WIDTH="718" HEIGHT="42">
							<String ID="string_284" HPOS="910" VPOS="1446" WIDTH="255" HEIGHT="40" WC="0.91" CONTENT="Sjukpenning,"/><SP WIDTH="23" VPOS="1446" HPOS="1165"/>
							<String ID="string_285" HPOS="1188" VPOS="1455" WIDTH="78" HEIGHT="21" WC="0.96" CONTENT="som"/><SP WIDTH="22" VPOS="1455" HPOS="1266"/>
							<String ID="string_286" HPOS="1288" VPOS="1455" WIDTH="50" HEIGHT="20" WC="0.96" CONTENT="nu"/><SP WIDTH="21" VPOS="1455" HPOS="1338"/>
							<String ID="string_287" HPOS="1359" VPOS="1454" WIDTH="111" HEIGHT="26" WC="0.96" CONTENT="avses,"/><SP WIDTH="23" VPOS="1454" HPOS="1470"/>
							<String ID="string_288" HPOS="1493" VPOS="1444" WIDTH="59" HEIGHT="29" WC="0.89" CONTENT="må"/><SP WIDTH="22" VPOS="1444" HPOS="1552"/>
							<String ID="string_289" HPOS="1574" VPOS="1445" WIDTH="54" HEIGHT="28" WC="0.89" CONTENT="ut-"/>
						</TextLine>
						<TextLine ID="line_53" HPOS="912" VPOS="1498" WIDTH="715" HEIGHT="42">
							<String ID="string_290" HPOS="912" VPOS="1502" WIDTH="85" HEIGHT="38" WC="0.96" CONTENT="göra"/><SP WIDTH="29" VPOS="1502" HPOS="997"/>
							<String ID="string_291" HPOS="1026" VPOS="1503" WIDTH="62" HEIGHT="31" WC="0.96" CONTENT="tre,"/><SP WIDTH="32" VPOS="1503" HPOS="1088"/>
							<String ID="string_292" HPOS="1120" VPOS="1499" WIDTH="88" HEIGHT="41" WC="0.95" CONTENT="fyra,"/><SP WIDTH="32" VPOS="1499" HPOS="1208"/>
							<String ID="string_293" HPOS="1240" VPOS="1499" WIDTH="81" HEIGHT="35" WC="0.96" CONTENT="fem,"/><SP WIDTH="30" VPOS="1499" HPOS="1321"/>
							<String ID="string_294" HPOS="1351" VPOS="1508" WIDTH="72" HEIGHT="25" WC="0.96" CONTENT="sex,"/><SP WIDTH="31" VPOS="1508" HPOS="1423"/>
							<String ID="string_295" HPOS="1454" VPOS="1498" WIDTH="59" HEIGHT="40" WC="0.96" CONTENT="sju"/><SP WIDTH="31" VPOS="1498" HPOS="1513"/>
							<String ID="string_296" HPOS="1544" VPOS="1498" WIDTH="83" HEIGHT="30" WC="0.95" CONTENT="eller"/>
						</TextLine>
						<TextLine ID="line_54" HPOS="910" VPOS="1550" WIDTH="718" HEIGHT="42">
							<String ID="string_297" HPOS="910" VPOS="1554" WIDTH="73" HEIGHT="30" WC="0.95" CONTENT="åtta"/><SP WIDTH="30" VPOS="1554" HPOS="983"/>
							<String ID="string_298" HPOS="1013" VPOS="1554" WIDTH="131" HEIGHT="29" WC="0.95" CONTENT="kronor"/><SP WIDTH="30" VPOS="1554" HPOS="1144"/>
							<String ID="string_299" HPOS="1174" VPOS="1553" WIDTH="56" HEIGHT="29" WC="0.96" CONTENT="för"/><SP WIDTH="30" VPOS="1553" HPOS="1230"/>
							<String ID="string_300" HPOS="1260" VPOS="1552" WIDTH="75" HEIGHT="40" WC="0.93" CONTENT="dag."/><SP WIDTH="33" VPOS="1552" HPOS="1335"/>
							<String ID="string_301" HPOS="1368" VPOS="1550" WIDTH="260" HEIGHT="41" WC="0.92" CONTENT="Sjukpenning-"/>
						</TextLine>
						<TextLine ID="line_55" HPOS="910" VPOS="1603" WIDTH="719" HEIGHT="43">
							<String ID="string_302" HPOS="910" VPOS="1606" WIDTH="130" HEIGHT="40" WC="0.96" CONTENT="tillägg,"/><SP WIDTH="30" VPOS="1606" HPOS="1040"/>
							<String ID="string_303" HPOS="1070" VPOS="1615" WIDTH="75" HEIGHT="21" WC="0.96" CONTENT="som"/><SP WIDTH="28" VPOS="1615" HPOS="1145"/>
							<String ID="string_304" HPOS="1173" VPOS="1614" WIDTH="83" HEIGHT="31" WC="0.96" CONTENT="nyss"/><SP WIDTH="29" VPOS="1614" HPOS="1256"/>
							<String ID="string_305" HPOS="1285" VPOS="1607" WIDTH="104" HEIGHT="37" WC="0.96" CONTENT="sagts,"/><SP WIDTH="30" VPOS="1607" HPOS="1389"/>
							<String ID="string_306" HPOS="1419" VPOS="1605" WIDTH="57" HEIGHT="29" WC="0.96" CONTENT="må"/><SP WIDTH="28" VPOS="1605" HPOS="1476"/>
							<String ID="string_307" HPOS="1504" VPOS="1603" WIDTH="125" HEIGHT="39" WC="0.96" CONTENT="utgöra"/>
						</TextLine>
						<TextLine ID="line_56" HPOS="910" VPOS="1657" WIDTH="718" HEIGHT="42">
							<String ID="string_308" HPOS="910" VPOS="1669" WIDTH="54" HEIGHT="26" WC="0.96" CONTENT="en,"/><SP WIDTH="29" VPOS="1669" HPOS="964"/>
							<String ID="string_309" HPOS="993" VPOS="1660" WIDTH="67" HEIGHT="35" WC="0.96" CONTENT="två,"/><SP WIDTH="29" VPOS="1660" HPOS="1060"/>
							<String ID="string_310" HPOS="1089" VPOS="1661" WIDTH="62" HEIGHT="33" WC="0.96" CONTENT="tre,"/><SP WIDTH="29" VPOS="1661" HPOS="1151"/>
							<String ID="string_311" HPOS="1180" VPOS="1659" WIDTH="79" HEIGHT="40" WC="0.95" CONTENT="fyra"/><SP WIDTH="28" VPOS="1659" HPOS="1259"/>
							<String ID="string_312" HPOS="1287" VPOS="1659" WIDTH="84" HEIGHT="29" WC="0.95" CONTENT="eller"/><SP WIDTH="26" VPOS="1659" HPOS="1371"/>
							<String ID="string_313" HPOS="1397" VPOS="1658" WIDTH="70" HEIGHT="40" WC="0.96" CONTENT="fem"/><SP WIDTH="29" VPOS="1658" HPOS="1467"/>
							<String ID="string_314" HPOS="1496" VPOS="1657" WIDTH="132" HEIGHT="29" WC="0.94" CONTENT="kronor"/>
						</TextLine>
						<TextLine ID="line_57" HPOS="910" VPOS="1710" WIDTH="718" HEIGHT="42">
							<String ID="string_315" HPOS="910" VPOS="1713" WIDTH="56" HEIGHT="30" WC="0.96" CONTENT="för"/><SP WIDTH="19" VPOS="1713" HPOS="966"/>
							<String ID="string_316" HPOS="985" VPOS="1713" WIDTH="76" HEIGHT="39" WC="0.96" CONTENT="dag,"/><SP WIDTH="21" VPOS="1713" HPOS="1061"/>
							<String ID="string_317" HPOS="1082" VPOS="1713" WIDTH="90" HEIGHT="29" WC="0.96" CONTENT="dock"/><SP WIDTH="18" VPOS="1713" HPOS="1172"/>
							<String ID="string_318" HPOS="1190" VPOS="1713" WIDTH="102" HEIGHT="38" WC="0.96" CONTENT="högst"/><SP WIDTH="20" VPOS="1713" HPOS="1292"/>
							<String ID="string_319" HPOS="1312" VPOS="1712" WIDTH="58" HEIGHT="30" WC="0.96" CONTENT="det"/><SP WIDTH="20" VPOS="1712" HPOS="1370"/>
							<String ID="string_320" HPOS="1390" VPOS="1720" WIDTH="43" HEIGHT="21" WC="0.96" CONTENT="av"/><SP WIDTH="18" VPOS="1720" HPOS="1433"/>
							<String ID="string_321" HPOS="1451" VPOS="1711" WIDTH="103" HEIGHT="29" WC="0.93" CONTENT="dessa"/><SP WIDTH="17" VPOS="1711" HPOS="1554"/>
							<String ID="string_322" HPOS="1571" VPOS="1710" WIDTH="57" HEIGHT="29" WC="0.92" CONTENT="be-"/>
						</TextLine>
						<TextLine ID="line_58" HPOS="909" VPOS="1763" WIDTH="720" HEIGHT="42">
							<String ID="string_323" HPOS="909" VPOS="1766" WIDTH="93" HEIGHT="39" WC="0.95" CONTENT="lopp,"/><SP WIDTH="20" VPOS="1766" HPOS="1002"/>
							<String ID="string_324" HPOS="1022" VPOS="1775" WIDTH="75" HEIGHT="21" WC="0.96" CONTENT="som"/><SP WIDTH="18" VPOS="1775" HPOS="1097"/>
							<String ID="string_325" HPOS="1115" VPOS="1767" WIDTH="196" HEIGHT="28" WC="0.96" CONTENT="motsvarar"/><SP WIDTH="18" VPOS="1767" HPOS="1311"/>
							<String ID="string_326" HPOS="1329" VPOS="1763" WIDTH="198" HEIGHT="31" WC="0.92" CONTENT="skillnaden"/><SP WIDTH="17" VPOS="1763" HPOS="1527"/>
							<String ID="string_327" HPOS="1544" VPOS="1763" WIDTH="85" HEIGHT="29" WC="0.90" CONTENT="mel-"/>
						</TextLine>
						<TextLine ID="line_59" HPOS="909" VPOS="1816" WIDTH="718" HEIGHT="41">
							<String ID="string_328" HPOS="909" VPOS="1819" WIDTH="61" HEIGHT="30" WC="0.95" CONTENT="lan"/><SP WIDTH="25" VPOS="1819" HPOS="970"/>
							<String ID="string_329" HPOS="995" VPOS="1819" WIDTH="72" HEIGHT="30" WC="0.96" CONTENT="åtta"/><SP WIDTH="27" VPOS="1819" HPOS="1067"/>
							<String ID="string_330" HPOS="1094" VPOS="1819" WIDTH="131" HEIGHT="29" WC="0.96" CONTENT="kronor"/><SP WIDTH="26" VPOS="1819" HPOS="1225"/>
							<String ID="string_331" HPOS="1251" VPOS="1818" WIDTH="65" HEIGHT="29" WC="0.93" CONTENT="och"/><SP WIDTH="27" VPOS="1818" HPOS="1316"/>
							<String ID="string_332" HPOS="1343" VPOS="1816" WIDTH="284" HEIGHT="41" WC="0.91" CONTENT="sjukpenningen"/>
						</TextLine>
						<TextLine ID="line_60" HPOS="910" VPOS="1869" WIDTH="719" HEIGHT="42">
							<String ID="string_333" HPOS="910" VPOS="1872" WIDTH="45" HEIGHT="39" WC="0.96" CONTENT="på"/><SP WIDTH="26" VPOS="1872" HPOS="955"/>
							<String ID="string_334" HPOS="981" VPOS="1872" WIDTH="114" HEIGHT="38" WC="0.96" CONTENT="grund"/><SP WIDTH="26" VPOS="1872" HPOS="1095"/>
							<String ID="string_335" HPOS="1121" VPOS="1881" WIDTH="42" HEIGHT="20" WC="0.96" CONTENT="av"/><SP WIDTH="26" VPOS="1881" HPOS="1163"/>
							<String ID="string_336" HPOS="1189" VPOS="1871" WIDTH="68" HEIGHT="29" WC="0.96" CONTENT="den"/><SP WIDTH="25" VPOS="1871" HPOS="1257"/>
							<String ID="string_337" HPOS="1282" VPOS="1870" WIDTH="250" HEIGHT="39" WC="0.93" CONTENT="obligatoriska"/><SP WIDTH="27" VPOS="1870" HPOS="1532"/>
							<String ID="string_338" HPOS="1559" VPOS="1869" WIDTH="70" HEIGHT="29" WC="0.92" CONTENT="för-"/>
						</TextLine>
						<TextLine ID="line_61" HPOS="911" VPOS="1925" WIDTH="198" HEIGHT="39">
							<String ID="string_339" HPOS="911" VPOS="1925" WIDTH="198" HEIGHT="39" WC="0.70" CONTENT="säkringen."/>
						</TextLine>
					</TextBlock>
				</ComposedBlock>
				<ComposedBlock ID="cblock_9" HPOS="868" VPOS="1978" WIDTH="322" HEIGHT="39">
					<TextBlock ID="block_10" HPOS="868" VPOS="1978" WIDTH="322" HEIGHT="39">
						<TextLine ID="line_62" HPOS="868" VPOS="1978" WIDTH="322" HEIGHT="39">
							<String ID="string_340" HPOS="868" VPOS="1979" WIDTH="57" HEIGHT="29" WC="0.94" CONTENT="hel"/><SP WIDTH="14" VPOS="1979" HPOS="925"/>
							<String ID="string_341" HPOS="939" VPOS="1978" WIDTH="251" HEIGHT="39" WC="0.94" CONTENT="sjukpenning."/>
						</TextLine>
					</TextBlock>
				</ComposedBlock>
				<ComposedBlock ID="cblock_10" HPOS="182" VPOS="2031" WIDTH="949" HEIGHT="93">
					<TextBlock ID="block_11" HPOS="182" VPOS="2031" WIDTH="949" HEIGHT="93">
						<TextLine ID="line_63" HPOS="182" VPOS="2031" WIDTH="841" HEIGHT="42">
							<String ID="string_342" HPOS="182" VPOS="2034" WIDTH="26" HEIGHT="29" WC="0.86" CONTENT="Å"/><SP WIDTH="16" VPOS="2034" HPOS="208"/>
							<String ID="string_343" HPOS="224" VPOS="2034" WIDTH="239" HEIGHT="39" WC="0.92" CONTENT="sjukpenning"/><SP WIDTH="42" VPOS="2034" HPOS="463"/>
							<String ID="string_344" HPOS="505" VPOS="2028" WIDTH="185" HEIGHT="49" WC="0.61" CONTENT="———-—"/><SP WIDTH="23" VPOS="2028" HPOS="690"/>
							<String ID="string_345" HPOS="713" VPOS="2050" WIDTH="92" HEIGHT="4" WC="0.67" CONTENT="——"/><SP WIDTH="14" VPOS="2050" HPOS="805"/>
							<String ID="string_346" HPOS="819" VPOS="2032" WIDTH="40" HEIGHT="29" WC="0.93" CONTENT="25"/><SP WIDTH="19" VPOS="2032" HPOS="859"/>
							<String ID="string_347" HPOS="878" VPOS="2031" WIDTH="37" HEIGHT="38" WC="0.92" CONTENT="88"/><SP WIDTH="19" VPOS="2031" HPOS="915"/>
							<String ID="string_348" HPOS="934" VPOS="2033" WIDTH="89" HEIGHT="37" WC="0.95" CONTENT="sägs."/>
						</TextLine>
						<TextLine ID="line_64" HPOS="182" VPOS="2085" WIDTH="949" HEIGHT="39">
							<String ID="string_349" HPOS="182" VPOS="2087" WIDTH="441" HEIGHT="30" WC="0.6" CONTENT="Deni—————&gt;—"/><SP WIDTH="13" VPOS="2087" HPOS="623"/>
							<String ID="string_350" HPOS="636" VPOS="2085" WIDTH="246" HEIGHT="30" WC="0.96" CONTENT="motsvarande"/><SP WIDTH="16" VPOS="2085" HPOS="882"/>
							<String ID="string_351" HPOS="898" VPOS="2085" WIDTH="233" HEIGHT="39" WC="0.96" CONTENT="tillämpning."/>
						</TextLine>
					</TextBlock>
				</ComposedBlock>
				<ComposedBlock ID="cblock_11" HPOS="652" VPOS="2181" WIDTH="465" HEIGHT="40">
					<TextBlock ID="block_12" HPOS="652" VPOS="2181" WIDTH="465" HEIGHT="40">
						<TextLine ID="line_65" HPOS="652" VPOS="2181" WIDTH="465" HEIGHT="40">
							<String ID="string_352" HPOS="652" VPOS="2181" WIDTH="465" HEIGHT="40" WC="0.91" CONTENT="Övergångsbestämmelser"/>
						</TextLine>
					</TextBlock>
				</ComposedBlock>
				<ComposedBlock ID="cblock_12" HPOS="183" VPOS="2243" WIDTH="1340" HEIGHT="302">
					<TextBlock ID="block_13" HPOS="183" VPOS="2243" WIDTH="751" HEIGHT="41">
						<TextLine ID="line_66" HPOS="183" VPOS="2243" WIDTH="751" HEIGHT="41">
							<String ID="string_353" HPOS="183" VPOS="2245" WIDTH="122" HEIGHT="29" WC="0.95" CONTENT="Denna"/><SP WIDTH="18" VPOS="2245" HPOS="305"/>
							<String ID="string_354" HPOS="323" VPOS="2245" WIDTH="55" HEIGHT="39" WC="0.92" CONTENT="lag"/><SP WIDTH="38" VPOS="2245" HPOS="378"/>
							<String ID="string_355" HPOS="416" VPOS="2262" WIDTH="23" HEIGHT="4" WC="0.75" CONTENT="—"/><SP WIDTH="31" VPOS="2262" HPOS="439"/>
							<String ID="string_356" HPOS="470" VPOS="2262" WIDTH="29" HEIGHT="4" WC="0.57" CONTENT="—"/><SP WIDTH="31" VPOS="2262" HPOS="499"/>
							<String ID="string_357" HPOS="530" VPOS="2262" WIDTH="29" HEIGHT="4" WC="0.55" CONTENT="—"/><SP WIDTH="31" VPOS="2262" HPOS="559"/>
							<String ID="string_358" HPOS="590" VPOS="2262" WIDTH="28" HEIGHT="3" WC="0.21" CONTENT="—"/><SP WIDTH="15" VPOS="2262" HPOS="618"/>
							<String ID="string_359" HPOS="633" VPOS="2261" WIDTH="104" HEIGHT="4" WC="0.21" CONTENT="——"/><SP WIDTH="16" VPOS="2261" HPOS="737"/>
							<String ID="string_360" HPOS="753" VPOS="2243" WIDTH="66" HEIGHT="39" WC="0.94" CONTENT="juli"/><SP WIDTH="20" VPOS="2243" HPOS="819"/>
							<String ID="string_361" HPOS="839" VPOS="2243" WIDTH="95" HEIGHT="30" WC="0.96" CONTENT="1961."/>
						</TextLine>
					</TextBlock>
					<TextBlock ID="block_14" HPOS="183" VPOS="2295" WIDTH="946" HEIGHT="40">
						<TextLine ID="line_67" HPOS="183" VPOS="2295" WIDTH="946" HEIGHT="40">
							<String ID="string_362" HPOS="183" VPOS="2298" WIDTH="13" HEIGHT="28" WC="0.95" CONTENT="I"/><SP WIDTH="21" VPOS="2298" HPOS="196"/>
							<String ID="string_363" HPOS="217" VPOS="2297" WIDTH="169" HEIGHT="30" WC="0.91" CONTENT="samband"/><SP WIDTH="33" VPOS="2297" HPOS="386"/>
							<String ID="string_364" HPOS="419" VPOS="2315" WIDTH="27" HEIGHT="3" WC="0.87" CONTENT="—"/><SP WIDTH="30" VPOS="2315" HPOS="446"/>
							<String ID="string_365" HPOS="476" VPOS="2315" WIDTH="30" HEIGHT="2" WC="0.87" CONTENT="—"/><SP WIDTH="27" VPOS="2315" HPOS="506"/>
							<String ID="string_366" HPOS="533" VPOS="2314" WIDTH="33" HEIGHT="4" WC="0.87" CONTENT="—"/><SP WIDTH="27" VPOS="2314" HPOS="566"/>
							<String ID="string_367" HPOS="593" VPOS="2314" WIDTH="33" HEIGHT="4" WC="0.81" CONTENT="—"/><SP WIDTH="30" VPOS="2314" HPOS="626"/>
							<String ID="string_368" HPOS="656" VPOS="2313" WIDTH="27" HEIGHT="5" WC="0.88" CONTENT="—"/><SP WIDTH="30" VPOS="2313" HPOS="683"/>
							<String ID="string_369" HPOS="713" VPOS="2314" WIDTH="37" HEIGHT="3" WC="0.91" CONTENT="—"/><SP WIDTH="18" VPOS="2314" HPOS="750"/>
							<String ID="string_370" HPOS="768" VPOS="2296" WIDTH="157" HEIGHT="39" WC="0.96" CONTENT="följande"/><SP WIDTH="19" VPOS="2296" HPOS="925"/>
							<String ID="string_371" HPOS="944" VPOS="2295" WIDTH="185" HEIGHT="39" WC="0.95" CONTENT="iakttagas."/>
						</TextLine>
					</TextBlock>
					<TextBlock ID="block_15" HPOS="185" VPOS="2347" WIDTH="1280" HEIGHT="41">
						<TextLine ID="line_68" HPOS="185" VPOS="2347" WIDTH="1280" HEIGHT="41">
							<String ID="string_372" HPOS="185" VPOS="2351" WIDTH="27" HEIGHT="29" WC="0.95" CONTENT="1."/><SP WIDTH="26" VPOS="2351" HPOS="212"/>
							<String ID="string_373" HPOS="238" VPOS="2350" WIDTH="227" HEIGHT="30" WC="0.96" CONTENT="Beträffande"/><SP WIDTH="17" VPOS="2350" HPOS="465"/>
							<String ID="string_374" HPOS="482" VPOS="2350" WIDTH="128" HEIGHT="38" WC="0.93" CONTENT="klagan"/><SP WIDTH="35" VPOS="2350" HPOS="610"/>
							<String ID="string_375" HPOS="645" VPOS="2367" WIDTH="25" HEIGHT="3" WC="0.85" CONTENT="—"/><SP WIDTH="28" VPOS="2367" HPOS="670"/>
							<String ID="string_376" HPOS="698" VPOS="2366" WIDTH="30" HEIGHT="5" WC="0.85" CONTENT="—"/><SP WIDTH="25" VPOS="2366" HPOS="728"/>
							<String ID="string_377" HPOS="753" VPOS="2366" WIDTH="31" HEIGHT="4" WC="0.84" CONTENT="—"/><SP WIDTH="25" VPOS="2366" HPOS="784"/>
							<String ID="string_378" HPOS="809" VPOS="2366" WIDTH="33" HEIGHT="4" WC="0.84" CONTENT="—"/><SP WIDTH="26" VPOS="2366" HPOS="842"/>
							<String ID="string_379" HPOS="868" VPOS="2366" WIDTH="33" HEIGHT="3" WC="0.86" CONTENT="—"/><SP WIDTH="26" VPOS="2366" HPOS="901"/>
							<String ID="string_380" HPOS="927" VPOS="2365" WIDTH="35" HEIGHT="4" WC="0.91" CONTENT="—"/><SP WIDTH="16" VPOS="2365" HPOS="962"/>
							<String ID="string_381" HPOS="978" VPOS="2357" WIDTH="42" HEIGHT="21" WC="0.93" CONTENT="av"/><SP WIDTH="16" VPOS="2357" HPOS="1020"/>
							<String ID="string_382" HPOS="1036" VPOS="2347" WIDTH="429" HEIGHT="39" WC="0.91" CONTENT="försäkringsdomstolen."/>
						</TextLine>
					</TextBlock>
					<TextBlock ID="block_16" HPOS="183" VPOS="2400" WIDTH="1278" HEIGHT="41">
						<TextLine ID="line_69" HPOS="183" VPOS="2400" WIDTH="1278" HEIGHT="41">
							<String ID="string_383" HPOS="183" VPOS="2403" WIDTH="29" HEIGHT="29" WC="0.93" CONTENT="2."/><SP WIDTH="26" VPOS="2403" HPOS="212"/>
							<String ID="string_384" HPOS="238" VPOS="2402" WIDTH="333" HEIGHT="39" WC="0.90" CONTENT="Centralsjukkassa"/><SP WIDTH="19" VPOS="2402" HPOS="571"/>
							<String ID="string_385" HPOS="590" VPOS="2402" WIDTH="89" HEIGHT="30" WC="0.82" CONTENT="skall"/><SP WIDTH="43" VPOS="2402" HPOS="679"/>
							<String ID="string_386" HPOS="722" VPOS="2419" WIDTH="19" HEIGHT="4" WC="0.83" CONTENT="—"/><SP WIDTH="35" VPOS="2419" HPOS="741"/>
							<String ID="string_387" HPOS="776" VPOS="2419" WIDTH="26" HEIGHT="4" WC="0.83" CONTENT="—"/><SP WIDTH="31" VPOS="2419" HPOS="802"/>
							<String ID="string_388" HPOS="833" VPOS="2418" WIDTH="29" HEIGHT="4" WC="0.83" CONTENT="—"/><SP WIDTH="31" VPOS="2418" HPOS="862"/>
							<String ID="string_389" HPOS="893" VPOS="2418" WIDTH="30" HEIGHT="4" WC="0.83" CONTENT="—"/><SP WIDTH="27" VPOS="2418" HPOS="923"/>
							<String ID="string_390" HPOS="950" VPOS="2418" WIDTH="33" HEIGHT="4" WC="0.84" CONTENT="—"/><SP WIDTH="27" VPOS="2418" HPOS="983"/>
							<String ID="string_391" HPOS="1010" VPOS="2418" WIDTH="34" HEIGHT="4" WC="0.91" CONTENT="—"/><SP WIDTH="19" VPOS="2418" HPOS="1044"/>
							<String ID="string_392" HPOS="1063" VPOS="2400" WIDTH="178" HEIGHT="30" WC="0.91" CONTENT="allmänna"/><SP WIDTH="20" VPOS="2400" HPOS="1241"/>
							<String ID="string_393" HPOS="1261" VPOS="2400" WIDTH="200" HEIGHT="39" WC="0.91" CONTENT="sjukkassa."/>
						</TextLine>
					</TextBlock>
					<TextBlock ID="block_17" HPOS="183" VPOS="2454" WIDTH="921" HEIGHT="41">
						<TextLine ID="line_70" HPOS="183" VPOS="2454" WIDTH="921" HEIGHT="41">
							<String ID="string_394" HPOS="183" VPOS="2456" WIDTH="30" HEIGHT="30" WC="0.95" CONTENT="3."/><SP WIDTH="26" VPOS="2456" HPOS="213"/>
							<String ID="string_395" HPOS="239" VPOS="2456" WIDTH="116" HEIGHT="39" WC="0.96" CONTENT="Enligt"/><SP WIDTH="19" VPOS="2456" HPOS="355"/>
							<String ID="string_396" HPOS="374" VPOS="2456" WIDTH="95" HEIGHT="30" WC="0.93" CONTENT="äldre"/><SP WIDTH="40" VPOS="2456" HPOS="469"/>
							<String ID="string_397" HPOS="509" VPOS="2473" WIDTH="22" HEIGHT="4" WC="0.92" CONTENT="—"/><SP WIDTH="29" VPOS="2473" HPOS="531"/>
							<String ID="string_398" HPOS="560" VPOS="2472" WIDTH="31" HEIGHT="5" WC="0.85" CONTENT="—"/><SP WIDTH="32" VPOS="2472" HPOS="591"/>
							<String ID="string_399" HPOS="623" VPOS="2472" WIDTH="28" HEIGHT="4" WC="0.81" CONTENT="—"/><SP WIDTH="29" VPOS="2472" HPOS="651"/>
							<String ID="string_400" HPOS="680" VPOS="2472" WIDTH="27" HEIGHT="4" WC="0.71" CONTENT="—"/><SP WIDTH="27" VPOS="2472" HPOS="707"/>
							<String ID="string_401" HPOS="734" VPOS="2472" WIDTH="33" HEIGHT="4" WC="0.71" CONTENT="—"/><SP WIDTH="30" VPOS="2472" HPOS="767"/>
							<String ID="string_402" HPOS="797" VPOS="2472" WIDTH="34" HEIGHT="4" WC="0.79" CONTENT="—"/><SP WIDTH="18" VPOS="2472" HPOS="831"/>
							<String ID="string_403" HPOS="849" VPOS="2454" WIDTH="96" HEIGHT="30" WC="0.96" CONTENT="äldre"/><SP WIDTH="18" VPOS="2454" HPOS="945"/>
							<String ID="string_404" HPOS="963" VPOS="2454" WIDTH="141" HEIGHT="39" WC="0.96" CONTENT="lydelse."/>
						</TextLine>
					</TextBlock>
					<TextBlock ID="block_18" HPOS="183" VPOS="2506" WIDTH="1340" HEIGHT="39">
						<TextLine ID="line_71" HPOS="183" VPOS="2506" WIDTH="1340" HEIGHT="39">
							<String ID="string_405" HPOS="183" VPOS="2509" WIDTH="29" HEIGHT="29" WC="0.93" CONTENT="4."/><SP WIDTH="27" VPOS="2509" HPOS="212"/>
							<String ID="string_406" HPOS="239" VPOS="2509" WIDTH="184" HEIGHT="30" WC="0.93" CONTENT="Ordinarie"/><SP WIDTH="18" VPOS="2509" HPOS="423"/>
							<String ID="string_407" HPOS="441" VPOS="2508" WIDTH="243" HEIGHT="30" WC="0.91" CONTENT="ombudsmöte"/><SP WIDTH="17" VPOS="2508" HPOS="684"/>
							<String ID="string_408" HPOS="701" VPOS="2525" WIDTH="26" HEIGHT="4" WC="0.76" CONTENT="—"/><SP WIDTH="40" VPOS="2525" HPOS="727"/>
							<String ID="string_409" HPOS="767" VPOS="2525" WIDTH="33" HEIGHT="4" WC="0.74" CONTENT="—"/><SP WIDTH="30" VPOS="2525" HPOS="800"/>
							<String ID="string_410" HPOS="830" VPOS="2525" WIDTH="30" HEIGHT="4" WC="0.74" CONTENT="—"/><SP WIDTH="27" VPOS="2525" HPOS="860"/>
							<String ID="string_411" HPOS="887" VPOS="2525" WIDTH="30" HEIGHT="4" WC="0.85" CONTENT="—"/><SP WIDTH="27" VPOS="2525" HPOS="917"/>
							<String ID="string_412" HPOS="944" VPOS="2524" WIDTH="33" HEIGHT="4" WC="0.86" CONTENT="—"/><SP WIDTH="19" VPOS="2524" HPOS="977"/>
							<String ID="string_413" HPOS="996" VPOS="2524" WIDTH="43" HEIGHT="4" WC="0.90" CONTENT="—"/><SP WIDTH="15" VPOS="2524" HPOS="1039"/>
							<String ID="string_414" HPOS="1054" VPOS="2506" WIDTH="264" HEIGHT="30" WC="0.95" CONTENT="bestämmelser"/><SP WIDTH="18" VPOS="2506" HPOS="1318"/>
							<String ID="string_415" HPOS="1336" VPOS="2506" WIDTH="187" HEIGHT="39" WC="0.96" CONTENT="tillämpas."/>
						</TextLine>
					</TextBlock>
				</ComposedBlock>
				<ComposedBlock ID="cblock_13" HPOS="141" VPOS="2568" WIDTH="1218" HEIGHT="42">
					<TextBlock ID="block_19" HPOS="141" VPOS="2568" WIDTH="1218" HEIGHT="42">
						<TextLine ID="line_72" HPOS="141" VPOS="2568" WIDTH="1218" HEIGHT="42">
							<String ID="string_416" HPOS="141" VPOS="2571" WIDTH="38" HEIGHT="29" WC="0.91" CONTENT="10"/><SP WIDTH="26" VPOS="2571" HPOS="179"/>
							<String ID="string_417" HPOS="205" VPOS="2589" WIDTH="1" HEIGHT="2" WC="0.90" CONTENT="—"/><SP WIDTH="43" VPOS="2589" HPOS="206"/>
							<String ID="string_418" HPOS="249" VPOS="2571" WIDTH="135" HEIGHT="39" WC="0.92" CONTENT="Bihang"/><SP WIDTH="16" VPOS="2571" HPOS="384"/>
							<String ID="string_419" HPOS="400" VPOS="2571" WIDTH="52" HEIGHT="29" WC="0.87" CONTENT="till"/><SP WIDTH="13" VPOS="2571" HPOS="452"/>
							<String ID="string_420" HPOS="465" VPOS="2570" WIDTH="205" HEIGHT="39" WC="0.96" CONTENT="riksdagens"/><SP WIDTH="14" VPOS="2570" HPOS="670"/>
							<String ID="string_421" HPOS="684" VPOS="2569" WIDTH="176" HEIGHT="40" WC="0.91" CONTENT="protokoll"/><SP WIDTH="15" VPOS="2569" HPOS="860"/>
							<String ID="string_422" HPOS="875" VPOS="2570" WIDTH="129" HEIGHT="28" WC="0.91" CONTENT="1961.9"/><SP WIDTH="14" VPOS="2570" HPOS="1004"/>
							<String ID="string_423" HPOS="1018" VPOS="2569" WIDTH="99" HEIGHT="29" WC="0.92" CONTENT="saml."/><SP WIDTH="15" VPOS="2569" HPOS="1117"/>
							<String ID="string_424" HPOS="1132" VPOS="2569" WIDTH="19" HEIGHT="29" WC="0.92" CONTENT="2"/><SP WIDTH="15" VPOS="2569" HPOS="1151"/>
							<String ID="string_425" HPOS="1166" VPOS="2568" WIDTH="75" HEIGHT="30" WC="0.96" CONTENT="avd."/><SP WIDTH="15" VPOS="2568" HPOS="1241"/>
							<String ID="string_426" HPOS="1256" VPOS="2569" WIDTH="48" HEIGHT="29" WC="0.95" CONTENT="Nr"/><SP WIDTH="14" VPOS="2569" HPOS="1304"/>
							<String ID="string_427" HPOS="1318" VPOS="2569" WIDTH="41" HEIGHT="29" WC="0.95" CONTENT="45"/>
						</TextLine>
					</TextBlock>
				</ComposedBlock>
			</PrintSpace>
		</Page>
	</Layout>
</alto>
