1882 2804
92 1388 139 28 Utskottet.

284 181 42 30 40
701 181 287 35 Statsutskottets
1011 183 180 35 utlåtande
1214 196 41 21 nr
1276 188 76 31 252.

287 258 106 43 höjda
411 259 262 44 kostnadsläget
690 273 47 22 nu
756 274 73 22 mer
846 266 44 30 än
908 264 169 41 någonsin
1094 277 84 23 vore
1196 266 10 33 i
1225 266 116 34 behov
1358 279 46 21 av
1422 267 90 34 stöd.
1529 268 146 38 Antalet
1691 269 81 42 hög-

288 311 307 36 skolestuderande
611 314 11 33 i
639 313 205 37 Stockholm
860 328 84 21 vore
960 316 53 34 för
1028 318 218 34 närvarande
1262 322 81 30 över
1361 323 19 30 5
1395 323 79 37 000,
1491 320 65 34 och
1572 320 201 44 föreningen

289 377 82 22 vore
389 365 66 34 den
473 366 89 34 enda
578 367 213 41 institution,
808 380 75 22 som
901 369 107 35 bland
1026 370 100 33 dessa
1142 370 151 36 verkade
1308 371 53 34 för
1377 371 113 43 fysisk
1507 372 146 36 fostran.

331 418 170 42 Följande
520 421 326 43 sammanställning
865 422 136 34 utvisar
1017 422 70 34 den
1106 423 155 35 avsedda
1280 425 271 43 användningen
1572 439 45 21 av
1637 427 60 34 det
1716 427 57 34 be-

287 471 106 42 gärda
412 472 173 43 beloppet.

283 542 150 34 Lokaler
475 571 981 11 dossoseeeeserererrrerereeser
1062 538 58 54 ere
1129 538 62 54 rss
1200 538 58 54 rss
1267 538 35 54 ss
1315 538 75 54 esse
1402 538 59 54 na
1487 548 129 35 kronor
1662 553 19 30 5
1696 553 65 31 734

285 595 169 43 Redskap
469 596 66 34 och
550 597 155 34 materiel
721 603 93 29 samt
828 603 218 38 transporter
1067 627 393 6 ..................
1551 617 16 16 »
1662 606 20 29 2
1696 606 64 30 286

284 647 239 36 Instruktörer
547 677 915 10 .ssssossseseesrrresrrrrssr
1113 643 69 54 rer
1204 643 59 54 rss
1272 643 58 54 rss
1339 643 59 54 ers
1407 643 58 54 srt
1551 669 16 16 »
1662 658 20 30 2
1697 658 65 30 980

1315 715 148 35 Summa
1485 716 130 34 kronor
1640 720 39 30 11
1696 720 78 31 000.

331 780 397 44 Departementschefen
748 783 63 34 har
830 783 118 35 anfört
966 783 166 43 följande.

331 852 224 34 Stockholms
574 853 198 35 studenters
791 854 287 44 idrottsförening
1095 855 64 35 har
1177 856 194 34 avsevärda
1388 856 190 34 kostnader
1596 856 53 34 för
1666 857 107 34 lokal-

287 895 100 43 hyra,
404 897 155 34 materiel
576 909 47 22 m.
642 910 47 22 m.
707 898 112 34 Dessa
835 898 46 34 ha
898 898 123 36 hittills
1039 900 110 34 delvis
1165 900 118 34 täckts
1301 912 127 31 genom
1446 901 124 43 bidrag
1586 913 41 21 ur
1643 901 131 34 fonden

285 940 51 34 för
353 940 164 35 idrottens
536 940 200 43 främjande.
754 942 18 33 I
789 942 266 43 fortsättningen
1072 943 81 40 kan,
1170 944 105 43 enligt
1294 945 68 33 vad
1380 944 59 44 jag
1457 944 180 41 inhämtat,
1656 944 116 44 anslag

285 997 39 21 ur
344 985 112 34 denna
474 985 81 35 fond
576 986 74 33 icke
669 986 170 43 påräknas
858 986 53 35 för
932 988 92 33 detta
1046 988 170 34 ändamål.

331 1029 57 34 Då
407 1029 60 43 jag
487 1030 190 35 emellertid
699 1043 110 28 anser,
831 1036 56 30 att
909 1031 67 34 den
997 1044 45 21 av
1061 1032 202 43 föreningen
1283 1032 172 35 bedrivna
1476 1033 266 34 verksamheten
1763 1033 11 34 i

285 1073 68 43 hög
371 1075 87 41 grad
476 1073 171 43 förtjänar
666 1077 79 33 stöd
764 1075 78 34 från
862 1076 59 34 det
941 1076 192 34 allmännas
1150 1077 89 40 sida,
1258 1077 61 34 vill
1336 1077 61 42 jag
1415 1077 139 34 förorda
1574 1082 54 29 att
1646 1082 53 29 ett
1718 1078 56 33 be-

287 1118 84 43 lopp
398 1131 47 21 av
472 1122 98 31 5500
597 1119 141 40 kronor,
765 1120 247 34 motsvarande
1039 1120 61 34 det
1124 1120 283 36 hittillsvarande
1433 1121 157 43 anslaget
1616 1133 46 22 av
1689 1121 85 43 tips-

286 1162 125 41 medel,
430 1162 139 35 anvisas
587 1163 19 33 å
623 1163 187 34 riksstaten
827 1163 55 34 för
899 1167 104 31 nästa
1020 1164 184 43 budgetår.

325 1234 20 34 I
369 1233 151 44 enlighet
545 1235 82 34 med
652 1235 70 34 vad
747 1234 386 44 departementschefen
1157 1235 159 34 förordat
1340 1235 66 35 har
1429 1235 132 43 Kungl.
1585 1235 110 43 Maj:t
1719 1235 55 34 för

281 1287 100 35 detta
403 1288 163 34 ändamål
587 1287 102 35 äskat
709 1292 52 31 ett
783 1287 120 44 anslag
924 1300 46 22 av
990 1291 20 31 5
1025 1291 65 31 500
1110 1288 140 34 kronor.

326 1393 20 35 I
363 1393 112 35 likhet
493 1394 81 34 med
593 1394 386 43 departementschefen
997 1394 113 35 finner
1128 1395 179 35 utskottet
1326 1395 59 35 det
1403 1395 201 41 motiverat,
1623 1399 55 31 att
1695 1394 78 34 ifrå-

281 1448 200 42 gavarande
496 1448 159 43 förening
670 1447 54 35 för
740 1448 51 35 sin
808 1448 225 34 verksamhet
1048 1447 147 35 erhåller
1211 1449 79 34 stöd
1306 1448 77 34 från
1399 1449 62 33 det
1477 1448 193 36 allmännas
1687 1448 86 35 sida.

285 1500 186 34 Utskottet
493 1501 192 43 tillstyrker
707 1501 117 35 därför
846 1501 98 34 bifall
968 1501 52 34 till
1042 1501 134 42 Kungl.
1200 1501 127 42 Maj:ts
1349 1501 130 43 förslag
1501 1514 59 22 om
1582 1502 193 34 anvisande

281 1553 55 35 för
354 1553 200 35 ändamålet
573 1566 46 22 av
639 1560 53 29 ett
712 1554 121 43 anslag
851 1567 47 22 av
917 1558 20 30 5
951 1557 65 31 500
1035 1554 141 34 kronor.

866 1721 324 42 Hemställan.

332 1828 123 35 Under
478 1829 220 43 åberopande
723 1841 45 22 av
794 1829 70 34 vad
889 1829 12 34 i
927 1829 59 34 det
1009 1829 207 42 föregående
1240 1829 134 35 anförts
1399 1829 55 35 får
1479 1829 174 34 utskottet
1677 1830 95 33 hem-

284 1882 114 41 ställa,

648 1945 30 34 I.
702 1950 54 29 att
780 1945 186 42 riksdagen
989 1945 68 40 må,
1080 1945 12 34 1
1117 1944 188 44 anledning
1329 1957 46 22 av
1397 1945 133 43 Kungl.
1554 1944 128 43 Maj:ts
1705 1944 67 34 för-

603 1999 72 43 slag
706 1999 66 34 och
801 1998 182 35 motionen
1013 1998 107 34 I:401
1156 2002 92 29 samt
1279 1999 78 33 med
1388 1998 121 42 avslag
1540 1999 20 33 å
1591 1997 181 34 motionen

603 2052 51 33 IT:
668 2055 78 37 618,

648 2114 32 33 1.
699 2114 211 42 bemyndiga
929 2113 130 43 Kungl.
1078 2113 111 43 Maj:t
1211 2117 65 37 att,
1295 2114 80 34 med
1395 2112 220 44 tillämpning
1634 2112 69 35 tills
1723 2112 49 33 vi-

603 2168 81 33 dare
701 2167 78 34 från
796 2167 66 34 och
879 2167 80 34 med
977 2166 208 42 budgetåret
1205 2165 167 43 1945/46,
1389 2166 144 42 vidtaga
1551 2166 42 35 de
1612 2165 159 42 ändring-

603 2233 39 21 ar
664 2220 10 33 i
695 2219 423 43 personalförteckningen
1140 2219 55 34 för
1217 2219 163 35 tekniska
1402 2219 193 42 högskolan
1618 2219 11 34 i
1651 2218 121 35 Stock-

603 2273 107 40 holm,
732 2286 75 21 som
827 2273 198 34 föranledas
1049 2285 44 21 av
1115 2273 71 33 vad
1208 2272 174 35 utskottet
1405 2272 128 39 anfört;

647 2345 33 32 2.
702 2344 187 42 godkänna
910 2343 157 42 följande
1089 2343 256 42 avlöningsstat
1368 2342 55 35 för
1445 2342 160 35 tekniska
1626 2342 146 42 högsko-

603 2397 59 34 lan
677 2397 11 34 i
704 2397 218 39 Stockholm,
937 2400 54 30 att
1006 2395 177 43 tillämpas
1198 2395 70 35 tills
1283 2396 121 34 vidare
1418 2396 78 34 från
1511 2396 65 34 och
1592 2396 80 34 med
1688 2394 83 35 bud-

603 2450 132 41 getåret
750 2448 167 43 1945/46:
