1917 2827
269 158 42 30 34
594 159 124 29 Första
733 158 244 40 lagutskottets
993 161 179 31 utlåtande
1186 171 42 20 nr
1242 162 40 30 37
1298 163 39 30 år
1352 163 83 30 1968

932 296 41 31 36
994 297 99 31 KAP.

966 397 38 30 12
1032 397 27 37 8.

314 455 110 30 Innan
441 456 108 30 vittne
565 465 102 32 avger
684 458 54 30 sin
754 458 184 31 berättelse
955 460 89 30 skall
1060 461 70 30 han
1147 462 106 39 enligt
1271 462 40 30 36
1328 462 78 40 kap.
1428 463 36 29 11
1485 462 15 38 8
1520 463 79 30 med
1614 464 139 29 handen

268 509 44 40 på
327 509 116 31 bibeln
458 511 144 40 avlägga
617 512 41 30 ed
673 522 42 20 av
730 513 66 29 den
812 513 129 40 lydelse
958 523 76 21 som
1049 523 104 32 anges
1170 516 11 29 i
1195 516 220 40 paragrafen.
1433 517 66 30 Om
1515 517 124 31 vittnet
1656 519 98 39 säger

267 563 51 41 sig
337 564 45 40 på
402 565 113 39 grund
535 575 43 21 av
598 566 53 30 sin
673 566 196 42 åskådning
889 568 10 30 i
919 569 154 39 religiöst
1094 570 198 30 hänseende
1314 571 86 39 hysa
1421 571 239 41 betänklighet
1681 574 72 28 mot

265 619 52 29 att
334 619 143 40 avlägga
495 620 182 35 vittnesed,
697 621 70 30 kan
786 622 114 30 rätten
920 623 105 40 enligt
1047 623 38 30 12
1107 623 15 38 $
1144 624 110 31 första
1275 625 144 39 stycket,
1439 634 57 21 om
1515 626 237 41 betänklighe-

265 674 58 28 ten
340 674 70 29 kan
427 676 144 38 antagas
588 684 84 21 vara
688 676 172 40 allvarligt
879 677 168 40 grundad,
1066 678 121 40 medge
1203 679 125 30 vittnet
1346 681 50 28 att
1414 680 10 29 i
1442 680 115 30 stället
1574 689 83 32 avge
1673 681 79 30 vitt-

264 727 262 36 nesförsäkran,
548 738 79 21 vars
650 730 129 40 lydelse
802 730 172 31 återfinns
997 732 11 29 i
1030 732 219 40 paragrafen.
1272 733 127 31 Vidare
1422 734 70 30 kan
1515 734 108 31 vittne
1646 735 106 40 enligt

269 781 37 30 12
331 781 15 38 $
369 782 112 40 tredje
502 783 135 40 stycket
659 784 36 30 få
715 784 144 40 avlägga
879 786 328 36 vittnesförsäkran,
1229 796 57 21 om
1307 787 90 31 båda
1418 790 164 38 parterna
1604 791 148 38 samtyc-

264 836 62 30 ker
351 837 65 29 och
440 838 115 30 rätten
580 838 115 31 finner
720 839 58 30 det
802 839 121 31 kunna
948 840 140 31 tillåtas.
1115 841 73 30 Den
1215 851 74 21 som
1315 842 136 30 lämnar
1476 852 111 21 osann
1613 844 138 39 uppgift

264 890 81 29 eller
366 890 144 39 förtiger
531 892 193 39 sanningen
745 892 99 29 döms
866 893 54 29 för
940 894 134 33 mened,
1095 897 133 27 oavsett
1249 904 57 20 om
1325 896 237 29 vittnesmålet
1582 897 64 29 har
1666 897 85 29 läm-

263 945 79 29 nats
361 944 112 31 under
490 945 43 30 ed
550 944 82 32 eller
650 945 198 32 försäkran.

307 998 131 30 Genom
451 998 207 40 riksdagens
672 999 167 31 skrivelse
856 1001 100 29 1966:
972 1001 61 31 130
1047 1003 63 29 har
1124 1004 121 29 väckts
1261 1003 98 40 fråga
1374 1013 57 21 om
1446 1005 149 40 ändring
1608 1015 43 20 av
1667 1005 37 30 12
1723 1006 26 37 8.

265 1052 318 40 Riksdagsärendet
601 1053 222 31 föranleddes
841 1065 43 20 av
900 1056 220 31 motionerna
1140 1057 144 30 1966:1:
1301 1058 62 30 562
1382 1059 65 29 och
1469 1058 97 31 1966:
1584 1059 44 30 II:
1645 1059 72 30 695.
1739 1060 12 28 I

262 1106 101 31 dessa
383 1107 236 36 hemställdes,
640 1109 52 30 att
709 1109 188 41 riksdagen
918 1110 11 30 i
949 1110 165 31 skrivelse
1135 1112 52 29 till
1208 1111 125 41 Kungl.
1354 1112 107 40 Maj:t
1481 1113 108 30 måtte
1610 1114 141 30 anhålla

261 1169 58 21 om
337 1160 132 41 förslag
487 1162 51 29 till
558 1162 215 41 lagändring,
792 1164 201 39 varigenom
1013 1164 133 41 edgång
1165 1166 125 29 ersätts
1310 1167 79 29 med
1410 1166 195 31 försäkran.

307 1215 13 29 I
338 1215 76 31 1LU
432 1215 98 31 1966:
544 1216 52 35 20,
613 1225 74 22 som
702 1217 118 30 bifölls
836 1227 42 21 av
891 1218 198 40 riksdagen,
1106 1219 86 30 fann
1209 1220 50 39 sig
1275 1221 170 30 utskottet
1460 1221 71 30 inte
1545 1222 123 30 kunna
1683 1222 66 30 till-

262 1270 121 39 styrka
404 1269 38 30 så
462 1269 96 41 långt
579 1270 130 40 gående
730 1271 158 40 ändring.
911 1272 80 30 Som
1012 1281 48 21 nu
1082 1273 106 39 gäller
1209 1273 111 30 måste
1342 1274 89 30 dock
1452 1275 106 40 enligt
1579 1276 170 30 utskottet

262 1323 117 30 finnas
401 1324 182 39 möjlighet
605 1326 50 28 att
675 1325 82 39 byta
777 1327 38 27 ut
836 1326 41 29 ed
898 1328 72 28 mot
991 1326 197 35 försäkran,
1210 1337 57 20 om
1287 1328 125 30 vittnet
1432 1329 46 39 på
1498 1330 113 38 grund
1632 1340 42 20 av
1695 1330 53 30 sin

260 1377 213 40 övertygelse
496 1378 104 39 hyser
623 1378 239 40 betänklighet
885 1381 72 28 mot
982 1381 49 28 att
1055 1381 143 39 avlägga
1223 1381 50 30 ed.
1297 1382 177 30 Utskottet
1498 1382 176 35 framhöll,
1699 1385 49 28 att

260 1430 159 40 gällande
441 1431 244 31 bestämmelse
707 1432 124 30 härom
854 1442 101 30 synes
977 1434 121 30 kunna
1121 1434 159 31 medföra
1303 1435 141 40 onödigt
1467 1437 281 40 meningsutbyte

260 1484 130 31 mellan
405 1485 115 30 rätten
538 1485 66 31 och
620 1486 125 30 vittnet
763 1488 91 28 samt
871 1487 146 30 anförde
1033 1487 120 31 vidare
1169 1488 44 30 bl.
1229 1498 29 20 a.
1277 1488 166 40 följande.

305 1547 248 40 Skyldigheten
571 1548 55 30 för
642 1548 125 30 vittnet
785 1550 50 28 att
852 1550 162 30 närmare
1032 1550 169 31 motivera
1220 1551 53 30 sin
1290 1552 137 29 önskan
1444 1553 72 29 kan
1532 1553 78 30 leda
1627 1553 53 30 till
1698 1554 51 30 att

259 1592 125 30 vittnet
400 1592 201 31 underlåter
618 1595 50 28 att
685 1594 155 39 utnyttja
857 1594 227 40 möjligheten
1102 1597 50 29 att
1170 1595 36 31 få
1222 1597 142 39 avlägga
1382 1596 196 32 försäkran.
1596 1599 66 30 Det
1677 1599 70 29 kan

260 1637 30 40 ej
315 1636 134 31 bortses
472 1637 80 30 från
574 1639 51 29 att
647 1640 49 28 ett
717 1639 109 30 vittne
848 1639 71 30 kan
941 1640 99 30 finna
1063 1640 56 30 det
1142 1640 196 41 obehagligt
1360 1642 83 30 eller
1467 1642 93 31 svårt
1584 1645 50 28 att
1656 1643 92 30 klar-

259 1682 83 39 göra
360 1683 234 40 anledningen
613 1683 52 30 till
685 1683 76 31 sina
778 1684 288 40 betänkligheter.
1086 1685 117 41 Enligt
1221 1687 189 30 utskottets
1430 1688 142 39 mening
1589 1688 62 30 bör
1670 1688 77 30 där-

259 1727 56 30 för
332 1727 149 40 ändring
499 1728 60 30 ske
577 1728 222 31 beträffande
816 1729 171 30 villkoren
1006 1730 54 29 för
1080 1731 118 39 utbyte
1217 1741 42 20 av
1276 1731 52 30 ed.
1348 1732 213 39 Stadgandet
1579 1733 10 30 i
1608 1733 40 30 36
1667 1734 79 39 kap.

262 1772 38 29 12
319 1772 15 37 $
352 1772 329 41 rättegångsbalken
698 1773 98 31 torde
812 1773 83 31 böra
914 1774 172 31 utformas
1104 1775 38 30 så
1159 1777 50 29 att
1224 1776 109 30 vittne
1352 1786 74 21 som
1443 1777 44 40 på
1504 1778 113 40 grund
1634 1788 43 21 av
1693 1779 53 29 sin

258 1817 212 40 övertygelse
490 1818 98 39 säger
608 1818 51 39 sig
676 1819 87 39 hysa
781 1819 238 40 betänklighet
1039 1822 72 28 mot
1130 1823 50 27 att
1199 1822 143 39 avlägga
1360 1822 173 30 vittnesed
1553 1824 89 29 skall
1661 1825 85 28 utan

259 1871 117 21 annan
400 1862 209 41 motivering
632 1863 36 30 få
691 1863 122 40 utbyta
837 1864 87 30 eden
949 1867 72 28 mot
1045 1865 186 31 försäkran
1255 1866 45 40 på
1324 1867 106 30 heder
1454 1868 66 29 och
1545 1871 162 28 samvete.
1733 1869 13 29 I

259 1907 169 30 samband
451 1908 79 29 med
553 1917 42 20 en
618 1908 109 30 sådan
749 1909 207 40 lagändring
977 1910 51 29 lär
1051 1910 228 40 möjligheten
1302 1913 50 28 att
1374 1912 80 30 med
1475 1915 183 37 parternas
1680 1913 66 30 och

258 1953 132 29 rättens
412 1953 178 39 samtycke
611 1952 37 30 få
667 1954 144 39 avlägga
831 1954 187 30 försäkran
1038 1955 11 30 i
1070 1956 114 29 stället
1205 1956 54 29 för
1280 1956 43 30 ed
1342 1957 121 30 kunna
1484 1957 92 40 utgå.

301 2023 117 40 Enligt
436 2023 73 30 min
527 2024 142 40 mening
685 2025 62 29 bör
766 2025 66 30 den
851 2035 43 20 av
909 2026 187 39 riksdagen
1114 2027 126 30 väckta
1259 2027 123 40 frågan
1400 2038 48 20 nu
1466 2030 136 38 prövas.

302 2077 81 31 Som
404 2077 188 41 riksdagen
615 2078 64 30 har
702 2078 118 30 anfört
842 2087 57 32 ger
923 2080 158 39 gällande
1104 2080 263 31 bestämmelser
1390 2091 57 21 om
1471 2083 59 30 eds
1555 2084 190 39 utbytande

257 2133 73 28 mot
351 2131 187 30 försäkran
561 2133 47 28 ett
629 2132 86 30 visst
739 2134 173 38 utrymme
934 2133 55 30 för
1011 2134 142 40 onödigt
1175 2135 282 41 meningsutbyte
1480 2137 128 30 mellan
1630 2138 113 30 rätten

259 2185 65 29 och
343 2185 134 29 vittnet.
500 2185 175 30 Eftersom
697 2195 42 19 en
760 2187 148 39 ändring
929 2187 11 29 i
960 2187 95 30 detta
1075 2188 198 30 hänseende
1294 2189 38 29 är
1354 2190 185 35 önskvärd,
1561 2191 64 29 har
1646 2200 99 31 para-

257 2239 122 39 grafen
398 2239 12 30 i
431 2239 166 40 förslaget
619 2240 167 30 avfattats
808 2240 38 30 så
867 2242 49 28 att
938 2241 55 30 det
1016 2241 92 30 klart
1131 2242 156 40 framgår
1309 2244 51 29 att
1382 2244 116 30 rätten
1519 2246 87 29 utan
1628 2245 118 30 vidare

256 2292 266 40 undersökning
535 2293 90 30 skall
639 2293 103 40 godta
755 2293 142 31 vittnets
913 2294 228 40 ståndpunkt,
1158 2297 49 29 att
1222 2297 71 29 han
1307 2296 45 40 på
1366 2298 113 38 grund
1494 2308 42 20 av
1552 2298 54 30 sin
1622 2298 123 31 åskåd-

256 2346 84 40 ning
360 2346 11 30 i
393 2346 154 40 religiöst
568 2347 199 30 hänseende
789 2348 72 30 inte
883 2348 59 30 vill
966 2348 142 40 avlägga
1131 2349 51 31 ed.
1207 2349 65 31 Det
1295 2351 162 30 använda
1480 2352 264 40 uttryckssättet

255 2400 62 30 bör
337 2409 101 21 anses
459 2401 148 29 omfatta
628 2401 87 29 även
735 2401 67 30 den
823 2402 211 30 situationen
1056 2405 50 27 att
1127 2403 124 30 vittnet
1274 2404 44 40 på
1339 2405 114 39 grund
1474 2415 43 20 av
1537 2407 139 39 negativ
1694 2407 51 30 in-

256 2454 167 39 ställning
439 2454 51 29 till
507 2454 189 39 religionen
714 2455 70 30 iate
801 2456 58 29 vill
878 2456 142 39 avlägga
1038 2457 40 29 ed
1101 2457 66 37 (jfr
1185 2457 111 31 Gärde
1314 2468 44 20 m.
1372 2459 36 29 fl.
1427 2459 73 40 Nya
1520 2461 55 28 RB
1593 2470 25 20 s.
1638 2460 107 30 504—

255 2507 95 34 505).

301 2560 78 30 Med
393 2561 189 40 anledning
596 2571 43 20 av
652 2562 115 30 denna
781 2563 149 40 ändring
943 2563 63 30 bör
1021 2565 228 39 paragrafens
1264 2566 112 40 tredje
1393 2567 119 39 stycke
1527 2567 92 40 utgå.
