2218 2622
431 203 19 29 2
606 197 117 33 Första
744 196 203 32 kammarens
969 194 136 32 andra
1129 192 170 42 tillfälliga
1321 191 137 33 utskotts
1478 190 168 32 utlåtande
1668 189 52 32 Nr
1740 192 30 29 4.

389 283 292 50 enhetligheten
708 281 12 37 i
748 286 148 31 statens
936 280 248 48 lönesystem,
1225 291 82 23 som
1349 280 42 34 så
1431 276 157 49 nyligen
1618 289 46 23 av
1697 274 300 37 statsmakterna

388 335 190 38 beslutats
618 333 72 37 och
731 332 117 36 vilket
875 331 12 36 i
915 330 59 37 sin
1009 328 247 50 tillämpning
1280 333 100 32 ännu
1409 327 35 48 ej
1472 327 136 36 hunnit
1635 325 58 37 till
1721 325 94 36 fullo
1843 330 152 43 prövas.

388 387 90 37 Men
505 386 165 36 bortsett
696 382 182 46 härifrån,
906 393 116 37 synes
1050 381 65 36 det
1142 379 154 50 tydligt,
1324 383 57 31 att
1408 381 43 34 så
1476 377 115 48 länge
1619 375 292 50 dyrtidstillägg
1932 388 65 23 an-

390 451 62 23 ses
492 436 143 48 nödiga
661 453 50 6 —
737 433 84 37 icke
848 431 123 37 heller
999 431 283 36 motionärerna
1308 441 118 37 synas
1453 428 120 36 räkna
1601 426 87 37 med
1716 425 281 50 dyrtidstilläg-

388 500 99 37 gens
515 484 246 39 omedelbara
787 481 258 38 bortfallande
1072 500 47 5 —
1148 481 70 37 och
1247 492 140 37 genom
1408 479 134 36 dessas
1561 477 196 37 fixerande
1777 477 100 36 efter
1896 475 102 37 olika

389 542 178 44 procent-
609 535 72 37 och
719 532 171 38 indezxtal
931 545 48 24 en
1019 531 144 37 faktisk
1199 529 198 50 reglering
1424 543 47 23 av
1498 528 237 37 slutlönerna
1762 526 236 48 oavlåtligen

391 589 101 46 sker,
533 600 87 23 man
657 591 101 31 ännu
799 583 85 37 icke
911 581 162 38 kommit
1099 582 58 36 till
1186 581 74 37 den
1287 581 137 49 punkt,
1453 584 55 32 att
1531 592 47 23 en
1606 577 166 49 ändring
1800 591 48 22 av
1874 577 125 48 själva

390 638 290 50 grundlönerna
707 636 74 35 kan
811 647 115 23 anses
955 632 223 37 motiverad.

493 689 53 36 På
572 686 127 51 grund
724 698 47 25 av
797 684 76 37 vad
901 683 162 38 sålunda
1089 683 162 46 anförts,
1279 682 58 36 får
1364 680 190 37 utskottet
1581 678 216 47 hemställa,

845 790 56 31 att
929 783 253 38 förevarande
1210 782 144 37 motion
1381 781 85 37 icke
1494 783 117 34 måtte
1639 779 56 36 till
1723 782 127 45 någon
1879 778 121 37 första

792 836 245 36 kammarens
1065 833 137 50 åtgärd
1229 832 211 37 föranleda.

499 938 221 38 Stockholm
749 937 74 37 den
847 938 21 34 9
898 947 103 25 mars
1028 937 107 35 1923.

957 1037 54 35 På
1037 1035 209 36 utskottets
1274 1039 163 43 vägnar:

962 1136 46 37 N.
1035 1135 35 37 J.
1095 1135 41 36 F.
1162 1133 276 38 ALMKVIST.

499 1448 203 32 Närvarande
734 1447 53 30 vid
820 1445 199 32 förestående
1042 1444 131 31 ärendes
1196 1442 264 42 slutbehandling
1482 1443 87 29 inom
1592 1441 171 30 utskottet:
1788 1441 108 29 herrar
1918 1437 87 43 Alm-

397 1492 95 38 kvist,
523 1490 105 39 Julin,
662 1489 177 37 Bondeson,
881 1487 163 40 Winberg,
1067 1486 144 38 Nilsson,
1235 1485 41 31 N.
1301 1484 40 32 A.
1366 1486 11 28 i
1401 1485 135 30 Östrabo
1559 1484 59 30 och
1646 1481 120 39 Olsson,
1790 1481 43 31 K.
1863 1480 33 32 O.
1920 1482 12 29 i
1955 1481 50 30 Ol-

397 1536 107 39 jersjö.

1035 1777 340 34 Reservation

505 1873 46 24 av
579 1859 88 37 herr
698 1860 132 43 Olsson,
859 1859 45 35 K.
937 1858 38 35 O.
1002 1855 12 37 i
1037 1845 177 59 Öljersjö.

757 2253 181 35 Stockholm,
972 2250 277 40 Bokförlags.-A.-B.
1283 2250 109 29 Tidens
1414 2248 127 40 tryckeri
1566 2247 90 29 1923.
