2137 2659
314 229 18 31 6
687 227 386 43 Bevillmings-Utskottets
1096 228 209 33 Betänkande
1329 228 63 33 N:o
1415 231 28 30 1.

269 310 177 38 skattade
489 324 81 24 som
601 310 75 37 den
705 309 364 50 beskattningsbara
1097 310 221 38 inkomsten
1347 311 196 37 äfvensom
1574 314 20 34 å
1623 311 73 38 den
1726 326 136 24 senare

270 363 211 51 belöpande
514 362 350 51 bevillningsafgift
897 364 83 36 eller
1009 364 61 37 ock
1097 386 49 5 —
1174 363 146 38 kanske
1349 364 119 38 hellre
1495 388 50 4 —
1573 364 75 38 den
1677 366 185 50 uppskat-

270 417 87 38 tade
381 417 253 47 inkomstens,
652 416 64 37 det
737 416 194 50 medgifna
946 416 194 50 afdragets
1157 423 98 31 samt
1271 417 418 51 bevillningsafgiftens
1707 418 152 51 belopp.

396 470 18 37 I
454 470 282 49 sammanhang
776 469 157 37 härmed
977 469 145 38 erinrar
1150 469 251 52 motionären,
1431 476 56 32 att
1514 484 47 24 en
1590 470 226 52 förändring
1848 472 12 36 i

268 523 222 38 formuläret
517 522 221 50 naturligen
767 522 112 37 häraf
903 522 125 37 blefve
1057 535 48 24 en
1132 522 105 50 följd.

392 576 198 39 Utskottet
627 576 74 36 kan
743 575 31 50 ej
817 580 117 32 annat
977 580 47 32 än
1066 575 205 38 instämma
1314 576 56 37 uti
1411 576 101 37 hvad
1541 576 41 37 af
1605 577 98 36 Herr
1732 576 127 38 Hedin

268 629 128 38 blifvit
423 629 152 38 anfördt
603 628 71 39 och
702 628 57 37 får
787 627 149 39 derföre
965 628 213 50 hemställa,

794 732 73 50 4:0)
907 736 55 33 att
990 745 111 24 mom.
1134 733 21 36 b
1185 732 85 51 af
1254 728 23 59 &
1303 735 43 35 71
1376 732 13 37 i
1409 732 451 50 bevillningsförordnvin-

665 799 77 36 gen
771 788 116 34 måtte
916 785 142 37 erhålla
1086 785 167 49 följande
1282 785 226 38 förändrade
1537 786 168 50 lydelse:

794 837 95 37 »den
918 838 306 50 skattskyldiges
1254 838 258 50 uppskattade
1540 839 170 36 inkomst
1738 839 41 37 af
1799 839 61 37 ka-

666 890 95 50 pital
791 890 91 37 eller
910 890 142 48 arbete,
1082 890 122 50 enligt
1231 890 21 50 &
1283 893 43 34 11
1358 890 212 50 medgifvet
1599 891 135 50 afdrag
1761 896 100 33 samt

665 942 135 51 påförd
824 942 381 51 bevillningsafgift.»

396 1048 69 37 Om
495 1048 73 37 den
598 1047 226 51 förändring
852 1048 11 37 i
892 1048 20 51 &
943 1051 58 46 71,
1032 1062 80 24 som
1142 1062 50 23 nu
1223 1048 42 38 af
1288 1049 199 38 Utskottet
1515 1049 231 50 föreslagits,
1777 1050 83 36 blif-

268 1115 65 23 ver
374 1101 40 37 af
450 1100 221 50 Riksdagen
711 1101 192 50 godkänd,
946 1101 99 38 lärer
1087 1114 46 24 en
1175 1101 227 50 förändring
1429 1102 42 37 af
1490 1101 221 38 formuläret
1738 1102 73 37 N:o
1838 1105 20 35 9

267 1154 58 37 för
366 1153 261 45 debetsedeln,
669 1157 49 46 på
760 1159 76 31 sätt
869 1154 238 37 motionären
1135 1155 189 46 anmärkt,
1354 1154 116 37 blifva
1500 1155 41 35 af
1563 1155 140 46 nöden,
1732 1169 87 22 men
1847 1156 12 35 i

267 1205 400 38 öfverensstämmelse
710 1206 84 37 med
836 1206 102 36 hvad
979 1205 221 50 Riksdagen
1242 1206 119 37 redan
1401 1206 101 37 förut
1535 1206 174 48 godkänt
1750 1206 109 38 torde

267 1259 64 36 det
363 1258 256 37 öfverlemnas
653 1261 38 34 åt
719 1258 286 37 vederbörande
1035 1258 274 50 myndigheter
1333 1259 174 49 företaga
1536 1259 46 36 de
1612 1258 208 50 ändringar
1847 1260 13 37 i

267 1311 241 49 formulären,
540 1324 80 23 som
645 1311 41 36 af
708 1311 242 49 Riksdagens
979 1311 126 37 beslut
1133 1312 116 36 varda
1279 1324 47 24 en
1354 1311 108 50 följd;
1491 1311 149 37 hvilket
1661 1312 198 37 Utskottet

795 1417 75 47 5:0)
897 1416 58 37 får
982 1416 59 37 för
1069 1416 223 50 Riksdagen
1321 1416 160 38 anmäla.

395 1521 57 35 Då
479 1520 97 36 först
604 1520 119 36 sedan
752 1520 253 36 statsverkets
1035 1520 119 36 behof
1173 1520 126 36 blifvit
1327 1520 173 47 utredda,
1517 1520 71 37 och
1608 1520 251 49 bevillnings-

267 1585 173 24 summan
481 1572 186 47 bestämd,
709 1571 179 49 yttrande
930 1572 77 36 kan
1048 1571 163 49 afgifvas
1252 1571 200 50 angående
1486 1572 45 36 de
1566 1572 11 36 i
1606 1572 253 50 bevillnings-

267 1624 273 50 förordningen
569 1629 197 45 upptagna
795 1629 175 44 procent-
998 1624 71 37 och
1098 1624 257 49 sifferbelopp,
1383 1624 174 37 kommer
1585 1624 198 38 Utskottet
1803 1630 56 31 att

266 1677 204 37 framdeles
498 1676 122 37 under
646 1676 230 49 riksdagens
901 1676 88 49 lopp
1017 1681 96 45 göra
1141 1677 73 36 den
1243 1676 155 49 slutliga
1423 1676 284 50 framställning
1729 1677 13 36 i
1763 1677 95 37 före-

267 1730 167 36 varande
463 1734 123 43 ämne,
616 1728 156 37 hvartill
801 1728 290 37 förhållandena
1118 1728 215 47 föranleda;
1363 1728 149 37 hvilket
1536 1729 198 37 Utskottet

820 1835 75 47 6:0)
922 1834 58 37 får
1007 1834 59 37 för
1094 1833 222 51 Riksdagen
1345 1833 160 39 anmäla.

395 1937 219 38 Stockholm
643 1938 73 38 den
746 1941 48 35 20
821 1939 182 37 Februari
1036 1941 109 35 1885.

813 2045 53 37 På
894 2045 218 38 Utskottets
1140 2050 162 44 vägnar:

817 2150 43 36 A.
892 2149 147 37 G:SON
1068 2149 240 38 BENNICH.
