1900 2784
272 140 40 29 22
718 144 286 31 Statsutskottets
1027 146 177 30 utlåtande
1225 157 44 19 nr
1289 148 29 29 2.

275 225 105 29 vänta
398 225 80 31 eller
495 226 112 30 vilkas
624 226 184 31 författare
828 229 119 29 endast
965 229 52 29 till
1038 230 96 38 ringa
1153 231 52 29 del
1224 231 162 39 påbörjat
1403 232 141 34 arbetet,
1563 233 71 30 tills
1653 234 118 29 vidare

273 275 69 29 kan
362 277 216 35 uppskjutas.
597 277 47 29 På
662 279 111 35 grund
792 278 106 30 härav
919 280 69 28 kan
1008 281 163 29 utskottet
1191 282 75 29 icke
1286 282 167 37 illstyrka,
1473 286 49 27 att
1542 285 152 36 anslaget
1717 285 53 29 för

275 326 101 28 nästa
395 326 168 38 budgetår
586 327 164 39 uppföres
771 329 79 28 med
870 329 105 38 högre
996 330 124 39 belopp
1142 332 44 28 än
1210 332 60 29 125
1287 332 61 29 000
1369 333 139 33 kronor,
1533 333 237 30 innebärande

275 384 43 20 en
340 376 217 39 nedräkning
578 386 42 21 av
639 378 56 28 det
716 387 43 20 av
780 378 124 39 Kungl.
927 379 106 39 Maj:t
1056 381 127 29 äskade
1205 381 161 40 beloppet
1387 383 78 29 med
1488 384 40 28 25
1544 384 62 29 0090
1627 384 141 29 kronor.

319 426 114 29 Under
450 426 218 40 åberopande
685 437 43 20 av
745 429 58 28 det
820 429 147 29 anförda
984 430 56 29 får
1058 431 169 29 utskottet
1244 432 193 34 hemställa,

627 480 49 27 att
695 478 187 39 riksdagen
901 480 58 29 må
978 480 11 28 i
1009 481 187 39 anledning
1215 492 42 19 av
1277 483 123 38 Kungl.
1421 483 125 39 Maj:ts
1566 484 130 39 förslag
1715 484 54 30 till

582 528 126 39 Bidrag
733 529 53 29 till
809 530 184 38 utgivande
1019 540 42 20 av
1085 532 205 39 lagsamling
1313 533 55 29 för
1389 533 205 39 budgetåret
1620 535 148 35 1951/52

582 578 120 30 anvisa
725 581 49 27 ett
799 580 354 40 reservationsanslag
1175 592 42 20 av
1246 583 60 29 125
1322 583 61 30 000
1407 584 140 30 kronor.

316 693 95 34 43:0)
438 694 125 36 Bidrag
586 695 52 28 till
661 695 277 31 internationella
962 697 110 35 byrån
1098 699 11 28 i
1132 699 88 29 Bern
1245 699 56 29 för
1324 700 111 35 skydd
1461 710 43 19 av
1528 702 152 29 litterära
1707 703 64 29 och

270 744 236 36 konstnärliga
526 746 93 28 verk.
640 746 125 35 Bidrag
785 747 53 29 till
858 747 64 29 den
942 748 276 31 internationella
1241 751 226 34 penitentiära
1488 752 283 30 kommissionen.

270 794 124 36 Bidrag
413 795 52 29 till
486 796 277 30 internationella
784 798 167 29 institutet
972 799 57 29 för
1050 800 187 35 unifiering
1256 810 43 20 av
1320 801 234 35 privaträtten.
1575 803 124 35 Bidrag
1717 803 55 30 till

269 844 149 30 Nordisk
445 846 188 29 Tidsskrift
659 847 55 29 for
742 848 371 31 Kriminalvidenskab.
1140 851 126 35 Bidrag
1291 852 53 28 till
1373 852 169 31 Tidskrift
1569 853 56 29 för
1652 854 119 29 krimi-

269 895 153 30 nalvård.
445 896 13 28 I
480 897 150 36 enlighet
650 898 78 29 med
751 898 124 37 Kungl.
897 899 120 36 Maj:ts
1041 900 129 39 förslag
1195 901 211 37 (punkterna
1428 903 140 35 51—55,
1593 913 25 20 s.
1642 904 40 31 60
1705 905 66 29 och

270 946 74 34 61),
364 946 91 30 vilka
476 947 169 30 innebära
663 948 214 31 oförändrad
895 951 327 40 medelsanvisning,
1245 953 200 30 hemställer
1465 955 181 34 utskottet,

622 999 50 29 att
691 999 189 39 riksdagen
899 1001 58 29 må
978 1001 55 29 för
1055 1001 202 40 budgetåret
1281 1003 147 36 1951/52
1451 1004 122 30 anvisa

622 1049 36 33 a)
687 1049 53 29 till
763 1049 128 41 Bidrag
917 1050 51 31 till
991 1051 281 32 internationella
1298 1053 107 40 byrån
1429 1054 11 29 i
1462 1055 91 29 Bern
1577 1056 56 39 för
1655 1055 115 40 skydd

578 1108 42 20 av
639 1099 155 31 litterära
813 1102 62 29 och
895 1101 239 40 konstnärliga
1154 1103 83 30 verk
1254 1105 49 28 ett
1321 1104 272 41 förslagsanslag
1613 1116 41 20 av
1672 1106 19 29 8
1705 1107 64 30 500

578 1149 144 36 kronor;

621 1200 37 34 b)
688 1201 53 29 till
769 1200 127 41 Bidrag
926 1202 52 30 till
1005 1203 67 29 den
1101 1203 280 31 internationella
1408 1205 233 40 penitentiära
1671 1207 99 30 kom-

577 1250 190 31 missionen
788 1253 48 28 ett
856 1253 272 39 förslagsanslag
1148 1264 41 20 av
1212 1255 92 30 1000
1327 1256 143 35 kronor;

621 1301 33 34 c)
684 1301 53 30 till
760 1302 128 40 Bidrag
914 1303 52 30 till
992 1303 281 31 internationella
1299 1305 174 31 institutet
1496 1307 59 39 för
1579 1307 191 41 unifiering

576 1361 42 20 av
638 1352 230 39 privaträtten
893 1355 47 28 ett
962 1354 273 40 förslagsanslag
1256 1366 43 21 av
1323 1356 18 30 3
1356 1356 61 30 000
1440 1357 146 35 kronor;

621 1402 37 34 d)
688 1402 53 30 till
767 1403 128 41 Bidrag
922 1403 52 31 till
997 1404 152 30 Nordisk
1178 1405 191 40 Tidsskrift
1393 1407 56 40 for
1474 1408 294 31 Kriminalviden-

575 1452 87 31 skab
684 1455 49 28 ett
754 1454 122 40 anslag
896 1464 41 21 av
959 1455 18 30 3
993 1455 63 30 000
1077 1456 144 35 kronor;

619 1503 33 33 e)
682 1504 53 29 till
756 1504 127 40 Bidrag
904 1505 52 30 till
976 1505 171 40 Tidskrift
1165 1507 57 39 för
1241 1507 253 31 kriminalvård
1514 1511 48 27 ett
1583 1510 121 39 anslag
1726 1520 42 20 av

578 1553 93 31 1000
692 1555 142 29 kronor.

307 1677 95 35 44:0)
432 1679 223 30 Kommittéer
680 1680 65 30 och
772 1682 222 35 utredningar
1019 1691 122 27 genom
1169 1683 228 37 sakkunniga.
1423 1685 124 37 Kungl.
1574 1686 103 36 Maj:t
1702 1686 64 30 har

272 1728 129 39 (punkt
425 1729 52 35 56,
503 1738 26 21 s.
555 1730 39 29 61
621 1731 64 29 och
709 1731 59 33 62)
798 1732 178 39 föreslagit
1001 1733 186 39 riksdagen
1212 1735 51 28 att
1288 1734 53 31 till
1367 1735 229 31 Kommittéer
1622 1737 65 30 och
1712 1739 54 28 ut-

265 1779 186 39 redningar
481 1787 123 32 genom
634 1782 222 39 sakkunniga
885 1783 53 29 för
967 1783 204 39 budgetåret
1203 1785 149 36 1951/52
1384 1785 122 31 anvisa
1534 1788 48 28 ett
1613 1796 153 22 reserva-

264 1829 216 40 tionsanslag
501 1840 43 20 av
565 1831 63 30 550
643 1832 61 30 000
727 1832 141 30 kronor.

310 1922 162 39 Anslaget
494 1924 39 28 är
555 1923 10 29 i
588 1924 157 38 gällande
767 1925 145 30 riksstat
932 1926 147 40 uppfört
1100 1928 77 29 med
1199 1927 64 30 425
1279 1928 62 31 000
1364 1929 140 31 kronor.

309 1972 391 40 Departementschefen
721 1975 66 30 har
809 1976 109 30 under
939 1977 116 30 denna
1076 1978 112 39 punkt
1212 1978 45 29 bl.
1283 1988 29 20 a.
1336 1979 116 30 anfört
1474 1980 168 39 följande.

306 2031 100 30 Flera
429 2041 42 21 av
493 2032 42 30 de
557 2042 48 21 nu
628 2033 178 39 pågående
828 2035 274 39 utredningarna
1126 2037 121 29 kunna
1271 2039 143 37 antagas
1438 2038 143 30 komma
1604 2041 50 28 att
1677 2040 86 30 fort-

262 2074 92 29 sätta
380 2075 112 29 under
518 2076 101 28 nästa
646 2075 180 40 budgetår.
854 2077 115 31 Under
998 2078 66 29 den
1092 2080 177 28 närmaste
1298 2080 188 29 framtiden
1515 2082 98 29 torde
1643 2081 119 31 vidare

260 2115 85 32 böra
369 2116 164 30 tillsättas
555 2117 93 30 vissa
670 2127 68 30 nya
761 2119 238 39 utredningar.
1023 2120 74 30 Den
1120 2130 42 21 av
1185 2121 188 40 riksdagen
1396 2122 149 39 begärda
1569 2124 193 39 översynen

260 2166 44 21 av
324 2159 327 39 rättegångsbalken
672 2161 99 29 torde
795 2161 146 30 sålunda
963 2164 139 28 snarast
1123 2163 83 30 böra
1228 2164 216 30 verkställas.
1467 2165 137 39 Frågan
1627 2175 57 20 om
1708 2168 55 28 ut-

260 2200 147 39 redning
431 2200 11 29 i
467 2202 161 29 nordiskt
654 2203 195 29 samarbete
874 2205 148 29 rörande
1048 2204 69 30 viss
1143 2205 220 40 lagstiftning
1388 2207 44 38 på
1458 2208 304 30 skadeståndsrät-

259 2243 78 29 tens
359 2243 140 30 område
523 2245 38 28 är
584 2244 117 30 vidare
724 2245 133 30 aktuell
878 2247 64 29 och
965 2247 150 29 arbetets
1137 2256 106 21 snara
1264 2248 264 39 igångsättande
1553 2250 64 29 har
1641 2250 121 39 påkal-

260 2284 67 30 lats
354 2285 80 30 från
459 2286 114 29 dansk
598 2287 64 29 och
687 2288 109 29 norsk
822 2288 84 30 sida.
934 2289 52 29 En
1013 2289 146 39 höjning
1185 2299 43 21 av
1252 2291 58 29 det
1335 2292 202 29 nuvarande
1563 2292 198 39 anslagsbe-

259 2326 118 40 loppet
399 2328 97 29 torde
521 2328 147 31 sålunda
691 2329 77 30 icke
792 2331 120 29 kunna
936 2331 185 30 undvikas.
1148 2332 117 39 Enligt
1291 2333 211 30 verkställda
1525 2334 236 39 beräkningar

261 2368 113 31 skulle
404 2369 434 41 justitiedepartementets
870 2373 189 31 kostnader
1091 2374 54 29 för
1176 2374 229 40 utredningar
1438 2376 65 29 och
1536 2376 225 40 sakkunniga

258 2411 113 30 under
391 2412 100 30 nästa
513 2413 168 39 budgetår
702 2414 109 39 draga
832 2424 42 20 en
896 2416 151 29 kostnad
1070 2425 42 21 av
1134 2416 212 30 åtminstone
1368 2417 62 30 550
1445 2418 63 30 000
1531 2419 139 29 kronor.
1693 2418 67 30 Det

259 2453 39 29 är
325 2454 189 31 emellertid
543 2455 74 29 min
643 2456 114 29 avsikt
786 2458 51 28 att
865 2457 169 39 begränsa
1061 2459 339 38 utredningsarbetet
1426 2459 53 30 till
1505 2461 66 29 vad
1599 2469 74 20 som
1700 2461 60 39 på-

258 2494 113 31 kallas
393 2505 42 21 av
457 2497 140 39 mycket
619 2498 119 30 starka
760 2499 87 29 skäl.
