1876 2800
296 177 21 30 6
759 174 247 30 Statsutskottets
1026 176 157 29 utlåtande
1202 185 39 20 nr
1259 177 61 29 233.

298 276 298 40 värnsregemente
626 275 170 42 förlägges
828 278 50 31 till
909 279 182 40 Norrtälje.
1124 280 62 32 Det
1208 282 96 31 torde
1326 282 36 31 få
1383 283 187 32 ankomma
1592 283 43 41 på
1659 285 122 40 Kungl.

299 329 101 40 Maj:t
420 333 48 28 att
488 330 10 31 i
520 330 114 41 vanlig
654 331 147 40 ordning
821 332 186 39 godkänna
1027 335 125 30 avtalet
1173 334 10 30 i
1204 335 108 40 fråga.

343 383 169 32 Utskottet
533 383 195 40 tillstyrker,
750 388 48 28 att
819 386 56 31 det
895 386 55 31 för
969 387 243 32 markförvärv
1233 389 194 39 föreslagna
1450 391 168 39 beloppet,
1645 392 59 30 155
1718 393 64 29 000

297 436 139 37 kronor,
465 437 138 31 anvisas
632 447 42 21 av
702 438 195 40 riksdagen.
928 439 78 32 Med
1036 441 137 39 hänsyn
1202 442 50 30 till
1283 443 278 31 önskvärdheten
1580 455 42 20 av
1642 445 138 31 kasern-

297 489 306 33 etablissementets
624 500 101 22 snara
745 492 219 39 uppförande
985 493 186 40 tillstyrker
1192 495 164 32 utskottet
1378 496 125 36 vidare,
1526 501 48 27 att
1596 499 110 30 medel
1728 499 54 30 för

297 543 280 41 förläggningens
611 544 179 32 ordnande
823 546 136 31 anvisas
993 546 55 32 för
1082 548 99 31 nästa
1214 548 168 41 budgetår
1418 550 47 31 till
1501 554 45 28 ett
1580 552 125 39 belopp
1739 562 42 21 av

297 597 20 30 3
328 597 64 30 000
403 598 63 30 000
485 597 139 32 kronor.
645 598 170 32 Utskottet
834 599 210 37 förutsätter,
1065 604 49 28 att
1133 601 263 41 möjligheterna
1416 607 48 28 att
1484 603 10 31 i
1515 603 266 42 fortsättningen

297 650 141 32 bedriva
462 650 170 40 jordbruk
656 651 20 31 å
700 652 243 40 övningsfältet
969 654 74 31 icke
1068 654 205 32 inskränkes
1298 666 74 21 mer
1397 657 43 30 än
1465 658 67 30 vad
1557 667 75 22 som
1658 668 42 21 av
1726 660 56 30 det

297 704 150 30 militära
465 704 234 40 utnyttjandet
718 715 42 21 av
778 706 192 32 detsamma
990 707 72 31 kan
1080 718 99 21 anses
1199 718 82 22 vara
1301 709 161 40 påkallat.
1484 711 13 30 I
1519 711 97 40 fråga
1637 722 57 20 om
1714 713 66 30 sät-

296 760 47 28 tet
361 757 55 31 för
433 757 251 32 kostnadernas
702 758 219 33 bestridande
940 761 64 30 har
1023 761 162 32 utskottet
1206 762 74 31 icke
1301 762 103 40 något
1423 767 47 27 att
1490 764 113 31 erinra
1623 769 72 27 mot
1715 766 66 31 vad

297 810 380 40 departementschefen
694 812 213 32 härutinnan
927 813 186 41 föreslagit.

341 863 116 32 Under
474 864 219 40 åberopande
711 875 42 22 av
772 866 56 31 det
847 866 147 32 anförda
1012 868 199 31 hemställer
1229 869 173 36 utskottet,

606 975 48 28 att
675 971 184 41 riksdagen
879 972 58 32 må

605 1041 31 40 a)
666 1042 142 37 besluta,
834 1046 49 29 att
907 1044 219 32 Stockholms
1152 1046 365 41 luftvärnsregemente
1542 1049 87 31 skall
1656 1050 123 40 förläg-

562 1104 58 31 gas
641 1096 51 31 till
712 1096 181 41 Norrtälje,

604 1166 34 39 b)
668 1167 50 31 till
744 1168 100 31 Mark
870 1169 56 38 för
952 1170 211 39 övningsfält
1188 1171 55 37 för
1269 1171 218 32 Stockholms
1515 1173 265 41 luftvärnsrege-

561 1224 112 28 mente
696 1221 54 30 för
772 1221 202 40 budgetåret
999 1219 138 43 1945/46
1160 1225 109 30 under
1292 1225 185 31 försvarets
1501 1226 278 40 fastighetsfond,

560 1274 137 31 arméns
736 1275 151 37 delfond,
927 1276 121 31 anvisa
1086 1280 46 28 ett
1171 1277 345 42 investeringsanslag
1557 1290 42 21 av
1642 1281 59 30 155
1716 1282 63 29 000

559 1327 139 37 kronor,

604 1397 29 40 c)
663 1399 50 31 till
733 1399 185 32 Ordnande
935 1411 42 21 av
995 1401 219 32 Stockholms
1231 1403 382 40 luftvärnsregementes
1632 1405 147 40 förlägg-

559 1453 83 39 ning
665 1453 54 30 för
742 1453 201 40 budgetåret
971 1449 139 41 1945/46
1134 1456 109 31 under
1267 1466 133 22 samma
1425 1458 141 30 delfond
1591 1459 118 31 anvisa
1734 1462 44 27 ett

560 1505 344 42 investeringsanslag
929 1518 42 21 av
997 1509 18 29 3
1029 1509 64 30 000
1107 1510 64 30 000
1194 1510 139 31 kronor.

338 1610 200 33 Stockholm
555 1612 66 32 den
640 1613 38 31 19
693 1612 75 41 juni
787 1614 93 31 1945.

784 1719 48 32 På
852 1721 268 32 statsutskottets
1142 1723 141 39 vägnar:

836 1827 29 31 J.
892 1827 35 31 B.
954 1827 271 33 JOHANSSON.

334 2058 58 28 Vid
413 2058 196 29 förestående
629 2059 131 29 ärendes
780 2060 250 38 slutbehandling
1051 2062 84 28 inom
1157 2063 146 32 utskottet
1323 2064 80 28 hava
1424 2067 141 27 närvarit

336 2121 69 28 från
429 2120 141 29 första
625 2130 231 20 kammaren:
881 2124 114 27 herrar
1016 2124 104 28 Johan
1141 2125 165 29 Bernhard
1330 2126 183 33 Johansson,
1539 2129 96 27 Oscar
1659 2130 116 30 Olsson,

289 2166 99 31 Pauli,
407 2166 186 31 Lindström,
611 2167 168 32 Bäcklund,
798 2168 165 28 Bernhard
983 2169 133 32 Nilsson,
1136 2170 74 28 Karl
1229 2170 186 33 Andersson,
1435 2173 248 31 Mannerskantz,
1705 2174 70 28 Gill-

289 2210 107 31 ström,
415 2209 112 29 Gustav
543 2209 81 30 Emil
640 2211 186 33 Andersson,
843 2212 180 29 Albertsson
1040 2214 59 27 och
1115 2214 72 28 Ivar
1203 2215 146 34 Persson;
1369 2220 78 24 samt

332 2271 71 28 från
449 2272 106 28 andra
606 2282 211 20 kammaren:
858 2275 115 28 herrar
990 2275 150 29 Eriksson
1160 2277 9 28 i
1190 2277 186 35 Stockholm,
1401 2279 102 32 Ward,
1523 2280 96 31 Falla,
1640 2280 133 29 Anders-

287 2323 56 20 son
356 2315 10 28 i
379 2316 122 34 Malmö,
516 2317 117 36 Norup,
651 2319 223 32 Wallentheim,
889 2320 173 32 Lindholm,
1079 2321 102 35 Onsjö,
1195 2322 120 36 Hoppe,
1331 2324 116 27 Boman
1462 2325 9 27 i
1486 2324 125 36 Kieryd,
1628 2324 144 37 Thapper

287 2361 58 27 och
365 2360 101 29 Birke.
