1850 2756
256 195 63 30 134
553 197 121 30 Andra
696 198 245 39 lagutskottets
964 199 180 30 utlåtande
1165 208 43 20 nr
1228 199 42 29 27
1292 199 39 30 år
1355 200 83 29 1962

295 277 13 29 I
333 277 557 40 socialförsäkringskommitténs
914 278 130 40 förslag
1069 281 49 28 att
1143 279 97 39 slopa
1263 280 117 39 regeln
1404 289 57 21 om
1484 280 188 31 reduktion
1695 289 42 22 av

249 329 285 41 sjukpenningen
556 330 89 31 efter
670 331 60 30 180
753 331 124 40 dagars
901 331 165 39 sjukdom
1088 333 65 29 har
1176 332 280 40 remissorganen
1478 334 257 39 genomgående

251 382 157 35 instämt,
428 384 64 28 och
510 383 60 40 jag
591 383 116 30 finner
727 384 165 39 förslaget
911 384 219 40 välgrundat.
1152 385 127 39 Regeln
1300 386 71 29 kan
1390 386 187 29 betecknas
1598 395 75 20 som
1694 395 42 20 en

250 435 167 30 kvarleva
430 436 78 29 från
524 436 350 40 sjukförsäkringens
889 438 361 39 uppbyggnadsskede
1263 439 45 29 då
1323 439 41 29 de
1379 439 230 30 ekonomiska
1624 448 113 21 resur-

251 496 105 22 serna
370 498 62 20 var
446 498 95 21 mera
555 490 215 39 begränsade
786 491 64 29 och
865 490 239 31 erfarenheter
1119 491 183 30 saknades.
1319 492 57 29 Ett
1392 492 55 29 väl
1464 493 176 29 utvecklat
1656 501 82 31 pen-

251 541 230 40 sionssystem
500 543 38 29 är
556 551 76 20 som
651 543 208 30 kommittén
877 543 90 30 visat
984 544 72 30 inte
1076 544 163 39 förenligt
1258 545 79 29 med
1357 544 381 40 sjukförsäkringsreg-

249 593 61 36 ler,
332 604 76 20 som
428 603 58 31 ger
506 595 141 40 upphov
666 596 51 30 till
738 596 120 30 starka
877 597 180 39 växlingar
1076 598 10 28 i
1108 597 388 40 försäkringsskyddets
1516 598 111 30 nivå.»

644 750 271 36 Sjukpenningens
931 752 117 27 storlek
1064 752 51 27 vid
1132 752 210 35 sjukhusvård

246 824 413 42 Departementschefen:

293 897 15 17 »
315 886 545 41 Socialförsäkringskommittén
883 889 64 29 har
970 889 70 40 lagt
1064 889 92 30 fram
1181 889 130 40 förslag
1334 899 56 20 om
1415 892 51 28 att
1501 891 234 40 sjukpen-

246 939 215 41 ningens
494 941 197 30 storlek
723 942 80 30 vid
837 942 339 40 sjukhusvård
1208 943 88 30 skall
1319 943 193 31 fastställas
1534 944 53 30 till
1609 946 49 29 ett
1679 945 57 29 be-

247 993 93 39 lopp,
363 1002 75 21 som
459 994 220 40 understiger
700 995 400 41 sjukpenningbeloppet
1121 997 11 29 i
1153 997 118 39 övriga
1292 996 63 30 fall
1375 997 80 29 med
1476 997 18 29 5
1516 997 53 29 kr.
1590 998 66 39 Jag
1676 1007 60 20 an-

248 1055 57 21 ser
321 1047 72 39 mig
408 1047 121 29 kunna
544 1048 150 39 godtaga
709 1048 227 30 kommitténs
953 1048 141 41 förslag.
1112 1049 155 30 Kvinnor
1284 1050 79 29 med
1379 1050 86 29 barn
1484 1051 111 29 under
1614 1051 38 29 10
1670 1051 38 30 år
1725 1050 9 29 i

247 1099 156 31 hemmet
421 1100 64 29 bör
505 1100 100 30 alltid
624 1110 86 21 vara
729 1102 227 39 garanterade
977 1111 42 20 en
1041 1102 239 40 sjukpenning
1301 1112 43 20 av
1364 1103 108 29 minst
1493 1104 18 29 5
1534 1104 62 34 kr.,
1619 1103 115 30 vartill

249 1151 158 31 kommer
426 1153 239 40 barntillägg.»

319 1307 269 36 Sjukhjälpstiden
604 1313 84 24 samt
704 1311 241 34 samordningen
961 1311 117 27 mellan
1095 1312 251 34 sjukförsäkring
1364 1313 60 26 och
1439 1312 218 35 pensionering

243 1383 414 42 Departementschefen:

291 1445 138 40 »Enligt
452 1446 556 40 socialförsäkringskommitténs
1032 1448 131 40 förslag
1187 1449 88 30 skall
1298 1450 57 29 det
1378 1450 71 29 inte
1472 1450 118 39 längre
1614 1450 118 30 finnas

245 1498 117 40 någon
393 1500 217 30 maximerad
653 1501 388 40 sjukhjälpstid
1084 1502 56 30 för
1171 1503 111 29 andra
1311 1503 46 29 än
1389 1503 343 40 ålderspensionärer

244 1552 66 29 och
331 1553 95 29 vissa
449 1553 365 40 förtidspensionärer.
838 1555 215 30 Kommittén
1076 1556 60 29 vill
1159 1556 91 29 dock
1271 1556 139 30 behålla
1432 1566 42 20 en
1498 1557 235 39 begränsning

243 1606 11 28 i
278 1605 312 41 sjukhjälpstiden,
615 1607 175 30 såtillvida
811 1610 50 28 att
884 1609 194 39 ersättning
1101 1609 55 29 för
1179 1609 240 40 sjukhusvård
1441 1610 72 29 inte
1537 1610 89 30 skall
1651 1611 82 39 utgå

245 1658 56 30 för
315 1659 51 30 tid
381 1659 89 30 efter
484 1659 57 31 det
554 1660 133 30 vården
701 1661 119 39 pågått
836 1661 61 30 730
913 1661 106 40 dagar
1034 1663 11 29 i
1060 1672 43 20 en
1119 1662 100 40 följd.

290 1712 254 31 Grundtanken
570 1714 12 29 i
609 1714 353 40 kommittéförslaget
989 1717 38 28 är
1054 1718 51 28 att
1133 1716 183 40 sjukhjälp
1345 1717 89 30 skall
1462 1717 83 40 utgå
1572 1717 53 30 till
1652 1717 78 31 dess

242 1766 195 39 pensionen
458 1768 54 28 tar
532 1767 69 30 vid.
624 1767 13 29 I
659 1767 136 40 princip
816 1768 63 30 bör
900 1768 56 30 det
977 1769 72 29 inte
1071 1769 216 39 uppkomma
1308 1779 81 20 vare
1412 1770 51 39 sig
1484 1770 124 30 luckor
1629 1771 12 30 i
1663 1770 68 31 för-

242 1818 314 41 säkringsskyddet
573 1820 85 30 eller
675 1820 372 41 dubbelersättningar.
1066 1822 216 30 Kommittén
1299 1822 60 30 vill
1377 1823 72 30 inte
1466 1823 112 40 bygga
1607 1833 50 21 sam
1718 1841 12 6 -

243 1871 284 40 ordningen
569 1873 186 30 mellan
798 1873 417 42 sjukförsäkring
1256 1876 83 29 och
1381 1876 350 40 pensionering

242 1924 46 39 på
311 1934 43 20 en
378 1925 279 41 gränsdragning
681 1926 129 30 mellan
832 1927 196 40 begreppen
1052 1928 167 39 sjukdom
1243 1929 65 29 och
1332 1929 206 35 invaliditet,
1563 1929 166 30 eftersom

240 1977 104 31 dessa
363 1978 151 41 begrepp
533 1979 74 30 inte
627 1980 72 30 kan
719 1981 101 38 göras
841 1981 172 39 entydiga.
1035 1981 244 40 Riktpunkten
1300 1981 55 31 för
1375 1982 354 41 kommittéförslaget

240 2032 40 29 är
296 2031 12 30 i
326 2032 115 30 stället
458 2034 50 28 att
526 2032 284 40 sjukpenningen
828 2033 89 30 skall
934 2043 195 21 reserveras
1147 2034 73 31 dels
1238 2034 55 31 för
1309 2035 202 40 kortvariga
1529 2036 201 39 sjukdoms-

241 2083 74 36 fall,
338 2084 75 31 dels
435 2084 55 31 för
510 2085 69 30 den
602 2085 112 31 första
736 2086 95 30 tiden
853 2087 58 30 vid
932 2087 202 40 långvariga
1157 2087 72 31 fall.
1252 2088 78 30 Med
1354 2088 115 30 denna
1492 2089 237 40 uppläggning

240 2137 73 30 kan
333 2138 61 30 det
418 2138 190 39 självfallet
631 2139 72 30 inte
725 2139 48 30 bli
796 2140 68 29 den
888 2139 224 32 försäkrades
1136 2141 108 30 ensak
1269 2143 50 28 att
1344 2143 127 38 avgöra
1495 2144 64 28 när
1582 2143 146 39 pension

240 2190 91 30 skall
352 2190 103 40 börja
476 2192 92 39 utgå,
591 2192 65 30 och
678 2192 210 31 kommittén
909 2193 64 30 har
995 2193 106 31 också
1124 2193 188 40 föreslagit,
1336 2197 50 28 att
1409 2194 320 42 försäkringsorga-

241 2252 69 21 nen
334 2244 91 30 skall
448 2245 46 29 ha
517 2244 185 40 möjlighet
726 2247 50 28 att
801 2245 191 31 oberoende
1017 2256 43 20 av
1084 2247 158 30 ansökan
1266 2247 71 30 låta
1363 2248 285 40 sjukpenningen
1672 2259 56 21 av-

239 2296 93 31 lösas
354 2306 43 22 av
417 2297 286 40 förtidspension.

283 2350 54 29 En
354 2350 139 40 lösning
511 2360 42 21 av
571 2351 450 40 samordningsproblemen
1039 2352 89 31 efter
1146 2353 371 41 kommittéförslagets
1536 2355 106 40 linjer
1661 2355 67 30 fin-

239 2411 62 22 ner
320 2402 61 41 jag
401 2403 153 40 naturlig
575 2403 56 31 för
651 2406 49 28 ett
725 2404 5 30 i
751 2405 158 39 grunden
930 2406 168 39 enhetligt
1119 2405 363 42 försäkringssystem,
1505 2417 75 21 som
1601 2409 127 30 omfat-

238 2457 56 29 tar
315 2455 89 32 både
427 2456 287 41 sjukförsäkring
737 2458 64 29 och
824 2458 257 40 pensionering.
1104 2459 66 40 Jag
1192 2459 71 30 kan
1285 2460 90 30 dock
1398 2461 72 29 inte
1494 2461 142 31 förorda
1660 2462 66 30 den

237 2518 44 21 av
302 2509 211 31 kommittén
536 2510 200 40 föreslagna
757 2511 127 39 regeln,
909 2520 74 21 som
1005 2511 190 40 begränsar
1218 2513 239 40 ersättningen
1480 2514 55 30 för
1559 2514 168 40 sjukhus-
