1862 2756
263 157 64 31 284
559 161 122 31 Andra
702 162 246 40 lagutskottets
971 164 179 32 utlåtande
1171 174 45 22 nr
1235 166 42 30 27
1298 166 40 31 år
1360 167 85 30 1962

261 238 66 30 och
348 238 151 32 kvinnor
521 240 83 30 eller
628 243 52 28 att
703 250 153 23 mannen
880 243 11 30 i
914 243 95 31 vissa
1032 243 62 31 fall
1118 244 71 31 kan
1213 245 47 31 ha
1284 255 135 21 samma
1441 247 112 30 behov
1576 258 43 20 av
1643 248 104 30 efter-

260 290 260 42 levandeskydd
547 303 75 21 som
649 294 167 36 kvinnan,
844 297 102 39 utgör
972 298 72 29 inte
1071 297 114 40 någon
1213 299 229 41 allmängiltig
1469 301 84 30 eller
1579 298 166 48 generellt

259 344 153 31 bärande
432 347 208 40 motivering
660 347 56 31 för
736 350 50 29 att
807 349 109 30 sådan
936 350 70 30 rätt
1026 350 62 31 bör
1108 351 178 41 föreligga.
1307 353 60 30 Att
1387 354 195 39 avgifterna
1602 355 53 30 till
1677 355 69 30 för-

260 398 187 40 säkringen
470 401 135 39 uttages
629 400 90 31 efter
742 411 134 21 samma
898 405 194 38 procenttal
1116 406 102 38 utgör
1240 406 76 30 icke
1339 406 115 40 någon
1477 408 149 39 generell
1651 408 95 30 favo-

258 451 149 40 risering
427 461 43 22 av
490 453 154 30 männen
665 455 12 29 i
700 454 219 32 förhållande
940 457 54 30 till
1015 457 199 31 kvinnorna
1236 461 85 28 utan
1343 469 43 20 av
1407 460 42 30 de
1471 460 88 40 gifta
1579 462 12 29 i
1614 461 131 31 förhål-

258 504 102 31 lande
383 506 53 29 till
461 506 41 30 de
526 506 110 40 ogifta
660 507 216 32 försäkrade.
900 509 47 31 Är
970 510 90 30 båda
1083 512 173 30 makarna
1280 512 205 31 försäkrade
1509 514 160 31 minskar
1693 515 52 30 fa-

257 558 107 30 vören
385 558 90 31 dock
496 560 71 30 inte
589 560 83 30 helt.
696 561 13 30 I
732 561 99 41 fråga
853 571 57 21 om
932 563 386 42 efterlevandeskyddet
1341 566 55 30 för
1417 567 88 30 barn
1527 577 100 21 avser
1649 568 96 31 detta

258 611 176 40 nämligen
459 613 87 30 även
572 613 159 41 kvinnlig
757 614 196 32 försäkrad.
979 617 152 31 Behovet
1157 628 43 20 av
1225 619 312 40 änklingspension
1563 621 71 30 kan
1659 631 85 21 vara

257 664 274 37 framträdande,
554 666 45 31 då
621 667 154 31 hustrun
798 669 39 29 är
859 668 69 31 den
950 670 258 41 huvudsakliga
1231 671 227 41 försörjaren,
1481 683 82 21 men
1586 674 96 31 detta
1705 675 39 30 är

255 717 73 30 inte
348 718 39 30 så
405 719 146 31 allmänt
571 719 299 38 förekommande,
891 724 52 29 att
962 723 58 31 det
1038 725 190 30 motiverar
1246 727 49 29 ett
1313 725 185 32 införande
1519 736 42 21 av
1580 737 44 21 en
1643 736 101 32 gene-

256 771 63 30 rell
335 772 71 30 rätt
421 773 54 30 till
491 773 323 41 änklingspension.

299 824 79 30 Med
401 825 138 40 hänsyn
562 827 54 30 till
640 828 296 39 angelägenheten
960 839 43 21 av
1026 832 51 29 att
1101 831 39 30 så
1164 831 96 40 långt
1284 833 138 40 möjligt
1445 833 209 32 eftersträva
1677 835 66 30 lik-

256 878 119 30 artade
398 879 111 39 regler
533 879 56 30 för
611 881 283 39 pensionsrätten
918 883 97 30 inom
1039 883 368 42 folkpensioneringen
1431 887 66 30 och
1520 887 223 41 tilläggspen-

256 930 221 41 sioneringen
497 933 65 30 och
581 934 54 29 till
656 936 52 28 att
728 934 209 41 tillräckliga
958 936 77 31 skäl
1056 936 55 31 för
1130 937 186 32 införande
1337 948 42 21 av
1399 940 70 30 rätt
1490 941 52 30 till
1563 937 180 49 änklings-

254 984 147 39 pension
421 985 96 30 inom
538 986 432 43 tilläggspensioneringen
991 990 76 30 icke
1089 990 147 35 anförts,
1258 993 182 39 avstyrker
1460 994 171 30 utskottet
1653 995 90 30 före-

254 1038 152 30 varande
425 1039 183 31 motioner.

296 1117 39 35 b)
364 1120 51 28 att
435 1119 170 31 utskottet

299 1170 72 31 dels
387 1172 113 30 under
515 1173 37 29 E.
568 1173 79 30 bort
662 1174 195 35 hemställa,

299 1226 51 28 att
374 1225 187 40 riksdagen
586 1227 11 29 i
623 1227 190 41 anledning
835 1238 46 21 av
904 1230 222 31 motionerna
1151 1231 29 30 I:
1196 1231 64 31 650
1287 1233 64 29 och
1377 1233 46 30 II:
1441 1233 72 35 782,
1540 1234 29 30 I:
1585 1234 63 31 655
1676 1235 66 30 och

254 1276 45 31 II:
316 1277 73 36 772,
414 1278 29 30 1:
459 1279 62 30 657
546 1279 66 30 och
636 1279 47 31 II:
700 1280 62 31 785
792 1280 190 40 (yrkandet
1005 1283 113 31 under
1141 1284 39 30 A.
1195 1284 52 35 9),
1273 1285 29 30 I:
1318 1285 63 31 662
1407 1286 64 30 och
1497 1287 46 30 II:
1560 1287 61 30 787
1649 1291 91 27 samt

252 1329 46 31 II:
315 1330 61 31 783
398 1331 110 31 måtte
527 1332 12 30 i
561 1332 169 32 skrivelse
751 1334 53 30 till
826 1334 127 41 Kungl.
976 1336 106 40 Maj:t
1103 1337 143 31 anhålla
1267 1347 57 21 om
1348 1348 42 21 en
1413 1339 327 41 förutsättningslös

253 1383 187 41 utredning
451 1385 179 40 angående
642 1386 239 40 änkepension
894 1388 53 31 till
961 1388 174 32 frånskild
1148 1390 147 37 kvinna;

297 1436 73 30 dels
390 1437 66 30 ock
474 1455 45 4 —
539 1438 117 30 såsom
676 1448 44 21 en
740 1439 89 40 följd
849 1440 110 31 härav
977 1459 45 4 —
1041 1442 111 31 under
1172 1443 38 30 F.
1230 1443 78 31 bort
1328 1444 195 35 hemställa,
1545 1448 50 28 att
1616 1447 125 30 motio-

252 1497 109 22 nerna
382 1489 29 31 1:
426 1489 62 31 481
512 1491 65 30 och
598 1492 47 29 II:
661 1492 64 30 560
747 1493 75 30 icke
843 1493 109 31 måtte
974 1494 181 32 föranleda
1177 1496 115 40 någon
1313 1498 206 40 riksdagens
1542 1499 132 40 åtgärd.

248 1647 62 32 Vid
330 1648 37 31 F.
391 1649 12 31 i
426 1650 178 32 utskottets
626 1650 202 34 hemställan
852 1655 103 42 (utan
977 1654 112 32 direkt
1111 1656 210 43 anknytning
1344 1658 50 31 till
1409 1658 40 32 de
1464 1660 13 30 i
1491 1656 248 50 propositionen

686 1704 186 44 framlagda
886 1707 404 48 författningsförslagen)

291 1782 71 30 XII.
390 1783 117 34 (avser
527 1784 285 41 behovsprövade
833 1787 264 42 modersbidrag
1119 1790 53 30 till
1194 1792 267 31 ensamstående
1483 1794 159 35 mödrar)

293 1844 42 21 av
349 1835 58 30 fru
421 1837 308 32 Hamrin-Thorell
743 1840 66 30 och
824 1839 125 32 fröken
963 1842 218 31 Nordström.

291 1960 89 30 XIII.
414 1960 117 34 (avser
557 1961 212 42 barntillägg
796 1964 52 30 till
877 1965 381 43 tilläggssjukpenning
1285 1970 11 29 i
1325 1970 189 41 anledning
1542 1981 43 20 av
1612 1973 122 30 barns-

245 2012 104 36 börd)

292 2075 42 21 av
351 2066 58 30 fru
427 2067 317 33 Hamrin-Thorell.

287 2191 87 30 XIV.
404 2193 116 34 (avser
533 2194 403 43 invaliditetsbegreppet
949 2198 222 31 beträffande
1186 2200 42 30 de
1241 2201 136 35 blinda)

290 2253 42 21 av
349 2244 82 31 herr
448 2245 244 42 Rimmerfors.

285 2368 70 30 XV.
385 2369 117 34 (avser
524 2370 233 42 självständig
778 2374 238 39 pensionsrätt
1039 2375 54 31 för
1115 2377 272 31 hemarbetande
1409 2379 229 37 husmödrar)

288 2429 43 21 av
352 2420 58 31 fru
431 2422 318 40 Hamrin-Thorell,
772 2425 125 32 fröken
918 2428 218 38 Nordström,
1160 2430 122 30 herrar
1303 2431 183 32 Anderson
1509 2434 11 29 i
1545 2434 185 31 Sundsvall

244 2474 65 30 och
324 2474 242 42 Rimmerfors,
583 2478 96 31 vilka
696 2481 124 34 ansett,
