1852 2760
415 166 121 32 Andra
558 165 247 41 lagutskottets
828 163 180 32 utlåtande
1029 171 44 22 nr
1093 162 43 31 27
1157 162 41 31 år
1220 161 84 30 1962

296 248 184 37 (Gällande
505 246 149 41 lydelse)

117 312 81 31 med
221 311 138 31 hälften
383 319 42 21 av
450 310 57 30 det
531 308 137 40 belopp,
692 305 145 33 varmed

118 365 109 41 priset
249 364 59 31 må
329 363 174 40 överstiga
524 364 54 29 tre
599 362 142 30 kronor.
764 359 73 31 Har

119 419 113 30 under
267 427 44 21 en
347 417 126 31 formel
510 415 202 31 förskrivits
749 414 89 30 flera

119 471 204 36 läkemedel,
363 469 89 32 skall
490 467 349 43 prisnedsättningen

121 534 81 21 avse
215 525 67 30 den
295 522 265 40 sammanlagda
572 521 207 31 kostnaden.
792 519 47 31 är

122 577 240 40 förskrivning
393 576 129 31 avsedd
553 577 53 29 att
637 573 202 41 expedieras

121 641 75 21 mer
216 632 43 29 än
279 639 43 22 en
340 629 100 41 gång,
459 628 91 32 skall
569 627 270 39 nedsättningen

121 684 152 31 hänföra
296 683 52 41 sig
369 682 53 32 till
443 681 100 41 varje
566 680 209 41 expedition.

168 844 76 31 Vad
264 852 49 22 nu
334 844 95 39 sagts
449 851 58 21 om
528 841 68 31 den
618 849 76 22 som
714 841 39 29 är
772 839 71 41 för-

125 898 131 31 säkrad
292 896 143 41 jämlikt
474 895 101 40 lagen
615 903 57 21 om
711 893 132 31 allmän

125 950 289 41 sjukförsäkring
442 948 93 31 skall
563 948 66 31 ock
656 947 91 40 gälla
776 945 68 31 den

126 1014 87 28 som,
238 1006 84 28 utan
345 1004 52 30 att
421 1011 81 22 vara
525 1000 190 42 försäkrad
738 999 106 40 enligt

126 1057 156 31 nämnda
300 1057 66 40 lag,
385 1055 108 31 vistas
510 1054 67 32 här
595 1054 12 30 i
624 1054 92 30 riket
734 1052 112 31 under

127 1110 255 42 förutsättning
398 1110 52 29 att
463 1108 73 31 han
552 1108 40 30 är
607 1107 129 31 svensk
751 1106 96 30 med-

129 1165 144 39 borgare
298 1163 84 31 eller
405 1161 184 31 härstädes
613 1161 42 30 är
680 1160 12 30 i
715 1159 131 31 allmän

129 1218 84 30 eller
227 1216 139 32 enskild
380 1215 121 41 tjänst.

174 1270 94 31 Från
284 1267 302 43 prisnedsättning
622 1285 24 4 —
676 1284 30 4 —
734 1284 29 5 —
791 1283 30 4 —
848 1282 37 5 —

1544 157 61 31 103

1050 241 228 40 (Föreslagen
1302 239 148 42 lydelse)

893 305 112 30 första
1032 304 154 35 klassen,
1215 302 142 40 åtnjuta
1384 299 227 40 nedsättning

891 367 45 22 av
953 357 170 31 fastställt
1140 357 74 40 pris
1232 355 56 31 för
1303 353 211 33 läkemedlet
1531 352 81 31 med

893 411 137 31 hälften
1049 419 43 23 av
1110 410 58 31 det
1185 409 137 40 belopp,
1340 407 144 32 varmed
1503 405 109 42 priset

893 465 59 31 må
974 464 174 40 överstiga
1169 465 53 29 tre
1242 463 142 30 kronor.
1405 460 74 31 Har
1500 459 114 31 under

895 527 43 22 en
952 517 126 31 formel
1089 516 204 31 förskrivits
1307 515 88 30 flera
1407 511 206 36 läkemedel,

897 571 89 31 skall
1031 569 347 42 prisnedsättningen
1422 575 81 23 avse
1546 565 69 31 den

896 623 267 41 sammanlagda
1205 621 207 32 kostnaden.
1455 619 47 31 Är
1545 619 72 31 för-

897 678 184 39 skrivning
1100 676 129 31 avsedd
1247 677 52 29 att
1316 673 205 41 expedieras
1541 680 76 22 mer

899 732 44 30 än
959 740 43 21 en
1017 730 102 41 gång,
1137 729 90 31 skall
1243 727 271 40 nedsättningen
1529 726 88 30 hän-

899 784 78 30 föra
993 784 53 40 sig
1061 783 53 30 till
1130 782 100 40 varje
1245 781 209 41 expedition.

942 837 77 31 Vad
1037 845 51 22 nu
1109 838 95 38 sagts
1222 844 60 22 om
1300 835 69 30 den
1389 842 77 22 som
1486 833 39 30 är
1545 841 74 21 om-

899 891 115 41 fattad
1030 899 43 22 av
1088 888 289 42 sjukförsäkring
1393 886 108 41 enligt
1517 886 101 40 lagen

901 954 57 21 om
985 944 132 30 allmän
1144 942 202 41 försäkring
1372 940 93 31 skall
1492 938 128 41 beträf-

902 998 106 40 fande
1025 996 199 42 försäkrad,
1240 1004 75 22 som
1333 995 41 30 är
1390 994 115 31 bosatt
1522 994 97 29 utom

903 1051 101 37 riket,
1023 1050 92 40 gälla
1133 1049 150 31 allenast
1300 1048 58 41 för
1377 1047 50 31 tid
1446 1046 176 32 varunder

903 1104 70 31 han
993 1104 108 31 vistas
1118 1102 195 32 härstädes.

899 1282 45 5 —
961 1264 137 40 stycket
1115 1272 110 22 avses.

846 1362 59 38 4$

175 1430 73 30 Har
272 1428 188 41 apotekare
484 1428 74 29 mot
581 1428 119 38 recept
724 1424 128 31 utläm-

132 1485 63 29 nat
211 1481 204 36 läkemedel,
434 1490 75 21 som
526 1489 100 21 avses
641 1479 14 30 i
671 1479 19 30 2
711 1478 27 38 8,
755 1478 97 30 kost-

133 1536 168 31 nadsfritt
317 1535 84 31 eller
413 1533 206 35 läkemedel,
634 1540 122 22 varom
772 1531 79 39 sägs

133 1590 13 30 i
163 1590 19 30 3
202 1589 27 38 $,
246 1588 53 31 till
315 1588 139 30 nedsatt
470 1586 84 41 pris,
573 1587 81 39 äger
669 1585 71 30 han
756 1585 12 30 i
783 1583 70 31 den

135 1642 149 40 ordning
324 1641 196 39 Konungen
558 1639 214 30 bestämmer
811 1645 44 22 av

136 1697 66 29 den
228 1696 12 30 i
264 1695 100 40 lagen
391 1703 55 21 om
473 1692 132 32 allmän
630 1690 225 41 sjukförsäk-

135 1749 79 40 ring
262 1747 151 32 avsedda
464 1744 391 42 tillsynsmyndigheten

137 1802 133 30 erhålla
294 1800 195 39 ersättning
513 1799 81 29 med
618 1797 126 40 belopp
766 1798 91 28 mot-

138 1854 171 31 svarande
329 1854 11 30 i
361 1853 97 30 förra
477 1851 99 31 fallet
597 1850 169 31 fastställt
786 1849 71 30 för-

140 1906 247 41 säljningspris
416 1905 65 30 och
508 1904 103 39 eljest
639 1902 218 31 föreskriven

139 1959 310 42 prisnedsättning.

949 1423 74 30 Har
1047 1422 189 40 apotekare
1260 1422 73 29 mot
1356 1421 119 38 recept
1498 1418 128 31 utläm-

907 1479 61 28 nat
985 1475 205 36 läkemedel,
1206 1483 79 22 som
1301 1482 98 22 avses
1415 1473 14 30 i
1445 1472 19 31 2
1484 1471 29 38 8,
1531 1472 96 30 kost-

908 1529 169 30 nadsfritt
1092 1528 84 30 eller
1188 1526 206 36 läkemedel,
1408 1534 123 22 varom
1548 1525 78 39 sägs

908 1582 13 31 i
937 1582 19 31 3
976 1582 28 37 $,
1019 1582 55 31 till
1091 1581 140 31 nedsatt
1247 1580 83 40 pris,
1348 1580 81 39 äger
1443 1579 73 30 han
1531 1578 13 30 i
1559 1577 68 31 den

910 1635 149 41 ordning
1099 1635 196 39 Konungen
1333 1633 215 30 bestämmer
1585 1639 44 22 av

909 1687 420 41 riksförsäkringsverket
1348 1685 136 31 erhålla
1504 1685 126 30 ersätt-

911 1742 85 40 ning
1010 1742 80 30 med
1104 1741 127 39 belopp
1244 1738 248 32 motsvarande
1505 1738 13 30 i
1533 1737 98 30 förra

911 1795 99 30 fallet
1037 1794 169 30 fastställt
1232 1791 306 41 försäljningspris
1565 1790 66 31 och

911 1847 102 40 eljest
1034 1846 220 31 föreskriven
1275 1843 311 42 prisnedsättning.

852 2052 19 30 5
891 2051 29 38 8.

186 2119 202 30 Kostnaden
427 2117 56 30 för
521 2113 339 34 tillhandahållande

143 2182 43 20 av
216 2171 192 30 läkemedel
440 2170 107 38 enligt
579 2169 116 30 denna
726 2166 135 31 förord-

143 2225 85 39 ning
243 2223 170 31 bestrides
431 2232 42 20 av
489 2220 203 32 statsmedel
710 2220 78 29 med
804 2219 58 29 be-

142 2277 84 39 lopp
246 2277 54 29 för
321 2275 209 30 kalenderår
551 2272 246 31 motsvarande
819 2280 43 20 en

144 2330 112 30 krona
279 2329 37 29 15
339 2329 58 29 öre
419 2328 55 29 för
494 2335 117 27 envar,
635 2335 75 20 som
729 2325 59 30 vid
809 2326 55 28 ut-

145 2383 134 39 gången
299 2391 41 20 av
359 2381 57 30 det
434 2380 39 30 år
491 2379 197 30 kostnaden
706 2386 100 22 avser
825 2378 39 28 är

145 2436 149 30 medlem
326 2435 11 30 i
365 2434 131 30 allmän
525 2432 203 39 sjukkassa,
758 2430 66 31 och
852 2429 12 30 i

146 2488 112 40 övrigt
286 2497 42 21 av
355 2487 42 30 de
424 2486 180 30 allmänna
631 2483 234 40 centralsjuk-

958 2112 204 30 Kostnaden
1172 2112 58 29 för
1242 2108 338 33 tillhandahållande
1593 2117 42 21 av

916 2165 194 30 läkemedel
1143 2164 107 39 enligt
1282 2164 115 29 denna
1428 2161 208 39 förordning

918 2218 169 29 bestrides
1113 2227 42 20 av
1180 2215 201 31 statsmedel
1405 2215 82 29 med
1510 2214 127 38 belopp

918 2270 55 30 för
995 2269 209 30 kalenderår
1224 2268 246 30 motsvarande
1493 2276 44 20 en
1557 2267 81 29 kro-

921 2332 45 20 na
998 2323 38 29 15
1068 2323 59 29 öre
1158 2322 55 29 för
1241 2329 117 26 envar,
1390 2329 76 21 som
1494 2319 60 30 vid
1584 2320 55 28 ut-

922 2375 132 40 gången
1074 2384 42 20 av
1134 2375 57 29 det
1210 2374 38 30 år
1266 2373 197 30 kostnaden
1482 2381 100 21 avser
1601 2372 38 29 är

924 2428 177 31 inskriven
1137 2427 64 30 hos
1237 2427 131 30 allmän
1403 2425 237 41 försäkrings-

925 2482 111 37 kassa,
1063 2481 65 29 och
1152 2482 11 29 i
1189 2479 112 40 övrigt
1327 2488 42 21 av
1393 2479 42 30 de
1461 2478 180 30 allmänna
