<?xml version="1.0" encoding="UTF-8"?>
<alto xmlns="http://www.loc.gov/standards/alto/ns-v3#" xmlns:xlink="http://www.w3.org/1999/xlink" xmlns:xsi="http://www.w3.org/2001/XMLSchema-instance" xsi:schemaLocation="http://www.loc.gov/standards/alto/ns-v3# http://www.loc.gov/alto/v3/alto-3-0.xsd">
	<Description>
		<MeasurementUnit>pixel</MeasurementUnit>
		<sourceImageInformation>
			<fileName>/tmp/tess__6xaegy7_input.PNG</fileName>
		</sourceImageInformation>
		<OCRProcessing ID="OCR_0">
			<ocrProcessingStep>
				<processingSoftware>
					<softwareName>tesseract 5.3.0</softwareName>
				</processingSoftware>
			</ocrProcessingStep>
		</OCRProcessing>
	</Description>
	<Layout>
		<Page WIDTH="1854" HEIGHT="2758" PHYSICAL_IMG_NR="0" ID="page_0">
			<PrintSpace HPOS="0" VPOS="0" WIDTH="1854" HEIGHT="2758">
				<ComposedBlock ID="cblock_0" HPOS="419" VPOS="159" WIDTH="1187" HEIGHT="44">
					<TextBlock ID="block_0" HPOS="419" VPOS="159" WIDTH="1187" HEIGHT="44">
						<TextLine ID="line_0" HPOS="419" VPOS="159" WIDTH="1187" HEIGHT="44">
							<String ID="string_0" HPOS="419" VPOS="165" WIDTH="119" HEIGHT="30" WC="0.93" CONTENT="Andra"/><SP WIDTH="22" VPOS="165" HPOS="538"/>
							<String ID="string_1" HPOS="560" VPOS="164" WIDTH="246" HEIGHT="39" WC="0.90" CONTENT="lagutskottets"/><SP WIDTH="24" VPOS="164" HPOS="806"/>
							<String ID="string_2" HPOS="830" VPOS="164" WIDTH="178" HEIGHT="29" WC="0.96" CONTENT="utlåtande"/><SP WIDTH="23" VPOS="164" HPOS="1008"/>
							<String ID="string_3" HPOS="1031" VPOS="172" WIDTH="43" HEIGHT="20" WC="0.96" CONTENT="nr"/><SP WIDTH="20" VPOS="172" HPOS="1074"/>
							<String ID="string_4" HPOS="1094" VPOS="163" WIDTH="41" HEIGHT="29" WC="0.96" CONTENT="27"/><SP WIDTH="23" VPOS="163" HPOS="1135"/>
							<String ID="string_5" HPOS="1158" VPOS="163" WIDTH="38" HEIGHT="29" WC="0.95" CONTENT="år"/><SP WIDTH="24" VPOS="163" HPOS="1196"/>
							<String ID="string_6" HPOS="1220" VPOS="162" WIDTH="83" HEIGHT="29" WC="0.96" CONTENT="1962"/><SP WIDTH="241" VPOS="162" HPOS="1303"/>
							<String ID="string_7" HPOS="1544" VPOS="159" WIDTH="62" HEIGHT="30" WC="0.96" CONTENT="229"/>
						</TextLine>
					</TextBlock>
				</ComposedBlock>
				<ComposedBlock ID="cblock_1" HPOS="116" VPOS="240" WIDTH="1502" HEIGHT="2290">
					<TextBlock ID="block_1" HPOS="116" VPOS="240" WIDTH="1492" HEIGHT="260">
						<TextLine ID="line_1" HPOS="116" VPOS="240" WIDTH="1492" HEIGHT="43">
							<String ID="string_8" HPOS="116" VPOS="248" WIDTH="72" HEIGHT="29" WC="0.96" CONTENT="inte"/><SP WIDTH="23" VPOS="248" HPOS="188"/>
							<String ID="string_9" HPOS="211" VPOS="247" WIDTH="85" HEIGHT="30" WC="0.93" CONTENT="bara"/><SP WIDTH="23" VPOS="247" HPOS="296"/>
							<String ID="string_10" HPOS="319" VPOS="247" WIDTH="118" HEIGHT="29" WC="0.92" CONTENT="avlösa"/><SP WIDTH="23" VPOS="247" HPOS="437"/>
							<String ID="string_11" HPOS="460" VPOS="246" WIDTH="67" HEIGHT="29" WC="0.96" CONTENT="den"/><SP WIDTH="24" VPOS="246" HPOS="527"/>
							<String ID="string_12" HPOS="551" VPOS="245" WIDTH="204" HEIGHT="30" WC="0.93" CONTENT="nuvarande"/><SP WIDTH="23" VPOS="245" HPOS="755"/>
							<String ID="string_13" HPOS="778" VPOS="243" WIDTH="426" HEIGHT="40" WC="0.90" CONTENT="invalidpensioneringen"/><SP WIDTH="25" VPOS="243" HPOS="1204"/>
							<String ID="string_14" HPOS="1229" VPOS="242" WIDTH="95" HEIGHT="29" WC="0.93" CONTENT="inom"/><SP WIDTH="25" VPOS="242" HPOS="1324"/>
							<String ID="string_15" HPOS="1349" VPOS="240" WIDTH="259" HEIGHT="40" WC="0.91" CONTENT="folkpensione-"/>
						</TextLine>
						<TextLine ID="line_2" HPOS="118" VPOS="293" WIDTH="1490" HEIGHT="47">
							<String ID="string_16" HPOS="118" VPOS="302" WIDTH="131" HEIGHT="38" WC="0.95" CONTENT="ringen,"/><SP WIDTH="26" VPOS="302" HPOS="249"/>
							<String ID="string_17" HPOS="275" VPOS="303" WIDTH="85" HEIGHT="27" WC="0.96" CONTENT="utan"/><SP WIDTH="24" VPOS="303" HPOS="360"/>
							<String ID="string_18" HPOS="384" VPOS="300" WIDTH="41" HEIGHT="29" WC="0.95" CONTENT="de"/><SP WIDTH="24" VPOS="300" HPOS="425"/>
							<String ID="string_19" HPOS="449" VPOS="300" WIDTH="88" HEIGHT="29" WC="0.96" CONTENT="skall"/><SP WIDTH="27" VPOS="300" HPOS="537"/>
							<String ID="string_20" HPOS="564" VPOS="299" WIDTH="174" HEIGHT="39" WC="0.96" CONTENT="därjämte"/><SP WIDTH="24" VPOS="299" HPOS="738"/>
							<String ID="string_21" HPOS="762" VPOS="299" WIDTH="124" HEIGHT="38" WC="0.96" CONTENT="utgöra"/><SP WIDTH="23" VPOS="299" HPOS="886"/>
							<String ID="string_22" HPOS="909" VPOS="307" WIDTH="42" HEIGHT="20" WC="0.96" CONTENT="en"/><SP WIDTH="26" VPOS="307" HPOS="951"/>
							<String ID="string_23" HPOS="977" VPOS="297" WIDTH="56" HEIGHT="30" WC="0.93" CONTENT="för"/><SP WIDTH="23" VPOS="297" HPOS="1033"/>
							<String ID="string_24" HPOS="1056" VPOS="295" WIDTH="367" HEIGHT="41" WC="0.91" CONTENT="folkpensioneringen"/><SP WIDTH="27" VPOS="295" HPOS="1423"/>
							<String ID="string_25" HPOS="1450" VPOS="294" WIDTH="64" HEIGHT="29" WC="0.89" CONTENT="och"/><SP WIDTH="26" VPOS="294" HPOS="1514"/>
							<String ID="string_26" HPOS="1540" VPOS="293" WIDTH="68" HEIGHT="29" WC="0.89" CONTENT="till-"/>
						</TextLine>
						<TextLine ID="line_3" HPOS="117" VPOS="346" WIDTH="1491" HEIGHT="47">
							<String ID="string_27" HPOS="117" VPOS="354" WIDTH="389" HEIGHT="39" WC="0.91" CONTENT="läggspensioneringen"/><SP WIDTH="21" VPOS="354" HPOS="506"/>
							<String ID="string_28" HPOS="527" VPOS="360" WIDTH="200" HEIGHT="32" WC="0.96" CONTENT="gemensam"/><SP WIDTH="21" VPOS="360" HPOS="727"/>
							<String ID="string_29" HPOS="748" VPOS="351" WIDTH="171" HEIGHT="39" WC="0.96" CONTENT="reglering"/><SP WIDTH="20" VPOS="351" HPOS="919"/>
							<String ID="string_30" HPOS="939" VPOS="350" WIDTH="44" HEIGHT="40" WC="0.96" CONTENT="på"/><SP WIDTH="20" VPOS="350" HPOS="983"/>
							<String ID="string_31" HPOS="1003" VPOS="350" WIDTH="96" HEIGHT="29" WC="0.96" CONTENT="detta"/><SP WIDTH="19" VPOS="350" HPOS="1099"/>
							<String ID="string_32" HPOS="1118" VPOS="349" WIDTH="142" HEIGHT="30" WC="0.96" CONTENT="område"/><SP WIDTH="20" VPOS="349" HPOS="1260"/>
							<String ID="string_33" HPOS="1280" VPOS="349" WIDTH="64" HEIGHT="29" WC="0.96" CONTENT="och"/><SP WIDTH="21" VPOS="349" HPOS="1344"/>
							<String ID="string_34" HPOS="1365" VPOS="347" WIDTH="146" HEIGHT="30" WC="0.93" CONTENT="innebär"/><SP WIDTH="20" VPOS="347" HPOS="1511"/>
							<String ID="string_35" HPOS="1531" VPOS="346" WIDTH="77" HEIGHT="29" WC="0.90" CONTENT="där-"/>
						</TextLine>
						<TextLine ID="line_4" HPOS="119" VPOS="400" WIDTH="1489" HEIGHT="46">
							<String ID="string_36" HPOS="119" VPOS="407" WIDTH="79" HEIGHT="30" WC="0.96" CONTENT="med"/><SP WIDTH="26" VPOS="407" HPOS="198"/>
							<String ID="string_37" HPOS="224" VPOS="417" WIDTH="42" HEIGHT="20" WC="0.96" CONTENT="en"/><SP WIDTH="28" VPOS="417" HPOS="266"/>
							<String ID="string_38" HPOS="294" VPOS="407" WIDTH="168" HEIGHT="39" WC="0.96" CONTENT="slutgiltig"/><SP WIDTH="26" VPOS="407" HPOS="462"/>
							<String ID="string_39" HPOS="488" VPOS="406" WIDTH="220" HEIGHT="39" WC="0.96" CONTENT="utformning"/><SP WIDTH="26" VPOS="406" HPOS="708"/>
							<String ID="string_40" HPOS="734" VPOS="415" WIDTH="42" HEIGHT="19" WC="0.96" CONTENT="av"/><SP WIDTH="26" VPOS="415" HPOS="776"/>
							<String ID="string_41" HPOS="802" VPOS="403" WIDTH="284" HEIGHT="41" WC="0.96" CONTENT="grundläggande"/><SP WIDTH="27" VPOS="403" HPOS="1086"/>
							<String ID="string_42" HPOS="1113" VPOS="403" WIDTH="110" HEIGHT="39" WC="0.96" CONTENT="regler"/><SP WIDTH="26" VPOS="403" HPOS="1223"/>
							<String ID="string_43" HPOS="1249" VPOS="411" WIDTH="56" HEIGHT="21" WC="0.96" CONTENT="om"/><SP WIDTH="28" VPOS="411" HPOS="1305"/>
							<String ID="string_44" HPOS="1333" VPOS="400" WIDTH="275" HEIGHT="40" WC="0.95" CONTENT="förtidspension"/>
						</TextLine>
						<TextLine ID="line_5" HPOS="118" VPOS="460" WIDTH="541" HEIGHT="40">
							<String ID="string_45" HPOS="118" VPOS="461" WIDTH="80" HEIGHT="30" WC="0.93" CONTENT="från"/><SP WIDTH="19" VPOS="461" HPOS="198"/>
							<String ID="string_46" HPOS="217" VPOS="460" WIDTH="442" HEIGHT="40" WC="0.90" CONTENT="tilläggspensioneringen."/>
						</TextLine>
					</TextBlock>
					<TextBlock ID="block_2" HPOS="119" VPOS="512" WIDTH="1496" HEIGHT="849">
						<TextLine ID="line_6" HPOS="163" VPOS="512" WIDTH="1445" HEIGHT="44">
							<String ID="string_47" HPOS="163" VPOS="519" WIDTH="65" HEIGHT="29" WC="0.96" CONTENT="Det"/><SP WIDTH="24" VPOS="519" HPOS="228"/>
							<String ID="string_48" HPOS="252" VPOS="518" WIDTH="202" HEIGHT="30" WC="0.92" CONTENT="nuvarande"/><SP WIDTH="25" VPOS="518" HPOS="454"/>
							<String ID="string_49" HPOS="479" VPOS="516" WIDTH="284" HEIGHT="40" WC="0.92" CONTENT="invalidskyddet"/><SP WIDTH="25" VPOS="516" HPOS="763"/>
							<String ID="string_50" HPOS="788" VPOS="516" WIDTH="80" HEIGHT="30" WC="0.93" CONTENT="från"/><SP WIDTH="25" VPOS="516" HPOS="868"/>
							<String ID="string_51" HPOS="893" VPOS="515" WIDTH="368" HEIGHT="40" WC="0.91" CONTENT="folkpensioneringen"/><SP WIDTH="26" VPOS="515" HPOS="1261"/>
							<String ID="string_52" HPOS="1287" VPOS="515" WIDTH="64" HEIGHT="28" WC="0.96" CONTENT="har"/><SP WIDTH="25" VPOS="515" HPOS="1351"/>
							<String ID="string_53" HPOS="1376" VPOS="514" WIDTH="99" HEIGHT="38" WC="0.93" CONTENT="länge"/><SP WIDTH="27" VPOS="514" HPOS="1475"/>
							<String ID="string_54" HPOS="1502" VPOS="512" WIDTH="106" HEIGHT="29" WC="0.92" CONTENT="fram-"/>
						</TextLine>
						<TextLine ID="line_7" HPOS="120" VPOS="565" WIDTH="1490" HEIGHT="45">
							<String ID="string_55" HPOS="120" VPOS="572" WIDTH="84" HEIGHT="30" WC="0.96" CONTENT="stått"/><SP WIDTH="22" VPOS="572" HPOS="204"/>
							<String ID="string_56" HPOS="226" VPOS="581" WIDTH="74" HEIGHT="21" WC="0.92" CONTENT="som"/><SP WIDTH="23" VPOS="581" HPOS="300"/>
							<String ID="string_57" HPOS="323" VPOS="570" WIDTH="357" HEIGHT="34" WC="0.91" CONTENT="otillfredsställande,"/><SP WIDTH="22" VPOS="570" HPOS="680"/>
							<String ID="string_58" HPOS="702" VPOS="571" WIDTH="12" HEIGHT="29" WC="0.96" CONTENT="i"/><SP WIDTH="23" VPOS="571" HPOS="714"/>
							<String ID="string_59" HPOS="737" VPOS="570" WIDTH="188" HEIGHT="40" WC="0.96" CONTENT="synnerhet"/><SP WIDTH="20" VPOS="570" HPOS="925"/>
							<String ID="string_60" HPOS="945" VPOS="569" WIDTH="58" HEIGHT="30" WC="0.96" CONTENT="vid"/><SP WIDTH="22" VPOS="569" HPOS="1003"/>
							<String ID="string_61" HPOS="1025" VPOS="578" WIDTH="43" HEIGHT="20" WC="0.96" CONTENT="en"/><SP WIDTH="21" VPOS="578" HPOS="1068"/>
							<String ID="string_62" HPOS="1089" VPOS="568" WIDTH="204" HEIGHT="40" WC="0.96" CONTENT="jämförelse"/><SP WIDTH="22" VPOS="568" HPOS="1293"/>
							<String ID="string_63" HPOS="1315" VPOS="567" WIDTH="78" HEIGHT="29" WC="0.96" CONTENT="med"/><SP WIDTH="23" VPOS="567" HPOS="1393"/>
							<String ID="string_64" HPOS="1416" VPOS="567" WIDTH="41" HEIGHT="29" WC="0.93" CONTENT="de"/><SP WIDTH="23" VPOS="567" HPOS="1457"/>
							<String ID="string_65" HPOS="1480" VPOS="565" WIDTH="130" HEIGHT="30" WC="0.92" CONTENT="förmå-"/>
						</TextLine>
						<TextLine ID="line_8" HPOS="120" VPOS="620" WIDTH="1490" HEIGHT="45">
							<String ID="string_66" HPOS="120" VPOS="635" WIDTH="62" HEIGHT="20" WC="0.96" CONTENT="ner"/><SP WIDTH="18" VPOS="635" HPOS="182"/>
							<String ID="string_67" HPOS="200" VPOS="634" WIDTH="74" HEIGHT="21" WC="0.96" CONTENT="som"/><SP WIDTH="19" VPOS="634" HPOS="274"/>
							<String ID="string_68" HPOS="293" VPOS="633" WIDTH="124" HEIGHT="32" WC="0.96" CONTENT="genom"/><SP WIDTH="19" VPOS="633" HPOS="417"/>
							<String ID="string_69" HPOS="436" VPOS="633" WIDTH="122" HEIGHT="21" WC="0.96" CONTENT="senare"/><SP WIDTH="19" VPOS="633" HPOS="558"/>
							<String ID="string_70" HPOS="577" VPOS="624" WIDTH="57" HEIGHT="30" WC="0.96" CONTENT="års"/><SP WIDTH="18" VPOS="624" HPOS="634"/>
							<String ID="string_71" HPOS="652" VPOS="623" WIDTH="171" HEIGHT="30" WC="0.96" CONTENT="reformer"/><SP WIDTH="18" VPOS="623" HPOS="823"/>
							<String ID="string_72" HPOS="841" VPOS="623" WIDTH="149" HEIGHT="29" WC="0.96" CONTENT="kommit"/><SP WIDTH="18" VPOS="623" HPOS="990"/>
							<String ID="string_73" HPOS="1008" VPOS="622" WIDTH="45" HEIGHT="30" WC="0.96" CONTENT="bl."/><SP WIDTH="15" VPOS="622" HPOS="1053"/>
							<String ID="string_74" HPOS="1068" VPOS="631" WIDTH="29" HEIGHT="20" WC="0.93" CONTENT="a."/><SP WIDTH="19" VPOS="631" HPOS="1097"/>
							<String ID="string_75" HPOS="1116" VPOS="622" WIDTH="159" HEIGHT="29" WC="0.91" CONTENT="änkorna"/><SP WIDTH="18" VPOS="622" HPOS="1275"/>
							<String ID="string_76" HPOS="1293" VPOS="621" WIDTH="52" HEIGHT="29" WC="0.95" CONTENT="till"/><SP WIDTH="19" VPOS="621" HPOS="1345"/>
							<String ID="string_77" HPOS="1364" VPOS="620" WIDTH="64" HEIGHT="30" WC="0.95" CONTENT="del."/><SP WIDTH="20" VPOS="620" HPOS="1428"/>
							<String ID="string_78" HPOS="1448" VPOS="621" WIDTH="75" HEIGHT="28" WC="0.96" CONTENT="Den"/><SP WIDTH="18" VPOS="621" HPOS="1523"/>
							<String ID="string_79" HPOS="1541" VPOS="628" WIDTH="69" HEIGHT="30" WC="0.96" CONTENT="nya"/>
						</TextLine>
						<TextLine ID="line_9" HPOS="120" VPOS="672" WIDTH="1490" HEIGHT="46">
							<String ID="string_80" HPOS="120" VPOS="678" WIDTH="419" HEIGHT="40" WC="0.91" CONTENT="förtidspensioneringen"/><SP WIDTH="19" VPOS="678" HPOS="539"/>
							<String ID="string_81" HPOS="558" VPOS="678" WIDTH="39" HEIGHT="29" WC="0.96" CONTENT="är"/><SP WIDTH="19" VPOS="678" HPOS="597"/>
							<String ID="string_82" HPOS="616" VPOS="676" WIDTH="187" HEIGHT="41" WC="0.96" CONTENT="uppbyggd"/><SP WIDTH="18" VPOS="676" HPOS="803"/>
							<String ID="string_83" HPOS="821" VPOS="676" WIDTH="88" HEIGHT="30" WC="0.96" CONTENT="efter"/><SP WIDTH="19" VPOS="676" HPOS="909"/>
							<String ID="string_84" HPOS="928" VPOS="676" WIDTH="41" HEIGHT="30" WC="0.96" CONTENT="de"/><SP WIDTH="19" VPOS="676" HPOS="969"/>
							<String ID="string_85" HPOS="988" VPOS="675" WIDTH="186" HEIGHT="40" WC="0.96" CONTENT="principer,"/><SP WIDTH="21" VPOS="675" HPOS="1174"/>
							<String ID="string_86" HPOS="1195" VPOS="684" WIDTH="74" HEIGHT="20" WC="0.96" CONTENT="som"/><SP WIDTH="19" VPOS="684" HPOS="1269"/>
							<String ID="string_87" HPOS="1288" VPOS="675" WIDTH="89" HEIGHT="29" WC="0.96" CONTENT="varit"/><SP WIDTH="18" VPOS="675" HPOS="1377"/>
							<String ID="string_88" HPOS="1395" VPOS="672" WIDTH="215" HEIGHT="40" WC="0.96" CONTENT="vägledande"/>
						</TextLine>
						<TextLine ID="line_10" HPOS="119" VPOS="727" WIDTH="1491" HEIGHT="44">
							<String ID="string_89" HPOS="119" VPOS="732" WIDTH="59" HEIGHT="31" WC="0.96" CONTENT="vid"/><SP WIDTH="20" VPOS="732" HPOS="178"/>
							<String ID="string_90" HPOS="198" VPOS="732" WIDTH="111" HEIGHT="30" WC="0.96" CONTENT="andra"/><SP WIDTH="19" VPOS="732" HPOS="309"/>
							<String ID="string_91" HPOS="328" VPOS="731" WIDTH="171" HEIGHT="31" WC="0.96" CONTENT="reformer"/><SP WIDTH="20" VPOS="731" HPOS="499"/>
							<String ID="string_92" HPOS="519" VPOS="731" WIDTH="46" HEIGHT="40" WC="0.93" CONTENT="på"/><SP WIDTH="19" VPOS="731" HPOS="565"/>
							<String ID="string_93" HPOS="584" VPOS="731" WIDTH="311" HEIGHT="40" WC="0.91" CONTENT="pensioneringens"/><SP WIDTH="21" VPOS="731" HPOS="895"/>
							<String ID="string_94" HPOS="916" VPOS="729" WIDTH="153" HEIGHT="30" WC="0.96" CONTENT="område."/><SP WIDTH="23" VPOS="729" HPOS="1069"/>
							<String ID="string_95" HPOS="1092" VPOS="728" WIDTH="153" HEIGHT="31" WC="0.96" CONTENT="Sålunda"/><SP WIDTH="21" VPOS="728" HPOS="1245"/>
							<String ID="string_96" HPOS="1266" VPOS="728" WIDTH="65" HEIGHT="29" WC="0.96" CONTENT="har"/><SP WIDTH="21" VPOS="728" HPOS="1331"/>
							<String ID="string_97" HPOS="1352" VPOS="727" WIDTH="66" HEIGHT="30" WC="0.96" CONTENT="den"/><SP WIDTH="21" VPOS="727" HPOS="1418"/>
							<String ID="string_98" HPOS="1439" VPOS="727" WIDTH="96" HEIGHT="29" WC="0.91" CONTENT="inom"/><SP WIDTH="22" VPOS="727" HPOS="1535"/>
							<String ID="string_99" HPOS="1557" VPOS="735" WIDTH="53" HEIGHT="20" WC="0.89" CONTENT="so-"/>
						</TextLine>
						<TextLine ID="line_11" HPOS="119" VPOS="780" WIDTH="1492" HEIGHT="45">
							<String ID="string_100" HPOS="119" VPOS="786" WIDTH="314" HEIGHT="39" WC="0.92" CONTENT="cialförsäkringen"/><SP WIDTH="21" VPOS="786" HPOS="433"/>
							<String ID="string_101" HPOS="454" VPOS="785" WIDTH="161" HEIGHT="30" WC="0.96" CONTENT="alltmera"/><SP WIDTH="20" VPOS="785" HPOS="615"/>
							<String ID="string_102" HPOS="635" VPOS="784" WIDTH="251" HEIGHT="30" WC="0.93" CONTENT="dominerande"/><SP WIDTH="20" VPOS="784" HPOS="886"/>
							<String ID="string_103" HPOS="906" VPOS="781" WIDTH="504" HEIGHT="40" WC="0.90" CONTENT="inkomstbortfallsprincipen"/><SP WIDTH="21" VPOS="781" HPOS="1410"/>
							<String ID="string_104" HPOS="1431" VPOS="780" WIDTH="67" HEIGHT="29" WC="0.96" CONTENT="fått"/><SP WIDTH="22" VPOS="780" HPOS="1498"/>
							<String ID="string_105" HPOS="1520" VPOS="780" WIDTH="91" HEIGHT="29" WC="0.96" CONTENT="sätta"/>
						</TextLine>
						<TextLine ID="line_12" HPOS="122" VPOS="833" WIDTH="1489" HEIGHT="46">
							<String ID="string_106" HPOS="122" VPOS="840" WIDTH="54" HEIGHT="29" WC="0.96" CONTENT="sin"/><SP WIDTH="16" VPOS="840" HPOS="176"/>
							<String ID="string_107" HPOS="192" VPOS="840" WIDTH="117" HEIGHT="39" WC="0.96" CONTENT="prägel"/><SP WIDTH="16" VPOS="840" HPOS="309"/>
							<String ID="string_108" HPOS="325" VPOS="839" WIDTH="46" HEIGHT="40" WC="0.96" CONTENT="på"/><SP WIDTH="17" VPOS="839" HPOS="371"/>
							<String ID="string_109" HPOS="388" VPOS="839" WIDTH="40" HEIGHT="30" WC="0.96" CONTENT="de"/><SP WIDTH="18" VPOS="839" HPOS="428"/>
							<String ID="string_110" HPOS="446" VPOS="847" WIDTH="69" HEIGHT="31" WC="0.96" CONTENT="nya"/><SP WIDTH="16" VPOS="847" HPOS="515"/>
							<String ID="string_111" HPOS="531" VPOS="838" WIDTH="168" HEIGHT="40" WC="0.96" CONTENT="reglerna."/><SP WIDTH="19" VPOS="838" HPOS="699"/>
							<String ID="string_112" HPOS="718" VPOS="838" WIDTH="13" HEIGHT="29" WC="0.96" CONTENT="I"/><SP WIDTH="17" VPOS="838" HPOS="731"/>
							<String ID="string_113" HPOS="748" VPOS="837" WIDTH="153" HEIGHT="40" WC="0.96" CONTENT="enlighet"/><SP WIDTH="16" VPOS="837" HPOS="901"/>
							<String ID="string_114" HPOS="917" VPOS="836" WIDTH="147" HEIGHT="30" WC="0.96" CONTENT="härmed"/><SP WIDTH="17" VPOS="836" HPOS="1064"/>
							<String ID="string_115" HPOS="1081" VPOS="835" WIDTH="157" HEIGHT="34" WC="0.96" CONTENT="föreslås,"/><SP WIDTH="19" VPOS="835" HPOS="1238"/>
							<String ID="string_116" HPOS="1257" VPOS="837" WIDTH="50" HEIGHT="28" WC="0.96" CONTENT="att"/><SP WIDTH="17" VPOS="837" HPOS="1307"/>
							<String ID="string_117" HPOS="1324" VPOS="835" WIDTH="66" HEIGHT="29" WC="0.96" CONTENT="den"/><SP WIDTH="18" VPOS="835" HPOS="1390"/>
							<String ID="string_118" HPOS="1408" VPOS="835" WIDTH="96" HEIGHT="28" WC="0.92" CONTENT="inom"/><SP WIDTH="18" VPOS="835" HPOS="1504"/>
							<String ID="string_119" HPOS="1522" VPOS="833" WIDTH="89" HEIGHT="30" WC="0.91" CONTENT="folk-"/>
						</TextLine>
						<TextLine ID="line_13" HPOS="121" VPOS="886" WIDTH="1490" HEIGHT="47">
							<String ID="string_120" HPOS="121" VPOS="893" WIDTH="310" HEIGHT="40" WC="0.90" CONTENT="pensioneringens"/><SP WIDTH="32" VPOS="893" HPOS="431"/>
							<String ID="string_121" HPOS="463" VPOS="891" WIDTH="382" HEIGHT="40" WC="0.90" CONTENT="invalidpensionering"/><SP WIDTH="32" VPOS="891" HPOS="845"/>
							<String ID="string_122" HPOS="877" VPOS="889" WIDTH="203" HEIGHT="40" WC="0.93" CONTENT="tillämpade"/><SP WIDTH="33" VPOS="889" HPOS="1080"/>
							<String ID="string_123" HPOS="1113" VPOS="888" WIDTH="374" HEIGHT="40" WC="0.91" CONTENT="inkomstprövningen"/><SP WIDTH="34" VPOS="888" HPOS="1487"/>
							<String ID="string_124" HPOS="1521" VPOS="886" WIDTH="90" HEIGHT="30" WC="0.93" CONTENT="skall"/>
						</TextLine>
						<TextLine ID="line_14" HPOS="122" VPOS="940" WIDTH="1490" HEIGHT="43">
							<String ID="string_125" HPOS="122" VPOS="946" WIDTH="191" HEIGHT="30" WC="0.96" CONTENT="försvinna."/><SP WIDTH="22" VPOS="946" HPOS="313"/>
							<String ID="string_126" HPOS="335" VPOS="946" WIDTH="73" HEIGHT="29" WC="0.96" CONTENT="Inte"/><SP WIDTH="20" VPOS="946" HPOS="408"/>
							<String ID="string_127" HPOS="428" VPOS="946" WIDTH="109" HEIGHT="29" WC="0.96" CONTENT="heller"/><SP WIDTH="20" VPOS="946" HPOS="537"/>
							<String ID="string_128" HPOS="557" VPOS="945" WIDTH="192" HEIGHT="30" WC="0.96" CONTENT="återfinnes"/><SP WIDTH="22" VPOS="945" HPOS="749"/>
							<String ID="string_129" HPOS="771" VPOS="944" WIDTH="114" HEIGHT="39" WC="0.96" CONTENT="någon"/><SP WIDTH="20" VPOS="944" HPOS="885"/>
							<String ID="string_130" HPOS="905" VPOS="943" WIDTH="252" HEIGHT="39" WC="0.95" CONTENT="motsvarighet"/><SP WIDTH="20" VPOS="943" HPOS="1157"/>
							<String ID="string_131" HPOS="1177" VPOS="943" WIDTH="51" HEIGHT="28" WC="0.95" CONTENT="till"/><SP WIDTH="21" VPOS="943" HPOS="1228"/>
							<String ID="string_132" HPOS="1249" VPOS="942" WIDTH="67" HEIGHT="29" WC="0.96" CONTENT="den"/><SP WIDTH="20" VPOS="942" HPOS="1316"/>
							<String ID="string_133" HPOS="1336" VPOS="942" WIDTH="95" HEIGHT="29" WC="0.93" CONTENT="inom"/><SP WIDTH="22" VPOS="942" HPOS="1431"/>
							<String ID="string_134" HPOS="1453" VPOS="940" WIDTH="159" HEIGHT="39" WC="0.92" CONTENT="folkpen-"/>
						</TextLine>
						<TextLine ID="line_15" HPOS="122" VPOS="995" WIDTH="1490" HEIGHT="44">
							<String ID="string_135" HPOS="122" VPOS="1000" WIDTH="220" HEIGHT="39" WC="0.92" CONTENT="sioneringen"/><SP WIDTH="22" VPOS="1000" HPOS="342"/>
							<String ID="string_136" HPOS="364" VPOS="998" WIDTH="205" HEIGHT="40" WC="0.93" CONTENT="tillämpade"/><SP WIDTH="22" VPOS="998" HPOS="569"/>
							<String ID="string_137" HPOS="591" VPOS="996" WIDTH="573" HEIGHT="41" WC="0.91" CONTENT="minimiförsörjningsprincipen,"/><SP WIDTH="22" VPOS="996" HPOS="1164"/>
							<String ID="string_138" HPOS="1186" VPOS="995" WIDTH="117" HEIGHT="30" WC="0.96" CONTENT="vilken"/><SP WIDTH="23" VPOS="995" HPOS="1303"/>
							<String ID="string_139" HPOS="1326" VPOS="995" WIDTH="146" HEIGHT="29" WC="0.96" CONTENT="innebär"/><SP WIDTH="23" VPOS="995" HPOS="1472"/>
							<String ID="string_140" HPOS="1495" VPOS="996" WIDTH="51" HEIGHT="27" WC="0.96" CONTENT="att"/><SP WIDTH="23" VPOS="996" HPOS="1546"/>
							<String ID="string_141" HPOS="1569" VPOS="1002" WIDTH="43" HEIGHT="20" WC="0.97" CONTENT="en"/>
						</TextLine>
						<TextLine ID="line_16" HPOS="121" VPOS="1047" WIDTH="1494" HEIGHT="44">
							<String ID="string_142" HPOS="121" VPOS="1053" WIDTH="131" HEIGHT="30" WC="0.96" CONTENT="invalid"/><SP WIDTH="18" VPOS="1053" HPOS="252"/>
							<String ID="string_143" HPOS="270" VPOS="1054" WIDTH="72" HEIGHT="29" WC="0.96" CONTENT="inte"/><SP WIDTH="18" VPOS="1054" HPOS="342"/>
							<String ID="string_144" HPOS="360" VPOS="1053" WIDTH="67" HEIGHT="29" WC="0.96" CONTENT="blir"/><SP WIDTH="17" VPOS="1053" HPOS="427"/>
							<String ID="string_145" HPOS="444" VPOS="1052" WIDTH="196" HEIGHT="39" WC="0.95" CONTENT="berättigad"/><SP WIDTH="18" VPOS="1052" HPOS="640"/>
							<String ID="string_146" HPOS="658" VPOS="1052" WIDTH="51" HEIGHT="29" WC="0.96" CONTENT="till"/><SP WIDTH="20" VPOS="1052" HPOS="709"/>
							<String ID="string_147" HPOS="729" VPOS="1051" WIDTH="157" HEIGHT="40" WC="0.96" CONTENT="pension,"/><SP WIDTH="20" VPOS="1051" HPOS="886"/>
							<String ID="string_148" HPOS="906" VPOS="1060" WIDTH="56" HEIGHT="20" WC="0.94" CONTENT="om"/><SP WIDTH="19" VPOS="1060" HPOS="962"/>
							<String ID="string_149" HPOS="981" VPOS="1051" WIDTH="70" HEIGHT="28" WC="0.96" CONTENT="han"/><SP WIDTH="20" VPOS="1051" HPOS="1051"/>
							<String ID="string_150" HPOS="1071" VPOS="1049" WIDTH="80" HEIGHT="30" WC="0.96" CONTENT="med"/><SP WIDTH="20" VPOS="1049" HPOS="1151"/>
							<String ID="string_151" HPOS="1171" VPOS="1050" WIDTH="53" HEIGHT="28" WC="0.96" CONTENT="sin"/><SP WIDTH="20" VPOS="1050" HPOS="1224"/>
							<String ID="string_152" HPOS="1244" VPOS="1048" WIDTH="218" HEIGHT="30" WC="0.93" CONTENT="återstående"/><SP WIDTH="20" VPOS="1048" HPOS="1462"/>
							<String ID="string_153" HPOS="1482" VPOS="1047" WIDTH="133" HEIGHT="30" WC="0.91" CONTENT="arbets-"/>
						</TextLine>
						<TextLine ID="line_17" HPOS="123" VPOS="1101" WIDTH="1491" HEIGHT="45">
							<String ID="string_154" HPOS="123" VPOS="1107" WIDTH="158" HEIGHT="39" WC="0.96" CONTENT="förmåga"/><SP WIDTH="20" VPOS="1107" HPOS="281"/>
							<String ID="string_155" HPOS="301" VPOS="1107" WIDTH="70" HEIGHT="29" WC="0.96" CONTENT="kan"/><SP WIDTH="20" VPOS="1107" HPOS="371"/>
							<String ID="string_156" HPOS="391" VPOS="1106" WIDTH="246" HEIGHT="30" WC="0.96" CONTENT="åstadkomma"/><SP WIDTH="20" VPOS="1106" HPOS="637"/>
							<String ID="string_157" HPOS="657" VPOS="1105" WIDTH="38" HEIGHT="30" WC="0.96" CONTENT="så"/><SP WIDTH="20" VPOS="1105" HPOS="695"/>
							<String ID="string_158" HPOS="715" VPOS="1107" WIDTH="72" HEIGHT="28" WC="0.96" CONTENT="stor"/><SP WIDTH="21" VPOS="1107" HPOS="787"/>
							<String ID="string_159" HPOS="808" VPOS="1104" WIDTH="317" HEIGHT="30" WC="0.96" CONTENT="förvärvsinkomst"/><SP WIDTH="20" VPOS="1104" HPOS="1125"/>
							<String ID="string_160" HPOS="1145" VPOS="1105" WIDTH="50" HEIGHT="27" WC="0.96" CONTENT="att"/><SP WIDTH="21" VPOS="1105" HPOS="1195"/>
							<String ID="string_161" HPOS="1216" VPOS="1102" WIDTH="66" HEIGHT="30" WC="0.96" CONTENT="den"/><SP WIDTH="21" VPOS="1102" HPOS="1282"/>
							<String ID="string_162" HPOS="1303" VPOS="1101" WIDTH="127" HEIGHT="30" WC="0.96" CONTENT="förslår"/><SP WIDTH="20" VPOS="1101" HPOS="1430"/>
							<String ID="string_163" HPOS="1450" VPOS="1101" WIDTH="52" HEIGHT="29" WC="0.96" CONTENT="till"/><SP WIDTH="21" VPOS="1101" HPOS="1502"/>
							<String ID="string_164" HPOS="1523" VPOS="1101" WIDTH="91" HEIGHT="29" WC="0.96" CONTENT="hans"/>
						</TextLine>
						<TextLine ID="line_18" HPOS="124" VPOS="1154" WIDTH="1490" HEIGHT="46">
							<String ID="string_165" HPOS="124" VPOS="1160" WIDTH="227" HEIGHT="40" WC="0.93" CONTENT="försörjning."/><SP WIDTH="27" VPOS="1160" HPOS="351"/>
							<String ID="string_166" HPOS="378" VPOS="1159" WIDTH="222" HEIGHT="30" WC="0.91" CONTENT="Grundvalen"/><SP WIDTH="28" VPOS="1159" HPOS="600"/>
							<String ID="string_167" HPOS="628" VPOS="1159" WIDTH="54" HEIGHT="29" WC="0.96" CONTENT="för"/><SP WIDTH="26" VPOS="1159" HPOS="682"/>
							<String ID="string_168" HPOS="708" VPOS="1158" WIDTH="67" HEIGHT="30" WC="0.96" CONTENT="den"/><SP WIDTH="26" VPOS="1158" HPOS="775"/>
							<String ID="string_169" HPOS="801" VPOS="1167" WIDTH="69" HEIGHT="30" WC="0.93" CONTENT="nya"/><SP WIDTH="26" VPOS="1167" HPOS="870"/>
							<String ID="string_170" HPOS="896" VPOS="1156" WIDTH="420" HEIGHT="40" WC="0.91" CONTENT="förtidspensioneringen"/><SP WIDTH="28" VPOS="1156" HPOS="1316"/>
							<String ID="string_171" HPOS="1344" VPOS="1155" WIDTH="88" HEIGHT="29" WC="0.96" CONTENT="skall"/><SP WIDTH="27" VPOS="1155" HPOS="1432"/>
							<String ID="string_172" HPOS="1459" VPOS="1155" WIDTH="11" HEIGHT="28" WC="0.96" CONTENT="i"/><SP WIDTH="27" VPOS="1155" HPOS="1470"/>
							<String ID="string_173" HPOS="1497" VPOS="1154" WIDTH="117" HEIGHT="30" WC="0.95" CONTENT="stället"/>
						</TextLine>
						<TextLine ID="line_19" HPOS="122" VPOS="1208" WIDTH="1490" HEIGHT="44">
							<String ID="string_174" HPOS="122" VPOS="1223" WIDTH="84" HEIGHT="21" WC="0.96" CONTENT="vara"/><SP WIDTH="21" VPOS="1223" HPOS="206"/>
							<String ID="string_175" HPOS="227" VPOS="1214" WIDTH="67" HEIGHT="29" WC="0.96" CONTENT="den"/><SP WIDTH="22" VPOS="1214" HPOS="294"/>
							<String ID="string_176" HPOS="316" VPOS="1213" WIDTH="225" HEIGHT="39" WC="0.96" CONTENT="nedsättning"/><SP WIDTH="23" VPOS="1213" HPOS="541"/>
							<String ID="string_177" HPOS="564" VPOS="1222" WIDTH="42" HEIGHT="20" WC="0.96" CONTENT="av"/><SP WIDTH="23" VPOS="1222" HPOS="606"/>
							<String ID="string_178" HPOS="629" VPOS="1211" WIDTH="302" HEIGHT="39" WC="0.96" CONTENT="arbetsförmågan"/><SP WIDTH="23" VPOS="1211" HPOS="931"/>
							<String ID="string_179" HPOS="954" VPOS="1220" WIDTH="75" HEIGHT="20" WC="0.96" CONTENT="som"/><SP WIDTH="24" VPOS="1220" HPOS="1029"/>
							<String ID="string_180" HPOS="1053" VPOS="1210" WIDTH="67" HEIGHT="30" WC="0.96" CONTENT="den"/><SP WIDTH="24" VPOS="1210" HPOS="1120"/>
							<String ID="string_181" HPOS="1144" VPOS="1209" WIDTH="204" HEIGHT="30" WC="0.96" CONTENT="försäkrade"/><SP WIDTH="24" VPOS="1209" HPOS="1348"/>
							<String ID="string_182" HPOS="1372" VPOS="1208" WIDTH="165" HEIGHT="30" WC="0.96" CONTENT="drabbats"/><SP WIDTH="23" VPOS="1208" HPOS="1537"/>
							<String ID="string_183" HPOS="1560" VPOS="1216" WIDTH="52" HEIGHT="25" WC="0.96" CONTENT="av,"/>
						</TextLine>
						<TextLine ID="line_20" HPOS="123" VPOS="1261" WIDTH="1491" HEIGHT="46">
							<String ID="string_184" HPOS="123" VPOS="1268" WIDTH="66" HEIGHT="30" WC="0.96" CONTENT="och"/><SP WIDTH="18" VPOS="1268" HPOS="189"/>
							<String ID="string_185" HPOS="207" VPOS="1268" WIDTH="11" HEIGHT="29" WC="0.96" CONTENT="i"/><SP WIDTH="20" VPOS="1268" HPOS="218"/>
							<String ID="string_186" HPOS="238" VPOS="1267" WIDTH="152" HEIGHT="40" WC="0.96" CONTENT="enlighet"/><SP WIDTH="19" VPOS="1267" HPOS="390"/>
							<String ID="string_187" HPOS="409" VPOS="1266" WIDTH="146" HEIGHT="30" WC="0.96" CONTENT="härmed"/><SP WIDTH="21" VPOS="1266" HPOS="555"/>
							<String ID="string_188" HPOS="576" VPOS="1266" WIDTH="89" HEIGHT="29" WC="0.97" CONTENT="skall"/><SP WIDTH="21" VPOS="1266" HPOS="665"/>
							<String ID="string_189" HPOS="686" VPOS="1266" WIDTH="233" HEIGHT="39" WC="0.95" CONTENT="pensionerna"/><SP WIDTH="19" VPOS="1266" HPOS="919"/>
							<String ID="string_190" HPOS="938" VPOS="1273" WIDTH="84" HEIGHT="21" WC="0.95" CONTENT="vara"/><SP WIDTH="19" VPOS="1273" HPOS="1022"/>
							<String ID="string_191" HPOS="1041" VPOS="1264" WIDTH="53" HEIGHT="30" WC="0.95" CONTENT="till"/><SP WIDTH="23" VPOS="1264" HPOS="1094"/>
							<String ID="string_192" HPOS="1117" VPOS="1263" WIDTH="174" HEIGHT="30" WC="0.96" CONTENT="storleken"/><SP WIDTH="21" VPOS="1263" HPOS="1291"/>
							<String ID="string_193" HPOS="1312" VPOS="1261" WIDTH="192" HEIGHT="41" WC="0.96" CONTENT="avpassade"/><SP WIDTH="21" VPOS="1261" HPOS="1504"/>
							<String ID="string_194" HPOS="1525" VPOS="1261" WIDTH="89" HEIGHT="30" WC="0.96" CONTENT="efter"/>
						</TextLine>
						<TextLine ID="line_21" HPOS="123" VPOS="1319" WIDTH="727" HEIGHT="42">
							<String ID="string_195" HPOS="123" VPOS="1321" WIDTH="130" HEIGHT="40" WC="0.96" CONTENT="graden"/><SP WIDTH="16" VPOS="1321" HPOS="253"/>
							<String ID="string_196" HPOS="269" VPOS="1330" WIDTH="42" HEIGHT="21" WC="0.96" CONTENT="av"/><SP WIDTH="16" VPOS="1330" HPOS="311"/>
							<String ID="string_197" HPOS="327" VPOS="1320" WIDTH="218" HEIGHT="30" WC="0.96" CONTENT="återstående"/><SP WIDTH="17" VPOS="1320" HPOS="545"/>
							<String ID="string_198" HPOS="562" VPOS="1319" WIDTH="288" HEIGHT="39" WC="0.96" CONTENT="arbetsförmåga."/>
						</TextLine>
					</TextBlock>
					<TextBlock ID="block_3" HPOS="124" VPOS="1370" WIDTH="1491" HEIGHT="630">
						<TextLine ID="line_22" HPOS="168" VPOS="1370" WIDTH="1447" HEIGHT="43">
							<String ID="string_199" HPOS="168" VPOS="1375" WIDTH="50" HEIGHT="29" WC="0.95" CONTENT="Av"/><SP WIDTH="22" VPOS="1375" HPOS="218"/>
							<String ID="string_200" HPOS="240" VPOS="1374" WIDTH="131" HEIGHT="30" WC="0.95" CONTENT="central"/><SP WIDTH="23" VPOS="1374" HPOS="371"/>
							<String ID="string_201" HPOS="394" VPOS="1373" WIDTH="175" HEIGHT="40" WC="0.96" CONTENT="betydelse"/><SP WIDTH="23" VPOS="1373" HPOS="569"/>
							<String ID="string_202" HPOS="592" VPOS="1374" WIDTH="10" HEIGHT="28" WC="0.96" CONTENT="i"/><SP WIDTH="23" VPOS="1374" HPOS="602"/>
							<String ID="string_203" HPOS="625" VPOS="1373" WIDTH="66" HEIGHT="29" WC="0.96" CONTENT="den"/><SP WIDTH="22" VPOS="1373" HPOS="691"/>
							<String ID="string_204" HPOS="713" VPOS="1382" WIDTH="69" HEIGHT="30" WC="0.93" CONTENT="nya"/><SP WIDTH="23" VPOS="1382" HPOS="782"/>
							<String ID="string_205" HPOS="805" VPOS="1372" WIDTH="419" HEIGHT="39" WC="0.92" CONTENT="förtidspensioneringen"/><SP WIDTH="22" VPOS="1372" HPOS="1224"/>
							<String ID="string_206" HPOS="1246" VPOS="1372" WIDTH="39" HEIGHT="28" WC="0.96" CONTENT="är"/><SP WIDTH="22" VPOS="1372" HPOS="1285"/>
							<String ID="string_207" HPOS="1307" VPOS="1371" WIDTH="143" HEIGHT="39" WC="0.92" CONTENT="givetvis"/><SP WIDTH="34" VPOS="1371" HPOS="1450"/>
							<String ID="string_208" HPOS="1484" VPOS="1370" WIDTH="131" HEIGHT="29" WC="0.75" CONTENT="inva-"/>
						</TextLine>
						<TextLine ID="line_23" HPOS="124" VPOS="1424" WIDTH="1488" HEIGHT="42">
							<String ID="string_209" HPOS="124" VPOS="1427" WIDTH="506" HEIGHT="39" WC="0.0" CONTENT="liditetsbegreppet,"/><SP WIDTH="18" VPOS="1427" HPOS="630"/>
							<String ID="string_210" HPOS="648" VPOS="1426" WIDTH="122" HEIGHT="29" WC="0.0" CONTENT="d.v.s."/><SP WIDTH="19" VPOS="1426" HPOS="770"/>
							<String ID="string_211" HPOS="789" VPOS="1425" WIDTH="41" HEIGHT="30" WC="0.96" CONTENT="de"/><SP WIDTH="18" VPOS="1425" HPOS="830"/>
							<String ID="string_212" HPOS="848" VPOS="1425" WIDTH="156" HEIGHT="29" WC="0.96" CONTENT="faktorer"/><SP WIDTH="18" VPOS="1425" HPOS="1004"/>
							<String ID="string_213" HPOS="1022" VPOS="1434" WIDTH="74" HEIGHT="20" WC="0.96" CONTENT="som"/><SP WIDTH="19" VPOS="1434" HPOS="1096"/>
							<String ID="string_214" HPOS="1115" VPOS="1425" WIDTH="88" HEIGHT="29" WC="0.96" CONTENT="skall"/><SP WIDTH="19" VPOS="1425" HPOS="1203"/>
							<String ID="string_215" HPOS="1222" VPOS="1424" WIDTH="135" HEIGHT="39" WC="0.96" CONTENT="grunda"/><SP WIDTH="17" VPOS="1424" HPOS="1357"/>
							<String ID="string_216" HPOS="1374" VPOS="1424" WIDTH="69" HEIGHT="29" WC="0.96" CONTENT="rätt"/><SP WIDTH="17" VPOS="1424" HPOS="1443"/>
							<String ID="string_217" HPOS="1460" VPOS="1424" WIDTH="53" HEIGHT="29" WC="0.93" CONTENT="till"/><SP WIDTH="17" VPOS="1424" HPOS="1513"/>
							<String ID="string_218" HPOS="1530" VPOS="1432" WIDTH="82" HEIGHT="30" WC="0.90" CONTENT="pen-"/>
						</TextLine>
						<TextLine ID="line_24" HPOS="125" VPOS="1476" WIDTH="1489" HEIGHT="42">
							<String ID="string_219" HPOS="125" VPOS="1481" WIDTH="86" HEIGHT="30" WC="0.94" CONTENT="sion."/><SP WIDTH="19" VPOS="1481" HPOS="211"/>
							<String ID="string_220" HPOS="230" VPOS="1481" WIDTH="121" HEIGHT="30" WC="0.96" CONTENT="Såsom"/><SP WIDTH="18" VPOS="1481" HPOS="351"/>
							<String ID="string_221" HPOS="369" VPOS="1480" WIDTH="106" HEIGHT="29" WC="0.96" CONTENT="redan"/><SP WIDTH="19" VPOS="1480" HPOS="475"/>
							<String ID="string_222" HPOS="494" VPOS="1479" WIDTH="213" HEIGHT="30" WC="0.96" CONTENT="framhållits"/><SP WIDTH="19" VPOS="1479" HPOS="707"/>
							<String ID="string_223" HPOS="726" VPOS="1479" WIDTH="88" HEIGHT="30" WC="0.96" CONTENT="skall"/><SP WIDTH="19" VPOS="1479" HPOS="814"/>
							<String ID="string_224" HPOS="833" VPOS="1479" WIDTH="158" HEIGHT="39" WC="0.96" CONTENT="grunden"/><SP WIDTH="17" VPOS="1479" HPOS="991"/>
							<String ID="string_225" HPOS="1008" VPOS="1478" WIDTH="52" HEIGHT="30" WC="0.96" CONTENT="till"/><SP WIDTH="19" VPOS="1478" HPOS="1060"/>
							<String ID="string_226" HPOS="1079" VPOS="1478" WIDTH="274" HEIGHT="39" WC="0.96" CONTENT="förtidspension"/><SP WIDTH="17" VPOS="1478" HPOS="1353"/>
							<String ID="string_227" HPOS="1370" VPOS="1486" WIDTH="84" HEIGHT="20" WC="0.96" CONTENT="vara"/><SP WIDTH="17" VPOS="1486" HPOS="1454"/>
							<String ID="string_228" HPOS="1471" VPOS="1486" WIDTH="43" HEIGHT="20" WC="0.93" CONTENT="en"/><SP WIDTH="17" VPOS="1486" HPOS="1514"/>
							<String ID="string_229" HPOS="1531" VPOS="1476" WIDTH="83" HEIGHT="30" WC="0.92" CONTENT="ned-"/>
						</TextLine>
						<TextLine ID="line_25" HPOS="126" VPOS="1530" WIDTH="1488" HEIGHT="44">
							<String ID="string_230" HPOS="126" VPOS="1535" WIDTH="154" HEIGHT="39" WC="0.95" CONTENT="sättning"/><SP WIDTH="18" VPOS="1535" HPOS="280"/>
							<String ID="string_231" HPOS="298" VPOS="1544" WIDTH="42" HEIGHT="20" WC="0.96" CONTENT="av"/><SP WIDTH="19" VPOS="1544" HPOS="340"/>
							<String ID="string_232" HPOS="359" VPOS="1533" WIDTH="312" HEIGHT="39" WC="0.96" CONTENT="arbetsförmågan,"/><SP WIDTH="20" VPOS="1533" HPOS="671"/>
							<String ID="string_233" HPOS="691" VPOS="1542" WIDTH="80" HEIGHT="20" WC="0.96" CONTENT="men"/><SP WIDTH="20" VPOS="1542" HPOS="771"/>
							<String ID="string_234" HPOS="791" VPOS="1532" WIDTH="57" HEIGHT="29" WC="0.93" CONTENT="det"/><SP WIDTH="20" VPOS="1532" HPOS="848"/>
							<String ID="string_235" HPOS="868" VPOS="1532" WIDTH="122" HEIGHT="29" WC="0.92" CONTENT="kräves"/><SP WIDTH="21" VPOS="1532" HPOS="990"/>
							<String ID="string_236" HPOS="1011" VPOS="1532" WIDTH="186" HEIGHT="29" WC="0.96" CONTENT="därutöver"/><SP WIDTH="19" VPOS="1532" HPOS="1197"/>
							<String ID="string_237" HPOS="1216" VPOS="1533" WIDTH="50" HEIGHT="27" WC="0.93" CONTENT="att"/><SP WIDTH="20" VPOS="1533" HPOS="1266"/>
							<String ID="string_238" HPOS="1286" VPOS="1530" WIDTH="270" HEIGHT="39" WC="0.91" CONTENT="nedsättningen"/><SP WIDTH="19" VPOS="1530" HPOS="1556"/>
							<String ID="string_239" HPOS="1575" VPOS="1530" WIDTH="39" HEIGHT="29" WC="0.96" CONTENT="är"/>
						</TextLine>
						<TextLine ID="line_26" HPOS="126" VPOS="1583" WIDTH="1488" HEIGHT="41">
							<String ID="string_240" HPOS="126" VPOS="1588" WIDTH="207" HEIGHT="30" WC="0.92" CONTENT="förorsakad"/><SP WIDTH="20" VPOS="1588" HPOS="333"/>
							<String ID="string_241" HPOS="353" VPOS="1597" WIDTH="41" HEIGHT="20" WC="0.96" CONTENT="av"/><SP WIDTH="19" VPOS="1597" HPOS="394"/>
							<String ID="string_242" HPOS="413" VPOS="1596" WIDTH="42" HEIGHT="20" WC="0.96" CONTENT="en"/><SP WIDTH="20" VPOS="1596" HPOS="455"/>
							<String ID="string_243" HPOS="475" VPOS="1586" WIDTH="196" HEIGHT="30" WC="0.96" CONTENT="medicinsk"/><SP WIDTH="19" VPOS="1586" HPOS="671"/>
							<String ID="string_244" HPOS="690" VPOS="1586" WIDTH="129" HEIGHT="34" WC="0.96" CONTENT="defekt,"/><SP WIDTH="20" VPOS="1586" HPOS="819"/>
							<String ID="string_245" HPOS="839" VPOS="1586" WIDTH="10" HEIGHT="29" WC="0.96" CONTENT="i"/><SP WIDTH="21" VPOS="1586" HPOS="849"/>
							<String ID="string_246" HPOS="870" VPOS="1586" WIDTH="65" HEIGHT="29" WC="0.96" CONTENT="den"/><SP WIDTH="21" VPOS="1586" HPOS="935"/>
							<String ID="string_247" HPOS="956" VPOS="1585" WIDTH="199" HEIGHT="39" WC="0.96" CONTENT="föreslagna"/><SP WIDTH="19" VPOS="1585" HPOS="1155"/>
							<String ID="string_248" HPOS="1174" VPOS="1585" WIDTH="98" HEIGHT="39" WC="0.96" CONTENT="lagen"/><SP WIDTH="21" VPOS="1585" HPOS="1272"/>
							<String ID="string_249" HPOS="1293" VPOS="1584" WIDTH="184" HEIGHT="29" WC="0.96" CONTENT="beskriven"/><SP WIDTH="21" VPOS="1584" HPOS="1477"/>
							<String ID="string_250" HPOS="1498" VPOS="1583" WIDTH="116" HEIGHT="30" WC="0.96" CONTENT="såsom"/>
						</TextLine>
						<TextLine ID="line_27" HPOS="127" VPOS="1636" WIDTH="1487" HEIGHT="44">
							<String ID="string_251" HPOS="127" VPOS="1641" WIDTH="176" HEIGHT="39" WC="0.96" CONTENT="sjukdom,"/><SP WIDTH="27" VPOS="1641" HPOS="303"/>
							<String ID="string_252" HPOS="330" VPOS="1640" WIDTH="146" HEIGHT="40" WC="0.91" CONTENT="psykisk"/><SP WIDTH="27" VPOS="1640" HPOS="476"/>
							<String ID="string_253" HPOS="503" VPOS="1639" WIDTH="276" HEIGHT="34" WC="0.91" CONTENT="efterblivenhet,"/><SP WIDTH="27" VPOS="1639" HPOS="779"/>
							<String ID="string_254" HPOS="806" VPOS="1639" WIDTH="186" HEIGHT="30" WC="0.92" CONTENT="vanförhet"/><SP WIDTH="26" VPOS="1639" HPOS="992"/>
							<String ID="string_255" HPOS="1018" VPOS="1639" WIDTH="83" HEIGHT="29" WC="0.96" CONTENT="eller"/><SP WIDTH="26" VPOS="1639" HPOS="1101"/>
							<String ID="string_256" HPOS="1127" VPOS="1640" WIDTH="107" HEIGHT="28" WC="0.96" CONTENT="annat"/><SP WIDTH="27" VPOS="1640" HPOS="1234"/>
							<String ID="string_257" HPOS="1261" VPOS="1638" WIDTH="79" HEIGHT="39" WC="0.96" CONTENT="lyte."/><SP WIDTH="27" VPOS="1638" HPOS="1340"/>
							<String ID="string_258" HPOS="1367" VPOS="1637" WIDTH="165" HEIGHT="30" WC="0.96" CONTENT="Grunden"/><SP WIDTH="27" VPOS="1637" HPOS="1532"/>
							<String ID="string_259" HPOS="1559" VPOS="1636" WIDTH="55" HEIGHT="30" WC="0.96" CONTENT="för"/>
						</TextLine>
						<TextLine ID="line_28" HPOS="126" VPOS="1691" WIDTH="1487" HEIGHT="43">
							<String ID="string_260" HPOS="126" VPOS="1695" WIDTH="274" HEIGHT="39" WC="0.96" CONTENT="förtidspension"/><SP WIDTH="24" VPOS="1695" HPOS="400"/>
							<String ID="string_261" HPOS="424" VPOS="1694" WIDTH="88" HEIGHT="29" WC="0.96" CONTENT="skall"/><SP WIDTH="24" VPOS="1694" HPOS="512"/>
							<String ID="string_262" HPOS="536" VPOS="1693" WIDTH="79" HEIGHT="29" WC="0.96" CONTENT="med"/><SP WIDTH="24" VPOS="1693" HPOS="615"/>
							<String ID="string_263" HPOS="639" VPOS="1693" WIDTH="109" HEIGHT="29" WC="0.96" CONTENT="andra"/><SP WIDTH="23" VPOS="1693" HPOS="748"/>
							<String ID="string_264" HPOS="771" VPOS="1693" WIDTH="62" HEIGHT="29" WC="0.96" CONTENT="ord"/><SP WIDTH="22" VPOS="1693" HPOS="833"/>
							<String ID="string_265" HPOS="855" VPOS="1702" WIDTH="84" HEIGHT="20" WC="0.96" CONTENT="vara"/><SP WIDTH="22" VPOS="1702" HPOS="939"/>
							<String ID="string_266" HPOS="961" VPOS="1702" WIDTH="42" HEIGHT="20" WC="0.93" CONTENT="en"/><SP WIDTH="24" VPOS="1702" HPOS="1003"/>
							<String ID="string_267" HPOS="1027" VPOS="1692" WIDTH="322" HEIGHT="33" WC="0.90" CONTENT="arbetsinvaliditet,"/><SP WIDTH="25" VPOS="1692" HPOS="1349"/>
							<String ID="string_268" HPOS="1374" VPOS="1700" WIDTH="74" HEIGHT="20" WC="0.96" CONTENT="som"/><SP WIDTH="24" VPOS="1700" HPOS="1448"/>
							<String ID="string_269" HPOS="1472" VPOS="1691" WIDTH="64" HEIGHT="28" WC="0.96" CONTENT="har"/><SP WIDTH="24" VPOS="1691" HPOS="1536"/>
							<String ID="string_270" HPOS="1560" VPOS="1691" WIDTH="53" HEIGHT="28" WC="0.96" CONTENT="sin"/>
						</TextLine>
						<TextLine ID="line_29" HPOS="126" VPOS="1743" WIDTH="1488" HEIGHT="39">
							<String ID="string_271" HPOS="126" VPOS="1749" WIDTH="104" HEIGHT="29" WC="0.96" CONTENT="orsak"/><SP WIDTH="22" VPOS="1749" HPOS="230"/>
							<String ID="string_272" HPOS="252" VPOS="1749" WIDTH="11" HEIGHT="28" WC="0.96" CONTENT="i"/><SP WIDTH="23" VPOS="1749" HPOS="263"/>
							<String ID="string_273" HPOS="286" VPOS="1747" WIDTH="217" HEIGHT="30" WC="0.96" CONTENT="medicinska"/><SP WIDTH="24" VPOS="1747" HPOS="503"/>
							<String ID="string_274" HPOS="527" VPOS="1746" WIDTH="166" HEIGHT="30" WC="0.96" CONTENT="faktorer."/><SP WIDTH="24" VPOS="1746" HPOS="693"/>
							<String ID="string_275" HPOS="717" VPOS="1747" WIDTH="52" HEIGHT="28" WC="0.96" CONTENT="En"/><SP WIDTH="24" VPOS="1747" HPOS="769"/>
							<String ID="string_276" HPOS="793" VPOS="1746" WIDTH="194" HEIGHT="29" WC="0.96" CONTENT="medicinsk"/><SP WIDTH="24" VPOS="1746" HPOS="987"/>
							<String ID="string_277" HPOS="1011" VPOS="1745" WIDTH="120" HEIGHT="30" WC="0.96" CONTENT="defekt"/><SP WIDTH="24" VPOS="1745" HPOS="1131"/>
							<String ID="string_278" HPOS="1155" VPOS="1745" WIDTH="87" HEIGHT="29" WC="0.96" CONTENT="skall"/><SP WIDTH="25" VPOS="1745" HPOS="1242"/>
							<String ID="string_279" HPOS="1267" VPOS="1746" WIDTH="70" HEIGHT="28" WC="0.96" CONTENT="inte"/><SP WIDTH="24" VPOS="1746" HPOS="1337"/>
							<String ID="string_280" HPOS="1361" VPOS="1745" WIDTH="10" HEIGHT="28" WC="0.96" CONTENT="i"/><SP WIDTH="24" VPOS="1745" HPOS="1371"/>
							<String ID="string_281" HPOS="1395" VPOS="1744" WIDTH="65" HEIGHT="30" WC="0.96" CONTENT="och"/><SP WIDTH="25" VPOS="1744" HPOS="1460"/>
							<String ID="string_282" HPOS="1485" VPOS="1743" WIDTH="54" HEIGHT="30" WC="0.96" CONTENT="för"/><SP WIDTH="24" VPOS="1743" HPOS="1539"/>
							<String ID="string_283" HPOS="1563" VPOS="1744" WIDTH="51" HEIGHT="38" WC="0.96" CONTENT="sig"/>
						</TextLine>
						<TextLine ID="line_30" HPOS="127" VPOS="1797" WIDTH="1488" HEIGHT="44">
							<String ID="string_284" HPOS="127" VPOS="1801" WIDTH="135" HEIGHT="40" WC="0.95" CONTENT="grunda"/><SP WIDTH="19" VPOS="1801" HPOS="262"/>
							<String ID="string_285" HPOS="281" VPOS="1802" WIDTH="69" HEIGHT="29" WC="0.96" CONTENT="rätt"/><SP WIDTH="20" VPOS="1802" HPOS="350"/>
							<String ID="string_286" HPOS="370" VPOS="1801" WIDTH="52" HEIGHT="29" WC="0.96" CONTENT="till"/><SP WIDTH="20" VPOS="1801" HPOS="422"/>
							<String ID="string_287" HPOS="442" VPOS="1801" WIDTH="147" HEIGHT="39" WC="0.96" CONTENT="pension"/><SP WIDTH="22" VPOS="1801" HPOS="589"/>
							<String ID="string_288" HPOS="611" VPOS="1802" WIDTH="84" HEIGHT="27" WC="0.96" CONTENT="utan"/><SP WIDTH="21" VPOS="1802" HPOS="695"/>
							<String ID="string_289" HPOS="716" VPOS="1799" WIDTH="124" HEIGHT="30" WC="0.96" CONTENT="endast"/><SP WIDTH="20" VPOS="1799" HPOS="840"/>
							<String ID="string_290" HPOS="860" VPOS="1800" WIDTH="11" HEIGHT="28" WC="0.96" CONTENT="i"/><SP WIDTH="21" VPOS="1800" HPOS="871"/>
							<String ID="string_291" HPOS="892" VPOS="1799" WIDTH="65" HEIGHT="29" WC="0.96" CONTENT="den"/><SP WIDTH="21" VPOS="1799" HPOS="957"/>
							<String ID="string_292" HPOS="978" VPOS="1799" WIDTH="83" HEIGHT="29" WC="0.96" CONTENT="mån"/><SP WIDTH="21" VPOS="1799" HPOS="1061"/>
							<String ID="string_293" HPOS="1082" VPOS="1799" WIDTH="66" HEIGHT="29" WC="0.96" CONTENT="den"/><SP WIDTH="22" VPOS="1799" HPOS="1148"/>
							<String ID="string_294" HPOS="1170" VPOS="1798" WIDTH="135" HEIGHT="29" WC="0.96" CONTENT="medför"/><SP WIDTH="21" VPOS="1798" HPOS="1305"/>
							<String ID="string_295" HPOS="1326" VPOS="1807" WIDTH="42" HEIGHT="20" WC="0.96" CONTENT="en"/><SP WIDTH="21" VPOS="1807" HPOS="1368"/>
							<String ID="string_296" HPOS="1389" VPOS="1797" WIDTH="226" HEIGHT="38" WC="0.96" CONTENT="nedsättning"/>
						</TextLine>
						<TextLine ID="line_31" HPOS="126" VPOS="1850" WIDTH="1489" HEIGHT="43">
							<String ID="string_297" HPOS="126" VPOS="1864" WIDTH="42" HEIGHT="20" WC="0.96" CONTENT="av"/><SP WIDTH="20" VPOS="1864" HPOS="168"/>
							<String ID="string_298" HPOS="188" VPOS="1854" WIDTH="310" HEIGHT="39" WC="0.93" CONTENT="arbetsförmågan."/><SP WIDTH="22" VPOS="1854" HPOS="498"/>
							<String ID="string_299" HPOS="520" VPOS="1853" WIDTH="333" HEIGHT="39" WC="0.91" CONTENT="Förtidspensionen"/><SP WIDTH="21" VPOS="1853" HPOS="853"/>
							<String ID="string_300" HPOS="874" VPOS="1853" WIDTH="88" HEIGHT="29" WC="0.96" CONTENT="skall"/><SP WIDTH="22" VPOS="1853" HPOS="962"/>
							<String ID="string_301" HPOS="984" VPOS="1852" WIDTH="134" HEIGHT="29" WC="0.96" CONTENT="således"/><SP WIDTH="22" VPOS="1852" HPOS="1118"/>
							<String ID="string_302" HPOS="1140" VPOS="1852" WIDTH="122" HEIGHT="38" WC="0.96" CONTENT="utgöra"/><SP WIDTH="20" VPOS="1852" HPOS="1262"/>
							<String ID="string_303" HPOS="1282" VPOS="1860" WIDTH="42" HEIGHT="20" WC="0.96" CONTENT="en"/><SP WIDTH="21" VPOS="1860" HPOS="1324"/>
							<String ID="string_304" HPOS="1345" VPOS="1851" WIDTH="194" HEIGHT="38" WC="0.95" CONTENT="ersättning"/><SP WIDTH="21" VPOS="1851" HPOS="1539"/>
							<String ID="string_305" HPOS="1560" VPOS="1850" WIDTH="55" HEIGHT="29" WC="0.96" CONTENT="för"/>
						</TextLine>
						<TextLine ID="line_32" HPOS="127" VPOS="1903" WIDTH="1488" HEIGHT="42">
							<String ID="string_306" HPOS="127" VPOS="1908" WIDTH="56" HEIGHT="30" WC="0.93" CONTENT="det"/><SP WIDTH="17" VPOS="1908" HPOS="183"/>
							<String ID="string_307" HPOS="200" VPOS="1907" WIDTH="299" HEIGHT="30" WC="0.92" CONTENT="inkomstbortfall"/><SP WIDTH="20" VPOS="1907" HPOS="499"/>
							<String ID="string_308" HPOS="519" VPOS="1916" WIDTH="75" HEIGHT="20" WC="0.96" CONTENT="som"/><SP WIDTH="19" VPOS="1916" HPOS="594"/>
							<String ID="string_309" HPOS="613" VPOS="1907" WIDTH="146" HEIGHT="38" WC="0.96" CONTENT="uppstår"/><SP WIDTH="18" VPOS="1907" HPOS="759"/>
							<String ID="string_310" HPOS="777" VPOS="1906" WIDTH="44" HEIGHT="39" WC="0.96" CONTENT="på"/><SP WIDTH="18" VPOS="1906" HPOS="821"/>
							<String ID="string_311" HPOS="839" VPOS="1905" WIDTH="112" HEIGHT="40" WC="0.96" CONTENT="grund"/><SP WIDTH="19" VPOS="1905" HPOS="951"/>
							<String ID="string_312" HPOS="970" VPOS="1914" WIDTH="41" HEIGHT="20" WC="0.96" CONTENT="av"/><SP WIDTH="19" VPOS="1914" HPOS="1011"/>
							<String ID="string_313" HPOS="1030" VPOS="1905" WIDTH="66" HEIGHT="29" WC="0.96" CONTENT="den"/><SP WIDTH="19" VPOS="1905" HPOS="1096"/>
							<String ID="string_314" HPOS="1115" VPOS="1904" WIDTH="217" HEIGHT="29" WC="0.93" CONTENT="medicinska"/><SP WIDTH="18" VPOS="1904" HPOS="1332"/>
							<String ID="string_315" HPOS="1350" VPOS="1903" WIDTH="174" HEIGHT="34" WC="0.92" CONTENT="defekten,"/><SP WIDTH="19" VPOS="1903" HPOS="1524"/>
							<String ID="string_316" HPOS="1543" VPOS="1904" WIDTH="72" HEIGHT="28" WC="0.96" CONTENT="inte"/>
						</TextLine>
						<TextLine ID="line_33" HPOS="127" VPOS="1960" WIDTH="705" HEIGHT="40">
							<String ID="string_317" HPOS="127" VPOS="1962" WIDTH="55" HEIGHT="29" WC="0.96" CONTENT="för"/><SP WIDTH="14" VPOS="1962" HPOS="182"/>
							<String ID="string_318" HPOS="196" VPOS="1962" WIDTH="57" HEIGHT="29" WC="0.96" CONTENT="det"/><SP WIDTH="13" VPOS="1962" HPOS="253"/>
							<String ID="string_319" HPOS="266" VPOS="1962" WIDTH="69" HEIGHT="38" WC="0.96" CONTENT="lyte"/><SP WIDTH="16" VPOS="1962" HPOS="335"/>
							<String ID="string_320" HPOS="351" VPOS="1970" WIDTH="74" HEIGHT="21" WC="0.96" CONTENT="som"/><SP WIDTH="15" VPOS="1970" HPOS="425"/>
							<String ID="string_321" HPOS="440" VPOS="1961" WIDTH="114" HEIGHT="29" WC="0.96" CONTENT="denna"/><SP WIDTH="16" VPOS="1961" HPOS="554"/>
							<String ID="string_322" HPOS="570" VPOS="1961" WIDTH="68" HEIGHT="28" WC="0.96" CONTENT="kan"/><SP WIDTH="17" VPOS="1961" HPOS="638"/>
							<String ID="string_323" HPOS="655" VPOS="1960" WIDTH="177" HEIGHT="29" WC="0.96" CONTENT="innebära."/>
						</TextLine>
					</TextBlock>
					<TextBlock ID="block_4" HPOS="127" VPOS="2010" WIDTH="1491" HEIGHT="520">
						<TextLine ID="line_34" HPOS="171" VPOS="2010" WIDTH="1445" HEIGHT="42">
							<String ID="string_324" HPOS="171" VPOS="2015" WIDTH="64" HEIGHT="29" WC="0.95" CONTENT="Det"/><SP WIDTH="21" VPOS="2015" HPOS="235"/>
							<String ID="string_325" HPOS="256" VPOS="2014" WIDTH="198" HEIGHT="38" WC="0.93" CONTENT="föreslagna"/><SP WIDTH="20" VPOS="2014" HPOS="454"/>
							<String ID="string_326" HPOS="474" VPOS="2013" WIDTH="403" HEIGHT="39" WC="0.92" CONTENT="invaliditetsbegreppet"/><SP WIDTH="21" VPOS="2013" HPOS="877"/>
							<String ID="string_327" HPOS="898" VPOS="2013" WIDTH="156" HEIGHT="29" WC="0.96" CONTENT="ansluter"/><SP WIDTH="21" VPOS="2013" HPOS="1054"/>
							<String ID="string_328" HPOS="1075" VPOS="2012" WIDTH="85" HEIGHT="28" WC="0.96" CONTENT="nära"/><SP WIDTH="22" VPOS="2012" HPOS="1160"/>
							<String ID="string_329" HPOS="1182" VPOS="2011" WIDTH="50" HEIGHT="29" WC="0.96" CONTENT="till"/><SP WIDTH="22" VPOS="2011" HPOS="1232"/>
							<String ID="string_330" HPOS="1254" VPOS="2011" WIDTH="66" HEIGHT="29" WC="0.96" CONTENT="vad"/><SP WIDTH="23" VPOS="2011" HPOS="1320"/>
							<String ID="string_331" HPOS="1343" VPOS="2019" WIDTH="74" HEIGHT="21" WC="0.96" CONTENT="som"/><SP WIDTH="22" VPOS="2019" HPOS="1417"/>
							<String ID="string_332" HPOS="1439" VPOS="2019" WIDTH="46" HEIGHT="20" WC="0.96" CONTENT="nu"/><SP WIDTH="24" VPOS="2019" HPOS="1485"/>
							<String ID="string_333" HPOS="1509" VPOS="2010" WIDTH="107" HEIGHT="38" WC="0.96" CONTENT="gäller"/>
						</TextLine>
						<TextLine ID="line_35" HPOS="127" VPOS="2063" WIDTH="1488" HEIGHT="43">
							<String ID="string_334" HPOS="127" VPOS="2069" WIDTH="95" HEIGHT="29" WC="0.92" CONTENT="inom"/><SP WIDTH="26" VPOS="2069" HPOS="222"/>
							<String ID="string_335" HPOS="248" VPOS="2067" WIDTH="379" HEIGHT="39" WC="0.91" CONTENT="folkpensioneringen."/><SP WIDTH="26" VPOS="2067" HPOS="627"/>
							<String ID="string_336" HPOS="653" VPOS="2067" WIDTH="116" HEIGHT="38" WC="0.93" CONTENT="Enligt"/><SP WIDTH="26" VPOS="2067" HPOS="769"/>
							<String ID="string_337" HPOS="795" VPOS="2066" WIDTH="84" HEIGHT="29" WC="0.92" CONTENT="FPL"/><SP WIDTH="26" VPOS="2066" HPOS="879"/>
							<String ID="string_338" HPOS="905" VPOS="2065" WIDTH="94" HEIGHT="29" WC="0.96" CONTENT="finns"/><SP WIDTH="26" VPOS="2065" HPOS="999"/>
							<String ID="string_339" HPOS="1025" VPOS="2064" WIDTH="193" HEIGHT="30" WC="0.95" CONTENT="emellertid"/><SP WIDTH="26" VPOS="2064" HPOS="1218"/>
							<String ID="string_340" HPOS="1244" VPOS="2074" WIDTH="41" HEIGHT="19" WC="0.93" CONTENT="en"/><SP WIDTH="28" VPOS="2074" HPOS="1285"/>
							<String ID="string_341" HPOS="1313" VPOS="2063" WIDTH="302" HEIGHT="30" WC="0.91" CONTENT="särbestämmelse"/>
						</TextLine>
						<TextLine ID="line_36" HPOS="128" VPOS="2116" WIDTH="1488" HEIGHT="41">
							<String ID="string_342" HPOS="128" VPOS="2121" WIDTH="147" HEIGHT="29" WC="0.96" CONTENT="rörande"/><SP WIDTH="25" VPOS="2121" HPOS="275"/>
							<String ID="string_343" HPOS="300" VPOS="2121" WIDTH="40" HEIGHT="28" WC="0.96" CONTENT="de"/><SP WIDTH="36" VPOS="2121" HPOS="340"/>
							<String ID="string_344" HPOS="376" VPOS="2120" WIDTH="184" HEIGHT="33" WC="0.67" CONTENT="blinda,"/><SP WIDTH="27" VPOS="2120" HPOS="560"/>
							<String ID="string_345" HPOS="587" VPOS="2129" WIDTH="73" HEIGHT="20" WC="0.96" CONTENT="som"/><SP WIDTH="26" VPOS="2129" HPOS="660"/>
							<String ID="string_346" HPOS="686" VPOS="2120" WIDTH="129" HEIGHT="28" WC="0.96" CONTENT="saknar"/><SP WIDTH="25" VPOS="2120" HPOS="815"/>
							<String ID="string_347" HPOS="840" VPOS="2118" WIDTH="249" HEIGHT="39" WC="0.96" CONTENT="motsvarighet"/><SP WIDTH="26" VPOS="2118" HPOS="1089"/>
							<String ID="string_348" HPOS="1115" VPOS="2119" WIDTH="9" HEIGHT="28" WC="0.96" CONTENT="i"/><SP WIDTH="26" VPOS="2119" HPOS="1124"/>
							<String ID="string_349" HPOS="1150" VPOS="2118" WIDTH="40" HEIGHT="28" WC="0.96" CONTENT="de"/><SP WIDTH="25" VPOS="2118" HPOS="1190"/>
							<String ID="string_350" HPOS="1215" VPOS="2127" WIDTH="67" HEIGHT="29" WC="0.96" CONTENT="nya"/><SP WIDTH="25" VPOS="2127" HPOS="1282"/>
							<String ID="string_351" HPOS="1307" VPOS="2117" WIDTH="167" HEIGHT="38" WC="0.95" CONTENT="reglerna."/><SP WIDTH="26" VPOS="2117" HPOS="1474"/>
							<String ID="string_352" HPOS="1500" VPOS="2116" WIDTH="116" HEIGHT="38" WC="0.96" CONTENT="Enligt"/>
						</TextLine>
						<TextLine ID="line_37" HPOS="129" VPOS="2168" WIDTH="1488" HEIGHT="40">
							<String ID="string_353" HPOS="129" VPOS="2174" WIDTH="325" HEIGHT="30" WC="0.91" CONTENT="särbestämmelsen"/><SP WIDTH="26" VPOS="2174" HPOS="454"/>
							<String ID="string_354" HPOS="480" VPOS="2173" WIDTH="88" HEIGHT="29" WC="0.96" CONTENT="skall"/><SP WIDTH="25" VPOS="2173" HPOS="568"/>
							<String ID="string_355" HPOS="593" VPOS="2182" WIDTH="41" HEIGHT="19" WC="0.96" CONTENT="en"/><SP WIDTH="25" VPOS="2182" HPOS="634"/>
							<String ID="string_356" HPOS="659" VPOS="2173" WIDTH="96" HEIGHT="28" WC="0.95" CONTENT="blind"/><SP WIDTH="24" VPOS="2173" HPOS="755"/>
							<String ID="string_357" HPOS="779" VPOS="2172" WIDTH="98" HEIGHT="29" WC="0.96" CONTENT="alltid"/><SP WIDTH="25" VPOS="2172" HPOS="877"/>
							<String ID="string_358" HPOS="902" VPOS="2181" WIDTH="101" HEIGHT="19" WC="0.95" CONTENT="anses"/><SP WIDTH="25" VPOS="2181" HPOS="1003"/>
							<String ID="string_359" HPOS="1028" VPOS="2171" WIDTH="70" HEIGHT="29" WC="0.95" CONTENT="lida"/><SP WIDTH="25" VPOS="2171" HPOS="1098"/>
							<String ID="string_360" HPOS="1123" VPOS="2180" WIDTH="40" HEIGHT="20" WC="0.96" CONTENT="av"/><SP WIDTH="26" VPOS="2180" HPOS="1163"/>
							<String ID="string_361" HPOS="1189" VPOS="2170" WIDTH="106" HEIGHT="29" WC="0.93" CONTENT="sådan"/><SP WIDTH="26" VPOS="2170" HPOS="1295"/>
							<String ID="string_362" HPOS="1321" VPOS="2169" WIDTH="190" HEIGHT="39" WC="0.90" CONTENT="höggradig"/><SP WIDTH="24" VPOS="2169" HPOS="1511"/>
							<String ID="string_363" HPOS="1535" VPOS="2168" WIDTH="82" HEIGHT="29" WC="0.91" CONTENT="ned-"/>
						</TextLine>
						<TextLine ID="line_38" HPOS="129" VPOS="2221" WIDTH="1488" HEIGHT="43">
							<String ID="string_364" HPOS="129" VPOS="2227" WIDTH="154" HEIGHT="37" WC="0.96" CONTENT="sättning"/><SP WIDTH="25" VPOS="2227" HPOS="283"/>
							<String ID="string_365" HPOS="308" VPOS="2236" WIDTH="42" HEIGHT="19" WC="0.96" CONTENT="av"/><SP WIDTH="25" VPOS="2236" HPOS="350"/>
							<String ID="string_366" HPOS="375" VPOS="2225" WIDTH="300" HEIGHT="38" WC="0.96" CONTENT="arbetsförmågan"/><SP WIDTH="29" VPOS="2225" HPOS="675"/>
							<String ID="string_367" HPOS="704" VPOS="2234" WIDTH="73" HEIGHT="20" WC="0.96" CONTENT="som"/><SP WIDTH="27" VPOS="2234" HPOS="777"/>
							<String ID="string_368" HPOS="804" VPOS="2225" WIDTH="188" HEIGHT="37" WC="0.96" CONTENT="berättigar"/><SP WIDTH="26" VPOS="2225" HPOS="992"/>
							<String ID="string_369" HPOS="1018" VPOS="2224" WIDTH="50" HEIGHT="29" WC="0.92" CONTENT="till"/><SP WIDTH="27" VPOS="2224" HPOS="1068"/>
							<String ID="string_370" HPOS="1095" VPOS="2223" WIDTH="290" HEIGHT="38" WC="0.91" CONTENT="invalidpension."/><SP WIDTH="28" VPOS="2223" HPOS="1385"/>
							<String ID="string_371" HPOS="1413" VPOS="2222" WIDTH="120" HEIGHT="29" WC="0.92" CONTENT="Såsom"/><SP WIDTH="28" VPOS="2222" HPOS="1533"/>
							<String ID="string_372" HPOS="1561" VPOS="2221" WIDTH="56" HEIGHT="29" WC="0.92" CONTENT="de-"/>
						</TextLine>
						<TextLine ID="line_39" HPOS="128" VPOS="2274" WIDTH="1489" HEIGHT="45">
							<String ID="string_373" HPOS="128" VPOS="2278" WIDTH="341" HEIGHT="41" WC="0.92" CONTENT="partementschefen"/><SP WIDTH="29" VPOS="2278" HPOS="469"/>
							<String ID="string_374" HPOS="498" VPOS="2278" WIDTH="194" HEIGHT="29" WC="0.95" CONTENT="framhållit"/><SP WIDTH="28" VPOS="2278" HPOS="692"/>
							<String ID="string_375" HPOS="720" VPOS="2278" WIDTH="63" HEIGHT="28" WC="0.93" CONTENT="har"/><SP WIDTH="29" VPOS="2278" HPOS="783"/>
							<String ID="string_376" HPOS="812" VPOS="2277" WIDTH="327" HEIGHT="29" WC="0.91" CONTENT="särbestämmelsen"/><SP WIDTH="28" VPOS="2277" HPOS="1139"/>
							<String ID="string_377" HPOS="1167" VPOS="2275" WIDTH="202" HEIGHT="29" WC="0.96" CONTENT="tillkommit"/><SP WIDTH="28" VPOS="2275" HPOS="1369"/>
							<String ID="string_378" HPOS="1397" VPOS="2275" WIDTH="56" HEIGHT="28" WC="0.96" CONTENT="vid"/><SP WIDTH="29" VPOS="2275" HPOS="1453"/>
							<String ID="string_379" HPOS="1482" VPOS="2284" WIDTH="41" HEIGHT="19" WC="0.92" CONTENT="en"/><SP WIDTH="29" VPOS="2284" HPOS="1523"/>
							<String ID="string_380" HPOS="1552" VPOS="2274" WIDTH="65" HEIGHT="29" WC="0.92" CONTENT="tid-"/>
						</TextLine>
						<TextLine ID="line_40" HPOS="128" VPOS="2327" WIDTH="1489" HEIGHT="45">
							<String ID="string_381" HPOS="128" VPOS="2333" WIDTH="122" HEIGHT="39" WC="0.96" CONTENT="punkt,"/><SP WIDTH="25" VPOS="2333" HPOS="250"/>
							<String ID="string_382" HPOS="275" VPOS="2333" WIDTH="42" HEIGHT="28" WC="0.93" CONTENT="då"/><SP WIDTH="26" VPOS="2333" HPOS="317"/>
							<String ID="string_383" HPOS="343" VPOS="2332" WIDTH="308" HEIGHT="38" WC="0.91" CONTENT="folkpensionerna"/><SP WIDTH="23" VPOS="2332" HPOS="651"/>
							<String ID="string_384" HPOS="674" VPOS="2340" WIDTH="61" HEIGHT="20" WC="0.96" CONTENT="var"/><SP WIDTH="23" VPOS="2340" HPOS="735"/>
							<String ID="string_385" HPOS="758" VPOS="2331" WIDTH="138" HEIGHT="38" WC="0.96" CONTENT="mycket"/><SP WIDTH="24" VPOS="2331" HPOS="896"/>
							<String ID="string_386" HPOS="920" VPOS="2329" WIDTH="76" HEIGHT="39" WC="0.96" CONTENT="låga"/><SP WIDTH="25" VPOS="2329" HPOS="996"/>
							<String ID="string_387" HPOS="1021" VPOS="2330" WIDTH="64" HEIGHT="28" WC="0.93" CONTENT="och"/><SP WIDTH="25" VPOS="2330" HPOS="1085"/>
							<String ID="string_388" HPOS="1110" VPOS="2327" WIDTH="507" HEIGHT="40" WC="0.90" CONTENT="inkomstprövningsreglerna"/>
						</TextLine>
						<TextLine ID="line_41" HPOS="129" VPOS="2380" WIDTH="1488" HEIGHT="40">
							<String ID="string_389" HPOS="129" VPOS="2385" WIDTH="210" HEIGHT="29" WC="0.96" CONTENT="restriktiva."/><SP WIDTH="28" VPOS="2385" HPOS="339"/>
							<String ID="string_390" HPOS="367" VPOS="2385" WIDTH="72" HEIGHT="28" WC="0.96" CONTENT="Den"/><SP WIDTH="27" VPOS="2385" HPOS="439"/>
							<String ID="string_391" HPOS="466" VPOS="2384" WIDTH="174" HEIGHT="28" WC="0.96" CONTENT="avvikelse"/><SP WIDTH="28" VPOS="2384" HPOS="640"/>
							<String ID="string_392" HPOS="668" VPOS="2383" WIDTH="78" HEIGHT="29" WC="0.96" CONTENT="från"/><SP WIDTH="28" VPOS="2383" HPOS="746"/>
							<String ID="string_393" HPOS="774" VPOS="2383" WIDTH="56" HEIGHT="29" WC="0.96" CONTENT="det"/><SP WIDTH="26" VPOS="2383" HPOS="830"/>
							<String ID="string_394" HPOS="856" VPOS="2383" WIDTH="9" HEIGHT="28" WC="0.96" CONTENT="i"/><SP WIDTH="27" VPOS="2383" HPOS="865"/>
							<String ID="string_395" HPOS="892" VPOS="2383" WIDTH="110" HEIGHT="37" WC="0.96" CONTENT="övrigt"/><SP WIDTH="28" VPOS="2383" HPOS="1002"/>
							<String ID="string_396" HPOS="1030" VPOS="2381" WIDTH="159" HEIGHT="39" WC="0.93" CONTENT="gällande"/><SP WIDTH="27" VPOS="2381" HPOS="1189"/>
							<String ID="string_397" HPOS="1216" VPOS="2380" WIDTH="401" HEIGHT="38" WC="0.90" CONTENT="invaliditetsbegreppet"/>
						</TextLine>
						<TextLine ID="line_42" HPOS="130" VPOS="2433" WIDTH="1487" HEIGHT="43">
							<String ID="string_398" HPOS="130" VPOS="2439" WIDTH="92" HEIGHT="28" WC="0.93" CONTENT="inom"/><SP WIDTH="22" VPOS="2439" HPOS="222"/>
							<String ID="string_399" HPOS="244" VPOS="2437" WIDTH="365" HEIGHT="39" WC="0.89" CONTENT="folkpensioneringen"/><SP WIDTH="24" VPOS="2437" HPOS="609"/>
							<String ID="string_400" HPOS="633" VPOS="2446" WIDTH="72" HEIGHT="19" WC="0.93" CONTENT="som"/><SP WIDTH="23" VPOS="2446" HPOS="705"/>
							<String ID="string_401" HPOS="728" VPOS="2436" WIDTH="325" HEIGHT="29" WC="0.92" CONTENT="särbestämmelsen"/><SP WIDTH="24" VPOS="2436" HPOS="1053"/>
							<String ID="string_402" HPOS="1077" VPOS="2435" WIDTH="144" HEIGHT="28" WC="0.96" CONTENT="innebär"/><SP WIDTH="22" VPOS="2435" HPOS="1221"/>
							<String ID="string_403" HPOS="1243" VPOS="2434" WIDTH="62" HEIGHT="29" WC="0.96" CONTENT="har"/><SP WIDTH="21" VPOS="2434" HPOS="1305"/>
							<String ID="string_404" HPOS="1326" VPOS="2433" WIDTH="119" HEIGHT="29" WC="0.96" CONTENT="därför"/><SP WIDTH="21" VPOS="2433" HPOS="1445"/>
							<String ID="string_405" HPOS="1466" VPOS="2433" WIDTH="76" HEIGHT="29" WC="0.93" CONTENT="haft"/><SP WIDTH="21" VPOS="2433" HPOS="1542"/>
							<String ID="string_406" HPOS="1563" VPOS="2433" WIDTH="54" HEIGHT="28" WC="0.93" CONTENT="be-"/>
						</TextLine>
						<TextLine ID="line_43" HPOS="131" VPOS="2486" WIDTH="1487" HEIGHT="44">
							<String ID="string_407" HPOS="131" VPOS="2491" WIDTH="148" HEIGHT="39" WC="0.91" CONTENT="gränsad"/><SP WIDTH="22" VPOS="2491" HPOS="279"/>
							<String ID="string_408" HPOS="301" VPOS="2491" WIDTH="140" HEIGHT="29" WC="0.96" CONTENT="verkan."/><SP WIDTH="24" VPOS="2491" HPOS="441"/>
							<String ID="string_409" HPOS="465" VPOS="2490" WIDTH="11" HEIGHT="29" WC="0.96" CONTENT="I"/><SP WIDTH="23" VPOS="2490" HPOS="476"/>
							<String ID="string_410" HPOS="499" VPOS="2490" WIDTH="56" HEIGHT="29" WC="0.96" CONTENT="det"/><SP WIDTH="24" VPOS="2490" HPOS="555"/>
							<String ID="string_411" HPOS="579" VPOS="2499" WIDTH="66" HEIGHT="30" WC="0.96" CONTENT="nya"/><SP WIDTH="21" VPOS="2499" HPOS="645"/>
							<String ID="string_412" HPOS="666" VPOS="2491" WIDTH="166" HEIGHT="37" WC="0.96" CONTENT="systemet"/><SP WIDTH="23" VPOS="2491" HPOS="832"/>
							<String ID="string_413" HPOS="855" VPOS="2489" WIDTH="77" HEIGHT="29" WC="0.96" CONTENT="med"/><SP WIDTH="22" VPOS="2489" HPOS="932"/>
							<String ID="string_414" HPOS="954" VPOS="2488" WIDTH="78" HEIGHT="29" WC="0.95" CONTENT="dess"/><SP WIDTH="23" VPOS="2488" HPOS="1032"/>
							<String ID="string_415" HPOS="1055" VPOS="2487" WIDTH="88" HEIGHT="30" WC="0.93" CONTENT="efter"/><SP WIDTH="23" VPOS="2487" HPOS="1143"/>
							<String ID="string_416" HPOS="1166" VPOS="2487" WIDTH="266" HEIGHT="37" WC="0.92" CONTENT="nedsättningen"/><SP WIDTH="24" VPOS="2487" HPOS="1432"/>
							<String ID="string_417" HPOS="1456" VPOS="2487" WIDTH="9" HEIGHT="27" WC="0.92" CONTENT="i"/><SP WIDTH="24" VPOS="2487" HPOS="1465"/>
							<String ID="string_418" HPOS="1489" VPOS="2486" WIDTH="129" HEIGHT="29" WC="0.92" CONTENT="arbets-"/>
						</TextLine>
					</TextBlock>
				</ComposedBlock>
			</PrintSpace>
		</Page>
	</Layout>
</alto>
