1844 2790
506 177 285 30 Stalsulskottets
818 176 179 30 utlåtande
1022 185 43 21 nr
1083 175 49 29 13.
1541 174 39 29 15

70 269 71 30 per.
162 263 13 28 I
196 261 262 40 propositionen
478 261 157 40 vidtogos
657 262 41 29 de
719 260 276 40 jämkningarna
1015 260 12 29 i
1048 259 456 40 klassificeringsförslaget,
1525 260 54 28 att

69 312 430 39 anläggningsgrupperna
524 313 19 29 2
567 312 65 30 och
656 312 18 30 3
699 311 282 30 sammanfördes
1005 311 53 30 till
1082 320 43 21 en
1150 318 121 32 grupp,
1297 310 55 30 för
1377 309 116 30 vilken
1521 318 56 21 av-

69 363 79 38 sågs
169 363 187 30 maskinist
377 364 10 28 i
411 363 38 29 13
470 363 220 38 lönegraden,
711 362 65 30 och
796 364 52 28 att
868 361 431 40 anläggningsgrupperna
1321 360 18 30 6
1361 360 64 30 och
1447 360 17 30 7
1486 368 94 22 sam-

69 414 201 29 manfördes
292 414 54 29 till
371 423 42 20 en
435 421 121 32 grupp,
580 413 55 30 för
655 413 116 30 vilken
796 412 123 40 avsågs
942 411 295 31 maskinmästare
1259 411 11 29 i
1294 411 40 29 19
1356 411 222 39 lönegraden.

69 464 67 28 För
159 464 430 38 anläggningsgrupperna
615 464 27 34 1,
666 463 29 34 4,
718 464 18 29 5
761 464 65 29 och
850 463 19 30 8
893 462 122 40 avsågs
1039 462 260 30 värmeskötare
1322 462 11 29 i
1359 461 37 30 11
1422 461 157 39 lönegra-

69 516 77 32 den,
170 515 187 29 maskinist
380 514 11 29 i
416 515 38 30 15
477 514 221 39 lönegraden,
722 514 296 29 maskinmästare
1040 513 12 29 i
1077 513 50 34 17,
1151 512 195 40 respektive
1371 512 107 30 förste
1505 521 75 21 ma-

69 566 234 29 skinmästare
326 566 11 28 i
363 566 38 29 21
427 565 221 39 lönegraden.
673 565 67 29 För
763 563 303 40 maskinisttjänst
1090 563 112 31 skulle
1225 564 127 30 krävas
1376 561 204 31 maskinist-

69 623 145 23 examen
236 626 43 20 av
302 616 18 30 3
344 616 95 29 klass
462 616 10 29 i
495 614 432 40 anläggningsgrupperna
950 615 18 29 2
993 614 65 30 och
1081 614 18 30 3
1127 615 90 28 samt
1241 613 337 30 maskinistexamen

70 675 40 21 av
134 667 19 30 2
177 666 94 30 klass
293 666 12 30 i
328 665 344 40 anläggningsgrupp
695 665 29 30 4.
749 666 67 29 För
840 664 389 39 maskinmästartjänst
1251 663 216 40 uppställdes
1491 663 89 30 krav

69 718 46 38 på
149 716 418 32 övermaskinistexamen
608 716 163 34 (numera
807 715 401 40 sjöingenjörsexamen;
1247 714 51 39 jfr
1335 714 105 38 kung.
1477 713 102 30 1950:

70 768 81 34 369)
177 770 90 28 samt
288 767 205 39 kompetens
517 767 55 30 för
592 766 201 31 erhållande
815 775 41 21 av
875 765 205 40 behörighet
1100 774 41 21 av
1161 765 95 30 klass
1277 764 24 31 C
1322 764 116 30 såsom
1458 763 124 30 instal-

70 819 89 29 latör
188 819 66 33 (ev.
280 818 124 30 endast
429 817 53 31 för
507 815 538 42 lågspänningsanläggningar).

118 870 50 30 De
190 870 195 29 utredande
407 869 290 39 myndigheterna
719 868 200 33 framhålla,
944 869 51 28 att
1018 867 41 29 de
1082 867 58 29 vid
1164 866 305 39 detaljförslagens
1492 874 90 31 upp-

73 921 161 30 rättande
257 920 83 39 följt
362 919 281 40 propositionens
666 918 179 30 allmänna
869 917 178 39 riktlinjer
1070 917 56 30 för
1150 915 363 40 lönegradsplacering
1536 924 44 21 av

71 969 432 30 ansvarsmaskinisterna.
531 969 13 29 I
572 968 204 39 anslutning
802 967 120 30 härtill
949 967 145 34 erinras,
1124 968 51 29 att
1200 966 12 29 i
1238 965 262 41 propositionen
1526 967 56 28 ut-

70 1020 116 35 talats,
206 1022 50 28 att
275 1020 58 30 vid
353 1019 306 39 detaljförslagens
680 1018 234 40 upprättande
933 1018 139 39 hänsyn
1093 1017 122 30 endast
1236 1018 118 38 syntes
1374 1016 83 30 böra
1480 1018 101 37 tagas

74 1072 53 30 till
147 1071 97 40 varje
264 1071 230 39 anläggnings
515 1070 204 30 nuvarande
739 1069 249 29 beskaffenhet
1009 1068 65 30 och
1094 1068 77 29 icke
1192 1085 44 3 —
1256 1067 118 30 såsom
1395 1068 117 38 syntes
1534 1067 45 29 ha

75 1123 93 29 skett
189 1122 57 30 vid
269 1121 305 38 klassificeringen
596 1138 44 3 —
660 1120 52 29 till
736 1129 43 20 en
802 1119 55 30 för
879 1119 260 30 vederbörande
1162 1118 161 39 byggnad
1347 1117 136 30 normal
1506 1117 74 29 tek-

71 1172 81 29 nisk
178 1171 213 39 utrustning.
417 1171 49 29 De
490 1170 126 29 hittills
643 1169 228 40 genomförda
897 1167 611 41 organisationsundersökningarna
1534 1167 46 30 ha

74 1223 78 30 icke
175 1223 83 39 givit
281 1222 190 39 anledning
494 1223 51 28 att
568 1230 43 21 av
635 1221 113 29 denna
771 1220 107 30 orsak
902 1219 130 30 föreslå
1056 1218 319 39 omklassificering
1398 1227 43 21 av
1464 1218 119 39 någon

75 1273 222 39 anläggning.

120 1323 13 29 I
152 1323 99 39 fråga
269 1332 58 20 om
345 1323 302 29 ansvarsmännen
665 1321 56 30 vid
740 1320 345 40 anläggningsgrupp
1108 1320 14 29 1
1144 1320 64 29 har
1227 1318 354 40 byggnadsstyrelsen

75 1374 141 33 erinrat,
237 1375 50 28 att
307 1372 359 39 civilförvaltningens
686 1371 319 40 personalförbund
1024 1371 12 29 i
1057 1380 43 19 en
1119 1370 53 29 till
1192 1370 126 38 Kungl.
1338 1369 106 39 Maj:t
1463 1369 117 33 ställd,

75 1423 67 29 den
161 1422 40 30 30
220 1423 71 39 maj
318 1422 84 30 1950
422 1422 217 38 dagtecknad
659 1420 114 34 skrift,
793 1420 118 30 vilken
930 1421 236 30 överlämnats
1184 1420 53 29 till
1257 1420 180 38 styrelsen,
1457 1419 44 40 på
1520 1429 63 20 an-

73 1473 101 30 förda
205 1473 76 29 skäl
307 1472 180 29 hemställt
515 1481 56 20 om
599 1471 178 40 placering
802 1471 11 29 i
841 1471 165 39 lönegrad
1035 1471 46 29 Ca
1111 1471 37 29 11
1178 1479 42 21 av
1249 1470 161 39 samtliga
1438 1469 145 30 heltids-

75 1524 160 39 tjänster,
259 1532 76 21 som
357 1523 176 29 erfordras
555 1522 55 30 för
632 1522 130 30 skötsel
784 1531 43 21 av
847 1521 373 39 värmeanläggningar
1241 1520 97 30 inom
1362 1521 56 29 det
1441 1520 141 39 statliga

76 1573 448 39 undervisningsväsendet.
549 1572 358 39 Byggnadsstyrelsen
932 1571 205 30 framhåller
1162 1571 128 34 vidare,
1315 1572 51 28 att
1390 1571 10 29 i
1425 1571 157 40 proposi-

75 1624 120 30 tionen
213 1623 98 30 1950:
331 1623 61 30 196
409 1622 521 39 maskinistlöneutredningens
948 1621 131 40 förslag
1096 1630 57 21 om
1169 1620 178 41 placering
1363 1630 42 21 av
1421 1630 163 20 ansvars-

76 1675 153 29 männen
247 1674 58 30 vid
325 1681 112 32 grupp
459 1674 14 29 1
495 1673 118 30 såsom
631 1673 261 30 värmeskötare
911 1672 11 29 i
945 1672 36 29 11
1004 1672 210 39 lönegraden
1236 1672 182 38 godtagits.
1440 1671 66 30 Vid
1526 1671 58 30 be-

76 1724 173 30 dömande
267 1733 43 21 av
326 1724 215 29 innebörden
560 1723 111 30 härav
688 1723 95 39 finge
802 1723 90 29 dock
908 1722 344 40 uppmärksammas,
1272 1723 52 28 att
1344 1722 67 29 den
1428 1722 11 28 i
1457 1730 127 32 propo-

77 1775 150 29 sitionen
251 1774 200 39 föreslagna
475 1773 296 39 löneregleringen
796 1773 124 29 endast
944 1772 194 30 omfattade
1163 1772 132 29 sådana
1319 1772 263 38 anläggningar,

76 1825 95 29 vilka
189 1824 71 30 helt
280 1825 78 38 toge
377 1824 319 29 ansvarsmännens
715 1822 309 40 tjänstgöringstid
1043 1823 11 29 i
1075 1822 164 39 anspråk.
1260 1822 67 29 Vid
1348 1821 236 40 detaljförsla-

77 1883 84 31 gens
188 1874 235 39 upprättande
450 1873 88 30 hade
565 1873 120 30 därför
711 1873 124 29 endast
862 1872 186 39 medtagits
1076 1872 132 30 sådana
1234 1872 263 39 anläggningar,
1524 1872 59 29 vid

77 1924 95 30 vilka
193 1926 47 27 ett
262 1923 251 39 oundgängligt
535 1923 112 29 behov
668 1932 41 20 av
729 1922 307 30 heltidsanställda
1057 1923 231 29 ansvarsmän
1311 1922 162 38 förelåge.
1497 1923 87 28 Här-

77 1974 58 30 vid
155 1974 88 29 hade
264 1973 193 30 emellertid
478 1973 196 34 förutsatts,
696 1974 49 28 att
767 1973 67 29 den
855 1972 316 39 omständigheten,
1193 1973 50 28 att
1265 1973 41 28 de
1327 1972 80 29 med
1427 1972 156 30 maskin-

78 2024 156 38 tjänsten
261 2023 348 39 sammanhängande
636 2023 200 39 göromålen
862 2023 58 29 vid
946 2023 102 30 dessa
1074 2022 251 39 anläggningar
1351 2022 11 29 i
1389 2023 91 38 regel
1506 2023 78 29 icke

77 2076 78 36 toge
174 2074 319 29 ansvarsmännens
512 2073 137 39 dagliga
667 2072 168 30 arbetstid
853 2073 72 29 helt
943 2072 11 29 i
973 2073 155 39 anspråk
1147 2073 110 29 under
1278 2073 66 29 den
1364 2073 54 29 del
1436 2082 43 20 av
1497 2073 86 32 året,

78 2123 45 30 då
145 2123 300 39 anläggningarna
467 2123 30 38 ej
522 2132 82 20 vore
625 2123 11 29 i
659 2123 65 29 full
747 2123 86 29 drift
854 2141 44 2 —
920 2123 31 29 d.
975 2132 30 20 v.
1029 2132 25 20 s.
1078 2123 111 29 under
1211 2123 66 29 den
1301 2132 158 20 varmare
1482 2123 101 29 delen

78 2182 43 20 av
138 2173 72 29 året
227 2191 44 3 —
287 2173 30 38 ej
340 2173 161 38 utgjorde
519 2173 125 29 hinder
663 2173 54 29 för
736 2173 320 29 ansvarsmännens
1076 2172 177 39 placering
1270 2173 11 28 i
1303 2173 36 28 11
1361 2173 221 38 lönegraden.

120 2222 13 28 I
151 2222 146 29 enstaka
315 2222 61 29 fall
397 2222 44 29 ha
458 2221 51 30 till
527 2221 344 40 anläggningsgrupp
892 2223 14 28 1
926 2223 86 28 även
1029 2222 162 30 hänförts
1210 2222 261 39 anläggningar,
1489 2222 94 30 vilka

76 2272 58 28 vid
159 2271 225 39 användning
411 2281 40 20 av
476 2272 115 28 fossilt
617 2272 138 29 bränsle
782 2272 107 29 kräva
916 2272 303 29 heltidsanställda
1247 2273 229 30 ansvarsmän
1503 2282 80 19 men

77 2322 57 29 vid
151 2322 92 29 vilka
262 2322 55 29 vid
335 2321 212 38 oljecldning
564 2321 285 30 värmeskötaren
869 2323 85 28 även
972 2323 111 28 under
1101 2323 66 28 den
1185 2322 131 30 kallare
1335 2322 98 30 delen
1451 2332 41 20 av
1510 2322 74 29 året

77 2372 9 27 i
112 2371 69 29 viss
206 2371 245 38 utsträckning
475 2371 68 30 kan
569 2372 172 38 utnyttjas
769 2371 55 30 för
849 2374 106 27 annat
983 2372 116 29 arbete
1125 2373 43 28 än
1194 2371 140 42 eldning
1359 2372 63 29 och
1446 2382 140 29 repara-

78 2422 122 29 tioner.
