<?xml version="1.0" encoding="UTF-8"?>
<alto xmlns="http://www.loc.gov/standards/alto/ns-v3#" xmlns:xlink="http://www.w3.org/1999/xlink" xmlns:xsi="http://www.w3.org/2001/XMLSchema-instance" xsi:schemaLocation="http://www.loc.gov/standards/alto/ns-v3# http://www.loc.gov/alto/v3/alto-3-0.xsd">
	<Description>
		<MeasurementUnit>pixel</MeasurementUnit>
		<sourceImageInformation>
			<fileName>/tmp/tess_j814qo0h_input.PNG</fileName>
		</sourceImageInformation>
		<OCRProcessing ID="OCR_0">
			<ocrProcessingStep>
				<processingSoftware>
					<softwareName>tesseract 5.3.0</softwareName>
				</processingSoftware>
			</ocrProcessingStep>
		</OCRProcessing>
	</Description>
	<Layout>
		<Page WIDTH="1909" HEIGHT="2835" PHYSICAL_IMG_NR="0" ID="page_0">
			<PrintSpace HPOS="0" VPOS="0" WIDTH="1909" HEIGHT="2835">
				<ComposedBlock ID="cblock_0" HPOS="276" VPOS="190" WIDTH="1225" HEIGHT="41">
					<TextBlock ID="block_0" HPOS="276" VPOS="190" WIDTH="1225" HEIGHT="41">
						<TextLine ID="line_0" HPOS="276" VPOS="190" WIDTH="1225" HEIGHT="41">
							<String ID="string_0" HPOS="276" VPOS="193" WIDTH="18" HEIGHT="30" WC="0.96" CONTENT="2"/><SP WIDTH="250" VPOS="193" HPOS="294"/>
							<String ID="string_1" HPOS="544" VPOS="190" WIDTH="405" HEIGHT="41" WC="0.90" CONTENT="Bevillningsutskottets"/><SP WIDTH="27" VPOS="190" HPOS="949"/>
							<String ID="string_2" HPOS="976" VPOS="190" WIDTH="219" HEIGHT="31" WC="0.96" CONTENT="betänkande"/><SP WIDTH="24" VPOS="190" HPOS="1195"/>
							<String ID="string_3" HPOS="1219" VPOS="199" WIDTH="43" HEIGHT="21" WC="0.96" CONTENT="nr"/><SP WIDTH="24" VPOS="199" HPOS="1262"/>
							<String ID="string_4" HPOS="1286" VPOS="191" WIDTH="42" HEIGHT="31" WC="0.96" CONTENT="36"/><SP WIDTH="24" VPOS="191" HPOS="1328"/>
							<String ID="string_5" HPOS="1352" VPOS="191" WIDTH="40" HEIGHT="30" WC="0.95" CONTENT="år"/><SP WIDTH="26" VPOS="191" HPOS="1392"/>
							<String ID="string_6" HPOS="1418" VPOS="191" WIDTH="83" HEIGHT="30" WC="0.96" CONTENT="1970"/>
						</TextLine>
					</TextBlock>
				</ComposedBlock>
				<ComposedBlock ID="cblock_1" HPOS="273" VPOS="273" WIDTH="1492" HEIGHT="1769">
					<TextBlock ID="block_1" HPOS="275" VPOS="273" WIDTH="1488" HEIGHT="199">
						<TextLine ID="line_1" HPOS="320" VPOS="273" WIDTH="1443" HEIGHT="41">
							<String ID="string_7" HPOS="320" VPOS="275" WIDTH="50" HEIGHT="28" WC="0.96" CONTENT="att"/><SP WIDTH="25" VPOS="275" HPOS="370"/>
							<String ID="string_8" HPOS="395" VPOS="273" WIDTH="188" HEIGHT="40" WC="0.96" CONTENT="riksdagen"/><SP WIDTH="25" VPOS="273" HPOS="583"/>
							<String ID="string_9" HPOS="608" VPOS="273" WIDTH="155" HEIGHT="30" WC="0.96" CONTENT="beslutar"/><SP WIDTH="28" VPOS="273" HPOS="763"/>
							<String ID="string_10" HPOS="791" VPOS="273" WIDTH="110" HEIGHT="31" WC="0.96" CONTENT="sådan"/><SP WIDTH="28" VPOS="273" HPOS="901"/>
							<String ID="string_11" HPOS="929" VPOS="273" WIDTH="148" HEIGHT="41" WC="0.96" CONTENT="ändring"/><SP WIDTH="27" VPOS="273" HPOS="1077"/>
							<String ID="string_12" HPOS="1104" VPOS="283" WIDTH="42" HEIGHT="21" WC="0.96" CONTENT="av"/><SP WIDTH="27" VPOS="283" HPOS="1146"/>
							<String ID="string_13" HPOS="1173" VPOS="274" WIDTH="251" HEIGHT="40" WC="0.93" CONTENT="förordningen"/><SP WIDTH="34" VPOS="274" HPOS="1424"/>
							<String ID="string_14" HPOS="1458" VPOS="273" WIDTH="213" HEIGHT="35" WC="0.90" CONTENT="(1922:260)"/><SP WIDTH="34" VPOS="273" HPOS="1671"/>
							<String ID="string_15" HPOS="1705" VPOS="283" WIDTH="58" HEIGHT="20" WC="0.95" CONTENT="om"/>
						</TextLine>
						<TextLine ID="line_2" HPOS="277" VPOS="328" WIDTH="1486" HEIGHT="41">
							<String ID="string_16" HPOS="277" VPOS="328" WIDTH="288" HEIGHT="30" WC="0.90" CONTENT="automobilskatt"/><SP WIDTH="17" VPOS="328" HPOS="565"/>
							<String ID="string_17" HPOS="582" VPOS="330" WIDTH="50" HEIGHT="28" WC="0.93" CONTENT="att"/><SP WIDTH="15" VPOS="330" HPOS="632"/>
							<String ID="string_18" HPOS="647" VPOS="328" WIDTH="261" HEIGHT="40" WC="0.91" CONTENT="fordonsägare,"/><SP WIDTH="17" VPOS="328" HPOS="908"/>
							<String ID="string_19" HPOS="925" VPOS="337" WIDTH="75" HEIGHT="21" WC="0.95" CONTENT="som"/><SP WIDTH="16" VPOS="337" HPOS="1000"/>
							<String ID="string_20" HPOS="1016" VPOS="328" WIDTH="169" HEIGHT="41" WC="0.93" CONTENT="tillfälligt"/><SP WIDTH="17" VPOS="328" HPOS="1185"/>
							<String ID="string_21" HPOS="1202" VPOS="328" WIDTH="245" HEIGHT="41" WC="0.92" CONTENT="avregistrerat"/><SP WIDTH="18" VPOS="328" HPOS="1447"/>
							<String ID="string_22" HPOS="1465" VPOS="329" WIDTH="59" HEIGHT="30" WC="0.96" CONTENT="sitt"/><SP WIDTH="17" VPOS="329" HPOS="1524"/>
							<String ID="string_23" HPOS="1541" VPOS="328" WIDTH="137" HEIGHT="35" WC="0.96" CONTENT="fordon,"/><SP WIDTH="18" VPOS="328" HPOS="1678"/>
							<String ID="string_24" HPOS="1696" VPOS="328" WIDTH="67" HEIGHT="30" WC="0.96" CONTENT="blir"/>
						</TextLine>
						<TextLine ID="line_3" HPOS="276" VPOS="382" WIDTH="1487" HEIGHT="40">
							<String ID="string_25" HPOS="276" VPOS="382" WIDTH="195" HEIGHT="40" WC="0.96" CONTENT="berättigad"/><SP WIDTH="15" VPOS="382" HPOS="471"/>
							<String ID="string_26" HPOS="486" VPOS="383" WIDTH="51" HEIGHT="29" WC="0.95" CONTENT="att"/><SP WIDTH="15" VPOS="383" HPOS="537"/>
							<String ID="string_27" HPOS="552" VPOS="383" WIDTH="11" HEIGHT="29" WC="0.95" CONTENT="i"/><SP WIDTH="15" VPOS="383" HPOS="563"/>
							<String ID="string_28" HPOS="578" VPOS="382" WIDTH="152" HEIGHT="40" WC="0.96" CONTENT="enlighet"/><SP WIDTH="16" VPOS="382" HPOS="730"/>
							<String ID="string_29" HPOS="746" VPOS="383" WIDTH="79" HEIGHT="30" WC="0.96" CONTENT="med"/><SP WIDTH="14" VPOS="383" HPOS="825"/>
							<String ID="string_30" HPOS="839" VPOS="383" WIDTH="67" HEIGHT="30" WC="0.95" CONTENT="vad"/><SP WIDTH="17" VPOS="383" HPOS="906"/>
							<String ID="string_31" HPOS="923" VPOS="392" WIDTH="75" HEIGHT="21" WC="0.96" CONTENT="som"/><SP WIDTH="16" VPOS="392" HPOS="998"/>
							<String ID="string_32" HPOS="1014" VPOS="382" WIDTH="121" HEIGHT="31" WC="0.95" CONTENT="anförs"/><SP WIDTH="16" VPOS="382" HPOS="1135"/>
							<String ID="string_33" HPOS="1151" VPOS="383" WIDTH="10" HEIGHT="30" WC="0.96" CONTENT="i"/><SP WIDTH="17" VPOS="383" HPOS="1161"/>
							<String ID="string_34" HPOS="1178" VPOS="382" WIDTH="220" HEIGHT="31" WC="0.93" CONTENT="motionerna"/><SP WIDTH="17" VPOS="382" HPOS="1398"/>
							<String ID="string_35" HPOS="1415" VPOS="382" WIDTH="262" HEIGHT="31" WC="0.92" CONTENT="återbekomma"/><SP WIDTH="16" VPOS="382" HPOS="1677"/>
							<String ID="string_36" HPOS="1693" VPOS="382" WIDTH="70" HEIGHT="31" WC="0.92" CONTENT="for-"/>
						</TextLine>
						<TextLine ID="line_4" HPOS="275" VPOS="436" WIDTH="1122" HEIGHT="36">
							<String ID="string_37" HPOS="275" VPOS="436" WIDTH="185" HEIGHT="30" WC="0.92" CONTENT="donsskatt"/><SP WIDTH="15" VPOS="436" HPOS="460"/>
							<String ID="string_38" HPOS="475" VPOS="437" WIDTH="87" HEIGHT="29" WC="0.96" CONTENT="även"/><SP WIDTH="14" VPOS="437" HPOS="562"/>
							<String ID="string_39" HPOS="576" VPOS="436" WIDTH="55" HEIGHT="31" WC="0.96" CONTENT="för"/><SP WIDTH="13" VPOS="436" HPOS="631"/>
							<String ID="string_40" HPOS="644" VPOS="436" WIDTH="141" HEIGHT="31" WC="0.96" CONTENT="kortare"/><SP WIDTH="15" VPOS="436" HPOS="785"/>
							<String ID="string_41" HPOS="800" VPOS="437" WIDTH="50" HEIGHT="30" WC="0.96" CONTENT="tid"/><SP WIDTH="16" VPOS="437" HPOS="850"/>
							<String ID="string_42" HPOS="866" VPOS="438" WIDTH="45" HEIGHT="29" WC="0.96" CONTENT="än"/><SP WIDTH="14" VPOS="438" HPOS="911"/>
							<String ID="string_43" HPOS="925" VPOS="446" WIDTH="42" HEIGHT="21" WC="0.96" CONTENT="en"/><SP WIDTH="14" VPOS="446" HPOS="967"/>
							<String ID="string_44" HPOS="981" VPOS="437" WIDTH="309" HEIGHT="35" WC="0.96" CONTENT="kalendermånad,"/><SP WIDTH="16" VPOS="437" HPOS="1290"/>
							<String ID="string_45" HPOS="1306" VPOS="438" WIDTH="91" HEIGHT="28" WC="0.96" CONTENT="samt"/>
						</TextLine>
					</TextBlock>
					<TextBlock ID="block_2" HPOS="321" VPOS="490" WIDTH="1214" HEIGHT="41">
						<TextLine ID="line_5" HPOS="321" VPOS="490" WIDTH="1214" HEIGHT="41">
							<String ID="string_46" HPOS="321" VPOS="492" WIDTH="50" HEIGHT="28" WC="0.96" CONTENT="att"/><SP WIDTH="15" VPOS="492" HPOS="371"/>
							<String ID="string_47" HPOS="386" VPOS="490" WIDTH="258" HEIGHT="31" WC="0.96" CONTENT="vederbörande"/><SP WIDTH="15" VPOS="490" HPOS="644"/>
							<String ID="string_48" HPOS="659" VPOS="491" WIDTH="136" HEIGHT="30" WC="0.96" CONTENT="utskott"/><SP WIDTH="15" VPOS="491" HPOS="795"/>
							<String ID="string_49" HPOS="810" VPOS="491" WIDTH="179" HEIGHT="30" WC="0.96" CONTENT="utarbetar"/><SP WIDTH="13" VPOS="491" HPOS="989"/>
							<String ID="string_50" HPOS="1002" VPOS="491" WIDTH="205" HEIGHT="40" WC="0.93" CONTENT="erforderlig"/><SP WIDTH="15" VPOS="491" HPOS="1207"/>
							<String ID="string_51" HPOS="1222" VPOS="491" WIDTH="313" HEIGHT="38" WC="0.90" CONTENT="författningstext,"/>
						</TextLine>
					</TextBlock>
					<TextBlock ID="block_3" HPOS="275" VPOS="545" WIDTH="1487" HEIGHT="95">
						<TextLine ID="line_6" HPOS="322" VPOS="545" WIDTH="1440" HEIGHT="40">
							<String ID="string_52" HPOS="322" VPOS="545" WIDTH="34" HEIGHT="34" WC="0.96" CONTENT="7)"/><SP WIDTH="26" VPOS="545" HPOS="356"/>
							<String ID="string_53" HPOS="382" VPOS="545" WIDTH="42" HEIGHT="30" WC="0.95" CONTENT="de"/><SP WIDTH="19" VPOS="545" HPOS="424"/>
							<String ID="string_54" HPOS="443" VPOS="545" WIDTH="224" HEIGHT="40" WC="0.95" CONTENT="likalydande"/><SP WIDTH="20" VPOS="545" HPOS="667"/>
							<String ID="string_55" HPOS="687" VPOS="546" WIDTH="220" HEIGHT="29" WC="0.96" CONTENT="motionerna"/><SP WIDTH="21" VPOS="546" HPOS="907"/>
							<String ID="string_56" HPOS="928" VPOS="545" WIDTH="29" HEIGHT="30" WC="0.88" CONTENT="I:"/><SP WIDTH="17" VPOS="545" HPOS="957"/>
							<String ID="string_57" HPOS="974" VPOS="545" WIDTH="61" HEIGHT="30" WC="0.88" CONTENT="790"/><SP WIDTH="23" VPOS="545" HPOS="1035"/>
							<String ID="string_58" HPOS="1058" VPOS="555" WIDTH="41" HEIGHT="21" WC="0.96" CONTENT="av"/><SP WIDTH="21" VPOS="555" HPOS="1099"/>
							<String ID="string_59" HPOS="1120" VPOS="546" WIDTH="80" HEIGHT="29" WC="0.93" CONTENT="herr"/><SP WIDTH="21" VPOS="546" HPOS="1200"/>
							<String ID="string_60" HPOS="1221" VPOS="545" WIDTH="187" HEIGHT="40" WC="0.90" CONTENT="Stefanson"/><SP WIDTH="21" VPOS="545" HPOS="1408"/>
							<String ID="string_61" HPOS="1429" VPOS="554" WIDTH="46" HEIGHT="20" WC="0.91" CONTENT="m."/><SP WIDTH="14" VPOS="554" HPOS="1475"/>
							<String ID="string_62" HPOS="1489" VPOS="545" WIDTH="38" HEIGHT="39" WC="0.93" CONTENT="fl."/><SP WIDTH="23" VPOS="545" HPOS="1527"/>
							<String ID="string_63" HPOS="1550" VPOS="545" WIDTH="65" HEIGHT="30" WC="0.96" CONTENT="och"/><SP WIDTH="21" VPOS="545" HPOS="1615"/>
							<String ID="string_64" HPOS="1636" VPOS="545" WIDTH="48" HEIGHT="29" WC="0.95" CONTENT="II:"/><SP WIDTH="14" VPOS="545" HPOS="1684"/>
							<String ID="string_65" HPOS="1698" VPOS="545" WIDTH="64" HEIGHT="29" WC="0.96" CONTENT="914"/>
						</TextLine>
						<TextLine ID="line_7" HPOS="275" VPOS="598" WIDTH="861" HEIGHT="42">
							<String ID="string_66" HPOS="275" VPOS="608" WIDTH="42" HEIGHT="21" WC="0.96" CONTENT="av"/><SP WIDTH="14" VPOS="608" HPOS="317"/>
							<String ID="string_67" HPOS="331" VPOS="599" WIDTH="80" HEIGHT="30" WC="0.96" CONTENT="herr"/><SP WIDTH="13" VPOS="599" HPOS="411"/>
							<String ID="string_68" HPOS="424" VPOS="599" WIDTH="153" HEIGHT="30" WC="0.95" CONTENT="Larsson"/><SP WIDTH="15" VPOS="599" HPOS="577"/>
							<String ID="string_69" HPOS="592" VPOS="600" WIDTH="10" HEIGHT="29" WC="0.96" CONTENT="i"/><SP WIDTH="14" VPOS="600" HPOS="602"/>
							<String ID="string_70" HPOS="616" VPOS="599" WIDTH="110" HEIGHT="31" WC="0.93" CONTENT="Umeå"/><SP WIDTH="13" VPOS="599" HPOS="726"/>
							<String ID="string_71" HPOS="739" VPOS="608" WIDTH="45" HEIGHT="21" WC="0.90" CONTENT="m."/><SP WIDTH="14" VPOS="608" HPOS="784"/>
							<String ID="string_72" HPOS="798" VPOS="598" WIDTH="38" HEIGHT="42" WC="0.95" CONTENT="fl."/><SP WIDTH="15" VPOS="598" HPOS="836"/>
							<String ID="string_73" HPOS="851" VPOS="600" WIDTH="74" HEIGHT="30" WC="0.93" CONTENT="vari"/><SP WIDTH="14" VPOS="600" HPOS="925"/>
							<String ID="string_74" HPOS="939" VPOS="600" WIDTH="197" HEIGHT="30" WC="0.90" CONTENT="hemställts"/>
						</TextLine>
					</TextBlock>
					<TextBlock ID="block_4" HPOS="276" VPOS="654" WIDTH="1484" HEIGHT="95">
						<TextLine ID="line_8" HPOS="317" VPOS="654" WIDTH="1443" HEIGHT="41">
							<String ID="string_75" HPOS="317" VPOS="656" WIDTH="50" HEIGHT="28" WC="0.96" CONTENT="att"/><SP WIDTH="20" VPOS="656" HPOS="367"/>
							<String ID="string_76" HPOS="387" VPOS="654" WIDTH="187" HEIGHT="40" WC="0.96" CONTENT="riksdagen"/><SP WIDTH="19" VPOS="654" HPOS="574"/>
							<String ID="string_77" HPOS="593" VPOS="655" WIDTH="60" HEIGHT="39" WC="0.96" CONTENT="gör"/><SP WIDTH="20" VPOS="655" HPOS="653"/>
							<String ID="string_78" HPOS="673" VPOS="663" WIDTH="42" HEIGHT="21" WC="0.95" CONTENT="en"/><SP WIDTH="19" VPOS="663" HPOS="715"/>
							<String ID="string_79" HPOS="734" VPOS="654" WIDTH="131" HEIGHT="30" WC="0.93" CONTENT="allmän"/><SP WIDTH="18" VPOS="654" HPOS="865"/>
							<String ID="string_80" HPOS="883" VPOS="654" WIDTH="359" HEIGHT="41" WC="0.91" CONTENT="principdeklaration"/><SP WIDTH="19" VPOS="654" HPOS="1242"/>
							<String ID="string_81" HPOS="1261" VPOS="663" WIDTH="57" HEIGHT="21" WC="0.93" CONTENT="om"/><SP WIDTH="19" VPOS="663" HPOS="1318"/>
							<String ID="string_82" HPOS="1337" VPOS="654" WIDTH="423" HEIGHT="40" WC="0.90" CONTENT="investeringsfondernas"/>
						</TextLine>
						<TextLine ID="line_9" HPOS="276" VPOS="708" WIDTH="893" HEIGHT="41">
							<String ID="string_83" HPOS="276" VPOS="708" WIDTH="226" HEIGHT="40" WC="0.95" CONTENT="användning"/><SP WIDTH="14" VPOS="708" HPOS="502"/>
							<String ID="string_84" HPOS="516" VPOS="708" WIDTH="57" HEIGHT="30" WC="0.93" CONTENT="för"/><SP WIDTH="13" VPOS="708" HPOS="573"/>
							<String ID="string_85" HPOS="586" VPOS="708" WIDTH="307" HEIGHT="40" WC="0.91" CONTENT="miljöskyddande"/><SP WIDTH="13" VPOS="708" HPOS="893"/>
							<String ID="string_86" HPOS="906" VPOS="709" WIDTH="263" HEIGHT="40" WC="0.96" CONTENT="investeringar,"/>
						</TextLine>
					</TextBlock>
					<TextBlock ID="block_5" HPOS="275" VPOS="762" WIDTH="1487" HEIGHT="95">
						<TextLine ID="line_10" HPOS="321" VPOS="762" WIDTH="1441" HEIGHT="41">
							<String ID="string_87" HPOS="321" VPOS="762" WIDTH="36" HEIGHT="35" WC="0.94" CONTENT="8)"/><SP WIDTH="26" VPOS="762" HPOS="357"/>
							<String ID="string_88" HPOS="383" VPOS="763" WIDTH="41" HEIGHT="30" WC="0.96" CONTENT="de"/><SP WIDTH="20" VPOS="763" HPOS="424"/>
							<String ID="string_89" HPOS="444" VPOS="763" WIDTH="224" HEIGHT="40" WC="0.96" CONTENT="likalydande"/><SP WIDTH="21" VPOS="763" HPOS="668"/>
							<String ID="string_90" HPOS="689" VPOS="763" WIDTH="219" HEIGHT="30" WC="0.96" CONTENT="motionerna"/><SP WIDTH="21" VPOS="763" HPOS="908"/>
							<String ID="string_91" HPOS="929" VPOS="764" WIDTH="31" HEIGHT="28" WC="0.33" CONTENT="I:"/><SP WIDTH="16" VPOS="764" HPOS="960"/>
							<String ID="string_92" HPOS="976" VPOS="762" WIDTH="62" HEIGHT="31" WC="0.33" CONTENT="793"/><SP WIDTH="21" VPOS="762" HPOS="1038"/>
							<String ID="string_93" HPOS="1059" VPOS="772" WIDTH="43" HEIGHT="21" WC="0.96" CONTENT="av"/><SP WIDTH="19" VPOS="772" HPOS="1102"/>
							<String ID="string_94" HPOS="1121" VPOS="764" WIDTH="82" HEIGHT="29" WC="0.96" CONTENT="herr"/><SP WIDTH="20" VPOS="764" HPOS="1203"/>
							<String ID="string_95" HPOS="1223" VPOS="762" WIDTH="136" HEIGHT="31" WC="0.96" CONTENT="Sundin"/><SP WIDTH="23" VPOS="762" HPOS="1359"/>
							<String ID="string_96" HPOS="1382" VPOS="763" WIDTH="65" HEIGHT="30" WC="0.96" CONTENT="och"/><SP WIDTH="23" VPOS="763" HPOS="1447"/>
							<String ID="string_97" HPOS="1470" VPOS="763" WIDTH="45" HEIGHT="29" WC="0.92" CONTENT="II:"/><SP WIDTH="17" VPOS="763" HPOS="1515"/>
							<String ID="string_98" HPOS="1532" VPOS="762" WIDTH="61" HEIGHT="30" WC="0.96" CONTENT="937"/><SP WIDTH="24" VPOS="762" HPOS="1593"/>
							<String ID="string_99" HPOS="1617" VPOS="772" WIDTH="43" HEIGHT="20" WC="0.96" CONTENT="av"/><SP WIDTH="21" VPOS="772" HPOS="1660"/>
							<String ID="string_100" HPOS="1681" VPOS="762" WIDTH="81" HEIGHT="30" WC="0.96" CONTENT="herr"/>
						</TextLine>
						<TextLine ID="line_11" HPOS="275" VPOS="816" WIDTH="530" HEIGHT="41">
							<String ID="string_101" HPOS="275" VPOS="816" WIDTH="120" HEIGHT="40" WC="0.92" CONTENT="Äsling"/><SP WIDTH="13" VPOS="816" HPOS="395"/>
							<String ID="string_102" HPOS="408" VPOS="826" WIDTH="45" HEIGHT="20" WC="0.92" CONTENT="m."/><SP WIDTH="14" VPOS="826" HPOS="453"/>
							<String ID="string_103" HPOS="467" VPOS="817" WIDTH="38" HEIGHT="40" WC="0.95" CONTENT="fl."/><SP WIDTH="15" VPOS="817" HPOS="505"/>
							<String ID="string_104" HPOS="520" VPOS="817" WIDTH="75" HEIGHT="30" WC="0.93" CONTENT="vari"/><SP WIDTH="13" VPOS="817" HPOS="595"/>
							<String ID="string_105" HPOS="608" VPOS="817" WIDTH="197" HEIGHT="30" WC="0.91" CONTENT="hemställts"/>
						</TextLine>
					</TextBlock>
					<TextBlock ID="block_6" HPOS="273" VPOS="871" WIDTH="1489" HEIGHT="255">
						<TextLine ID="line_12" HPOS="318" VPOS="871" WIDTH="1443" HEIGHT="39">
							<String ID="string_106" HPOS="318" VPOS="873" WIDTH="50" HEIGHT="27" WC="0.96" CONTENT="att"/><SP WIDTH="20" VPOS="873" HPOS="368"/>
							<String ID="string_107" HPOS="388" VPOS="871" WIDTH="188" HEIGHT="39" WC="0.96" CONTENT="riksdagen"/><SP WIDTH="19" VPOS="871" HPOS="576"/>
							<String ID="string_108" HPOS="595" VPOS="872" WIDTH="12" HEIGHT="28" WC="0.96" CONTENT="i"/><SP WIDTH="21" VPOS="872" HPOS="607"/>
							<String ID="string_109" HPOS="628" VPOS="872" WIDTH="167" HEIGHT="28" WC="0.96" CONTENT="skrivelse"/><SP WIDTH="19" VPOS="872" HPOS="795"/>
							<String ID="string_110" HPOS="814" VPOS="872" WIDTH="53" HEIGHT="28" WC="0.96" CONTENT="till"/><SP WIDTH="21" VPOS="872" HPOS="867"/>
							<String ID="string_111" HPOS="888" VPOS="872" WIDTH="125" HEIGHT="38" WC="0.95" CONTENT="Kungl."/><SP WIDTH="21" VPOS="872" HPOS="1013"/>
							<String ID="string_112" HPOS="1034" VPOS="872" WIDTH="106" HEIGHT="38" WC="0.96" CONTENT="Maj:t"/><SP WIDTH="19" VPOS="872" HPOS="1140"/>
							<String ID="string_113" HPOS="1159" VPOS="872" WIDTH="105" HEIGHT="38" WC="0.96" CONTENT="begär"/><SP WIDTH="21" VPOS="872" HPOS="1264"/>
							<String ID="string_114" HPOS="1285" VPOS="873" WIDTH="50" HEIGHT="27" WC="0.93" CONTENT="att"/><SP WIDTH="20" VPOS="873" HPOS="1335"/>
							<String ID="string_115" HPOS="1355" VPOS="871" WIDTH="406" HEIGHT="39" WC="0.91" CONTENT="investeringsfonderna"/>
						</TextLine>
						<TextLine ID="line_13" HPOS="273" VPOS="923" WIDTH="1488" HEIGHT="41">
							<String ID="string_116" HPOS="273" VPOS="924" WIDTH="166" HEIGHT="40" WC="0.95" CONTENT="generellt"/><SP WIDTH="23" VPOS="924" HPOS="439"/>
							<String ID="string_117" HPOS="462" VPOS="923" WIDTH="54" HEIGHT="31" WC="0.96" CONTENT="får"/><SP WIDTH="23" VPOS="923" HPOS="516"/>
							<String ID="string_118" HPOS="539" VPOS="924" WIDTH="179" HEIGHT="30" WC="0.96" CONTENT="användas"/><SP WIDTH="23" VPOS="924" HPOS="718"/>
							<String ID="string_119" HPOS="741" VPOS="924" WIDTH="55" HEIGHT="30" WC="0.96" CONTENT="för"/><SP WIDTH="22" VPOS="924" HPOS="796"/>
							<String ID="string_120" HPOS="818" VPOS="933" WIDTH="43" HEIGHT="21" WC="0.96" CONTENT="en"/><SP WIDTH="21" VPOS="933" HPOS="861"/>
							<String ID="string_121" HPOS="882" VPOS="924" WIDTH="96" HEIGHT="30" WC="0.93" CONTENT="aktiv"/><SP WIDTH="21" VPOS="924" HPOS="978"/>
							<String ID="string_122" HPOS="999" VPOS="923" WIDTH="370" HEIGHT="41" WC="0.91" CONTENT="lokaliseringspolitik"/><SP WIDTH="22" VPOS="923" HPOS="1369"/>
							<String ID="string_123" HPOS="1391" VPOS="924" WIDTH="11" HEIGHT="29" WC="0.97" CONTENT="i"/><SP WIDTH="23" VPOS="924" HPOS="1402"/>
							<String ID="string_124" HPOS="1425" VPOS="923" WIDTH="56" HEIGHT="31" WC="0.93" CONTENT="det"/><SP WIDTH="22" VPOS="923" HPOS="1481"/>
							<String ID="string_125" HPOS="1503" VPOS="923" WIDTH="258" HEIGHT="40" WC="0.90" CONTENT="lokaliserings-"/>
						</TextLine>
						<TextLine ID="line_14" HPOS="273" VPOS="978" WIDTH="1488" HEIGHT="40">
							<String ID="string_126" HPOS="273" VPOS="978" WIDTH="166" HEIGHT="40" WC="0.93" CONTENT="politiska"/><SP WIDTH="22" VPOS="978" HPOS="439"/>
							<String ID="string_127" HPOS="461" VPOS="978" WIDTH="247" HEIGHT="35" WC="0.90" CONTENT="stödområdet,"/><SP WIDTH="22" VPOS="978" HPOS="708"/>
							<String ID="string_128" HPOS="730" VPOS="978" WIDTH="121" HEIGHT="30" WC="0.96" CONTENT="varvid"/><SP WIDTH="22" VPOS="978" HPOS="851"/>
							<String ID="string_129" HPOS="873" VPOS="988" WIDTH="75" HEIGHT="20" WC="0.96" CONTENT="som"/><SP WIDTH="21" VPOS="988" HPOS="948"/>
							<String ID="string_130" HPOS="969" VPOS="978" WIDTH="126" HEIGHT="30" WC="0.95" CONTENT="villkor"/><SP WIDTH="23" VPOS="978" HPOS="1095"/>
							<String ID="string_131" HPOS="1118" VPOS="978" WIDTH="179" HEIGHT="40" WC="0.95" CONTENT="samtidigt"/><SP WIDTH="22" VPOS="978" HPOS="1297"/>
							<String ID="string_132" HPOS="1319" VPOS="978" WIDTH="89" HEIGHT="30" WC="0.95" CONTENT="skall"/><SP WIDTH="22" VPOS="978" HPOS="1408"/>
							<String ID="string_133" HPOS="1430" VPOS="978" WIDTH="91" HEIGHT="37" WC="0.96" CONTENT="gälla"/><SP WIDTH="20" VPOS="978" HPOS="1521"/>
							<String ID="string_134" HPOS="1541" VPOS="979" WIDTH="52" HEIGHT="28" WC="0.93" CONTENT="att"/><SP WIDTH="20" VPOS="979" HPOS="1593"/>
							<String ID="string_135" HPOS="1613" VPOS="978" WIDTH="148" HEIGHT="30" WC="0.92" CONTENT="investe-"/>
						</TextLine>
						<TextLine ID="line_15" HPOS="273" VPOS="1031" WIDTH="1489" HEIGHT="40">
							<String ID="string_136" HPOS="273" VPOS="1031" WIDTH="167" HEIGHT="40" WC="0.95" CONTENT="ringarna"/><SP WIDTH="17" VPOS="1031" HPOS="440"/>
							<String ID="string_137" HPOS="457" VPOS="1032" WIDTH="112" HEIGHT="29" WC="0.96" CONTENT="under"/><SP WIDTH="18" VPOS="1032" HPOS="569"/>
							<String ID="string_138" HPOS="587" VPOS="1032" WIDTH="68" HEIGHT="30" WC="0.96" CONTENT="alla"/><SP WIDTH="17" VPOS="1032" HPOS="655"/>
							<String ID="string_139" HPOS="672" VPOS="1032" WIDTH="246" HEIGHT="30" WC="0.95" CONTENT="förhållanden"/><SP WIDTH="17" VPOS="1032" HPOS="918"/>
							<String ID="string_140" HPOS="935" VPOS="1032" WIDTH="53" HEIGHT="29" WC="0.96" CONTENT="till"/><SP WIDTH="18" VPOS="1032" HPOS="988"/>
							<String ID="string_141" HPOS="1006" VPOS="1032" WIDTH="92" HEIGHT="30" WC="0.96" CONTENT="klart"/><SP WIDTH="18" VPOS="1032" HPOS="1098"/>
							<String ID="string_142" HPOS="1116" VPOS="1032" WIDTH="238" HEIGHT="39" WC="0.96" CONTENT="övervägande"/><SP WIDTH="19" VPOS="1032" HPOS="1354"/>
							<String ID="string_143" HPOS="1373" VPOS="1032" WIDTH="55" HEIGHT="29" WC="0.96" CONTENT="del"/><SP WIDTH="19" VPOS="1032" HPOS="1428"/>
							<String ID="string_144" HPOS="1447" VPOS="1031" WIDTH="111" HEIGHT="31" WC="0.96" CONTENT="måste"/><SP WIDTH="18" VPOS="1031" HPOS="1558"/>
							<String ID="string_145" HPOS="1576" VPOS="1032" WIDTH="100" HEIGHT="39" WC="0.96" CONTENT="tjäna"/><SP WIDTH="19" VPOS="1032" HPOS="1676"/>
							<String ID="string_146" HPOS="1695" VPOS="1031" WIDTH="67" HEIGHT="30" WC="0.96" CONTENT="den"/>
						</TextLine>
						<TextLine ID="line_16" HPOS="275" VPOS="1086" WIDTH="559" HEIGHT="40">
							<String ID="string_147" HPOS="275" VPOS="1086" WIDTH="118" HEIGHT="30" WC="0.93" CONTENT="aktiva"/><SP WIDTH="15" VPOS="1086" HPOS="393"/>
							<String ID="string_148" HPOS="408" VPOS="1086" WIDTH="426" HEIGHT="40" WC="0.90" CONTENT="lokaliseringspolitiken,"/>
						</TextLine>
					</TextBlock>
					<TextBlock ID="block_7" HPOS="279" VPOS="1138" WIDTH="1484" HEIGHT="95">
						<TextLine ID="line_17" HPOS="320" VPOS="1138" WIDTH="1443" HEIGHT="41">
							<String ID="string_149" HPOS="320" VPOS="1140" WIDTH="36" HEIGHT="35" WC="0.95" CONTENT="9)"/><SP WIDTH="24" VPOS="1140" HPOS="356"/>
							<String ID="string_150" HPOS="380" VPOS="1141" WIDTH="41" HEIGHT="29" WC="0.96" CONTENT="de"/><SP WIDTH="20" VPOS="1141" HPOS="421"/>
							<String ID="string_151" HPOS="441" VPOS="1140" WIDTH="223" HEIGHT="39" WC="0.96" CONTENT="likalydande"/><SP WIDTH="19" VPOS="1140" HPOS="664"/>
							<String ID="string_152" HPOS="683" VPOS="1140" WIDTH="219" HEIGHT="30" WC="0.96" CONTENT="motionerna"/><SP WIDTH="21" VPOS="1140" HPOS="902"/>
							<String ID="string_153" HPOS="923" VPOS="1140" WIDTH="27" HEIGHT="29" WC="0.96" CONTENT="I:"/><SP WIDTH="18" VPOS="1140" HPOS="950"/>
							<String ID="string_154" HPOS="968" VPOS="1139" WIDTH="80" HEIGHT="30" WC="0.95" CONTENT="1141"/><SP WIDTH="25" VPOS="1139" HPOS="1048"/>
							<String ID="string_155" HPOS="1073" VPOS="1150" WIDTH="41" HEIGHT="20" WC="0.96" CONTENT="av"/><SP WIDTH="19" VPOS="1150" HPOS="1114"/>
							<String ID="string_156" HPOS="1133" VPOS="1141" WIDTH="80" HEIGHT="28" WC="0.96" CONTENT="herr"/><SP WIDTH="20" VPOS="1141" HPOS="1213"/>
							<String ID="string_157" HPOS="1233" VPOS="1139" WIDTH="159" HEIGHT="30" WC="0.93" CONTENT="Bohman"/><SP WIDTH="21" VPOS="1139" HPOS="1392"/>
							<String ID="string_158" HPOS="1413" VPOS="1134" WIDTH="41" HEIGHT="50" WC="0.92" CONTENT="m."/><SP WIDTH="12" VPOS="1134" HPOS="1454"/>
							<String ID="string_159" HPOS="1466" VPOS="1138" WIDTH="43" HEIGHT="40" WC="0.96" CONTENT="fl."/><SP WIDTH="21" VPOS="1138" HPOS="1509"/>
							<String ID="string_160" HPOS="1530" VPOS="1139" WIDTH="66" HEIGHT="30" WC="0.96" CONTENT="och"/><SP WIDTH="19" VPOS="1139" HPOS="1596"/>
							<String ID="string_161" HPOS="1615" VPOS="1138" WIDTH="48" HEIGHT="30" WC="0.96" CONTENT="II:"/><SP WIDTH="16" VPOS="1138" HPOS="1663"/>
							<String ID="string_162" HPOS="1679" VPOS="1138" WIDTH="84" HEIGHT="30" WC="0.96" CONTENT="1344"/>
						</TextLine>
						<TextLine ID="line_18" HPOS="279" VPOS="1193" WIDTH="1015" HEIGHT="40">
							<String ID="string_163" HPOS="279" VPOS="1194" WIDTH="67" HEIGHT="39" WC="0.95" CONTENT="(jfr"/><SP WIDTH="15" VPOS="1194" HPOS="346"/>
							<String ID="string_164" HPOS="361" VPOS="1194" WIDTH="45" HEIGHT="29" WC="0.78" CONTENT="II:"/><SP WIDTH="19" VPOS="1194" HPOS="406"/>
							<String ID="string_165" HPOS="425" VPOS="1193" WIDTH="101" HEIGHT="36" WC="0.89" CONTENT="1343)"/><SP WIDTH="20" VPOS="1193" HPOS="526"/>
							<String ID="string_166" HPOS="546" VPOS="1203" WIDTH="42" HEIGHT="21" WC="0.96" CONTENT="av"/><SP WIDTH="12" VPOS="1203" HPOS="588"/>
							<String ID="string_167" HPOS="600" VPOS="1194" WIDTH="81" HEIGHT="30" WC="0.96" CONTENT="herr"/><SP WIDTH="14" VPOS="1194" HPOS="681"/>
							<String ID="string_168" HPOS="695" VPOS="1193" WIDTH="189" HEIGHT="40" WC="0.93" CONTENT="Holmberg"/><SP WIDTH="13" VPOS="1193" HPOS="884"/>
							<String ID="string_169" HPOS="897" VPOS="1203" WIDTH="45" HEIGHT="20" WC="0.89" CONTENT="m."/><SP WIDTH="13" VPOS="1203" HPOS="942"/>
							<String ID="string_170" HPOS="955" VPOS="1193" WIDTH="38" HEIGHT="40" WC="0.96" CONTENT="fl."/><SP WIDTH="15" VPOS="1193" HPOS="993"/>
							<String ID="string_171" HPOS="1008" VPOS="1194" WIDTH="75" HEIGHT="30" WC="0.93" CONTENT="vari"/><SP WIDTH="13" VPOS="1194" HPOS="1083"/>
							<String ID="string_172" HPOS="1096" VPOS="1193" WIDTH="198" HEIGHT="30" WC="0.89" CONTENT="hemställts"/>
						</TextLine>
					</TextBlock>
					<TextBlock ID="block_8" HPOS="275" VPOS="1246" WIDTH="1489" HEIGHT="149">
						<TextLine ID="line_19" HPOS="320" VPOS="1246" WIDTH="1443" HEIGHT="41">
							<String ID="string_173" HPOS="320" VPOS="1250" WIDTH="49" HEIGHT="28" WC="0.96" CONTENT="att"/><SP WIDTH="18" VPOS="1250" HPOS="369"/>
							<String ID="string_174" HPOS="387" VPOS="1249" WIDTH="188" HEIGHT="38" WC="0.96" CONTENT="riksdagen"/><SP WIDTH="18" VPOS="1249" HPOS="575"/>
							<String ID="string_175" HPOS="593" VPOS="1249" WIDTH="10" HEIGHT="28" WC="0.96" CONTENT="i"/><SP WIDTH="19" VPOS="1249" HPOS="603"/>
							<String ID="string_176" HPOS="622" VPOS="1248" WIDTH="166" HEIGHT="30" WC="0.96" CONTENT="skrivelse"/><SP WIDTH="18" VPOS="1248" HPOS="788"/>
							<String ID="string_177" HPOS="806" VPOS="1248" WIDTH="53" HEIGHT="29" WC="0.96" CONTENT="till"/><SP WIDTH="18" VPOS="1248" HPOS="859"/>
							<String ID="string_178" HPOS="877" VPOS="1248" WIDTH="125" HEIGHT="39" WC="0.96" CONTENT="Kungl."/><SP WIDTH="20" VPOS="1248" HPOS="1002"/>
							<String ID="string_179" HPOS="1022" VPOS="1248" WIDTH="106" HEIGHT="39" WC="0.96" CONTENT="Maj:t"/><SP WIDTH="18" VPOS="1248" HPOS="1128"/>
							<String ID="string_180" HPOS="1146" VPOS="1248" WIDTH="103" HEIGHT="39" WC="0.96" CONTENT="begär"/><SP WIDTH="19" VPOS="1248" HPOS="1249"/>
							<String ID="string_181" HPOS="1268" VPOS="1247" WIDTH="188" HEIGHT="40" WC="0.96" CONTENT="utredning"/><SP WIDTH="19" VPOS="1247" HPOS="1456"/>
							<String ID="string_182" HPOS="1475" VPOS="1248" WIDTH="66" HEIGHT="29" WC="0.96" CONTENT="och"/><SP WIDTH="19" VPOS="1248" HPOS="1541"/>
							<String ID="string_183" HPOS="1560" VPOS="1247" WIDTH="131" HEIGHT="39" WC="0.96" CONTENT="förslag"/><SP WIDTH="19" VPOS="1247" HPOS="1691"/>
							<String ID="string_184" HPOS="1710" VPOS="1246" WIDTH="53" HEIGHT="30" WC="0.96" CONTENT="till"/>
						</TextLine>
						<TextLine ID="line_20" HPOS="275" VPOS="1300" WIDTH="1489" HEIGHT="42">
							<String ID="string_185" HPOS="275" VPOS="1302" WIDTH="188" HEIGHT="40" WC="0.96" CONTENT="riksdagen"/><SP WIDTH="19" VPOS="1302" HPOS="463"/>
							<String ID="string_186" HPOS="482" VPOS="1311" WIDTH="57" HEIGHT="21" WC="0.96" CONTENT="om"/><SP WIDTH="20" VPOS="1311" HPOS="539"/>
							<String ID="string_187" HPOS="559" VPOS="1302" WIDTH="91" HEIGHT="30" WC="0.96" CONTENT="ökad"/><SP WIDTH="20" VPOS="1302" HPOS="650"/>
							<String ID="string_188" HPOS="670" VPOS="1302" WIDTH="224" HEIGHT="39" WC="0.96" CONTENT="användning"/><SP WIDTH="21" VPOS="1302" HPOS="894"/>
							<String ID="string_189" HPOS="915" VPOS="1311" WIDTH="41" HEIGHT="21" WC="0.96" CONTENT="av"/><SP WIDTH="21" VPOS="1311" HPOS="956"/>
							<String ID="string_190" HPOS="977" VPOS="1301" WIDTH="285" HEIGHT="40" WC="0.96" CONTENT="skattepolitiken"/><SP WIDTH="22" VPOS="1301" HPOS="1262"/>
							<String ID="string_191" HPOS="1284" VPOS="1310" WIDTH="74" HEIGHT="22" WC="0.96" CONTENT="som"/><SP WIDTH="21" VPOS="1310" HPOS="1358"/>
							<String ID="string_192" HPOS="1379" VPOS="1302" WIDTH="47" HEIGHT="29" WC="0.93" CONTENT="ett"/><SP WIDTH="20" VPOS="1302" HPOS="1426"/>
							<String ID="string_193" HPOS="1446" VPOS="1300" WIDTH="318" HEIGHT="40" WC="0.91" CONTENT="regionalpolitiskt"/>
						</TextLine>
						<TextLine ID="line_21" HPOS="275" VPOS="1355" WIDTH="1091" HEIGHT="40">
							<String ID="string_194" HPOS="275" VPOS="1356" WIDTH="213" HEIGHT="29" WC="0.96" CONTENT="instrument"/><SP WIDTH="14" VPOS="1356" HPOS="488"/>
							<String ID="string_195" HPOS="502" VPOS="1357" WIDTH="11" HEIGHT="29" WC="0.96" CONTENT="i"/><SP WIDTH="14" VPOS="1357" HPOS="513"/>
							<String ID="string_196" HPOS="527" VPOS="1356" WIDTH="153" HEIGHT="39" WC="0.96" CONTENT="enlighet"/><SP WIDTH="13" VPOS="1356" HPOS="680"/>
							<String ID="string_197" HPOS="693" VPOS="1357" WIDTH="80" HEIGHT="28" WC="0.96" CONTENT="med"/><SP WIDTH="15" VPOS="1357" HPOS="773"/>
							<String ID="string_198" HPOS="788" VPOS="1356" WIDTH="66" HEIGHT="29" WC="0.96" CONTENT="vad"/><SP WIDTH="15" VPOS="1356" HPOS="854"/>
							<String ID="string_199" HPOS="869" VPOS="1365" WIDTH="75" HEIGHT="20" WC="0.96" CONTENT="som"/><SP WIDTH="15" VPOS="1365" HPOS="944"/>
							<String ID="string_200" HPOS="959" VPOS="1355" WIDTH="136" HEIGHT="30" WC="0.96" CONTENT="anförts"/><SP WIDTH="15" VPOS="1355" HPOS="1095"/>
							<String ID="string_201" HPOS="1110" VPOS="1356" WIDTH="12" HEIGHT="29" WC="0.96" CONTENT="i"/><SP WIDTH="13" VPOS="1356" HPOS="1122"/>
							<String ID="string_202" HPOS="1135" VPOS="1356" WIDTH="231" HEIGHT="33" WC="0.96" CONTENT="motionerna,"/>
						</TextLine>
					</TextBlock>
					<TextBlock ID="block_9" HPOS="275" VPOS="1407" WIDTH="1488" HEIGHT="96">
						<TextLine ID="line_22" HPOS="323" VPOS="1407" WIDTH="1440" HEIGHT="42">
							<String ID="string_203" HPOS="323" VPOS="1409" WIDTH="55" HEIGHT="34" WC="0.96" CONTENT="10)"/><SP WIDTH="25" VPOS="1409" HPOS="378"/>
							<String ID="string_204" HPOS="403" VPOS="1409" WIDTH="40" HEIGHT="30" WC="0.95" CONTENT="de"/><SP WIDTH="19" VPOS="1409" HPOS="443"/>
							<String ID="string_205" HPOS="462" VPOS="1409" WIDTH="224" HEIGHT="40" WC="0.96" CONTENT="likalydande"/><SP WIDTH="19" VPOS="1409" HPOS="686"/>
							<String ID="string_206" HPOS="705" VPOS="1409" WIDTH="221" HEIGHT="30" WC="0.96" CONTENT="motionerna"/><SP WIDTH="19" VPOS="1409" HPOS="926"/>
							<String ID="string_207" HPOS="945" VPOS="1409" WIDTH="28" HEIGHT="30" WC="0.90" CONTENT="I:"/><SP WIDTH="18" VPOS="1409" HPOS="973"/>
							<String ID="string_208" HPOS="991" VPOS="1409" WIDTH="80" HEIGHT="29" WC="0.95" CONTENT="1151"/><SP WIDTH="24" VPOS="1409" HPOS="1071"/>
							<String ID="string_209" HPOS="1095" VPOS="1418" WIDTH="42" HEIGHT="21" WC="0.96" CONTENT="av"/><SP WIDTH="18" VPOS="1418" HPOS="1137"/>
							<String ID="string_210" HPOS="1155" VPOS="1409" WIDTH="81" HEIGHT="30" WC="0.96" CONTENT="herr"/><SP WIDTH="20" VPOS="1409" HPOS="1236"/>
							<String ID="string_211" HPOS="1256" VPOS="1408" WIDTH="135" HEIGHT="30" WC="0.93" CONTENT="Sundin"/><SP WIDTH="20" VPOS="1408" HPOS="1391"/>
							<String ID="string_212" HPOS="1411" VPOS="1416" WIDTH="45" HEIGHT="21" WC="0.90" CONTENT="m."/><SP WIDTH="14" VPOS="1416" HPOS="1456"/>
							<String ID="string_213" HPOS="1470" VPOS="1407" WIDTH="38" HEIGHT="39" WC="0.96" CONTENT="fl."/><SP WIDTH="22" VPOS="1407" HPOS="1508"/>
							<String ID="string_214" HPOS="1530" VPOS="1408" WIDTH="65" HEIGHT="29" WC="0.95" CONTENT="och"/><SP WIDTH="19" VPOS="1408" HPOS="1595"/>
							<String ID="string_215" HPOS="1614" VPOS="1407" WIDTH="48" HEIGHT="30" WC="0.96" CONTENT="II:"/><SP WIDTH="17" VPOS="1407" HPOS="1662"/>
							<String ID="string_216" HPOS="1679" VPOS="1408" WIDTH="84" HEIGHT="29" WC="0.96" CONTENT="1342"/>
						</TextLine>
						<TextLine ID="line_23" HPOS="275" VPOS="1462" WIDTH="828" HEIGHT="41">
							<String ID="string_217" HPOS="275" VPOS="1473" WIDTH="43" HEIGHT="20" WC="0.96" CONTENT="av"/><SP WIDTH="12" VPOS="1473" HPOS="318"/>
							<String ID="string_218" HPOS="330" VPOS="1464" WIDTH="81" HEIGHT="29" WC="0.95" CONTENT="herr"/><SP WIDTH="13" VPOS="1464" HPOS="411"/>
							<String ID="string_219" HPOS="424" VPOS="1462" WIDTH="165" HEIGHT="31" WC="0.93" CONTENT="Hedlund"/><SP WIDTH="13" VPOS="1462" HPOS="589"/>
							<String ID="string_220" HPOS="602" VPOS="1472" WIDTH="46" HEIGHT="20" WC="0.91" CONTENT="m."/><SP WIDTH="13" VPOS="1472" HPOS="648"/>
							<String ID="string_221" HPOS="661" VPOS="1463" WIDTH="38" HEIGHT="40" WC="0.96" CONTENT="fl."/><SP WIDTH="15" VPOS="1463" HPOS="699"/>
							<String ID="string_222" HPOS="714" VPOS="1464" WIDTH="74" HEIGHT="29" WC="0.92" CONTENT="vari"/><SP WIDTH="15" VPOS="1464" HPOS="788"/>
							<String ID="string_223" HPOS="803" VPOS="1464" WIDTH="197" HEIGHT="29" WC="0.91" CONTENT="hemställts"/><SP WIDTH="14" VPOS="1464" HPOS="1000"/>
							<String ID="string_224" HPOS="1014" VPOS="1463" WIDTH="45" HEIGHT="30" WC="0.95" CONTENT="bl."/><SP WIDTH="15" VPOS="1463" HPOS="1059"/>
							<String ID="string_225" HPOS="1074" VPOS="1472" WIDTH="29" HEIGHT="21" WC="0.96" CONTENT="a."/>
						</TextLine>
					</TextBlock>
					<TextBlock ID="block_10" HPOS="275" VPOS="1517" WIDTH="1489" HEIGHT="148">
						<TextLine ID="line_24" HPOS="320" VPOS="1517" WIDTH="1443" HEIGHT="42">
							<String ID="string_226" HPOS="320" VPOS="1520" WIDTH="51" HEIGHT="28" WC="0.96" CONTENT="att"/><SP WIDTH="22" VPOS="1520" HPOS="371"/>
							<String ID="string_227" HPOS="393" VPOS="1518" WIDTH="187" HEIGHT="39" WC="0.95" CONTENT="riksdagen"/><SP WIDTH="22" VPOS="1518" HPOS="580"/>
							<String ID="string_228" HPOS="602" VPOS="1517" WIDTH="58" HEIGHT="30" WC="0.96" CONTENT="vid"/><SP WIDTH="22" VPOS="1517" HPOS="660"/>
							<String ID="string_229" HPOS="682" VPOS="1517" WIDTH="258" HEIGHT="40" WC="0.96" CONTENT="behandlingen"/><SP WIDTH="24" VPOS="1517" HPOS="940"/>
							<String ID="string_230" HPOS="964" VPOS="1527" WIDTH="41" HEIGHT="20" WC="0.96" CONTENT="av"/><SP WIDTH="23" VPOS="1527" HPOS="1005"/>
							<String ID="string_231" HPOS="1028" VPOS="1527" WIDTH="97" HEIGHT="31" WC="0.93" CONTENT="prop."/><SP WIDTH="28" VPOS="1527" HPOS="1125"/>
							<String ID="string_232" HPOS="1153" VPOS="1518" WIDTH="155" HEIGHT="30" WC="0.89" CONTENT="1970:75"/><SP WIDTH="24" VPOS="1518" HPOS="1308"/>
							<String ID="string_233" HPOS="1332" VPOS="1519" WIDTH="11" HEIGHT="30" WC="0.97" CONTENT="i"/><SP WIDTH="26" VPOS="1519" HPOS="1343"/>
							<String ID="string_234" HPOS="1369" VPOS="1519" WIDTH="166" HEIGHT="30" WC="0.96" CONTENT="skrivelse"/><SP WIDTH="24" VPOS="1519" HPOS="1535"/>
							<String ID="string_235" HPOS="1559" VPOS="1519" WIDTH="53" HEIGHT="30" WC="0.96" CONTENT="till"/><SP WIDTH="25" VPOS="1519" HPOS="1612"/>
							<String ID="string_236" HPOS="1637" VPOS="1519" WIDTH="126" HEIGHT="40" WC="0.96" CONTENT="Kungl."/>
						</TextLine>
						<TextLine ID="line_25" HPOS="276" VPOS="1571" WIDTH="1488" HEIGHT="42">
							<String ID="string_237" HPOS="276" VPOS="1571" WIDTH="106" HEIGHT="40" WC="0.95" CONTENT="Maj:t"/><SP WIDTH="21" VPOS="1571" HPOS="382"/>
							<String ID="string_238" HPOS="403" VPOS="1571" WIDTH="104" HEIGHT="40" WC="0.96" CONTENT="begär"/><SP WIDTH="24" VPOS="1571" HPOS="507"/>
							<String ID="string_239" HPOS="531" VPOS="1573" WIDTH="50" HEIGHT="28" WC="0.96" CONTENT="att"/><SP WIDTH="21" VPOS="1573" HPOS="581"/>
							<String ID="string_240" HPOS="602" VPOS="1571" WIDTH="59" HEIGHT="30" WC="0.96" CONTENT="vid"/><SP WIDTH="23" VPOS="1571" HPOS="661"/>
							<String ID="string_241" HPOS="684" VPOS="1572" WIDTH="66" HEIGHT="29" WC="0.96" CONTENT="den"/><SP WIDTH="23" VPOS="1572" HPOS="750"/>
							<String ID="string_242" HPOS="773" VPOS="1571" WIDTH="164" HEIGHT="31" WC="0.96" CONTENT="fortsatta"/><SP WIDTH="24" VPOS="1571" HPOS="937"/>
							<String ID="string_243" HPOS="961" VPOS="1572" WIDTH="232" HEIGHT="40" WC="0.96" CONTENT="utredningen"/><SP WIDTH="26" VPOS="1572" HPOS="1193"/>
							<String ID="string_244" HPOS="1219" VPOS="1582" WIDTH="41" HEIGHT="20" WC="0.93" CONTENT="av"/><SP WIDTH="23" VPOS="1582" HPOS="1260"/>
							<String ID="string_245" HPOS="1283" VPOS="1573" WIDTH="258" HEIGHT="39" WC="0.91" CONTENT="lokaliserings-"/><SP WIDTH="25" VPOS="1573" HPOS="1541"/>
							<String ID="string_246" HPOS="1566" VPOS="1573" WIDTH="65" HEIGHT="30" WC="0.93" CONTENT="och"/><SP WIDTH="23" VPOS="1573" HPOS="1631"/>
							<String ID="string_247" HPOS="1654" VPOS="1573" WIDTH="110" HEIGHT="40" WC="0.92" CONTENT="regio-"/>
						</TextLine>
						<TextLine ID="line_26" HPOS="275" VPOS="1625" WIDTH="624" HEIGHT="40">
							<String ID="string_248" HPOS="275" VPOS="1625" WIDTH="250" HEIGHT="40" WC="0.91" CONTENT="nalpolitikens"/><SP WIDTH="15" VPOS="1625" HPOS="525"/>
							<String ID="string_249" HPOS="540" VPOS="1625" WIDTH="219" HEIGHT="40" WC="0.95" CONTENT="utformning"/><SP WIDTH="15" VPOS="1625" HPOS="759"/>
							<String ID="string_250" HPOS="774" VPOS="1626" WIDTH="125" HEIGHT="39" WC="0.96" CONTENT="prövas"/>
						</TextLine>
					</TextBlock>
					<TextBlock ID="block_11" HPOS="275" VPOS="1679" WIDTH="1489" HEIGHT="148">
						<TextLine ID="line_27" HPOS="321" VPOS="1679" WIDTH="1443" HEIGHT="41">
							<String ID="string_251" HPOS="321" VPOS="1679" WIDTH="35" HEIGHT="35" WC="0.96" CONTENT="a)"/><SP WIDTH="29" VPOS="1679" HPOS="356"/>
							<String ID="string_252" HPOS="385" VPOS="1689" WIDTH="42" HEIGHT="20" WC="0.96" CONTENT="en"/><SP WIDTH="22" VPOS="1689" HPOS="427"/>
							<String ID="string_253" HPOS="449" VPOS="1679" WIDTH="109" HEIGHT="30" WC="0.95" CONTENT="sådan"/><SP WIDTH="22" VPOS="1679" HPOS="558"/>
							<String ID="string_254" HPOS="580" VPOS="1679" WIDTH="226" HEIGHT="40" WC="0.96" CONTENT="användning"/><SP WIDTH="22" VPOS="1679" HPOS="806"/>
							<String ID="string_255" HPOS="828" VPOS="1688" WIDTH="43" HEIGHT="22" WC="0.93" CONTENT="av"/><SP WIDTH="23" VPOS="1688" HPOS="871"/>
							<String ID="string_256" HPOS="894" VPOS="1680" WIDTH="364" HEIGHT="31" WC="0.92" CONTENT="skatteinstrumentet"/><SP WIDTH="24" VPOS="1680" HPOS="1258"/>
							<String ID="string_257" HPOS="1282" VPOS="1683" WIDTH="50" HEIGHT="28" WC="0.96" CONTENT="att"/><SP WIDTH="25" VPOS="1683" HPOS="1332"/>
							<String ID="string_258" HPOS="1357" VPOS="1681" WIDTH="41" HEIGHT="31" WC="0.96" CONTENT="de"/><SP WIDTH="24" VPOS="1681" HPOS="1398"/>
							<String ID="string_259" HPOS="1422" VPOS="1680" WIDTH="137" HEIGHT="31" WC="0.96" CONTENT="mindre"/><SP WIDTH="25" VPOS="1680" HPOS="1559"/>
							<String ID="string_260" HPOS="1584" VPOS="1680" WIDTH="180" HEIGHT="40" WC="0.96" CONTENT="företagen"/>
						</TextLine>
						<TextLine ID="line_28" HPOS="276" VPOS="1733" WIDTH="1488" HEIGHT="41">
							<String ID="string_261" HPOS="276" VPOS="1733" WIDTH="54" HEIGHT="30" WC="0.96" CONTENT="får"/><SP WIDTH="21" VPOS="1733" HPOS="330"/>
							<String ID="string_262" HPOS="351" VPOS="1733" WIDTH="178" HEIGHT="30" WC="0.96" CONTENT="förmåner"/><SP WIDTH="22" VPOS="1733" HPOS="529"/>
							<String ID="string_263" HPOS="551" VPOS="1742" WIDTH="75" HEIGHT="21" WC="0.96" CONTENT="som"/><SP WIDTH="22" VPOS="1742" HPOS="626"/>
							<String ID="string_264" HPOS="648" VPOS="1742" WIDTH="119" HEIGHT="21" WC="0.96" CONTENT="svarar"/><SP WIDTH="21" VPOS="1742" HPOS="767"/>
							<String ID="string_265" HPOS="788" VPOS="1735" WIDTH="72" HEIGHT="28" WC="0.96" CONTENT="mot"/><SP WIDTH="20" VPOS="1735" HPOS="860"/>
							<String ID="string_266" HPOS="880" VPOS="1734" WIDTH="67" HEIGHT="29" WC="0.93" CONTENT="vad"/><SP WIDTH="21" VPOS="1734" HPOS="947"/>
							<String ID="string_267" HPOS="968" VPOS="1734" WIDTH="405" HEIGHT="39" WC="0.90" CONTENT="investeringsfonderna"/><SP WIDTH="24" VPOS="1734" HPOS="1373"/>
							<String ID="string_268" HPOS="1397" VPOS="1742" WIDTH="57" HEIGHT="32" WC="0.96" CONTENT="ger"/><SP WIDTH="23" VPOS="1742" HPOS="1454"/>
							<String ID="string_269" HPOS="1477" VPOS="1735" WIDTH="41" HEIGHT="29" WC="0.96" CONTENT="de"/><SP WIDTH="23" VPOS="1735" HPOS="1518"/>
							<String ID="string_270" HPOS="1541" VPOS="1735" WIDTH="111" HEIGHT="29" WC="0.93" CONTENT="större"/><SP WIDTH="23" VPOS="1735" HPOS="1652"/>
							<String ID="string_271" HPOS="1675" VPOS="1734" WIDTH="89" HEIGHT="30" WC="0.92" CONTENT="före-"/>
						</TextLine>
						<TextLine ID="line_29" HPOS="275" VPOS="1788" WIDTH="115" HEIGHT="39">
							<String ID="string_272" HPOS="275" VPOS="1788" WIDTH="115" HEIGHT="39" WC="0.96" CONTENT="tagen,"/>
						</TextLine>
					</TextBlock>
					<TextBlock ID="block_12" HPOS="275" VPOS="1840" WIDTH="1490" HEIGHT="95">
						<TextLine ID="line_30" HPOS="319" VPOS="1840" WIDTH="1446" HEIGHT="42">
							<String ID="string_273" HPOS="319" VPOS="1840" WIDTH="38" HEIGHT="35" WC="0.89" CONTENT="b)"/><SP WIDTH="25" VPOS="1840" HPOS="357"/>
							<String ID="string_274" HPOS="382" VPOS="1850" WIDTH="43" HEIGHT="20" WC="0.96" CONTENT="en"/><SP WIDTH="18" VPOS="1850" HPOS="425"/>
							<String ID="string_275" HPOS="443" VPOS="1841" WIDTH="154" HEIGHT="39" WC="0.96" CONTENT="regional"/><SP WIDTH="19" VPOS="1841" HPOS="597"/>
							<String ID="string_276" HPOS="616" VPOS="1841" WIDTH="280" HEIGHT="40" WC="0.96" CONTENT="differentiering"/><SP WIDTH="20" VPOS="1841" HPOS="896"/>
							<String ID="string_277" HPOS="916" VPOS="1851" WIDTH="42" HEIGHT="20" WC="0.92" CONTENT="av"/><SP WIDTH="20" VPOS="1851" HPOS="958"/>
							<String ID="string_278" HPOS="978" VPOS="1841" WIDTH="258" HEIGHT="40" WC="0.91" CONTENT="energiskatten"/><SP WIDTH="19" VPOS="1841" HPOS="1236"/>
							<String ID="string_279" HPOS="1255" VPOS="1842" WIDTH="44" HEIGHT="40" WC="0.96" CONTENT="på"/><SP WIDTH="20" VPOS="1842" HPOS="1299"/>
							<String ID="string_280" HPOS="1319" VPOS="1842" WIDTH="129" HEIGHT="29" WC="0.96" CONTENT="elkraft"/><SP WIDTH="20" VPOS="1842" HPOS="1448"/>
							<String ID="string_281" HPOS="1468" VPOS="1843" WIDTH="65" HEIGHT="29" WC="0.96" CONTENT="och"/><SP WIDTH="22" VPOS="1843" HPOS="1533"/>
							<String ID="string_282" HPOS="1555" VPOS="1851" WIDTH="42" HEIGHT="20" WC="0.96" CONTENT="av"/><SP WIDTH="20" VPOS="1851" HPOS="1597"/>
							<String ID="string_283" HPOS="1617" VPOS="1842" WIDTH="67" HEIGHT="30" WC="0.92" CONTENT="den"/><SP WIDTH="21" VPOS="1842" HPOS="1684"/>
							<String ID="string_284" HPOS="1705" VPOS="1843" WIDTH="60" HEIGHT="29" WC="0.91" CONTENT="all-"/>
						</TextLine>
						<TextLine ID="line_31" HPOS="275" VPOS="1894" WIDTH="1196" HEIGHT="41">
							<String ID="string_285" HPOS="275" VPOS="1895" WIDTH="132" HEIGHT="29" WC="0.92" CONTENT="männa"/><SP WIDTH="14" VPOS="1895" HPOS="407"/>
							<String ID="string_286" HPOS="421" VPOS="1894" WIDTH="371" HEIGHT="40" WC="0.92" CONTENT="arbetsgivaravgiften"/><SP WIDTH="14" VPOS="1894" HPOS="792"/>
							<String ID="string_287" HPOS="806" VPOS="1896" WIDTH="11" HEIGHT="29" WC="0.96" CONTENT="i"/><SP WIDTH="15" VPOS="1896" HPOS="817"/>
							<String ID="string_288" HPOS="832" VPOS="1894" WIDTH="152" HEIGHT="40" WC="0.96" CONTENT="enlighet"/><SP WIDTH="14" VPOS="1894" HPOS="984"/>
							<String ID="string_289" HPOS="998" VPOS="1896" WIDTH="80" HEIGHT="28" WC="0.93" CONTENT="med"/><SP WIDTH="13" VPOS="1896" HPOS="1078"/>
							<String ID="string_290" HPOS="1091" VPOS="1895" WIDTH="239" HEIGHT="30" WC="0.88" CONTENT="motionernas"/><SP WIDTH="16" VPOS="1895" HPOS="1330"/>
							<String ID="string_291" HPOS="1346" VPOS="1896" WIDTH="125" HEIGHT="39" WC="0.96" CONTENT="syften,"/>
						</TextLine>
					</TextBlock>
					<TextBlock ID="block_13" HPOS="277" VPOS="1948" WIDTH="1487" HEIGHT="94">
						<TextLine ID="line_32" HPOS="320" VPOS="1948" WIDTH="1444" HEIGHT="41">
							<String ID="string_292" HPOS="320" VPOS="1949" WIDTH="34" HEIGHT="34" WC="0.90" CONTENT="c)"/><SP WIDTH="32" VPOS="1949" HPOS="354"/>
							<String ID="string_293" HPOS="386" VPOS="1948" WIDTH="124" HEIGHT="40" WC="0.96" CONTENT="frågan"/><SP WIDTH="27" VPOS="1948" HPOS="510"/>
							<String ID="string_294" HPOS="537" VPOS="1958" WIDTH="57" HEIGHT="20" WC="0.95" CONTENT="om"/><SP WIDTH="28" VPOS="1958" HPOS="594"/>
							<String ID="string_295" HPOS="622" VPOS="1949" WIDTH="174" HEIGHT="30" WC="0.93" CONTENT="särskilda"/><SP WIDTH="25" VPOS="1949" HPOS="796"/>
							<String ID="string_296" HPOS="821" VPOS="1949" WIDTH="382" HEIGHT="40" WC="0.90" CONTENT="investeringsavgifter"/><SP WIDTH="29" VPOS="1949" HPOS="1203"/>
							<String ID="string_297" HPOS="1232" VPOS="1958" WIDTH="74" HEIGHT="21" WC="0.93" CONTENT="som"/><SP WIDTH="29" VPOS="1958" HPOS="1306"/>
							<String ID="string_298" HPOS="1335" VPOS="1949" WIDTH="239" HEIGHT="30" WC="0.89" CONTENT="återhållande"/><SP WIDTH="28" VPOS="1949" HPOS="1574"/>
							<String ID="string_299" HPOS="1602" VPOS="1949" WIDTH="122" HEIGHT="40" WC="0.96" CONTENT="åtgärd"/><SP WIDTH="28" VPOS="1949" HPOS="1724"/>
							<String ID="string_300" HPOS="1752" VPOS="1950" WIDTH="12" HEIGHT="30" WC="0.96" CONTENT="i"/>
						</TextLine>
						<TextLine ID="line_33" HPOS="277" VPOS="2002" WIDTH="383" HEIGHT="40">
							<String ID="string_301" HPOS="277" VPOS="2002" WIDTH="383" HEIGHT="40" WC="0.91" CONTENT="stockningsområden."/>
						</TextLine>
					</TextBlock>
				</ComposedBlock>
				<ComposedBlock ID="cblock_2" HPOS="275" VPOS="2109" WIDTH="1489" HEIGHT="461">
					<TextBlock ID="block_14" HPOS="275" VPOS="2109" WIDTH="1489" HEIGHT="461">
						<TextLine ID="line_34" HPOS="320" VPOS="2109" WIDTH="1444" HEIGHT="40">
							<String ID="string_302" HPOS="320" VPOS="2110" WIDTH="49" HEIGHT="29" WC="0.96" CONTENT="De"/><SP WIDTH="25" VPOS="2110" HPOS="369"/>
							<String ID="string_303" HPOS="394" VPOS="2109" WIDTH="110" HEIGHT="30" WC="0.96" CONTENT="under"/><SP WIDTH="27" VPOS="2109" HPOS="504"/>
							<String ID="string_304" HPOS="531" VPOS="2110" WIDTH="14" HEIGHT="29" WC="0.96" CONTENT="1"/><SP WIDTH="28" VPOS="2110" HPOS="545"/>
							<String ID="string_305" HPOS="573" VPOS="2112" WIDTH="178" HEIGHT="37" WC="0.96" CONTENT="upptagna"/><SP WIDTH="25" VPOS="2112" HPOS="751"/>
							<String ID="string_306" HPOS="776" VPOS="2110" WIDTH="219" HEIGHT="30" WC="0.96" CONTENT="motionerna"/><SP WIDTH="24" VPOS="2110" HPOS="995"/>
							<String ID="string_307" HPOS="1019" VPOS="2111" WIDTH="192" HEIGHT="30" WC="0.96" CONTENT="behandlas"/><SP WIDTH="26" VPOS="2111" HPOS="1211"/>
							<String ID="string_308" HPOS="1237" VPOS="2111" WIDTH="12" HEIGHT="29" WC="0.96" CONTENT="i"/><SP WIDTH="25" VPOS="2111" HPOS="1249"/>
							<String ID="string_309" HPOS="1274" VPOS="2111" WIDTH="95" HEIGHT="30" WC="0.96" CONTENT="detta"/><SP WIDTH="24" VPOS="2111" HPOS="1369"/>
							<String ID="string_310" HPOS="1393" VPOS="2111" WIDTH="221" HEIGHT="31" WC="0.96" CONTENT="betänkande"/><SP WIDTH="27" VPOS="2111" HPOS="1614"/>
							<String ID="string_311" HPOS="1641" VPOS="2112" WIDTH="123" HEIGHT="29" WC="0.96" CONTENT="endast"/>
						</TextLine>
						<TextLine ID="line_35" HPOS="277" VPOS="2164" WIDTH="1486" HEIGHT="39">
							<String ID="string_312" HPOS="277" VPOS="2164" WIDTH="104" HEIGHT="30" WC="0.96" CONTENT="såvitt"/><SP WIDTH="21" VPOS="2164" HPOS="381"/>
							<String ID="string_313" HPOS="402" VPOS="2173" WIDTH="99" HEIGHT="21" WC="0.95" CONTENT="avser"/><SP WIDTH="21" VPOS="2173" HPOS="501"/>
							<String ID="string_314" HPOS="522" VPOS="2164" WIDTH="173" HEIGHT="39" WC="0.96" CONTENT="yrkandet"/><SP WIDTH="21" VPOS="2164" HPOS="695"/>
							<String ID="string_315" HPOS="716" VPOS="2165" WIDTH="111" HEIGHT="29" WC="0.96" CONTENT="under"/><SP WIDTH="23" VPOS="2165" HPOS="827"/>
							<String ID="string_316" HPOS="850" VPOS="2164" WIDTH="35" HEIGHT="35" WC="0.95" CONTENT="a)"/><SP WIDTH="27" VPOS="2164" HPOS="885"/>
							<String ID="string_317" HPOS="912" VPOS="2164" WIDTH="11" HEIGHT="29" WC="0.80" CONTENT="i"/><SP WIDTH="22" VPOS="2164" HPOS="923"/>
							<String ID="string_318" HPOS="945" VPOS="2164" WIDTH="237" HEIGHT="30" WC="0.92" CONTENT="motionernas"/><SP WIDTH="23" VPOS="2164" HPOS="1182"/>
							<String ID="string_319" HPOS="1205" VPOS="2165" WIDTH="222" HEIGHT="30" WC="0.93" CONTENT="hemställan."/><SP WIDTH="24" VPOS="2165" HPOS="1427"/>
							<String ID="string_320" HPOS="1451" VPOS="2165" WIDTH="179" HEIGHT="30" WC="0.92" CONTENT="Yrkandet"/><SP WIDTH="23" VPOS="2165" HPOS="1630"/>
							<String ID="string_321" HPOS="1653" VPOS="2165" WIDTH="110" HEIGHT="30" WC="0.96" CONTENT="under"/>
						</TextLine>
						<TextLine ID="line_36" HPOS="275" VPOS="2217" WIDTH="1488" HEIGHT="42">
							<String ID="string_322" HPOS="275" VPOS="2218" WIDTH="39" HEIGHT="34" WC="0.92" CONTENT="b)"/><SP WIDTH="26" VPOS="2218" HPOS="314"/>
							<String ID="string_323" HPOS="340" VPOS="2218" WIDTH="64" HEIGHT="30" WC="0.96" CONTENT="har"/><SP WIDTH="21" VPOS="2218" HPOS="404"/>
							<String ID="string_324" HPOS="425" VPOS="2217" WIDTH="208" HEIGHT="31" WC="0.95" CONTENT="behandlats"/><SP WIDTH="22" VPOS="2217" HPOS="633"/>
							<String ID="string_325" HPOS="655" VPOS="2218" WIDTH="12" HEIGHT="29" WC="0.96" CONTENT="i"/><SP WIDTH="21" VPOS="2218" HPOS="667"/>
							<String ID="string_326" HPOS="688" VPOS="2218" WIDTH="189" HEIGHT="30" WC="0.96" CONTENT="utskottets"/><SP WIDTH="22" VPOS="2218" HPOS="877"/>
							<String ID="string_327" HPOS="899" VPOS="2218" WIDTH="220" HEIGHT="30" WC="0.93" CONTENT="betänkande"/><SP WIDTH="26" VPOS="2218" HPOS="1119"/>
							<String ID="string_328" HPOS="1145" VPOS="2218" WIDTH="165" HEIGHT="30" WC="0.91" CONTENT="1970:10."/><SP WIDTH="25" VPOS="2218" HPOS="1310"/>
							<String ID="string_329" HPOS="1335" VPOS="2218" WIDTH="49" HEIGHT="30" WC="0.96" CONTENT="De"/><SP WIDTH="24" VPOS="2218" HPOS="1384"/>
							<String ID="string_330" HPOS="1408" VPOS="2219" WIDTH="111" HEIGHT="29" WC="0.96" CONTENT="under"/><SP WIDTH="25" VPOS="2219" HPOS="1519"/>
							<String ID="string_331" HPOS="1544" VPOS="2219" WIDTH="18" HEIGHT="30" WC="0.96" CONTENT="3"/><SP WIDTH="24" VPOS="2219" HPOS="1562"/>
							<String ID="string_332" HPOS="1586" VPOS="2220" WIDTH="177" HEIGHT="39" WC="0.96" CONTENT="upptagna"/>
						</TextLine>
						<TextLine ID="line_37" HPOS="276" VPOS="2272" WIDTH="1487" HEIGHT="40">
							<String ID="string_333" HPOS="276" VPOS="2272" WIDTH="220" HEIGHT="29" WC="0.96" CONTENT="motionerna"/><SP WIDTH="21" VPOS="2272" HPOS="496"/>
							<String ID="string_334" HPOS="517" VPOS="2272" WIDTH="203" HEIGHT="34" WC="0.96" CONTENT="behandlas,"/><SP WIDTH="24" VPOS="2272" HPOS="720"/>
							<String ID="string_335" HPOS="744" VPOS="2273" WIDTH="11" HEIGHT="28" WC="0.96" CONTENT="i"/><SP WIDTH="22" VPOS="2273" HPOS="755"/>
							<String ID="string_336" HPOS="777" VPOS="2272" WIDTH="67" HEIGHT="29" WC="0.96" CONTENT="vad"/><SP WIDTH="24" VPOS="2272" HPOS="844"/>
							<String ID="string_337" HPOS="868" VPOS="2273" WIDTH="41" HEIGHT="29" WC="0.96" CONTENT="de"/><SP WIDTH="24" VPOS="2273" HPOS="909"/>
							<String ID="string_338" HPOS="933" VPOS="2272" WIDTH="75" HEIGHT="30" WC="0.96" CONTENT="icke"/><SP WIDTH="24" VPOS="2272" HPOS="1008"/>
							<String ID="string_339" HPOS="1032" VPOS="2281" WIDTH="99" HEIGHT="21" WC="0.96" CONTENT="avser"/><SP WIDTH="26" VPOS="2281" HPOS="1131"/>
							<String ID="string_340" HPOS="1157" VPOS="2272" WIDTH="244" HEIGHT="40" WC="0.95" CONTENT="skattefrågor,"/><SP WIDTH="26" VPOS="2272" HPOS="1401"/>
							<String ID="string_341" HPOS="1427" VPOS="2282" WIDTH="41" HEIGHT="20" WC="0.96" CONTENT="av"/><SP WIDTH="26" VPOS="2282" HPOS="1468"/>
							<String ID="string_342" HPOS="1494" VPOS="2273" WIDTH="269" HEIGHT="29" WC="0.95" CONTENT="statsutskottet."/>
						</TextLine>
						<TextLine ID="line_38" HPOS="277" VPOS="2325" WIDTH="1487" HEIGHT="40">
							<String ID="string_343" HPOS="277" VPOS="2326" WIDTH="49" HEIGHT="29" WC="0.96" CONTENT="De"/><SP WIDTH="26" VPOS="2326" HPOS="326"/>
							<String ID="string_344" HPOS="352" VPOS="2326" WIDTH="112" HEIGHT="29" WC="0.96" CONTENT="under"/><SP WIDTH="28" VPOS="2326" HPOS="464"/>
							<String ID="string_345" HPOS="492" VPOS="2325" WIDTH="38" HEIGHT="30" WC="0.96" CONTENT="10"/><SP WIDTH="28" VPOS="2325" HPOS="530"/>
							<String ID="string_346" HPOS="558" VPOS="2327" WIDTH="179" HEIGHT="38" WC="0.95" CONTENT="upptagna"/><SP WIDTH="26" VPOS="2327" HPOS="737"/>
							<String ID="string_347" HPOS="763" VPOS="2326" WIDTH="221" HEIGHT="29" WC="0.96" CONTENT="motionerna"/><SP WIDTH="26" VPOS="2326" HPOS="984"/>
							<String ID="string_348" HPOS="1010" VPOS="2326" WIDTH="192" HEIGHT="29" WC="0.96" CONTENT="behandlas"/><SP WIDTH="28" VPOS="2326" HPOS="1202"/>
							<String ID="string_349" HPOS="1230" VPOS="2327" WIDTH="10" HEIGHT="29" WC="0.95" CONTENT="i"/><SP WIDTH="29" VPOS="2327" HPOS="1240"/>
							<String ID="string_350" HPOS="1269" VPOS="2326" WIDTH="95" HEIGHT="29" WC="0.96" CONTENT="detta"/><SP WIDTH="27" VPOS="2326" HPOS="1364"/>
							<String ID="string_351" HPOS="1391" VPOS="2326" WIDTH="220" HEIGHT="30" WC="0.96" CONTENT="betänkande"/><SP WIDTH="29" VPOS="2326" HPOS="1611"/>
							<String ID="string_352" HPOS="1640" VPOS="2326" WIDTH="124" HEIGHT="30" WC="0.96" CONTENT="endast"/>
						</TextLine>
						<TextLine ID="line_39" HPOS="278" VPOS="2379" WIDTH="1486" HEIGHT="40">
							<String ID="string_353" HPOS="278" VPOS="2379" WIDTH="104" HEIGHT="31" WC="0.95" CONTENT="såvitt"/><SP WIDTH="16" VPOS="2379" HPOS="382"/>
							<String ID="string_354" HPOS="398" VPOS="2388" WIDTH="99" HEIGHT="21" WC="0.95" CONTENT="avser"/><SP WIDTH="15" VPOS="2388" HPOS="497"/>
							<String ID="string_355" HPOS="512" VPOS="2380" WIDTH="205" HEIGHT="39" WC="0.96" CONTENT="yrkandena"/><SP WIDTH="17" VPOS="2380" HPOS="717"/>
							<String ID="string_356" HPOS="734" VPOS="2380" WIDTH="111" HEIGHT="30" WC="0.96" CONTENT="under"/><SP WIDTH="17" VPOS="2380" HPOS="845"/>
							<String ID="string_357" HPOS="862" VPOS="2379" WIDTH="37" HEIGHT="35" WC="0.95" CONTENT="a)"/><SP WIDTH="22" VPOS="2379" HPOS="899"/>
							<String ID="string_358" HPOS="921" VPOS="2380" WIDTH="65" HEIGHT="30" WC="0.93" CONTENT="och"/><SP WIDTH="15" VPOS="2380" HPOS="986"/>
							<String ID="string_359" HPOS="1001" VPOS="2379" WIDTH="39" HEIGHT="35" WC="0.92" CONTENT="b)"/><SP WIDTH="22" VPOS="2379" HPOS="1040"/>
							<String ID="string_360" HPOS="1062" VPOS="2380" WIDTH="11" HEIGHT="30" WC="0.92" CONTENT="i"/><SP WIDTH="17" VPOS="2380" HPOS="1073"/>
							<String ID="string_361" HPOS="1090" VPOS="2380" WIDTH="238" HEIGHT="30" WC="0.91" CONTENT="motionernas"/><SP WIDTH="18" VPOS="2380" HPOS="1328"/>
							<String ID="string_362" HPOS="1346" VPOS="2379" WIDTH="221" HEIGHT="31" WC="0.93" CONTENT="hemställan."/><SP WIDTH="18" VPOS="2379" HPOS="1567"/>
							<String ID="string_363" HPOS="1585" VPOS="2380" WIDTH="179" HEIGHT="30" WC="0.91" CONTENT="Yrkandet"/>
						</TextLine>
						<TextLine ID="line_40" HPOS="277" VPOS="2433" WIDTH="1487" HEIGHT="34">
							<String ID="string_364" HPOS="277" VPOS="2434" WIDTH="111" HEIGHT="29" WC="0.92" CONTENT="under"/><SP WIDTH="18" VPOS="2434" HPOS="388"/>
							<String ID="string_365" HPOS="406" VPOS="2433" WIDTH="35" HEIGHT="34" WC="0.89" CONTENT="c)"/><SP WIDTH="23" VPOS="2433" HPOS="441"/>
							<String ID="string_366" HPOS="464" VPOS="2434" WIDTH="64" HEIGHT="29" WC="0.96" CONTENT="har"/><SP WIDTH="17" VPOS="2434" HPOS="528"/>
							<String ID="string_367" HPOS="545" VPOS="2433" WIDTH="208" HEIGHT="31" WC="0.96" CONTENT="behandlats"/><SP WIDTH="19" VPOS="2433" HPOS="753"/>
							<String ID="string_368" HPOS="772" VPOS="2434" WIDTH="10" HEIGHT="29" WC="0.96" CONTENT="i"/><SP WIDTH="20" VPOS="2434" HPOS="782"/>
							<String ID="string_369" HPOS="802" VPOS="2433" WIDTH="188" HEIGHT="31" WC="0.96" CONTENT="utskottets"/><SP WIDTH="18" VPOS="2433" HPOS="990"/>
							<String ID="string_370" HPOS="1008" VPOS="2434" WIDTH="221" HEIGHT="30" WC="0.95" CONTENT="betänkande"/><SP WIDTH="22" VPOS="2434" HPOS="1229"/>
							<String ID="string_371" HPOS="1251" VPOS="2433" WIDTH="97" HEIGHT="30" WC="0.95" CONTENT="1970:"/><SP WIDTH="19" VPOS="2433" HPOS="1348"/>
							<String ID="string_372" HPOS="1367" VPOS="2433" WIDTH="50" HEIGHT="31" WC="0.96" CONTENT="37."/><SP WIDTH="29" VPOS="2433" HPOS="1417"/>
							<String ID="string_373" HPOS="1446" VPOS="2434" WIDTH="6" HEIGHT="29" WC="0.96" CONTENT="I"/><SP WIDTH="20" VPOS="2434" HPOS="1452"/>
							<String ID="string_374" HPOS="1472" VPOS="2434" WIDTH="100" HEIGHT="30" WC="0.96" CONTENT="dessa"/><SP WIDTH="20" VPOS="2434" HPOS="1572"/>
							<String ID="string_375" HPOS="1592" VPOS="2434" WIDTH="172" HEIGHT="30" WC="0.96" CONTENT="motioner"/>
						</TextLine>
						<TextLine ID="line_41" HPOS="277" VPOS="2487" WIDTH="1487" HEIGHT="39">
							<String ID="string_376" HPOS="277" VPOS="2487" WIDTH="194" HEIGHT="30" WC="0.96" CONTENT="framställs"/><SP WIDTH="33" VPOS="2487" HPOS="471"/>
							<String ID="string_377" HPOS="504" VPOS="2488" WIDTH="87" HEIGHT="29" WC="0.96" CONTENT="även"/><SP WIDTH="33" VPOS="2488" HPOS="591"/>
							<String ID="string_378" HPOS="624" VPOS="2487" WIDTH="110" HEIGHT="29" WC="0.96" CONTENT="andra"/><SP WIDTH="32" VPOS="2487" HPOS="734"/>
							<String ID="string_379" HPOS="766" VPOS="2488" WIDTH="193" HEIGHT="38" WC="0.96" CONTENT="yrkanden,"/><SP WIDTH="34" VPOS="2488" HPOS="959"/>
							<String ID="string_380" HPOS="993" VPOS="2496" WIDTH="75" HEIGHT="20" WC="0.96" CONTENT="som"/><SP WIDTH="33" VPOS="2496" HPOS="1068"/>
							<String ID="string_381" HPOS="1101" VPOS="2487" WIDTH="192" HEIGHT="29" WC="0.96" CONTENT="behandlas"/><SP WIDTH="36" VPOS="2487" HPOS="1293"/>
							<String ID="string_382" HPOS="1329" VPOS="2497" WIDTH="41" HEIGHT="20" WC="0.96" CONTENT="av"/><SP WIDTH="34" VPOS="2497" HPOS="1370"/>
							<String ID="string_383" HPOS="1404" VPOS="2488" WIDTH="261" HEIGHT="29" WC="0.96" CONTENT="statsutskottet"/><SP WIDTH="34" VPOS="2488" HPOS="1665"/>
							<String ID="string_384" HPOS="1699" VPOS="2488" WIDTH="65" HEIGHT="29" WC="0.96" CONTENT="och"/>
						</TextLine>
						<TextLine ID="line_42" HPOS="276" VPOS="2540" WIDTH="300" HEIGHT="30">
							<String ID="string_385" HPOS="276" VPOS="2540" WIDTH="300" HEIGHT="30" WC="0.96" CONTENT="bankoutskottet."/>
						</TextLine>
					</TextBlock>
				</ComposedBlock>
			</PrintSpace>
		</Page>
	</Layout>
</alto>
