2212 2622
768 178 230 29 Statsutskottets
1020 179 153 28 utlåtande
1198 179 46 28 Nr
1268 180 70 27 147.
1832 178 19 29 9

643 267 43 23 av
714 253 247 37 kostnaderna
988 254 57 36 för
1071 256 101 47 varje
1200 258 46 46 på
1264 255 124 48 grund
1408 269 44 23 av
1471 257 60 47 lag
1546 256 189 48 angående
1753 269 97 35 upp-

644 304 141 36 fostran
813 308 38 32 åt
877 305 198 36 vanartade
1102 306 68 36 och
1198 307 12 34 i
1238 305 135 48 sedligt
1399 306 181 37 avseende
1600 305 250 38 försummade

643 356 91 35 barn
762 355 12 35 i
802 355 303 48 skyddshemmet
1133 357 141 47 intaget
1301 356 110 36 barns
1432 356 89 36 vård
1541 362 53 30 ett
1613 358 109 47 årligt
1741 362 110 31 stats-

643 405 132 48 bidrag
810 418 43 22 av
882 407 72 34 200
982 406 136 35 kronor
1146 406 58 36 för
1231 406 71 36 den
1330 406 66 45 tid,
1426 406 266 49 skyddslingen
1720 407 131 36 vårdas

643 457 11 33 i
683 455 317 48 skyddshemmet;

744 503 39 46 b)
824 506 57 34 till
922 505 364 36 barnavårdsnämnd
1328 510 108 44 utgår
1468 507 58 35 till
1554 507 226 36 betäckande
1808 521 44 22 av

643 554 45 35 de
729 554 57 36 för
825 555 110 35 barns
980 555 219 49 uppfostran
1245 558 11 33 i
1301 557 135 34 enskilt
1481 557 84 35 hem
1607 557 89 35 eller
1740 557 111 36 barn-

643 605 84 35 hem
755 606 89 35 eller
872 605 120 35 under
1019 606 225 47 anställning
1296 606 13 35 i
1336 606 137 43 arbete,
1502 607 116 47 tjänst
1645 608 89 34 eller
1759 608 92 48 yrke

644 656 214 46 uppkomna
901 656 207 44 kostnader,
1152 668 78 23 som
1271 659 48 45 på
1358 657 124 47 grund
1522 669 44 23 av
1602 658 250 46 nyssnämnda

641 706 79 47 lags
760 706 278 36 bestämmelser
1065 707 103 35 skola
1194 706 181 36 bestridas
1403 720 44 22 av
1475 707 376 46 barnavårdsnämnd,

642 754 58 37 för
740 756 72 35 den
851 756 56 35 tid
942 756 130 36 barnet
1099 760 47 45 på
1172 757 205 36 nämndens
1405 757 292 37 föranstaltande
1724 759 127 47 njuter

642 806 115 36 sådan
797 806 232 49 uppfostran,
1071 813 55 30 ett
1165 809 111 47 årligt
1303 807 226 49 statsbidrag
1556 821 43 23 av
1626 810 47 35 80
1701 810 147 43 kronor,

642 869 60 22 om
730 857 131 35 barnet
888 857 130 35 vårdas
1045 859 12 33 i
1085 857 190 44 barnhem,
1304 858 68 36 och
1400 857 144 37 hälften
1571 872 43 23 av
1633 859 105 36 dessa
1752 860 98 35 kost-

642 906 132 36 naders
814 907 147 47 belopp,
1003 907 93 36 dock
1137 909 32 46 ej
1200 915 86 29 över
1314 910 47 34 50
1389 909 148 44 kronor,
1567 922 59 23 om
1655 909 129 36 barnet
1810 917 42 28 är

642 955 200 37 anförtrott
878 959 37 33 åt
951 958 135 35 enskilt
1120 958 84 35 hem
1233 959 90 34 eller
1350 959 151 35 anställt
1526 960 14 35 i
1567 960 137 44 arbete,
1732 960 118 47 tjänst

643 1006 89 36 eller
758 1008 107 47 yrke;

743 1055 38 47 4)
827 1058 182 47 medgiva,
1055 1063 55 31 att
1154 1057 83 37 från
1278 1058 245 37 omförmälda
1562 1059 290 49 förslagsanslag

641 1108 59 35 till
741 1107 436 49 uppfostringsanstalter
1217 1108 57 37 för
1317 1109 199 37 vanartade
1560 1111 69 36 och
1670 1112 12 34 i
1719 1111 134 48 sedligt

641 1158 177 36 avseende
858 1158 250 37 försummade
1148 1160 92 36 barn
1279 1163 61 33 må
1378 1161 58 35 till
1477 1161 135 36 arvode
1649 1164 36 33 åt
1712 1174 45 23 en
1785 1162 67 35 hos

642 1209 351 49 skolöverstyrelsen
1021 1210 158 36 anställd
1207 1212 199 35 konsulent
1430 1211 57 36 för
1506 1212 347 48 skyddshemsverk-

640 1260 190 35 samheten
858 1259 83 36 från
968 1261 68 35 och
1065 1260 83 36 med
1177 1261 70 36 den
1279 1264 17 33 1
1322 1262 75 47 juli
1427 1264 95 44 1919
1551 1263 77 35 tills
1647 1262 123 37 vidare
1790 1268 61 30 ut-

640 1312 48 44 gå
715 1315 53 30 ett
793 1311 136 47 belopp
957 1323 44 23 av
1028 1312 108 47 högst
1166 1313 108 42 1,500
1303 1313 136 35 kronor
1461 1312 60 36 för
1548 1316 40 33 år
1614 1314 139 35 räknat.

338 1390 213 38 Stockholm
580 1392 70 36 den
680 1394 46 35 20
755 1394 71 47 maj
860 1396 107 34 1919.

767 1545 52 36 På
847 1547 292 36 statsutskottets
1166 1554 153 41 vägnar:

787 1645 35 37 S.
851 1646 46 37 H.
928 1643 359 42 KVARNZELIUS.

341 2003 239 34 Närvarande:
612 2003 40 32 Se
676 2004 100 32 under
798 2003 184 34 utlåtandet
1005 2016 38 21 nr
1066 2006 71 31 146.

279 2277 116 38 Bihang
412 2277 45 29 till
466 2277 170 38 riksdagens
643 2277 148 37 protekoll
803 2278 91 29 1919.
928 2278 19 28 6
968 2278 82 28 saml.
1100 2277 37 30 71
1160 2278 74 36 häft.
1267 2277 65 36 (Nr
1362 2276 191 39 146—2149.)
1768 2277 18 29 2
