2184 2668
404 182 14 27 4
916 180 250 29 Buankoutskottets
1192 180 153 28 Memorial
1369 180 61 28 N:o
1459 180 43 28 10.

405 262 53 34 3:e
485 258 139 49 graden
652 259 60 36 lön
764 291 81 5 .....
878 261 106 39 3,000
1013 260 147 44 kronor,
1181 259 471 59 tjenstgöringspenningar
1683 261 104 43 1,200
1816 259 138 35 room

405 315 53 33 4:e
486 309 136 48 urtaden
653 311 62 36 lön
880 313 105 43 4.000
1178 311 471 48 tjenstgöringspenningar
1680 313 104 43 1,450
1869 325 11 15 >»
1951 330 38 4 —

1259 362 126 37 hvilka
1411 363 117 36 skulle
1557 363 86 36 ökas
1662 340 85 59 vel
1767 365 72 35 300
1858 363 149 35 kronor,

1258 414 47 36 då
1340 414 254 48 ålderstillägg
1627 414 21 37 å
1683 417 71 35 500
1783 416 139 35 kronor
1949 415 61 36 be-

1258 466 166 49 viljades.

505 571 168 36 Faktiskt
713 571 87 36 kom
840 570 245 46 tillökningen
1126 569 312 48 hufvudsakligen
1479 569 116 37 första
1633 569 140 47 graden
1813 571 59 35 till
1903 570 107 47 godo,

404 622 158 38 hvarvid
603 623 93 36 dock
733 624 29 45 ej
801 621 56 38 får
892 621 164 45 förbises,
1084 627 55 31 att
1172 622 194 36 skilnaden
1403 623 156 36 emellan
1589 622 70 36 den
1688 635 75 37 nya
1790 622 220 46 aflöningen,

404 676 243 35 tillsammans
677 676 106 44 2,300
811 676 149 43 kronor,
990 674 69 35 och
1088 674 71 36 den
1187 676 132 44 gamla,
1353 677 102 39 1,600
1485 674 146 43 kronor,
1660 674 88 35 eller
1769 677 70 33 700
1860 674 148 38 kronor,

405 727 58 34 till
506 731 116 30 större
663 725 106 36 delen
810 724 251 37 motsvarades
1102 724 40 36 af
1180 724 156 36 andelen
1379 726 10 34 i
1428 725 273 47 flitpenningar,
1739 724 171 48 omkring
1939 726 70 35 590

405 778 150 35 kronor.

506 828 81 37 Den
627 829 190 44 inverkan,
857 828 316 45 löneregleringen
1214 827 176 37 utöfvade
1429 827 48 47 på
1517 828 222 45 ställningen
1775 826 59 37 för
1866 828 145 45 tjenste-

406 888 160 29 männen
595 881 10 34 i
633 880 45 36 de
704 885 55 31 tre
787 880 113 47 högre
928 879 192 47 graderna,
1147 892 66 23 var
1239 879 115 45 något
1382 879 99 36 olika
1509 879 66 36 allt
1601 877 90 38 efter
1711 878 44 37 de
1774 879 100 36 olika
1892 879 119 36 kassa-

407 931 322 46 vårdsarfvodena,
756 933 13 34 i
796 931 62 37 det
885 937 55 30 att
967 931 185 46 ökningen
1181 930 39 36 af
1246 932 70 35 200
1336 931 140 35 kronor
1502 931 12 35 i
1541 931 471 48 tjenstgöringspenningar

406 983 58 37 för
491 983 117 36 andra
636 984 68 35 och
731 983 116 46 tredje
874 983 182 46 graderna
1083 982 129 37 endast
1238 982 58 36 för
1323 982 93 42 dem,
1444 995 78 23 som
1556 982 120 36 skulle
1709 981 151 47 åtnjutit
1893 983 119 35 kassa-

407 1034 265 38 vårdsarfvode
699 1034 41 37 af
765 1037 70 35 600
864 1035 149 44 kronor,
1041 1035 154 36 innebar
1222 1033 224 48 förhöjning,
1475 1047 84 23 men
1586 1034 61 36 vid
1677 1033 132 37 sådant
1836 1032 40 37 af
1906 1035 104 42 1,000

407 1089 140 34 kronor
574 1087 165 36 deremot
766 1087 215 45 minskning
1008 1085 41 36 af
1073 1089 45 33 50
1156 1086 149 45 kronor,
1335 1086 133 36 medan
1495 1084 58 37 för
1579 1084 118 48 fjerde
1724 1085 140 46 graden
1892 1085 119 36 tillök-

407 1140 138 46 ningen
573 1139 10 35 i
611 1139 471 48 tjenstgöringspenningar
1111 1140 70 34 250
1209 1138 139 35 kronor
1361 1138 120 46 jemnt
1499 1136 233 38 motsvarade
1750 1137 260 46 minskningen

406 1192 13 34 i
447 1189 162 36 arfvode.
646 1189 103 36 Dock
776 1188 57 36 får
851 1189 132 36 härvid
1001 1188 265 46 ihågkommas,
1286 1193 54 30 att
1358 1188 92 36 efter
1475 1190 90 35 1892
1586 1187 427 37 kassavårdsarfvodena

407 1243 101 44 fingo
536 1240 202 37 bibehållas
767 1240 62 37 vid
858 1245 181 40 semester,
1067 1240 141 36 hvilket
1227 1240 154 36 innebar
1399 1239 123 49 någon
1542 1238 226 47 förbättring
1787 1241 10 34 i
1818 1239 194 47 aflönings-

408 1293 179 36 vilkoren.

509 1344 244 45 Regleringen
782 1343 41 36 af
850 1345 94 34 1892
975 1343 70 36 slöt
1072 1342 64 47 sig,
1170 1341 90 37 efter
1293 1342 98 36 hvad
1419 1341 41 36 af
1484 1340 266 38 ofvanstående
1777 1342 54 35 lär
1858 1340 154 47 framgå,

408 1396 176 44 temligen
611 1402 91 28 nära
728 1395 58 35 till
815 1395 70 35 den
914 1393 40 36 af
979 1396 106 42 1873,
1113 1394 84 35 med
1224 1393 270 43 bibehållande,
1522 1394 156 35 hvarom
1706 1393 67 35 ock
1800 1394 11 34 i
1839 1391 174 37 fullmäk-

408 1448 93 46 tiges
540 1447 224 47 motivering
805 1445 172 36 särskildt
1014 1444 183 46 förmäles,
1233 1444 40 36 af
1307 1445 71 36 den
1405 1446 12 35 i
1443 1445 226 35 riksbanken
1697 1444 218 47 tillämpade
1943 1445 69 35 och

408 1498 85 36 med
521 1496 169 38 afseende
718 1498 45 47 på
791 1497 280 36 verksamheten
1099 1497 102 35 inom
1228 1496 144 37 banken
1401 1497 178 46 lämpliga
1599 1495 255 46 anordningen
1876 1494 40 37 af
1930 1494 84 49 fyra

409 1549 275 46 tjenstegrader.
740 1548 15 35 I
796 1548 171 36 afseende
1007 1548 21 35 å
1067 1547 247 36 kassavården
1355 1547 146 48 gjordes
1538 1548 94 35 dock
1660 1547 71 35 den
1759 1545 111 38 ofvan
1897 1546 116 36 redan

411 1600 225 36 omnämnda
664 1599 167 47 ändring,
859 1605 55 30 att
941 1598 203 37 arfvodena
1170 1598 230 47 utjemnades
1432 1599 58 35 till
1517 1599 77 35 lika
1620 1599 146 45 belopp.
1803 1597 98 37 Utan
1928 1596 85 38 tvif-

409 1653 59 35 vel
495 1652 68 35 har
590 1651 101 36 detta
717 1650 160 37 medfört
905 1650 190 36 bestämda
1121 1649 171 45 fördelar,
1321 1650 172 36 särskildt
1519 1651 103 34 inom
1650 1649 45 37 de
1721 1649 141 46 grader,
1892 1649 64 36 der
1975 1648 39 36 så

410 1702 92 49 godt
528 1715 79 23 som
636 1703 69 35 alla
734 1703 221 57 tjenstemän
982 1700 112 38 hafva
1120 1701 200 36 kassavård
1347 1702 55 45 sig
1421 1700 227 37 anförtrodd.
1702 1699 137 38 Sådant
1860 1707 39 29 är
1919 1699 94 36 dock

411 1755 29 45 ej
470 1753 249 36 förhållandet
746 1754 101 35 inom
876 1753 117 36 andra
1020 1752 148 48 graden,
1204 1753 64 36 der
1299 1730 114 59 bland
1441 1752 45 36 de
1497 1726 21 79 i
1553 1757 72 31 stat
1651 1750 187 50 uppförda
1864 1752 149 45 tjenste-

410 1813 160 29 männen
599 1804 58 37 för
684 1804 232 37 närvarande
946 1808 17 32 7
992 1781 116 59 sakna
1133 1782 185 58 ordinarie
1342 1804 128 48 dylikt.
1524 1802 243 49 ÖOjemnheten
1787 1803 227 35 härutinnan

410 1856 209 37 föranleder
645 1857 125 44 likväl,
798 1857 114 45 enligt
939 1855 99 37 hvad
1058 1854 254 38 erfarenheten
1331 1855 206 46 ådagalagt,
1558 1854 193 37 afsevärda
1770 1854 244 46 olägenheter,

411 1910 12 34 i
451 1908 60 35 det
539 1913 54 30 att
621 1907 62 36 vid
711 1907 332 36 semestervikariat
1084 1907 68 35 och
1192 1905 126 37 förfall
1350 1908 11 33 i
1389 1905 92 48 följd
1509 1905 40 36 af
1573 1905 172 48 sjukdom
1774 1906 89 35 eller
1890 1918 121 22 annan

412 1958 202 47 anledning
642 1964 51 30 ett
719 1959 97 46 slags
844 1958 112 36 täflan
985 1971 85 33 eger
1097 1971 83 23 rum
1209 1971 58 23 om
1295 1957 249 36 förordnande
1572 1956 20 36 å
1619 1957 121 46 tjenst,
1759 1956 84 36 med
1861 1956 151 36 hvilken

412 2009 155 38 arfvode
595 2018 39 28 är
660 2009 181 45 förenadt,
869 2010 142 36 hvilket
1044 2009 87 45 åter,
1172 2022 60 23 om
1267 2008 73 37 full
1376 2009 152 35 rättvisa
1554 2009 95 34 skall
1676 2009 195 44 iakttagas,
1899 2007 115 36 måste

412 2061 111 37 hafva
549 2062 57 35 till
632 2060 93 47 följd
751 2066 76 31 täta
855 2061 176 48 ombyten
1059 2059 40 37 af
1122 2059 251 46 innehafvare,
1400 2060 57 35 till
1484 2059 115 36 skada
1626 2058 58 37 för
1712 2059 302 36 kontinuiteten
1993 2054 23 59 i

411 2113 287 45 förvaltningen.

513 2164 248 46 Fullmäktige
788 2162 111 37 hafva
926 2163 83 36 med
1037 2162 169 37 afseende
1234 2162 114 47 härpå
1375 2166 119 32 ansett
1515 2161 282 36 förhållandena
1816 2174 51 22 nu
1886 2161 129 35 kunna

413 2216 121 35 bättre
562 2215 134 36 ordnas
724 2214 48 42 så,
802 2220 54 30 att
883 2214 220 46 deltagande
1129 2215 11 34 i
1177 2213 198 37 kassavård
1410 2227 47 21 m.
1484 2226 46 22 m.
1558 2213 95 35 skall
1679 2213 187 36 betraktas
1893 2211 120 36 såsom

415 2280 42 22 en
486 2266 219 48 skyldighet,
733 2266 150 36 hvilken
912 2265 91 37 efter
1029 2264 250 47 fullmäktiges
1311 2263 287 45 bestämmande,
1627 2263 65 36 der
1719 2263 67 36 den
1818 2264 29 46 ej
1878 2271 39 27 är
1943 2262 72 36 fäst
