2183 2666
395 180 38 28 24
908 183 248 30 DBunkoutskotlets
1182 185 154 29 Memorial
1359 186 58 29 N:o
1444 186 43 30 10.

393 259 243 46 kamreraren,
665 260 61 36 lön
1453 298 2 2 |

492 311 142 36 hvilket
661 312 136 48 belopp
827 311 91 38 efter
945 312 73 38 fem
1047 314 57 36 års
1132 315 184 37 ordinarie
1334 317 112 46 tjenst
1466 316 118 37 såsom

494 363 208 37 kamrerare
742 364 64 36 vid
845 365 243 37 riksbankens
1128 366 346 47 afdelningskontor
1510 369 73 36 kan

492 413 162 49 förhöjas
694 415 85 36 med
822 418 70 35 500
933 417 140 36 kronor
1109 418 67 36 och
1215 418 92 37 efter
1334 420 51 36 tio
1415 420 57 37 års
1499 421 83 36 med

491 467 216 47 ytterligare
735 469 71 35 500
834 469 149 45 kronor,

491 524 95 30 samt
612 519 483 89 VJenstgöringspenningar

391 569 182 46 kassören,
601 571 63 35 lön

492 599 141 60 hvilket
659 623 136 47 belopp
824 606 93 54 efter
944 606 75 55 fem
1046 624 58 37 års
1103 606 211 57 ordinarie
1332 608 113 66 tjenst
1462 626 120 38 såsom

490 674 126 36 kassör
655 674 63 37 vid
758 676 241 37 riksbankens
1030 676 346 46 afdelningskontor
1411 680 71 35 kan
1510 679 72 36 för-

491 725 103 46 höjas
621 725 84 35 med
734 727 73 34 400
835 727 138 35 kronor
1001 727 67 36 och
1097 726 92 37 efter
1216 728 50 35 tio
1292 728 56 36 års
1367 728 85 37 med
1471 734 110 44 ytter-

491 775 115 49 ligare
633 777 73 36 400
735 777 149 44 kronor,

491 807 95 55 samt
612 828 472 49 tjenstgöringspenningar

491 878 67 35 och
587 880 474 47 missräkningspenningar

389 929 250 46 registratorn,
667 931 121 36 tillika
816 931 222 44 bokhållare,
1067 933 62 36 lön
1359 966 2 4 å

492 981 138 36 hvilket
658 982 135 47 belopp
822 982 91 37 efter
939 983 75 36 fem
1041 983 57 37 års
1128 985 184 36 ordinarie
1330 966 113 67 tjenst
1461 986 119 36 såsom

489 1033 214 45 registrator
741 1033 64 37 vid
846 1035 240 37 riksbankens
1126 1035 349 49 afdelningskontor
1506 1038 73 36 kan

488 1082 162 48 förhöjas
677 1085 85 35 med
789 1087 73 34 400
891 1087 148 44 kronor,

489 1142 95 29 samt
610 1116 472 68 tjenstgöringspenningar

389 1186 330 45 ombudsmannen,
746 1189 62 34 lön

387 1237 290 46 vaktbetjenten,
704 1238 63 36 lön

487 1289 141 36 hvilket
667 1290 136 48 belopp
845 1289 93 38 efter
974 1290 74 37 fem
1076 1291 57 36 års
1161 1292 183 37 ordinarie
1372 1294 111 45 tjenst
1510 1295 69 34 och

489 1339 184 36 derunder
701 1340 224 48 ådagalagdt
952 1341 297 63 välförhållande
1278 1345 71 35 kan
1373 1344 102 47 höjas
1494 1345 85 36 med

491 1392 70 35 100
599 1391 139 36 kronor
774 1392 67 36 och
870 1392 91 37 efter
987 1394 52 35 tio
1068 1392 57 38 års
1153 1394 83 37 med
1263 1396 215 48 ytterligare
1509 1397 69 36 100

489 1442 148 45 kronor,

487 1493 474 49 tjenstgöringspenningar

483 1545 114 46 jemte
624 1544 46 37 fri
698 1545 132 36 bostad
859 1547 68 35 och
954 1547 204 36 vedbrand.

1611 267 139 36 kronor
1804 269 121 42 2,400:

1805 528 118 42 1,800:

1804 579 119 45 1,600:

1683 1514 4 12 >
1835 1502 83 35 200:

716 1730 433 47 Afdelningskontoret
1176 1733 15 35 i
1220 1723 162 46 Örebro.
1438 1734 147 50 (Grupp
1612 1735 56 47 1):

386 1854 55 31 tre
467 1849 368 47 styrelseledamöter,
863 1851 126 46 hvarje
1245 1886 68 2 FRAN
1391 1886 80 2 SYS

386 1905 96 30 samt
522 1900 229 37 derförutom
793 1903 69 35 den
903 1903 171 44 ledamot,
1115 1916 79 23 som
1234 1904 230 38 handhafver
1504 1905 70 37 den

486 1950 149 48 dagliga
660 1951 273 48 förvaltningen
1421 1988 114 4 a

486 2003 93 36 dock
619 2008 63 40 att,
724 2004 118 36 derest
883 2005 227 36 sistnämnda
1150 1988 227 64 befattning
1389 1988 186 56 bestrides

485 2053 40 36 af
560 2033 122 68 någon
722 2056 240 36 riksbankens
1003 2057 229 47 tjensteman,
1273 2036 209 69 aflöningen
1518 2060 57 35 till

487 2105 137 36 honom
653 2106 118 36 under
798 2107 100 36 tiden
926 2108 109 46 utgår
1062 2108 85 36 med
1173 2110 275 46 sammanlagdt
1468 2112 106 43 6,000

484 2157 137 35 kronor
660 2156 58 37 för
758 2157 40 36 år
833 2158 168 44 räknadt,
1040 2158 106 37 deraf
1170 2161 110 37 2,500
1309 2161 135 35 kronor
1472 2174 102 24 anses

484 2206 119 37 såsom
652 2208 473 50 tjenstgöringspenningar
1173 2211 68 35 och
1289 2213 106 44 3,500
1437 2213 139 36 kronor

484 2258 116 36 såsom
632 2259 69 40 lön,
730 2260 141 36 hvilket
900 2261 221 47 lönebelopp
1150 2260 90 37 efter
1268 2261 73 37 fem
1370 2262 56 37 års
1449 2264 125 46 tjenst-

1603 1856 139 36 kronor
1797 1858 119 44 1,500:

1673 1972 12 16 »
1794 1961 121 43 4,500:
