2235 2663
670 220 414 33 Konstitutionsutskottets
1110 219 170 33 memorial
1306 220 53 32 Nr
1385 222 51 30 29.
1756 218 41 32 11

258 305 91 36 känt
378 304 62 37 det
468 304 70 37 och
566 304 175 50 upptagit
770 303 62 37 det
860 306 122 34 såsom
1012 302 76 37 sitt.
1143 302 83 37 Den
1255 301 95 38 enda
1378 306 74 32 rätt
1480 301 74 37 han
1584 301 95 49 egde
1703 301 149 37 utöfver

258 357 130 50 hvarje
417 370 125 24 annan
570 356 146 37 enskild
744 356 258 49 medborgare,
1033 369 79 23 som
1142 355 148 49 företog
1319 355 61 48 sig
1407 359 54 32 att
1485 353 56 37 till
1561 354 290 36 konstitutions-

257 410 183 37 utskottet
480 409 165 37 inlämna
687 409 89 36 eller
813 409 91 49 själf
929 408 268 49 offentliggöra
1225 406 548 50 grundlagsändringsprojekt
1802 429 49 3 —

259 462 108 36 dessa
408 461 102 37 »icke
538 474 78 36 nog
643 461 198 37 betänkte»
870 460 155 49 förslag,
1055 473 80 23 som
1164 459 363 49 grundlagstiftarne
1555 458 295 36 karaktäriserat

257 514 84 37 dem
383 536 49 4 —
473 514 191 48 nämligen
705 517 121 32 rätten
856 518 64 42 att,
964 526 60 23 om
1064 512 75 36 han
1172 515 40 33 så
1238 512 154 49 yrkade,
1423 511 174 37 däröfver
1625 511 141 36 erhålla
1796 516 54 31 ett

256 566 178 50 yttrande
463 566 39 36 af
526 566 184 36 utskottet
739 565 104 37 »med
872 565 169 37 tillstånd
1070 569 54 32 att
1152 564 205 37 detsamma
1372 564 118 49 jämte
1510 564 181 48 förslaget
1711 576 138 36 genom

258 619 109 49 tryck
407 619 154 36 allmänt
601 624 110 43 göra»
753 631 68 23 var
847 618 57 36 till
932 618 71 36 och
1031 617 84 37 med
1144 617 119 48 enligt
1291 629 141 24 samma
1460 615 20 49 $
1510 615 226 49 beledsagad
1765 616 84 35 med

258 671 302 48 bestämmelsen,
589 675 54 32 att
671 670 73 37 han
772 670 12 36 i
813 670 132 36 sådant
974 670 63 36 fall
1066 669 57 37 för
1152 669 199 48 förslagets
1380 669 164 36 innehåll
1573 668 113 49 »själf
1705 668 12 36 i
1736 680 113 36 egen-

257 724 93 49 skap
391 723 42 36 af
458 723 194 37 författare
680 726 58 33 må
766 722 166 50 lagligen
961 734 189 35 ansvara»,
1181 721 33 36 d.
1245 735 34 23 v.
1311 735 27 22 s.
1369 721 74 36 han
1480 720 206 37 likställdes
1714 720 135 36 härvid

255 777 12 35 i
295 780 233 44 ansvarsväg
568 775 85 37 med
685 775 130 49 hvarje
844 775 146 36 enskild
1019 774 205 47 författare,
1252 773 118 37 under
1399 774 61 36 det
1489 778 53 31 att
1569 773 75 35 han
1672 772 90 50 eljes
1791 772 58 36 för

256 829 81 36 sina
364 828 202 49 yttranden
595 830 122 34 såsom
745 827 264 48 riksdagsman
1037 827 84 49 njöt
1149 826 177 37 särskildt
1354 826 132 49 skydd.

360 881 72 36 Det
460 885 41 32 är
530 885 122 43 sannt,
683 884 53 32 att
763 879 63 38 vid
855 879 196 37 införande
1078 878 42 37 af
1145 878 71 37 den
1244 892 74 36 nya
1338 877 390 50 riksdagsordningen
1750 878 96 35 1866

254 934 101 36 vissa
397 933 41 36 af
474 946 51 23 nu
567 932 160 38 citerade
767 932 294 48 bestämmelser,
1090 934 47 46 på
1165 931 125 49 grund
1319 931 40 36 af
1384 931 71 37 den
1485 930 279 49 omredigering
1791 942 55 23 re-

254 986 306 49 geringsformen
602 985 46 36 då
688 984 219 49 undergick,
951 984 81 36 icke
1073 984 132 48 längre
1247 984 153 36 kvarstå
1432 984 11 35 i
1477 983 58 36 sin
1575 982 271 49 ursprungliga

255 1037 244 50 ordalydelse.
568 1037 189 37 Medvetet
801 1036 240 37 tillerkändes
1084 1036 131 36 därvid
1257 1039 36 33 åt
1335 1036 71 36 den
1448 1034 167 38 enskilde
1656 1033 192 50 riksdags-

254 1104 163 23 mannen
460 1090 71 36 den
571 1090 237 36 motionsrätt
849 1090 12 35 i
902 1089 354 49 grundlagsfrågor,
1288 1102 79 22 som
1396 1088 75 36 han
1500 1087 100 37 förut
1627 1087 81 36 icke
1738 1086 108 49 ägde.

253 1143 88 37 Icke
382 1148 53 31 ett
476 1142 67 37 ord
571 1143 12 35 i
612 1142 190 48 förslagen
836 1142 88 36 eller
953 1141 334 48 förhandlingarna
1316 1146 40 30 är
1384 1139 206 37 emellertid
1619 1139 79 49 mig
1725 1143 122 32 veter-

253 1196 104 48 ligen
385 1195 152 47 bekant,
567 1208 81 23 som
676 1194 186 48 häntyder
889 1196 58 46 på,
977 1198 55 31 att
1060 1206 98 35 man,
1187 1198 105 31 utom
1321 1192 121 36 denna
1471 1191 224 49 förändring
1713 1191 12 36 i
1744 1195 105 32 sättet

256 1248 58 36 för
342 1247 361 50 grundlagsfrågors
732 1245 203 47 väckande,
965 1246 119 36 skulle
1111 1245 114 37 hafva
1254 1245 112 36 afsett
1394 1258 46 23 en
1461 1244 115 37 sådan
1596 1243 254 49 omstörtning

253 1300 12 36 i
294 1299 174 37 afseende
508 1302 49 47 på
597 1300 212 36 innebörden
851 1298 41 36 af
929 1298 45 36 de
1003 1297 154 49 förslag,
1189 1311 80 23 som
1298 1297 125 36 kunde
1452 1295 239 48 framställas,
1722 1300 53 31 att
1805 1296 44 35 de

253 1352 304 49 begränsningar
599 1351 237 47 därutinnan,
873 1364 79 23 som
982 1350 130 36 dittills
1140 1349 239 48 förefunnits,
1408 1363 50 22 nu
1487 1348 118 37 skulle
1633 1348 113 36 hafva
1774 1347 75 37 för-

254 1405 163 36 svunnit.
473 1404 104 36 Kvar
620 1406 77 34 står
724 1403 12 36 i
764 1403 130 49 hvarje
936 1402 64 36 fall
1028 1402 225 49 stadgandet
1280 1402 13 36 i
1321 1401 20 49 $
1372 1403 47 34 94
1448 1401 70 36 RF.
1552 1406 64 42 att,
1646 1400 112 36 äfven
1786 1400 62 36 vid

252 1456 290 38 utslocknandet
570 1456 40 36 af
635 1455 215 37 nuvarande
879 1454 90 37 eller
995 1454 224 37 kommande
1239 1454 288 49 konungaätter,
1545 1453 72 37 den
1632 1452 216 50 regerings-

252 1509 110 47 form,
402 1522 81 23 som
513 1508 158 50 alltjämt
699 1508 104 36 heter
830 1506 161 50 >»Kungl.
1020 1507 126 49 Maj:ts
1175 1507 69 36 och
1272 1505 129 38 Rikets
1431 1505 179 38 Ständers
1637 1505 212 49 regerings-

254 1562 129 47 form»,
401 1561 95 36 skall
515 1561 217 45 bibehållas,
748 1565 69 31 när
830 1559 217 49 Riksdagen
1062 1562 68 46 går
1146 1564 53 31 att
1214 1559 133 36 utkora
1363 1564 52 31 ett
1430 1563 85 44 nytt
1530 1558 253 48 konungahus
1798 1580 50 3 —

255 1619 53 31 ett
337 1613 221 49 stadgande,
588 1626 81 23 som
697 1612 81 36 icke
807 1617 40 31 är
874 1611 180 50 förenligt
1074 1611 83 36 med
1178 1617 52 31 ett
1250 1611 300 48 riksdagsbeslut
1570 1624 60 22 om
1649 1610 197 48 konunga-

253 1666 172 36 maktens
477 1665 245 37 afskaffande.
790 1664 105 37 Kvar
944 1666 76 34 står
1061 1664 114 36 också
1217 1663 225 48 stadgandet
1482 1663 12 36 i
1536 1662 20 49 $
1600 1665 20 33 3
1663 1662 87 47 RF.,
1793 1667 54 31 att

254 1718 254 49 »Konungens
537 1718 174 49 majestät
739 1716 95 37 skall
862 1716 116 37 hållas
1001 1717 12 36 i
1033 1716 90 49 helg
1142 1716 69 36 och
1229 1715 188 38 vördnad»
1438 1736 48 5 —
1507 1728 46 24 en
1571 1714 275 49 bestämmelse,

254 1784 81 24 som
376 1771 82 36 icke
499 1775 40 31 är
580 1770 164 48 förenlig
771 1769 84 36 med
888 1782 46 23 en
962 1768 238 49 Riksdagens
1230 1768 194 36 skrifvelse
1453 1768 55 36 till
1535 1768 229 48 Konungen,
1795 1772 53 30 att

252 1823 218 49 Konungen
512 1822 93 37 skall
648 1821 157 37 afskaffa
846 1821 60 49 sig
950 1820 97 49 själf.
1103 1820 79 36 Mer
1223 1825 47 31 än
1311 1820 227 49 tillräckliga
1565 1819 283 36 bestämmelser

252 1875 122 37 finnas
416 1874 154 37 sålunda
609 1874 12 36 i
661 1873 343 50 regeringsformen
1047 1872 39 37 af
1110 1872 209 50 uttrycklig
1346 1872 151 49 lydelse,
1529 1876 53 32 att
1610 1876 53 32 ett
1704 1871 144 49 förslag

253 1927 134 37 sådant
428 1940 81 23 som
542 1927 62 36 det
645 1927 41 35 af
714 1926 235 36 motionären
978 1925 134 36 väckta
1141 1938 60 23 om
1229 1925 355 48 konungamaktens
1615 1923 232 37 afskaffande

252 1982 118 34 måste
400 1992 107 23 anses
535 1978 172 49 »stridigt
735 1983 78 31 mot
840 1977 376 49 regeringsformen».

355 2082 73 37 Till
469 2082 271 37 ofvanstående
781 2082 74 36 kan
897 2082 205 36 emellertid
1144 2082 111 36 äfven
1289 2082 146 48 läggas,
1466 2086 53 31 att
1547 2081 62 36 det
1637 2081 211 48 framlagda

251 2136 185 48 förslaget
477 2135 119 49 enligt
638 2135 77 36 min
743 2134 248 50 uppfattning
1019 2139 40 31 är
1087 2136 40 34 så
1156 2133 192 37 stridande
1372 2134 141 49 jämväl
1541 2138 79 32 mot
1649 2148 45 22 en
1723 2147 124 23 annan

252 2188 41 36 af
317 2191 90 34 våra
435 2187 231 50 grundlagar
693 2209 49 4 —
770 2187 192 49 nämligen
991 2191 100 32 emot
1119 2186 458 49 successionsordningen,
1599 2186 86 36 dess
1704 2186 143 49 lydelse

253 2241 102 36 såväl
396 2253 80 24 som
519 2240 85 36 dess
645 2240 317 48 förutsättningar
994 2261 49 3 —
1071 2244 55 31 att
1155 2239 62 36 det
1245 2240 112 35 äfven
1385 2242 48 45 på
1462 2239 123 36 denna
1613 2239 122 48 grund
1763 2238 83 36 icke

251 2293 75 36 kan
356 2298 169 43 antagas.
581 2292 73 37 Det
682 2291 216 37 nuvarande
926 2291 311 48 konungahusets
1267 2291 154 37 arfsrätt
1449 2292 55 35 till
1534 2290 173 49 Sveriges
1726 2291 119 36 krona

252 2345 121 37 hvilar
414 2344 204 50 nämligen,
661 2347 123 35 såsom
825 2344 41 37 af
904 2344 466 49 successionsordningens
1402 2343 197 50 inledning
1630 2343 216 49 framgår,
1829 2339 20 59 i
