1918 2810
566 151 275 32 Statsutskottets
866 148 176 33 utlåtande
1065 157 44 23 nr
1136 148 48 31 72.
1609 138 19 31 9

120 239 158 37 lingarna
295 238 216 37 fjärdedelen
528 237 67 30 och
613 236 12 30 i
643 234 100 37 fråga
762 244 57 22 om
837 243 118 22 annan
973 232 169 37 egendom
1160 230 136 32 hälften
1314 239 43 21 av
1375 229 58 30 det
1451 236 174 23 samman-

120 281 104 37 lagda
237 281 138 36 belopp,
391 279 113 31 vartill
518 296 46 6 —
578 278 88 31 efter
680 276 261 32 frånräknande
957 284 42 22 av
1016 271 446 37 brandstodsersättningen
1476 288 46 5 —
1536 270 89 37 flyk-

121 324 177 36 tingarnas
317 321 45 38 på
381 321 125 38 paritet
524 321 130 30 mellan
673 319 67 31 den
761 318 147 32 svenska
926 317 66 31 och
1012 316 156 31 estniska
1186 316 137 30 kronan
1343 313 180 37 grundade
1540 320 86 29 upp-

124 365 178 36 skattning
334 362 144 38 uppgår.
513 361 52 32 De
596 362 97 30 förut
722 360 148 31 berörda
901 358 305 37 omständigheter,
1238 356 94 31 vilka
1364 356 88 30 böra
1483 354 145 31 inverka

122 407 45 38 på
187 406 277 32 bestämmandet
483 415 43 21 av
546 405 174 30 storleken
739 412 42 22 av
803 402 286 35 ersättningarna,
1110 400 98 30 torde
1227 399 78 30 leda
1325 398 52 31 till
1398 407 42 21 en
1462 397 167 31 avsevärd

122 449 184 38 jämkning
326 447 106 32 nedåt
457 457 42 21 av
523 447 42 30 de
589 456 43 21 av
656 445 245 37 länsstyrelsen
923 442 201 32 beräknade
1147 441 287 36 ersättningarna.
1472 439 64 37 Jag
1559 439 69 31 för-

123 492 106 32 ordar
248 491 131 36 därför,
401 494 49 27 att
472 489 202 36 riksdagens
697 486 228 38 medgivande
948 486 176 30 inhämtas
1147 488 51 27 att
1219 483 117 37 utgiva
1359 482 230 36 ersättningar
1610 480 20 31 å

124 535 232 35 sammanlagt
379 533 42 30 50
440 520 58 54 000
519 532 141 34 kronor,
682 529 105 31 vilket
808 529 125 36 belopp
955 527 58 37 jag
1034 527 181 31 betraktar
1235 525 115 31 såsom
1373 524 191 32 maximalt.

169 627 14 31 I
204 626 109 31 likhet
334 625 80 31 med
434 621 382 40 departementschefen
837 630 102 22 anser
961 620 175 35 utskottet,
1158 621 50 28 att
1227 619 138 29 kronan
1386 617 76 31 icke
1483 617 65 30 bör
1569 625 62 22 un-

126 678 178 36 dandraga
326 676 51 37 sig
397 679 50 28 att
465 674 118 37 utgiva
601 673 69 34 viss
690 671 189 37 ersättning
899 671 11 30 i
930 671 65 30 här
1012 668 269 38 ifrågavarande
1301 668 73 31 fall.
1393 667 80 31 Med
1492 667 139 36 tillstyr-

126 728 115 31 kande
260 737 43 21 av
324 726 123 37 Kungl.
468 724 119 38 Maj:ts
609 724 131 36 förslag
758 722 199 31 hemställer
977 721 176 34 utskottet,

480 821 52 30 att
558 817 187 35 riksdagen
770 814 58 32 må
852 813 169 37 medgiva,
1049 816 49 27 att
1125 811 50 31 till
1201 810 172 32 täckande
1398 819 42 21 av
1466 808 92 32 vissa
1584 817 50 22 er-

439 867 192 37 sättningar
665 866 51 31 till
750 865 150 31 baltiska
933 863 200 37 flyktingar,
1157 862 111 31 vilkas
1292 859 251 37 tillhörigheter
1566 858 69 31 för-

438 920 103 30 störts
563 918 110 30 under
694 915 232 32 desinfektion
945 914 12 31 i
977 914 116 36 Visby,
1115 911 59 32 må
1195 921 43 22 av
1259 911 56 31 det
1335 910 22 32 å
1375 910 188 32 riksstaten
1581 909 56 31 för

439 968 202 38 budgetåret
664 963 141 35 1944/45
824 965 174 37 uppförda
1017 963 306 37 förslagsanslaget
1341 961 52 31 till
1411 960 224 32 oförutsedda

440 1019 142 38 utgifter
602 1018 170 31 utbetalas
794 1020 47 27 ett
865 1016 124 35 belopp
1014 1024 42 22 av
1078 1014 103 36 högst
1203 1014 40 30 50
1257 1013 64 30 000
1342 1013 139 30 kronor.

178 1122 201 31 Stockholm
403 1121 65 30 den
492 1121 38 29 17
554 1120 87 35 april
669 1118 93 30 1945.

633 1218 50 31 På
704 1217 266 32 statsutskottets
992 1215 144 36 vägnar:

699 1319 29 30 J.
747 1318 37 30 B.
805 1315 271 33 JOHANSSON.

180 1480 197 26 Närvarande:
396 1486 30 18 se
448 1478 89 25 under
556 1476 160 25 utlåtandet
735 1483 33 17 nr
787 1475 41 24 81.

1684 623 127 24 Utskottet.
