2200 2622
632 172 327 38 Bevillningsutskottets
982 172 191 29 Betänkande
1196 173 55 28 N:o
1275 174 50 27 14.
1768 173 15 28 7

173 247 118 36 under
333 247 62 37 det
435 254 55 31 att
529 248 185 47 mängden
756 249 42 36 af
830 249 62 36 det
931 250 12 35 i
983 250 271 47 sammanhang
1290 250 84 36 med
1410 249 378 47 pressjästberedning

173 299 265 37 sommartiden
467 300 143 36 brända
637 300 223 37 brännvinet
887 300 115 48 sagda
1030 300 41 36 år
1097 300 173 48 utgjorde
1298 301 157 36 allenast
1483 302 193 44 2,107,130
1696 301 91 35 liter.

275 349 189 38 Motionen
492 352 96 35 talar
614 351 129 37 vidare
771 351 140 45 därom,
947 357 56 30 att
1036 352 390 46 brännvinsbränning
1453 352 79 36 icke
1561 359 40 28 är
1628 351 162 37 nödvän-

174 400 63 47 dig
263 400 58 36 för
342 402 377 46 jästtillverkningen,
748 410 88 28 enär
872 402 62 37 det
969 416 153 23 numera
1148 403 13 35 i
1188 403 169 36 utlandet
1397 402 174 37 använda
1612 408 176 43 systemet

175 450 40 36 af
238 464 26 23 s.
292 452 33 35 k.
353 452 352 49 luftjästberedning
741 459 90 30 utan
864 454 390 46 brännvinsbränning
1290 455 96 35 visat
1421 454 55 48 sig
1503 467 90 23 vara
1620 453 58 36 för
1701 454 88 46 jäst-

174 503 291 48 tillverkningen
504 503 297 47 fördelaktigare.
858 504 132 36 Denna
1027 505 207 35 motionens
1262 503 149 48 uppgift
1438 505 109 36 beror
1574 504 215 44 emellertid,

176 554 116 46 enligt
318 554 99 37 hvad
447 568 45 23 en
519 554 41 37 af
583 555 277 36 motionärerna
887 555 11 35 i
925 554 84 37 bref
1034 556 56 34 till
1118 556 181 35 utskottet
1326 554 196 49 uppgifvit,
1549 554 48 47 på
1621 560 52 31 ett
1690 555 99 35 miss-

173 603 177 47 förstånd,
390 606 55 43 ity
482 610 63 40 att,
580 605 120 37 såsom
732 604 114 38 ofvan
887 606 117 45 enligt
1042 607 228 45 sakkunnigs
1311 606 195 36 uttalande
1549 605 240 45 omförmälts,

173 656 183 35 brännvin
398 657 131 35 alstras
565 657 140 46 jämväl
744 657 64 36 vid
848 656 242 47 begagnande
1125 656 40 36 af
1187 657 164 36 nämnda
1389 657 135 43 metod,
1551 656 121 37 fastän
1696 657 91 47 jäst-

174 707 148 49 utbytet
361 707 48 47 på
448 708 239 36 brännvinets
728 708 206 36 bekostnad
976 708 71 35 blir
1086 708 136 48 rikligt.
1276 708 56 36 Då
1364 707 70 37 den
1467 708 102 36 äldre
1596 708 194 46 skumjäst-

176 758 172 35 metoden
377 758 197 45 användes,
602 759 72 35 blir
701 759 147 47 utbytet
875 758 41 36 af
939 759 183 36 brännvin
1150 759 12 35 i
1189 758 233 37 förhållande
1448 760 58 34 till
1524 759 121 46 jästen
1665 765 124 30 större.

275 807 183 48 Slutligen
486 810 67 36 vill
580 810 180 35 utskottet
786 809 154 47 påpeka,
960 815 55 30 att
1041 809 62 36 det
1129 809 62 36 vid
1214 809 389 48 pressjästfabrikerna
1630 810 159 35 alstrade

175 859 224 37 brännvinet
426 867 41 29 är
494 859 40 36 af
558 867 118 30 sämre
704 860 255 36 beskaffenhet
994 867 46 28 än
1073 865 113 31 annat
1212 861 186 36 brännvin
1425 866 95 31 samt
1547 861 58 35 till
1631 860 159 37 hufvud-

175 911 120 45 saklig
322 910 59 36 del
409 911 106 36 torde
543 911 189 36 användas
758 910 58 37 för
843 911 164 36 tekniskt
1033 911 106 36 bruk.

275 961 53 36 På
354 961 124 46 grund
506 961 40 37 af
571 962 99 37 hvad
697 975 52 22 nu
777 961 151 46 anförts,
957 961 57 36 får
1041 963 180 35 utskottet
1248 962 204 46 hemställa,

681 1069 55 30 att
762 1063 210 47 Riksdagen
1000 1064 87 36 ville
1114 1064 153 44 besluta,
1295 1068 54 31 att
1375 1063 246 37 förevarande
1647 1064 141 36 motion

580 1127 61 23 om
678 1114 158 47 ändring
862 1115 11 35 i
902 1113 18 48 $
949 1117 20 33 2
998 1128 110 23 mom.
1138 1117 16 33 1
1185 1114 605 47 brännvinstillverkningsförord-

580 1165 138 46 ningen
736 1166 81 36 icke
835 1165 114 37 måtte
972 1166 57 35 till
1047 1165 122 47 någon
1189 1165 229 47 Riksdagens
1437 1165 130 46 åtgärd
1586 1165 204 37 föranleda.

275 1248 217 37 Stockholm
519 1249 70 37 den
621 1251 43 34 19
693 1249 163 37 februari
887 1251 105 35 1903.

644 1401 51 36 På
722 1401 423 48 bevillningsutskottets
1171 1409 156 41 vägnar:

818 1554 44 36 H.
891 1553 260 38 CAVALLT.

278 1881 95 36 Herr
414 1882 181 36 Lindblad
630 1882 67 36 har
732 1883 130 48 begärt
893 1883 36 36 få
956 1884 232 46 antecknadt,
1216 1891 55 30 att
1298 1885 72 37 han
1400 1885 80 38 icke
1508 1885 156 51 deltagit
1692 1888 8 35 i
1728 1886 60 38 be-

177 1932 228 48 handlingen
433 1932 41 36 af
498 1933 100 37 detta
626 1934 134 36 ärende
788 1935 102 36 inom
919 1936 186 36 utskottet.
