1908 2836
576 175 278 28 Bankoutskottets
874 174 159 27 utlåtande
1053 173 43 28 Nr
1115 173 47 27 57.
1599 171 19 30 3

122 258 164 39 handling
314 258 80 30 med
423 256 227 39 fullmäktige,
681 255 140 39 givetvis
849 254 111 30 under
989 254 66 30 den
1084 252 292 38 förutsättningen
1405 254 49 28 att
1484 251 42 31 de
1554 251 64 30 till-

120 304 108 30 hörde
258 302 168 39 förening,
459 301 114 30 vilken
602 300 193 30 tillerkänts
824 298 314 39 förhandlingsrätt
1168 297 10 30 i
1208 295 221 32 förhållande
1459 296 51 30 till
1539 295 79 31 full-

120 347 159 39 mäktige.

164 392 54 30 En
240 401 117 20 annan
380 390 101 40 fråga
503 400 42 20 av
567 399 96 20 mera
686 388 191 39 principiell
899 387 178 35 innebörd,
1102 395 75 21 som
1199 385 206 30 kommittén
1429 384 157 39 upptagit
1608 383 11 30 i

121 437 93 30 detta
233 436 265 38 sammanhang,
519 444 81 21 vore
620 432 205 40 spörsmålet
844 442 58 21 om
923 442 42 20 en
985 430 247 39 motsvarighet
1251 430 50 30 till
1322 429 108 31 sådan
1452 428 166 31 förhand-

120 481 80 39 ling,
228 490 74 21 som
327 480 106 39 enligt
461 481 35 28 11
525 477 20 41 8
571 479 10 30 i
607 478 231 39 kungörelsen
865 476 179 40 angående
1069 474 313 40 förhandlingsrätt
1408 473 54 31 för
1490 476 128 28 statens

119 526 211 38 tjänstemän
353 524 118 30 kunde
494 525 63 38 äga
581 533 78 20 rum
683 523 127 30 mellan
833 522 141 35 ombud,
1000 530 74 21 som
1098 530 42 20 av
1164 520 193 38 Konungen
1381 517 147 40 utsåges,
1553 518 65 30 och

119 570 169 39 förening.
329 569 117 39 Enligt
485 568 224 31 kommitténs
749 567 140 38 mening
920 569 115 36 syntes
1065 565 65 30 den
1160 564 218 39 befogenhet,
1410 572 75 21 som
1514 562 105 38 enligt

121 615 153 30 nämnda
289 613 165 40 paragraf
468 613 192 30 tillkomme
677 612 123 39 Kungl.
817 611 110 39 Maj:t,
943 611 55 31 för
1012 611 202 38 riksdagens
1230 610 101 29 verks
1346 607 272 31 vidkommande

119 660 85 30 böra
225 658 174 31 anförtros
420 657 35 31 åt
476 657 200 39 delegerade
697 656 55 30 för
771 656 203 39 riksdagens
996 656 92 29 verk.

165 704 74 30 Vad
256 703 153 30 härefter
427 702 169 31 beträffar
615 701 166 39 förslaget
798 701 52 30 till
908 699 452 38 förhandlingsrätt
1391 697 77 30 för
1498 696 119 31 riks-

120 749 187 38 dagens
336 747 244 39 personal
607 746 80 30 ville
703 745 206 31 kommittén
927 745 122 35 erinra,
1067 747 49 27 att
1134 744 113 30 denna
1264 742 161 40 personal
1442 741 176 39 utgjordes

120 802 42 20 av
178 811 45 3 —
238 791 145 31 frånsett
400 791 108 40 några
524 791 64 30 hos
605 791 203 38 riksdagens
825 789 115 30 kansli
958 788 260 40 tjänstgörande
1236 786 254 31 skrivbiträden
1506 803 44 4 —
1567 785 50 30 in-

120 837 198 30 nehavarna
340 846 43 20 av
405 837 42 29 de
467 835 245 39 befattningar,
735 844 75 21 som
831 844 81 20 vore
933 836 177 37 upptagna
1132 833 10 29 i
1164 833 41 29 de
1226 842 41 20 av
1295 832 81 30 1934
1400 830 56 31 års
1476 830 142 39 riksdag

121 882 183 38 godkända
325 880 489 39 avlöningsbestämmelserna
834 879 55 30 för
909 879 113 30 denna
1043 877 159 40 personal
1228 876 48 39 (B.
1298 876 61 31 U:s
1378 875 179 31 utlåtande
1577 884 41 20 nr

120 920 169 44 26/1934).
311 925 167 39 Samtliga
498 925 209 30 hithörande
728 923 211 39 tjänstemän
960 923 114 38 intoge
1095 922 66 30 den
1183 921 173 38 ställning,
1378 924 49 26 att
1449 920 41 30 de
1511 919 107 31 borde

120 970 224 30 tillerkännas
368 969 321 39 förhandlingsrätt.
715 968 114 39 Enligt
852 968 67 30 vad
943 967 206 31 kommittén
1172 966 172 30 inhämtat
1367 965 97 31 torde
1488 965 129 38 förslag

119 1025 57 20 om
191 1015 183 30 införande
389 1015 10 29 i
415 1014 238 30 ovanberörda
668 1012 442 39 avlöningsbestämmelser
1121 1020 42 21 av
1174 1010 195 39 befattning
1382 1009 115 31 såsom
1509 1009 107 30 skriv-

118 1059 133 31 biträde
274 1060 63 29 hos
361 1059 202 38 riksdagens
587 1058 114 29 kansli
725 1058 143 29 komma
892 1060 50 26 att
966 1056 211 30 framställas
1202 1065 42 20 av
1269 1054 170 30 särskilda
1465 1054 151 30 sakkun-

119 1103 87 39 niga.
233 1114 74 19 som
331 1103 137 30 tillsatts
493 1113 41 20 av
559 1102 218 38 fullmäktige
801 1101 10 30 i
835 1101 333 39 riksgäldskontoret
1192 1099 55 30 för
1271 1099 185 38 utredning
1480 1108 42 20 av
1547 1097 69 31 frå-

119 1156 67 31 gan
207 1158 56 20 om
284 1146 450 40 avlöningsförhållandena
755 1146 54 30 för
829 1146 156 29 nämnda
1006 1144 169 40 personal.

162 1193 115 38 Enligt
301 1192 307 30 bestämmelserna
634 1192 10 29 i
673 1193 14 28 1
716 1189 19 40 8
762 1190 231 39 kungörelsen
1020 1188 178 39 angående
1223 1187 313 38 förhandlingsrätt
1562 1186 55 30 för

118 1240 128 27 statens
267 1236 212 39 tjänstemän
499 1237 86 38 ägde
606 1236 153 29 nämnda
780 1235 212 38 tjänstemän
1012 1234 67 29 rätt
1100 1236 48 27 att
1169 1232 187 30 förhandla
1378 1232 78 30 med
1482 1232 134 29 »veder-

118 1282 153 30 börande
313 1281 235 39 myndighet».
591 1281 76 29 Vad
698 1280 146 38 anginge
876 1279 202 38 riksdagens
1110 1277 160 39 personal
1302 1277 77 30 ville
1411 1276 205 30 kommittén

118 1326 122 36 erinra,
266 1329 49 27 att
339 1326 146 30 vardera
509 1326 206 29 kammaren
740 1325 64 29 och
829 1323 96 39 varje
949 1324 132 29 utskott
1105 1323 64 30 har
1193 1325 49 27 att
1267 1324 74 28 utse
1367 1321 52 30 sin
1444 1320 171 40 personal.

118 1371 179 38 Därjämte
316 1371 193 30 tillkomme
529 1371 55 29 det
603 1369 327 39 kanslideputerade
950 1371 57 32 att,
1029 1367 108 30 tillika
1157 1367 78 29 med
1256 1367 207 29 kamrarnas
1485 1366 131 29 talmän

118 1416 65 29 och
206 1416 71 29 vice
301 1415 142 35 talmän,
468 1417 74 27 utse
566 1413 202 39 erforderlig
791 1413 161 38 personal
976 1412 55 30 för
1054 1411 201 38 riksdagens
1279 1411 122 29 kansli.
1429 1410 76 30 Med
1530 1411 87 28 hän-

118 1470 64 28 syn
201 1460 49 29 till
270 1459 222 39 personalens
512 1458 180 38 fåtalighet
712 1459 65 28 och
797 1457 50 30 till
867 1457 280 29 önskvärdheten
1168 1465 41 20 av
1230 1464 42 21 en
1292 1454 150 38 enhetlig
1462 1454 154 30 behand-

117 1504 71 39 ling
210 1514 42 20 av
275 1503 246 38 lönefrågorna
544 1506 115 35 syntes
683 1502 57 30 det
763 1502 74 29 icke
860 1510 82 21 vara
967 1499 165 39 lämpligt,
1158 1502 49 27 att
1231 1499 157 38 samtliga
1414 1498 203 39 riksdagens

117 1549 92 30 olika
233 1547 374 40 personaltillsättande
631 1554 108 31 organ
764 1546 99 30 förde
888 1544 274 39 förhandlingar,
1189 1553 105 20 envar
1319 1543 79 30 med
1424 1543 52 29 sin
1502 1552 113 29 perso-

119 1593 66 35 nal,
204 1596 83 27 utan
306 1595 116 36 syntes
440 1595 46 27 ett
505 1601 41 21 av
564 1592 99 29 dessa
681 1598 107 31 organ
805 1591 85 29 böra
910 1588 130 31 erhålla
1060 1589 9 29 i
1086 1588 158 39 uppdrag
1263 1590 49 27 att
1330 1587 187 30 förhandla
1536 1586 79 30 med

118 1637 157 39 samtliga
297 1636 220 39 tjänstemän.
541 1635 49 31 De
611 1643 117 31 organ,
752 1644 73 20 som
848 1634 123 30 härvid
992 1634 155 29 närmast
1168 1633 119 29 kunna
1309 1633 142 29 komma
1457 1626 21 54 i
1505 1630 109 39 fråga,

118 1692 80 20 vore
215 1683 205 29 kamrarnas
440 1681 141 35 talmän,
600 1679 325 40 kanslideputerade
943 1679 65 30 och
1026 1678 295 34 bankoutskottet,
1339 1676 94 30 vilka
1451 1675 106 39 enligt
1574 1676 42 29 de

117 1726 304 39 reglementariska
446 1725 264 30 föreskrifterna
735 1724 54 29 för
814 1724 185 38 riksdagen
1024 1723 89 29 hade
1138 1725 49 26 att
1212 1725 78 35 taga
1316 1721 194 38 befattning
1536 1720 80 30 med

117 1770 117 40 frågor
256 1771 148 29 rörande
426 1769 298 39 tjänstemännens
747 1766 369 40 avlöningsförmåner.
1140 1766 64 30 Vid
1228 1767 89 29 valet
1339 1765 127 30 mellan
1490 1764 125 39 ifråga-

118 1816 150 29 varande
289 1817 50 28 tre
361 1822 108 31 organ
491 1814 89 30 hade
602 1813 205 30 kommittén
830 1815 140 27 stannat
991 1812 56 29 vid
1069 1814 49 27 att
1140 1809 127 31 föreslå
1288 1809 328 39 kanslideputerade

117 1859 114 30 såsom
253 1859 67 30 den
341 1862 88 27 mest
451 1858 163 39 lämpliga
638 1856 500 39 förhandlingsmyndigheten.
1161 1855 116 38 Enligt
1299 1854 224 30 kommitténs
1545 1862 69 21 me-

118 1904 81 38 ning
221 1907 113 35 syntes
357 1904 57 29 det
435 1903 74 30 icke
530 1903 120 29 kunna
673 1900 219 40 ifrågasättas
916 1904 49 26 att
986 1901 143 28 besvära
1152 1900 206 28 kamrarnas
1381 1898 131 29 talmän
1535 1897 80 30 med

116 1947 259 39 handläggning
397 1957 42 20 av
462 1946 333 39 avlöningsärenden
818 1944 43 39 på
884 1945 56 29 det
962 1943 251 30 förberedande
1236 1942 150 30 stadium
1408 1951 120 20 varom
1551 1942 65 28 här

116 1994 39 29 är
175 1992 107 39 fråga.
304 1993 74 29 Vad
398 1992 286 29 bankoutskottet
703 1989 197 30 beträffade
921 1991 115 36 syntes
1057 1988 56 29 det
1134 1990 91 27 stora
1246 1987 129 29 antalet
1395 1986 190 29 ledamöter
1605 1984 10 30 i

116 2038 113 29 denna
249 2037 192 29 institution
462 2037 80 37 göra
563 2035 55 30 det
637 2034 136 30 mindre
791 2033 157 39 lämpligt
968 2032 54 30 för
1042 2031 265 39 ifrågavarande
1326 2030 169 39 uppdrag.
1516 2029 99 30 Dock

117 2085 114 35 syntes
251 2081 214 39 prövningen
486 2081 64 29 och
570 2078 211 39 avgörandet
802 2088 41 20 av
864 2077 118 39 frågor
1002 2087 56 20 om
1078 2076 91 30 vilka
1191 2075 200 38 föreningar
1410 2084 42 20 av
1473 2074 141 38 tjänste-

116 2128 82 28 män
218 2127 62 29 hos
301 2125 196 38 riksdagen,
519 2134 74 20 som
614 2124 110 29 skulle
745 2123 225 29 tillerkännas
991 2121 320 38 förhandlingsrätt,
1332 2120 86 29 böra
1439 2118 177 30 anförtros

116 2172 34 28 åt
176 2171 294 29 bankoutskottet.
497 2169 56 29 Att
578 2168 181 38 uppdraga
785 2167 35 30 åt
846 2165 325 39 kanslideputerade
1198 2168 48 26 att
1272 2164 197 37 handlägga
1497 2162 117 39 dylika

117 2215 150 29 ärenden
287 2217 115 35 syntes
421 2213 203 39 näppeligen
644 2213 119 29 kunna
782 2221 100 20 anses
900 2220 83 21 vara
1002 2210 166 38 lämpligt,
1187 2210 83 29 enär
1289 2207 326 39 kanslideputerade

116 2259 104 37 enligt
241 2258 164 38 förslaget
426 2258 110 29 skulle
557 2266 82 20 vara
661 2256 202 37 riksdagens
885 2254 362 37 förhandlingsorgan.

160 2303 136 29 Jämväl
322 2302 55 30 för
404 2301 200 38 riksdagens
631 2300 210 37 tjänstemän
870 2302 115 35 syntes
1012 2299 56 28 det
1092 2299 85 28 böra
1204 2296 128 30 ordnas
1358 2295 180 38 möjlighet
1564 2294 50 29 till

118 2346 108 30 sådan
247 2345 235 38 förhandling,
504 2355 73 19 som
598 2343 143 38 avsåges
762 2343 9 29 i
791 2343 238 30 ovanberörda
1053 2343 36 28 11
1113 2340 19 40 8
1154 2341 9 29 i
1184 2340 230 38 kungörelsen
1435 2338 180 38 angående

117 2390 311 38 förhandlingsrätt
450 2389 55 30 för
526 2391 128 27 statens
676 2387 221 38 tjänstemän.
921 2387 12 29 I
957 2387 63 29 här
1042 2385 150 30 avsedda
1214 2384 62 30 fall
1297 2384 107 29 borde
1426 2383 56 29 det
1504 2383 108 37 lämp-

116 2435 88 38 ligen
230 2435 188 28 ankomma
445 2432 44 39 på
513 2432 285 30 bankoutskottet
823 2434 48 26 att
897 2430 45 39 på
968 2431 120 28 därom
1115 2439 41 20 av
1182 2427 325 38 kanslideputerade
1532 2426 83 29 eller

117 2479 157 38 förening
296 2478 98 38 gjord
417 2476 256 38 framställning
695 2479 74 26 utse
790 2475 129 29 ombud
943 2474 55 30 för
1019 2477 49 26 alt
1089 2473 186 30 förhandla
1297 2472 79 29 med
1399 2470 168 38 förening.
