1937 2850
296 214 18 30 6
587 205 404 41 Bevillningsutskottets
1008 200 219 33 betänkande
1242 208 42 21 nr
1298 199 42 30 56
1354 198 39 30 år
1409 196 82 31 1967

340 293 137 39 Frågan
503 301 55 20 om
585 292 131 29 statens
743 289 70 29 rätt
840 287 50 30 till
918 283 311 43 gäldränteavdrag
1254 282 64 29 har
1346 281 86 29 även
1457 279 135 30 berörts
1619 286 42 20 av
1686 283 97 21 norr-

298 345 310 32 landskommittén
633 346 11 29 i
671 344 77 30 dess
775 343 66 30 den
871 341 35 30 11
936 339 179 31 december
1143 337 83 30 1948
1253 336 147 39 avgivna
1424 329 359 45 principbetänkande

304 403 99 34 (SOU
430 401 98 30 1949:
547 401 49 29 1).
621 400 98 29 Efter
744 400 50 28 att
817 398 46 28 ha
888 396 131 30 erinrat
1043 403 56 20 om
1124 394 50 28 att
1198 390 192 31 Norrlands
1415 386 292 40 naturtillgångar
1732 384 52 29 till

299 457 137 40 mycket
459 458 71 27 stor
553 455 54 29 del
629 453 103 39 ägdes
756 462 41 20 av
820 453 123 31 staten,
967 458 74 21 som
1065 456 121 31 genom
1210 446 100 29 deras
1333 442 226 41 utnyttjande
1582 440 114 30 direkt
1718 439 67 29 till-

299 511 116 31 fördes
437 508 195 42 betydande
653 508 124 39 belopp
800 505 141 39 årligen,
964 504 64 29 har
1050 497 398 35 norrlandskommittén
1471 496 117 30 anfört
1610 493 172 37 följande:

344 575 73 29 Den
436 571 312 34 kommunalskatt,
769 578 74 21 som
862 567 122 31 därvid
1002 566 163 39 erlägges,
1186 564 38 29 är
1244 562 88 31 dock
1350 561 46 40 på
1415 560 56 30 det
1489 559 79 30 hela
1586 559 93 38 taget
1697 556 89 37 jäm-

300 619 178 31 förelsevis
500 618 168 39 blygsam.
691 615 117 39 Enligt
829 613 68 30 vad
917 610 210 32 kommittén
1148 609 176 30 inhämtat
1345 606 131 30 brukar
1500 605 131 29 statens
1653 603 134 28 vatten-

300 664 166 31 fallsverk
489 663 81 30 från
594 661 54 31 sin
671 660 151 31 årsvinst
847 659 82 39 göra
952 656 129 39 avdrag
1102 654 107 31 bland
1233 654 108 29 annat
1363 651 55 30 för
1440 648 180 32 beräknad
1642 648 103 28 ränta
1768 645 20 30 å

301 711 77 29 hela
398 709 56 30 det
474 718 41 20 av
534 709 114 29 staten
665 704 218 32 investerade
902 701 178 41 kapitalet,
1101 700 65 30 och
1185 699 95 30 detta
1298 697 133 30 oavsett
1450 697 50 28 att
1519 703 42 21 en
1581 692 133 41 ganska
1732 691 56 29 be-

301 754 152 41 tydande
475 754 53 29 del
551 762 41 20 av
613 751 169 40 kapitalet
804 748 187 31 återburits
1013 746 52 30 till
1088 747 114 28 staten
1222 744 11 29 i
1256 743 92 30 form
1370 751 42 20 av
1433 740 92 29 vinst
1548 736 240 40 överstigande

302 800 135 30 normal
460 799 112 29 ränta.
597 797 210 39 Härigenom
830 795 64 29 har
916 789 393 33 vattenkraftsrörelsen
1331 788 12 29 i
1367 787 86 29 stort
1478 786 65 28 sett
1568 782 146 40 undgått
1739 783 50 28 att

302 846 113 30 betala
436 853 117 21 annan
573 840 303 31 kommunalskatt
896 839 45 29 än
960 835 293 41 fastighetsskatt.
1274 833 59 29 Att
1353 829 257 32 vederbörande
1631 828 158 28 kommu-

303 900 61 18 ner
385 890 45 38 på
451 897 48 20 nu
522 889 114 36 antytt
658 887 69 28 sätt
749 883 202 30 förhindras
974 884 49 27 att
1047 879 156 39 utnyttja
1225 878 55 29 sin
1301 877 71 29 rätt
1394 878 50 27 att
1465 874 161 30 beskalta
1647 872 143 29 rörelse-

302 934 204 32 inkomster,
532 931 64 29 har
621 927 209 32 kommittén
855 925 120 31 funnit
1000 924 81 39 föga
1105 921 206 32 tilltalande.
1337 920 67 29 Om
1430 920 48 28 ett
1503 916 129 31 enskilt
1657 915 134 37 företag

303 979 158 30 bedriver
479 975 246 32 motsvarande
743 971 233 34 verksamhet,
995 969 118 31 vilken
1132 977 74 20 som
1225 966 92 39 regel
1335 964 53 30 till
1408 965 71 28 stor
1499 962 54 30 del
1571 961 98 30 torde
1689 967 103 32 grun-

306 1025 61 28 das
385 1023 45 40 på
447 1022 121 33 aktier,
588 1021 79 38 äger
685 1019 170 37 företaget
872 1015 125 31 härvid
1013 1014 77 30 icke
1109 1014 50 28 att
1176 1011 81 31 från
1275 1009 269 31 rörelsevinsten
1564 1007 82 38 göra
1664 1004 128 38 avdrag

305 1069 55 29 för
375 1067 182 38 utdelning
573 1065 19 30 å
608 1064 169 30 aktierna.
792 1062 48 30 Ur
855 1070 43 21 en
914 1068 117 22 annan
1048 1056 180 42 synpunkt
1245 1056 66 29 sett
1326 1054 71 29 kan
1413 1053 56 29 det
1484 1051 225 39 ifrågasättas
1725 1058 66 23 om,

307 1114 115 29 därest
441 1113 132 28 statens
591 1106 288 33 vattenfallsverk
898 1115 41 20 av
958 1104 128 30 sociala
1104 1102 76 30 skäl
1198 1101 65 29 och
1281 1100 53 29 till
1352 1098 112 30 fördel
1482 1097 55 29 för
1555 1096 143 37 företag,
1719 1102 74 20 som

307 1160 59 28 äro
388 1156 171 31 beroende
583 1164 41 20 av
647 1152 167 31 elektrisk
836 1151 105 33 kraft,
965 1149 95 30 hålla
1082 1150 148 27 taxorna
1252 1145 78 39 låga
1351 1161 45 3 —
1417 1152 43 20 en
1483 1141 112 30 fördel
1619 1148 74 21 som
1716 1139 78 28 här-

307 1203 57 29 vid
385 1203 158 28 kommer
564 1200 79 29 hela
663 1197 118 31 landet
802 1196 53 30 till
877 1194 87 41 godo
984 1211 45 3 —
1050 1192 94 30 detta
1165 1191 62 29 bör
1248 1189 78 30 leda
1347 1188 53 29 till
1421 1185 184 31 minskade
1628 1183 167 30 skattein-

307 1249 114 28 täkter
435 1247 55 29 för
505 1246 41 29 de
560 1245 218 31 kommuner,
793 1239 157 32 varifrån
964 1236 262 32 vattenkraften
1240 1230 149 42 hämtas.

353 1348 63 28 Det
444 1355 41 20 av
512 1344 82 30 1944
622 1343 55 29 års
704 1338 339 38 skattesakkunniga
1068 1334 197 40 framlagda
1290 1333 166 38 förslaget
1482 1339 56 21 om
1563 1327 235 41 begränsning

312 1410 41 20 av
371 1402 132 27 statens
522 1395 311 42 gäldränteavdrag
852 1390 262 33 överlämnades
1132 1390 52 28 till
1205 1387 83 29 1950
1307 1386 57 29 års
1383 1380 415 41 skattelagssakkunniga

313 1455 53 29 för
386 1452 230 40 omprövning
635 1451 10 28 i
666 1448 169 31 samband
856 1447 78 29 med
955 1440 432 42 skattelagssakkunnigas
1409 1440 147 37 översyn
1577 1446 42 20 av
1640 1436 160 28 kommu-

313 1507 286 38 nalskattelagen.
623 1505 12 28 I
658 1505 46 28 ett
727 1503 66 29 den
816 1501 40 30 30
878 1500 78 40 juni
981 1498 80 30 1961
1086 1497 215 30 överlämnat
1326 1491 217 31 betänkande
1568 1489 78 31 med
1669 1488 132 40 förslag

313 1561 177 40 angående
510 1560 65 28 den
595 1556 226 31 kommunala
842 1552 264 39 beskattningen
1127 1560 42 19 av
1188 1548 181 40 kraftverk
1394 1544 232 37 (stencilerat)
1651 1543 152 37 föreslog

315 1617 100 28 dessa
433 1613 222 38 sakkunniga
672 1612 44 28 bl.
736 1620 28 19 a.
782 1610 70 29 viss
870 1605 234 42 begränsning
1122 1614 42 20 av
1182 1605 132 28 statens
1332 1602 69 29 rätt
1419 1601 52 29 till
1490 1599 129 38 avdrag
1636 1598 54 29 för
1709 1596 92 39 gäld-

314 1671 102 28 ränta
434 1668 57 29 vid
509 1666 193 38 beräkning
721 1674 41 20 av
781 1665 132 27 statens
930 1661 156 30 inkomst
1105 1668 41 20 av
1164 1655 342 32 kraftverksrörelse.
1527 1650 275 40 Skatteiagssak-

315 1724 157 37 kunniga
492 1721 107 38 ansåg
619 1720 65 29 den
705 1728 41 20 av
768 1717 83 29 1944
872 1717 55 29 års
948 1712 338 38 skattesakkunniga
1306 1709 198 38 föreslagna
1523 1705 279 40 begränsningen

316 1787 42 20 av
388 1779 131 27 staiens
551 1771 312 43 gäldränteavdrag
893 1767 213 32 schematisk
1137 1766 65 29 och
1233 1762 269 32 schablonartad
1533 1760 64 29 och
1628 1759 175 38 knappast

316 1831 113 39 ägnad
456 1832 50 27 att
534 1828 244 30 åstadkomma
803 1824 145 30 rättvisa
975 1822 54 30 för
1055 1818 376 39 vattenfallsstyrelsen
1458 1817 11 28 i
1496 1813 202 37 jämförelse
1725 1811 80 30 med

318 1886 91 29 vissa
436 1883 136 40 privata
598 1882 135 36 företag
759 1879 80 29 med
866 1875 277 41 gäldbelastning
1170 1883 42 20 av
1240 1880 134 21 samma
1403 1867 299 38 storleksordning
1731 1874 73 20 som

317 1936 403 39 valtenfallsslyrelsens.
737 1929 421 41 Skattelagssakkunniga
1171 1926 137 40 yttrade
1322 1925 45 29 bl.
1383 1934 29 19 a.

363 2001 12 28 I
400 2000 112 37 själva
533 1998 120 30 verket
677 2005 101 31 synes
803 1993 239 31 skillnaderna
1064 1992 11 29 i
1100 1988 277 42 gäldbelastning
1400 1986 129 30 mellan
1553 1982 174 32 särskilda
1750 1990 57 20 en-

319 2045 114 30 skilda
454 2044 233 37 kraftföretag
706 2050 84 20 vara
812 2039 110 30 större
944 2038 44 29 än
1009 2036 129 30 mellan
1160 2031 384 40 vattenfallsstyrelsen,
1568 2028 20 30 å
1609 2037 65 20 ena
1696 2026 110 32 sidan,

320 2091 64 29 och
399 2090 67 29 vad
483 2098 73 20 som
572 2088 11 29 i
600 2085 211 41 genomsnitt
828 2084 106 39 gäller
949 2082 55 30 för
1021 2081 40 30 de
1077 2080 76 30 icke
1170 2078 140 39 statliga
1325 2077 189 37 företagen,
1533 2074 20 29 å
1569 2072 110 31 andra
1696 2071 111 29 sidan.

320 2135 52 29 Då
389 2135 56 29 det
462 2134 76 29 icke
556 2132 98 29 torde
671 2139 84 21 vara
771 2128 139 39 möjligt
928 2128 50 28 att
994 2123 223 32 beträffande
1236 2123 41 29 de
1294 2120 161 31 enskilda
1472 2119 179 37 företagen
1671 2124 137 31 genom-

322 2180 75 29 föra
424 2187 42 21 en
495 2176 148 41 generell
671 2173 201 39 utjämning
899 2181 42 20 av
968 2171 114 29 rätten
1110 2170 50 28 att
1187 2167 58 30 vid
1271 2165 204 38 taxeringen
1502 2161 228 40 tillgodogöra
1758 2159 51 38 sig

322 2222 320 42 gäldränteavdrag,
663 2219 111 30 måste
792 2214 377 40 vattenfallsstyrelsen
1187 2212 59 30 vid
1265 2220 43 21 en
1326 2208 236 41 begränsning
1581 2216 41 20 av
1642 2206 78 29 dess
1740 2204 69 29 rätt

321 2270 10 29 i
351 2269 94 29 detta
463 2266 168 31 avseende
650 2262 239 39 otvivelaktigt
906 2261 48 29 bli
973 2260 113 30 sämre
1105 2257 105 31 ställd
1227 2257 45 29 än
1289 2255 94 30 vissa
1401 2252 160 31 enskilda
1578 2251 134 37 företag
1730 2248 79 30 med

321 2312 166 31 liknande
516 2307 349 40 kreditmöjligheter.
894 2306 54 29 En
978 2302 216 41 anpassning
1223 2310 42 20 av
1293 2296 393 40 vattenfallsstyrelsens
1718 2293 93 39 gäld-

322 2356 231 38 ränteavdrag
575 2355 53 29 till
652 2361 134 22 samma
809 2350 145 30 relativa
977 2347 131 31 storlek
1132 2355 74 21 som
1231 2345 106 39 gäller
1360 2343 55 29 för
1440 2342 41 29 de
1503 2340 80 30 med
1607 2339 170 39 styrelsen
1800 2337 10 29 i

322 2400 302 39 lånemöjligheter
643 2398 157 29 närmast
819 2393 179 32 likställda
1015 2393 181 37 företagen
1215 2389 113 30 skulle
1346 2385 275 42 uppenbarligen
1639 2383 77 29 icke
1735 2381 77 30 leda

323 2447 51 30 till
390 2446 113 39 någon
518 2443 146 31 effektiv
677 2439 235 42 begränsning
925 2447 41 21 av
981 2437 189 39 styrelsens
1185 2434 139 38 avdrag.

368 2492 73 28 Den
467 2489 219 39 lämpligaste
710 2485 162 30 metoden
897 2485 50 28 att
973 2480 204 41 genomföra
1202 2488 43 20 en
1270 2475 234 41 begränsning
1530 2483 42 20 av
1597 2471 215 31 vattenfalls-

325 2536 188 39 styrelsens
540 2531 219 39 avdragsrätt
785 2537 103 31 synes
914 2536 84 21 vara
1024 2527 50 28 att
1101 2524 123 30 endast
1251 2521 113 30 tillåta
1391 2516 376 43 gäldränteberäkning
1794 2514 19 29 å

325 2581 69 29 viss
417 2580 53 29 del
493 2587 42 20 av
557 2577 40 29 de
619 2577 10 28 i
652 2575 155 30 rörelsen
829 2571 172 40 nedlagda
1022 2569 252 39 tillgångarnas
1296 2565 116 30 värde.
1436 2564 13 28 I
1472 2562 152 39 enlighet
1645 2560 80 29 med
1747 2559 67 29 vad
