1854 2792
368 170 453 31 Konslitutionsutskoltets
844 168 179 30 utlåtande
1044 177 43 19 nr
1110 167 39 29 12
1170 167 39 29 år
1233 166 84 29 1959
1579 164 18 29 3

95 258 148 38 översyn
269 265 42 21 av
334 254 312 31 bestämmelserna
670 252 150 30 rörande
845 252 178 29 allmänna
1047 251 66 29 val.
1140 252 12 28 I
1179 249 193 30 direktiven
1402 248 54 31 för
1482 247 116 30 utred-

95 307 129 40 ningen
244 324 45 4 —
309 305 177 31 benämnd
512 304 82 30 1955
617 304 57 30 års
696 302 247 40 valutredning
964 320 44 3 —
1030 301 155 30 uttalade
1211 297 387 42 departementschefen

95 357 107 30 bland
219 359 109 28 annat
344 358 51 28 att
411 356 93 30 vissa
521 354 264 31 bestämmelser
802 363 42 20 av
861 352 138 30 formell
1016 354 104 28 natur
1137 351 11 29 i
1164 351 204 39 vallagarna
1385 349 107 39 enligt
1509 348 89 30 hans

96 407 141 41 mening
257 416 81 21 vore
360 407 12 29 i
392 406 111 30 behov
524 415 43 20 av
586 406 158 38 översyn.
766 401 394 42 Departementschefen
1181 400 201 31 förklarade
1404 400 50 39 sig
1476 399 121 29 därvid

96 459 158 29 närmast
273 457 92 40 syfta
383 457 44 39 på
443 456 94 30 vissa
556 455 324 39 formalitetsregler
898 453 148 30 rörande
1064 452 240 30 valsedlarnas
1323 450 166 31 utseende
1509 451 90 28 samt

97 508 149 31 rörande
269 507 190 40 försegling
482 507 65 30 och
570 505 191 41 sigillering
785 515 41 20 av
847 504 173 31 valsedlar
1043 503 64 30 och
1129 502 279 39 valsedelspaket
1431 500 89 31 efter
1544 509 56 21 av-

96 560 107 30 slutat
222 560 57 29 val
300 559 65 30 och
386 568 43 20 av
447 558 168 30 valurnor
633 557 59 30 vid
714 557 136 29 avbrott
871 557 11 30 i
903 555 281 39 valförrättning.
1207 554 13 29 I
1243 553 273 39 fortsättningen
1540 561 59 21 an-

95 611 98 30 förde
217 608 386 42 departementschefen
626 607 174 40 följande:

141 669 110 30 Dessa
272 668 283 30 bestämmelsers
578 667 149 29 främsta
751 665 90 40 syfte
866 666 37 28 är
926 667 50 27 att
1001 664 216 33 säkerställa,
1242 665 50 27 att
1317 662 188 29 rösträtten
1530 661 70 29 kan

97 711 80 30 med
194 710 196 31 bevarande
409 719 42 20 av
466 708 295 39 valhemligheten
779 707 77 29 fritt
874 708 133 32 utövas,
1027 708 49 28 att
1095 706 64 28 full
1178 705 139 29 klarhet
1335 703 102 30 råder
1455 712 57 21 om
1533 703 67 29 den

97 753 143 39 mening
260 753 35 30 åt
312 752 119 29 vilken
451 751 144 40 avgiven
613 750 152 30 valsedel
787 758 58 31 ger
864 749 141 39 uttryck
1026 750 89 28 samt
1136 749 50 28 att
1207 745 255 39 förvanskning
1484 754 41 20 av
1543 754 58 20 va-

99 796 56 29 len
182 796 67 29 och
274 794 251 31 valresultaten
553 793 31 39 ej
614 793 70 29 kan
713 792 71 30 ske.
813 791 78 30 Med
921 791 138 39 hänsyn
1087 790 51 29 till
1166 789 121 29 valens
1316 786 285 41 grundläggande

98 837 176 40 betydelse
293 836 56 30 för
366 836 78 30 vårt
464 834 271 31 samhällsskick
756 835 37 29 är
813 834 57 29 det
890 843 41 19 av
951 831 272 39 utomordentlig
1242 830 75 30 vikt
1339 831 49 28 att
1409 830 102 29 dessa
1532 828 70 40 syf-

99 881 58 29 ten
179 879 67 30 blir
269 878 242 31 säkerställda.
533 878 50 29 De
606 876 204 30 nuvarande
833 874 367 40 lagbestämmelserna
1225 874 38 28 är
1286 871 192 30 emellertid
1501 871 11 29 i
1534 871 67 38 hög

99 922 85 39 grad
208 920 214 40 detaljerade
448 920 65 30 och
536 918 165 41 präglade
725 927 42 21 av
790 927 43 20 en
855 917 72 30 viss
951 916 206 30 formalism.
1183 915 66 30 Vid
1274 915 126 28 nästan
1424 913 98 39 varje
1547 913 54 29 val

98 963 169 30 inträffar
289 965 50 28 att
362 962 190 30 röstsedlar
574 961 11 29 i
610 961 110 29 större
744 960 83 30 eller
849 959 137 30 mindre
1010 957 213 39 omfattning
1249 957 162 29 kasseras
1435 955 51 30 till
1512 954 89 39 följd

100 1015 41 20 av
160 1008 51 28 att
229 1005 160 40 gällande
408 1003 324 39 formalitetsregler
749 1002 72 29 inte
842 1001 103 30 strikt
963 1000 190 39 iakttagits.
1175 998 171 31 Stundom
1367 997 235 30 förekommer

100 1048 107 30 också
227 1049 51 28 att
297 1047 55 29 val
375 1046 54 30 får
451 1046 101 39 göras
573 1054 67 25 om,
662 1044 122 30 därför
805 1045 50 28 att
875 1043 161 29 formella
1058 1042 44 29 fel
1124 1041 136 39 begåtts
1281 1040 64 29 och
1367 1039 95 30 detta
1484 1039 86 29 även
1592 1038 9 29 i

102 1090 133 30 sådana
261 1089 62 30 fall
350 1088 45 30 då
421 1088 67 30 den
515 1087 106 29 reella
648 1086 201 40 betydelsen
878 1094 41 20 av
947 1086 117 37 avsteg
1092 1083 79 30 från
1200 1082 160 40 gällande
1389 1081 110 39 regler
1526 1080 76 30 icke

100 1132 64 29 har
183 1131 90 30 varit
293 1140 41 20 av
355 1131 66 29 den
443 1130 130 29 storlek
593 1131 50 28 att
663 1128 180 39 ogiltighet
863 1126 267 38 nödvändigtvis
1151 1125 90 29 hade
1263 1124 125 29 behövt
1408 1122 150 30 inträda.

145 1174 75 29 Den
239 1174 147 38 översyn
404 1173 11 29 i
434 1172 99 39 fråga
551 1180 57 21 om
627 1180 47 19 nu
695 1170 154 29 nämnda
869 1169 161 29 formella
1047 1167 263 30 bestämmelser
1331 1174 74 21 som
1423 1165 59 39 jag
1502 1164 100 30 alltså

102 1217 117 29 finner
239 1214 166 41 påkallad
425 1214 62 29 bör
507 1214 11 28 i
539 1213 149 29 främsta
708 1214 153 27 rummet
881 1211 150 29 inriktas
1051 1210 44 39 på
1116 1210 40 29 de
1180 1209 111 38 regler
1314 1216 74 21 som
1409 1206 108 40 enligt
1537 1206 66 29 vad

101 1258 245 30 erfarenheten
367 1256 90 30 visat
481 1255 199 30 föranleder
702 1253 183 39 kassering
908 1262 42 20 av
971 1252 172 30 valsedlar
1165 1251 83 30 eller
1271 1249 179 40 ogiltighet
1475 1257 41 21 av
1537 1248 65 29 val.

101 1300 131 30 Därvid
253 1299 63 30 bör
338 1299 57 29 det
418 1297 218 30 undersökas
657 1296 11 30 i
690 1296 65 30 vad
779 1295 82 30 mån
883 1295 57 29 det
963 1296 38 28 är
1023 1293 136 39 möjligt
1180 1311 45 3 —
1249 1294 86 27 utan
1357 1293 50 28 att
1427 1290 176 30 valsäker-

101 1343 104 29 heten
230 1343 184 37 äventyras
436 1358 44 3 —
504 1341 50 28 att
579 1339 109 38 skapa
712 1338 142 29 enklare
879 1337 110 39 regler
1013 1336 64 29 och
1101 1335 11 29 i
1136 1335 107 38 högre
1267 1333 85 40 grad
1376 1334 44 28 än
1445 1332 54 30 för
1525 1332 78 29 när-

100 1384 153 30 varande
278 1383 71 29 låta
373 1382 66 29 den
464 1381 156 30 faktiska
644 1380 201 39 betydelsen
873 1388 42 20 av
939 1380 48 28 ett
1012 1380 116 36 avsteg
1153 1377 81 29 från
1259 1376 158 39 reglerna
1440 1384 84 20 vara
1548 1374 55 29 be-

102 1425 220 31 stämmande
342 1424 55 29 för
416 1423 67 29 den
501 1423 132 29 verkan
653 1424 154 36 avsteget
827 1421 89 29 skall
936 1420 55 29 ha.

145 1493 52 29 Då
215 1492 58 29 det
291 1491 11 29 i
321 1489 230 31 förevarande
570 1488 172 30 motioner
760 1488 126 29 väckta
905 1486 207 39 spörsmålet
1132 1484 148 31 sålunda
1300 1485 37 28 är
1357 1483 111 29 under
1489 1482 115 29 utred-

103 1543 83 39 ning
207 1542 129 30 saknar
357 1541 170 29 utskottet
549 1539 189 38 anledning
759 1537 175 39 tillstyrka
955 1536 229 30 motionerna.
1206 1534 177 31 Utskottet
1404 1528 202 48 hemställer

102 1594 130 36 därför,

459 1644 50 27 att
524 1641 220 29 motionerna
760 1641 29 28 I:
809 1639 60 29 188
884 1638 64 30 och
964 1639 45 29 II:
1026 1637 59 30 241
1104 1637 75 29 icke
1195 1636 109 30 måtte
1320 1635 51 29 till
1389 1634 112 40 någon
1518 1633 89 30 riks-

413 1692 130 39 dagens
567 1691 121 39 åtgärd
712 1689 192 30 föranleda.

146 1778 201 31 Stockholm
368 1778 65 29 den
457 1777 37 29 12
515 1785 94 22 mars
631 1775 83 29 1959

519 1877 47 29 På
584 1874 446 31 konstitulionsutskotlels
1048 1873 145 38 vägnar:

666 1959 145 30 BENGT
836 1958 211 30 ELMGREN

732 2102 241 29 Närvarande:

153 2173 78 29 från
263 2172 165 29 första
469 2171 221 28 kammaren:
724 2169 120 28 herrar
874 2168 173 36 Elmgren,
1080 2166 211 33 Damström,
1322 2164 110 34 Ollén,
1462 2164 146 29 Torsten

105 2217 211 32 Andersson,
337 2213 245 39 Sveningsson,
603 2211 81 30 Erik
706 2211 139 36 Olsson,
864 2209 169 30 Nils-Eric
1054 2208 242 34 Gustafsson”,
1317 2207 100 34 Dahl,
1437 2205 171 39 Källqvist

107 2257 64 29 och
190 2256 129 34 Sörlin;
340 2256 90 28 samt

152 2314 79 29 från
260 2313 146 29 andra
435 2312 220 28 kammaren:
678 2311 119 27 herrar
817 2311 197 27 Pettersson
1034 2308 9 28 i
1063 2307 205 38 Norregård,
1290 2306 208 38 Spångberg,
1519 2305 92 37 Mag-

107 2367 127 19 nusson
260 2357 9 29 i
291 2355 181 36 Tumhult,
495 2353 208 29 Gustafsson
729 2354 7 28 i
760 2352 116 37 Bogla,
900 2351 101 33 Bark,
1025 2350 199 29 Andersson
1248 2350 8 28 i
1281 2347 230 39 Linköping”,
1535 2347 75 29 Ale-

106 2408 86 30 myr,
213 2397 208 30 Gustafsson
445 2396 8 29 i
474 2395 107 29 Borås
602 2395 62 29 och
686 2395 182 28 Gansmoe.

140 2475 13 14 »
173 2474 34 30 Ej
227 2473 171 25 närvarande
417 2472 46 24 vid
481 2471 174 30 justeringen.
