1880 2794
492 164 285 31 Statsutskottets
804 162 178 30 utlåtande
1007 170 44 21 nr
1073 163 68 29 106.
1580 158 37 31 21

791 446 61 41 Nr
880 446 88 40 106.

339 550 183 30 Utlåtande
542 550 11 29 i
570 549 190 38 anledning
778 557 43 22 av
837 547 127 39 Kungl.
982 546 126 40 Maj:ts
1126 545 217 40 proposition
1362 543 178 40 angående
1559 551 58 21 av-

559 600 160 29 sättande
737 609 43 20 av
796 599 114 29 medel
926 598 80 40 från
1025 595 486 42 försäkringsinspektionens
1530 593 89 40 fond

558 651 57 39 för
637 649 233 41 upprättande
895 649 55 29 vid
972 647 222 31 Stockholms
1216 646 170 39 högskola
1407 654 42 21 av
1472 653 42 22 en
1539 651 79 33 pro-

558 702 118 39 fessur
698 701 10 29 i
727 699 303 41 försäkringsrätt.

1378 747 75 34 (1:a
1473 745 95 34 avd.)

162 856 13 29 I
195 854 263 41 propositionen
478 862 42 21 nr
544 853 61 30 106
627 853 64 30 har
712 852 126 38 Kungl.
862 851 114 39 Maj:t,
998 850 113 30 under
1133 848 218 41 åberopande
1373 857 42 21 av
1434 847 109 39 bilagt
1564 847 54 29 ut-

118 906 84 40 drag
220 916 42 20 av
279 904 384 40 statsrådsprotokollet
681 904 80 29 över
781 901 304 30 handelsärenden
1102 900 55 30 för
1178 901 66 29 den
1263 899 19 30 9
1300 908 94 21 mars
1415 898 93 33 1951,
1528 897 90 31 före-

118 957 102 39 slagit
244 956 189 39 riksdagen
458 954 169 39 medgiva,
654 955 50 28 att
728 962 44 22 av
796 950 486 41 försäkringsinspektionens
1307 950 86 29 fond
1419 950 47 29 ett
1491 948 127 40 belopp

118 1016 42 21 av
181 1007 62 30 650
258 1007 63 30 000
343 1006 130 29 kronor
493 1005 58 30 må
572 1005 155 29 avsättas
746 1003 54 30 till
822 1012 42 20 en
888 1012 41 21 av
950 1002 251 30 statskontoret
1223 1000 175 31 förvaltad
1420 999 95 34 fond,
1537 1006 81 23 vars

118 1058 210 38 avkastning
346 1056 235 30 tillsammans
601 1055 79 29 med
700 1053 254 39 avkastningen
974 1052 74 34 och,
1067 1052 12 29 i
1102 1051 62 30 fall
1183 1061 43 21 av
1246 1051 121 34 behov,
1388 1049 169 40 kapitalet
1576 1058 44 21 av

118 1117 43 21 en
184 1118 42 20 av
250 1107 156 31 Svenska
429 1105 340 40 försäkringsbolags
792 1103 231 31 riksförbund
1045 1102 175 30 insamlad
1246 1102 64 29 och
1335 1100 173 31 förvaltad
1532 1099 87 30 fond

118 1160 20 29 å
159 1159 62 30 300
236 1159 62 30 000
319 1158 131 29 kronor
470 1156 90 30 skall
581 1155 178 31 användas
779 1155 53 29 till
854 1155 50 29 att
924 1154 166 39 upprätta
1111 1153 65 30 och
1196 1151 207 31 underhålla
1423 1160 42 21 en
1485 1150 134 41 profes-

119 1219 60 20 sur
199 1210 10 29 i
231 1208 291 39 försäkringsrätt
542 1207 59 30 vid
625 1205 220 31 Stockholms
866 1204 180 40 högskola.

165 1311 98 30 Inom
280 1307 389 40 försäkringsväsendet
685 1307 46 30 ha
747 1305 95 31 olika
859 1305 161 40 åtgärder
1036 1304 165 40 vidtagits
1219 1304 55 29 för
1292 1305 51 29 att
1360 1303 130 39 främja
1508 1302 115 30 forsk-

120 1361 129 39 ningen
266 1360 97 30 inom
381 1359 131 30 sådana
529 1357 179 35 områden,
727 1365 74 22 som
820 1357 60 29 äro
898 1365 43 21 av
956 1355 176 39 betydelse
1151 1354 55 30 för
1223 1353 400 39 försäkringsverksam-

121 1412 114 29 heten.
259 1410 122 31 Såsom
404 1410 47 30 ett
473 1408 55 30 led
550 1408 79 29 häri
650 1407 65 30 har
738 1406 155 31 Svenska
916 1405 341 39 försäkringsbolags
1280 1403 229 31 riksförbund
1533 1403 91 29 före-

123 1462 111 38 slagit,
257 1462 51 29 att
330 1469 43 21 en
395 1459 181 40 professur
598 1458 12 29 i
632 1456 292 40 försäkringsrätt
945 1455 150 30 inrättas
1118 1455 58 31 vid
1200 1453 220 32 Stockholms
1442 1453 181 39 högskola.

121 1511 179 39 Förslaget
321 1510 128 39 bygger
470 1509 45 40 på
536 1517 43 20 en
601 1507 198 38 utredning,
824 1515 75 21 som
920 1505 202 31 verkställts
1145 1513 42 22 av
1209 1513 43 21 en
1274 1503 96 30 inom
1393 1502 235 39 försäkrings-

122 1564 144 29 världen
285 1563 125 29 tillsatt
430 1560 183 31 kommitté
633 1560 111 30 under
763 1558 302 39 ordförandeskap
1085 1566 43 21 av
1146 1557 24 29 f.
1191 1557 31 30 d.
1241 1555 236 41 justitierådet
1496 1553 132 31 Rudolf

122 1612 151 30 Eklund.
302 1610 201 31 Förbundet
529 1609 66 29 har
621 1607 206 35 framhållit,
857 1608 51 29 att
937 1607 67 30 den
1032 1605 201 39 föreslagna
1259 1604 227 41 professuren
1513 1603 114 30 skulle

122 1672 83 20 vara
224 1672 42 20 av
285 1663 88 28 stort
391 1661 104 30 värde
513 1660 88 30 både
621 1660 55 29 för
694 1656 491 41 försäkringsverksamheten
1204 1655 66 31 och
1288 1655 56 30 för
1362 1656 58 29 det
1438 1655 189 29 allmänna.

122 1714 66 29 Vid
205 1711 385 39 remissbehandlingen
609 1719 43 21 av
670 1709 143 30 ärendet
830 1709 65 29 har
914 1708 202 39 betydelsen
1136 1716 43 21 av
1195 1706 227 41 professuren
1439 1704 189 31 vitsordats

125 1765 95 29 såväl
245 1764 82 30 från
353 1761 238 31 universitets-
619 1761 65 30 och
711 1759 241 40 högskolehåll
980 1767 75 21 som
1082 1767 42 21 av
1149 1755 479 41 försäkringsinspektionen.

123 1814 65 30 Det
212 1815 98 29 torde
335 1813 157 34 sålunda,
516 1812 206 29 framhåller
746 1809 396 41 departementschefen,
1167 1808 37 30 få
1227 1817 102 21 anses
1355 1807 193 39 ådagalagt,
1574 1807 50 29 att

123 1866 57 29 det
205 1867 37 28 är
268 1866 47 28 ett
341 1864 145 30 allmänt
512 1863 148 29 intresse
685 1863 50 28 att
761 1871 41 20 en
828 1860 180 40 professur
1033 1860 11 29 i
1069 1858 293 39 försäkringsrätt
1386 1858 158 29 kommer
1570 1856 53 30 till

125 1915 112 29 stånd.
256 1912 395 41 Departementschefen
670 1920 111 26 anser,
802 1912 50 28 att
871 1920 42 20 en
933 1910 108 29 sådan
1063 1909 181 40 professur
1264 1907 187 40 lämpligen
1472 1907 63 30 bör
1555 1907 71 30 för-

126 1966 117 37 läggas
264 1965 51 28 till
337 1963 219 31 Stockholms
575 1962 179 39 högskola.

171 2014 228 31 Beträffande
427 2012 276 39 finansieringen
733 2020 41 21 av
802 2011 67 30 den
898 2010 199 39 föreslagna
1125 2009 226 40 professuren
1380 2008 64 31 har
1473 2008 155 30 Svenska

127 2064 342 40 försäkringsbolags
495 2062 230 30 riksförbund
753 2062 114 38 utgått
895 2061 81 30 från
1004 2062 50 28 att
1085 2059 274 31 statsmakterna
1385 2059 12 29 i
1425 2058 204 30 nuvarande

131 2115 289 31 statsfinansiella
449 2114 73 38 läge
550 2113 75 29 icke
652 2113 120 29 kunna
799 2113 123 28 väntas
948 2111 118 29 ikläda
1094 2110 51 38 sig
1170 2109 108 39 några
1305 2108 230 31 ekonomiska
1559 2108 71 29 för-

128 2165 180 39 pliktelser
327 2165 56 29 för
403 2163 226 40 professuren
648 2162 12 30 i
680 2162 109 38 fråga.
810 2161 200 30 Förbundet
1030 2161 65 29 har
1115 2160 102 30 tänkt
1238 2159 61 39 sig,
1321 2161 51 28 att
1392 2159 236 30 kostnaderna

129 2216 55 29 för
205 2216 207 29 densamma
437 2214 97 30 skola
556 2214 12 28 i
592 2213 112 29 första
727 2212 96 29 hand
846 2211 171 30 bestridas
1041 2210 82 30 från
1147 2209 255 39 avkastningen
1426 2218 42 21 av
1490 2209 60 29 två
1574 2209 56 28 för

129 2264 200 30 ändamålet
350 2263 137 30 bildade
508 2262 125 30 fonder
655 2271 56 20 om
734 2261 232 38 sammanlagt
988 2260 63 29 950
1067 2260 62 29 000
1151 2260 141 29 kronor.
1315 2259 75 29 Den
1412 2268 63 20 ena
1497 2258 132 29 fonden

130 2315 111 29 skulle
264 2315 54 29 stå
339 2313 111 30 under
472 2313 270 29 statskontorets
764 2311 215 38 förvaltning
1000 2310 65 29 och
1086 2309 113 30 bildas
1222 2316 123 32 genom
1368 2307 199 39 överföring
1588 2317 42 20 av

130 2365 62 29 650
207 2364 63 30 000
291 2365 132 28 kronor
444 2362 80 30 från
546 2360 486 40 försäkringsinspektionens
1055 2359 96 34 fond,
1174 2368 79 20 vars
1276 2358 200 38 behållning
1497 2358 69 29 den
1589 2357 41 29 30

129 2415 78 38 juni
234 2414 84 30 1950
341 2412 152 41 uppgick
517 2412 52 29 till
595 2413 80 28 över
701 2411 61 29 708
777 2411 63 29 000
864 2411 140 32 kronor,
1030 2409 193 39 utgörande
1248 2409 177 29 överskott
1450 2408 19 29 å
1494 2407 137 30 försäk-

130 2464 333 39 ringsanstalternas
480 2462 122 38 bidrag
622 2462 48 30 till
690 2459 487 41 försäkringsinspektionens
1194 2458 235 39 organisation
1450 2458 61 29 och
1533 2458 98 29 verk-
