1892 2822
330 147 41 31 30
643 148 127 34 Andra
801 150 256 37 lagutskottets
1085 150 188 33 utlåtande
1304 151 52 32 Nr
1379 151 53 31 30.

1593 231 70 31 Bil.
1684 233 30 30 5.

375 306 120 31 Avskrift
513 315 36 16 av
568 306 126 32 avskrift.

928 392 205 37 Stockkärr,
1155 392 245 38 Västerljung,
1424 394 67 30 den
1513 394 39 30 11
1574 394 68 36 juli
1665 394 88 31 1922.

840 478 95 31 Herr
955 479 281 36 Ryttmästaren.

331 555 82 33 Med
436 555 195 37 anledning
653 566 45 21 av
722 557 53 30 att
798 555 273 38 Ryttmästaren
1094 567 38 21 sa
1156 556 57 31 till
1235 557 76 35 mig
1332 558 55 31 att
1410 557 64 36 jag
1495 557 118 32 kunde
1638 558 37 31 få
1698 557 95 32 sluta

292 600 80 32 med
393 599 178 38 arrendet,
593 600 112 32 redan
727 600 12 30 i
762 601 66 30 vår
851 609 57 22 om
930 600 63 37 jag
1014 610 39 22 sa
1077 600 56 31 till
1158 600 11 31 i
1193 600 63 32 tid.
1298 600 49 33 Så
1369 601 67 31 vill
1459 601 64 37 jag
1545 604 88 34 säga
1656 603 53 31 att
1731 601 65 38 jag

291 646 42 29 är
355 643 108 37 villig
485 644 54 31 att
563 643 95 32 sluta
683 644 111 32 redan
818 644 12 31 i
855 645 77 35 vår,
956 654 56 21 om
1036 653 67 27 syn
1127 646 48 34 på
1197 645 69 30 hus
1290 645 64 31 och
1379 645 264 36 gärdesgårdar
1664 645 130 37 slopas,

292 690 91 29 även
409 690 42 29 är
477 687 57 31 det
560 688 61 30 väl
647 687 33 36 ej
705 687 126 36 nödigt
856 689 54 29 att
936 689 40 30 så
1001 689 119 34 någon
1145 687 145 32 höstsäd
1317 698 56 21 om
1399 689 107 36 ingen
1533 689 67 31 åbo
1626 689 91 32 skall
1744 688 50 32 bli

291 731 68 31 här
378 732 119 31 sedan.

332 774 141 31 Väntar
499 784 83 20 svar
608 773 203 36 omgående.

1413 842 343 37 Högaktningsfullt

1435 894 131 33 Gustaf
1588 894 127 33 Åman.

932 964 219 32 Vidimeras:

535 1013 85 31 Eric
641 1014 54 31 W.
717 1014 129 33 Ström.
1343 1016 44 31 K.
1410 1016 146 36 Sontag.

1598 1181 68 32 Bil.
1691 1183 26 29 7.

379 1264 131 32 Avskrifl.

292 1334 124 25 Svenska
436 1335 93 24 Betes-
548 1336 51 23 och
620 1335 235 32 Vallföreningen,
876 1336 102 31 Upsala

966 1418 194 34 Utlåtande

296 1505 186 36 angående
501 1506 199 31 ordnandet
720 1516 45 21 av
788 1506 229 37 betesfrågan
1039 1507 62 31 vid
1122 1506 216 32 Erikslunds
1359 1508 110 31 säteri
1489 1518 44 26 pr
1554 1508 246 37 Västerljung.

337 1565 117 33 Sedan
478 1566 268 32 undertecknad
769 1568 46 35 på
838 1566 118 37 grund
980 1577 47 21 av
1051 1567 124 32 därom
1200 1567 205 32 framställd
1429 1567 159 36 begäran
1612 1567 67 32 den
1701 1568 19 30 4
1744 1567 56 32 de-

298 1609 138 32 cember
458 1609 79 32 1926
559 1609 122 32 besökt
703 1609 215 34 Erikslunds
940 1611 109 32 säteri
1071 1611 65 31 och
1158 1611 93 36 tagit
1273 1611 56 31 del
1352 1622 47 21 av
1423 1611 276 33 förhållandena
1722 1611 79 31 där-

299 1652 126 38 städes,
448 1654 58 30 får
527 1653 64 37 jag
610 1653 147 32 härmed
779 1654 129 31 anföra
931 1654 170 37 följande.

339 1739 220 31 Nuvarande
583 1740 94 35 form
703 1740 58 36 för
787 1740 264 32 betesbehovets
1076 1740 285 37 tillgodoseende.

338 1798 144 33 Hittills
502 1799 68 31 har
591 1799 94 32 betet
704 1800 264 37 huvdsakligen
990 1800 112 36 tagits
1124 1801 83 32 från
1228 1802 141 35 skogen,
1392 1802 66 31 där
1479 1801 129 36 djuren
1629 1801 173 36 tämligen

300 1842 81 31 fritt
401 1844 142 30 strövat
563 1843 176 36 omkring.
781 1843 124 32 Denna
927 1844 193 32 betesform
1142 1845 67 31 har
1233 1844 203 36 egentligen
1458 1842 125 35 endast
1605 1844 200 37 utnyttjats

300 1886 56 31 för
376 1886 161 37 ungdjur
556 1887 64 31 och
640 1887 132 37 sinkor,
791 1887 129 31 medan
940 1887 206 37 mjölkande
1167 1888 64 32 kor
1251 1889 12 30 i
1284 1888 96 36 regel
1401 1888 226 32 stallfodrats
1646 1889 58 31 till
1725 1888 78 32 dess

300 1930 313 32 slåttervallarnas
638 1931 167 31 återväxt
830 1931 174 36 medgivit
1031 1932 203 35 betesgång.

340 2014 237 38 Olägenheter
601 2026 46 22 av
671 2017 67 30 den
762 2017 212 31 nuvarande
997 2017 208 36 ordningen.

340 2075 54 32 Ur
422 2076 401 37 jordbruksekonomisk
852 2078 185 36 synpunkt
1065 2077 141 32 medför
1235 2078 301 36 skogsbetningen
1566 2079 67 32 den
1663 2078 141 36 olägen-

300 2120 114 36 heten,
438 2120 54 31 att
516 2120 95 32 betet
634 2120 72 31 blir
731 2121 58 31 för
809 2123 108 34 svagt
941 2122 57 30 för
1021 2121 140 37 djuren,
1186 2131 75 21 som
1285 2121 209 37 därigenom
1518 2122 114 32 måste
1657 2121 149 32 beredas

300 2173 44 21 en
367 2163 132 37 dyrare
522 2164 320 37 vinterutfodring,
866 2165 66 31 och
957 2164 80 33 hela
1062 2165 96 32 årets
1184 2165 250 32 foderkostnad
1460 2165 168 37 fördyras
1652 2164 153 33 sålunda

302 2208 177 30 avsevärt.
524 2204 102 34 Även
649 2217 58 21 om
731 2208 201 36 skogsbetet
957 2209 12 30 i
993 2208 64 32 och
1083 2209 56 30 för
1163 2209 58 35 sig
1243 2208 77 32 icke
1344 2209 134 32 åsättes
1501 2210 118 35 någon
1642 2208 163 36 kostnad,

302 2250 115 35 gäller
444 2251 99 31 detta
570 2251 204 36 påstående,
801 2252 117 31 såsom
944 2252 53 30 ett
1023 2252 119 30 enkelt
1170 2252 159 36 exempel
1357 2253 73 30 kan
1456 2252 90 32 visa.

340 2291 67 33 Om
428 2302 84 22 man
534 2295 110 34 utgår
665 2294 99 31 ifrån
785 2295 57 31 att
863 2296 51 29 ett
937 2294 225 36 någorlunda
1187 2294 272 36 försigkommet
1481 2294 160 37 ungdjur
1664 2295 67 31 har
1755 2295 50 31 ett

302 2336 89 32 visst
417 2336 216 33 foderbehov
659 2337 58 31 för
740 2338 87 35 året,
852 2337 217 37 exempelvis
1093 2338 89 36 1,500
1207 2338 257 37 foderenheter,
1489 2339 71 30 kan
1586 2348 83 22 man
1694 2338 112 31 tänka

301 2379 58 35 sig
380 2379 99 32 detta
501 2380 212 32 foderbehov
737 2380 87 37 fyllt
845 2383 47 34 på
916 2384 54 29 tre
991 2381 97 31 olika
1112 2382 87 31 sätt:

342 2424 27 30 1.
392 2422 242 37 Stallfodring
653 2423 80 32 hela
755 2425 93 34 året;
