2254 2640
727 213 256 32 Statsutskoltets
1004 213 168 32 utlåtande
1194 213 53 31 Nr
1269 216 28 29 6.
1813 214 17 30 7

736 298 61 36 för
840 300 44 34 11
927 298 261 47 kronofogdar
1228 297 24 49 (i
1289 298 225 47 Jämtlands,
1544 297 288 38 Västerbottens

635 349 71 37 och
742 349 253 36 Norrbottens
1032 349 77 48 län)
1148 362 47 23 en
1232 362 69 23 var
1329 351 74 34 800
1432 350 152 47 kronor,
1613 350 117 36 därav
1758 351 74 35 200

635 401 143 36 kronor
819 400 109 37 skola
969 413 110 24 anses
1124 405 138 44 utgöra
1305 400 76 48 lön,
1427 402 75 36 400
1531 401 141 36 kronor
1698 400 135 49 tjänst-

635 453 381 49 göringspenningar
1045 453 71 36 och
1145 454 74 35 200
1248 452 140 37 kronor
1416 453 232 49 ortstillägg;

739 505 59 37 för
839 518 48 23 en
924 518 67 23 var
1018 519 48 22 av
1094 505 133 48 övriga
1258 506 70 35 106
1358 505 260 49 kronofogdar
1646 507 74 35 600
1747 505 86 37 kro-

634 570 82 33 nor,
763 557 117 36 därav
926 558 74 35 200
1045 557 143 36 kronor
1233 557 108 36 skola
1368 570 112 23 anses
1508 563 137 42 utgöra
1672 557 62 37 lön
1763 557 69 36 och

635 610 76 34 400
740 608 144 36 kronor
912 608 512 49 tjänstgöringspenningar;

739 659 60 36 för
829 661 47 34 10
903 659 310 36 häradsskrivare
1241 659 26 48 (i
1293 659 228 47 Jämtlands,
1547 659 286 37 Västerbottens

637 710 71 36 och
748 711 254 36 Norrbottens
1042 710 77 49 län)
1161 724 47 23 en
1237 724 67 23 var
1333 712 73 35 900
1434 711 153 47 kronor,
1617 712 115 35 därav
1760 712 73 35 200

636 761 143 37 kronor
820 762 107 36 skola
968 775 113 24 anses
1110 767 135 44 utgöra
1273 763 74 46 lön,
1377 764 73 35 500
1479 762 142 36 kronor
1647 763 188 48 tjänstgö-

637 814 326 48 ringspenningar
990 814 71 36 och
1090 815 75 35 200
1194 814 141 36 kronor
1364 814 233 49 ortstillägg;

739 865 59 37 för
829 868 71 34 106
929 866 313 36 häradsskrivare
1271 866 26 49 (i
1325 866 134 49 övriga
1486 866 76 49 län)
1591 880 46 23 en
1665 880 66 22 var
1759 867 73 36 700

635 917 153 48 kronor,
817 917 116 37 därav
962 919 73 35 200
1064 918 144 36 kronor
1235 917 108 37 skola
1370 931 112 23 anses
1510 924 135 43 utgöra
1672 918 61 37 lön
1763 918 70 36 och

637 970 75 35 500
741 969 140 37 kronor
908 970 516 48 tjänstgöringspenningar;
1455 970 71 36 och

739 1021 60 36 för
843 1021 175 48 samtliga
1060 1022 313 36 häradsskrivare
1415 1026 106 32 extra
1562 1022 271 48 förvaltnings-

636 1071 137 50 bidrag
818 1073 87 36 med
952 1074 46 35 75
1046 1073 143 36 kronor
1229 1073 60 36 för
1330 1072 104 48 varje
1461 1072 88 37 fullt
1577 1072 183 48 5,000-tal
1787 1086 46 23 av

637 1123 276 49 folkmängden
941 1125 12 35 i
980 1123 358 49 tjänstedistriktet;

741 1176 59 36 för
827 1178 23 34 4
879 1177 173 35 länsmän
1080 1177 27 48 (i
1135 1177 126 36 Tärna
1290 1176 152 37 distrikt
1469 1190 48 23 av
1546 1176 288 37 Västerbottens

636 1226 63 37 län
745 1232 99 32 samt
884 1228 12 36 i
933 1228 218 49 Arjeplogs,
1197 1228 244 49 Jukkasjärvi
1488 1228 72 36 och
1588 1228 245 37 Karesuando

636 1279 153 36 distrikt
831 1293 46 22 av
918 1280 255 36 Norrbottens
1218 1279 77 49 län)
1341 1294 46 22 en
1431 1294 67 22 var
1543 1281 110 45 1,000
1683 1281 150 45 kronor,

636 1330 117 36 därav
788 1332 73 35 600
893 1331 142 36 kronor
1063 1331 107 36 skola
1199 1345 113 22 anses
1340 1337 136 42 utgöra
1503 1331 76 46 lön,
1602 1333 72 34 200
1695 1332 140 35 kronor

636 1382 218 49 ortstillägg
883 1383 70 36 och
983 1385 73 34 200
1084 1383 142 36 kronor
1254 1383 408 48 förvaltningsbidrag;

742 1434 59 36 för
842 1436 46 35 66
926 1435 175 36 länsmän
1131 1435 147 49 (övriga
1304 1434 173 37 länsmän
1504 1435 12 36 i
1545 1434 289 37 Västerbottens

638 1485 70 36 och
754 1486 254 37 Norrbottens
1053 1486 62 37 län
1162 1492 96 31 samt
1302 1487 250 36 längmännen
1583 1487 13 36 i
1623 1486 212 37 Jämtlands

636 1536 77 49 län)
761 1551 47 22 en
852 1551 69 23 var
969 1540 110 45 1,300
1127 1539 151 46 kronor,
1316 1539 115 36 därav
1460 1540 74 35 600
1563 1538 138 37 kronor
1729 1539 106 36 skola

638 1601 111 24 anses
776 1594 136 42 utgöra
947 1589 76 48 lön,
1054 1591 73 35 300
1157 1591 140 35 kronor
1325 1590 509 49 tjänstgöringspenningar,

638 1641 74 35 200
754 1640 143 37 kronor
938 1641 218 49 ortstillägg
1193 1641 71 36 och
1293 1643 73 35 200
1394 1642 142 35 kronor
1563 1641 272 48 förvaltnivgs-

638 1691 147 48 bidrag,
815 1697 97 31 samt

740 1743 60 36 för
829 1757 47 22 en
906 1756 66 24 var
1001 1757 47 23 av
1076 1744 134 49 övriga
1239 1746 73 35 446
1341 1744 171 36 länsmän
1545 1746 110 46 1,100
1684 1745 150 46 kronor,

636 1793 116 38 därav
782 1796 73 36 600
883 1795 140 37 kronor
1056 1796 108 37 skola
1184 1809 111 24 anses
1324 1801 137 43 utgöra
1488 1795 75 48 lön,
1593 1799 74 34 300
1696 1797 139 36 kronor

636 1846 500 51 tjänstgöringspenningar
1177 1848 70 37 och
1290 1849 74 35 200
1394 1848 141 36 kronor
1563 1849 272 48 förvaltnings-

636 1897 151 50 bidrag;

740 1952 36 42 b)
819 1955 55 32 att
915 1950 142 50 Kungl.
1100 1952 127 48 Maj:ts
1265 1951 144 49 förslag
1446 1965 61 22 om
1535 1951 214 49 beviljande
1777 1952 59 36 för

636 2000 104 37 vissa
767 2002 174 36 länsmän
968 2016 47 23 av
1044 2003 221 48 förhöjning
1306 2017 47 23 av
1389 2004 72 35 den
1502 2003 191 62 tillfälliga
1732 2005 103 35 löne-

637 2052 280 50 förbättringen
958 2054 10 35 i
1011 2055 99 35 form
1162 2068 46 23 av
1244 2055 262 48 ålderstillägg
1552 2060 176 32 ävensom
1775 2069 59 23 om

635 2083 230 59 anvisande
865 2106 59 36 för
943 2106 215 36 ändamålet
1177 2120 47 22 av
1244 2111 54 31 ett
1318 2106 302 49 förslagsanslag
1635 2108 21 35 å
1673 2108 162 46 130,200

635 2156 155 48 kronor,
819 2157 82 37 icke
929 2161 61 33 må
1018 2171 47 23 av
1093 2158 210 49 riksdagen
1332 2159 159 36 bifallas.

340 2257 74 48 3:0)
444 2257 16 36 I
488 2259 122 63 punkt
638 2261 21 34 2
690 2272 46 23 av
765 2260 125 36 denna
917 2260 212 37 huvudtitel
1150 2261 67 36 har
1236 2261 142 48 Kungl.
1400 2261 106 49 Maj:t
1525 2260 198 49 föreslagit
1740 2261 95 36 riks-
1854 2271 198 24 Polisväsendet

235 2309 125 47 dagen
389 2314 55 32 att
471 2313 49 46 på
549 2315 107 32 extra
689 2316 75 31 stat
791 2312 60 36 för
880 2314 40 33 år
950 2314 96 34 1915
1078 2312 109 36 ställa
1215 2312 57 36 till
1301 2312 140 49 Kungl.
1464 2312 127 49 Maj:ts
1612 2313 223 58 förfogande
1880 2306 142 65 ee

234 2340 74 57 ett
317 2361 304 49 förslagsanslag
649 2375 44 24 av
722 2365 165 46 425,000
917 2364 141 36 kronor
1078 2369 66 41 att,
1165 2364 303 48 huvudsakligen
1487 2365 122 36 under
1628 2357 35 59 de
1692 2378 12 23 i
1724 2370 111 31 stats-
1942 2393 20 34 9

234 2412 322 50 rådsprotokollet
593 2420 90 32 över
719 2392 255 60 civilärenden
1005 2416 73 37 den
1107 2393 46 60 21
1184 2417 166 36 februari
1381 2397 96 57 1908
1507 2417 165 49 angivna
1701 2416 134 38 villkor
1924 2392 68 46 [2]
