2240 2638
394 196 39 31 10
914 198 255 33 Statsutskottets
1191 200 167 32 utlåtande
1380 201 53 30 Nr
1458 204 27 29 6.

894 289 54 30 att
975 284 204 48 riksdagen
1199 288 60 32 må
1281 285 57 36 för
1358 287 241 48 upprensning
1620 301 43 22 av
1683 295 47 28 ett
1749 288 100 35 invid
1869 293 121 31 västra

790 335 108 35 sidan
925 348 45 23 av
989 336 268 36 Kalmarsunds
1276 337 210 48 djupränna
1505 338 81 35 mitt
1604 345 90 30 emot
1712 340 165 35 Prästörs
1897 345 94 31 över-

790 388 221 35 vattensskär
1039 388 134 49 beläget
1199 390 196 48 stengrund
1422 392 48 47 på
1499 395 105 31 extra
1634 395 75 32 stat
1738 391 57 37 för
1827 393 41 34 år
1891 393 98 35 1915

792 439 131 36 anvisa
952 445 53 31 ett
1033 441 133 48 anslag
1195 454 46 22 av
1272 443 137 45 16,500
1438 442 150 36 kronor.

186 525 99 23 Motion
304 533 42 15 an-
494 513 74 47 6:0)
597 514 17 35 I
642 527 47 23 en
717 514 102 36 inom
846 515 118 36 andra
991 516 218 36 kammaren
1238 530 46 22 av
1311 518 87 35 herr
1425 519 44 35 E.
1490 520 119 34 Molin
1640 520 1 34 i
1660 519 329 36 Dombäcksmark

163 558 207 58 fretutbidr
388 577 48 22 I.
479 564 36 35 fl.
559 564 113 36 väckt
713 566 143 35 motion
898 565 58 48 (nr
993 567 63 47 21)
1094 568 68 35 har
1193 568 224 47 hemställts,
1451 575 55 29 att
1546 569 205 49 riksdagen
1779 571 84 35 med
1891 584 97 35 upp-

207 628 42 22 till
269 629 58 28 väg-
386 615 175 36 hävande
591 629 46 22 av
666 616 64 36 sitt
758 616 12 36 i
798 616 136 50 frågan
959 618 100 36 förut
1080 618 141 37 fattade
1241 619 125 37 beslut
1385 622 115 34 måtte
1520 620 156 47 besluta,
1697 626 55 31 att
1778 621 5 36 i
1803 623 186 36 avseende

175 663 182 58 snlfseringrr
386 670 21 33 4
435 668 46 36 de
510 681 47 23 av
584 668 205 49 riksdagen
818 669 57 37 för
903 673 40 33 år
975 672 96 35 1915
1100 671 186 49 beviljade
1306 672 231 50 statsbidrag
1554 674 57 35 till
1629 674 360 50 väganläggningar

250 716 56 6 ">
387 720 70 36 och
493 720 353 50 vägförbättringar
882 727 97 31 samt
1015 723 57 36 till
1104 723 84 37 bro-
1217 724 69 36 och
1315 725 342 49 hamnbyggnader
1684 730 179 32 ävensom
1891 741 98 35 upp-

386 771 186 48 rensning
600 785 46 22 av
674 775 63 32 åar
765 773 70 35 och
858 773 171 43 farleder,
1057 775 106 35 skola
1186 776 100 46 gälla
1306 776 45 36 de
1371 777 188 35 allmänna
1578 777 137 36 villkor
1735 778 69 35 och
1827 777 160 37 bestäm-

386 823 145 45 melser,
560 822 102 36 vilka
690 823 120 35 finnas
839 824 156 48 intagna
1022 826 12 34 i
1062 826 224 48 riksdagens
1315 827 181 36 skrivelse
1524 827 72 36 den
1626 830 46 33 31
1703 828 73 49 maj
1811 831 107 33 1907.

488 873 17 36 I
533 874 192 36 motionen
752 874 68 36 har
848 875 159 37 erinrats
1036 882 54 30 att
1118 877 65 36 vid
1211 877 173 37 sistlidna
1401 878 159 49 riksdag
1579 881 47 47 på
1646 879 144 49 förslag
1809 893 46 23 av
1874 885 113 31 stats-

385 925 185 37 utskottet
613 925 205 49 (utlåtande
859 941 45 22 nr
947 929 20 34 6
1010 928 122 49 punkt
1174 929 62 48 21)
1267 930 184 45 beslutits,
1481 936 55 31 att
1570 931 6 36 i
1604 932 184 36 avseende
1816 934 21 34 å
1866 932 44 36 de
1940 946 47 22 av

385 977 203 49 riksdagen
616 978 58 36 för
701 981 40 33 år
772 980 97 35 1915
889 979 187 49 beviljade
1095 981 233 49 statsbidrag
1346 982 56 36 till
1421 983 362 48 väganläggningar
1803 984 70 36 och
1893 990 93 42 väg-

385 1029 283 48 förbättringar,
708 1035 96 30 samt
840 1031 56 35 till
932 1031 84 36 bro-
1051 1032 69 36 och
1148 1033 342 48 hamnbyggnader
1518 1039 178 31 ävensom
1724 1035 262 48 upprensning

385 1093 46 22 av
469 1083 62 33 åar
559 1081 70 35 och
658 1081 172 47 farleder,
860 1082 121 36 skulle
1009 1084 101 47 gälla
1138 1084 44 36 de
1211 1085 188 35 allmänna
1427 1085 137 36 villkor
1592 1086 70 36 och
1691 1086 290 44 bestämmelser,

384 1131 101 37 vilka
521 1132 122 36 finnas
680 1132 158 49 intagna
869 1133 13 36 i
909 1134 225 49 riksdagens
1163 1135 182 38 skrivelse
1373 1136 72 37 den
1474 1139 46 34 31
1551 1138 73 49 maj
1660 1139 115 44 1907;
1805 1138 96 36 dock
1930 1143 54 32 att

384 1184 11 35 i
438 1184 184 36 avseende
663 1187 21 33 å
725 1184 74 37 den
837 1185 58 37 del
931 1200 46 22 av
1005 1186 157 37 berörda
1190 1187 147 49 bidrag,
1367 1202 80 23 som
1476 1189 125 37 kunde
1629 1190 151 36 komma
1808 1195 54 31 att
1889 1193 97 46 utgå

384 1236 59 35 för
484 1236 127 48 dylika
651 1238 360 48 väganläggningar
1051 1240 89 35 eller
1177 1240 360 49 vägförbättringar,
1574 1242 101 36 vilka
1702 1242 284 37 vederbörande

383 1287 142 47 Kungl.
567 1288 125 47 Maj:ts
729 1288 405 49 befallningshavande
1170 1291 97 36 efter
1295 1292 72 36 den
1399 1294 17 33 1
1443 1293 151 47 januari
1626 1295 96 34 1915
1751 1293 149 37 komme
1928 1299 55 30 att

384 1338 138 48 ålägga
559 1338 45 36 de
640 1339 452 51 väghållningsskyldige
1130 1347 54 30 att
1220 1343 136 46 utföra,
1391 1343 121 36 skulle
1540 1344 101 47 gälla
1669 1344 64 36 det
1761 1345 136 35 villkor
1924 1345 61 36 för

384 1389 221 48 åtnjutande
634 1403 46 22 av
709 1391 233 48 statsbidrag
969 1393 85 36 med
1085 1393 45 36 ”'s
1160 1407 48 22 av
1237 1394 483 49 anläggningskostnaden,
1750 1401 54 31 att
1832 1396 58 36 för
1917 1410 67 22 an-

381 1441 240 48 läggningen
658 1442 225 48 erforderlig
919 1444 107 36 mark
1062 1444 265 37 kostnadsfritt
1364 1446 304 37 tillhandahölles
1701 1461 47 22 av
1775 1448 207 48 landsting,

382 1493 223 35 kommuner
632 1493 91 36 eller
751 1494 180 36 enskilda.

485 1544 207 47 Utskottet,
722 1558 81 22 som
831 1545 120 36 finner
979 1546 210 49 olämpligt,
1219 1553 53 30 att
1299 1548 202 48 riksdagen
1530 1550 120 36 skulle
1674 1550 176 49 upphäva
1868 1563 47 23 en
1934 1564 48 21 av

383 1597 98 33 årets
511 1595 120 36 första
658 1595 157 50 riksdag
842 1596 170 38 beslutad
1037 1598 273 49 bestämmelse,
1332 1600 114 35 innan
1467 1600 218 37 densamma
1704 1606 100 32 ännu
1823 1602 158 36 kommit

381 1647 11 35 i
421 1647 254 49 tillämpning,
706 1662 109 23 anser
843 1649 61 48 sig
921 1649 115 37 redan
1057 1664 47 22 av
1123 1651 124 36 denna
1268 1652 206 49 anledning
1489 1653 89 36 böra
1593 1654 180 49 avstyrka
1787 1654 194 37 motionen

382 1699 69 36 och
479 1699 217 37 hemställer
723 1701 168 47 sålunda,

884 1808 56 31 att
980 1803 87 37 herr
1094 1805 139 36 Molins
1263 1819 47 22 m.
1339 1806 37 36 fl.
1405 1806 290 48 ifrågavarande
1723 1808 145 36 motion
1895 1808 86 37 icke

781 1856 60 34 må
870 1867 46 23 av
944 1854 206 50 riksdagen
1179 1856 161 37 bifallas.

567 2036 455 50 Medicinalstyrelsen
1053 2040 114 39 samt
1197 2039 147 41 hiilso-
1377 2042 84 39 och
1493 2041 282 49 sjukvården,

167 2150 183 31 Omanganisa
485 2133 73 50 7:0)
588 2134 140 48 Kungl.
771 2136 108 49 Maj:t
907 2136 66 37 har
1001 2137 120 37 under
1147 2139 124 48 punkt
1299 2140 21 35 5
1350 2152 47 24 av
1425 2140 125 37 denna
1578 2140 214 38 huvudtitel
1820 2142 159 37 föresla-

156 2186 55 23 tion
230 2186 45 38 och
292 2185 69 24 löne
378 2185 58 49 ort
464 2186 208 49 riksdagen
701 2192 55 31 att

167 2220 130 31 reglering
315 2228 32 15 av
709 2244 14 5 os
847 2239 7 7 .
1022 2243 9 9 o
1359 2243 6 7 .
1549 2224 18 35 mv.
1724 2245 6 6 .
1861 2246 6 6 .
1945 2247 6 6 .

183 2254 68 24 Bed
275 2254 55 24 Ra
482 2238 74 36 dels
600 2238 204 49 godkänna
844 2253 12 22 i
898 2241 418 49 statsrådsprotokollet
1356 2248 150 44 intaget
1534 2244 144 49 förslag
1705 2246 57 35 till
1790 2246 188 37 ordinarie

190 2288 133 30 styrelsen.
378 2294 75 30 stat
498 2290 70 35 och
606 2293 294 46 övergångsstat
940 2292 59 36 för
1030 2293 395 50 medicinalstyrelsen,
1455 2301 54 30 att
1551 2296 188 49 tillämpas
1781 2297 83 37 från
1905 2298 73 36 och

220 2339 67 46 [5-]
