2116 2650
707 184 265 43 Lag-Utskottets
1000 187 168 33 Utlåtande
1192 189 61 32 N:o
1275 190 52 32 51.
1731 198 38 29 23

754 273 249 38 (Lag-Utskottets
1021 275 132 38 förslag:
1171 277 104 36 forts.)

256 778 230 41 Förordning
509 781 181 40 angående
714 782 197 33 förändrad
935 783 136 40 lydelse
1095 784 41 33 af
1153 786 17 32 1
1194 786 21 42 8
1238 786 12 32 i
1272 786 274 43 Förordningen
1570 791 182 40 angående

305 839 180 33 särskilda
507 841 183 40 protokoll
714 842 102 33 öfver
838 842 194 42 lagfarter,
1056 844 254 42 inteckningar
1333 847 66 32 och
1424 848 112 33 andra
1558 850 157 32 ärenden

830 902 67 33 den
924 904 39 31 16
986 903 88 33 Juni
1097 904 92 34 1875.

339 1013 216 46 Härigenom
584 1015 194 46 förordnas,
807 1020 54 32 att
892 1020 16 33 1
938 1017 22 47 8
988 1019 11 34 i
1026 1018 264 46 Förordningen
1310 1018 179 47 angående
1508 1023 172 35 särskilda
1695 1026 112 41 proto-

204 1065 71 34 koll
304 1065 99 36 öfver
429 1066 185 45 lagfarter,
643 1068 248 45 inteckningar
918 1071 62 33 och
1008 1071 110 34 andra
1146 1072 152 34 ärenden
1326 1072 65 34 den
1422 1074 42 33 16
1493 1072 87 36 Juni
1603 1076 94 33 1875
1717 1076 91 34 skall

205 1113 132 38 erhålla
366 1116 153 45 följande
546 1118 211 36 förändrade
785 1120 145 43 lydelse:

970 1242 16 32 1
1008 1239 41 47 8.

338 1313 111 43 Öfver
487 1322 154 45 följande
681 1324 152 35 ärenden
873 1326 98 34 skola
999 1326 59 36 vid
1084 1327 186 35 underrätt
1296 1327 95 35 föras
1419 1329 173 35 särskilda
1620 1327 185 53 protokoll,

202 1372 189 44 nemligen:
435 1375 51 32 ett
527 1373 98 36 öfver
665 1375 174 44 lagfarter
878 1377 77 34 med
988 1375 85 47 fång
1100 1378 40 34 af
1163 1378 71 35 fast
1261 1379 181 45 egendom;
1472 1382 51 32 ett
1550 1380 100 36 öfver
1675 1382 131 35 inteck-

203 1423 128 44 ningar
357 1423 9 35 i
396 1421 109 37 sådan
541 1426 182 45 egendom;
765 1429 51 32 ett
843 1427 99 36 öfver
969 1429 350 46 äktenskapsförord;
1362 1433 51 32 ett
1440 1430 99 36 öfver
1565 1431 242 45 förmyndares

205 1474 218 34 tillsättande
464 1475 63 34 och
568 1477 254 45 entledigande,
856 1482 90 31 samt
974 1482 51 32 ett
1052 1480 99 36 öfver
1177 1481 337 45 bouppteckningar,
1542 1482 262 46 morgongåfvo-

202 1525 81 34 bref
307 1526 62 33 och
398 1525 250 46 afbhandlingar
676 1538 53 24 om
756 1529 192 44 lösöreköp.
990 1530 66 35 Uti
1083 1531 162 44 lagfarts-
1273 1533 65 33 och
1364 1533 442 44 inteckningsprotokollen

203 1576 91 34 skall
321 1576 54 34 för
402 1576 125 45 hvarje
555 1578 128 34 ärende
710 1576 21 37 å
757 1580 155 34 brädden
939 1582 146 34 tecknas
1112 1585 142 32 namnet
1280 1580 45 46 på
1352 1583 66 34 den
1446 1585 178 44 egendom,
1645 1596 70 24 som
1734 1586 71 45 lag-

202 1626 94 35 fares
324 1628 84 33 eller
434 1627 194 46 intecknas,
658 1630 64 34 och
748 1630 53 34 uti
829 1630 113 46 öfriga
969 1633 217 42 protokollen
1213 1633 55 35 för
1293 1633 125 46 hvarje
1437 1635 128 34 ärende
1584 1636 77 34 med
1675 1637 130 35 undan-

202 1680 63 42 tag
292 1678 40 34 af
355 1679 372 45 bouppteckningarne
753 1685 143 32 namnet
923 1680 21 37 å
970 1683 66 34 den
1062 1694 125 34 person
1213 1685 146 34 ärendet
1385 1688 108 32 rörer.

335 1728 74 35 Vid
448 1728 276 38 Rådstufvurätt
763 1733 91 34 skall
894 1734 65 34 ock
998 1734 95 35 föras
1133 1736 167 34 särskildt
1334 1737 174 43 protokoll
1536 1737 99 36 öfver
1660 1738 144 45 förlags-

202 1779 258 45 inteckningar.
515 1780 18 35 I
573 1782 59 34 det
670 1784 173 42 protokoll
883 1785 90 34 skall
1012 1785 55 35 för
1105 1786 125 45 hvarje
1270 1787 128 34 ärende
1425 1785 21 36 å
1473 1788 154 34 brädden
1658 1790 146 34 tecknas

197 1830 298 45 förlagstagarens
520 1843 106 24 namn
649 1834 104 41 jemte
779 1835 137 44 uppgift
942 1848 51 23 om
1017 1837 152 35 rörelsen
1201 1837 57 35 och
1284 1838 123 43 stället,
1427 1838 135 36 hvarest
1580 1840 67 34 den
1661 1840 141 42 drifves.

336 1881 80 35 Har
442 1880 195 47 någotdera
665 1884 39 35 af
728 1885 41 34 de
796 1887 164 44 ärenden,
988 1888 151 35 nämnda
1166 1892 72 40 äro,
1267 1889 77 35 icke
1371 1889 182 45 förevarit,
1581 1892 108 34 varde
1717 1892 88 34 det
1781 1876 28 62 i

201 1933 211 42 protokollet
439 1935 174 34 anmärkt.

337 1982 127 36 Denna
490 1984 206 46 förordning
722 1987 91 35 skall
839 1988 105 36 lända
976 1990 55 36 till
1052 1990 236 37 efterrättelse
1306 1988 79 38 från
1404 1991 66 35 den
1495 1992 14 34 1
1526 1990 154 37 Januari
1699 1995 103 35 /554.
