2119 2649
671 215 84 43 Lag-
768 208 180 54 Utskottets
961 215 168 31 Utlåtande
1152 213 62 32 N:o
1239 217 48 29 51.
1699 214 38 29 39

576 304 86 45 gadt
689 307 50 41 är,
768 303 98 46 njute
893 303 215 46 förlagsman
1135 303 106 35 sedan
1261 299 226 38 förmånsrätt
1501 300 55 35 för
1570 300 52 35 sin
1638 299 142 35 fordran

576 356 11 34 i
613 356 171 44 inbergad
810 356 121 45 gröda,
959 356 231 43 tillverkning
1217 354 63 35 och
1307 351 130 46 fångst,
1457 353 12 34 i
1490 353 41 34 de
1558 352 54 35 för
1626 352 154 34 rörelsen

575 408 128 43 nödiga
743 405 62 36 råa
845 411 136 39 ämnen,
1009 408 12 33 i
1048 407 199 43 fordringar
1278 406 62 33 hos
1368 406 162 33 arbetare
1558 404 84 34 eller
1670 404 108 33 andra

575 458 54 34 för
656 455 131 37 sådana
814 458 162 43 förskott,
1005 468 71 24 som
1103 457 54 34 för
1183 457 172 34 rörelsens
1376 455 84 34 drift
1479 455 158 34 lemnade
1651 454 128 43 blifvit,

575 506 39 38 så
641 509 65 35 ock
732 509 12 34 i
771 510 47 34 all
844 510 51 34 lös
922 509 177 44 egendom,
1128 519 71 24 som
1226 508 54 34 till
1306 506 153 35 rörelsen
1485 506 103 34 hörer
1615 515 85 25 vare
1728 505 53 44 sig

574 561 162 43 redskap,
764 561 144 43 boskap,
937 561 162 43 dragare,
1127 559 176 34 farkoster
1336 558 83 34 eller
1447 560 125 41 annat;
1604 559 90 32 samt
1721 557 59 35 vid

575 611 115 44 förlag
730 611 55 34 till
816 611 224 45 grufvedrift,
1068 611 12 34 i
1108 610 125 45 sjelfva
1261 609 165 45 grufvan,
1455 609 60 34 der
1543 609 66 33 den
1634 609 79 34 icke
1740 612 40 30 är

574 664 54 32 att
656 673 82 24 anse
766 660 112 37 såsom
905 662 218 44 tillhörighet
1149 661 55 35 till
1230 661 231 44 gäldenärens
1488 660 92 34 fasta
1596 660 182 44 egendom;

575 713 89 35 dock
702 714 92 43 gälle
835 713 30 45 ej
907 711 229 37 förmånsrätt
1169 712 54 34 för
1250 714 114 42 ränta,
1393 722 71 24 som
1490 711 75 34 före
1592 710 124 50 början
1745 710 38 35 af

574 765 158 33 konkurs
770 766 177 42 upplupen
978 768 40 31 är
1045 764 54 34 för
1125 764 121 44 längre
1273 764 52 33 tid
1352 767 45 30 än
1423 765 54 32 tre
1505 760 48 37 år.
1621 762 54 34 År
1714 762 65 34 för-

573 816 285 44 lagsinteckning
896 815 155 45 beviljad
1091 814 54 35 för
1183 814 102 35 fleres
1324 814 211 44 fordringar,
1577 813 106 35 hafve
1715 815 66 32 den

574 866 187 45 företräde,
802 877 69 24 som
912 866 205 44 inteckning
1143 865 88 35 först
1258 866 94 44 sökt,
1381 865 108 36 hafva
1516 865 84 35 flere
1627 865 80 34 sökt
1733 865 47 34 in-

572 918 167 44 teckning
778 915 21 37 å
838 929 42 24 en
913 919 79 43 dag,
1022 928 62 34 ege
1110 917 73 34 lika
1214 920 83 31 rätt.
1350 916 131 45 Börjar
1507 917 156 34 konkurs
1689 916 92 34 inom

573 979 42 24 en
655 966 126 37 månad
821 969 89 34 efter
946 970 58 33 det
1030 969 301 43 förlagsteckning
1360 967 115 35 blifvit
1502 968 89 43 sökt,
1620 978 86 25 vare
1733 968 48 34 in-

573 1020 214 44 teckningen
813 1023 87 32 utan
927 1021 145 35 verkan.
1115 1018 43 46 HEj
1188 1019 110 35 heller
1325 1020 90 43 gälle
1430 1019 349 45 förlagsinteckning,

573 1081 72 24 som
673 1071 120 35 blifvit
819 1072 79 34 sökt
926 1081 130 25 samma
1085 1071 78 44 dag,
1193 1068 43 37 då
1262 1071 157 34 konkurs
1446 1070 135 45 börjats
1609 1072 84 33 eller
1707 1072 73 33 der-

575 1122 100 35 efter.

623 1172 107 35 Mom.
762 1175 32 32 3.
849 1172 127 35 Denna
1016 1173 204 43 förordning
1259 1173 90 33 skall
1389 1173 76 34 icke
1498 1173 175 44 tillimpas
1700 1174 11 34 i
1739 1174 41 33 de

574 1221 389 47 förmånsrättstvister,
1005 1235 70 24 som
1115 1227 104 41 göras
1259 1223 201 46 anhängiga
1500 1224 74 36 före
1601 1222 180 47 utgången

576 1275 39 34 af
640 1273 196 37 December
862 1273 127 37 månad
1020 1277 104 33 1882.

575 1374 41 49 C)
644 1375 233 47 Förordning,
906 1375 180 47 angående
1113 1377 190 36 förändrad
1329 1379 131 44 lydelse
1488 1379 39 35 af
1552 1381 20 33 2
1601 1380 63 34 och
1686 1383 19 32 5
1733 1378 48 47 88

771 1427 274 47 Konkurslagen
1072 1429 66 34 den
1169 1431 43 32 18
1242 1428 203 45 September
1475 1432 105 33 1862.

766 1513 105 46 (Lika
898 1515 150 43 lydande
1075 1515 77 34 med
1180 1514 205 37 Utskottets
1412 1515 176 46 förslag.)»

578 1616 42 35 B.
676 1617 78 34 Mot
782 1617 175 35 särskilda
984 1617 99 34 delar
1110 1616 45 44 af
1174 1617 203 35 utlåtandet.

962 1684 28 35 I

313 1752 38 39 a)
378 1752 219 35 beträffande
625 1753 170 44 förslaget
822 1753 54 34 till
905 1753 224 44 Förordning
1157 1754 176 43 angående
1350 1754 353 45 förlagsinteckning:

939 1838 78 46 18.

308 1903 39 33 af
383 1903 82 34 herr
504 1904 212 44 bergström,
745 1907 71 32 mot
843 1905 182 34 införande
1052 1906 11 33 i
1091 1906 112 34 denna
1230 1905 22 45 8
1280 1906 90 34 efter
1397 1907 98 34 ordet
1535 1908 242 42 »qrufvedrift>

174 1952 39 34 af
238 1953 103 34 orden
375 1953 124 43 »iäfven
526 1955 62 34 der
615 1956 115 34 denna
756 1957 35 41 ej
816 1961 41 29 är
884 1959 49 31 att
960 1956 53 34 till
1040 1956 181 45 bergsbruk
1247 1956 186 46 hänföra»;

276 2037 39 34 af
339 2037 140 35 Herrar
506 2038 142 36 Anders
675 2039 161 44 Persson,
864 2041 157 44 Magnus
1034 2041 150 36 Jonsson
1204 2043 63 34 och
1288 2042 194 45 Smedberg,
1502 2044 122 35 hvilka
1639 2045 144 35 instämt

173 2087 12 34 i
200 2086 97 35 Herr
326 2087 202 36 Samzelius'
559 2091 218 34 reservation
805 2091 128 44 derom,
963 2094 54 32 att
1044 2093 217 44 rättigheten
1281 2093 54 33 till
1354 2093 338 47 förlagsinteckning
1705 2098 79 33 bort

175 2140 206 33 utsträckas
408 2139 54 34 till
491 2141 69 33 alla
588 2141 94 44 slags
708 2141 180 44 näringar,
918 2144 94 32 utom
1040 2144 138 44 handel,
1196 2145 63 34 och
1272 2143 206 36 Utskottets
1493 2145 133 45 förslag
1640 2147 144 35 affattas

176 2188 12 34 i
229 2189 361 37 öfverensstämmelse
631 2192 150 44 dermed,
823 2195 91 32 samt
954 2196 55 31 att
1035 2194 224 46 följaktligen
1286 2194 170 45 förslaget
1482 2197 51 34 till
1563 2196 221 46 Förordning

178 2242 181 41 angående
398 2242 149 44 lösören,
582 2253 71 24 som
682 2243 189 44 jordegare
898 2245 131 34 lemnat
1055 2246 126 34 landbo
1208 2248 54 33 till
1290 2246 228 43 egendomens
1544 2249 102 43 bruk,
1674 2250 111 33 under

178 2292 152 34 nämnda
358 2292 257 45 förutsättning
641 2294 135 34 komme
805 2297 53 32 att
884 2294 111 36 blifva
1023 2296 231 46 öfverflödigt.
