1922 2850
97 1329 130 27 Utskottet
247 1331 32 24 år

147 1367 79 25 1924.

310 163 19 31 2
514 165 106 29 Första
644 166 184 30 kammarens
853 166 141 32 andra
1022 171 151 37 tillfälliga
1196 172 119 29 utskotts
1339 174 148 30 utlåtande
1509 176 47 28 Nr
1581 178 26 28 1.

311 239 75 32 vårt
407 239 183 40 näringsliv
612 241 13 32 i
647 242 71 32 dess
740 243 210 39 grundvalar,
976 245 12 31 i
1011 246 202 39 svårigheter
1234 249 122 32 råkade
1381 250 174 39 bankerna,
1580 253 66 32 kan
1670 254 127 33 betrak-

310 287 51 29 tas
380 285 105 31 såsom
502 296 48 26 en,
570 285 51 32 för
638 290 49 28 att
705 287 131 33 minska
852 288 126 33 krisens
999 290 204 40 fördärvliga
1220 293 168 33 allmänna
1407 294 126 39 följder,
1554 296 133 35 lämnad
1704 299 93 38 hjälp

310 328 54 32 till
393 329 188 39 självhjälp,
610 331 19 31 å
656 331 112 32 vilken
798 336 106 28 staten
932 333 193 40 visserligen
1154 336 89 38 löper
1272 349 39 20 en
1340 338 78 39 risk,
1449 351 71 20 men
1550 352 69 20 som
1645 342 80 39 icke,
1755 344 41 31 då

308 372 134 39 hjälpen
465 373 176 40 lämnades,
665 375 166 33 inneburit
852 378 107 37 någon
982 379 108 33 direkt
1112 380 188 33 ekonomisk
1323 383 207 39 uppoffring.
1554 385 95 33 Hade
1672 398 124 22 samma

310 417 71 32 stöd
408 417 141 33 lämnats
576 419 255 40 Privatbanken,
860 421 128 34 vilkens
1016 424 192 39 undergång
1236 426 200 34 förorsakats
1463 428 264 41 huvudsakligen
1754 444 42 20 av

310 462 174 39 brottsliga
510 463 78 32 eller
615 464 103 33 andra
744 466 200 37 åtgöranden
974 467 75 32 från
1077 469 243 33 verkställande
1349 472 198 33 direktörens
1578 474 80 38 sida,
1689 475 106 32 skulle

310 506 89 33 detta
424 507 12 31 i
463 507 167 33 realiteten
655 509 71 32 icke
750 510 139 32 kommit
914 514 50 29 att
987 512 158 33 innebära
1170 515 99 37 något
1294 521 101 28 annat
1420 522 40 26 än
1487 530 38 19 en
1550 530 56 20 ren
1631 520 84 36 gåva
1742 520 53 32 till

309 550 145 33 bankens
479 552 292 39 fordringsägare.»

352 595 216 34 Beträffande
596 597 38 33 de
660 598 166 39 insättare,
856 611 67 21 som
951 600 76 33 hårt
1054 602 107 32 skulle
1187 603 139 32 drabbas
1356 617 40 19 av
1424 606 60 32 den
1511 607 189 38 uppkomna
1729 609 63 31 för-

307 639 108 32 lusten
436 641 58 31 och
516 641 94 33 vilka
628 642 109 33 kunde
759 643 166 33 betraktas
949 646 104 31 såsom
1076 647 164 38 egentliga
1263 660 141 27 sparare,
1428 651 151 33 anfördes
1601 652 125 33 vidare:

356 684 220 33 »Hithörtande
612 686 265 40 fordringsägare
910 690 90 31 torde
1035 690 36 32 få
1106 695 135 35 antagas
1277 693 263 40 huvudsakligen
1576 697 134 32 befinna
1744 698 52 37 sig

308 728 99 32 bland
431 730 81 37 dem,
540 742 67 20 som
631 731 75 32 haft
730 732 103 32 medel
858 733 208 34 innestående
1088 737 43 36 på
1156 748 24 20 s.
1206 737 32 31 k.
1265 738 324 41 sparkasseräkning.
1614 741 107 33 Bland
1745 743 47 30 in-

307 776 147 30 sättarna
476 775 19 30 å
520 775 102 32 andra
645 776 179 38 räkningar
846 777 78 32 eller
946 778 100 33 bland
1070 780 115 38 övriga
1208 781 264 40 fordringsägare
1499 784 110 33 finnas
1632 786 53 31 väl
1712 791 81 27 även

306 817 131 39 sådana,
464 819 52 32 för
537 819 93 33 vilka
653 820 156 34 liknande
835 822 72 32 skäl
931 823 53 31 till
1006 825 183 38 ersättning
1214 826 107 32 skulle
1345 827 113 32 kunna
1481 828 166 39 åberopas.
1673 831 74 31 Men
1772 833 19 30 å

305 862 103 32 andra
432 863 93 32 sidan
551 864 90 32 bestå
668 865 292 40 fordringsägarna
985 872 81 28 även
1093 881 40 20 av
1159 870 130 38 sådana,
1317 871 109 32 vilkas
1453 872 187 39 fordringar
1663 876 129 37 grunda

305 906 52 38 sig
384 908 44 37 på
455 909 248 38 transaktioner,
734 922 77 26 som,
840 914 81 29 trots
948 913 224 32 underskottet
1199 914 12 31 i
1240 914 254 40 Privatbanken,
1523 918 89 32 varit
1639 919 51 31 för
1717 920 73 31 dem

307 952 132 37 mycket
461 952 178 33 lukrativa.
663 954 117 38 Någon
805 956 182 39 ersättning
1009 969 41 20 av
1075 959 185 32 statsmedel
1287 960 52 31 för
1363 960 59 32 den
1447 961 190 40 minskning
1658 964 12 31 i
1692 964 99 32 vinst,

305 1008 68 19 som
395 995 259 49 Privatbankens
678 999 53 31 till
754 1003 66 28 stor
843 1000 51 32 del
917 1002 43 36 på
983 1002 93 32 dessa
1098 1003 241 32 transaktioner
1361 1005 154 32 beroende
1538 1006 145 33 konkurs
1705 1008 85 32 med-

306 1040 66 32 fört
400 1041 50 31 för
479 1041 93 33 dessa
599 1043 274 39 fordringsägare,
901 1045 84 32 lärer
1012 1047 258 38 uppenbarligen
1299 1048 71 32 icke
1398 1050 112 32 kunna
1537 1047 253 46 ifrågakomma.

304 1084 68 32 Och
391 1085 164 38 knappast
574 1099 99 26 synas
693 1088 37 31 de
750 1088 82 38 skäl,
855 1101 67 20 som
942 1102 41 20 av
1001 1091 199 32 motionären
1221 1093 136 38 anförts,
1378 1094 113 32 kunna
1509 1095 155 39 åberopas
1684 1097 105 32 såsom

304 1129 71 32 stöd
404 1129 52 32 för
481 1131 182 38 ersättning
690 1133 35 31 åt
752 1132 158 33 insättare
937 1135 43 37 på
1008 1135 123 33 sådana
1157 1136 131 39 platser,
1319 1137 60 32 där
1406 1150 38 20 en
1472 1139 79 32 eller
1579 1140 80 32 flere
1687 1142 100 31 andra

303 1173 124 33 banker
445 1175 81 31 stått
542 1175 53 32 till
615 1176 83 32 buds
720 1177 52 31 för
790 1178 168 38 placering
977 1191 41 20 av
1038 1179 92 33 deras
1151 1181 110 38 medel,
1285 1182 58 32 och
1364 1183 51 31 för
1434 1183 93 32 vilka
1547 1185 163 32 måhända
1729 1186 58 31 den

304 1230 41 19 av
380 1217 244 35 Privatbanken
659 1221 192 39 tillämpade
886 1223 100 38 högre
1021 1224 286 39 inlåningsräntan
1344 1227 86 32 varit
1467 1228 240 34 bestämmande
1733 1231 57 30 vid

304 1263 141 32 medlens
464 1264 168 38 placering
649 1265 11 31 i
682 1266 104 32 denna
806 1267 116 32 bank.»

348 1316 64 31 För
435 1329 78 26 egen
537 1318 50 31 del
610 1319 136 33 anförde
770 1320 159 32 utskottet
951 1321 11 31 i
984 1322 58 32 sitt
1064 1323 168 32 utlåtande
1257 1336 38 19 nr
1321 1326 16 30 7
1366 1325 157 37 följande:

350 1369 183 33 »Utskottet
557 1372 52 30 får
629 1372 52 31 till
706 1385 38 19 en
768 1373 112 38 början
905 1374 107 33 erinra
1036 1376 120 37 därom,
1182 1380 46 28 att
1254 1377 174 39 riksdagen
1451 1379 11 31 i
1486 1377 156 35 skrivelse
1665 1380 58 32 den
1748 1382 39 29 22

303 1435 85 20 mars
413 1424 93 37 1923,
530 1437 37 18 nr
590 1426 49 31 64,
665 1427 134 31 rörande
822 1428 178 32 tecknande
1025 1442 40 19 av
1089 1430 104 31 aktier
1213 1431 11 30 i
1245 1435 46 27 ett
1315 1432 51 31 för
1387 1434 216 36 övertagande
1625 1445 40 20 av
1688 1434 100 32 aktie-

302 1477 130 37 bolaget
464 1477 146 34 Svenska
641 1479 227 33 lantmännens
900 1482 103 31 banks
1036 1484 116 31 rörelse
1184 1484 105 31 bildat
1322 1485 186 38 aktiebolag
1542 1490 113 34 yttrat,
1689 1488 99 31 bland

303 1534 109 34 annat,
443 1535 48 28 att
520 1531 55 32 'ett
604 1533 277 38 statsingripande
908 1535 10 30 i
949 1535 212 33 förevarande
1191 1537 60 32 fall
1280 1539 103 31 under
1409 1539 78 38 inga
1515 1540 274 38 omständigheter

304 1584 91 38 finge
424 1596 92 20 anses
544 1585 156 33 innebära
730 1591 46 28 ett
805 1588 207 32 erkännande
1045 1602 42 19 av
1118 1593 119 29 statens
1269 1591 191 38 skyldighet
1490 1596 47 29 att
1567 1593 12 31 i
1611 1594 176 31 allmänhet

302 1641 173 32 garantera
498 1639 197 33 insättarnas
721 1641 124 32 medel.
868 1641 52 32 Då
944 1654 43 20 nu
1010 1643 198 32 motionären
1232 1656 96 25 synes
1351 1645 82 37 vilja
1455 1650 79 33 göra
1555 1647 161 38 gällande,
1740 1652 48 27 att

303 1691 255 37 privatbankens
587 1693 157 33 insättare
774 1694 72 32 icke
874 1699 72 28 rönt
976 1708 125 20 samma
1131 1697 199 39 behandling
1362 1698 74 32 från
1468 1703 122 29 statens
1621 1701 71 32 sida
1720 1713 67 20 som

303 1744 182 33 insättarna
507 1746 12 30 1
542 1746 89 32 vissa
656 1747 102 33 andra
782 1748 227 39 bankföretag,
1036 1754 59 27 när
1117 1750 92 32 dessa
1232 1751 95 32 råkat
1350 1752 10 30 i
1385 1764 123 20 samma
1530 1754 174 37 trångmål,
1729 1755 58 30 och

304 1801 48 28 att
379 1798 38 32 de
444 1799 226 33 förstnämnda
695 1800 185 34 insättarna
906 1802 111 32 därför
1045 1803 121 38 begära
1193 1804 104 31 såsom
1323 1817 39 19 en
1390 1806 156 31 moralisk
1574 1807 138 32 rättvisa
1740 1812 49 27 att

303 1851 91 32 bliva
412 1852 170 33 likställda
601 1853 12 31 i
631 1857 46 28 ett
695 1854 104 38 enligt
818 1855 91 32 deras
929 1856 132 38 mening
1081 1856 79 32 fullt
1178 1857 134 38 analogt
1330 1858 71 36 fall,
1422 1858 60 33 har
1499 1859 158 33 utskottet
1678 1860 110 32 funnit

303 1905 52 38 sig
378 1905 78 33 böra
479 1909 78 35 taga
581 1907 158 39 ställning
761 1908 53 31 till
839 1909 60 32 den
926 1909 103 38 fråga,
1056 1921 66 20 som
1145 1910 116 31 härvid
1287 1912 101 31 måste
1414 1924 91 20 anses
1529 1914 183 37 avgörande
1737 1914 51 31 för

302 1962 45 28 ett
376 1959 195 32 bedömande
600 1972 41 20 av
669 1960 75 33 hela
771 1961 89 32 detta
888 1963 168 37 spörsmål,
1086 1963 164 38 nämligen
1278 1964 166 33 huruvida
1471 1967 318 37 omständigheterna

269 2010 90 33 vid
387 2012 255 38 privatbankens
670 2014 135 32 iråkade
834 2015 201 38 svårigheter
1061 2017 87 31 varit
1178 2029 41 20 av
1247 2018 203 38 väsentligen
1480 2031 125 21 samma
1632 2020 156 32 karaktär

304 2077 68 19 som
396 2066 56 31 vid
478 2066 37 32 de
538 2067 110 38 andra,
673 2079 115 26 genom
813 2072 122 29 statens
961 2069 128 38 försorg
1111 2070 128 38 hjälpta
1263 2071 182 32 bankernas
1472 2072 164 32 obestånd.
1662 2073 126 32 Endast

303 2119 103 32 under
436 2119 245 39 förutsättning,
712 2125 48 28 att
790 2122 35 31 så
853 2122 87 32 varit
969 2123 104 37 fallet,
1107 2123 105 32 skulle
1241 2124 105 38 enligt
1374 2125 174 32 utskottets
1581 2127 207 31 förmenande

302 2172 116 32 kravet
442 2174 42 37 på
509 2173 69 33 lika
603 2174 200 39 behandling
828 2175 73 32 från
929 2179 121 28 statens
1076 2176 71 32 sida
1170 2177 113 32 kunna
1307 2197 45 3 —
1378 2177 71 33 icke
1473 2190 40 20 ur
1536 2179 151 38 juridisk,
1715 2192 71 19 men

303 2225 56 32 väl
383 2226 75 32 från
480 2227 155 32 moralisk
657 2228 172 38 synpunkt
850 2248 44 3 —
917 2241 92 20 anses
1031 2229 88 32 hava
1141 2230 56 38 fog
1220 2230 50 31 för
1294 2230 61 38 sig.
1378 2230 166 33 Utskottet
1565 2232 61 32 har
1647 2233 140 32 emeller-

303 2279 50 31 td
375 2279 71 32 icke
470 2279 97 33 blivit
591 2284 182 35 övertygat,
799 2285 49 29 att
873 2282 215 32 motionärens
1115 2283 86 33 åsikt
1227 2288 36 27 är
1287 2283 112 39 riktig,
1426 2284 57 32 och
1508 2285 66 32 kan
1598 2285 70 32 icke
1695 2286 93 31 finna

303 2335 100 29 annat
427 2337 40 27 än
491 2336 49 29 att
561 2333 100 33 bank-
685 2334 57 32 och
766 2335 322 38 fondinspektionens
1112 2336 146 32 uttalade
1280 2337 227 39 uppfattning,
1531 2342 49 28 att
1603 2339 38 31 de
1667 2339 119 31 förhål-

303 2385 127 38 landen,
456 2398 66 20 som
545 2387 87 32 varit
658 2388 217 38 förknippade
899 2389 71 31 med
993 2389 255 38 privatbankens
1272 2390 215 38 verksamhet,
1514 2391 71 32 icke
1609 2392 12 31 i
1643 2392 144 31 tillräck-

304 2439 49 38 lig
381 2440 75 31 mån
486 2445 54 27 äro
567 2440 203 38 jämförbara
797 2442 72 32 med
897 2442 38 32 de
962 2443 153 38 åsyftade
1142 2443 274 39 bankföretagens
1446 2444 168 38 ställning,
1643 2445 56 31 bör
1727 2450 61 32 äga

301 2492 135 33 vitsord.
458 2493 171 38 Därjämte
650 2506 96 26 synes
768 2495 54 32 det
843 2496 166 38 utskottet,
1033 2499 49 29 att
1105 2508 37 20 en
1166 2496 184 39 utredning,
1375 2497 99 32 sådan
1498 2510 67 19 som
1590 2498 195 32 motionären
