1912 2854
420 176 193 28 Sanmansatt
635 173 81 28 stats-
740 171 49 29 och
806 171 100 35 första
930 168 167 36 lagutskotts
1120 164 146 30 utlåtande
1288 163 46 28 Nr
1356 163 28 28 2.
1605 156 38 30 27

141 251 158 33 kallande
324 262 40 19 av
388 245 389 41 militärhandräckning
799 244 53 31 för
865 242 209 40 ordningens
1091 236 303 45 upprätthållande
1410 232 237 44 regelmässigt

143 295 86 31 skall
252 292 208 32 förbehållas
482 290 126 40 Kungl.
632 288 107 41 Maj:t.

196 345 121 32 Såsom
342 340 251 42 inledningsvis
617 338 172 32 anmärkts
812 336 138 31 väcktes
973 335 72 30 före
1069 329 239 35 avlämnandet
1330 340 41 20 av
1393 325 253 43 ifrågavarande

141 394 218 44 proposition
383 396 50 29 tre
456 391 169 32 motioner
647 390 12 31 i
681 387 222 33 förevarande
926 387 108 30 ämne.

201 446 17 31 I
242 445 215 31 motionerna
479 443 18 30 I
511 442 38 31 :3
573 453 39 20 av
634 440 80 32 herr
736 438 118 33 Möller
876 437 84 40 m.fl.
986 435 64 31 och
1072 434 38 31 II
1125 434 37 30 :2
1186 443 39 20 av
1240 431 79 31 herr
1335 430 154 31 Hansson
1505 428 11 30 i
1533 426 115 33 Stock-

147 497 93 31 holm
263 508 39 19 mm.
316 482 32 59 fl.
372 494 185 41 redogöres
580 491 52 32 till
655 502 41 20 en
719 489 122 41 början
864 488 52 31 för
939 486 213 32 tillkomsten
1175 494 41 20 av
1238 493 87 20 ovan
1349 478 223 34 omförmälda
1594 477 54 32 be-

146 547 196 32 stämmelse
366 546 11 30 i
400 544 21 42 8
444 545 38 30 28
505 541 293 42 värnpliktslagen
822 537 174 42 angående
1018 533 196 34 inkallande
1238 544 40 20 av
1301 530 225 42 beväringens
1542 529 107 31 första

147 597 141 42 uppbåd
311 597 54 41 (jfr
389 606 85 21 ovan
498 593 62 32 sid.
585 592 50 42 24)
659 591 64 32 och
746 590 137 32 anföres
905 587 116 32 vidare
1044 585 105 32 bland
1172 585 116 31 annat:

195 648 198 41 Riksdagen
429 646 80 31 1925
543 643 87 32 hade
665 641 145 32 sålunda
843 639 123 32 uttalat
1001 637 51 41 sig
1085 638 84 37 mot
1190 632 224 34 användande
1441 643 40 19 av
1508 630 142 32 militärt

145 690 165 41 manskap
335 700 73 21 som
433 685 261 42 ordningsmakt
716 683 58 32 vid
790 682 127 32 sociala
932 680 191 32 konflikter.
1147 678 96 31 Även
1261 686 119 22 senare
1395 674 90 31 hade
1501 673 148 41 emeller-

144 734 50 31 tid
218 733 122 31 sådant
364 729 222 33 användande
607 739 40 20 av
663 726 143 32 militärt
822 723 166 41 manskap
1003 719 228 38 förekommit,
1248 718 106 32 bland
1370 718 105 30 annat
1489 716 12 30 i
1516 715 133 31 Adalen

143 776 110 31 under
275 774 65 41 maj
367 772 122 32 månad
513 771 90 31 1931.
635 769 53 31 De
711 766 220 44 upprörande
954 764 170 41 följderna
1147 773 40 20 av
1203 761 191 31 militärens
1410 756 240 44 uppträdande

143 818 57 31 vid
223 816 123 33 Lunde
371 814 183 41 torsdagen
579 812 66 32 den
670 812 39 30 14
732 810 76 41 maj,
834 809 43 31 då
898 808 68 31 fem
990 806 146 32 svenska
1159 803 224 41 medborgare
1399 801 83 31 föllo
1500 800 83 31 offer
1598 799 53 31 för

144 859 198 43 eldgivning
366 869 40 20 av
430 856 124 32 svensk
577 854 135 37 militär,
736 852 90 32 hade
850 850 89 42 gjort
962 849 59 32 det
1044 848 53 31 till
1121 858 41 20 en
1186 845 185 41 tvingande
1394 841 257 42 nödvändighet

144 905 50 29 att
227 905 88 38 ånyo
350 902 78 39 taga
458 910 71 30 upp
562 898 118 40 frågan
714 906 55 20 om
802 894 172 31 militären
1009 890 65 32 och
1097 890 41 31 de
1163 888 126 32 sociala
1311 886 229 32 konflikterna
1563 886 88 29 samt

144 945 84 32 söka
251 945 93 30 finna
368 954 42 20 en
434 939 170 43 slutgiltig
625 938 139 41 lösning
788 947 39 21 av
851 936 207 31 densamma.

198 987 98 31 Efter
318 984 229 32 händelserna
569 982 12 31 i
604 981 123 32 Lunde
750 979 88 31 hade
861 978 75 31 från
960 976 91 31 olika
1073 974 71 32 håll
1167 972 108 33 starkt
1297 970 206 32 framhållits
1526 968 125 41 olämp-

145 1030 152 41 ligheten
331 1039 41 20 av
404 1026 146 31 militärs
582 1022 224 41 användande
840 1021 53 30 för
925 1018 201 43 polistjänst
1159 1015 110 31 under
1302 1013 128 32 sociala
1459 1010 191 33 konflikter.

147 1072 76 31 Den
247 1082 40 20 av
309 1069 201 41 regeringen
534 1066 146 32 tillsatta
702 1061 384 35 Ådalskommissionen
1107 1057 162 38 uttalade,
1286 1058 50 29 att
1355 1055 109 41 »varje
1480 1052 171 33 tänkande

146 1113 196 33 människa»
380 1113 109 30 måste
527 1119 154 30 »reagera
714 1108 72 30 mot
821 1107 50 29 att
905 1104 58 31 det
997 1113 75 21 som
1101 1100 113 32 hände
1242 1097 200 33 överhuvud
1466 1096 109 31 skulle
1597 1095 55 31 be-

145 1157 88 31 höva
266 1155 167 31 inträffa».
478 1150 284 34 Kommissionen
795 1147 135 42 yttrade
964 1145 129 31 vidare:
1132 1143 72 30 »En
1237 1140 138 38 kravall,
1404 1150 73 21 som
1505 1138 12 31 i
1540 1139 112 40 någon

146 1210 39 20 av
218 1198 108 31 rikets
361 1198 109 30 större
504 1193 116 33 städer
654 1190 192 42 säkerligen
879 1189 132 31 kunnat
1045 1185 152 41 avvärjas
1227 1182 79 32 med
1333 1193 42 20 en
1398 1181 136 31 relativt
1556 1179 97 41 ringa

146 1239 212 44 polisstyrka
385 1240 82 29 utan
494 1236 106 32 andra
628 1234 125 32 skador
775 1235 43 29 än
842 1234 104 38 några
968 1230 148 36 krossår,
1140 1225 199 33 föranledde
1362 1224 12 31 i
1398 1224 93 31 detta
1513 1222 59 31 fall
1595 1221 58 32 det

146 1282 184 42 ohyggliga
352 1280 181 32 resultatet
556 1289 40 20 av
618 1277 67 31 fem
709 1274 135 33 dödade
868 1273 64 32 och
954 1273 68 30 fem
1046 1269 129 33 sårade.
1221 1267 119 41 Enligt
1363 1264 290 33 kommissionens

147 1325 140 41 mening
308 1324 93 31 visar
424 1322 93 31 detta
540 1320 78 31 med
643 1318 116 42 styrka
782 1319 44 40 på
848 1316 66 31 vad
931 1326 74 20 som
1020 1313 106 32 redan
1142 1312 93 31 förut
1250 1309 214 37 framhållits,
1481 1306 172 41 nämligen

145 1368 105 31 vilket
274 1365 179 41 olämpligt
475 1362 111 33 medel
608 1362 53 31 för
684 1360 211 40 ordningens
919 1354 302 45 upprätthållande
1245 1352 172 32 militären
1440 1352 37 29 är
1498 1350 12 30 i
1527 1349 127 32 sådana

147 1410 68 37 fall,
240 1409 61 31 där
324 1408 59 31 det
406 1407 73 31 icke
503 1408 36 29 är
561 1405 95 40 fråga
679 1414 56 20 om
759 1403 50 30 att
832 1402 93 30 möta
949 1410 41 20 en
1015 1399 106 41 öppet
1142 1394 181 42 beväpnad
1345 1391 263 34 motståndare.»

199 1450 304 33 Kommissionens
526 1445 208 41 hänvisning
757 1444 53 32 till
834 1445 49 29 ett
905 1441 146 41 tidigare
1070 1437 178 33 uttalande
1268 1438 103 39 avsåg
1386 1437 104 38 några
1505 1433 150 32 reflexio-

148 1506 60 19 ner
231 1505 40 20 av
295 1504 42 20 en
361 1502 40 21 av
424 1491 41 31 de
489 1501 39 20 av
551 1487 273 33 kommissionen
840 1483 152 33 anlitade
1008 1482 149 31 militära
1172 1478 222 41 sakkunnige.
1428 1477 123 30 Denne
1566 1475 88 31 hade

147 1535 196 38 framhållit,
375 1535 49 30 att
447 1533 66 30 den
537 1528 291 43 civilmyndighet,
854 1537 74 21 som
951 1527 83 40 gåve
1058 1523 100 32 order
1181 1533 55 20 om
1260 1520 253 40 militärtrupps
1536 1519 119 29 använ-

147 1578 113 32 dande
283 1577 58 31 vid
364 1574 217 42 oroligheter,
602 1574 109 29 måste
734 1570 106 32 räkna
863 1568 78 31 med
965 1569 50 29 att
1038 1568 149 39 truppen
1209 1564 136 31 komme
1362 1563 50 30 att
1427 1559 170 43 uppträda
1612 1560 43 40 på

148 1622 103 30 annat
276 1621 68 30 sätt
368 1620 42 29 än
434 1618 56 30 det
513 1616 53 31 för
589 1615 66 31 den
679 1613 99 32 civila
794 1609 306 42 ordningsmakten
1115 1606 144 41 vanliga.
1283 1605 121 31 Redan
1416 1601 239 42 beväpningen

150 1674 77 20 vore
250 1662 73 31 helt
347 1661 99 31 olika.
470 1659 78 31 Den
571 1657 148 31 militära
740 1653 242 42 beväpningen
999 1662 80 21 vore
1092 1648 128 33 avsedd
1231 1648 54 31 för
1295 1646 130 41 krigets
1437 1645 91 38 krav,
1541 1644 31 31 d.
1585 1655 29 20 v.
1629 1654 25 21 s.

148 1706 125 41 ytterst
296 1704 54 31 för
373 1704 50 30 att
446 1701 89 32 döda
560 1711 40 20 en
625 1696 244 34 motståndare.
915 1693 247 42 Beväpningen
1186 1690 79 32 med
1287 1690 145 39 battong
1456 1687 83 32 eller
1562 1685 95 32 sabel

149 1750 62 40 gör
244 1746 58 32 det
336 1745 155 32 däremot
524 1742 135 41 möjligt
692 1741 53 30 för
776 1750 41 20 en
841 1737 184 40 avdelning
1048 1735 130 42 poliser
1200 1734 50 31 att
1272 1734 44 39 på
1340 1733 49 29 ett
1412 1728 246 42 eftertryckligt

151 1792 68 29 sätt
242 1788 136 41 ingripa
402 1788 71 30 mot
497 1796 41 20 en
562 1784 196 35 folkmassa,
776 1783 83 30 utan
876 1781 50 30 att
941 1780 113 39 någon
1071 1777 11 31 i
1099 1777 112 31 denna
1227 1775 114 31 därför
1356 1773 151 31 behöver
1521 1772 137 30 komma

150 1832 52 31 till
218 1830 156 41 allvarlig
390 1828 112 32 skada.
520 1826 126 32 Vidare
662 1825 88 31 hade
766 1821 310 44 polispersonalen,
1090 1830 74 20 som
1180 1818 12 31 i
1207 1817 92 41 regel
1315 1817 140 40 utgöres
1472 1825 40 20 av
1524 1824 132 29 mogna,

151 1875 133 30 erfarna
308 1872 64 32 och
396 1870 140 32 tränade
560 1871 87 35 min,
672 1866 138 33 erhållit
832 1863 199 40 utbildning
1054 1862 11 31 i
1089 1863 48 29 att
1160 1859 171 42 uppträda
1355 1857 109 31 under
1478 1855 181 32 förhållan-

151 1916 76 38 den,
253 1926 73 20 som
350 1914 62 30 här
435 1914 149 38 avsåges.
608 1911 78 30 Den
709 1911 114 38 trupp,
850 1918 73 20 som
948 1904 174 32 användes
1144 1903 12 30 i
1171 1901 134 37 Lunde,
1322 1900 89 31 hade
1434 1898 54 31 till
1504 1900 73 29 stor
1592 1897 65 37 del,

151 1958 65 31 vad
239 1957 203 39 manskapet
464 1953 170 37 beträffar,
657 1951 130 31 bestått
811 1960 40 20 av
873 1947 181 42 ynglingar
1076 1947 45 39 på
1145 1945 38 30 18
1207 1946 18 28 a
1248 1943 41 31 20
1312 1944 45 29 år.
1381 1941 53 31 De
1454 1940 114 31 kunde
1584 1938 74 31 icke

150 2000 169 31 beräknas
347 1998 44 30 ha
414 1995 221 39 erforderliga
656 1991 261 43 kroppskrafter
940 1989 63 31 och
1028 1986 178 42 självtillit,
1230 1996 55 20 om
1310 1984 58 31 det
1392 1982 109 32 skulle
1523 1982 136 30 komma

153 2042 52 31 till
229 2040 238 41 handgemäng
491 2037 77 32 med
592 2035 286 32 demonstranter.

206 2083 120 32 Under
349 2082 67 31 den
429 2079 208 36 diskussion,
656 2088 74 20 som
747 2073 357 34 Lundehändelserna
1115 2069 201 36 framkallat,
1330 2067 88 31 hade
1431 2064 230 33 framkommit

153 2127 82 30 flera
269 2123 183 43 yttranden
487 2123 73 30 från
588 2120 143 31 militärt
754 2118 70 31 håll
848 2118 72 30 mot
944 2114 192 32 militärens
1160 2110 219 40 användning
1402 2108 110 31 under
1535 2106 127 32 sociala

155 2168 190 36 konflikter,
370 2167 103 39 varpå
496 2163 154 41 exempel
673 2160 161 33 anfördes
858 2160 11 30 i
892 2158 225 31 motionerna.

207 2210 69 30 Det
310 2207 142 32 anförda
486 2208 118 39 syntes
638 2222 39 4 —
711 2203 168 31 förklaras
910 2201 10 29 i
944 2199 216 31 motionerna
1182 2214 40 3 —
1245 2206 78 19 vara
1347 2193 170 41 tillfyllest
1540 2191 51 30 för
1614 2192 50 29 att

155 2252 167 31 motivera
349 2252 50 28 ett
421 2248 151 42 yrkande
596 2258 54 20 om
675 2244 206 41 vidtagande
906 2253 39 20 av
969 2239 158 42 åtgärder
1149 2238 53 32 till
1226 2236 171 32 definitivt
1419 2231 244 34 förhindrande

156 2305 39 19 av
219 2293 142 31 militärt
385 2291 184 39 manskaps
593 2287 220 39 användning
835 2286 53 30 för
911 2282 274 40 ordningstjänst
1204 2279 110 30 under
1331 2277 126 31 sociala
1473 2275 190 31 konflikter.

160 2337 64 30 Det
259 2333 140 42 erbjöde
435 2335 93 28 stora
563 2329 209 40 svårigheter
805 2328 53 29 för
891 2324 157 32 enskilda
1082 2322 208 31 motionärer
1312 2320 50 30 att
1395 2317 185 40 framlägga
1602 2317 63 29 för-

159 2379 72 39 slag
255 2376 52 31 till
332 2375 41 31 de
391 2372 321 39 omformuleringar
729 2381 39 20 av
785 2368 92 32 olika
893 2365 214 41 stadganden
1125 2364 10 30 i
1152 2364 63 39 lag,
1232 2360 211 39 förordning,
1460 2358 205 41 kungörelse

157 2421 81 30 eller
273 2416 220 36 instruktion,
529 2425 73 19 som
637 2412 114 31 kunde
775 2422 79 19 vara
877 2407 218 39 nödvändiga
1118 2406 51 30 för
1191 2403 172 31 vinnande
1387 2413 39 19 av
1450 2401 94 30 detta
1567 2400 97 40 syfte.

161 2463 12 29 [
208 2459 170 33 avseende
409 2460 40 39 på
474 2456 144 32 berörda
644 2452 190 42 stadgande
859 2452 9 30 i
896 2452 36 29 10
955 2450 76 40 kap.
1061 2450 34 29 12
1118 2448 21 39 .$
1163 2445 196 39 strafflagen
1384 2443 114 31 kunde
1522 2440 144 32 sålunda

1683 332 175 24 Motionerna.
