1888 2788
493 135 122 30 Första
637 135 247 39 lagutskottets
905 135 180 31 utlåtande
1107 145 42 20 nr
1168 139 50 31 25.
1586 134 19 30 5

145 219 80 30 Man
247 220 70 29 kan
338 220 88 39 peka
447 219 44 40 på
512 219 176 40 åtskilliga
709 219 309 40 omständigheter,
1039 220 201 39 varigenom
1262 220 268 39 olägenheterna
1552 219 55 30 för

101 271 65 29 den
183 270 246 30 rättssökande
445 271 238 29 allmänheten
698 280 42 20 av
755 271 157 40 reglerna
928 280 57 20 om
1002 280 138 20 summa
1156 270 185 30 revisibilis
1356 269 98 31 blivit
1471 269 135 30 mindre

101 322 43 28 än
164 321 67 30 vad
252 322 41 29 de
313 330 83 20 voro
417 320 58 31 vid
495 321 101 30 dessa
615 321 129 39 reglers
765 320 185 31 införande
972 321 38 30 år
1032 321 93 30 1915.
1147 321 75 29 Den
1243 320 247 40 efterföljande
1511 320 95 30 tiden

100 371 63 30 har
182 371 152 30 medfört
352 371 177 39 åtskilliga
548 371 168 31 reformer
734 371 10 29 i
763 371 99 40 fråga
879 380 56 21 om
955 371 94 30 såväl
1069 371 220 31 förfarandet
1308 380 74 21 som
1401 371 206 30 domstolar-

101 431 62 21 nas
180 421 249 40 organisation,
446 421 95 31 vilka
556 421 152 40 bidragit
723 422 53 31 till
794 424 50 28 att
860 422 68 30 öka
945 422 208 30 säkerheten
1170 422 10 28 i
1197 422 41 30 de
1255 422 93 39 lägre
1365 421 240 30 instansernas

100 473 232 38 avgöranden.
355 472 174 40 Viktigast
550 472 63 30 har
634 472 124 30 härvid
781 472 89 30 varit
891 472 201 31 införandet
1114 482 41 20 av
1177 482 68 30 nya
1267 472 338 39 rättegångsbalken.

101 522 203 31 Skillnaden
327 523 129 29 mellan
478 523 41 30 de
542 532 43 21 av
605 523 159 39 reglerna
787 532 56 21 om
866 532 138 21 summa
1027 523 184 30 revisibilis
1234 523 147 30 berörda
1404 523 115 29 målen
1542 522 63 30 och

99 573 119 39 övriga
240 573 70 30 mål
333 573 63 30 har
419 573 118 30 vidare
560 572 98 31 blivit
681 573 137 30 mindre
841 574 176 33 märkbar,
1043 574 106 29 sedan
1172 574 87 29 även
1282 574 41 29 de
1347 582 121 21 senare
1492 573 114 29 målen

100 632 75 21 som
199 624 90 39 regel
313 623 98 30 blivit
434 624 259 29 underkastade
718 623 361 41 fullföljdsprövning.
1103 624 166 39 Beloppet
1292 633 42 20 av
1359 624 94 30 1500
1477 624 129 29 kronor

100 674 64 30 har
188 674 53 29 till
266 674 90 39 följd
381 683 43 21 av
446 674 295 39 penningvärdets
766 674 63 30 fall
853 683 47 21 nu
925 674 168 39 betydligt
1118 675 93 38 lägre
1236 675 178 29 realvärde
1441 675 44 29 än
1513 674 92 30 1915.

100 724 93 30 Även
218 725 67 29 den
312 732 123 31 genom
461 724 380 39 rättegångsreformen
865 724 164 30 inträdda
1054 724 178 40 ökningen
1258 734 41 20 av
1324 725 283 39 processkostna-

101 775 107 30 derna
225 775 64 29 har
306 774 178 30 sannolikt
501 774 150 40 bidragit
667 775 53 29 till
738 777 50 27 att
805 774 137 31 avhålla
960 776 116 39 parter
1094 775 80 29 från
1191 777 50 28 att
1258 775 106 39 draga
1382 775 131 34 tvister,
1532 784 73 21 som

101 826 78 29 röra
197 825 136 30 mindre
350 826 131 29 värden
499 826 44 29 än
563 826 93 29 1500
675 826 140 33 kronor,
834 825 93 30 inför
945 826 66 29 den
1029 826 124 39 högsta
1171 825 192 30 instansen.

143 876 49 29 De
215 875 220 41 principiella
457 875 307 40 invändningarna
787 878 73 28 mot
882 875 267 40 ifrågavarande
1174 876 310 39 undantagsregler
1507 876 100 30 kvar-

100 926 53 30 stå
177 926 203 30 emellertid.
405 927 75 29 Den
504 927 202 29 nuvarande
730 926 194 39 ordningen
947 928 80 29 med
1051 926 229 40 förprövning
1303 926 11 29 i
1338 926 114 30 skilda
1477 927 129 29 former

101 977 54 30 för
174 976 94 31 olika
287 976 70 30 mål
375 977 64 29 har
458 976 105 30 också
582 977 152 30 medfört
753 986 42 20 en
814 976 342 41 anmärkningsvärd
1174 977 198 39 inveckling
1390 987 42 20 av
1449 977 157 39 reglerna

101 1037 56 20 om
174 1027 158 39 fullföljd
349 1027 52 30 till
417 1027 124 40 högsta
558 1027 206 30 domstolen.
781 1027 70 30 När
866 1027 312 30 bestämmelserna
1194 1036 57 21 om
1268 1037 138 21 summa
1422 1027 184 30 revisibilis

103 1076 166 35 infördes,
291 1077 129 30 skedde
440 1077 95 30 detta
554 1077 54 29 för
629 1079 49 28 att
698 1077 177 30 bemästra
895 1079 48 28 ett
962 1076 146 40 nödläge
1128 1077 11 29 i
1159 1077 93 29 form
1271 1087 42 19 av
1332 1087 42 19 en
1394 1077 119 30 alltför
1533 1079 71 28 stor

100 1127 240 30 arbetsbalans
361 1127 63 30 hos
445 1127 124 39 högsta
588 1127 208 35 domstolen,
817 1127 54 30 för
890 1127 108 30 vilket
1018 1128 110 29 andra
1148 1128 193 30 botemedel
1361 1128 76 30 icke
1458 1127 148 40 ansågos

101 1178 53 30 stå
175 1177 53 31 till
250 1178 99 30 buds.
372 1178 65 29 Det
458 1177 107 40 ligger
586 1178 44 29 då
650 1178 11 28 i
683 1178 128 29 sakens
833 1179 114 33 natur,
970 1180 50 28 att
1042 1178 117 39 dylika
1181 1179 112 39 regler
1314 1178 76 30 icke
1410 1178 85 30 böra
1515 1178 91 30 bibe-

100 1228 113 30 hållas
231 1229 119 38 längre
368 1229 44 29 än
431 1237 76 21 som
524 1229 37 29 är
580 1228 225 40 nödvändigt.

145 1279 43 30 Så
210 1279 99 39 länge
332 1279 66 29 den
421 1279 95 30 äldre
538 1279 194 39 ordningen
754 1279 55 30 för
830 1279 158 39 fullföljd
1011 1288 41 21 av
1073 1279 97 30 talan
1191 1279 52 30 till
1265 1279 125 40 högsta
1411 1280 195 30 domstolen

101 1330 122 38 gällde,
244 1339 60 20 var
326 1329 56 30 det
402 1329 77 29 icke
499 1329 137 39 möjligt
656 1331 51 28 att
728 1329 98 30 avstå
845 1329 79 30 från
946 1331 41 29 de
1008 1329 300 40 inskränkningar
1328 1330 10 29 i
1360 1329 246 40 fullföljdsrät-

100 1381 68 32 ten,
197 1389 75 20 som
300 1379 157 39 reglerna
484 1388 56 21 om
567 1388 138 21 sunuma
732 1379 184 30 revisibilis
943 1380 65 29 och
1035 1380 157 30 däremot
1220 1381 169 29 svarande
1415 1380 111 40 regler
1552 1380 54 30 för

101 1430 210 29 brottmålen
337 1429 178 30 innebära.
544 1430 110 29 Sedan
682 1439 148 21 numera
856 1429 228 42 förprövning
1111 1430 128 30 införts
1266 1431 55 29 för
1347 1430 151 30 flertalet
1525 1430 80 33 mål,

102 1489 74 20 som
199 1480 75 29 icke
296 1480 141 29 beröras
460 1489 41 20 av
522 1480 101 29 dessa
645 1480 121 38 regler,
789 1480 64 29 och
875 1479 379 39 rättegångsreformen
1277 1481 86 28 även
1384 1480 11 28 i
1416 1480 112 39 övrigt
1551 1488 52 31 ge-

100 1530 184 33 nomförts,
309 1531 37 28 är
370 1529 193 30 emellertid
587 1529 214 31 situationen
825 1539 42 20 en
891 1539 128 21 annan.
1044 1529 88 31 Över
1155 1530 120 30 huvud
1300 1530 70 30 kan
1394 1531 136 34 tänkas,
1556 1532 50 29 att

99 1580 379 40 rättegångsreformen
500 1580 93 29 leder
615 1580 51 29 till
690 1589 42 21 en
754 1580 204 40 minskning
980 1589 42 21 av
1043 1580 131 30 antalet
1197 1580 79 34 mål,
1301 1590 73 20 som
1396 1581 125 39 dragas
1543 1590 63 20 un-

99 1631 60 29 der
184 1631 123 38 högsta
332 1631 214 29 domstolens
571 1630 181 40 prövning.
780 1631 116 30 Skulle
921 1631 38 29 så
984 1631 70 34 ske,
1080 1631 72 34 bör,
1179 1631 114 30 såsom
1320 1632 172 29 uttalades
1517 1631 11 29 i
1553 1633 53 28 ut-

100 1682 148 29 skottets
268 1681 181 30 utlåtande
469 1690 41 20 nr
533 1682 35 28 11
591 1681 51 29 till
666 1681 84 30 1948
770 1681 56 30 års
846 1680 152 41 riksdag,
1020 1682 187 38 övervägas
1228 1681 9 29 i
1258 1682 65 29 vad
1344 1682 82 29 mån
1447 1683 157 38 gällande

99 1731 275 40 begränsningar
395 1731 10 29 i
426 1732 114 29 rätten
563 1733 49 28 att
633 1731 157 39 fullfölja
811 1732 94 30 talan
927 1731 52 31 till
1001 1732 124 39 högsta
1147 1732 195 30 domstolen
1364 1733 120 29 kunna
1506 1732 99 30 mild-

99 1792 66 20 ras.

144 1833 12 28 I
177 1841 135 21 samma
332 1831 181 30 utlåtande
533 1832 164 29 framhöll
719 1832 180 34 utskottet,
921 1834 50 28 att
990 1832 259 39 verkningarna
1269 1842 42 20 av
1330 1833 172 30 tänkbara
1522 1833 83 30 änd-

100 1882 117 39 ringar
235 1882 10 29 i
264 1882 158 38 reglerna
441 1891 56 20 om
517 1881 234 39 begränsning
770 1892 42 19 av
831 1882 294 38 fullföljdsrätten
1143 1882 76 30 icke
1238 1883 120 29 kunna
1378 1883 225 33 överblickas,

100 1933 121 29 förrän
249 1931 328 40 rättegångsbalken
605 1931 90 30 varit
724 1931 9 29 i
762 1932 96 29 kraft
886 1932 110 30 under
1026 1932 38 29 så
1092 1932 80 40 lång
1200 1932 60 34 tid,
1290 1935 50 28 att
1369 1934 160 29 närmare
1555 1943 50 20 er-

100 1983 198 29 farenheter
319 1981 142 30 vunnits
483 1991 41 20 av
544 1982 215 29 densamma.
780 1982 152 30 Numera
952 1982 184 39 föreligger
1157 1982 9 29 i
1188 1982 93 30 detta
1302 1983 197 30 hänseende
1520 1983 83 30 visst

99 2032 169 34 material,
291 2032 54 30 för
365 2031 107 30 vilket
492 2032 169 29 utskottet
684 2041 88 20 ovan
795 2032 187 39 redogjort.
1004 2033 70 29 Här
1095 2032 57 30 må
1173 2032 134 30 erinras
1328 2042 55 20 om
1405 2035 49 28 att
1475 2034 129 30 arbets-

99 2082 167 30 balansen
284 2082 10 29 i
311 2082 123 39 högsta
452 2082 193 30 domstolen
662 2101 10 1 -—
722 2082 47 30 låt
786 2092 82 20 vara
886 2092 120 20 senare
1023 2084 44 28 än
1084 2083 170 30 beräknat
1271 2084 64 28 och
1353 2084 77 29 med
1448 2084 97 40 hjälp
1563 2093 41 21 av

101 2132 167 39 tillfälligt
296 2133 174 29 anställda
499 2132 387 30 revisionssekreterare
952 2151 5 2 -—
985 2133 136 29 kunnat
1149 2133 210 39 nedbringas
1388 2134 51 29 till
1469 2134 133 29 normal

99 2183 140 28 storlek.
260 2182 125 29 Vidare
404 2182 166 39 föreligga
589 2182 90 30 vissa
700 2182 195 30 statistiska
915 2182 176 40 uppgifter
1109 2183 54 29 för
1181 2183 38 29 år
1240 2183 93 34 1949,
1353 2185 56 28 det
1426 2184 110 30 första
1555 2184 48 33 år,

99 2233 109 28 under
230 2232 107 29 vilket
360 2232 67 29 mål
452 2232 105 38 enligt
580 2241 65 29 nya
669 2232 328 39 rättegångsbalken
1020 2232 9 28 i
1053 2234 109 28 större
1187 2233 243 39 utsträckning
1452 2234 152 29 behand-

100 2282 64 29 lats
184 2291 42 20 av
245 2282 122 38 högsta
388 2282 204 28 domstolen.
614 2282 100 28 Detta
736 2282 156 29 material
914 2283 37 28 är
971 2282 192 30 emellertid
1184 2282 74 29 icke
1281 2283 209 39 tillräckligt.
1511 2284 90 29 även

99 2332 109 28 under
237 2331 83 29 1949
346 2332 63 28 har
435 2332 122 37 högsta
582 2332 195 28 domstolen
804 2332 122 39 prövat
952 2331 175 39 åtskilliga
1153 2332 68 29 mål
1249 2332 106 39 enligt
1381 2334 94 28 äldre
1501 2335 103 28 rätte-

99 2381 247 39 gångsbalken,
371 2382 62 28 och
460 2382 40 28 de
524 2381 94 29 äldre
643 2381 114 29 målen
783 2383 59 27 äro
866 2382 92 29 ännu
984 2382 30 39 ej
1041 2382 71 29 helt
1136 2382 217 30 avarbetade.
1378 2384 64 28 Det
1467 2384 37 29 är
1528 2383 75 30 icke

98 2432 107 28 heller
232 2431 134 39 möjligt
390 2433 50 27 att
463 2432 110 38 bygga
596 2431 44 39 på
662 2432 285 29 erfarenheterna
972 2431 78 30 från
1075 2434 48 27 ett
1147 2433 88 29 enda
1259 2432 48 30 år.
1332 2433 209 30 Osannolikt
1566 2434 37 29 är

98 2482 86 33 icke,
204 2484 51 27 att
276 2481 386 39 fullföljdsfrekvensen
686 2481 6 29 i
716 2481 188 31 framliden
926 2482 157 30 kommer
1105 2484 49 29 att
1175 2482 45 30 bli
1243 2484 109 29 större
1373 2485 43 29 än
1440 2494 56 20 nu.
1518 2485 85 30 Här-
