1884 2784
283 142 19 29 6
674 141 123 30 Första
819 140 245 39 lagutskottets
1086 140 178 30 utlåtande
1286 149 42 20 nr
1355 144 50 31 25.

281 225 115 40 vidlag
421 226 71 29 kan
520 225 215 34 framhållas,
763 227 50 28 att
839 226 67 29 den
931 225 11 29 i
967 225 126 40 början
1120 234 42 21 av
1188 225 346 40 rättegångsbalkens
1560 223 223 41 tillämpning

280 275 191 39 skönjbara
491 276 127 29 tvekan
637 278 50 28 att
706 276 110 30 anlita
834 276 57 30 det
910 275 72 30 helt
1000 276 162 40 omlagda
1181 275 219 31 förfarandet
1419 275 10 29 i
1448 275 106 40 högre
1573 274 135 31 instans
1729 283 53 30 sy-

281 335 61 21 nes
364 336 82 20 vara
465 326 45 40 på
530 327 64 39 väg
614 328 49 28 att
684 326 191 31 försvinna.
896 327 100 30 Först
1017 326 108 40 några
1144 326 56 30 års
1221 326 237 30 erfarenheter
1478 326 122 29 kunna
1620 324 76 40 giva
1716 324 68 30 till-

281 376 168 40 förlitliga
471 376 226 40 hållpunkter
722 376 54 31 för
800 376 141 40 frågans
966 377 226 30 bedömande.

325 427 65 29 Det
407 428 38 29 är
464 426 148 31 sålunda
630 427 75 29 icke
723 427 102 34 klart,
850 427 5 29 i
871 427 66 30 vad
954 427 84 30 mån
1056 428 48 28 ett
1121 426 242 31 bibehållande
1380 435 42 21 av
1439 426 159 39 reglerna
1615 434 57 21 om
1690 434 93 21 sum-

284 485 56 22 ma
357 476 185 30 revisibilis
560 478 64 29 och
641 478 157 29 däremot
816 477 170 30 svarande
1004 476 478 40 fullföljdsinskränkningar
1500 475 55 30 för
1571 475 210 30 brottmålen

282 527 69 30 kan
370 537 101 21 anses
492 528 167 29 önskvärt
679 537 41 20 ur
740 528 225 39 synpunkten
985 537 41 20 av
1045 527 163 30 intresset
1228 529 50 28 att
1298 527 171 39 begränsa
1487 527 124 39 högsta
1631 526 152 30 domsto-

281 577 74 30 lens
375 578 236 30 arbetsbörda.
632 577 92 31 även
744 587 58 21 om
822 578 113 30 denna
956 578 181 40 synpunkt
1157 577 75 30 icke
1252 578 71 29 kan
1343 577 36 30 få
1399 576 169 31 tillmätas
1587 576 196 40 avgörande

284 627 174 39 betydelse
480 628 55 30 för
556 629 46 29 all
622 627 155 34 framtid,
799 629 38 29 är
858 629 57 29 det
935 628 89 30 dock
1046 627 223 40 nödvändigt,
1292 629 50 28 att
1363 627 110 29 innan
1494 636 43 20 en
1558 626 149 39 ändring
1729 633 53 32 ge-

285 678 188 34 nomföres,
500 677 258 40 verkningarna
786 678 108 30 därav
918 679 11 29 i
955 678 99 39 fråga
1082 687 56 20 om
1164 678 124 39 högsta
1315 677 214 30 domstolens
1557 676 226 30 arbetsbörda

285 728 121 30 kunna
426 728 246 40 tillförlitligen
693 728 177 30 bedömas.
894 728 176 30 Utskottet
1093 728 115 30 finner
1230 727 52 40 sig
1304 728 111 29 under
1438 726 133 30 sådana
1593 726 191 30 förhållan-

285 779 68 29 den
368 778 76 30 icke
460 779 123 30 kunna
599 778 142 31 förorda
756 788 81 20 vare
853 778 51 40 sig
920 779 68 29 den
1003 778 12 29 i
1032 778 219 31 motionerna
1266 777 151 40 begärda
1433 776 251 40 lagändringen
1701 776 82 30 eller

285 828 104 41 något
411 828 144 31 särskilt
577 828 151 30 initiativ
751 828 80 30 från
853 828 187 40 riksdagen
1064 828 11 30 i
1098 827 236 30 motionernas
1358 827 101 39 syfte.
1483 828 13 29 I
1520 827 60 30 sitt
1603 826 180 30 utlåtande

285 888 42 21 nr
349 879 40 31 23
411 879 53 30 till
486 879 93 30 årets
601 879 143 39 riksdag
765 879 64 30 har
851 879 192 30 emellertid
1066 879 170 29 utskottet
1256 879 13 30 i
1291 877 189 39 anledning
1501 886 43 21 av
1565 876 125 30 väckta
1712 885 72 21 mo-

281 929 112 31 tioner
416 929 168 35 förordat,
607 931 50 28 att
680 939 43 21 en
746 929 187 40 utredning
954 929 109 30 måtte
1085 928 164 31 tillsättas
1272 928 55 30 för
1350 930 51 28 att
1423 928 79 30 med
1524 927 195 31 beaktande
1743 936 41 21 av

281 980 124 30 hittills
424 989 119 21 vunna
563 980 238 30 erfarenheter
821 989 41 21 av
881 980 66 30 den
967 989 69 30 nya
1054 978 354 41 processordningens
1428 978 185 40 praktiska
1633 977 152 40 tillämp-

284 1030 84 40 ning
387 1031 160 30 utarbeta
567 1030 130 40 förslag
715 1030 53 30 till
788 1030 226 39 erforderliga
1035 1029 189 40 ändringar
1243 1029 11 29 i
1274 1028 114 30 skilda
1408 1028 374 39 detaljbestämmelser

285 1081 10 29 i
319 1080 330 40 rättegångsbalken
673 1080 65 30 och
762 1081 79 29 dess
865 1079 353 40 följdförfattningar.
1243 1079 125 30 Därest
1393 1088 43 20 en
1461 1078 110 30 sådan
1596 1078 187 38 utredning

284 1131 159 30 kommer
468 1130 53 31 till
547 1130 112 35 stånd,
684 1130 71 30 kan
780 1130 68 30 den
871 1130 173 30 beräknas
1072 1131 78 38 taga
1174 1128 154 40 åtskillig
1351 1128 52 31 tid
1427 1128 11 29 i
1464 1127 164 41 anspråk.
1654 1128 65 29 Det
1745 1128 38 29 är

285 1181 187 34 sannolikt,
491 1183 51 29 att
559 1182 176 29 därunder
752 1180 209 40 tillräckliga
978 1179 239 31 erfarenheter
1234 1179 122 29 kunna
1374 1179 100 39 göras
1492 1178 150 30 rörande
1659 1178 124 39 högsta

281 1232 214 30 domstolens
522 1232 236 30 arbetsbörda.
787 1231 117 30 Skulle
931 1230 38 31 så
995 1230 48 30 bli
1070 1230 107 34 fallet,
1204 1230 62 30 bör
1293 1229 107 40 enligt
1427 1230 189 29 utskottets
1643 1228 140 39 mening

281 1284 86 29 även
387 1283 57 30 det
464 1282 267 40 ifrågavarande
752 1280 207 41 spörsmålet
980 1282 171 39 upptagas
1172 1280 52 31 till
1245 1279 222 40 behandling.

326 1333 115 30 Under
465 1332 219 40 åberopande
708 1341 43 21 av
775 1332 57 30 det
856 1330 149 31 anförda
1028 1331 56 30 får
1108 1330 171 31 utskottet
1301 1330 196 34 hemställa,

635 1384 49 28 att
708 1382 229 30 förevarande
960 1381 144 34 motion,
1129 1381 44 30 II:
1190 1381 73 34 385,
1287 1380 76 31 icke
1387 1380 108 30 måtte
1519 1380 182 30 föranleda
1726 1378 58 31 nå-

592 1441 66 31 gon
675 1432 206 40 riksdagens
900 1431 132 40 åtgärd.

330 1508 202 31 Stockholm
552 1509 67 29 den
638 1508 19 30 4
677 1507 70 40 maj
773 1507 94 31 1950.

729 1591 48 30 På
795 1592 111 30 första
925 1590 246 41 lagutskottets
1190 1591 146 38 vägnar:

834 1658 120 31 OLOV
979 1658 251 30 RYLANDER.

628 1842 63 31 Vid
711 1843 94 29 detta
825 1843 145 29 ärendes
992 1843 210 39 behandling
1221 1843 45 30 ha
1286 1843 156 30 närvarit

326 1910 80 29 från
461 1910 140 29 första
629 1909 221 30 kammaren:
868 1909 121 30 herrar
1007 1909 179 40 Branting,
1204 1909 170 35 Ahlkvist,
1393 1910 176 34 Olofsson,
1587 1911 197 38 Lundgren,

283 1952 125 34 Cassel,
425 1952 187 39 Lindgren,
630 1951 218 30 Göransson”
868 1951 64 30 och
950 1952 126 29 Fritiof
1093 1952 205 36 Karlsson”;

326 2010 79 30 från
472 2011 122 30 andra
625 2010 221 30 kammaren:
868 2010 122 30 herrar
1012 2010 184 40 Rylander,
1217 2011 162 30 Hedlund
1400 2011 11 29 i
1432 2010 204 36 Östersund,
1659 2011 126 31 Olsson

282 2053 8 28 i
317 2053 178 34 Mellerud,
520 2053 183 39 Lindberg,
728 2052 143 34 Håstad,
898 2053 172 29 Svensson
1094 2053 10 29 i
1130 2053 206 39 Stenkyrka,
1360 2054 185 30 Ekström”
1572 2053 64 30 och
1660 2053 124 30 fröken

282 2095 206 39 Liljedahl”.

331 2156 9 9 "
363 2155 34 32 Ej
425 2155 183 25 närvarande
635 2155 48 24 vid
709 2155 182 25 utlåtandets
918 2154 155 33 justering.

906 2300 241 33 Reservation

325 2365 42 21 av
387 2356 80 30 herr
489 2356 184 39 Lindberg.
