1878 2796
283 173 19 29 8
741 172 251 28 Statsutskottets
1013 173 158 28 utlåtande
1192 183 36 18 nr
1250 174 63 27 180.

285 251 125 31 vården
444 251 93 30 blivit
570 251 301 31 tillfredsställande
905 253 137 30 ordnad.
1091 253 52 30 En
1177 254 76 29 fullt
1288 254 198 38 genomförd
1520 253 164 31 tandvård
1720 254 52 30 för

284 296 84 30 barn
399 296 63 30 och
492 297 149 38 ungdom
672 297 70 30 före
771 296 300 39 värnpliktsåldern
1102 297 106 31 måste
1239 298 169 39 nämligen
1437 298 173 39 väsentligt
1639 298 133 30 minska

285 339 323 32 tandvårdsbehovet
643 342 105 29 under
784 342 456 39 värnpliktstjänstgöringen.
1280 341 192 32 Emellertid
1509 343 94 29 torde
1640 343 55 29 det
1731 359 41 4 —

286 385 85 29 även
404 394 56 21 om
492 386 41 29 de
564 395 41 21 av
638 384 401 41 tandvårdsutredningen
1072 385 193 40 ifrågasatta
1299 386 197 40 åtgärderna
1530 387 52 30 för
1614 387 157 30 förstärk-

286 429 81 38 ning
405 438 41 21 av
484 429 279 31 folktandvården
800 429 150 40 vidtagas
987 448 42 3 —
1068 431 96 37 dröja
1201 430 123 39 många
1362 430 46 37 år,
1449 430 103 31 innan
1590 441 41 20 en
1669 430 104 31 sådan

285 473 194 38 minskning
505 483 41 21 av
573 472 323 33 tandvårdsbehovet
921 473 10 30 i
960 474 299 39 värnpliktsåldern
1289 477 57 37 gör
1376 475 48 39 sig
1453 476 151 38 gällande
1632 475 10 29 i
1672 476 101 29 större

286 517 211 39 omfattning.

330 561 73 31 Den
435 562 294 39 omständigheten,
762 565 47 28 att
840 564 96 29 barn-
968 564 63 29 och
1062 563 376 39 ungdomstandvården
1469 563 72 30 icke
1573 564 115 30 förrän
1717 573 56 20 om

286 605 166 40 åtskilliga
481 605 37 31 år
549 607 67 29 kan
646 607 164 31 beräknas
839 607 89 31 bliva
959 607 189 39 tillräckligt
1179 607 148 36 effektiv,
1361 617 97 30 synes
1488 609 70 38 mig
1589 608 73 30 icke
1693 609 81 29 böra

286 650 181 36 föranleda,
486 654 47 27 att
549 650 207 32 tandvården
772 652 106 30 under
896 652 446 39 värnpliktstjänstgöringen
1360 661 48 21 nu
1426 653 212 30 försummas.
1659 653 113 29 Tvärt-

287 704 56 20 om
373 694 105 31 måste
507 696 54 29 det
590 695 55 30 vid
675 695 117 31 sådant
822 695 208 32 förhållande
1059 697 166 30 betraktas
1255 706 73 21 som
1359 697 132 30 särskilt
1520 697 253 39 betydelsefullt,

286 741 47 28 att
361 739 41 30 de
428 740 193 30 nuvarande
647 740 254 39 möjligheterna
927 740 48 30 till
1002 741 188 30 beredande
1217 751 41 21 av
1284 740 165 32 tandvård
1477 740 34 32 åt
1539 742 40 29 de
1607 741 166 38 värnplik-

287 783 68 39 tiga
380 783 181 31 bibehållas
589 784 63 31 och
680 794 56 21 om
762 784 132 39 möjligt
921 785 90 30 ökas.
1050 785 64 39 Jag
1141 794 96 22 anser
1265 785 115 31 därför
1407 785 10 29 i
1446 785 103 31 likhet
1576 787 78 29 med
1680 786 93 29 tand-

287 826 327 41 vårdsutredningen,
644 832 46 27 att
719 830 63 29 den
810 829 145 31 militära
983 828 207 31 tandvården
1217 833 127 27 snarast
1372 830 130 38 möjligt
1530 830 60 30 bör
1617 830 90 38 givas
1734 839 41 20 en

288 872 141 30 effektiv
462 873 63 29 och
558 873 53 30 för
644 872 89 31 såväl
767 874 103 29 freds-
906 883 71 21 som
1011 873 325 39 krigsförhållanden
1370 875 137 38 lämpad
1541 874 232 39 organisation,

287 916 170 39 samtidigt
482 926 72 21 som
579 917 64 30 den
667 917 60 30 bör
749 917 126 31 erhålla
898 917 193 40 erforderlig
1117 917 178 31 elasticitet.
1333 918 75 30 Den
1432 918 144 31 militära
1601 918 172 36 tandvård,

288 970 73 20 som
379 960 137 32 sålunda
535 962 60 29 bör
612 961 110 31 finnas
740 961 222 40 organiserad,
981 972 96 29 synes
1094 962 74 31 icke
1185 963 181 39 lämpligen
1384 964 115 30 kunna
1515 972 150 29 rymmas
1682 963 93 30 inom

287 1014 117 21 ramen
446 1005 53 30 för
540 1005 296 32 folktandvårdens
879 1006 224 39 organisation
1134 1008 78 29 med
1245 1008 65 29 den
1339 1008 204 37 begränsade
1574 1007 202 38 omfattning

288 1049 110 31 denna
427 1059 46 20 nu
501 1050 70 30 har.
614 1050 77 30 Men
721 1051 64 29 den
816 1050 298 39 omständigheten,
1146 1054 47 28 att
1224 1052 64 29 den
1318 1051 146 31 militära
1493 1050 207 32 tandvården
1730 1061 45 20 nu

289 1094 206 38 organiseras
526 1094 53 30 för
610 1098 48 27 att
688 1094 73 31 icke
791 1098 44 28 ett
866 1095 157 38 olyckligt
1055 1096 131 30 avbrott
1218 1096 83 30 skall
1332 1096 211 38 uppkomma
1574 1096 10 30 i
1618 1097 65 29 den
1714 1096 60 29 mi-

288 1137 97 31 litära
415 1138 393 32 tandvårdsverksamhet
841 1149 74 20 som
946 1140 102 30 redan
1082 1139 178 39 påbörjats,
1295 1139 53 31 får
1382 1140 135 38 givetvis
1551 1140 73 31 icke
1655 1140 121 30 hindra

288 1184 47 28 att
360 1181 119 40 frågan
504 1192 56 21 om
586 1183 64 30 den
673 1182 146 32 militära
842 1183 224 31 tandvårdens
1091 1183 207 31 inordnande
1325 1184 10 29 i
1360 1183 289 37 folktandvården,
1675 1185 10 29 i
1713 1185 63 29 den

288 1226 82 31 mån
392 1226 37 31 så
450 1227 67 30 kan
539 1228 66 34 ske,
629 1231 162 35 upptages
813 1228 48 30 till
883 1228 208 30 bedömande
1115 1228 185 36 framdeles,
1326 1228 44 31 då
1394 1236 256 31 gynnsammare
1673 1229 102 30 förut-

289 1271 184 38 sättningar
503 1271 116 31 härför
648 1272 168 38 föreligga.
849 1272 183 38 Självfallet
1064 1273 61 29 bör
1156 1272 107 36 tillses,
1296 1276 48 26 att
1376 1272 73 31 icke
1481 1272 296 31 folktandvårdens

288 1315 213 39 utbyggande
527 1316 186 39 onödigtvis
739 1315 167 32 försvåras
933 1317 76 29 eller
1036 1317 149 30 försenas
1213 1325 119 30 genom
1360 1318 41 29 de
1428 1316 151 40 åtgärder
1607 1328 73 20 som
1708 1318 68 29 vid-

289 1362 92 36 tagas
401 1361 77 29 med
499 1361 161 29 avseende
679 1359 21 31 å
720 1360 339 31 militärtandvården.,

333 1404 64 30 Det
421 1414 40 21 av
485 1403 401 40 tandvårdsutredningen
911 1405 187 38 framlagda
1123 1405 154 38 förslaget
1303 1415 96 29 synes
1424 1416 40 20 ur
1489 1407 93 30 dessa
1608 1407 168 38 synpunk-

290 1450 49 28 ter
365 1458 79 21 vara
471 1450 52 29 väl
548 1450 99 37 ägnat
672 1452 47 27 att
751 1450 5 28 i
783 1450 179 29 huvudsak
989 1450 112 38 läggas
1128 1449 48 30 till
1205 1451 107 37 grund
1340 1450 53 30 för
1422 1451 63 29 den
1512 1450 144 30 militära
1683 1452 93 29 tand-

290 1491 383 40 vårdsorganisationens
712 1493 219 39 utformning.
973 1493 127 31 Genom
1142 1493 211 39 utnyttjande
1393 1505 41 20 av
1476 1496 40 29 de
1556 1494 222 40 värnpliktiga

289 1537 237 31 tandläkarnas
553 1537 405 40 värnpliktstjänstgöring
982 1539 61 29 har
1068 1538 142 31 behovet
1236 1548 41 21 av
1304 1539 65 30 fast
1396 1540 161 29 anställda
1584 1540 194 29 tandläkare

290 1582 130 30 kunnat
445 1582 177 38 begränsas
648 1582 47 30 till
720 1599 44 4 —
788 1582 150 30 förutom
962 1583 65 30 viss
1053 1583 282 30 arvodesanställd
1362 1585 152 36 personal
1542 1585 77 29 med
1646 1585 133 29 kortare

290 1624 84 40 årlig
405 1626 215 39 tjänstgöring
648 1643 43 4 —
719 1627 40 29 44
789 1626 204 36 tandläkare,
1025 1626 152 39 samtliga
1206 1626 316 38 halvtidsanställda,
1554 1627 225 31 innebärande

292 1679 40 20 en
353 1669 126 40 ökning
499 1671 9 29 i
532 1669 207 32 förhållande
761 1671 48 30 till
832 1671 66 30 den
918 1672 194 30 nuvarande
1134 1670 266 40 organisationen
1422 1673 233 30 motsvarande
1675 1673 20 30 8
1716 1673 20 29 å
1759 1673 20 29 9

290 1714 371 40 heltidstjänstgörande
683 1716 204 29 tandläkare.
923 1715 62 31 Det
1008 1715 57 31 må
1089 1716 188 36 anmärkas,
1302 1719 47 27 att
1374 1717 222 30 totalbehovet
1619 1727 41 21 av
1685 1718 93 28 tand-

291 1759 114 30 läkare
428 1760 92 29 inom
544 1759 280 31 folktandvården
845 1760 177 30 beräknats
1044 1761 48 29 till
1118 1760 102 35 1100,
1244 1770 41 21 av
1309 1761 90 30 vilka
1424 1762 154 38 omkring
1602 1762 62 29 800
1688 1762 91 29 ännu

291 1803 74 30 icke
385 1802 137 31 tillsatts.
555 1803 73 30 Den
647 1804 64 31 fast
731 1804 163 31 anställda
914 1804 389 38 tandläkarpersonalens
1322 1805 163 39 utökning
1505 1806 92 29 inom
1619 1806 162 30 försvaret

291 1848 96 30 torde
412 1846 124 33 således
560 1848 74 30 icke
659 1848 114 31 kunna
798 1849 179 29 nämnvärt
1001 1848 138 31 inverka
1165 1848 43 39 på
1234 1849 297 31 folktandvårdens
1557 1851 221 38 utbyggande.

292 1891 79 31 Icke
400 1892 102 30 heller
531 1891 255 40 omläggningen
816 1903 42 20 av
889 1894 40 29 de
958 1892 221 40 värnpliktiga
1211 1894 236 30 tandläkarnas
1477 1894 188 40 utbildning
1696 1895 85 30 lärer

293 1936 116 31 kunna
429 1936 155 30 tillmätas
604 1938 102 29 större
725 1937 168 38 betydelse
913 1938 55 29 vid
989 1937 108 30 denna
1118 1936 110 40 frågas
1250 1939 197 37 avgörande.

337 1980 226 39 Utredningen
589 1981 63 30 har
679 1981 55 30 vid
761 1981 267 39 beräkningarna
1056 1983 142 29 rörande
1225 1982 296 38 personalbehovet
1550 1983 52 30 för
1629 1984 64 29 den
1719 1983 60 30 mi-

293 2024 97 31 litära
423 2024 205 31 tandvården
663 2025 162 36 förutsatt,
861 2029 47 27 att
943 2026 108 31 denna
1086 2025 97 31 såvitt
1217 2036 93 21 avser
1345 2028 40 29 de
1420 2027 221 40 värnpliktiga
1676 2028 105 30 skulle

294 2069 143 31 omfatta
467 2070 135 30 allenast
634 2070 40 30 de
704 2070 131 30 mindre
867 2070 246 39 komplicerade
1146 2071 108 35 fallen,
1286 2072 124 29 medan
1442 2072 112 38 övriga
1586 2072 194 30 tandvårds-

294 2113 59 30 fall
380 2114 104 29 skulle
508 2114 156 30 hänvisas
689 2113 48 31 till
764 2114 279 30 folktandvården
1070 2115 63 29 och
1161 2116 63 29 den
1250 2115 130 38 privata
1407 2115 214 31 tandvården.
1651 2117 14 29 I
1693 2117 89 29 olika

293 2157 297 39 remissyttranden
634 2158 44 30 ha
722 2159 135 30 uttalats
893 2158 158 40 farhågor
1085 2159 54 30 för
1174 2163 46 27 att
1255 2159 280 31 folktandvården
1568 2161 73 30 icke
1677 2161 103 30 skulle

294 2202 116 30 kunna
436 2204 147 37 mottaga
610 2202 54 30 det
691 2203 115 31 tänkta
834 2203 292 36 remissklientelet,
1156 2203 162 39 varjämte
1347 2203 209 37 framhållits,
1586 2208 47 28 att
1661 2204 120 40 privat-

292 2246 209 31 tandvården
528 2247 139 38 troligen
693 2247 137 31 komme
857 2250 47 28 att
932 2247 68 32 visa
1027 2248 79 38 föga
1131 2247 146 40 villighet
1303 2248 48 30 till
1381 2249 183 31 samarbete
1591 2251 78 29 med
1697 2248 84 30 mili-

294 2290 259 31 tärtandvården
579 2294 72 27 mot
679 2301 41 21 av
748 2294 106 28 staten
882 2292 166 39 reglerade
1077 2294 105 29 taxor.
1213 2293 185 38 Självfallet
1427 2294 114 31 kunna
1569 2295 63 29 här
1661 2292 120 39 svårig-

293 2335 93 30 heter
412 2337 91 29 möta
527 2336 78 30 med
629 2336 132 38 hänsyn
788 2336 48 30 till
861 2337 64 29 den
949 2337 203 39 begränsade
1179 2337 202 40 omfattning
1408 2338 296 31 folktandvårdens
1732 2347 49 20 or-

296 2379 186 38 ganisation
509 2380 116 30 hittills
653 2379 136 31 erhållit.
830 2380 65 40 Jag
922 2382 67 29 kan
1018 2382 86 29 dock
1135 2381 30 38 ej
1195 2382 103 36 finna,
1329 2386 47 27 att
1406 2383 88 31 detta
1522 2383 61 30 bör
1611 2381 172 31 föranleda

295 2425 155 37 uppskov
479 2425 77 30 med
586 2425 149 30 lösandet
764 2435 41 21 av
835 2425 119 39 frågan
982 2435 57 21 om
1070 2426 341 31 militärtandvården.
1444 2427 14 30 I
1491 2428 64 29 den
1585 2426 81 31 mån
1696 2426 85 30 folk-

294 2468 449 40 tandvårdsorganisationen
768 2470 129 35 utökas,
924 2471 93 29 torde
1043 2470 52 30 för
1121 2469 105 40 övrigt
1251 2471 141 31 berörda
1420 2470 200 40 svårigheter
1646 2471 134 29 komma
