1898 2828
284 153 39 30 10
679 156 115 30 Andra
819 156 238 37 lagutskottets
1083 156 177 30 utlåtande
1284 155 49 30 Nr
1354 157 52 29 23.

336 236 90 34 Över
448 240 41 30 de
512 240 235 35 sakkunnigas
769 240 130 37 förslag
922 241 46 29 ha
989 240 85 30 efter
1096 240 120 30 remiss
1241 240 143 35 avgivits
1409 239 183 37 yttranden
1617 250 42 20 av
1681 240 113 29 vitter-

288 291 292 35 hetsakademien,
604 291 418 30 riksantikvarieämbetet
1044 291 65 30 och
1133 291 134 30 Statens
1289 290 188 30 historiska
1499 299 169 27 museum,
1692 290 102 36 bygg-

287 342 265 36 nadsstyrelsen,
581 341 329 36 kammarkollegiet,
941 342 255 37 statskontoret,
1227 341 374 36 lantmäteristyrelsen,
1632 341 162 29 kanslern

282 392 56 30 för
352 393 106 30 rikets
472 392 209 35 universitet,
696 391 424 35 överståthållarämbetet,
1136 391 295 36 länsstyrelserna,
1446 390 248 35 domkapitlen,
1710 390 82 30 Nor-

289 443 100 30 diska
406 446 149 27 museets
574 443 140 34 nämnd,
732 443 308 29 kulturhistoriska
1057 442 203 36 föreningen
1278 442 56 29 för
1354 441 109 30 Södra
1482 441 144 36 Sverige,
1646 441 148 30 svenska

287 492 294 36 stadsförbundet,
603 493 148 29 svenska
770 493 375 30 landskommunernas
1166 492 153 30 förbund
1340 493 66 29 och
1428 491 152 36 Sveriges
1602 491 193 36 fastighets-

287 543 267 36 ägareförbund.
582 543 430 30 Riksantikvarieämbetet
1036 543 64 29 har
1124 543 57 29 vid
1207 542 57 30 sitt
1288 542 161 36 yttrande
1474 541 94 36 fogat
1593 541 202 30 utlåtanden

288 603 52 26 av,
377 594 108 30 bland
522 594 119 34 andra,
680 593 171 36 åtskilliga
889 593 348 36 hembygdsförbund
1275 594 65 28 och
1367 591 428 35 fornminnesföreningar.

290 643 170 32 Kanslern
478 643 55 31 för
551 644 105 31 rikets
676 644 199 30 universitet
892 644 65 29 har
976 643 131 36 bifogat
1127 642 203 31 utlåtanden
1348 641 81 31 från
1448 641 255 30 humanistiska
1722 641 73 30 sek-

292 694 154 31 tionerna
472 704 43 20 av
541 694 196 30 filosofiska
763 694 232 30 fakulteterna
1021 694 57 29 vid
1104 693 244 30 universiteten
1376 693 9 29 i
1415 692 152 36 Uppsala
1593 692 65 29 och
1686 691 109 30 Lund.

293 744 297 37 Länsstyrelserna
619 745 45 30 ha
694 745 10 29 i
733 743 173 37 åtskilliga
937 744 62 31 fall
1029 743 172 31 infordrat
1229 742 204 31 utlåtanden
1462 741 80 31 från
1571 741 226 37 vägstyrelser

292 801 42 25 m.
353 795 36 31 fl.
409 795 166 30 Yttrande
591 795 65 30 har
673 795 129 36 jämväl
820 795 186 30 inkommit
1021 793 80 31 från
1119 794 177 30 allmänna
1315 793 148 30 svenska
1480 790 317 39 prästföreningens

290 846 284 36 centralstyrelse.

334 896 14 30 I
366 899 47 28 ett
432 899 85 28 stort
535 897 93 30 antal
646 905 43 21 av
707 896 41 30 de
766 896 146 35 avgivna
931 896 206 36 yttrandena
1155 895 65 31 har
1238 895 68 30 den
1322 894 197 37 föreslagna
1539 894 258 37 lagstiftningen

291 946 69 30 helt
379 947 181 36 tillstyrkts
580 947 81 29 eller
679 947 148 29 lämnats
845 948 86 28 utan
949 946 148 29 erinran.
1116 940 95 35 Även
1230 945 10 30 i
1259 944 118 37 övriga
1396 945 185 36 yttranden
1598 945 47 30 ha
1664 944 132 30 huvud-

291 997 196 37 grunderna
505 996 54 31 för
576 996 259 36 lagstiftningen
852 996 124 30 vunnit
992 995 208 37 anslutning.
1219 989 179 42 Åtskilliga
1414 994 180 31 önskemål
1612 1004 57 21 om
1686 994 112 37 jämk-

291 1046 122 37 ningar
437 1047 10 30 i
473 1047 92 30 olika
589 1046 222 31 hänseenden
834 1046 46 30 ha
906 1045 189 31 emellertid
1120 1045 214 30 framställts.
1361 1044 180 37 Därjämte
1566 1045 65 30 har
1654 1045 10 29 i
1691 1043 106 38 några

290 1098 185 36 yttranden
501 1097 174 31 förordats
701 1106 43 21 en
768 1096 182 36 väsentligt
976 1097 175 35 strängare
1178 1095 215 37 lagstiftning
1419 1095 11 29 i
1457 1094 98 37 fråga
1582 1104 57 21 om
1666 1095 131 30 kultur-

293 1147 180 31 historiskt
494 1147 171 36 märkliga
688 1147 207 36 byggnader.
933 1147 53 29 En
1008 1146 159 30 närmare
1189 1146 215 35 redogörelse
1427 1144 56 31 för
1506 1145 57 30 det
1585 1144 214 38 principiella

294 1198 340 36 ställningstagande,
659 1207 74 20 som
757 1197 148 30 kommit
924 1197 52 30 till
1000 1197 137 36 uttryck
1162 1197 10 29 i
1197 1196 41 30 de
1260 1196 93 30 olika
1378 1195 217 38 yttrandena,
1620 1196 135 29 lämnas
1780 1194 20 31 å

293 1247 62 31 sid.
379 1249 128 29 26—31
530 1248 10 30 i
564 1247 268 38 propositionen.

337 1323 267 37 Föredragande
625 1322 391 38 departementschefen,
1039 1322 183 30 statsrådet
1246 1322 188 37 Westman,
1454 1323 65 29 har
1538 1322 57 29 vid
1615 1321 121 31 remiss
1759 1331 42 21 av

295 1373 174 37 förslagen
494 1374 50 30 till
568 1373 154 36 lagrådet
747 1372 116 31 anfört
886 1373 109 30 bland
1020 1377 107 26 annat
1153 1372 164 37 följande.

342 1425 171 29 »Behovet
536 1433 42 21 av
601 1433 48 27 ny
669 1423 214 36 lagstiftning
905 1433 57 20 om
986 1423 223 30 fornminnen
1233 1424 66 29 och
1319 1424 111 30 andra
1454 1423 346 30 kulturminnesmär-

295 1475 67 29 ken
381 1475 65 29 har
464 1475 173 36 bestyrkts
655 1474 11 30 i
684 1475 42 29 de
748 1475 146 35 avgivna
913 1474 216 37 yttrandena.
1152 1475 75 29 Den
1247 1474 137 36 enighet
1406 1483 75 21 som
1501 1474 62 30 där
1583 1474 147 30 kommit
1752 1474 50 30 till

295 1526 138 35 uttryck
450 1524 63 30 bär
532 1525 106 30 vittne
657 1534 57 20 om
731 1534 41 20 en
792 1525 130 30 allmän
940 1526 134 29 önskan
1094 1528 49 27 att
1162 1525 217 36 tillvarataga
1397 1525 187 30 historiska
1602 1525 65 29 och
1687 1525 113 30 kultu-

292 1576 82 30 rella
393 1576 283 30 minnesmärken
694 1575 78 31 från
790 1575 133 37 gången
941 1576 59 29 tid.
1020 1575 74 31 Alla
1111 1576 98 30 torde
1228 1585 144 21 numera
1390 1585 85 21 vara
1492 1585 79 21 ense
1591 1585 57 20 om
1667 1578 48 27 att
1735 1576 63 29 den

294 1625 199 31 förstörelse
515 1635 74 21 som
611 1626 177 30 dessvärre
811 1627 89 29 skett
921 1627 98 29 hotat
1041 1629 48 27 att
1112 1625 159 31 medföra
1294 1626 172 36 beklaglig
1487 1625 209 36 utarmning.
1720 1625 80 31 För-

295 1677 164 30 störelsen
483 1677 145 29 innebär
651 1677 124 30 förlust
798 1686 42 20 ur
860 1676 128 36 många
1011 1677 224 35 synpunkter.
1261 1675 103 31 Desto
1388 1676 167 36 viktigare
1578 1676 39 30 är
1640 1677 56 29 det
1720 1679 48 27 att
1792 1676 10 29 i

292 1726 109 37 görlig
425 1725 84 32 mån
532 1726 215 37 tillvarataga
770 1727 66 30 vad
860 1736 76 21 som
959 1726 154 31 återstår.
1141 1727 148 31 Bevaras
1313 1727 31 36 ej
1371 1727 115 36 gamla
1508 1727 292 34 minnesmärken,

294 1776 202 31 försvinner
524 1787 43 20 en
594 1777 110 36 viktig
732 1777 254 36 förutsättning
1014 1777 56 30 för
1099 1780 51 27 att
1177 1777 95 30 hålla
1300 1778 58 29 vid
1388 1778 47 29 liv
1463 1778 150 29 känslan
1641 1787 43 20 av
1712 1786 89 21 sam-

294 1827 159 36 hörighet
473 1828 79 30 med
574 1827 135 37 gångna
731 1828 245 37 generationer.
1000 1828 151 31 Därmed
1173 1829 187 30 avtrubbas
1381 1827 107 32 också
1509 1829 147 29 känslan
1679 1838 41 21 av
1742 1837 59 21 an-

294 1887 80 21 svar
392 1878 56 31 för
467 1879 108 30 andra
596 1878 235 37 oförytterliga
851 1880 132 29 värden
1003 1889 73 20 som
1097 1880 149 29 lämnats
1267 1879 11 30 i
1298 1888 60 22 arv
1380 1888 42 21 av
1443 1879 190 30 förfädren.

337 1926 223 38 Möjligheten
583 1931 49 28 att
655 1929 10 29 i
689 1928 230 31 fornminnes-
943 1930 65 29 och
1031 1928 387 31 kulturminnesvården
1441 1928 120 37 uppnå
1583 1929 147 36 positiva
1752 1938 48 21 re-

294 1978 104 31 sultat
420 1979 101 30 beror
543 1978 142 36 givetvis
708 1988 42 21 av
774 1979 41 30 de
838 1979 228 31 ekonomiska
1089 1979 267 31 förhållandena
1380 1988 81 21 men
1484 1981 86 29 även
1593 1979 11 29 i
1628 1980 68 36 hög
1718 1980 84 36 grad

295 2028 43 37 på
356 2030 42 30 de
415 2028 176 31 vårdande
609 2037 166 28 organens
792 2030 66 29 sätt
876 2032 49 28 att
943 2030 142 30 handha
1104 2030 57 31 sitt
1179 2031 93 29 värv.
1290 2030 271 36 Befolkningens
1580 2031 142 29 intresse
1740 2031 63 29 bör

295 2080 127 30 väckas
445 2079 175 36 samtidigt
643 2089 74 21 som
740 2079 294 37 tillmötesgående
1055 2080 109 32 måste
1186 2081 100 37 visas,
1310 2082 63 29 när
1396 2081 56 30 det
1476 2082 37 28 är
1535 2090 42 21 av
1600 2081 124 30 nöden.
1748 2080 54 30 El-

294 2129 65 36 jest
385 2131 154 36 förbytes
566 2130 202 30 vördnaden
792 2130 56 30 för
873 2131 306 30 minnesmärkena
1205 2131 10 29 i
1242 2130 166 37 missnöje
1434 2132 79 29 med
1540 2132 41 29 de
1608 2132 93 29 band
1728 2140 74 21 som

296 2181 99 29 deras
417 2181 103 35 helgd
542 2180 183 31 emellanåt
747 2180 109 31 måste
878 2182 100 36 lägga
1001 2181 44 37 på
1067 2182 67 30 den
1158 2182 164 30 enskilde.

337 2232 13 30 I
373 2233 130 29 arbetet
525 2231 20 32 å
566 2232 230 30 fornminnes-
819 2233 66 29 och
907 2232 386 31 kulturminnesvården
1316 2234 38 29 är
1377 2233 259 36 lagstiftningen
1659 2235 46 28 ett
1728 2233 71 30 vik-

293 2283 61 36 tigt
377 2282 222 37 hjälpmedel.
625 2282 64 31 Det
713 2284 37 29 är
773 2283 273 36 uppenbarligen
1071 2283 222 36 nödvändigt,
1318 2286 49 27 att
1392 2284 113 29 denna
1530 2282 191 31 innehåller
1745 2284 55 29 be-

293 2334 215 29 stämmelser
529 2333 50 30 till
601 2333 262 30 fornminnenas
886 2334 122 36 skydd.
1032 2333 53 30 Nu
1107 2333 158 37 gällande
1287 2334 217 29 föreskrifter
1526 2335 60 29 äro
1608 2333 193 30 ålderdom-

294 2384 66 36 liga
379 2384 66 30 och
464 2384 257 36 ofullständiga.
742 2383 95 30 Klart
856 2385 38 28 är
914 2384 198 35 emellertid,
1132 2386 49 27 att
1200 2393 42 20 en
1261 2393 46 27 ny
1327 2384 215 36 lagstiftning
1562 2384 75 30 icke
1656 2383 146 36 ensidigt

295 2435 69 29 kan
388 2435 180 36 tillgodose
592 2435 69 29 alla
684 2433 178 31 önskemål
887 2443 76 21 som
985 2435 83 35 göra
1093 2434 50 36 sig
1168 2434 157 36 gällande
1349 2434 11 29 i
1385 2434 131 30 arbetet
1541 2433 44 37 på
1609 2437 49 27 att
1682 2433 116 31 berika
