1920 2860
544 152 108 26 Första
674 148 211 34 lagutskottets
907 142 156 30 utlåtande
1086 142 43 26 Nr
1152 141 44 25 12.
1601 131 16 28 Å

128 238 138 31 talande
290 234 244 32 härutinnan».
572 231 14 30 I
611 228 185 38 anledning
821 227 108 29 härav
954 223 58 30 vill
1036 221 164 31 utskottet
1225 215 186 33 framhålla
1436 216 66 29 den
1527 222 93 22 avse-

129 283 108 30 värda
258 278 231 41 begränsning
515 287 41 20 av
579 276 56 29 det
659 272 155 32 straffria
839 268 165 35 området,
1032 276 74 21 som
1129 264 156 38 betingas
1309 263 116 33 därav,
1451 262 49 28 att
1524 257 96 31 kvin-

131 337 70 21 nan
224 326 87 30 skall
333 323 143 31 befinna
500 321 50 39 sig
572 320 10 30 i
605 322 46 27 ett
672 318 94 30 svårt
788 315 145 38 nödläge
957 323 42 20 av
1023 311 147 38 angiven
1193 311 61 28 art.
1301 307 96 30 Klart
1420 306 38 29 är
1481 303 140 39 följakt-

130 372 101 39 ligen,
264 373 47 27 att
343 369 163 30 utskottet
536 364 188 39 ingalunda
754 361 95 30 delar
878 358 274 31 motionärernas
1184 351 232 41 uppfattning,
1449 352 48 27 att
1528 347 93 38 varje

131 416 131 31 kvinna
283 414 86 30 skall
392 414 65 37 äga
476 411 201 33 bestämma,
700 405 173 32 huruvida
895 405 72 29 hon
988 401 59 30 vill
1069 400 92 30 bliva
1184 407 75 21 mor
1280 397 80 30 eller
1383 395 42 39 ej.
1459 394 163 30 Tvärtom

131 471 101 21 anser
253 459 173 33 utskottet,
449 459 48 28 att
523 456 5 29 i
548 464 47 21 nu
615 450 265 41 ifrågavarande
900 448 62 30 fall
983 447 126 30 liksom
1131 444 56 30 vid
1207 440 216 39 fördrivning
1444 449 43 20 av
1507 438 115 33 foster,

133 516 75 21 som
236 506 118 29 kunna
384 505 143 35 antagas
555 508 82 21 vara
666 498 178 32 abnorma,
874 492 199 32 samhällets
1102 490 142 30 intresse
1274 497 41 20 av
1344 488 48 28 att
1420 482 204 40 ingripande

131 553 82 36 äger
239 559 77 20 rum
339 548 88 30 skall
452 555 84 21 vara
559 541 286 41 utslagsgivande.
896 539 161 30 Närmast
1081 536 65 29 har
1170 534 165 30 utskottet
1360 530 77 30 haft
1463 529 11 30 i
1499 527 125 31 åtanke

133 595 131 31 sådana
286 593 72 36 fall,
381 593 62 29 där
464 601 43 20 en
528 590 119 30 moder
668 587 45 40 på
736 585 111 39 grund
869 594 41 20 av
933 581 219 39 betungande
1175 579 114 30 arbete
1311 576 79 30 med
1412 572 212 39 försörjning

134 651 42 20 av
205 649 42 21 en
276 641 69 27 stor
372 636 193 31 barnskara
593 633 10 30 i
632 631 159 38 förening
820 629 79 31 med
927 628 80 30 klen
1035 626 97 30 hälsa
1162 622 201 38 allvarligen
1389 621 70 29 kan
1487 617 137 32 befaras

136 685 109 30 sakna
264 682 131 31 krafter
417 684 49 27 att
489 677 167 42 genomgå
677 680 47 27 ett
745 678 75 36 nytt
841 672 249 38 havandeskap
1112 670 81 29 eller
1215 669 62 29 där
1298 667 11 29 i
1331 666 60 30 allt
1412 665 62 30 fall
1497 661 129 39 verklig

135 730 78 30 fara
231 727 182 39 föreligger
430 726 56 30 för
503 727 48 28 att
570 724 65 30 den
652 722 119 34 börda,
791 729 74 21 som
884 718 111 30 skulle
1014 717 141 29 komma
1174 716 48 28 att
1240 711 114 41 påvila
1372 711 114 29 henne
1504 716 122 31 genom

135 773 176 39 familjens
341 769 193 39 tillökning,
564 768 116 30 kunde
708 765 92 31 bliva
829 765 112 29 henne
971 758 224 39 övermäktig.
1248 757 14 30 I
1293 755 117 39 dylika
1440 754 62 29 fall
1531 752 95 30 torde

136 820 57 29 det
224 827 82 21 vara
337 819 46 27 ett
411 812 318 34 samhällsintresse,
762 812 49 28 att
841 808 173 31 kvinnans
1045 803 158 39 förmåga
1235 804 48 28 att
1313 800 45 40 på
1389 802 47 27 ett
1467 792 159 49 tillfreds-

137 862 169 32 ställande
329 862 66 29 sätt
420 860 107 37 draga
550 858 133 37 försorg
709 865 57 21 om
791 854 55 30 sitt
870 854 81 29 hem
976 851 76 30 icke
1078 847 200 39 allvarligen
1302 847 191 36 äventyras.

183 908 170 30 Utskottet
379 904 115 31 finner
519 903 50 38 sig
593 912 47 20 nu
666 901 129 39 jämväl
821 897 186 32 föranlåtet
1033 894 197 34 framhålla,
1257 894 48 28 att
1331 900 57 21 om
1415 887 213 39 avbrytande

138 963 43 20 av
206 950 247 38 havandeskap
481 957 98 21 anses
603 947 85 29 böra
715 944 125 31 tillåtas
865 942 9 30 i
901 942 91 30 vissa
1019 939 137 31 särskilt
1182 936 149 40 angivna
1357 935 73 34 fall,
1457 931 173 41 garantier

138 996 141 40 givetvis
302 995 108 30 måste
432 993 190 39 uppställas
645 991 55 29 för
722 992 49 28 att
793 998 42 20 en
857 987 96 39 dylik
977 985 121 39 åtgärd
1121 983 153 38 vidtages
1297 981 144 30 allenast
1464 978 45 30 då
1531 978 98 29 dessa

138 1043 62 29 fall
224 1039 175 39 föreligga.
437 1037 151 31 Sålunda
612 1035 97 31 torde
732 1032 259 31 bestämmelser
1013 1039 84 21 vara
1121 1026 234 38 erforderliga,
1379 1024 11 30 i
1413 1023 115 30 vilken
1552 1021 77 30 ord-

138 1086 84 39 ning
243 1084 153 31 tillstånd
416 1082 51 31 till
488 1080 228 38 handlingens
738 1077 185 31 utförande
945 1075 88 30 skall
1055 1074 144 33 lämnas,
1223 1081 41 20 av
1286 1079 77 20 vem
1385 1067 166 39 åtgärden
1573 1065 57 31 må

140 1132 172 36 företagas
340 1138 44 20 m.
414 1137 56 25 m.,
500 1125 168 39 varjämte
697 1122 194 39 skyldighet
919 1121 90 29 lärer
1035 1119 85 29 böra
1149 1116 137 38 stadgas
1316 1116 48 28 att
1391 1112 51 31 till
1471 1110 159 39 offentlig

139 1174 203 40 myndighet
364 1174 82 37 göra
468 1171 163 30 anmälan
652 1178 58 21 om
733 1166 174 39 åtgärden.

187 1246 116 30 Under
341 1242 219 39 åberopande
597 1250 41 20 av
675 1239 68 30 vad
772 1237 145 31 sålunda
946 1234 133 31 anförts
1109 1232 119 39 gjorde
1255 1230 166 30 utskottet
1448 1224 183 32 enahanda

140 1299 207 30 hemställan
369 1306 75 21 som
467 1295 39 31 år
530 1295 91 30 1927.

186 1352 66 31 Vid
273 1351 181 30 utskottets
477 1348 177 31 utlåtande
676 1355 84 21 voro
782 1344 125 39 fogade
930 1340 248 32 reservationer
1199 1338 72 30 dels
1294 1346 41 21 av
1358 1335 54 39 sju
1434 1329 198 47 ledamöter,

142 1406 94 30 vilka
253 1405 110 30 under
381 1402 219 39 åberopande
617 1410 42 21 av
676 1401 42 29 de
736 1399 84 35 skäl,
839 1406 74 21 som
931 1394 146 40 angivits
1094 1393 11 30 i
1123 1394 66 29 den
1206 1392 39 30 år
1264 1391 79 30 1927
1364 1388 147 39 avgivna
1528 1394 103 22 reser-

143 1459 172 34 vationen,
340 1456 205 31 hemställde
570 1464 57 20 om
652 1453 118 37 avslag
796 1451 19 30 å
840 1449 188 34 motionen,
1055 1447 71 30 dels
1152 1446 64 30 ock
1243 1454 41 21 av
1310 1443 182 30 utskottets
1518 1439 115 31 ordfö-

143 1513 109 30 rande
274 1511 64 30 och
358 1520 43 20 en
422 1518 118 21 annan
560 1507 150 30 ledamot
731 1514 62 21 var
814 1504 55 30 för
891 1502 50 39 sig
962 1499 222 33 beträffande
1205 1496 258 38 motiveringen.

188 1565 97 31 Båda
309 1565 189 29 kamrarna
522 1561 138 38 avslogo
683 1559 182 30 utskottets
888 1555 218 33 hemställan,
1130 1552 109 30 första
1263 1551 205 29 kammaren
1491 1547 79 30 med
1593 1546 41 29 56

145 1621 109 29 röster
276 1620 72 28 mot
369 1618 42 29 43
433 1616 64 30 och
520 1614 108 31 andra
649 1614 204 29 kammaren
874 1609 80 30 med
975 1609 42 29 89
1040 1608 107 29 röster
1168 1607 73 28 mot
1263 1605 51 29 84.

193 1725 66 30 Vid
287 1724 82 30 1929
397 1722 55 30 års
479 1721 140 37 riksdag
645 1717 219 32 hemställdes
892 1715 11 30 i
929 1714 58 31 två
1013 1711 224 41 likalydande
1263 1709 180 34 motioner,
1470 1716 43 21 nr
1541 1707 59 30 102
1629 1704 10 30 i

148 1779 109 30 första
281 1778 204 29 kammaren
512 1784 41 20 av
578 1774 124 29 fröken
727 1770 202 38 Hesselgren
954 1768 66 30 och
1044 1777 42 20 nr
1110 1767 62 29 202
1197 1764 11 30 i
1233 1764 109 31 andra
1367 1763 205 29 kammaren
1596 1768 42 21 av

149 1832 57 30 fru
229 1831 179 38 Nordgren
431 1829 65 29 och
517 1828 56 29 fru
599 1822 158 40 Östlund,
780 1827 48 27 att
849 1822 186 38 riksdagen
1057 1820 79 29 ville
1157 1819 63 29 hos
1244 1817 121 38 Kungl.
1391 1814 101 39 Maj:t
1512 1813 127 38 begära

149 1884 208 39 vidtagande
384 1892 41 21 av
453 1879 223 39 erforderliga
704 1878 158 38 åtgärder
888 1876 56 29 för
971 1872 302 40 åvägabringande
1299 1880 41 20 av
1367 1868 69 30 viss
1463 1865 175 32 undervis-

149 1938 115 38 nings-
284 1937 64 29 och
366 1931 448 43 upplysningsverksamhet
832 1930 10 29 i
861 1928 149 31 sexuella
1029 1926 127 38 frågor.
1177 1924 152 30 Berörda
1348 1922 179 33 motioner,
1547 1919 92 30 vilka

149 1990 234 31 behandlades
409 1998 42 20 av
475 1985 170 39 tillfälliga
670 1985 140 33 utskott,
835 1983 99 29 blevo
958 1990 42 21 av
1025 1979 185 37 riksdagen
1234 1977 173 37 avslagna.

197 2045 13 29 I
236 2042 249 37 motiveringen
510 2040 49 30 till
584 2037 237 40 nyssnämnda
846 2034 171 31 motioner
1041 2032 90 30 hade
1157 2029 256 32 motionärerna
1439 2025 201 34 framhållit,

152 2101 49 27 att
226 2096 195 31 samhällets
447 2094 115 30 arbete
586 2092 54 30 för
663 2090 198 31 folkhälsan
886 2087 128 31 skedde
1038 2086 153 30 förutom
1216 2092 123 30 genom
1363 2075 278 48 undervisnings-

154 2152 65 29 och
248 2146 448 43 upplysningsverksamhet
724 2143 129 39 jämväl
883 2150 124 30 genom
1036 2137 224 41 lagstiftning.
1303 2136 98 30 Flera
1432 2135 105 37 lagar,
1568 2142 74 20 som

153 2204 145 30 berörde
325 2202 208 32 folkhälsan,
560 2199 88 30 hade
675 2196 103 31 också
805 2196 109 30 under
941 2203 119 20 senare
1086 2192 38 30 år
1150 2201 42 20 av
1217 2190 184 37 riksdagen
1427 2187 215 33 behandlats,

154 2258 65 29 och
240 2256 19 30 å
279 2256 108 30 andra
407 2253 206 31 hithörande
632 2250 166 30 områden
818 2248 146 39 påginge
985 2245 183 38 utredning
1188 2244 55 29 för
1262 2253 47 28 ny
1329 2243 80 29 eller
1430 2239 213 32 reformerad

156 2308 223 39 lagstiftning.
417 2305 199 38 Ytterligare
641 2307 123 27 tvenne
788 2300 206 31 hithörande
1020 2298 167 30 områden
1212 2299 115 35 syntes
1350 2293 187 31 emellertid
1562 2301 82 21 vara

156 2363 10 29 i
191 2361 184 38 tvingande
399 2360 111 29 behov
535 2367 41 20 av
601 2367 41 19 en
667 2355 134 37 allsidig
825 2354 65 29 och
915 2350 204 32 fördomsfri
1143 2348 170 40 prövning
1338 2347 55 30 för
1417 2345 194 31 utrönande
1635 2344 9 29 i

157 2417 67 28 vad
245 2414 81 31 mån
346 2423 45 19 nu
415 2411 158 38 gällande
593 2408 213 39 lagstiftning
827 2406 44 39 på
892 2407 98 29 dessa
1011 2403 166 31 områden
1198 2411 80 20 vore
1299 2402 65 29 den
1385 2400 98 29 bästa
1504 2397 141 39 möjliga

159 2469 48 30 till
231 2467 213 30 folkhälsans
470 2463 205 38 främjande,
699 2460 174 38 nämligen
896 2457 278 40 preventivlagen
1198 2455 63 29 och
1287 2452 358 40 Jagbestämmelserna

1665 1701 161 32 Riksdagen

1709 1737 74 24 1929.
