1890 2804
577 144 264 30 Statsutskottets
863 143 168 29 utlåtande
1053 151 38 19 nr
1108 143 28 27 5.
1570 136 41 31 45

109 220 52 31 för
184 219 262 41 fallandesjuka:
471 218 210 41 Avlöningar
702 218 54 31 för
778 216 147 32 nämnda
948 216 168 41 budgetår
1139 214 118 32 anvisa
1280 216 49 30 ett
1344 213 268 41 förslagsanslag

108 281 39 20 av
170 270 63 32 364
244 270 63 31 000
328 270 135 31 kronor.

168 371 260 42 Ifrågavarande
452 371 119 40 anslag
593 372 36 29 är
652 370 11 31 i
686 369 157 42 gällande
865 368 143 32 riksstat
1030 367 141 41 uppfört
1186 366 78 32 med
1281 365 178 32 enahanda
1475 365 136 41 belopp.

168 422 69 32 För
271 424 98 30 nästa
401 422 169 41 budgetår
602 420 144 32 föreslås
772 419 74 32 icke
869 420 112 40 någon
1005 417 200 41 förändring
1228 428 39 20 av
1290 415 322 42 anslagsbeloppets

109 473 196 41 fördelning
327 474 19 30 å
368 472 42 32 de
434 472 92 32 olika
548 472 310 41 anslagsposterna.

165 524 69 32 För
267 526 50 29 att
346 523 147 32 inordna
516 520 385 45 sjukvårdspersonalen
924 520 65 31 och
1012 519 139 32 eldarna
1173 518 57 31 vid
1254 517 170 32 anstalten
1448 517 11 31 i
1482 516 131 32 beford-

114 575 262 41 ringssystemet
408 573 58 32 vid
499 576 131 29 statens
665 571 265 42 sinnessjukhus
965 569 144 33 föreslås
1133 568 191 32 emellertid
1347 570 49 29 ett
1419 567 120 42 tillägg
1560 567 53 31 till

111 624 421 43 personalförteckningen
555 624 11 30 i
589 624 86 31 form
699 633 40 21 av
763 633 41 20 en
827 620 234 42 anmärkning,
1086 618 239 33 motsvarande
1348 618 64 31 vad
1436 628 74 22 som
1527 628 86 21 ovan

114 676 57 31 vid
205 675 153 42 punkten
393 675 84 40 84:0)
508 673 193 42 föreslagits
724 672 212 32 beträffande
959 669 419 44 personalförteckningen
1402 668 58 32 vid
1483 670 131 29 statens

115 725 273 42 sinnessjukhus.
423 725 19 31 I
465 724 165 32 samband
654 722 140 33 härmed
816 722 155 38 föreslås,
995 723 49 29 att
1067 721 264 41 anslagsposten
1347 719 51 31 till
1415 718 200 41 avlöningar

114 776 52 32 till
190 776 96 41 övrig
307 775 257 33 icke-ordinarie
588 774 160 42 personal
770 773 73 31 från
867 772 64 32 och
955 772 79 32 med
1053 773 99 30 nästa
1168 770 168 41 budgetår
1351 772 170 39 upptages
1536 768 78 32 med

113 830 50 29 ett
196 827 199 41 förslagsvis
428 826 139 41 angivet
598 825 139 42 belopp.
782 823 133 32 Härvid
943 823 212 38 förutsättes,
1180 823 50 29 att
1256 820 126 42 Kungl.
1406 820 99 40 Maj:t
1527 819 88 31 med-

117 877 95 32 delar
246 879 153 30 närmare
431 876 261 33 bestämmelser
724 874 145 33 rörande
892 876 144 39 postens
1060 871 209 43 disposition
1293 871 63 32 och
1380 872 50 30 att
1452 869 163 33 överskri-

118 928 112 32 dande
254 938 40 21 av
317 930 123 39 posten
468 927 145 31 allenast
635 925 174 42 medgives
832 925 11 31 i
866 923 187 42 anledning
1075 934 40 20 av
1139 922 108 32 skedd
1269 920 284 42 vakanssättning
1574 931 41 20 av

115 977 172 33 ordinarie
309 978 195 41 befattning
526 977 83 32 eller
630 977 12 31 i
666 975 152 42 enlighet
837 975 78 31 med
930 973 287 43 bemyndigande,
1234 983 74 21 som
1323 972 149 31 lämnats
1488 971 125 41 Kungl.

114 1029 100 41 Maj:t
238 1040 41 20 av
301 1028 182 42 riksdagen
506 1028 12 31 i
540 1028 93 41 fråga
667 1038 55 21 om
750 1024 267 34 överskridande
1040 1035 40 21 av
1103 1022 207 33 maximerad
1333 1022 219 42 anslagspost
1575 1032 39 20 av

111 1079 221 33 förevarande
356 1079 81 42 slag.

165 1182 180 32 Utskottet
367 1181 191 41 tillstyrker
579 1179 96 33 bifall
699 1178 52 32 till
774 1177 127 42 Kungl.
926 1177 117 41 Maj:ts
1066 1176 128 41 förslag
1216 1175 64 32 och
1302 1174 208 38 hemställer,

434 1266 51 31 att
507 1265 183 41 riksdagen
713 1265 55 30 må

434 1316 30 42 a)
497 1316 145 38 besluta,
674 1317 50 29 att
760 1314 53 31 till
849 1311 422 44 personalförteckningen
1304 1311 52 32 för
1393 1312 133 30 statens
1563 1321 53 20 an-

384 1368 81 31 stalt
499 1367 53 31 för
584 1365 250 41 fallandesjuka
860 1363 88 32 skall
971 1364 96 41 fogas
1091 1374 42 20 en
1157 1362 223 41 anmärkning
1403 1372 41 20 av
1466 1360 149 42 följande

382 1417 147 43 lydelse:

434 1477 121 26 Antalet
568 1477 142 24 ordinarie
723 1475 289 31 befattningshavare
1028 1475 94 23 såsom
1137 1473 124 29 skötare,
1277 1472 165 25 sköterskor
1455 1471 54 24 och
1522 1471 94 25 eldare

384 1514 47 23 må
459 1512 147 31 överstiga
634 1511 48 25 det
708 1511 11 24 i
747 1510 220 30 förteckningen
986 1508 126 32 angivna
1132 1507 110 25 antalet
1260 1507 45 24 för
1324 1507 84 24 dessa
1425 1506 192 31 befattnings-

385 1548 234 31 havaregrupper
637 1546 93 23 under
748 1544 220 31 förutsättning,
989 1546 41 21 att
1048 1542 47 24 för
1113 1541 79 31 varje
1213 1549 92 24 grupp
1322 1540 204 25 motsvarande
1541 1540 77 24 antal

386 1582 144 25 ordinarie
550 1580 199 32 befattningar
768 1579 89 24 hålles
877 1579 115 23 obesatt
1011 1577 47 24 vid
1078 1579 111 22 statens
1209 1575 232 32 sinnessjukhus;

435 1647 34 42 b)
503 1647 180 42 godkänna
716 1645 149 42 följande
899 1643 252 42 avlöningsstat
1184 1642 52 32 för
1264 1643 129 31 statens
1417 1641 128 32 anstalt
1567 1640 51 32 för

386 1697 258 42 fallandesjuka,
680 1699 51 29 att
763 1695 174 41 tillämpas
961 1694 71 32 tills
1054 1693 116 32 vidare
1193 1693 73 31 från
1291 1692 63 32 och
1377 1692 79 31 med
1478 1691 140 42 budget-

384 1751 73 30 året
481 1749 149 38 1944/45:

857 1816 294 35 Avlöningsstat.

389 1885 25 30 1.
450 1882 210 41 Avlöningar
697 1881 53 32 till
787 1880 173 32 ordinarie
994 1880 217 40 tjänstemän,
1231 1878 70 40 för-

447 1933 139 40 SÅAQSViS
617 1954 678 9 meorseerrerreerarre
927 1926 62 51 rese
997 1926 27 51 re
1029 1926 97 51 renen
1134 1926 46 51 ere
1185 1926 46 51 rer
1239 1926 59 51 rena
1323 1927 127 32 kronor
1475 1927 59 31 170
1551 1922 59 49 000

387 1985 28 30 2.
450 1983 160 31 Arvoden
623 1982 64 31 och
699 1980 168 33 särskilda
877 1979 239 41 ersättningar,
1126 1977 179 33 bestämda

449 2045 40 20 av
512 2032 126 43 Kungl.
652 2032 626 41 Maj:b..sssssssossrrsr
1031 2026 64 53 rese
1100 2026 28 53 re
1134 2026 30 53 rr
1170 2026 74 53 rerna
1253 2026 27 53 aa
1280 2031 15 28 .
1517 2027 19 31 2
1547 2027 62 31 400

385 2085 27 31 3.
448 2083 210 41 Avlöningar
681 2082 53 31 till
750 2081 94 42 övrig
859 2079 258 33 icke-ordinarie
1131 2078 169 43 personal,

442 2134 197 41 JÖYSlAGgSVÄS
654 2155 642 9 ooserererrrrsrr
912 2127 43 52 rar
964 2127 79 52 reser
1049 2127 46 52 rer
1101 2127 30 52 rr
1136 2127 43 52 rer
1188 2127 112 52 rerna
1478 2128 59 30 150
1547 2127 63 32 000

387 2187 20 28 4.
451 2184 136 41 Rörligt
608 2183 128 41 tillägg,
752 2181 194 42 förslagsvis
964 2205 331 7 ssssssrssresrrsrrnen
1383 2191 12 15 »
1495 2179 37 29 41
1548 2178 62 30 600

873 2248 142 31 Summa
1037 2246 268 42 förslagsanslag
1327 2246 126 30 kronor
1475 2245 62 31 364
1548 2245 71 37 000;

441 2333 27 42 c)
492 2333 51 31 till
567 2333 131 31 Statens
719 2332 123 31 anstalt
848 2331 60 40 för
915 2329 267 42 fallandesjuka:
1199 2328 200 41 Avlöningar
1414 2328 53 31 för
1482 2327 139 41 budget-

389 2386 72 30 året
487 2384 135 30 1944/45
645 2382 119 32 anvisa
787 2384 48 29 ett
857 2380 268 41 förslagsanslag
1149 2391 39 20 av
1212 2380 62 30 364
1285 2379 62 31 000
1369 2379 136 30 kronor.

1672 1181 130 24 Utskottet.
