<?xml version="1.0" encoding="UTF-8"?>
<alto xmlns="http://www.loc.gov/standards/alto/ns-v3#" xmlns:xlink="http://www.w3.org/1999/xlink" xmlns:xsi="http://www.w3.org/2001/XMLSchema-instance" xsi:schemaLocation="http://www.loc.gov/standards/alto/ns-v3# http://www.loc.gov/alto/v3/alto-3-0.xsd">
	<Description>
		<MeasurementUnit>pixel</MeasurementUnit>
		<sourceImageInformation>
			<fileName>/tmp/tess___lwx60j_input.PNG</fileName>
		</sourceImageInformation>
		<OCRProcessing ID="OCR_0">
			<ocrProcessingStep>
				<processingSoftware>
					<softwareName>tesseract 5.3.0</softwareName>
				</processingSoftware>
			</ocrProcessingStep>
		</OCRProcessing>
	</Description>
	<Layout>
		<Page WIDTH="1878" HEIGHT="2810" PHYSICAL_IMG_NR="0" ID="page_0">
			<PrintSpace HPOS="0" VPOS="0" WIDTH="1878" HEIGHT="2810">
				<ComposedBlock ID="cblock_0" HPOS="573" VPOS="155" WIDTH="1028" HEIGHT="33">
					<TextBlock ID="block_0" HPOS="573" VPOS="155" WIDTH="1028" HEIGHT="33">
						<TextLine ID="line_0" HPOS="573" VPOS="155" WIDTH="1028" HEIGHT="33">
							<String ID="string_0" HPOS="573" VPOS="159" WIDTH="264" HEIGHT="29" WC="0.90" CONTENT="Statsutskottets"/><SP WIDTH="23" VPOS="159" HPOS="837"/>
							<String ID="string_1" HPOS="860" VPOS="159" WIDTH="167" HEIGHT="29" WC="0.95" CONTENT="utlåtande"/><SP WIDTH="22" VPOS="159" HPOS="1027"/>
							<String ID="string_2" HPOS="1049" VPOS="168" WIDTH="39" HEIGHT="20" WC="0.95" CONTENT="nr"/><SP WIDTH="16" VPOS="168" HPOS="1088"/>
							<String ID="string_3" HPOS="1104" VPOS="159" WIDTH="29" HEIGHT="28" WC="0.96" CONTENT="5."/><SP WIDTH="427" VPOS="159" HPOS="1133"/>
							<String ID="string_4" HPOS="1560" VPOS="155" WIDTH="41" HEIGHT="33" WC="0.96" CONTENT="65"/>
						</TextLine>
					</TextBlock>
				</ComposedBlock>
				<ComposedBlock ID="cblock_1" HPOS="75" VPOS="230" WIDTH="1527" HEIGHT="2225">
					<TextBlock ID="block_1" HPOS="98" VPOS="230" WIDTH="1504" HEIGHT="398">
						<TextLine ID="line_1" HPOS="99" VPOS="230" WIDTH="1501" HEIGHT="44">
							<String ID="string_5" HPOS="99" VPOS="230" WIDTH="91" HEIGHT="32" WC="0.96" CONTENT="intill"/><SP WIDTH="24" VPOS="230" HPOS="190"/>
							<String ID="string_6" HPOS="214" VPOS="231" WIDTH="131" HEIGHT="32" WC="0.96" CONTENT="hälften"/><SP WIDTH="26" VPOS="231" HPOS="345"/>
							<String ID="string_7" HPOS="371" VPOS="242" WIDTH="40" HEIGHT="21" WC="0.96" CONTENT="av"/><SP WIDTH="26" VPOS="242" HPOS="411"/>
							<String ID="string_8" HPOS="437" VPOS="232" WIDTH="64" HEIGHT="31" WC="0.96" CONTENT="den"/><SP WIDTH="26" VPOS="232" HPOS="501"/>
							<String ID="string_9" HPOS="527" VPOS="232" WIDTH="150" HEIGHT="42" WC="0.96" CONTENT="verkliga"/><SP WIDTH="24" VPOS="232" HPOS="677"/>
							<String ID="string_10" HPOS="701" VPOS="233" WIDTH="199" HEIGHT="38" WC="0.96" CONTENT="kostnaden,"/><SP WIDTH="27" VPOS="233" HPOS="900"/>
							<String ID="string_11" HPOS="927" VPOS="233" WIDTH="85" HEIGHT="31" WC="0.96" CONTENT="dock"/><SP WIDTH="25" VPOS="233" HPOS="1012"/>
							<String ID="string_12" HPOS="1037" VPOS="233" WIDTH="103" HEIGHT="41" WC="0.96" CONTENT="högst"/><SP WIDTH="25" VPOS="233" HPOS="1140"/>
							<String ID="string_13" HPOS="1165" VPOS="233" WIDTH="90" HEIGHT="30" WC="0.92" CONTENT="1000"/><SP WIDTH="24" VPOS="233" HPOS="1255"/>
							<String ID="string_14" HPOS="1279" VPOS="232" WIDTH="127" HEIGHT="32" WC="0.96" CONTENT="kronor"/><SP WIDTH="24" VPOS="232" HPOS="1406"/>
							<String ID="string_15" HPOS="1430" VPOS="232" WIDTH="53" HEIGHT="31" WC="0.96" CONTENT="för"/><SP WIDTH="24" VPOS="232" HPOS="1483"/>
							<String ID="string_16" HPOS="1507" VPOS="232" WIDTH="93" HEIGHT="41" WC="0.96" CONTENT="varje"/>
						</TextLine>
						<TextLine ID="line_2" HPOS="99" VPOS="282" WIDTH="1502" HEIGHT="43">
							<String ID="string_17" HPOS="99" VPOS="282" WIDTH="136" HEIGHT="38" WC="0.95" CONTENT="central,"/><SP WIDTH="23" VPOS="282" HPOS="235"/>
							<String ID="string_18" HPOS="258" VPOS="282" WIDTH="75" HEIGHT="32" WC="0.96" CONTENT="dels"/><SP WIDTH="22" VPOS="282" HPOS="333"/>
							<String ID="string_19" HPOS="355" VPOS="283" WIDTH="61" HEIGHT="30" WC="0.96" CONTENT="ock"/><SP WIDTH="22" VPOS="283" HPOS="416"/>
							<String ID="string_20" HPOS="438" VPOS="283" WIDTH="76" HEIGHT="30" WC="0.96" CONTENT="med"/><SP WIDTH="23" VPOS="283" HPOS="514"/>
							<String ID="string_21" HPOS="537" VPOS="286" WIDTH="48" HEIGHT="28" WC="0.96" CONTENT="ett"/><SP WIDTH="22" VPOS="286" HPOS="585"/>
							<String ID="string_22" HPOS="607" VPOS="283" WIDTH="101" HEIGHT="41" WC="0.96" CONTENT="årligt"/><SP WIDTH="21" VPOS="283" HPOS="708"/>
							<String ID="string_23" HPOS="729" VPOS="284" WIDTH="126" HEIGHT="41" WC="0.96" CONTENT="belopp"/><SP WIDTH="23" VPOS="284" HPOS="855"/>
							<String ID="string_24" HPOS="878" VPOS="283" WIDTH="53" HEIGHT="31" WC="0.96" CONTENT="till"/><SP WIDTH="22" VPOS="283" HPOS="931"/>
							<String ID="string_25" HPOS="953" VPOS="283" WIDTH="149" HEIGHT="31" WC="0.96" CONTENT="arvoden"/><SP WIDTH="22" VPOS="283" HPOS="1102"/>
							<String ID="string_26" HPOS="1124" VPOS="285" WIDTH="34" HEIGHT="29" WC="0.96" CONTENT="åt"/><SP WIDTH="22" VPOS="285" HPOS="1158"/>
							<String ID="string_27" HPOS="1180" VPOS="283" WIDTH="121" HEIGHT="37" WC="0.96" CONTENT="läkare,"/><SP WIDTH="24" VPOS="283" HPOS="1301"/>
							<String ID="string_28" HPOS="1325" VPOS="282" WIDTH="276" HEIGHT="42" WC="0.96" CONTENT="sjuksköterskor"/>
						</TextLine>
						<TextLine ID="line_3" HPOS="99" VPOS="332" WIDTH="1501" HEIGHT="43">
							<String ID="string_29" HPOS="99" VPOS="332" WIDTH="63" HEIGHT="31" WC="0.96" CONTENT="och"/><SP WIDTH="28" VPOS="332" HPOS="162"/>
							<String ID="string_30" HPOS="190" VPOS="332" WIDTH="249" HEIGHT="38" WC="0.96" CONTENT="barnmorskor,"/><SP WIDTH="29" VPOS="332" HPOS="439"/>
							<String ID="string_31" HPOS="468" VPOS="333" WIDTH="90" HEIGHT="31" WC="0.93" CONTENT="vilka"/><SP WIDTH="28" VPOS="333" HPOS="558"/>
							<String ID="string_32" HPOS="586" VPOS="334" WIDTH="218" HEIGHT="41" WC="0.91" CONTENT="sysselsättas"/><SP WIDTH="29" VPOS="334" HPOS="804"/>
							<String ID="string_33" HPOS="833" VPOS="334" WIDTH="10" HEIGHT="30" WC="0.80" CONTENT="1"/><SP WIDTH="29" VPOS="334" HPOS="843"/>
							<String ID="string_34" HPOS="872" VPOS="334" WIDTH="267" HEIGHT="30" WC="0.95" CONTENT="verksamheten."/><SP WIDTH="40" VPOS="334" HPOS="1139"/>
							<String ID="string_35" HPOS="1179" VPOS="333" WIDTH="165" HEIGHT="41" WC="0.95" CONTENT="Bidraget"/><SP WIDTH="27" VPOS="333" HPOS="1344"/>
							<String ID="string_36" HPOS="1371" VPOS="333" WIDTH="54" HEIGHT="31" WC="0.95" CONTENT="till"/><SP WIDTH="28" VPOS="333" HPOS="1425"/>
							<String ID="string_37" HPOS="1453" VPOS="332" WIDTH="147" HEIGHT="32" WC="0.96" CONTENT="arvoden"/>
						</TextLine>
						<TextLine ID="line_4" HPOS="98" VPOS="383" WIDTH="1503" HEIGHT="42">
							<String ID="string_38" HPOS="98" VPOS="384" WIDTH="99" HEIGHT="40" WC="0.96" CONTENT="utgår"/><SP WIDTH="19" VPOS="384" HPOS="197"/>
							<String ID="string_39" HPOS="216" VPOS="383" WIDTH="53" HEIGHT="31" WC="0.96" CONTENT="för"/><SP WIDTH="19" VPOS="383" HPOS="269"/>
							<String ID="string_40" HPOS="288" VPOS="383" WIDTH="114" HEIGHT="31" WC="0.96" CONTENT="läkare"/><SP WIDTH="21" VPOS="383" HPOS="402"/>
							<String ID="string_41" HPOS="423" VPOS="383" WIDTH="56" HEIGHT="31" WC="0.96" CONTENT="vid"/><SP WIDTH="21" VPOS="383" HPOS="479"/>
							<String ID="string_42" HPOS="500" VPOS="384" WIDTH="166" HEIGHT="31" WC="0.96" CONTENT="centraler"/><SP WIDTH="20" VPOS="384" HPOS="666"/>
							<String ID="string_43" HPOS="686" VPOS="385" WIDTH="75" HEIGHT="30" WC="0.96" CONTENT="med"/><SP WIDTH="23" VPOS="385" HPOS="761"/>
							<String ID="string_44" HPOS="784" VPOS="385" WIDTH="15" HEIGHT="30" WC="0.92" CONTENT="1"/><SP WIDTH="15" VPOS="385" HPOS="799"/>
							<String ID="string_45" HPOS="814" VPOS="384" WIDTH="124" HEIGHT="31" WC="0.83" CONTENT="000—2"/><SP WIDTH="13" VPOS="384" HPOS="938"/>
							<String ID="string_46" HPOS="951" VPOS="385" WIDTH="60" HEIGHT="30" WC="0.96" CONTENT="000"/><SP WIDTH="21" VPOS="385" HPOS="1011"/>
							<String ID="string_47" HPOS="1032" VPOS="384" WIDTH="134" HEIGHT="37" WC="0.96" CONTENT="kronor,"/><SP WIDTH="22" VPOS="384" HPOS="1166"/>
							<String ID="string_48" HPOS="1188" VPOS="384" WIDTH="53" HEIGHT="31" WC="0.96" CONTENT="för"/><SP WIDTH="20" VPOS="384" HPOS="1241"/>
							<String ID="string_49" HPOS="1261" VPOS="383" WIDTH="257" HEIGHT="42" WC="0.95" CONTENT="sjuksköterska"/><SP WIDTH="20" VPOS="383" HPOS="1518"/>
							<String ID="string_50" HPOS="1538" VPOS="383" WIDTH="63" HEIGHT="31" WC="0.96" CONTENT="och"/>
						</TextLine>
						<TextLine ID="line_5" HPOS="98" VPOS="432" WIDTH="1503" HEIGHT="41">
							<String ID="string_51" HPOS="98" VPOS="433" WIDTH="228" HEIGHT="38" WC="0.96" CONTENT="barnmorska,"/><SP WIDTH="27" VPOS="433" HPOS="326"/>
							<String ID="string_52" HPOS="353" VPOS="443" WIDTH="72" HEIGHT="21" WC="0.95" CONTENT="som"/><SP WIDTH="25" VPOS="443" HPOS="425"/>
							<String ID="string_53" HPOS="450" VPOS="435" WIDTH="56" HEIGHT="29" WC="0.93" CONTENT="äro"/><SP WIDTH="24" VPOS="435" HPOS="506"/>
							<String ID="string_54" HPOS="530" VPOS="434" WIDTH="299" HEIGHT="31" WC="0.90" CONTENT="heltidsanställda"/><SP WIDTH="24" VPOS="434" HPOS="829"/>
							<String ID="string_55" HPOS="853" VPOS="434" WIDTH="58" HEIGHT="30" WC="0.96" CONTENT="vid"/><SP WIDTH="24" VPOS="434" HPOS="911"/>
							<String ID="string_56" HPOS="935" VPOS="434" WIDTH="175" HEIGHT="37" WC="0.95" CONTENT="centraler,"/><SP WIDTH="25" VPOS="434" HPOS="1110"/>
							<String ID="string_57" HPOS="1135" VPOS="434" WIDTH="77" HEIGHT="31" WC="0.96" CONTENT="med"/><SP WIDTH="25" VPOS="434" HPOS="1212"/>
							<String ID="string_58" HPOS="1237" VPOS="433" WIDTH="92" HEIGHT="31" WC="0.84" CONTENT="1000"/><SP WIDTH="22" VPOS="433" HPOS="1329"/>
							<String ID="string_59" HPOS="1351" VPOS="433" WIDTH="125" HEIGHT="30" WC="0.96" CONTENT="kronor"/><SP WIDTH="23" VPOS="433" HPOS="1476"/>
							<String ID="string_60" HPOS="1499" VPOS="432" WIDTH="102" HEIGHT="41" WC="0.96" CONTENT="jämte"/>
						</TextLine>
						<TextLine ID="line_6" HPOS="99" VPOS="483" WIDTH="1503" HEIGHT="44">
							<String ID="string_61" HPOS="99" VPOS="483" WIDTH="234" HEIGHT="43" WC="0.82" CONTENT="ålderstillägg"/><SP WIDTH="26" VPOS="483" HPOS="333"/>
							<String ID="string_62" HPOS="359" VPOS="487" WIDTH="88" HEIGHT="28" WC="0.96" CONTENT="samt"/><SP WIDTH="26" VPOS="487" HPOS="447"/>
							<String ID="string_63" HPOS="473" VPOS="485" WIDTH="53" HEIGHT="30" WC="0.96" CONTENT="för"/><SP WIDTH="26" VPOS="485" HPOS="526"/>
							<String ID="string_64" HPOS="552" VPOS="485" WIDTH="116" HEIGHT="42" WC="0.96" CONTENT="övriga"/><SP WIDTH="27" VPOS="485" HPOS="668"/>
							<String ID="string_65" HPOS="695" VPOS="485" WIDTH="276" HEIGHT="41" WC="0.96" CONTENT="sjuksköterskor"/><SP WIDTH="26" VPOS="485" HPOS="971"/>
							<String ID="string_66" HPOS="997" VPOS="485" WIDTH="62" HEIGHT="31" WC="0.96" CONTENT="och"/><SP WIDTH="27" VPOS="485" HPOS="1059"/>
							<String ID="string_67" HPOS="1086" VPOS="484" WIDTH="241" HEIGHT="32" WC="0.96" CONTENT="barnmorskor"/><SP WIDTH="25" VPOS="484" HPOS="1327"/>
							<String ID="string_68" HPOS="1352" VPOS="484" WIDTH="58" HEIGHT="31" WC="0.96" CONTENT="vid"/><SP WIDTH="27" VPOS="484" HPOS="1410"/>
							<String ID="string_69" HPOS="1437" VPOS="484" WIDTH="165" HEIGHT="31" WC="0.96" CONTENT="centraler"/>
						</TextLine>
						<TextLine ID="line_7" HPOS="99" VPOS="534" WIDTH="1503" HEIGHT="39">
							<String ID="string_70" HPOS="99" VPOS="534" WIDTH="77" HEIGHT="31" WC="0.96" CONTENT="med"/><SP WIDTH="19" VPOS="534" HPOS="176"/>
							<String ID="string_71" HPOS="195" VPOS="534" WIDTH="60" HEIGHT="32" WC="0.96" CONTENT="500"/><SP WIDTH="19" VPOS="534" HPOS="255"/>
							<String ID="string_72" HPOS="274" VPOS="535" WIDTH="135" HEIGHT="38" WC="0.96" CONTENT="kronor,"/><SP WIDTH="21" VPOS="535" HPOS="409"/>
							<String ID="string_73" HPOS="430" VPOS="535" WIDTH="59" HEIGHT="31" WC="0.96" CONTENT="allt"/><SP WIDTH="20" VPOS="535" HPOS="489"/>
							<String ID="string_74" HPOS="509" VPOS="536" WIDTH="53" HEIGHT="30" WC="0.96" CONTENT="för"/><SP WIDTH="20" VPOS="536" HPOS="562"/>
							<String ID="string_75" HPOS="582" VPOS="538" WIDTH="44" HEIGHT="29" WC="0.96" CONTENT="år."/><SP WIDTH="31" VPOS="538" HPOS="626"/>
							<String ID="string_76" HPOS="657" VPOS="536" WIDTH="68" HEIGHT="30" WC="0.96" CONTENT="För"/><SP WIDTH="18" VPOS="536" HPOS="725"/>
							<String ID="string_77" HPOS="743" VPOS="536" WIDTH="113" HEIGHT="31" WC="0.96" CONTENT="läkare"/><SP WIDTH="20" VPOS="536" HPOS="856"/>
							<String ID="string_78" HPOS="876" VPOS="536" WIDTH="58" HEIGHT="31" WC="0.93" CONTENT="vid"/><SP WIDTH="18" VPOS="536" HPOS="934"/>
							<String ID="string_79" HPOS="952" VPOS="536" WIDTH="127" HEIGHT="31" WC="0.92" CONTENT="mödra-"/><SP WIDTH="21" VPOS="536" HPOS="1079"/>
							<String ID="string_80" HPOS="1100" VPOS="535" WIDTH="62" HEIGHT="32" WC="0.93" CONTENT="och"/><SP WIDTH="19" VPOS="535" HPOS="1162"/>
							<String ID="string_81" HPOS="1181" VPOS="535" WIDTH="421" HEIGHT="31" WC="0.91" CONTENT="barnavårdsstationerna"/>
						</TextLine>
						<TextLine ID="line_8" HPOS="100" VPOS="585" WIDTH="1019" HEIGHT="43">
							<String ID="string_82" HPOS="100" VPOS="587" WIDTH="98" HEIGHT="39" WC="0.96" CONTENT="utgår"/><SP WIDTH="21" VPOS="587" HPOS="198"/>
							<String ID="string_83" HPOS="219" VPOS="588" WIDTH="47" HEIGHT="29" WC="0.96" CONTENT="ett"/><SP WIDTH="21" VPOS="588" HPOS="266"/>
							<String ID="string_84" HPOS="287" VPOS="585" WIDTH="131" HEIGHT="42" WC="0.96" CONTENT="bidrag,"/><SP WIDTH="22" VPOS="585" HPOS="418"/>
							<String ID="string_85" HPOS="440" VPOS="597" WIDTH="40" HEIGHT="20" WC="0.96" CONTENT="av"/><SP WIDTH="23" VPOS="597" HPOS="480"/>
							<String ID="string_86" HPOS="503" VPOS="586" WIDTH="37" HEIGHT="31" WC="0.96" CONTENT="15"/><SP WIDTH="22" VPOS="586" HPOS="540"/>
							<String ID="string_87" HPOS="562" VPOS="585" WIDTH="126" HEIGHT="32" WC="0.96" CONTENT="kronor"/><SP WIDTH="20" VPOS="585" HPOS="688"/>
							<String ID="string_88" HPOS="708" VPOS="587" WIDTH="53" HEIGHT="30" WC="0.96" CONTENT="för"/><SP WIDTH="21" VPOS="587" HPOS="761"/>
							<String ID="string_89" HPOS="782" VPOS="587" WIDTH="93" HEIGHT="41" WC="0.96" CONTENT="varje"/><SP WIDTH="22" VPOS="587" HPOS="875"/>
							<String ID="string_90" HPOS="897" VPOS="587" WIDTH="222" HEIGHT="41" WC="0.96" CONTENT="mottagning."/>
						</TextLine>
					</TextBlock>
					<TextBlock ID="block_2" HPOS="98" VPOS="635" WIDTH="1504" HEIGHT="339">
						<TextLine ID="line_9" HPOS="151" VPOS="635" WIDTH="1450" HEIGHT="43">
							<String ID="string_91" HPOS="151" VPOS="635" WIDTH="76" HEIGHT="32" WC="0.96" CONTENT="Den"/><SP WIDTH="23" VPOS="635" HPOS="227"/>
							<String ID="string_92" HPOS="250" VPOS="636" WIDTH="254" HEIGHT="42" WC="0.93" CONTENT="förebyggande"/><SP WIDTH="23" VPOS="636" HPOS="504"/>
							<String ID="string_93" HPOS="527" VPOS="637" WIDTH="241" HEIGHT="38" WC="0.92" CONTENT="barnavården,"/><SP WIDTH="25" VPOS="637" HPOS="768"/>
							<String ID="string_94" HPOS="793" VPOS="649" WIDTH="74" HEIGHT="20" WC="0.96" CONTENT="som"/><SP WIDTH="23" VPOS="649" HPOS="867"/>
							<String ID="string_95" HPOS="890" VPOS="638" WIDTH="76" HEIGHT="30" WC="0.96" CONTENT="från"/><SP WIDTH="23" VPOS="638" HPOS="966"/>
							<String ID="string_96" HPOS="989" VPOS="638" WIDTH="62" HEIGHT="31" WC="0.96" CONTENT="och"/><SP WIDTH="23" VPOS="638" HPOS="1051"/>
							<String ID="string_97" HPOS="1074" VPOS="638" WIDTH="78" HEIGHT="30" WC="0.96" CONTENT="med"/><SP WIDTH="24" VPOS="638" HPOS="1152"/>
							<String ID="string_98" HPOS="1176" VPOS="638" WIDTH="80" HEIGHT="30" WC="0.96" CONTENT="1944"/><SP WIDTH="23" VPOS="638" HPOS="1256"/>
							<String ID="string_99" HPOS="1279" VPOS="637" WIDTH="173" HEIGHT="41" WC="0.95" CONTENT="utvidgats"/><SP WIDTH="23" VPOS="637" HPOS="1452"/>
							<String ID="string_100" HPOS="1475" VPOS="637" WIDTH="54" HEIGHT="30" WC="0.95" CONTENT="till"/><SP WIDTH="23" VPOS="637" HPOS="1529"/>
							<String ID="string_101" HPOS="1552" VPOS="638" WIDTH="49" HEIGHT="30" WC="0.96" CONTENT="att"/>
						</TextLine>
						<TextLine ID="line_10" HPOS="99" VPOS="686" WIDTH="1502" HEIGHT="43">
							<String ID="string_102" HPOS="99" VPOS="686" WIDTH="142" HEIGHT="32" WC="0.95" CONTENT="omfatta"/><SP WIDTH="19" VPOS="686" HPOS="241"/>
							<String ID="string_103" HPOS="260" VPOS="687" WIDTH="85" HEIGHT="31" WC="0.96" CONTENT="barn"/><SP WIDTH="20" VPOS="687" HPOS="345"/>
							<String ID="string_104" HPOS="365" VPOS="688" WIDTH="124" HEIGHT="30" WC="0.93" CONTENT="mellan"/><SP WIDTH="20" VPOS="688" HPOS="489"/>
							<String ID="string_105" HPOS="509" VPOS="689" WIDTH="82" HEIGHT="30" WC="0.80" CONTENT="2—3"/><SP WIDTH="21" VPOS="689" HPOS="591"/>
							<String ID="string_106" HPOS="612" VPOS="690" WIDTH="54" HEIGHT="29" WC="0.97" CONTENT="års"/><SP WIDTH="21" VPOS="690" HPOS="666"/>
							<String ID="string_107" HPOS="687" VPOS="688" WIDTH="101" HEIGHT="38" WC="0.96" CONTENT="ålder,"/><SP WIDTH="23" VPOS="688" HPOS="788"/>
							<String ID="string_108" HPOS="811" VPOS="688" WIDTH="145" HEIGHT="32" WC="0.96" CONTENT="föreslås"/><SP WIDTH="22" VPOS="688" HPOS="956"/>
							<String ID="string_109" HPOS="978" VPOS="688" WIDTH="303" HEIGHT="41" WC="0.96" CONTENT="fortsättningsvis,"/><SP WIDTH="22" VPOS="688" HPOS="1281"/>
							<String ID="string_110" HPOS="1303" VPOS="688" WIDTH="120" HEIGHT="31" WC="0.96" CONTENT="räknat"/><SP WIDTH="20" VPOS="688" HPOS="1423"/>
							<String ID="string_111" HPOS="1443" VPOS="688" WIDTH="74" HEIGHT="30" WC="0.96" CONTENT="från"/><SP WIDTH="21" VPOS="688" HPOS="1517"/>
							<String ID="string_112" HPOS="1538" VPOS="687" WIDTH="63" HEIGHT="31" WC="0.96" CONTENT="och"/>
						</TextLine>
						<TextLine ID="line_11" HPOS="98" VPOS="737" WIDTH="1504" HEIGHT="43">
							<String ID="string_113" HPOS="98" VPOS="737" WIDTH="78" HEIGHT="31" WC="0.96" CONTENT="med"/><SP WIDTH="18" VPOS="737" HPOS="176"/>
							<String ID="string_114" HPOS="194" VPOS="737" WIDTH="64" HEIGHT="31" WC="0.96" CONTENT="den"/><SP WIDTH="19" VPOS="737" HPOS="258"/>
							<String ID="string_115" HPOS="277" VPOS="739" WIDTH="16" HEIGHT="29" WC="0.96" CONTENT="1"/><SP WIDTH="19" VPOS="739" HPOS="293"/>
							<String ID="string_116" HPOS="312" VPOS="738" WIDTH="134" HEIGHT="41" WC="0.96" CONTENT="januari"/><SP WIDTH="19" VPOS="738" HPOS="446"/>
							<String ID="string_117" HPOS="465" VPOS="739" WIDTH="89" HEIGHT="38" WC="0.96" CONTENT="1945,"/><SP WIDTH="19" VPOS="739" HPOS="554"/>
							<String ID="string_118" HPOS="573" VPOS="739" WIDTH="152" HEIGHT="41" WC="0.96" CONTENT="utbyggd"/><SP WIDTH="18" VPOS="739" HPOS="725"/>
							<String ID="string_119" HPOS="743" VPOS="741" WIDTH="48" HEIGHT="29" WC="0.96" CONTENT="att"/><SP WIDTH="18" VPOS="741" HPOS="791"/>
							<String ID="string_120" HPOS="809" VPOS="739" WIDTH="143" HEIGHT="31" WC="0.96" CONTENT="omfatta"/><SP WIDTH="17" VPOS="739" HPOS="952"/>
							<String ID="string_121" HPOS="969" VPOS="741" WIDTH="84" HEIGHT="29" WC="0.96" CONTENT="även"/><SP WIDTH="32" VPOS="741" HPOS="1053"/>
							<String ID="string_122" HPOS="1085" VPOS="739" WIDTH="4" HEIGHT="31" WC="0.54" CONTENT="3"/><SP WIDTH="8" VPOS="739" HPOS="1089"/>
							<String ID="string_123" HPOS="1097" VPOS="739" WIDTH="327" HEIGHT="41" WC="0.54" CONTENT="—4-åringarna."/><SP WIDTH="28" VPOS="739" HPOS="1424"/>
							<String ID="string_124" HPOS="1452" VPOS="738" WIDTH="150" HEIGHT="31" WC="0.96" CONTENT="Därmed"/>
						</TextLine>
						<TextLine ID="line_12" HPOS="99" VPOS="788" WIDTH="1503" HEIGHT="43">
							<String ID="string_125" HPOS="99" VPOS="788" WIDTH="109" HEIGHT="31" WC="0.93" CONTENT="skulle"/><SP WIDTH="23" VPOS="788" HPOS="208"/>
							<String ID="string_126" HPOS="231" VPOS="790" WIDTH="107" HEIGHT="37" WC="0.92" CONTENT="ernås,"/><SP WIDTH="24" VPOS="790" HPOS="338"/>
							<String ID="string_127" HPOS="362" VPOS="791" WIDTH="50" HEIGHT="29" WC="0.96" CONTENT="att"/><SP WIDTH="22" VPOS="791" HPOS="412"/>
							<String ID="string_128" HPOS="434" VPOS="789" WIDTH="281" HEIGHT="42" WC="0.95" CONTENT="övervakningen,"/><SP WIDTH="23" VPOS="789" HPOS="715"/>
							<String ID="string_129" HPOS="738" VPOS="801" WIDTH="73" HEIGHT="20" WC="0.96" CONTENT="som"/><SP WIDTH="23" VPOS="801" HPOS="811"/>
							<String ID="string_130" HPOS="834" VPOS="790" WIDTH="41" HEIGHT="31" WC="0.96" CONTENT="de"/><SP WIDTH="24" VPOS="790" HPOS="875"/>
							<String ID="string_131" HPOS="899" VPOS="790" WIDTH="85" HEIGHT="31" WC="0.96" CONTENT="sista"/><SP WIDTH="21" VPOS="790" HPOS="984"/>
							<String ID="string_132" HPOS="1005" VPOS="792" WIDTH="56" HEIGHT="29" WC="0.96" CONTENT="två"/><SP WIDTH="22" VPOS="792" HPOS="1061"/>
							<String ID="string_133" HPOS="1083" VPOS="792" WIDTH="80" HEIGHT="29" WC="0.92" CONTENT="åren"/><SP WIDTH="23" VPOS="792" HPOS="1163"/>
							<String ID="string_134" HPOS="1186" VPOS="789" WIDTH="183" HEIGHT="32" WC="0.91" CONTENT="utsträckts"/><SP WIDTH="23" VPOS="789" HPOS="1369"/>
							<String ID="string_135" HPOS="1392" VPOS="791" WIDTH="79" HEIGHT="29" WC="0.96" CONTENT="över"/><SP WIDTH="22" VPOS="791" HPOS="1471"/>
							<String ID="string_136" HPOS="1493" VPOS="800" WIDTH="41" HEIGHT="20" WC="0.96" CONTENT="en"/><SP WIDTH="23" VPOS="800" HPOS="1534"/>
							<String ID="string_137" HPOS="1557" VPOS="800" WIDTH="45" HEIGHT="30" WC="0.96" CONTENT="ny"/>
						</TextLine>
						<TextLine ID="line_13" HPOS="98" VPOS="839" WIDTH="1503" HEIGHT="43">
							<String ID="string_138" HPOS="98" VPOS="839" WIDTH="206" HEIGHT="32" WC="0.95" CONTENT="åldersklass"/><SP WIDTH="19" VPOS="839" HPOS="304"/>
							<String ID="string_139" HPOS="323" VPOS="840" WIDTH="93" HEIGHT="41" WC="0.96" CONTENT="varje"/><SP WIDTH="19" VPOS="840" HPOS="416"/>
							<String ID="string_140" HPOS="435" VPOS="842" WIDTH="45" HEIGHT="36" WC="0.96" CONTENT="år,"/><SP WIDTH="19" VPOS="842" HPOS="480"/>
							<String ID="string_141" HPOS="499" VPOS="840" WIDTH="222" HEIGHT="32" WC="0.96" CONTENT="automatiskt"/><SP WIDTH="17" VPOS="840" HPOS="721"/>
							<String ID="string_142" HPOS="738" VPOS="841" WIDTH="177" HEIGHT="31" WC="0.96" CONTENT="fortsätter"/><SP WIDTH="17" VPOS="841" HPOS="915"/>
							<String ID="string_143" HPOS="932" VPOS="841" WIDTH="78" HEIGHT="31" WC="0.96" CONTENT="med"/><SP WIDTH="18" VPOS="841" HPOS="1010"/>
							<String ID="string_144" HPOS="1028" VPOS="842" WIDTH="98" HEIGHT="30" WC="0.96" CONTENT="nästa"/><SP WIDTH="18" VPOS="842" HPOS="1126"/>
							<String ID="string_145" HPOS="1144" VPOS="840" WIDTH="234" HEIGHT="42" WC="0.95" CONTENT="åldersgrupp."/><SP WIDTH="31" VPOS="840" HPOS="1378"/>
							<String ID="string_146" HPOS="1409" VPOS="841" WIDTH="100" HEIGHT="37" WC="0.96" CONTENT="Barn,"/><SP WIDTH="19" VPOS="841" HPOS="1509"/>
							<String ID="string_147" HPOS="1528" VPOS="851" WIDTH="73" HEIGHT="20" WC="0.96" CONTENT="som"/>
						</TextLine>
						<TextLine ID="line_14" HPOS="99" VPOS="891" WIDTH="1503" HEIGHT="41">
							<String ID="string_148" HPOS="99" VPOS="901" WIDTH="41" HEIGHT="20" WC="0.96" CONTENT="en"/><SP WIDTH="22" VPOS="901" HPOS="140"/>
							<String ID="string_149" HPOS="162" VPOS="892" WIDTH="87" HEIGHT="40" WC="0.96" CONTENT="gång"/><SP WIDTH="21" VPOS="892" HPOS="249"/>
							<String ID="string_150" HPOS="270" VPOS="891" WIDTH="113" HEIGHT="32" WC="0.96" CONTENT="ställts"/><SP WIDTH="23" VPOS="891" HPOS="383"/>
							<String ID="string_151" HPOS="406" VPOS="891" WIDTH="107" HEIGHT="31" WC="0.96" CONTENT="under"/><SP WIDTH="19" VPOS="891" HPOS="513"/>
							<String ID="string_152" HPOS="532" VPOS="891" WIDTH="258" HEIGHT="38" WC="0.95" CONTENT="hälsokontroll,"/><SP WIDTH="22" VPOS="891" HPOS="790"/>
							<String ID="string_153" HPOS="812" VPOS="892" WIDTH="94" HEIGHT="31" WC="0.96" CONTENT="bliva"/><SP WIDTH="20" VPOS="892" HPOS="906"/>
							<String ID="string_154" HPOS="926" VPOS="891" WIDTH="143" HEIGHT="32" WC="0.96" CONTENT="sålunda"/><SP WIDTH="21" VPOS="891" HPOS="1069"/>
							<String ID="string_155" HPOS="1090" VPOS="892" WIDTH="12" HEIGHT="30" WC="0.93" CONTENT="i"/><SP WIDTH="22" VPOS="892" HPOS="1102"/>
							<String ID="string_156" HPOS="1124" VPOS="891" WIDTH="135" HEIGHT="32" WC="0.96" CONTENT="tillfälle"/><SP WIDTH="22" VPOS="891" HPOS="1259"/>
							<String ID="string_157" HPOS="1281" VPOS="894" WIDTH="50" HEIGHT="28" WC="0.96" CONTENT="att"/><SP WIDTH="21" VPOS="894" HPOS="1331"/>
							<String ID="string_158" HPOS="1352" VPOS="892" WIDTH="159" HEIGHT="30" WC="0.93" CONTENT="fortsätta"/><SP WIDTH="20" VPOS="892" HPOS="1511"/>
							<String ID="string_159" HPOS="1531" VPOS="891" WIDTH="71" HEIGHT="31" WC="0.92" CONTENT="där-"/>
						</TextLine>
						<TextLine ID="line_15" HPOS="98" VPOS="942" WIDTH="858" HEIGHT="32">
							<String ID="string_160" HPOS="98" VPOS="942" WIDTH="77" HEIGHT="31" WC="0.96" CONTENT="med"/><SP WIDTH="21" VPOS="942" HPOS="175"/>
							<String ID="string_161" HPOS="196" VPOS="944" WIDTH="81" HEIGHT="28" WC="0.96" CONTENT="utan"/><SP WIDTH="21" VPOS="944" HPOS="277"/>
							<String ID="string_162" HPOS="298" VPOS="942" WIDTH="148" HEIGHT="31" WC="0.96" CONTENT="särskild"/><SP WIDTH="20" VPOS="942" HPOS="446"/>
							<String ID="string_163" HPOS="466" VPOS="942" WIDTH="146" HEIGHT="32" WC="0.96" CONTENT="kostnad"/><SP WIDTH="21" VPOS="942" HPOS="612"/>
							<String ID="string_164" HPOS="633" VPOS="943" WIDTH="53" HEIGHT="30" WC="0.96" CONTENT="för"/><SP WIDTH="21" VPOS="943" HPOS="686"/>
							<String ID="string_165" HPOS="707" VPOS="943" WIDTH="64" HEIGHT="31" WC="0.96" CONTENT="den"/><SP WIDTH="21" VPOS="943" HPOS="771"/>
							<String ID="string_166" HPOS="792" VPOS="942" WIDTH="164" HEIGHT="32" WC="0.95" CONTENT="enskilde."/>
						</TextLine>
					</TextBlock>
					<TextBlock ID="block_3" HPOS="75" VPOS="992" WIDTH="1527" HEIGHT="1006">
						<TextLine ID="line_16" HPOS="151" VPOS="992" WIDTH="1450" HEIGHT="43">
							<String ID="string_167" HPOS="151" VPOS="992" WIDTH="126" HEIGHT="32" WC="0.93" CONTENT="Vidare"/><SP WIDTH="31" VPOS="992" HPOS="277"/>
							<String ID="string_168" HPOS="308" VPOS="993" WIDTH="180" HEIGHT="32" WC="0.90" CONTENT="framföres"/><SP WIDTH="30" VPOS="993" HPOS="488"/>
							<String ID="string_169" HPOS="518" VPOS="994" WIDTH="129" HEIGHT="41" WC="0.96" CONTENT="förslag"/><SP WIDTH="31" VPOS="994" HPOS="647"/>
							<String ID="string_170" HPOS="678" VPOS="994" WIDTH="53" HEIGHT="30" WC="0.95" CONTENT="till"/><SP WIDTH="37" VPOS="994" HPOS="731"/>
							<String ID="string_171" HPOS="768" VPOS="993" WIDTH="271" HEIGHT="41" WC="0.95" CONTENT="omläggning"/><SP WIDTH="37" VPOS="993" HPOS="1039"/>
							<String ID="string_172" HPOS="1076" VPOS="994" WIDTH="75" HEIGHT="30" WC="0.93" CONTENT="och"/><SP WIDTH="36" VPOS="994" HPOS="1151"/>
							<String ID="string_173" HPOS="1187" VPOS="993" WIDTH="331" HEIGHT="42" WC="0.90" CONTENT="intensifiering"/><SP WIDTH="37" VPOS="993" HPOS="1518"/>
							<String ID="string_174" HPOS="1555" VPOS="1004" WIDTH="46" HEIGHT="20" WC="0.95" CONTENT="av"/>
						</TextLine>
						<TextLine ID="line_17" HPOS="75" VPOS="1043" WIDTH="1527" HEIGHT="42">
							<String ID="string_175" HPOS="75" VPOS="1043" WIDTH="102" HEIGHT="31" WC="0.72" CONTENT="oden"/><SP WIDTH="34" VPOS="1043" HPOS="177"/>
							<String ID="string_176" HPOS="211" VPOS="1043" WIDTH="318" HEIGHT="42" WC="0.95" CONTENT="förebyggande"/><SP WIDTH="35" VPOS="1043" HPOS="529"/>
							<String ID="string_177" HPOS="564" VPOS="1044" WIDTH="313" HEIGHT="38" WC="0.96" CONTENT="mödravården,"/><SP WIDTH="31" VPOS="1044" HPOS="877"/>
							<String ID="string_178" HPOS="908" VPOS="1044" WIDTH="241" HEIGHT="37" WC="0.96" CONTENT="innebärande,"/><SP WIDTH="30" VPOS="1044" HPOS="1149"/>
							<String ID="string_179" HPOS="1179" VPOS="1046" WIDTH="49" HEIGHT="29" WC="0.96" CONTENT="att"/><SP WIDTH="28" VPOS="1046" HPOS="1228"/>
							<String ID="string_180" HPOS="1256" VPOS="1044" WIDTH="193" HEIGHT="32" WC="0.96" CONTENT="skillnaden"/><SP WIDTH="29" VPOS="1044" HPOS="1449"/>
							<String ID="string_181" HPOS="1478" VPOS="1044" WIDTH="124" HEIGHT="31" WC="0.96" CONTENT="mellan"/>
						</TextLine>
						<TextLine ID="line_18" HPOS="97" VPOS="1094" WIDTH="1505" HEIGHT="43">
							<String ID="string_182" HPOS="97" VPOS="1094" WIDTH="105" HEIGHT="31" WC="0.85" CONTENT="hälso."/><SP WIDTH="21" VPOS="1094" HPOS="202"/>
							<String ID="string_183" HPOS="223" VPOS="1095" WIDTH="61" HEIGHT="31" WC="0.96" CONTENT="och"/><SP WIDTH="18" VPOS="1095" HPOS="284"/>
							<String ID="string_184" HPOS="302" VPOS="1095" WIDTH="162" HEIGHT="41" WC="0.96" CONTENT="sjukvård"/><SP WIDTH="16" VPOS="1095" HPOS="464"/>
							<String ID="string_185" HPOS="480" VPOS="1097" WIDTH="43" HEIGHT="39" WC="0.93" CONTENT="på"/><SP WIDTH="15" VPOS="1097" HPOS="523"/>
							<String ID="string_186" HPOS="538" VPOS="1095" WIDTH="406" HEIGHT="42" WC="0.90" CONTENT="havandeskapsvårdens"/><SP WIDTH="17" VPOS="1095" HPOS="944"/>
							<String ID="string_187" HPOS="961" VPOS="1095" WIDTH="136" HEIGHT="31" WC="0.93" CONTENT="område"/><SP WIDTH="18" VPOS="1095" HPOS="1097"/>
							<String ID="string_188" HPOS="1115" VPOS="1095" WIDTH="174" HEIGHT="42" WC="0.92" CONTENT="upphäves"/><SP WIDTH="17" VPOS="1095" HPOS="1289"/>
							<String ID="string_189" HPOS="1306" VPOS="1097" WIDTH="87" HEIGHT="29" WC="0.96" CONTENT="samt"/><SP WIDTH="17" VPOS="1097" HPOS="1393"/>
							<String ID="string_190" HPOS="1410" VPOS="1098" WIDTH="48" HEIGHT="28" WC="0.93" CONTENT="att"/><SP WIDTH="17" VPOS="1098" HPOS="1458"/>
							<String ID="string_191" HPOS="1475" VPOS="1095" WIDTH="127" HEIGHT="31" WC="0.89" CONTENT="mödra-"/>
						</TextLine>
						<TextLine ID="line_19" HPOS="98" VPOS="1145" WIDTH="1504" HEIGHT="43">
							<String ID="string_192" HPOS="98" VPOS="1145" WIDTH="315" HEIGHT="32" WC="0.91" CONTENT="vårdscentralerna"/><SP WIDTH="29" VPOS="1145" HPOS="413"/>
							<String ID="string_193" HPOS="442" VPOS="1146" WIDTH="61" HEIGHT="31" WC="0.93" CONTENT="och"/><SP WIDTH="29" VPOS="1146" HPOS="503"/>
							<String ID="string_194" HPOS="532" VPOS="1146" WIDTH="221" HEIGHT="31" WC="0.91" CONTENT="-stationerna"/><SP WIDTH="29" VPOS="1146" HPOS="753"/>
							<String ID="string_195" HPOS="782" VPOS="1146" WIDTH="97" HEIGHT="31" WC="0.93" CONTENT="skola"/><SP WIDTH="30" VPOS="1146" HPOS="879"/>
							<String ID="string_196" HPOS="909" VPOS="1146" WIDTH="272" HEIGHT="31" WC="0.91" CONTENT="omhänderhava"/><SP WIDTH="29" VPOS="1146" HPOS="1181"/>
							<String ID="string_197" HPOS="1210" VPOS="1146" WIDTH="93" HEIGHT="31" WC="0.92" CONTENT="såväl"/><SP WIDTH="29" VPOS="1146" HPOS="1303"/>
							<String ID="string_198" HPOS="1332" VPOS="1146" WIDTH="270" HEIGHT="42" WC="0.91" CONTENT="havandeskaps-"/>
						</TextLine>
						<TextLine ID="line_20" HPOS="98" VPOS="1195" WIDTH="1504" HEIGHT="44">
							<String ID="string_199" HPOS="98" VPOS="1195" WIDTH="149" HEIGHT="32" WC="0.96" CONTENT="kontroll"/><SP WIDTH="26" VPOS="1195" HPOS="247"/>
							<String ID="string_200" HPOS="273" VPOS="1207" WIDTH="73" HEIGHT="20" WC="0.93" CONTENT="som"/><SP WIDTH="26" VPOS="1207" HPOS="346"/>
							<String ID="string_201" HPOS="372" VPOS="1197" WIDTH="173" HEIGHT="31" WC="0.91" CONTENT="ambulant"/><SP WIDTH="25" VPOS="1197" HPOS="545"/>
							<String ID="string_202" HPOS="570" VPOS="1197" WIDTH="209" HEIGHT="42" WC="0.96" CONTENT="behandling"/><SP WIDTH="25" VPOS="1197" HPOS="779"/>
							<String ID="string_203" HPOS="804" VPOS="1209" WIDTH="41" HEIGHT="19" WC="0.96" CONTENT="av"/><SP WIDTH="26" VPOS="1209" HPOS="845"/>
							<String ID="string_204" HPOS="871" VPOS="1197" WIDTH="67" HEIGHT="31" WC="0.93" CONTENT="alla"/><SP WIDTH="24" VPOS="1197" HPOS="938"/>
							<String ID="string_205" HPOS="962" VPOS="1197" WIDTH="554" HEIGHT="41" WC="0.92" CONTENT="havandeskapskomplikationer."/><SP WIDTH="40" VPOS="1197" HPOS="1516"/>
							<String ID="string_206" HPOS="1556" VPOS="1197" WIDTH="46" HEIGHT="31" WC="0.59" CONTENT="Så"/>
						</TextLine>
						<TextLine ID="line_21" HPOS="98" VPOS="1248" WIDTH="1504" HEIGHT="42">
							<String ID="string_207" HPOS="98" VPOS="1258" WIDTH="74" HEIGHT="20" WC="0.96" CONTENT="som"/><SP WIDTH="19" VPOS="1258" HPOS="172"/>
							<String ID="string_208" HPOS="191" VPOS="1248" WIDTH="151" HEIGHT="41" WC="0.96" CONTENT="exempel"/><SP WIDTH="19" VPOS="1248" HPOS="342"/>
							<String ID="string_209" HPOS="361" VPOS="1250" WIDTH="44" HEIGHT="39" WC="0.96" CONTENT="på"/><SP WIDTH="19" VPOS="1250" HPOS="405"/>
							<String ID="string_210" HPOS="424" VPOS="1248" WIDTH="64" HEIGHT="31" WC="0.96" CONTENT="den"/><SP WIDTH="19" VPOS="1248" HPOS="488"/>
							<String ID="string_211" HPOS="507" VPOS="1248" WIDTH="214" HEIGHT="42" WC="0.95" CONTENT="omfattning,"/><SP WIDTH="20" VPOS="1248" HPOS="721"/>
							<String ID="string_212" HPOS="741" VPOS="1249" WIDTH="11" HEIGHT="30" WC="0.96" CONTENT="i"/><SP WIDTH="17" VPOS="1249" HPOS="752"/>
							<String ID="string_213" HPOS="769" VPOS="1248" WIDTH="115" HEIGHT="31" WC="0.96" CONTENT="vilken"/><SP WIDTH="19" VPOS="1248" HPOS="884"/>
							<String ID="string_214" HPOS="903" VPOS="1248" WIDTH="285" HEIGHT="42" WC="0.96" CONTENT="komplikationer"/><SP WIDTH="19" VPOS="1248" HPOS="1188"/>
							<String ID="string_215" HPOS="1207" VPOS="1248" WIDTH="108" HEIGHT="32" WC="0.93" CONTENT="under"/><SP WIDTH="18" VPOS="1248" HPOS="1315"/>
							<String ID="string_216" HPOS="1333" VPOS="1248" WIDTH="269" HEIGHT="41" WC="0.92" CONTENT="havandeskaps-"/>
						</TextLine>
						<TextLine ID="line_22" HPOS="97" VPOS="1298" WIDTH="1504" HEIGHT="43">
							<String ID="string_217" HPOS="97" VPOS="1298" WIDTH="96" HEIGHT="31" WC="0.93" CONTENT="tiden"/><SP WIDTH="22" VPOS="1298" HPOS="193"/>
							<String ID="string_218" HPOS="215" VPOS="1298" WIDTH="218" HEIGHT="38" WC="0.93" CONTENT="förekomma,"/><SP WIDTH="24" VPOS="1298" HPOS="433"/>
							<String ID="string_219" HPOS="457" VPOS="1299" WIDTH="145" HEIGHT="38" WC="0.90" CONTENT="anföres,"/><SP WIDTH="24" VPOS="1299" HPOS="602"/>
							<String ID="string_220" HPOS="626" VPOS="1301" WIDTH="49" HEIGHT="29" WC="0.96" CONTENT="att"/><SP WIDTH="20" VPOS="1301" HPOS="675"/>
							<String ID="string_221" HPOS="695" VPOS="1310" WIDTH="40" HEIGHT="20" WC="0.96" CONTENT="av"/><SP WIDTH="24" VPOS="1310" HPOS="735"/>
							<String ID="string_222" HPOS="759" VPOS="1300" WIDTH="38" HEIGHT="30" WC="0.95" CONTENT="12"/><SP WIDTH="13" VPOS="1300" HPOS="797"/>
							<String ID="string_223" HPOS="810" VPOS="1300" WIDTH="61" HEIGHT="30" WC="0.95" CONTENT="784"/><SP WIDTH="22" VPOS="1300" HPOS="871"/>
							<String ID="string_224" HPOS="893" VPOS="1299" WIDTH="178" HEIGHT="42" WC="0.96" CONTENT="patienter,"/><SP WIDTH="25" VPOS="1299" HPOS="1071"/>
							<String ID="string_225" HPOS="1096" VPOS="1310" WIDTH="73" HEIGHT="21" WC="0.96" CONTENT="som"/><SP WIDTH="23" VPOS="1310" HPOS="1169"/>
							<String ID="string_226" HPOS="1192" VPOS="1299" WIDTH="107" HEIGHT="31" WC="0.95" CONTENT="under"/><SP WIDTH="23" VPOS="1299" HPOS="1299"/>
							<String ID="string_227" HPOS="1322" VPOS="1299" WIDTH="79" HEIGHT="31" WC="0.93" CONTENT="1941"/><SP WIDTH="24" VPOS="1299" HPOS="1401"/>
							<String ID="string_228" HPOS="1425" VPOS="1299" WIDTH="176" HEIGHT="31" WC="0.92" CONTENT="inskrivits"/>
						</TextLine>
						<TextLine ID="line_23" HPOS="99" VPOS="1349" WIDTH="1502" HEIGHT="42">
							<String ID="string_229" HPOS="99" VPOS="1349" WIDTH="58" HEIGHT="31" WC="0.93" CONTENT="vid"/><SP WIDTH="26" VPOS="1349" HPOS="157"/>
							<String ID="string_230" HPOS="183" VPOS="1350" WIDTH="433" HEIGHT="31" WC="0.89" CONTENT="mödravårdscentralerna"/><SP WIDTH="26" VPOS="1350" HPOS="616"/>
							<String ID="string_231" HPOS="642" VPOS="1361" WIDTH="40" HEIGHT="20" WC="0.95" CONTENT="av"/><SP WIDTH="26" VPOS="1361" HPOS="682"/>
							<String ID="string_232" HPOS="708" VPOS="1352" WIDTH="59" HEIGHT="39" WC="0.95" CONTENT="typ"/><SP WIDTH="26" VPOS="1352" HPOS="767"/>
							<String ID="string_233" HPOS="793" VPOS="1351" WIDTH="28" HEIGHT="37" WC="0.93" CONTENT="I,"/><SP WIDTH="29" VPOS="1351" HPOS="821"/>
							<String ID="string_234" HPOS="850" VPOS="1350" WIDTH="73" HEIGHT="31" WC="0.96" CONTENT="icke"/><SP WIDTH="27" VPOS="1350" HPOS="923"/>
							<String ID="string_235" HPOS="950" VPOS="1350" WIDTH="132" HEIGHT="31" WC="0.96" CONTENT="mindre"/><SP WIDTH="27" VPOS="1350" HPOS="1082"/>
							<String ID="string_236" HPOS="1109" VPOS="1352" WIDTH="42" HEIGHT="29" WC="0.95" CONTENT="än"/><SP WIDTH="27" VPOS="1352" HPOS="1151"/>
							<String ID="string_237" HPOS="1178" VPOS="1350" WIDTH="92" HEIGHT="31" WC="0.94" CONTENT="7226"/><SP WIDTH="27" VPOS="1350" HPOS="1270"/>
							<String ID="string_238" HPOS="1297" VPOS="1350" WIDTH="84" HEIGHT="31" WC="0.96" CONTENT="eller"/><SP WIDTH="25" VPOS="1350" HPOS="1381"/>
							<String ID="string_239" HPOS="1406" VPOS="1350" WIDTH="68" HEIGHT="37" WC="0.96" CONTENT="56,5"/><SP WIDTH="33" VPOS="1350" HPOS="1474"/>
							<String ID="string_240" HPOS="1507" VPOS="1352" WIDTH="25" HEIGHT="29" WC="0.78" CONTENT="4"/><SP WIDTH="29" VPOS="1352" HPOS="1532"/>
							<String ID="string_241" HPOS="1561" VPOS="1361" WIDTH="40" HEIGHT="20" WC="0.95" CONTENT="av"/>
						</TextLine>
						<TextLine ID="line_24" HPOS="99" VPOS="1400" WIDTH="1502" HEIGHT="42">
							<String ID="string_242" HPOS="99" VPOS="1400" WIDTH="104" HEIGHT="31" WC="0.96" CONTENT="fallen"/><SP WIDTH="23" VPOS="1400" HPOS="203"/>
							<String ID="string_243" HPOS="226" VPOS="1400" WIDTH="43" HEIGHT="31" WC="0.93" CONTENT="ha"/><SP WIDTH="23" VPOS="1400" HPOS="269"/>
							<String ID="string_244" HPOS="292" VPOS="1400" WIDTH="142" HEIGHT="31" WC="0.92" CONTENT="företett"/><SP WIDTH="22" VPOS="1400" HPOS="434"/>
							<String ID="string_245" HPOS="456" VPOS="1402" WIDTH="111" HEIGHT="39" WC="0.96" CONTENT="någon"/><SP WIDTH="23" VPOS="1402" HPOS="567"/>
							<String ID="string_246" HPOS="590" VPOS="1400" WIDTH="255" HEIGHT="42" WC="0.96" CONTENT="komplikation."/><SP WIDTH="36" VPOS="1400" HPOS="845"/>
							<String ID="string_247" HPOS="881" VPOS="1401" WIDTH="82" HEIGHT="30" WC="0.95" CONTENT="Med"/><SP WIDTH="23" VPOS="1401" HPOS="963"/>
							<String ID="string_248" HPOS="986" VPOS="1401" WIDTH="133" HEIGHT="40" WC="0.95" CONTENT="hänsyn"/><SP WIDTH="24" VPOS="1401" HPOS="1119"/>
							<String ID="string_249" HPOS="1143" VPOS="1401" WIDTH="53" HEIGHT="30" WC="0.96" CONTENT="till"/><SP WIDTH="24" VPOS="1401" HPOS="1196"/>
							<String ID="string_250" HPOS="1220" VPOS="1401" WIDTH="66" HEIGHT="30" WC="0.96" CONTENT="den"/><SP WIDTH="23" VPOS="1401" HPOS="1286"/>
							<String ID="string_251" HPOS="1309" VPOS="1401" WIDTH="89" HEIGHT="41" WC="0.93" CONTENT="höga"/><SP WIDTH="22" VPOS="1401" HPOS="1398"/>
							<String ID="string_252" HPOS="1420" VPOS="1400" WIDTH="181" HEIGHT="42" WC="0.93" CONTENT="komplika-"/>
						</TextLine>
						<TextLine ID="line_25" HPOS="98" VPOS="1451" WIDTH="1504" HEIGHT="41">
							<String ID="string_253" HPOS="98" VPOS="1451" WIDTH="299" HEIGHT="31" WC="0.89" CONTENT="tionsfrekvensen"/><SP WIDTH="28" VPOS="1451" HPOS="397"/>
							<String ID="string_254" HPOS="425" VPOS="1451" WIDTH="62" HEIGHT="31" WC="0.96" CONTENT="och"/><SP WIDTH="28" VPOS="1451" HPOS="487"/>
							<String ID="string_255" HPOS="515" VPOS="1451" WIDTH="124" HEIGHT="41" WC="0.96" CONTENT="jämväl"/><SP WIDTH="28" VPOS="1451" HPOS="639"/>
							<String ID="string_256" HPOS="667" VPOS="1451" WIDTH="53" HEIGHT="30" WC="0.96" CONTENT="till"/><SP WIDTH="29" VPOS="1451" HPOS="720"/>
							<String ID="string_257" HPOS="749" VPOS="1451" WIDTH="57" HEIGHT="31" WC="0.96" CONTENT="det"/><SP WIDTH="29" VPOS="1451" HPOS="806"/>
							<String ID="string_258" HPOS="835" VPOS="1451" WIDTH="238" HEIGHT="37" WC="0.95" CONTENT="förhållandet,"/><SP WIDTH="30" VPOS="1451" HPOS="1073"/>
							<String ID="string_259" HPOS="1103" VPOS="1453" WIDTH="50" HEIGHT="29" WC="0.95" CONTENT="att"/><SP WIDTH="28" VPOS="1453" HPOS="1153"/>
							<String ID="string_260" HPOS="1181" VPOS="1453" WIDTH="145" HEIGHT="39" WC="0.96" CONTENT="gränsen"/><SP WIDTH="29" VPOS="1453" HPOS="1326"/>
							<String ID="string_261" HPOS="1355" VPOS="1451" WIDTH="123" HEIGHT="31" WC="0.96" CONTENT="mellan"/><SP WIDTH="28" VPOS="1451" HPOS="1478"/>
							<String ID="string_262" HPOS="1506" VPOS="1451" WIDTH="96" HEIGHT="31" WC="0.96" CONTENT="hälsa"/>
						</TextLine>
						<TextLine ID="line_26" HPOS="98" VPOS="1501" WIDTH="1502" HEIGHT="42">
							<String ID="string_263" HPOS="98" VPOS="1502" WIDTH="63" HEIGHT="31" WC="0.96" CONTENT="och"/><SP WIDTH="26" VPOS="1502" HPOS="161"/>
							<String ID="string_264" HPOS="187" VPOS="1501" WIDTH="158" HEIGHT="42" WC="0.96" CONTENT="sjukdom"/><SP WIDTH="25" VPOS="1501" HPOS="345"/>
							<String ID="string_265" HPOS="370" VPOS="1502" WIDTH="109" HEIGHT="30" WC="0.93" CONTENT="under"/><SP WIDTH="23" VPOS="1502" HPOS="479"/>
							<String ID="string_266" HPOS="502" VPOS="1502" WIDTH="356" HEIGHT="41" WC="0.90" CONTENT="havandeskapstiden"/><SP WIDTH="25" VPOS="1502" HPOS="858"/>
							<String ID="string_267" HPOS="883" VPOS="1504" WIDTH="107" HEIGHT="29" WC="0.96" CONTENT="måste"/><SP WIDTH="26" VPOS="1504" HPOS="990"/>
							<String ID="string_268" HPOS="1016" VPOS="1512" WIDTH="100" HEIGHT="21" WC="0.96" CONTENT="anses"/><SP WIDTH="25" VPOS="1512" HPOS="1116"/>
							<String ID="string_269" HPOS="1141" VPOS="1502" WIDTH="131" HEIGHT="31" WC="0.96" CONTENT="mindre"/><SP WIDTH="25" VPOS="1502" HPOS="1272"/>
							<String ID="string_270" HPOS="1297" VPOS="1502" WIDTH="102" HEIGHT="41" WC="0.96" CONTENT="skarp"/><SP WIDTH="25" VPOS="1502" HPOS="1399"/>
							<String ID="string_271" HPOS="1424" VPOS="1504" WIDTH="42" HEIGHT="29" WC="0.96" CONTENT="än"/><SP WIDTH="25" VPOS="1504" HPOS="1466"/>
							<String ID="string_272" HPOS="1491" VPOS="1502" WIDTH="109" HEIGHT="41" WC="0.96" CONTENT="eljest,"/>
						</TextLine>
						<TextLine ID="line_27" HPOS="97" VPOS="1552" WIDTH="1504" HEIGHT="41">
							<String ID="string_273" HPOS="97" VPOS="1553" WIDTH="62" HEIGHT="30" WC="0.96" CONTENT="har"/><SP WIDTH="26" VPOS="1553" HPOS="159"/>
							<String ID="string_274" HPOS="185" VPOS="1552" WIDTH="57" HEIGHT="32" WC="0.96" CONTENT="det"/><SP WIDTH="25" VPOS="1552" HPOS="242"/>
							<String ID="string_275" HPOS="267" VPOS="1552" WIDTH="73" HEIGHT="32" WC="0.96" CONTENT="icke"/><SP WIDTH="27" VPOS="1552" HPOS="340"/>
							<String ID="string_276" HPOS="367" VPOS="1554" WIDTH="129" HEIGHT="30" WC="0.93" CONTENT="ansetts"/><SP WIDTH="27" VPOS="1554" HPOS="496"/>
							<String ID="string_277" HPOS="523" VPOS="1552" WIDTH="320" HEIGHT="32" WC="0.92" CONTENT="tillfredsställande"/><SP WIDTH="28" VPOS="1552" HPOS="843"/>
							<String ID="string_278" HPOS="871" VPOS="1554" WIDTH="49" HEIGHT="29" WC="0.96" CONTENT="att"/><SP WIDTH="26" VPOS="1554" HPOS="920"/>
							<String ID="string_279" HPOS="946" VPOS="1552" WIDTH="69" HEIGHT="31" WC="0.96" CONTENT="låta"/><SP WIDTH="25" VPOS="1552" HPOS="1015"/>
							<String ID="string_280" HPOS="1040" VPOS="1552" WIDTH="254" HEIGHT="41" WC="0.96" CONTENT="behandlingen"/><SP WIDTH="27" VPOS="1552" HPOS="1294"/>
							<String ID="string_281" HPOS="1321" VPOS="1564" WIDTH="40" HEIGHT="20" WC="0.96" CONTENT="av"/><SP WIDTH="27" VPOS="1564" HPOS="1361"/>
							<String ID="string_282" HPOS="1388" VPOS="1553" WIDTH="100" HEIGHT="31" WC="0.93" CONTENT="dessa"/><SP WIDTH="25" VPOS="1553" HPOS="1488"/>
							<String ID="string_283" HPOS="1513" VPOS="1553" WIDTH="88" HEIGHT="31" WC="0.92" CONTENT="kom-"/>
						</TextLine>
						<TextLine ID="line_28" HPOS="97" VPOS="1603" WIDTH="1504" HEIGHT="42">
							<String ID="string_284" HPOS="97" VPOS="1603" WIDTH="206" HEIGHT="42" WC="0.92" CONTENT="plikationer"/><SP WIDTH="29" VPOS="1603" HPOS="303"/>
							<String ID="string_285" HPOS="332" VPOS="1603" WIDTH="82" HEIGHT="31" WC="0.96" CONTENT="falla"/><SP WIDTH="29" VPOS="1603" HPOS="414"/>
							<String ID="string_286" HPOS="443" VPOS="1603" WIDTH="137" HEIGHT="31" WC="0.96" CONTENT="utanför"/><SP WIDTH="29" VPOS="1603" HPOS="580"/>
							<String ID="string_287" HPOS="609" VPOS="1603" WIDTH="65" HEIGHT="31" WC="0.96" CONTENT="den"/><SP WIDTH="29" VPOS="1603" HPOS="674"/>
							<String ID="string_288" HPOS="703" VPOS="1603" WIDTH="193" HEIGHT="41" WC="0.93" CONTENT="avgiftsfria"/><SP WIDTH="30" VPOS="1603" HPOS="896"/>
							<String ID="string_289" HPOS="926" VPOS="1603" WIDTH="490" HEIGHT="32" WC="0.87" CONTENT="mödravårdsverksamheten."/><SP WIDTH="40" VPOS="1603" HPOS="1416"/>
							<String ID="string_290" HPOS="1456" VPOS="1604" WIDTH="18" HEIGHT="30" WC="0.93" CONTENT="I"/><SP WIDTH="28" VPOS="1604" HPOS="1474"/>
							<String ID="string_291" HPOS="1502" VPOS="1615" WIDTH="99" HEIGHT="20" WC="0.92" CONTENT="nuva-"/>
						</TextLine>
						<TextLine ID="line_29" HPOS="97" VPOS="1654" WIDTH="1505" HEIGHT="42">
							<String ID="string_292" HPOS="97" VPOS="1654" WIDTH="105" HEIGHT="31" WC="0.96" CONTENT="rande"/><SP WIDTH="22" VPOS="1654" HPOS="202"/>
							<String ID="string_293" HPOS="224" VPOS="1654" WIDTH="74" HEIGHT="41" WC="0.96" CONTENT="läge"/><SP WIDTH="22" VPOS="1654" HPOS="298"/>
							<String ID="string_294" HPOS="320" VPOS="1654" WIDTH="78" HEIGHT="31" WC="0.96" CONTENT="med"/><SP WIDTH="23" VPOS="1654" HPOS="398"/>
							<String ID="string_295" HPOS="421" VPOS="1654" WIDTH="107" HEIGHT="31" WC="0.96" CONTENT="starkt"/><SP WIDTH="22" VPOS="1654" HPOS="528"/>
							<String ID="string_296" HPOS="550" VPOS="1654" WIDTH="157" HEIGHT="41" WC="0.93" CONTENT="stigande"/><SP WIDTH="21" VPOS="1654" HPOS="707"/>
							<String ID="string_297" HPOS="728" VPOS="1654" WIDTH="159" HEIGHT="31" WC="0.92" CONTENT="nativitet"/><SP WIDTH="24" VPOS="1654" HPOS="887"/>
							<String ID="string_298" HPOS="911" VPOS="1654" WIDTH="62" HEIGHT="31" WC="0.96" CONTENT="och"/><SP WIDTH="24" VPOS="1654" HPOS="973"/>
							<String ID="string_299" HPOS="997" VPOS="1665" WIDTH="40" HEIGHT="20" WC="0.96" CONTENT="en"/><SP WIDTH="24" VPOS="1665" HPOS="1037"/>
							<String ID="string_300" HPOS="1061" VPOS="1654" WIDTH="134" HEIGHT="31" WC="0.96" CONTENT="alltmer"/><SP WIDTH="21" VPOS="1654" HPOS="1195"/>
							<String ID="string_301" HPOS="1216" VPOS="1654" WIDTH="211" HEIGHT="32" WC="0.95" CONTENT="besvärande"/><SP WIDTH="23" VPOS="1654" HPOS="1427"/>
							<String ID="string_302" HPOS="1450" VPOS="1654" WIDTH="86" HEIGHT="32" WC="0.95" CONTENT="brist"/><SP WIDTH="22" VPOS="1654" HPOS="1536"/>
							<String ID="string_303" HPOS="1558" VPOS="1657" WIDTH="44" HEIGHT="39" WC="0.96" CONTENT="på"/>
						</TextLine>
						<TextLine ID="line_30" HPOS="97" VPOS="1704" WIDTH="1504" HEIGHT="42">
							<String ID="string_304" HPOS="97" VPOS="1704" WIDTH="212" HEIGHT="42" WC="0.95" CONTENT="vårdplatser"/><SP WIDTH="25" VPOS="1704" HPOS="309"/>
							<String ID="string_305" HPOS="334" VPOS="1705" WIDTH="54" HEIGHT="30" WC="0.93" CONTENT="för"/><SP WIDTH="25" VPOS="1705" HPOS="388"/>
							<String ID="string_306" HPOS="413" VPOS="1704" WIDTH="457" HEIGHT="42" WC="0.91" CONTENT="havandeskapssjukdomar"/><SP WIDTH="27" VPOS="1704" HPOS="870"/>
							<String ID="string_307" HPOS="897" VPOS="1705" WIDTH="62" HEIGHT="31" WC="0.93" CONTENT="och"/><SP WIDTH="27" VPOS="1705" HPOS="959"/>
							<String ID="string_308" HPOS="986" VPOS="1705" WIDTH="291" HEIGHT="41" WC="0.89" CONTENT="förlossningsfall"/><SP WIDTH="25" VPOS="1705" HPOS="1277"/>
							<String ID="string_309" HPOS="1302" VPOS="1704" WIDTH="62" HEIGHT="32" WC="0.96" CONTENT="har"/><SP WIDTH="25" VPOS="1704" HPOS="1364"/>
							<String ID="string_310" HPOS="1389" VPOS="1705" WIDTH="57" HEIGHT="31" WC="0.96" CONTENT="det"/><SP WIDTH="25" VPOS="1705" HPOS="1446"/>
							<String ID="string_311" HPOS="1471" VPOS="1707" WIDTH="130" HEIGHT="30" WC="0.96" CONTENT="ansetts"/>
						</TextLine>
						<TextLine ID="line_31" HPOS="97" VPOS="1755" WIDTH="1505" HEIGHT="42">
							<String ID="string_312" HPOS="97" VPOS="1766" WIDTH="80" HEIGHT="20" WC="0.95" CONTENT="vara"/><SP WIDTH="19" VPOS="1766" HPOS="177"/>
							<String ID="string_313" HPOS="196" VPOS="1766" WIDTH="41" HEIGHT="20" WC="0.96" CONTENT="en"/><SP WIDTH="19" VPOS="1766" HPOS="237"/>
							<String ID="string_314" HPOS="256" VPOS="1755" WIDTH="247" HEIGHT="42" WC="0.96" CONTENT="angelägenhet"/><SP WIDTH="19" VPOS="1755" HPOS="503"/>
							<String ID="string_315" HPOS="522" VPOS="1766" WIDTH="39" HEIGHT="20" WC="0.96" CONTENT="av"/><SP WIDTH="22" VPOS="1766" HPOS="561"/>
							<String ID="string_316" HPOS="583" VPOS="1756" WIDTH="174" HEIGHT="41" WC="0.96" CONTENT="synnerlig"/><SP WIDTH="19" VPOS="1756" HPOS="757"/>
							<String ID="string_317" HPOS="776" VPOS="1756" WIDTH="80" HEIGHT="37" WC="0.96" CONTENT="vikt,"/><SP WIDTH="22" VPOS="1756" HPOS="856"/>
							<String ID="string_318" HPOS="878" VPOS="1757" WIDTH="50" HEIGHT="29" WC="0.96" CONTENT="att"/><SP WIDTH="19" VPOS="1757" HPOS="928"/>
							<String ID="string_319" HPOS="947" VPOS="1755" WIDTH="66" HEIGHT="31" WC="0.96" CONTENT="alla"/><SP WIDTH="20" VPOS="1755" HPOS="1013"/>
							<String ID="string_320" HPOS="1033" VPOS="1755" WIDTH="158" HEIGHT="41" WC="0.96" CONTENT="åtgärder"/><SP WIDTH="18" VPOS="1755" HPOS="1191"/>
							<String ID="string_321" HPOS="1209" VPOS="1755" WIDTH="165" HEIGHT="42" WC="0.95" CONTENT="vidtagas,"/><SP WIDTH="22" VPOS="1755" HPOS="1374"/>
							<String ID="string_322" HPOS="1396" VPOS="1767" WIDTH="72" HEIGHT="20" WC="0.96" CONTENT="som"/><SP WIDTH="20" VPOS="1767" HPOS="1468"/>
							<String ID="string_323" HPOS="1488" VPOS="1756" WIDTH="114" HEIGHT="31" WC="0.96" CONTENT="kunna"/>
						</TextLine>
						<TextLine ID="line_32" HPOS="97" VPOS="1806" WIDTH="1504" HEIGHT="41">
							<String ID="string_324" HPOS="97" VPOS="1817" WIDTH="79" HEIGHT="20" WC="0.96" CONTENT="vara"/><SP WIDTH="21" VPOS="1817" HPOS="176"/>
							<String ID="string_325" HPOS="197" VPOS="1806" WIDTH="129" HEIGHT="41" WC="0.94" CONTENT="ägnade"/><SP WIDTH="22" VPOS="1806" HPOS="326"/>
							<String ID="string_326" HPOS="348" VPOS="1808" WIDTH="50" HEIGHT="29" WC="0.96" CONTENT="att"/><SP WIDTH="21" VPOS="1808" HPOS="398"/>
							<String ID="string_327" HPOS="419" VPOS="1806" WIDTH="131" HEIGHT="31" WC="0.96" CONTENT="minska"/><SP WIDTH="22" VPOS="1806" HPOS="550"/>
							<String ID="string_328" HPOS="572" VPOS="1806" WIDTH="146" HEIGHT="31" WC="0.96" CONTENT="behovet"/><SP WIDTH="21" VPOS="1806" HPOS="718"/>
							<String ID="string_329" HPOS="739" VPOS="1817" WIDTH="40" HEIGHT="20" WC="0.96" CONTENT="av"/><SP WIDTH="21" VPOS="1817" HPOS="779"/>
							<String ID="string_330" HPOS="800" VPOS="1806" WIDTH="114" HEIGHT="31" WC="0.96" CONTENT="sluten"/><SP WIDTH="22" VPOS="1806" HPOS="914"/>
							<String ID="string_331" HPOS="936" VPOS="1806" WIDTH="82" HEIGHT="30" WC="0.96" CONTENT="vård"/><SP WIDTH="22" VPOS="1806" HPOS="1018"/>
							<String ID="string_332" HPOS="1040" VPOS="1806" WIDTH="58" HEIGHT="30" WC="0.93" CONTENT="vid"/><SP WIDTH="20" VPOS="1806" HPOS="1098"/>
							<String ID="string_333" HPOS="1118" VPOS="1806" WIDTH="240" HEIGHT="41" WC="0.91" CONTENT="havandeskap"/><SP WIDTH="23" VPOS="1806" HPOS="1358"/>
							<String ID="string_334" HPOS="1381" VPOS="1806" WIDTH="61" HEIGHT="31" WC="0.93" CONTENT="och"/><SP WIDTH="23" VPOS="1806" HPOS="1442"/>
							<String ID="string_335" HPOS="1465" VPOS="1806" WIDTH="136" HEIGHT="32" WC="0.92" CONTENT="förloss-"/>
						</TextLine>
						<TextLine ID="line_33" HPOS="99" VPOS="1856" WIDTH="1501" HEIGHT="42">
							<String ID="string_336" HPOS="99" VPOS="1857" WIDTH="91" HEIGHT="41" WC="0.93" CONTENT="ning."/><SP WIDTH="33" VPOS="1857" HPOS="190"/>
							<String ID="string_337" HPOS="223" VPOS="1857" WIDTH="386" HEIGHT="41" WC="0.89" CONTENT="Departementschefen"/><SP WIDTH="22" VPOS="1857" HPOS="609"/>
							<String ID="string_338" HPOS="631" VPOS="1857" WIDTH="60" HEIGHT="30" WC="0.96" CONTENT="har"/><SP WIDTH="22" VPOS="1857" HPOS="691"/>
							<String ID="string_339" HPOS="713" VPOS="1857" WIDTH="115" HEIGHT="30" WC="0.96" CONTENT="därför"/><SP WIDTH="22" VPOS="1857" HPOS="828"/>
							<String ID="string_340" HPOS="850" VPOS="1856" WIDTH="162" HEIGHT="35" WC="0.96" CONTENT="förordat,"/><SP WIDTH="24" VPOS="1856" HPOS="1012"/>
							<String ID="string_341" HPOS="1036" VPOS="1858" WIDTH="49" HEIGHT="29" WC="0.96" CONTENT="att"/><SP WIDTH="23" VPOS="1858" HPOS="1085"/>
							<String ID="string_342" HPOS="1108" VPOS="1856" WIDTH="66" HEIGHT="31" WC="0.96" CONTENT="den"/><SP WIDTH="23" VPOS="1856" HPOS="1174"/>
							<String ID="string_343" HPOS="1197" VPOS="1856" WIDTH="253" HEIGHT="41" WC="0.93" CONTENT="förebyggande"/><SP WIDTH="23" VPOS="1856" HPOS="1450"/>
							<String ID="string_344" HPOS="1473" VPOS="1857" WIDTH="127" HEIGHT="32" WC="0.92" CONTENT="mödra-"/>
						</TextLine>
						<TextLine ID="line_34" HPOS="97" VPOS="1907" WIDTH="1504" HEIGHT="41">
							<String ID="string_345" HPOS="97" VPOS="1907" WIDTH="125" HEIGHT="31" WC="0.96" CONTENT="vården"/><SP WIDTH="21" VPOS="1907" HPOS="222"/>
							<String ID="string_346" HPOS="243" VPOS="1907" WIDTH="158" HEIGHT="41" WC="0.96" CONTENT="utvidgas"/><SP WIDTH="21" VPOS="1907" HPOS="401"/>
							<String ID="string_347" HPOS="422" VPOS="1909" WIDTH="49" HEIGHT="29" WC="0.96" CONTENT="att"/><SP WIDTH="20" VPOS="1909" HPOS="471"/>
							<String ID="string_348" HPOS="491" VPOS="1907" WIDTH="141" HEIGHT="31" WC="0.96" CONTENT="omfatta"/><SP WIDTH="20" VPOS="1907" HPOS="632"/>
							<String ID="string_349" HPOS="652" VPOS="1907" WIDTH="122" HEIGHT="40" WC="0.93" CONTENT="jämväl"/><SP WIDTH="20" VPOS="1907" HPOS="774"/>
							<String ID="string_350" HPOS="794" VPOS="1907" WIDTH="176" HEIGHT="30" WC="0.91" CONTENT="ambulant"/><SP WIDTH="19" VPOS="1907" HPOS="970"/>
							<String ID="string_351" HPOS="989" VPOS="1907" WIDTH="210" HEIGHT="40" WC="0.96" CONTENT="behandling"/><SP WIDTH="20" VPOS="1907" HPOS="1199"/>
							<String ID="string_352" HPOS="1219" VPOS="1918" WIDTH="40" HEIGHT="19" WC="0.96" CONTENT="av"/><SP WIDTH="19" VPOS="1918" HPOS="1259"/>
							<String ID="string_353" HPOS="1278" VPOS="1907" WIDTH="249" HEIGHT="41" WC="0.93" CONTENT="komplicerade"/><SP WIDTH="20" VPOS="1907" HPOS="1527"/>
							<String ID="string_354" HPOS="1547" VPOS="1908" WIDTH="54" HEIGHT="31" WC="0.93" CONTENT="ha-"/>
						</TextLine>
						<TextLine ID="line_35" HPOS="96" VPOS="1957" WIDTH="286" HEIGHT="41">
							<String ID="string_355" HPOS="96" VPOS="1957" WIDTH="286" HEIGHT="41" WC="0.89" CONTENT="vandeskapsfall."/>
						</TextLine>
					</TextBlock>
					<TextBlock ID="block_4" HPOS="96" VPOS="2008" WIDTH="1504" HEIGHT="447">
						<TextLine ID="line_36" HPOS="150" VPOS="2008" WIDTH="1449" HEIGHT="44">
							<String ID="string_356" HPOS="150" VPOS="2008" WIDTH="80" HEIGHT="31" WC="0.93" CONTENT="Med"/><SP WIDTH="18" VPOS="2008" HPOS="230"/>
							<String ID="string_357" HPOS="248" VPOS="2008" WIDTH="222" HEIGHT="31" WC="0.91" CONTENT="förenämnda"/><SP WIDTH="17" VPOS="2008" HPOS="470"/>
							<String ID="string_358" HPOS="487" VPOS="2008" WIDTH="218" HEIGHT="42" WC="0.96" CONTENT="omläggning"/><SP WIDTH="16" VPOS="2008" HPOS="705"/>
							<String ID="string_359" HPOS="721" VPOS="2020" WIDTH="39" HEIGHT="20" WC="0.96" CONTENT="av"/><SP WIDTH="17" VPOS="2020" HPOS="760"/>
							<String ID="string_360" HPOS="777" VPOS="2009" WIDTH="246" HEIGHT="31" WC="0.96" CONTENT="mödravården"/><SP WIDTH="17" VPOS="2009" HPOS="1023"/>
							<String ID="string_361" HPOS="1040" VPOS="2010" WIDTH="62" HEIGHT="30" WC="0.96" CONTENT="har"/><SP WIDTH="16" VPOS="2010" HPOS="1102"/>
							<String ID="string_362" HPOS="1118" VPOS="2010" WIDTH="123" HEIGHT="41" WC="0.96" CONTENT="jämväl"/><SP WIDTH="18" VPOS="2010" HPOS="1241"/>
							<String ID="string_363" HPOS="1259" VPOS="2013" WIDTH="130" HEIGHT="29" WC="0.96" CONTENT="ansetts"/><SP WIDTH="18" VPOS="2013" HPOS="1389"/>
							<String ID="string_364" HPOS="1407" VPOS="2011" WIDTH="82" HEIGHT="31" WC="0.96" CONTENT="böra"/><SP WIDTH="17" VPOS="2011" HPOS="1489"/>
							<String ID="string_365" HPOS="1506" VPOS="2011" WIDTH="93" HEIGHT="41" WC="0.96" CONTENT="följa,"/>
						</TextLine>
						<TextLine ID="line_37" HPOS="97" VPOS="2059" WIDTH="1503" HEIGHT="44">
							<String ID="string_366" HPOS="97" VPOS="2062" WIDTH="49" HEIGHT="28" WC="0.96" CONTENT="att"/><SP WIDTH="24" VPOS="2062" HPOS="146"/>
							<String ID="string_367" HPOS="170" VPOS="2059" WIDTH="64" HEIGHT="30" WC="0.96" CONTENT="den"/><SP WIDTH="25" VPOS="2059" HPOS="234"/>
							<String ID="string_368" HPOS="259" VPOS="2059" WIDTH="52" HEIGHT="30" WC="0.96" CONTENT="för"/><SP WIDTH="24" VPOS="2059" HPOS="311"/>
							<String ID="string_369" HPOS="335" VPOS="2059" WIDTH="42" HEIGHT="31" WC="0.96" CONTENT="de"/><SP WIDTH="23" VPOS="2059" HPOS="377"/>
							<String ID="string_370" HPOS="400" VPOS="2059" WIDTH="249" HEIGHT="41" WC="0.96" CONTENT="komplicerade"/><SP WIDTH="25" VPOS="2059" HPOS="649"/>
							<String ID="string_371" HPOS="674" VPOS="2059" WIDTH="103" HEIGHT="31" WC="0.96" CONTENT="fallen"/><SP WIDTH="24" VPOS="2059" HPOS="777"/>
							<String ID="string_372" HPOS="801" VPOS="2060" WIDTH="224" HEIGHT="41" WC="0.95" CONTENT="erforderliga"/><SP WIDTH="29" VPOS="2060" HPOS="1025"/>
							<String ID="string_373" HPOS="1054" VPOS="2060" WIDTH="238" HEIGHT="32" WC="0.96" CONTENT="medicinen"/><SP WIDTH="30" VPOS="2060" HPOS="1292"/>
							<String ID="string_374" HPOS="1322" VPOS="2062" WIDTH="11" HEIGHT="30" WC="0.96" CONTENT="i"/><SP WIDTH="24" VPOS="2062" HPOS="1333"/>
							<String ID="string_375" HPOS="1357" VPOS="2062" WIDTH="132" HEIGHT="41" WC="0.96" CONTENT="princip"/><SP WIDTH="25" VPOS="2062" HPOS="1489"/>
							<String ID="string_376" HPOS="1514" VPOS="2062" WIDTH="86" HEIGHT="31" WC="0.96" CONTENT="skall"/>
						</TextLine>
						<TextLine ID="line_38" HPOS="97" VPOS="2109" WIDTH="1502" HEIGHT="44">
							<String ID="string_377" HPOS="97" VPOS="2109" WIDTH="277" HEIGHT="31" WC="0.96" CONTENT="tillhandahållas"/><SP WIDTH="22" VPOS="2109" HPOS="374"/>
							<String ID="string_378" HPOS="396" VPOS="2109" WIDTH="173" HEIGHT="41" WC="0.96" CONTENT="patienten"/><SP WIDTH="21" VPOS="2109" HPOS="569"/>
							<String ID="string_379" HPOS="590" VPOS="2110" WIDTH="241" HEIGHT="31" WC="0.95" CONTENT="kostnadsfritt"/><SP WIDTH="22" VPOS="2110" HPOS="831"/>
							<String ID="string_380" HPOS="853" VPOS="2111" WIDTH="75" HEIGHT="30" WC="0.95" CONTENT="med"/><SP WIDTH="20" VPOS="2111" HPOS="928"/>
							<String ID="string_381" HPOS="948" VPOS="2111" WIDTH="219" HEIGHT="41" WC="0.95" CONTENT="tillämpning"/><SP WIDTH="20" VPOS="2111" HPOS="1167"/>
							<String ID="string_382" HPOS="1187" VPOS="2123" WIDTH="39" HEIGHT="19" WC="0.96" CONTENT="av"/><SP WIDTH="21" VPOS="2123" HPOS="1226"/>
							<String ID="string_383" HPOS="1247" VPOS="2112" WIDTH="176" HEIGHT="31" WC="0.96" CONTENT="enahanda"/><SP WIDTH="20" VPOS="2112" HPOS="1423"/>
							<String ID="string_384" HPOS="1443" VPOS="2113" WIDTH="156" HEIGHT="40" WC="0.96" CONTENT="grunder,"/>
						</TextLine>
						<TextLine ID="line_39" HPOS="97" VPOS="2160" WIDTH="1503" HEIGHT="40">
							<String ID="string_385" HPOS="97" VPOS="2170" WIDTH="73" HEIGHT="21" WC="0.95" CONTENT="som"/><SP WIDTH="25" VPOS="2170" HPOS="170"/>
							<String ID="string_386" HPOS="195" VPOS="2160" WIDTH="88" HEIGHT="40" WC="0.95" CONTENT="gälla"/><SP WIDTH="23" VPOS="2160" HPOS="283"/>
							<String ID="string_387" HPOS="306" VPOS="2160" WIDTH="54" HEIGHT="30" WC="0.96" CONTENT="för"/><SP WIDTH="24" VPOS="2160" HPOS="360"/>
							<String ID="string_388" HPOS="384" VPOS="2160" WIDTH="231" HEIGHT="31" WC="0.93" CONTENT="kostnadsfria"/><SP WIDTH="25" VPOS="2160" HPOS="615"/>
							<String ID="string_389" HPOS="640" VPOS="2160" WIDTH="326" HEIGHT="40" WC="0.89" CONTENT="skyddsläkemedel."/><SP WIDTH="37" VPOS="2160" HPOS="966"/>
							<String ID="string_390" HPOS="1003" VPOS="2161" WIDTH="105" HEIGHT="31" WC="0.94" CONTENT="Detta"/><SP WIDTH="24" VPOS="2161" HPOS="1108"/>
							<String ID="string_391" HPOS="1132" VPOS="2162" WIDTH="149" HEIGHT="37" WC="0.95" CONTENT="innebär,"/><SP WIDTH="27" VPOS="2162" HPOS="1281"/>
							<String ID="string_392" HPOS="1308" VPOS="2163" WIDTH="73" HEIGHT="30" WC="0.96" CONTENT="dels"/><SP WIDTH="26" VPOS="2163" HPOS="1381"/>
							<String ID="string_393" HPOS="1407" VPOS="2165" WIDTH="49" HEIGHT="28" WC="0.96" CONTENT="att"/><SP WIDTH="24" VPOS="2165" HPOS="1456"/>
							<String ID="string_394" HPOS="1480" VPOS="2163" WIDTH="120" HEIGHT="31" WC="0.96" CONTENT="endast"/>
						</TextLine>
						<TextLine ID="line_40" HPOS="96" VPOS="2210" WIDTH="1504" HEIGHT="41">
							<String ID="string_395" HPOS="96" VPOS="2210" WIDTH="92" HEIGHT="31" WC="0.96" CONTENT="vissa"/><SP WIDTH="25" VPOS="2210" HPOS="188"/>
							<String ID="string_396" HPOS="213" VPOS="2221" WIDTH="39" HEIGHT="20" WC="0.93" CONTENT="av"/><SP WIDTH="23" VPOS="2221" HPOS="252"/>
							<String ID="string_397" HPOS="275" VPOS="2210" WIDTH="353" HEIGHT="41" WC="0.91" CONTENT="medicinalstyrelsen"/><SP WIDTH="25" VPOS="2210" HPOS="628"/>
							<String ID="string_398" HPOS="653" VPOS="2210" WIDTH="176" HEIGHT="31" WC="0.96" CONTENT="bestämda"/><SP WIDTH="25" VPOS="2210" HPOS="829"/>
							<String ID="string_399" HPOS="854" VPOS="2213" WIDTH="157" HEIGHT="38" WC="0.96" CONTENT="preparat"/><SP WIDTH="26" VPOS="2213" HPOS="1011"/>
							<String ID="string_400" HPOS="1037" VPOS="2211" WIDTH="96" HEIGHT="31" WC="0.96" CONTENT="skola"/><SP WIDTH="23" VPOS="2211" HPOS="1133"/>
							<String ID="string_401" HPOS="1156" VPOS="2211" WIDTH="243" HEIGHT="32" WC="0.93" CONTENT="kostnadsfritt"/><SP WIDTH="25" VPOS="2211" HPOS="1399"/>
							<String ID="string_402" HPOS="1424" VPOS="2213" WIDTH="176" HEIGHT="31" WC="0.92" CONTENT="tillhanda-"/>
						</TextLine>
						<TextLine ID="line_41" HPOS="97" VPOS="2260" WIDTH="1502" HEIGHT="44">
							<String ID="string_403" HPOS="97" VPOS="2261" WIDTH="119" HEIGHT="36" WC="0.96" CONTENT="hållas,"/><SP WIDTH="30" VPOS="2261" HPOS="216"/>
							<String ID="string_404" HPOS="246" VPOS="2261" WIDTH="73" HEIGHT="31" WC="0.96" CONTENT="dels"/><SP WIDTH="30" VPOS="2261" HPOS="319"/>
							<String ID="string_405" HPOS="349" VPOS="2260" WIDTH="62" HEIGHT="31" WC="0.96" CONTENT="ock"/><SP WIDTH="29" VPOS="2260" HPOS="411"/>
							<String ID="string_406" HPOS="440" VPOS="2262" WIDTH="49" HEIGHT="29" WC="0.96" CONTENT="att"/><SP WIDTH="28" VPOS="2262" HPOS="489"/>
							<String ID="string_407" HPOS="517" VPOS="2261" WIDTH="170" HEIGHT="40" WC="0.96" CONTENT="patienter"/><SP WIDTH="29" VPOS="2261" HPOS="687"/>
							<String ID="string_408" HPOS="716" VPOS="2261" WIDTH="9" HEIGHT="29" WC="0.96" CONTENT="i"/><SP WIDTH="29" VPOS="2261" HPOS="725"/>
							<String ID="string_409" HPOS="754" VPOS="2261" WIDTH="192" HEIGHT="40" WC="0.96" CONTENT="uppenbart"/><SP WIDTH="29" VPOS="2261" HPOS="946"/>
							<String ID="string_410" HPOS="975" VPOS="2261" WIDTH="66" HEIGHT="40" WC="0.96" CONTENT="god"/><SP WIDTH="30" VPOS="2261" HPOS="1041"/>
							<String ID="string_411" HPOS="1071" VPOS="2262" WIDTH="198" HEIGHT="31" WC="0.96" CONTENT="ekonomisk"/><SP WIDTH="30" VPOS="2262" HPOS="1269"/>
							<String ID="string_412" HPOS="1299" VPOS="2263" WIDTH="165" HEIGHT="41" WC="0.96" CONTENT="ställning"/><SP WIDTH="28" VPOS="2263" HPOS="1464"/>
							<String ID="string_413" HPOS="1492" VPOS="2264" WIDTH="107" HEIGHT="40" WC="0.95" CONTENT="själva"/>
						</TextLine>
						<TextLine ID="line_42" HPOS="97" VPOS="2310" WIDTH="1502" HEIGHT="43">
							<String ID="string_414" HPOS="97" VPOS="2310" WIDTH="96" HEIGHT="31" WC="0.95" CONTENT="skola"/><SP WIDTH="21" VPOS="2310" HPOS="193"/>
							<String ID="string_415" HPOS="214" VPOS="2310" WIDTH="153" HEIGHT="31" WC="0.96" CONTENT="bestrida"/><SP WIDTH="22" VPOS="2310" HPOS="367"/>
							<String ID="string_416" HPOS="389" VPOS="2310" WIDTH="188" HEIGHT="31" WC="0.96" CONTENT="kostnaden"/><SP WIDTH="23" VPOS="2310" HPOS="577"/>
							<String ID="string_417" HPOS="600" VPOS="2311" WIDTH="54" HEIGHT="29" WC="0.96" CONTENT="för"/><SP WIDTH="22" VPOS="2311" HPOS="654"/>
							<String ID="string_418" HPOS="676" VPOS="2311" WIDTH="52" HEIGHT="30" WC="0.96" CONTENT="sin"/><SP WIDTH="22" VPOS="2311" HPOS="728"/>
							<String ID="string_419" HPOS="750" VPOS="2311" WIDTH="155" HEIGHT="30" WC="0.93" CONTENT="medicin."/><SP WIDTH="36" VPOS="2311" HPOS="905"/>
							<String ID="string_420" HPOS="941" VPOS="2311" WIDTH="178" HEIGHT="40" WC="0.92" CONTENT="Härjämte"/><SP WIDTH="23" VPOS="2311" HPOS="1119"/>
							<String ID="string_421" HPOS="1142" VPOS="2322" WIDTH="99" HEIGHT="21" WC="0.96" CONTENT="anses"/><SP WIDTH="22" VPOS="2322" HPOS="1241"/>
							<String ID="string_422" HPOS="1263" VPOS="2312" WIDTH="84" HEIGHT="31" WC="0.96" CONTENT="böra"/><SP WIDTH="22" VPOS="2312" HPOS="1347"/>
							<String ID="string_423" HPOS="1369" VPOS="2313" WIDTH="96" HEIGHT="40" WC="0.95" CONTENT="gälla,"/><SP WIDTH="24" VPOS="2313" HPOS="1465"/>
							<String ID="string_424" HPOS="1489" VPOS="2316" WIDTH="48" HEIGHT="28" WC="0.96" CONTENT="att"/><SP WIDTH="22" VPOS="2316" HPOS="1537"/>
							<String ID="string_425" HPOS="1559" VPOS="2325" WIDTH="40" HEIGHT="20" WC="0.96" CONTENT="av"/>
						</TextLine>
						<TextLine ID="line_43" HPOS="96" VPOS="2360" WIDTH="1502" HEIGHT="41">
							<String ID="string_426" HPOS="96" VPOS="2360" WIDTH="113" HEIGHT="32" WC="0.96" CONTENT="läkare"/><SP WIDTH="25" VPOS="2360" HPOS="209"/>
							<String ID="string_427" HPOS="234" VPOS="2360" WIDTH="180" HEIGHT="31" WC="0.96" CONTENT="utfärdade"/><SP WIDTH="25" VPOS="2360" HPOS="414"/>
							<String ID="string_428" HPOS="439" VPOS="2361" WIDTH="103" HEIGHT="40" WC="0.96" CONTENT="intyg,"/><SP WIDTH="26" VPOS="2361" HPOS="542"/>
							<String ID="string_429" HPOS="568" VPOS="2371" WIDTH="73" HEIGHT="20" WC="0.96" CONTENT="som"/><SP WIDTH="25" VPOS="2371" HPOS="641"/>
							<String ID="string_430" HPOS="666" VPOS="2362" WIDTH="60" HEIGHT="38" WC="0.95" CONTENT="äga"/><SP WIDTH="25" VPOS="2362" HPOS="726"/>
							<String ID="string_431" HPOS="751" VPOS="2360" WIDTH="125" HEIGHT="40" WC="0.95" CONTENT="sakligt"/><SP WIDTH="24" VPOS="2360" HPOS="876"/>
							<String ID="string_432" HPOS="900" VPOS="2360" WIDTH="164" HEIGHT="31" WC="0.96" CONTENT="samband"/><SP WIDTH="24" VPOS="2360" HPOS="1064"/>
							<String ID="string_433" HPOS="1088" VPOS="2362" WIDTH="77" HEIGHT="30" WC="0.96" CONTENT="med"/><SP WIDTH="26" VPOS="2362" HPOS="1165"/>
							<String ID="string_434" HPOS="1191" VPOS="2362" WIDTH="134" HEIGHT="38" WC="0.96" CONTENT="vården,"/><SP WIDTH="26" VPOS="2362" HPOS="1325"/>
							<String ID="string_435" HPOS="1351" VPOS="2363" WIDTH="95" HEIGHT="31" WC="0.96" CONTENT="skola"/><SP WIDTH="24" VPOS="2363" HPOS="1446"/>
							<String ID="string_436" HPOS="1470" VPOS="2363" WIDTH="128" HEIGHT="33" WC="0.96" CONTENT="lämnas"/>
						</TextLine>
						<TextLine ID="line_44" HPOS="96" VPOS="2410" WIDTH="1503" HEIGHT="45">
							<String ID="string_437" HPOS="96" VPOS="2411" WIDTH="211" HEIGHT="41" WC="0.89" CONTENT="avgiftsfritt."/><SP WIDTH="33" VPOS="2411" HPOS="307"/>
							<String ID="string_438" HPOS="340" VPOS="2411" WIDTH="69" HEIGHT="30" WC="0.93" CONTENT="Det"/><SP WIDTH="20" VPOS="2411" HPOS="409"/>
							<String ID="string_439" HPOS="429" VPOS="2411" WIDTH="200" HEIGHT="30" WC="0.92" CONTENT="förutsättes"/><SP WIDTH="22" VPOS="2411" HPOS="629"/>
							<String ID="string_440" HPOS="651" VPOS="2411" WIDTH="33" HEIGHT="30" WC="0.93" CONTENT="få"/><SP WIDTH="20" VPOS="2411" HPOS="684"/>
							<String ID="string_441" HPOS="704" VPOS="2410" WIDTH="177" HEIGHT="31" WC="0.92" CONTENT="ankomma"/><SP WIDTH="21" VPOS="2410" HPOS="881"/>
							<String ID="string_442" HPOS="902" VPOS="2413" WIDTH="42" HEIGHT="38" WC="0.96" CONTENT="på"/><SP WIDTH="20" VPOS="2413" HPOS="944"/>
							<String ID="string_443" HPOS="964" VPOS="2411" WIDTH="125" HEIGHT="40" WC="0.95" CONTENT="Kungl."/><SP WIDTH="23" VPOS="2411" HPOS="1089"/>
							<String ID="string_444" HPOS="1112" VPOS="2411" WIDTH="101" HEIGHT="41" WC="0.95" CONTENT="Maj:t"/><SP WIDTH="21" VPOS="2411" HPOS="1213"/>
							<String ID="string_445" HPOS="1234" VPOS="2415" WIDTH="48" HEIGHT="28" WC="0.96" CONTENT="att"/><SP WIDTH="22" VPOS="2415" HPOS="1282"/>
							<String ID="string_446" HPOS="1304" VPOS="2413" WIDTH="87" HEIGHT="31" WC="0.96" CONTENT="efter"/><SP WIDTH="21" VPOS="2413" HPOS="1391"/>
							<String ID="string_447" HPOS="1412" VPOS="2414" WIDTH="127" HEIGHT="41" WC="0.96" CONTENT="förslag"/><SP WIDTH="20" VPOS="2414" HPOS="1539"/>
							<String ID="string_448" HPOS="1559" VPOS="2426" WIDTH="40" HEIGHT="19" WC="0.92" CONTENT="av"/>
						</TextLine>
					</TextBlock>
				</ComposedBlock>
				<ComposedBlock ID="cblock_2" HPOS="151" VPOS="2471" WIDTH="1403" HEIGHT="37">
					<TextBlock ID="block_5" HPOS="151" VPOS="2471" WIDTH="1403" HEIGHT="37">
						<TextLine ID="line_45" HPOS="151" VPOS="2471" WIDTH="1403" HEIGHT="37">
							<String ID="string_449" HPOS="151" VPOS="2472" WIDTH="122" HEIGHT="36" WC="0.92" CONTENT="Bihang"/><SP WIDTH="25" VPOS="2472" HPOS="273"/>
							<String ID="string_450" HPOS="298" VPOS="2472" WIDTH="49" HEIGHT="28" WC="0.95" CONTENT="till"/><SP WIDTH="22" VPOS="2472" HPOS="347"/>
							<String ID="string_451" HPOS="369" VPOS="2471" WIDTH="188" HEIGHT="36" WC="0.95" CONTENT="riksdagens"/><SP WIDTH="24" VPOS="2471" HPOS="557"/>
							<String ID="string_452" HPOS="581" VPOS="2472" WIDTH="155" HEIGHT="36" WC="0.90" CONTENT="protokoll"/><SP WIDTH="19" VPOS="2472" HPOS="736"/>
							<String ID="string_453" HPOS="755" VPOS="2472" WIDTH="89" HEIGHT="27" WC="0.92" CONTENT="1944."/><SP WIDTH="54" VPOS="2472" HPOS="844"/>
							<String ID="string_454" HPOS="898" VPOS="2472" WIDTH="19" HEIGHT="27" WC="0.93" CONTENT="6"/><SP WIDTH="22" VPOS="2472" HPOS="917"/>
							<String ID="string_455" HPOS="939" VPOS="2473" WIDTH="82" HEIGHT="27" WC="0.93" CONTENT="saml."/><SP WIDTH="47" VPOS="2473" HPOS="1021"/>
							<String ID="string_456" HPOS="1068" VPOS="2473" WIDTH="46" HEIGHT="28" WC="0.76" CONTENT="Nr"/><SP WIDTH="23" VPOS="2473" HPOS="1114"/>
							<String ID="string_457" HPOS="1137" VPOS="2474" WIDTH="27" HEIGHT="27" WC="0.94" CONTENT="5."/><SP WIDTH="246" VPOS="2474" HPOS="1164"/>
							<String ID="string_458" HPOS="1410" VPOS="2482" WIDTH="40" HEIGHT="19" WC="0.0" CONTENT="ba9"/><SP WIDTH="16" VPOS="2482" HPOS="1450"/>
							<String ID="string_459" HPOS="1466" VPOS="2484" WIDTH="24" HEIGHT="17" WC="0.77" CONTENT="a"/><SP WIDTH="47" VPOS="2484" HPOS="1490"/>
							<String ID="string_460" HPOS="1537" VPOS="2477" WIDTH="17" HEIGHT="27" WC="0.51" CONTENT="5"/>
						</TextLine>
					</TextBlock>
				</ComposedBlock>
			</PrintSpace>
		</Page>
	</Layout>
</alto>
