2133 2646
398 181 117 33 Andra
538 181 216 32 Kammarens
782 179 178 42 Tillfälliga
990 180 135 33 Utskotts
1149 180 76 43 (N:o
1248 181 33 40 5)
1306 180 211 33 Betänkande
1542 181 61 32 N:o
1625 182 54 32 23.
1778 182 17 31 7

247 260 289 49 brukanderätt,
580 265 99 32 ännu
718 260 114 37 hafva
873 263 117 47 något
1032 260 116 37 värde
1186 260 71 36 och
1300 272 90 25 vara
1423 272 48 24 en
1503 264 81 45 rätt,
1615 263 43 35 så
1684 260 71 37 bör
1779 261 61 37 väl

248 312 124 38 denna
413 318 96 32 rätts
551 312 249 38 innehafvare
838 312 84 38 icke
955 312 176 38 beröfvas
1165 312 251 50 möjligheten
1441 317 55 32 att
1524 313 149 49 påkalla
1705 313 135 50 lagens

247 366 126 49 skydd
414 366 58 37 för
510 366 232 49 densamma,
785 365 65 37 der
891 365 76 37 han
1000 365 122 38 finner
1155 365 74 37 den
1257 364 58 38 för
1343 370 91 33 nära
1462 365 110 38 trädd
1601 366 92 38 eller
1719 366 12 37 i
1759 366 81 38 fara

247 424 55 30 att
331 421 48 46 på
407 432 46 23 en
483 423 141 43 omväg
651 418 140 36 honom
820 418 234 49 frånryckas.

380 471 197 37 Utskottet
591 470 57 36 får
668 469 110 37 alltså
793 470 215 49 hemställa,
1026 474 55 33 att
1097 470 231 37 Kammaren
1345 469 89 38 ville
1450 469 58 38 för
1524 469 57 38 sin
1599 470 60 38 del
1677 470 161 50 besluta,

774 579 56 32 att
868 573 220 50 Riksdagen
1124 576 115 35 måtte
1272 574 70 37 hos
1371 574 141 49 Kongl.
1538 574 107 51 Maj:t
1673 575 164 50 anhålla,

645 626 64 37 det
736 627 148 36 täcktes
913 627 140 48 Kongl.
1097 626 107 50 Maj:t
1234 631 90 45 taga
1356 626 12 37 i
1408 626 295 50 öfvervägande,
1742 628 96 37 huru

645 678 88 38 vida
762 678 94 49 icke,
883 679 86 36 med
998 678 166 50 ändring
1191 678 56 37 uti
1275 678 142 50 nådiga
1445 679 164 49 stadgan
1638 680 41 37 af
1690 680 75 37 den
1792 683 43 34 17

644 731 220 37 November
895 732 108 48 1859,
1033 731 199 49 angående
1255 731 142 37 vården
1413 731 71 37 och
1500 730 285 52 förvaltningen
1801 733 42 36 af

643 783 131 36 Lunds
802 783 215 50 domkyrka
1032 784 70 36 och
1122 783 146 37 hennes
1284 783 201 49 egendom,
1501 784 337 37 arrendeinnehaf-

644 848 89 24 vare
763 835 41 37 af
827 835 165 37 nämnda
1021 835 233 50 domkyrkas
1273 835 178 37 hemman
1472 835 130 37 kunde
1622 836 215 49 medgifvas

643 892 76 31 rätt
761 892 56 32 att
851 888 70 37 hos
946 887 287 37 vederbörande
1261 887 231 50 myndighet
1521 887 224 51 öfverklaga
1774 889 64 37 det

643 939 133 48 beslut,
794 939 250 49 hvarigenom
1062 940 240 49 Konungens
1322 939 433 49 Befallningshafvande
1766 941 71 37 och

643 991 330 50 biskopsembetet
992 996 146 33 utsätta
1153 992 338 49 maximibeloppet
1504 992 59 37 för
1580 992 64 37 det
1663 993 173 49 arrende,

644 1057 79 23 som
770 1044 96 36 skall
904 1047 92 46 utgå
1034 1044 41 37 al
1100 1044 192 49 hemman,
1321 1044 146 37 hvilket
1495 1044 42 36 af
1560 1045 139 37 honom
1730 1045 107 37 inne-

643 1095 146 50 hafves,
818 1097 70 36 och
917 1096 154 37 hvartill
1099 1096 76 38 han
1204 1110 92 36 eger
1324 1096 243 50 optionsrätt.

373 1197 221 38 Stockholm
623 1200 74 37 den
727 1202 47 35 26
806 1200 106 51 April
943 1203 108 35 1884.

797 1304 54 38 På
876 1305 219 37 Utskottets
1129 1309 160 45 vägnar:

834 1409 130 37 CARL
993 1409 259 38 HERSLOW.
