1872 2774
391 163 331 39 Utrikesutskottets
745 162 180 32 utlåtande
947 171 42 21 nr
1011 163 20 30 3
1052 162 40 31 år
1115 162 84 30 1962
1535 161 25 30 1

751 442 97 37 Nr
823 438 30 51 3

267 543 330 30 Utrikesutskottets
621 542 179 30 utlåtande
824 542 11 30 i
855 541 189 40 anledning
1065 549 42 21 av
1128 539 128 41 Kungl.
1278 539 124 40 Maj:ts
1424 546 126 32 propo-

488 593 105 30 sition
611 593 81 30 med
708 592 168 31 anhållan
894 601 55 21 om
968 591 205 40 riksdagens
1192 590 162 41 yttrande
1371 589 180 40 angående

490 644 91 30 vissa
602 653 42 21 av
664 643 260 41 Europarådets
945 642 211 41 rådgivande
1176 640 210 42 församling
1405 640 40 30 år
1467 640 81 29 1961

490 695 65 30 och
576 695 82 30 1962
677 694 58 30 vid
752 694 79 30 dess
851 693 172 31 trettonde
1041 692 175 31 ordinarie
1235 692 92 29 möte
1344 690 134 41 fattade
1499 690 54 29 be-

489 745 82 30 slut.

93 853 14 29 I
128 861 43 21 en
192 851 52 31 till
267 850 307 31 utrikesutskottet
595 848 172 30 hänvisad
788 846 228 41 proposition,
1038 854 42 21 nr
1103 845 73 34 152,
1198 844 67 30 den
1288 843 40 31 30
1350 852 95 21 mars
1470 842 82 30 1962

49 903 63 31 har
129 902 126 39 Kungl.
272 901 105 39 Maj:t
395 900 149 31 anhållit
559 908 59 21 om
632 898 209 40 riksdagens
855 896 164 41 yttrande
1034 895 179 40 angående
1229 894 95 30 vissa
1340 903 41 21 av
1397 893 155 39 Europa-

48 953 116 31 rådets
184 952 214 40 rådgivande
417 950 210 40 församling
646 950 39 30 år
707 949 82 30 1961
812 948 66 31 och
900 947 82 31 1962
1002 947 58 30 vid
1080 947 79 30 dess
1181 945 175 31 trettonde
1377 943 175 31 ordinarie

50 1004 91 30 möte
161 1003 133 30 fattade
314 1002 113 30 beslut
453 1000 385 35 (rekommendationer
857 998 65 31 och
941 996 264 34 resolutioner).
1226 995 52 31 Då
1298 996 102 29 dessa
1420 993 133 31 redovi-

51 1056 71 29 sats
137 1053 10 31 i
163 1052 274 41 propositionen,
453 1052 65 30 där
532 1052 87 30 även
633 1051 45 40 på
695 1049 194 40 sedvanligt
906 1050 68 29 sätt
989 1045 405 43 departementschefens
1412 1044 141 31 särskil-

47 1104 44 30 da
111 1104 220 40 synpunkter
349 1103 195 39 framlagts,
564 1101 59 31 må
641 1102 11 30 i
672 1101 103 30 dessa
794 1099 204 31 hänsenden
1017 1097 168 31 hänvisas
1203 1096 53 31 till
1276 1095 274 41 propositionen.

93 1209 185 36 Utskottet,
309 1216 76 22 som
411 1205 178 31 inhämtat
615 1203 202 40 ytterligare
847 1200 254 41 upplysningar
1129 1199 112 29 under
1271 1197 160 31 ärendets
1462 1196 89 30 före-

50 1260 180 40 dragning,
250 1258 57 31 får
324 1257 125 31 anföra
468 1255 167 40 följande.

92 1311 75 30 Vad
186 1308 174 32 beträffar
378 1308 43 30 de
439 1304 377 34 rekommendationer,
838 1312 73 21 som
933 1311 99 21 avser
1051 1301 58 30 det
1129 1299 231 31 ekonomiska
1380 1297 174 31 samarbe-

51 1363 48 29 tet
126 1361 96 29 inom
250 1360 141 38 Europa
417 1376 45 3 —
488 1354 328 32 rekommendation
845 1353 62 31 278
936 1362 56 21 om
1021 1351 281 31 förbindelserna
1329 1349 129 30 mellan
1487 1348 67 29 den

49 1411 207 40 europeiska
273 1408 230 32 ekonomiska
521 1406 259 40 gemenskapen
802 1402 133 36 (EEC),
953 1402 67 30 den
1038 1400 207 40 europeiska
1265 1399 288 30 frihandelssam-

49 1460 288 40 manslutningen
363 1457 151 36 (EFTA)
541 1457 65 30 och
627 1456 42 30 de
690 1455 121 39 övriga
832 1452 340 31 medlemsländerna
1194 1450 11 30 i
1228 1449 251 40 Europarådet,
1502 1457 51 20 re-

49 1511 290 32 kommendation
356 1509 62 31 303
437 1508 66 31 och
520 1507 193 30 resolution
731 1505 63 31 220
814 1513 56 21 om
888 1504 43 30 de
948 1502 208 40 europeiska
1173 1500 231 31 ekonomiska
1422 1498 131 31 förbin-

49 1563 159 30 delserna
225 1580 45 3 —
287 1561 59 30 vill
366 1559 171 31 utskottet
555 1558 192 29 instämma
764 1556 11 29 i
794 1552 405 42 departementschefens
1219 1550 181 31 uttalande
1419 1558 58 21 om
1496 1549 57 29 det

50 1613 104 30 värde
180 1610 242 41 Europarådet
447 1609 66 30 har
538 1617 76 21 som
639 1606 239 31 debattforum
905 1605 55 30 för
985 1604 103 30 dessa
1114 1602 118 40 frågor
1258 1601 66 31 och
1350 1609 74 22 som
1451 1599 102 31 träff-

49 1663 111 40 punkt
182 1662 56 30 för
257 1660 316 42 parlamentariker
592 1658 79 30 från
690 1656 352 31 medlemsländerna.

92 1713 138 31 Jämväl
248 1711 222 31 beträffande
490 1711 44 29 de
552 1707 376 33 rekommendationer,
949 1715 75 21 som
1044 1713 99 22 avser
1163 1702 279 40 utrikespolitisk
1464 1709 90 22 sam-

50 1764 148 39 ordning
217 1782 45 3 —
283 1760 327 32 rekommendation
631 1759 62 30 277
717 1767 60 21 om
796 1756 200 41 europeiskt
1017 1755 160 40 politiskt
1199 1753 196 31 samarbete
1416 1752 66 30 och
1503 1760 51 21 re-

49 1813 288 31 kommendation
353 1811 62 31 304
430 1820 57 21 om
502 1810 201 39 europeiskt
718 1808 196 31 samarbete
926 1825 44 4 —
983 1806 97 30 delar
1093 1805 172 30 utskottet
1280 1804 274 39 departements-

49 1864 143 31 chefens
211 1863 94 30 åsikt
321 1862 66 30 och
406 1861 137 31 avvisar
562 1860 131 30 tanken
711 1859 46 40 på
774 1868 45 21 en
837 1858 97 39 dylik
953 1855 227 39 samordning
1199 1856 97 29 inom
1316 1852 238 40 Europaråds-

50 1916 141 29 kretsen
209 1913 113 30 under
338 1911 214 40 hänvisning
569 1910 52 30 till
639 1911 42 29 de
701 1909 221 40 synpunkter
939 1907 170 30 utskottet
1127 1905 149 39 tidigare
1293 1904 57 29 vid
1370 1905 48 28 ett
1438 1902 116 30 flertal

51 1965 162 30 tillfällen
234 1963 85 40 givit
338 1962 141 40 uttryck
497 1962 49 34 åt,
568 1962 117 29 senast
704 1960 12 29 i
737 1960 62 30 sitt
819 1958 181 31 utlåtande
1023 1956 98 31 1961:
1138 1955 30 30 4.

93 2014 284 40 Tyngdpunkten
399 2013 11 29 i
433 2011 261 40 Europarådets
714 2010 81 30 hela
814 2008 224 31 verksamhet
1059 2007 63 29 bör
1143 2006 109 39 enligt
1274 2004 188 30 utskottets
1485 2012 70 20 me-

52 2065 82 40 ning
158 2065 92 39 ligga
274 2064 45 39 på
341 2073 42 20 en
407 2062 201 39 utveckling
632 2071 42 20 av
699 2060 211 31 samarbetet
933 2058 129 30 mellan
1086 2057 330 30 medlemsstaterna
1439 2053 115 30 inbör-

51 2116 62 29 des
137 2114 222 31 beträffande
384 2113 174 30 konkreta
582 2111 119 40 frågor
728 2120 43 21 av
795 2109 218 34 ekonomisk,
1039 2107 179 34 kulturell,
1245 2105 106 31 social
1377 2105 65 29 och
1468 2103 87 40 juri-

50 2165 78 30 disk
149 2167 63 28 art.

97 2216 13 29 I
136 2215 99 39 fråga
260 2223 59 21 om
343 2214 57 30 det
427 2213 10 29 i
464 2212 262 40 propositionen
754 2210 214 31 omnämnda
994 2210 208 39 spörsmålet
1229 2218 57 21 om
1313 2218 44 21 en
1381 2208 173 30 eventuell

52 2265 126 30 svensk
200 2263 195 40 förklaring
417 2263 108 39 enligt
547 2262 124 30 artikel
693 2261 42 30 46
757 2261 12 29 i
790 2260 261 30 konventionen
1071 2269 56 20 om
1151 2260 42 29 de
1215 2259 199 39 mänskliga
1436 2258 119 39 rättig-

52 2315 143 30 heterna
213 2315 160 29 kommer
391 2313 172 30 utskottet
580 2314 50 28 att
648 2314 80 36 taga
745 2310 168 39 ställning
931 2310 78 30 med
1029 2309 189 40 anledning
1235 2318 44 21 av
1296 2309 50 30 dit
1364 2308 191 30 hänvisade

53 2365 181 30 motioner.

96 2415 176 31 Utskottet
291 2414 117 29 finner
424 2413 31 39 ej
477 2412 188 39 anledning
681 2411 172 39 föreligga
869 2411 52 30 till
941 2410 142 30 särskilt
1101 2409 181 31 uttalande
1300 2409 149 30 rörande
1468 2408 88 30 övri-

53 2473 41 32 ga
116 2466 11 29 i
150 2464 263 40 propositionen
433 2462 237 31 omförmälda
691 2462 125 30 beslut.

86 2532 14 26 1
136 2531 112 31 Bihang
267 2530 47 25 till
330 2529 170 31 riksdagens
517 2529 148 31 protokoll
684 2529 102 24 1962.5
808 2529 84 23 samt.
909 2528 15 24 1
942 2527 64 25 avd.
1024 2528 40 24 Nr
1085 2527 15 25 3
