2238 2636
479 206 39 34 18
942 204 229 43 Lagutskottets
1203 201 169 32 Utlåtande
1393 201 68 32 N:o
1483 201 51 30 70.

985 290 149 51 (Kongl.
1163 290 134 50 Maj:ts
1316 286 177 53 förslåg.)

572 396 126 36 Denna
736 394 216 46 förordning
991 392 123 36 träder
1152 396 128 42 genast
1317 390 13 35 i
1369 389 108 36 kraft.
1532 388 102 36 Dock
1673 391 60 32 må
1772 386 69 36 den
1882 384 159 37 ändrade

436 447 165 49 lydelsen
628 446 38 36 af
690 448 33 41 8,
756 448 43 33 17
828 446 65 35 och
922 446 49 34 44
998 442 50 45 $$
1074 443 76 35 icke
1178 447 132 42 utgöra
1337 440 130 36 hinder
1493 439 58 36 för
1578 442 130 43 någon,
1733 450 75 23 som
1826 436 79 37 före
1924 436 120 36 dema

437 498 72 47 dag
548 496 200 37 förvärfvat
787 494 294 48 besittningsrätt
1122 493 57 35 till
1219 491 208 47 kronojord,
1459 495 54 31 att
1541 489 117 36 under
1685 489 55 36 sin
1767 485 277 49 besittningstid

438 547 128 36 utöfva
601 547 236 48 jordegarens
870 551 72 30 rätt
968 545 117 46 enligt
1111 543 158 36 nämnda
1296 540 209 50 paragrafer
1532 545 95 31 samt
1653 545 65 38 att,
1746 538 64 36 der
1832 537 211 48 jordegare-

437 598 155 36 andelen
619 599 210 47 begagnats,
857 609 137 24 samma
1022 594 105 37 andel
1154 593 206 37 sedermera
1385 592 145 36 behålla
1557 594 116 32 såsom
1702 590 56 35 sin
1786 588 164 37 enskilda
1968 588 76 35 till-

438 650 185 45 hörighet;
664 648 29 47 ej
736 648 113 36 heller
888 659 85 24 vare
1014 645 97 36 hvad
1152 657 59 23 om
1251 643 165 50 lydelsen
1456 641 40 37 af
1527 643 43 34 17
1600 640 34 45 $,
1664 642 45 34 22
1738 638 23 45 $&
1791 642 14 32 I
1839 651 108 23 mom.
1976 638 67 35 och

440 702 45 33 65
527 698 23 45 3
590 698 206 36 förordnats
836 696 168 49 gällande
1042 701 97 31 emot
1177 694 82 44 den,
1301 706 78 24 som
1412 692 78 37 före
1517 692 118 36 denna
1662 691 72 47 dag
1760 690 96 47 gjort
1883 688 161 36 ansökan

438 763 61 22 om
539 750 213 46 inmutning
779 749 66 35 och
872 748 30 47 ej
931 747 96 37 varit
1054 744 244 38 underkastad
1325 744 61 36 det
1411 741 190 45 förbehåll,
1629 742 152 35 hvarom
1808 740 12 35 i
1847 739 198 47 kungörel-

438 813 64 23 sen
542 799 153 37 rörande
733 799 211 46 inmutning
983 801 21 32 å
1031 795 196 48 kronojord
1254 795 71 36 den
1356 797 43 34 19
1427 793 150 49 augusti
1607 793 93 35 1889
1729 799 42 28 är
1796 790 118 47 sagdt.
1968 789 78 36 Har

439 852 214 46 inmutning
691 850 164 35 erhållits
893 848 117 36 under
1039 847 128 36 sådant
1192 845 192 44 förbehåll,
1412 848 59 32 må
1498 844 117 36 utmål
1642 843 30 47 ej
1702 847 89 31 utan
1819 841 227 47 Konungens

440 901 168 36 tillstånd
639 902 125 45 läggas
790 900 156 46 tidigare
974 906 45 28 än
1047 901 62 33 två
1135 901 39 32 år
1201 896 82 36 från
1312 896 118 35 denna
1457 894 82 47 dag,
1567 893 67 36 och
1660 905 85 24 vare
1773 893 212 34 inmutaren
2013 889 31 47 ej

439 951 147 49 skyldig
625 956 52 30 att
716 950 76 36 förr
831 957 45 28 än
902 950 101 35 inom
1032 961 136 23 samma
1194 947 73 36 tids
1295 949 140 46 utgång
1460 944 160 48 fullgöra
1648 942 95 37 hvad
1770 943 132 35 honom
1931 940 115 46 enligt

441 1004 42 33 21
515 1000 24 45 $
566 1002 147 46 åligger.
