1878 2780
246 164 19 30 6
595 168 405 36 Bevillningsutskottets
1026 171 219 32 betänkande
1271 182 42 20 nr
1340 174 49 29 17.

252 263 55 21 ser
329 254 60 30 sitt
410 255 111 30 behov
543 266 42 19 av
606 256 134 36 bostad,
763 258 66 29 och
853 259 55 30 det
930 269 103 27 synes
1057 261 119 29 därför
1198 262 105 36 ägnat
1327 264 50 28 att
1399 263 129 37 främja
1552 264 186 37 jämlikhet

249 298 66 29 och
337 300 143 29 rättvisa
501 301 11 28 i
533 301 282 38 beskattningen,
838 313 54 20 om
915 305 114 29 denna
1051 306 187 35 grundsats
1260 307 220 36 genomföres
1502 310 86 28 även
1609 310 128 30 beträf-

250 343 107 30 fande
383 344 265 39 skattskyldiga,
675 356 75 20 som
776 348 200 36 tillgodoser
1004 350 60 29 sitt
1090 350 256 31 bostadsbehov
1371 359 122 30 genom
1521 353 149 31 innehav
1696 364 41 20 av

249 397 58 20 en-
326 388 82 30 eller
426 389 376 39 tvåfamiljsfastighet.
823 392 72 30 Mot
913 394 94 29 detta
1025 394 284 31 betraktelsesätt
1328 397 69 28 kan
1415 397 30 36 ej
1467 407 102 21 anses
1589 399 148 30 stridan-

246 431 52 34 de,
315 433 51 28 att
382 433 124 36 ägaren
523 434 52 29 till
593 434 107 29 sådan
717 435 168 37 fastighet
899 436 179 31 beskattas
1095 438 53 29 för
1163 438 43 37 på
1222 439 88 30 visst
1325 440 69 29 sätt
1408 441 207 35 uppskattat
1630 443 104 29 värde

247 484 42 20 av
311 476 66 29 den
400 477 149 34 förmån,
572 488 74 19 som
668 480 69 28 kan
759 480 172 30 beräknas
954 482 288 37 tillgodokomma
1263 483 130 30 honom
1414 494 41 20 av
1476 488 85 34 eget,
1583 487 10 28 i
1615 486 119 37 fastig-

248 521 105 30 heten
381 522 176 38 befintligt
585 524 141 37 kapital.
757 526 151 30 Därmed
936 528 38 28 är
1002 527 87 35 icke,
1117 528 114 30 såsom
1259 530 260 30 motionärerna
1548 532 188 35 förmenar,

248 565 115 38 någon
387 567 345 39 objektbeskattning
758 570 149 36 åsyftad.
932 571 52 30 En
1007 572 71 30 viss
1103 572 297 39 schablonisering
1423 575 147 30 innebär
1593 577 143 36 givetvis

249 611 68 29 den
345 611 198 38 föreslagna
571 614 171 34 metoden,
771 614 165 31 eftersom
963 616 238 38 beräkningen
1229 627 43 20 av
1300 618 201 32 förmånens
1529 621 105 30 värde
1661 622 76 29 icke

248 655 90 30 skall
362 657 151 30 varieras
536 659 78 28 med
636 658 138 37 hänsyn
795 659 53 29 till
870 662 97 28 arten
989 661 84 29 eller
1094 663 129 36 graden
1246 672 42 20 av
1311 663 270 37 fastigheternas
1603 668 133 34 utnytt-

247 699 118 36 Jjande.
386 701 13 28 I
420 702 93 29 detta
534 703 168 29 avseende
722 703 174 37 anknyter
915 704 168 38 förslaget
1103 707 192 29 emellertid
1316 708 51 29 till
1387 709 65 29 vad
1473 718 75 20 som
1568 719 46 20 nu
1635 711 10 28 i
1664 712 72 28 stor

247 744 214 38 omfattning
486 746 176 37 tillämpas
687 748 96 29 inom
810 758 118 21 ramen
955 750 55 29 för
1035 751 106 29 redan
1167 752 161 36 gällande
1352 752 273 31 bestämmelser.

291 789 279 32 Motionärernas
594 792 181 29 uttalande
799 795 51 28 att
874 793 184 38 förslagets
1083 796 274 36 genomförande
1382 797 111 30 skulle
1517 799 76 29 leda
1617 799 51 29 till
1694 809 41 20 en

247 833 193 39 skärpning
466 845 42 20 av
534 836 139 30 skatten
700 837 55 29 för
781 838 188 37 villaägare
995 849 103 26 synes
1125 840 241 31 missvisande.
1393 842 73 29 Den
1492 842 10 28 i
1529 844 207 36 propositio-

246 887 70 20 nen
344 880 202 30 redovisade
572 881 308 38 undersökningen
908 892 40 20 av
977 883 84 30 1953
1090 884 55 30 års
1172 885 268 36 deklarationer,
1469 897 75 19 som
1572 888 164 30 omfattat

247 923 178 37 uppgifter
445 924 79 30 från
545 926 160 37 samtliga
725 927 58 28 län
804 928 10 28 i
836 927 98 34 riket,
955 929 147 36 antyder
1121 930 50 28 att
1190 930 159 37 taxering
1369 931 105 37 enligt
1495 931 165 38 förslaget
1682 933 54 29 för

247 968 41 29 de
321 968 255 38 skattskyldiga
607 972 277 36 genomsnittligt
916 973 113 30 skulle
1061 974 75 29 leda
1166 974 52 29 till
1251 976 49 28 ett
1331 975 103 37 något
1465 984 270 28 gynnsammare

247 1011 104 30 utfall
370 1013 42 29 än
431 1014 159 37 taxering
608 1015 104 37 enligt
730 1025 48 19 nu
797 1016 159 36 gällande
975 1018 120 36 regler.
1114 1018 57 30 Ett
1189 1018 126 30 sådant
1334 1020 145 29 resultat
1497 1030 103 27 synes
1616 1023 119 27 natur-

248 1057 62 36 ligt
328 1058 76 29 med
422 1058 138 37 hänsyn
578 1060 51 29 till
647 1059 185 37 förslagets
849 1062 217 36 principiella
1084 1063 168 30 innebörd
1268 1081 46 2 —
1330 1065 49 28 att
1397 1064 29 36 ej
1447 1074 118 20 annan
1582 1066 154 29 inkomst

248 1110 43 20 av
316 1101 250 38 fastigheterna
592 1104 87 29 skall
703 1106 140 29 taxeras
866 1107 43 27 än
933 1115 42 20 en
999 1106 89 30 efter
1110 1107 101 37 högst
1235 1110 53 27 tre
1311 1111 143 33 procent
1477 1109 178 30 beräknad
1681 1120 55 20 av-

247 1146 166 38 kastning
433 1156 41 20 av
495 1148 58 29 det
572 1156 86 29 egna
678 1149 171 36 kapitalet
868 1150 11 29 i
899 1150 221 37 fastigheten.
1142 1152 57 29 Ett
1219 1152 10 29 i
1250 1152 313 38 bostadsfastighet
1583 1155 153 35 placerat

245 1190 134 37 kapital
403 1193 97 28 torde
523 1193 10 28 i
557 1193 190 30 allmänhet
770 1194 173 30 beräknas
967 1196 119 29 lämna
1109 1196 106 37 högre
1237 1197 210 37 avkastning
1470 1199 44 28 än
1539 1198 18 29 3
1580 1201 153 34 procent.

246 1234 169 38 Slutligen
436 1236 70 30 kan
527 1237 223 31 beträffande
770 1238 223 36 jämförelser
1014 1241 128 28 mellan
1164 1241 282 37 taxeringsutfall
1468 1243 108 36 enligt
1597 1244 65 28 den
1684 1243 50 30 fö-

246 1280 160 36 reslagna
431 1282 161 29 metoden
618 1282 63 29 och
707 1282 148 30 resultat
880 1293 40 20 av
944 1285 159 36 taxering
1128 1286 105 36 enligt
1257 1295 48 20 nu
1331 1287 160 36 gällande
1515 1287 220 30 bestämmel-

246 1333 55 20 ser
324 1325 132 30 erinras
479 1335 56 20 om
560 1327 41 29 de
624 1327 10 29 i
656 1328 262 36 propositionen
941 1328 178 38 återgivna
1141 1330 230 30 uttalandena
1394 1341 55 19 om
1473 1332 260 36 svårigheterna

246 1370 51 28 att
325 1369 56 29 vid
407 1370 223 38 tillämpning
658 1381 40 19 av
725 1372 102 29 dessa
854 1372 262 31 bestämmelser
1142 1375 10 28 i
1179 1375 188 36 praktiken
1394 1376 118 36 uppnå
1540 1378 48 27 ett
1614 1377 120 36 riktigt

247 1414 158 29 resultat.
426 1414 80 30 Man
527 1415 71 29 kan
619 1417 77 28 med
716 1416 140 36 hänsyn
875 1417 118 30 härtill
1015 1418 76 29 icke
1112 1419 176 37 obetingat
1309 1419 82 37 utgå
1412 1420 78 29 från
1512 1422 50 28 att
1583 1422 40 28 de
1643 1423 92 27 taxe-

247 1458 130 36 ringar,
406 1468 73 20 som
507 1460 201 30 verkställts
736 1460 143 37 jämlikt
905 1471 47 20 nu
981 1463 161 36 gällande
1168 1463 274 36 bestämmelser,
1471 1465 10 29 i
1509 1465 65 29 och
1603 1465 54 29 för
1685 1466 50 36 sig

246 1503 39 28 är
304 1503 73 29 helt
396 1503 136 37 riktiga.
552 1504 108 30 Dessa
679 1505 263 31 bestämmelser
960 1508 100 29 torde
1078 1508 9 28 i
1106 1507 29 37 ej
1158 1508 98 37 ringa
1275 1509 246 37 utsträckning
1539 1509 45 29 ha
1603 1511 132 35 utnytt-

245 1546 72 36 jats
336 1547 45 36 på
399 1549 47 28 ett
465 1548 76 30 icke
561 1551 110 27 avsett
689 1551 80 33 sätt,
789 1550 64 29 och
873 1551 56 28 det
947 1551 56 29 får
1022 1561 101 21 anses
1140 1561 83 20 vara
1242 1562 42 20 en
1304 1562 42 20 av
1364 1554 64 28 den
1449 1553 198 37 föreslagna
1665 1563 69 21 me-

244 1592 125 29 lodens
392 1592 162 35 fördelar,
578 1595 49 28 att
650 1593 131 30 sådana
804 1595 176 29 missbruk
1002 1596 212 30 förhindras.

290 1688 127 29 Vidare
435 1690 139 36 yttrade
595 1691 172 29 utskottet
788 1691 221 31 beträffande
1031 1694 54 28 val
1108 1703 41 20 av
1169 1695 195 35 procenttal
1384 1695 44 29 bl.
1451 1705 29 19 a.
1502 1695 167 37 följande.

289 1751 12 28 I
320 1751 98 37 fråga
433 1762 55 20 om
506 1754 57 29 det
579 1754 10 29 i
605 1754 263 36 propositionen
885 1755 198 37 föreslagna
1099 1758 230 35 procenttalet
1344 1758 59 28 vill
1419 1759 172 29 utskottet
1607 1759 125 34 erinra,

244 1797 51 28 att
311 1796 281 31 bruttointäkten
609 1799 76 29 med
702 1799 225 37 begagnande
944 1809 41 20 av
1003 1801 94 29 detta
1113 1802 194 35 procenttal
1326 1802 87 30 skall
1430 1803 174 30 beräknas
1621 1803 19 29 å
1654 1804 78 29 hela

243 1841 310 36 taxeringsvärdet,
572 1842 151 31 varefter
743 1844 129 36 avdrag
892 1844 79 29 sker
991 1844 55 30 för
1066 1846 41 29 de
1125 1845 154 37 verkliga
1300 1847 303 37 ränteutgifterna.
1624 1847 12 28 I
1655 1857 77 27 pro-

243 1885 197 36 positionen
459 1887 203 30 redovisade
678 1888 304 38 undersökningar
1000 1890 149 30 rörande
1167 1891 230 37 ränteavdrag
1413 1892 10 28 i
1443 1891 83 29 1953
1543 1892 56 30 års
1617 1893 115 29 dekla-

246 1929 154 30 rationer
420 1930 103 35 visar,
546 1933 51 28 att
619 1932 128 30 sådana
772 1934 129 36 avdrag
921 1933 112 37 gjorts
1057 1933 77 30 från
1156 1935 115 29 intäkt
1293 1945 41 19 av
1356 1935 204 37 fastigheter
1582 1946 42 20 av
1645 1936 88 30 före-

243 1975 154 29 varande
420 1977 52 27 art
495 1977 78 28 med
596 1976 134 37 belopp,
755 1978 246 29 motsvarande
1024 1979 10 28 i
1056 1979 213 36 genomsnitt
1292 1979 50 30 3.4
1365 1983 143 33 procent
1531 1981 20 29 å
1573 1981 160 29 skuldbe-

245 2019 128 36 loppet.
396 2020 64 29 Det
482 2021 205 35 procenttal,
711 2031 75 20 som
811 2022 88 29 skall
923 2023 89 36 ligga
1034 2023 53 28 till
1110 2024 111 36 grund
1245 2023 55 30 för
1321 2024 193 37 beräkning
1537 2034 42 20 av
1600 2025 133 29 brutto-

243 2063 172 34 intäkten,
436 2064 62 29 bör
520 2065 275 37 uppenbarligen
818 2066 76 30 icke
915 2067 89 37 ligga
1027 2067 119 30 alltför
1167 2068 139 36 mycket
1327 2069 110 29 under
1459 2070 67 33 det,
1550 2079 74 21 som
1646 2071 86 28 mot-

244 2117 122 20 svarar
389 2109 301 37 ränteutgifterna,
714 2110 43 29 då
781 2110 103 36 eljest
904 2112 209 30 underskott
1136 2112 225 37 regelbundet
1384 2113 112 30 skulle
1517 2114 215 37 uppkomma

244 2153 87 29 även
359 2152 19 30 å
404 2153 215 37 fastigheter,
646 2164 74 20 som
748 2156 39 28 är
813 2155 167 30 belånade
1007 2156 10 29 i
1044 2156 88 30 blott
1158 2157 137 29 normal
1323 2157 223 38 omfattning.
1574 2158 120 30 Såsom
1721 2159 10 29 i

240 2196 262 35 propositionen
530 2197 146 34 anförts,
702 2198 148 29 innebär
875 2199 245 30 fastställande
1145 2209 41 19 av
1211 2202 49 27 ett
1284 2202 193 34 procenttal
1504 2211 42 20 av
1571 2201 28 33 3,
1625 2201 104 30 såvitt

244 2242 42 29 de
307 2241 123 36 gjorda
450 2243 353 37 undersökningarna
825 2252 57 28 ger
902 2244 56 29 vid
981 2244 150 35 handen,
1154 2247 49 28 att
1224 2246 259 30 nettointäkten
1504 2248 228 36 genomsnitt-

243 2285 62 37 ligt
326 2285 156 30 kommer
503 2288 51 28 att
574 2289 176 28 motsvara
770 2288 89 30 blott
879 2288 49 34 2,4
949 2291 146 34 procent
1115 2299 40 20 av
1175 2291 56 28 det
1251 2297 86 30 egna
1358 2291 178 36 kapitalet.
1558 2292 50 29 En
1630 2292 102 29 sänk-

241 2330 85 37 ning
345 2340 42 19 av
403 2331 230 36 procenttalet
650 2332 50 29 till
719 2332 49 33 2,5
790 2333 112 29 skulle
919 2333 170 35 medföra,
1107 2335 49 28 att
1174 2334 259 30 nettointäkten
1450 2336 115 30 skulle
1582 2338 149 28 motsva-

243 2383 38 21 ra
297 2374 89 30 blott
405 2374 67 35 1,23
492 2378 145 33 procent
654 2386 40 19 av
712 2377 56 29 det
785 2384 87 29 egna
888 2377 179 37 kapitalet.
1085 2378 123 30 Därest
1224 2379 231 36 procenttalet
1472 2380 143 30 sänktes
1632 2381 51 28 till
1701 2379 30 35 2,

243 2418 114 30 skulle
379 2419 257 30 nettointäkten
659 2420 114 37 uppgå
797 2421 52 28 till
871 2421 147 30 allenast
1040 2421 71 34 0,05
1135 2424 144 35 procent
1301 2432 43 20 av
1365 2424 55 29 det
1441 2432 87 29 egna
1552 2424 178 37 kapitalet.

242 2463 178 31 Utskottet
448 2464 117 30 finner
595 2466 76 29 med
700 2466 140 36 hänsyn
868 2466 118 29 härtill
1017 2467 64 29 och
1110 2467 44 37 på
1182 2468 41 29 de
1252 2468 10 29 i
1291 2468 262 36 propositionen
1583 2469 146 30 anförda

242 2508 133 35 skälen,
399 2510 49 28 att
471 2510 56 29 det
552 2509 197 38 föreslagna
773 2511 230 36 procenttalet
1026 2512 78 29 med
1127 2511 138 37 hänsyn
1287 2513 53 28 till
1364 2512 153 31 rådande
1541 2513 188 30 förhållan-
