2242 2787
656 214 128 31 Banko-
797 209 180 44 Utskottets
984 213 169 31 Memorial
1175 213 59 30 N:o
1258 213 48 30 16.
1710 212 18 28 3

178 446 327 49 Instruktion
550 444 78 48 för
671 442 318 66 Riksdagens
1026 443 273 49 Revisorer
1337 445 55 46 af
1422 442 347 50 Riksbanken.

536 668 18 39 $
584 671 25 30 1.

280 755 200 38 Revisorerne,
507 755 123 31 utsedde
657 756 53 30 och
725 753 172 33 förordnade
916 752 37 41 på

179 808 50 31 det
254 807 61 32 sätt
341 807 55 31 och
417 806 49 32 till
481 805 50 32 det
545 806 83 32 antal
642 804 314 42 Riksdagsordningen

178 859 46 32 uti
251 860 38 30 72
317 858 17 40 8
361 858 129 40 stadgar,
516 857 83 32 skola
627 858 16 31 å
662 857 56 31 den
746 857 10 31 i
783 855 129 33 nämnda
939 854 18 41 $

179 909 155 33 bestämda
374 909 44 32 tid
457 909 10 31 i
499 909 124 32 Banken
651 907 224 34 sammanträda
901 907 54 31 och

178 961 105 41 styrka
321 961 46 31 sin
406 960 174 40 bebörighet
620 961 47 31 att
705 960 11 30 i
742 957 207 34 revisionsför-

179 1012 172 41 rättningen
379 1011 126 41 deltaga.

544 1128 16 40 $
589 1130 26 30 2.

284 1214 194 32 Revisorerne
518 1223 54 31 ega
599 1214 54 36 att,
681 1213 50 31 vid
758 1211 84 32 deras
870 1212 90 31 första

185 1265 230 38 sammanträde,
443 1265 153 39 omottaga
623 1263 129 41 följande
779 1262 182 38 berättelser,

187 1316 165 41 nämligen:

286 1368 44 30 1:0
350 1367 23 31 af
379 1365 308 40 Bankofullmäktige,
695 1364 62 32 dels
766 1373 49 21 om
822 1362 138 32 Bankens

186 1417 149 38 tillstånd,
361 1417 108 32 rörelse
496 1416 55 31 och
579 1415 183 41 förvaltning
780 1414 10 31 i
805 1413 45 32 sin
864 1413 102 31 helhet

187 1470 53 30 och
268 1468 63 32 dels
358 1467 150 42 angående
523 1467 119 31 Tumba
657 1465 214 42 pappersbruk;
886 1464 79 32 samt

290 1521 45 30 2:0
361 1520 31 31 af
429 1518 188 42 Styrelserna
656 1517 80 32 öfver
770 1514 196 39 afdelnings-

189 1569 147 31 kontoren
359 1580 49 22 om
435 1570 100 31 dessas
563 1569 109 31 rörelse
699 1568 53 31 och
779 1565 190 41 förvaltning.

554 1737 17 39 8
590 1717 35 65 3.

292 1822 193 32 Revisorerne
511 1821 131 41 åligger:

293 1868 32 47 a)
366 1874 45 31 att
437 1873 129 41 granska
592 1871 209 32 Riksbankens
828 1868 136 33 tillstånd

191 1925 10 30 i
228 1925 60 30 alla
315 1924 65 31 dess
398 1924 88 37 delar,
506 1924 80 30 samt
605 1923 78 30 huru
697 1922 183 35 densamma,
895 1919 73 31 efter

192 1975 55 31 den
274 1974 52 38 tid,
354 1984 62 22 som
457 1975 102 31 senast
585 1973 177 31 församlade
790 1969 177 33 Banko-Ut-

192 2026 97 32 skotts
307 2025 71 32 eller
406 2025 172 32 Revisorers
606 2023 185 41 granskning
818 2021 148 37 omfattat,

191 2077 85 41 styrd
288 2086 2 4 '
303 2077 53 31 och
383 2076 147 31 förvaltad
557 2075 117 37 blifvit;

295 2125 31 41 b)
352 2128 47 31 att
424 2127 107 32 härvid
558 2135 77 31 noga
661 2125 88 39 tillse,
777 2123 148 33 huruvida
938 2122 32 32 så

193 2179 49 32 väl
275 2178 206 41 Fullmäktige
508 2178 54 31 och
590 2175 304 40 styrelseledamöter
919 2172 54 31 vid

194 2228 342 40 afdelningskontoren,
576 2238 64 22 som
667 2228 139 32 Bankens
833 2225 139 41 samtlige

195 2282 129 31 embets-
364 2282 54 30 och
450 2281 181 40 tjenstemän
671 2279 86 32 ställt
788 2279 46 39 sig
870 2277 35 31 de
932 2276 42 32 för

1214 566 180 33 Nuvarande
1421 566 124 42 lydelse:

1341 667 71 40 81

1100 753 83 31 Lika.

1350 1117 17 40 8
1386 1097 35 65 2.

1113 1201 194 32 Revisorerne
1347 1211 54 31 ega
1427 1202 55 36 att,
1510 1200 48 32 vid
1585 1199 82 32 deras
1695 1198 90 32 första

1014 1253 229 37 sammanträde,
1270 1253 151 40 emottaga
1447 1251 128 41 följande
1603 1249 183 38 berättelser,

1015 1305 163 40 nämligen:

1115 1357 43 29 1:0
1172 1354 31 32 af
1207 1353 303 41 Bankofullmäktige,
1519 1352 63 32 dels
1595 1361 48 22 om
1650 1351 138 31 Bankens

1018 1406 144 37 tillstånd,
1189 1405 107 32 rörelse
1322 1405 54 31 och
1404 1402 268 42 förvaltning
1597 1397 17 53 i
1626 1397 48 53 sin
1687 1401 103 33 helhet

1016 1459 54 31 och
1097 1458 62 31 dels
1185 1456 150 41 angående
1349 1456 117 31 Tumba
1482 1453 215 43 pappersbruk;
1710 1453 80 32 sant

1118 1511 45 29 2:0
1190 1508 31 32 af
1246 1507 185 42 Styrelserna
1457 1506 79 32 öfver
1568 1503 134 32 diskont-
1735 1502 55 32 och

1023 1560 229 37 lånekontoren,
1291 1568 47 22 om
1379 1558 84 32 dessa
1490 1554 300 32 diskontinrättnin-

1017 1621 73 31 gars
1118 1612 107 32 rörelse
1249 1611 53 31 och
1329 1609 187 40 förvaltving.

1358 1727 17 39 8
1403 1729 25 29 3.

1121 1813 192 32 Revisorerne
1340 1812 130 40 åligger:

1118 1863 29 40 a)
1179 1865 44 31 att
1250 1864 129 40 granska
1406 1862 207 32 Riksbankens
1656 1860 136 33 tillstånd

1019 1917 11 31 i
1044 1916 59 31 alla
1117 1916 65 31 dess
1202 1915 91 38 delar,
1315 1915 79 31 samt
1420 1914 78 30 huru
1525 1913 181 36 densamma,
1721 1912 74 31 efter

1019 1968 54 31 den
1118 1967 52 37 tid,
1210 1975 63 22 som
1312 1966 100 31 senast
1446 1964 177 32 församlade
1675 1966 118 31 <Banko-

1020 2017 138 34 Utskotts
1174 2017 70 31 eller
1265 2017 170 32 Revisorers
1450 2016 184 42 granskning
1645 2017 150 38 omfattat,

1024 2071 83 40 styrd
1135 2069 53 32 och
1215 2068 147 31 förvaltad
1389 2067 115 36 blifvit;

1123 2118 30 41 b)
1180 2120 46 30 att
1252 2119 105 32 härvid
1384 2127 76 32 noga
1486 2118 88 37 tillse,
1602 2116 129 34 burvida
1764 2117 32 32 så

1023 2173 50 32 väl
1090 2170 202 41 Fullmäktige
1306 2171 53 31 och
1382 2168 98 39 öfrige
1495 2167 302 40 styrelseledamöter

1025 2233 63 23 som
1116 2222 138 33 Bankens
1281 2221 139 40 samtlige
1447 2221 130 31 embets-
1601 2221 53 31 och
1672 2220 124 42 tjenste-

1027 2278 68 28 män
1134 2273 85 32 ställt
1250 2273 46 40 sig
1323 2273 35 30 de
1386 2275 42 28 för
1455 2272 82 31 detta
1564 2272 70 31 verk
1660 2271 138 41 gällande
