2226 2620
434 137 37 31 18
619 138 238 32 Sammansatta
880 138 116 32 banko-
1019 138 54 32 och
1093 139 338 40 jordbruksutskottets
1453 140 163 32 utlåtande
1640 141 52 31 Nr
1718 144 25 28 1.

386 215 133 37 bildas.
577 215 120 37 Dessa
727 216 218 48 föreningar
972 216 118 36 skulle
1113 217 45 47 ju
1186 216 81 37 icke
1291 222 74 44 äga
1385 216 105 37 driva
1511 218 245 49 bankmässig
1774 220 209 50 inlånings-

385 268 140 36 rörelse
567 266 85 37 från
694 266 114 37 andra
844 272 48 31 än
921 268 81 35 sina
1029 267 254 48 medlemmar,
1313 268 71 37 och
1413 269 45 36 de
1485 268 150 50 belopp,
1664 270 45 36 de
1736 270 99 37 hava
1862 274 121 36 utsikt

386 324 54 31 att
466 322 48 46 på
542 318 258 48 nyssnämnda
828 323 74 32 sätt
930 319 37 36 få
994 319 50 47 in,
1073 319 130 37 kunna
1230 319 203 49 tydligtvis
1463 323 40 33 så
1530 321 152 49 mycket
1710 322 145 37 mindre
1882 324 103 38 bliva

386 384 47 22 av
462 372 128 47 någon
619 370 250 36 avsevärdare
898 370 153 47 storlek,
1080 384 81 23 som
1190 371 62 37 det
1279 371 67 36 här
1373 372 220 48 antagligen
1619 373 170 37 kommer
1807 380 55 30 att
1881 375 103 37 bliva

386 422 108 48 fråga
535 434 61 23 om
633 422 82 48 just
755 421 45 36 de
842 422 104 36 delar
985 435 47 23 av
1072 422 140 48 landet,
1246 423 54 36 uti
1328 423 104 36 vilka
1459 424 353 50 kapitaltillgången
1839 425 71 38 hos
1938 428 46 35 de

386 473 399 48 befolkningsklasser,
828 474 84 35 med
956 473 101 36 vilka
1098 474 269 49 föreningarna
1408 474 96 37 hava
1543 475 120 37 utsikt
1703 482 55 31 att
1791 478 192 36 komma
1955 469 30 58 i

385 524 192 49 beröring,
619 530 41 30 är
701 524 124 37 minst.
881 525 173 36 Nämnda
1093 525 216 49 föreningar
1350 526 107 37 torde
1493 532 94 31 även
1616 527 151 37 komma
1795 534 55 31 att
1878 534 105 32 över-

385 576 236 48 huvudtaget
648 575 102 37 bliva
777 577 214 48 avstängda
1019 577 82 36 från
1129 576 70 37 den
1229 577 200 50 möjlighet
1457 583 52 31 att
1537 579 143 36 erhålla
1706 581 275 47 rörelsemedel,

386 640 82 24 som
510 628 71 36 den
623 627 223 49 ifrågasatta
885 627 423 50 växeldiskonteringen
1345 629 120 37 skulle
1493 635 134 44 öppna.
1685 630 296 50 Ifrågavarande

385 679 220 49 föreningar
631 679 129 36 kunna
787 679 129 36 därför
944 680 160 36 förutses
1132 680 37 36 få
1188 680 208 37 avsevärda
1416 681 235 49 svårigheter
1670 688 53 31 att
1742 686 48 45 på
1807 684 176 49 lämpligt

385 735 73 32 sätt
487 730 201 49 tillgodose
717 731 265 48 föreliggande
1010 730 122 38 behov
1161 745 47 22 av
1231 732 149 37 kortare
1408 732 134 49 kredit,
1572 734 59 36 för
1658 734 116 37 vilket
1806 735 175 37 ändamål

388 782 255 49 upptagandet
684 795 46 23 av
770 783 157 36 stående
955 783 61 36 lån
1044 783 70 36 och
1143 784 314 49 amorteringslån
1485 785 70 36 hos
1583 785 280 49 sparbankerna
1892 787 89 49 föga

384 834 146 49 lämpar
549 834 72 48 sig,
642 834 153 36 särskilt
813 834 58 36 till
891 834 91 49 följd
1000 847 45 23 av
1060 835 241 48 svårigheten
1317 836 59 36 för
1391 836 266 49 föreningarna
1673 842 52 31 att
1741 840 47 46 på
1803 838 178 37 tillfreds-

384 885 185 37 ställande
609 885 137 36 villkor
786 886 150 48 placera
976 885 45 37 de
1061 886 420 50 kapitalbehållningar,
1519 901 80 23 som
1628 888 129 37 kunna
1784 890 197 37 förväntas

385 940 137 46 uppstå
563 937 120 36 under
723 937 45 36 de
804 937 170 47 årstider,
1003 937 46 37 då
1077 937 287 37 kreditbehovet
1392 939 112 36 bland
1533 939 107 37 deras
1668 940 245 37 medlemmar
1940 947 43 31 är

384 989 125 35 minst.
565 988 75 36 För
667 989 222 48 föreningar
916 1002 46 22 av
989 989 102 36 detta
1119 989 84 48 slag
1230 989 120 37 skulle
1379 990 63 36 det
1468 990 211 50 säkerligen
1710 991 102 37 bliva
1836 1006 47 23 av
1903 998 80 31 stor

385 1040 207 48 betydelse,
622 1053 60 23 om
712 1040 201 49 möjlighet
940 1041 125 36 kunde
1093 1041 122 36 finnas
1244 1041 58 36 för
1329 1042 86 36 dem
1444 1047 54 31 att
1526 1043 84 36 med
1631 1043 190 48 sparbank
1842 1044 10 36 i
1873 1051 107 30 orten

385 1091 108 36 träffa
536 1092 101 35 avtal
678 1104 60 24 om
781 1092 202 49 öppnande
1024 1106 45 22 av
1096 1092 326 50 kreditivräkning
1449 1094 88 36 eller
1563 1094 83 37 med
1671 1095 150 49 hänsyn
1850 1095 56 37 till
1934 1096 46 36 de

386 1143 199 49 växlingar
612 1144 12 35 i
653 1143 107 37 deras
801 1143 349 50 penningtillgång,
1193 1157 79 23 som
1313 1150 66 31 äro
1422 1151 54 31 att
1515 1146 154 47 förutse,
1705 1146 145 37 kanske
1879 1153 102 32 ännu

384 1195 118 36 hellre
530 1195 120 36 kredit
679 1198 21 33 å
726 1195 162 49 löpande
916 1195 173 49 räkning.
1145 1196 85 36 Med
1258 1196 148 50 hänsyn
1435 1197 55 36 till
1518 1197 46 36 de
1593 1198 278 48 jämförelsevis
1899 1202 81 33 små

384 1247 150 49 belopp,
563 1259 61 24 om
653 1246 101 36 vilka
781 1246 63 37 det
872 1247 69 36 här
960 1252 40 31 är
1019 1247 120 48 fråga,
1160 1260 113 35 synas
1292 1251 121 46 några
1438 1249 216 48 avgörande
1677 1249 305 50 betänkligheter

384 1298 83 37 icke
494 1299 92 35 böra
614 1303 104 31 möta
745 1304 79 30 mot
847 1311 47 23 en
921 1299 230 48 lagändring
1177 1300 12 35 i
1217 1299 121 49 dylikt
1367 1300 100 48 syfte
1495 1301 11 35 i
1529 1300 256 50 huvudsaklig
1803 1307 176 32 överens-

384 1350 215 36 stämmelse
640 1349 86 37 med
766 1350 73 36 vad
881 1363 81 23 som
996 1350 213 49 föreslagits
1237 1364 46 23 av
1315 1353 97 35 1910
1441 1355 59 33 års
1528 1352 248 50 sakkunnige.
1833 1353 146 37 Chefen

385 1403 57 34 för
481 1401 437 50 finansdepartementet,
948 1402 83 36 med
1058 1402 128 37 vilken
1209 1403 70 48 jag
1307 1406 156 34 samrått
1490 1404 12 35 i
1530 1404 102 36 detta
1659 1409 120 42 ämne,
1808 1405 69 36 har
1904 1406 77 36 för-

385 1453 122 36 klarat
534 1453 61 48 sig
622 1453 106 36 skola
752 1454 143 47 jämväl
919 1454 12 35 i
959 1454 100 36 detta
1088 1454 213 37 hänseende
1329 1455 213 49 framlägga
1570 1456 238 49 erforderligt
1835 1456 146 49 förslag

385 1504 58 36 till
466 1505 242 48 lagändring.

514 1557 66 35 Att
608 1562 95 30 även
731 1556 170 37 enskilda
929 1556 142 37 banker
1099 1557 70 37 och
1198 1557 115 37 andra
1341 1559 228 48 förefintliga
1597 1559 170 36 enskilda
1790 1560 191 48 penning-

384 1608 257 48 imrättningar
667 1608 90 36 böra
785 1608 130 36 kunna
944 1609 36 35 få
1007 1608 137 37 anlitas
1174 1622 79 23 som
1281 1609 290 49 förlagsgivare,
1601 1611 11 35 i
1640 1610 73 37 den
1736 1614 88 34 mån
1844 1612 135 36 sådant

384 1660 74 35 kan
486 1673 90 22 vara
604 1659 228 49 förmånligt,
863 1673 113 35 synes
1004 1661 80 47 mig
1111 1660 221 50 uppenbart.
1389 1662 136 36 Härför
1552 1662 186 37 erfordras
1771 1663 207 37 emellertid

384 1711 11 35 i
438 1711 104 48 regel
583 1711 32 48 ej
647 1717 125 41 annat,
801 1716 48 31 än
879 1717 54 30 att
959 1717 121 30 rätten
1109 1718 54 30 att
1190 1713 99 48 välja
1316 1713 263 49 kreditgivare,
1608 1716 48 47 på
1685 1719 74 31 sätt
1789 1716 98 35 1913
1917 1717 63 34 års

384 1762 239 48 sakkunnige
644 1763 207 48 föreslagit,
868 1768 112 43 göres
996 1766 40 33 så
1051 1763 47 36 fri
1113 1777 82 23 som
1210 1765 151 47 möjligt
1376 1765 58 35 för
1448 1765 102 36 såväl
1565 1765 415 50 centralföreningarna

384 1827 81 23 som
495 1814 140 36 sådana
662 1815 124 35 lokala
814 1814 231 49 föreningar,
1074 1815 102 36 vilka
1203 1815 81 37 icke
1311 1821 65 31 äro
1405 1817 173 36 anslutna
1597 1817 56 36 till
1674 1819 125 46 någon
1819 1818 159 36 central-

384 1866 187 48 förening.

512 1917 67 36 Ett
618 1917 197 49 undantag
857 1917 164 37 härifrån
1063 1919 202 48 föreligger
1304 1919 223 49 visserligen
1561 1920 55 36 till
1645 1920 92 49 följd
1766 1934 47 22 av
1841 1920 45 36 de
1915 1921 62 36 be-

383 1968 246 47 stämmelser,
671 1982 80 23 som
792 1969 103 48 gälla
935 1970 195 48 angående
1170 1971 245 48 placeringen
1448 1984 45 23 av
1522 1971 458 50 försäkringsföretagens

384 2019 144 37 fonder.
584 2021 66 36 Att
676 2021 116 36 redan
819 2034 64 34 nu,
912 2021 116 36 innan
1056 2035 87 22 man
1171 2022 134 36 vunnit
1332 2025 128 46 någon
1488 2024 215 35 erfarenhet
1721 2023 98 37 huru
1838 2024 139 36 kredit-

382 2071 167 37 rörelsen
577 2072 169 36 kommer
774 2077 55 32 att
856 2072 175 37 utveckla
1059 2073 72 48 sig,
1160 2073 136 37 föreslå
1324 2087 48 23 en
1400 2074 162 49 ändring
1588 2074 12 36 i
1627 2075 164 36 nämnda
1814 2076 165 36 bestäm-

384 2123 147 45 melser,
561 2136 112 36 synes
702 2124 80 48 mig
810 2124 206 37 emellertid
1044 2125 32 48 ej
1107 2125 92 36 böra
1226 2125 285 48 ifrågakomma.

514 2174 131 37 Såsom
667 2175 167 49 framgår
854 2189 47 23 av
920 2176 64 36 det
1006 2176 100 36 förut
1125 2176 157 37 anförda
1302 2176 92 37 böra
1413 2177 121 37 medel
1556 2182 95 32 även
1671 2178 127 36 kunna
1817 2178 162 37 erhållas

384 2227 83 35 från
495 2226 332 49 pensionsfonden.
884 2227 66 36 Att
978 2227 218 48 bestämma,
1226 2234 53 31 att
1306 2228 97 37 visst
1431 2229 135 49 belopp
1595 2243 46 23 av
1669 2230 159 37 fondens
1857 2230 120 37 medel
