2202 2614
382 221 42 30 32
578 215 118 32 Andra
719 214 218 29 kammarens
962 205 127 41 tredje
1112 203 173 39 tillfälliga
1308 200 143 31 utskotts
1474 196 175 32 utlåtande
1674 194 50 30 Nr
1748 194 29 28 2.

384 299 139 39 kraftiga
546 294 147 40 verkliga
715 291 253 38 havsisbrytare
991 297 41 21 av
1055 284 137 40 nngefär
1215 280 207 33 Stockholms
1446 278 208 38 »Isbrytaren
1669 273 51 31 II»
1741 270 124 33 storlek
1875 268 107 32 skulle

384 355 78 21 vara
484 342 52 32 till
559 341 121 40 fyllest.

491 388 66 29 Var
580 385 97 30 dessa
699 382 162 38 isbrytare
884 377 93 32 skola
999 375 198 32 stationeras
1220 371 60 31 och
1305 368 103 32 under
1429 376 93 22 vems
1545 362 197 33 kommando
1766 360 41 30 de
1828 358 93 32 skola
1932 358 53 30 stå

385 439 56 27 äro
465 430 211 43 synnerligen
699 426 125 38 viktiga
847 424 117 38 frågor.
1011 420 79 31 Men
1113 419 127 37 hänsyn
1264 414 52 32 till
1339 415 49 29 att
1412 422 41 20 en
1477 409 196 32 flottstation
1697 408 148 29 kommer
1868 404 49 29 att
1932 411 52 21 an-

386 480 110 39 läggas
531 476 11 30 i
577 470 213 35 Hernösands
823 468 118 31 närhet
974 465 94 31 torde
1093 474 41 20 en
1156 458 245 40 nödvändighet
1423 456 97 36 bliva,
1545 456 50 28 att
1618 463 41 20 en
1682 450 121 39 kraftig
1825 448 161 38 isbrytare

387 524 198 31 stationeras
619 518 68 36 där,
716 516 60 30 och
805 516 49 28 att
881 512 108 30 denna
1011 509 113 31 tillhör
1147 506 142 31 svenska
1312 505 110 29 staten
1445 500 61 31 och
1529 500 69 30 står
1621 496 104 31 under
1747 490 239 36 stationsbeföl-

388 570 159 29 havarnes
571 563 104 31 order.
722 561 73 30 Den
818 557 102 32 andra
943 555 184 39 isbrytaren
1150 550 93 32 torde
1266 550 81 30 böra
1369 547 84 30 hava
1475 544 52 32 sin
1551 541 123 33 station
1697 541 11 30 i
1725 539 91 32 Gefle
1833 537 61 31 och
1911 544 77 22 vara

387 615 11 29 i
420 612 108 41 privat
550 613 71 35 ägo.

495 654 117 31 Redan
635 661 45 21 nu
703 652 94 36 utgör
821 643 203 36 Hernösand,
1039 642 103 39 enligt
1164 640 64 30 den
1250 638 52 31 till
1325 635 167 32 motionen
1516 631 116 41 fogade
1655 629 141 40 grafiska
1818 625 171 32 framställ-

390 702 122 39 ningen
544 708 40 20 av
619 695 174 40 sjöfartens
829 688 211 43 upphörande
1065 687 61 30 och
1153 680 279 43 återupptagande
1459 680 43 39 på
1524 675 171 36 Norrland,
1721 684 40 20 en
1786 666 203 49 vändpunkt,

389 756 86 22 ovan
498 744 113 30 vilken
634 737 282 38 inskränkningen
940 734 11 30 i
973 730 266 41 vintersjöfarten
1264 726 123 39 hastigt
1409 724 105 36 ökats,
1541 721 103 31 under
1667 719 57 31 det
1739 719 50 29 att
1803 716 130 31 tiderna
1942 715 50 30 för

392 787 214 35 Hernösands
641 786 116 29 hamns
792 777 262 44 öppenhållande
1089 776 128 30 kunnat
1244 772 104 30 hållas
1371 769 132 40 mycket
1526 771 80 25 nära
1629 765 10 30 i
1663 759 328 35 överensstämmelse

393 835 75 31 med
502 833 41 30 de
578 830 163 41 sydligare
776 827 139 37 belägna
931 824 207 42 hamnarna.
1185 818 99 30 Detta
1316 820 77 34 äger
1415 812 148 41 tydligen
1587 808 236 37 sammanhang
1846 804 74 31 med
1944 806 50 28 att

393 876 197 35 Hernösand
625 879 36 26 är
683 873 138 38 belägen
844 869 54 30 vid
923 864 315 42 Ångermanälfvens
1261 859 158 41 mynning
1442 857 74 31 med
1540 856 65 30 den
1628 854 71 31 rika
1722 848 272 41 industribygden

394 925 119 31 bakom
537 921 49 40 sig
610 919 123 31 utefter
756 916 118 36 älfven,
898 914 61 30 och
982 913 50 29 att
1054 908 132 40 tillfölje
1208 907 101 30 härav
1332 902 161 33 särskilda
1517 898 272 39 ansträngningar
1817 894 102 40 gjorts
1946 895 50 28 att

395 970 87 31 hålla
516 967 110 30 denna
660 963 86 40 plats
774 965 109 35 öppen
906 959 37 29 så
965 957 96 38 länge
1085 954 57 30 det
1165 951 74 31 med
1261 947 201 42 tillgängliga
1484 944 110 32 medel
1617 945 84 29 låter
1724 942 49 38 sig
1796 944 87 35 göra.
1929 937 68 31 När

394 1025 44 20 en
471 1009 197 34 flottstation
703 1007 58 30 där
783 1006 148 29 kommer
954 1001 51 30 till
1028 998 107 37 stånd,
1159 997 199 30 tillkommer
1381 997 86 25 ännu
1493 992 49 29 ett
1565 988 119 39 viktigt
1706 985 103 31 motiv
1838 985 49 29 att
1909 982 88 31 hålla

398 1059 108 31 denna
529 1057 101 29 hamn
654 1057 108 35 öppen
786 1051 36 29 så
845 1052 69 26 stor
938 1046 53 30 del
1015 1054 40 21 av
1079 1044 72 29 året
1174 1050 69 22 som
1268 1033 135 49 möjligt.

503 1101 61 30 Att
595 1098 202 39 isbrytarnes
824 1092 159 31 stationer
1010 1088 162 38 förläggas
1193 1085 52 30 till
1267 1080 196 33 Hernösand
1486 1079 61 31 och
1572 1077 91 31 Gefle
1687 1076 49 30 får
1760 1071 183 33 emellertid
1968 1070 28 39 ej

398 1147 125 35 hindra,
549 1145 109 30 såsom
682 1145 82 26 även
788 1138 11 30 i
822 1136 168 31 motionen
1014 1131 199 36 framhålles,
1237 1131 49 28 att
1310 1128 41 30 de
1374 1127 113 29 kunna
1511 1123 60 31 och
1595 1123 80 29 böra
1698 1118 168 32 användas
1889 1117 49 30 för
1950 1118 50 28 att

399 1192 87 31 hålla
519 1190 42 30 de
593 1197 76 21 norr
693 1195 51 21 om
769 1180 195 33 Hernösand
986 1176 153 41 liggande
1161 1175 179 30 hamnarne
1363 1168 172 33 trafikabla
1558 1168 37 29 så
1617 1167 76 29 sent
1715 1173 71 21 som
1809 1160 127 41 möjligt
1958 1162 43 38 på

398 1238 131 29 vintern
563 1233 62 31 och
659 1232 36 30 så
728 1228 98 39 tidigt
859 1235 70 22 som
963 1220 248 33 förhållandena
1245 1215 150 40 medgiva
1417 1215 42 39 på
1481 1214 110 29 våren.
1640 1209 199 40 Härigenom
1862 1207 33 30 få
1918 1209 83 26 även

401 1279 97 33 dessa
521 1280 88 29 orter
632 1274 184 38 säkerligen
841 1281 41 20 en
905 1269 153 31 avsevärt
1080 1266 112 37 längre
1215 1259 228 43 seglationstid
1466 1262 43 26 än
1532 1257 73 30 förr.

507 1322 72 31 Vad
602 1318 222 34 kostnaderna
846 1316 83 30 först
952 1314 49 29 för
1025 1312 40 30 de
1090 1309 84 32 båda
1196 1310 89 28 stora
1307 1306 184 38 isbrytarna
1515 1300 163 35 beträffar,
1697 1299 56 30 bör
1774 1296 35 40 ju
1834 1296 89 39 givet
1938 1294 65 30 den

399 1380 72 22 som
494 1367 108 32 skulle
626 1364 196 32 stationeras
849 1361 12 29 i
884 1355 196 35 Hernösand
1103 1355 155 30 bekostas
1280 1351 71 31 helt
1374 1349 60 31 och
1458 1346 104 32 hållet
1584 1355 41 20 av
1648 1345 109 30 staten
1782 1341 61 31 och
1867 1339 137 31 förbliva

403 1417 127 29 statens
566 1409 168 41 egendom.
785 1405 69 31 Vad
888 1404 65 30 den
987 1400 103 32 andra
1122 1397 164 36 beträffar,
1322 1393 108 32 kunde
1466 1392 64 30 den
1554 1388 177 40 lämpligen
1754 1385 167 32 anskaffas
1944 1383 61 31 och

401 1465 79 33 ägas
503 1467 41 21 av
567 1452 295 37 sammanslutning
884 1458 40 21 av
948 1443 221 34 intresserade
1193 1442 80 31 eller
1297 1442 49 29 ett
1371 1439 102 37 bolag,
1490 1436 62 31 och
1568 1434 115 39 bidrag
1698 1432 52 30 till
1765 1429 239 38 anskaffnings-

403 1502 185 33 kostnaden
622 1501 78 37 utgå
733 1496 136 39 ungefär
903 1494 42 38 på
978 1499 126 23 samma
1139 1487 80 31 eller
1247 1484 156 32 liknande
1426 1483 67 30 sätt
1516 1490 71 21 som
1610 1489 45 20 nu
1678 1477 77 31 sker
1778 1477 50 28 för
1854 1472 151 32 enskilda

403 1550 183 39 järnvägar,
612 1544 79 31 eller
714 1543 108 29 såsom
844 1537 113 40 billiga
980 1534 173 36 rederilån,
1178 1532 54 30 lån
1256 1540 38 20 ur
1317 1527 147 32 handels-
1489 1525 61 31 och
1574 1520 255 43 sjöfartsfonden
1854 1529 29 20 o.
1908 1518 30 30 d.

515 1591 77 31 Men
616 1591 91 28 utom
731 1586 97 30 dessa
851 1580 179 33 kostnader
1052 1579 184 30 tillkomma
1259 1575 50 30 för
1331 1571 211 37 statsverket,
1567 1570 107 29 såsom
1698 1566 100 31 också
1813 1564 11 30 i
1841 1562 168 31 motionen

407 1636 208 35 framhållits,
628 1630 181 34 avsevärda
818 1625 180 34 kostnader
1009 1624 52 30 för
1072 1621 207 41 förbättrade
1292 1615 409 37 säkerhetsanordningar
1713 1607 295 40 förnavigeringen,

410 1692 65 31 nya
499 1680 157 41 fyrskepp
680 1687 42 20 m.
747 1685 54 28 m.,
814 1673 62 31 och
898 1670 93 32 torde
1015 1668 99 31 dessa
1136 1664 178 33 kostnader
1337 1660 197 42 näppeligen
1557 1658 112 30 kunna
1692 1657 177 37 begränsas
1884 1651 52 31 till
1946 1650 64 31 vad

410 1737 72 22 som
516 1727 11 29 i
562 1723 111 39 kungl.
709 1717 246 41 lotsstyrelsens
989 1712 154 42 yttrande
1178 1711 34 29 af
1245 1710 42 29 25
1312 1705 141 33 februari
1479 1703 85 31 1913
1588 1701 134 40 angives
1745 1708 72 22 som
1840 1696 170 32 minimum

413 1773 79 30 eller
515 1771 49 29 kr.
589 1766 153 35 906,000.

518 1814 48 30 På
600 1811 104 41 grund
737 1818 40 22 av
802 1807 57 31 det
881 1815 84 21 ovan
989 1801 137 32 anförda
1149 1798 77 41 vilja
1249 1793 252 35 kommitterade
1525 1793 108 30 såsom
1656 1789 52 31 sin
1731 1786 211 43 uppfattning
1964 1787 48 28 ut-

412 1861 77 37 tala,
514 1861 51 29 att
587 1857 42 31 de
652 1857 11 29 i
686 1854 168 31 motionen
865 1847 177 34 framförda
1058 1843 212 34 önskemålen
1287 1847 55 25 äro
1359 1840 52 30 väl
1423 1838 100 31 värda
1539 1839 49 28 att
1605 1834 217 32 underkastas
1839 1841 41 21 en
1895 1832 117 28 uttöm-

413 1903 121 33 mande
558 1899 184 39 utredning.

522 1989 192 34 Stockholm
737 1987 64 31 den
828 1986 40 31 15
893 1993 85 21 mars
1006 1982 95 30 1916.

974 2072 30 30 A
1026 2065 270 36 kommitterades
1320 2067 136 36 vägnar:

1082 2159 97 30 Wilh.
1205 2155 158 35 Palmeer,

1132 2200 178 27 Ordförande.

1691 2225 34 26 A.
1745 2223 38 27 D.
1803 2221 110 34 Ellgar.

1713 2262 182 24 Sekreterare.
