2210 2620
400 204 118 31 Andra
541 206 219 34 kammarens
786 210 125 42 tredje
934 214 174 41 tillfälliga
1131 217 143 32 utskotts
1297 220 173 33 utlåtande
1495 223 50 30 Nr
1568 225 29 29 2.
1777 225 15 30 1

928 644 61 42 Nr
1015 647 38 40 2.

836 804 108 25 Ankom
965 807 44 24 till
1031 809 161 32 riksdagens
1213 812 91 24 kansli
1324 814 52 23 den
1396 813 15 25 7
1431 816 71 30 april
1522 816 70 27 1916
1612 819 37 24 kl.
1669 818 16 26 2
1704 828 23 18 e.
1747 829 35 17 m.

401 938 128 37 Andra
557 942 220 38 kammarens
806 948 134 43 tredje
968 950 181 45 tillfälliga
1177 954 143 36 utskotts
1347 957 180 37 utlåtande
1554 972 45 23 nr
1627 963 36 43 2,
1689 964 13 34 i
1721 976 61 24 an-

407 1009 2 2 |
612 1015 139 45 ledning
779 1029 44 23 av
850 1029 42 24 en
919 1024 84 32 utav
1031 1022 81 35 herr
1138 1022 139 38 Libeck
1305 1038 44 24 m.
1371 1029 44 42 Al.
1445 1031 101 34 väckt
1572 1034 126 35 motion
1727 1048 52 23 om

609 1086 163 37 skrivelse
800 1089 54 36 till
880 1091 134 46 Kungl.
1043 1093 113 44 Maj:t
1183 1098 179 43 angående
1390 1100 163 45 åtgärder
1572 1103 65 44 för
1655 1108 124 34 under-

608 1157 153 38 lättande
800 1172 45 24 av
877 1163 261 45 vintertrafiken
1166 1169 116 34 utmed
1308 1171 309 39 norrlandskusten
1645 1177 59 35 och
1725 1180 52 44 på

606 1229 41 34 de
673 1231 233 37 norrländska
934 1234 209 38 hamnarna.

399 1383 219 32 Närvarande:
641 1388 112 29 herrar
769 1400 60 19 von
849 1393 161 36 Sneidern,
1027 1396 157 38 Winberg,
1203 1400 191 38 Kahlström,
1411 1405 180 30 Johansson
1609 1409 9 26 i
1638 1405 134 44 Brånalt,

501 1432 113 36 Modig,
651 1434 147 29 Carlsson
834 1437 9 27 i
878 1438 158 37 Solberga,
1075 1442 180 30 Johansson
1291 1447 10 26 i
1337 1448 208 39 Trollhättan,
1581 1453 190 31 Svensson
1750 1444 24 48 i

498 1476 250 38 Kompersmåla,
774 1481 134 29 Skareen
935 1485 60 26 och
1021 1486 113 28 Olsson
1161 1489 10 26 i
1197 1489 244 40 Rödningsberg.

280 1621 66 35 Uti
374 1634 45 24 en
458 1623 100 37 inom
589 1628 114 35 andra
740 1628 215 39 kammaren
984 1645 45 25 av
1057 1635 86 36 herr
1170 1637 138 38 Lidbeck
1332 1653 45 23 wm.
1407 1642 36 35 fl.
1476 1644 111 37 väckt
1615 1648 151 46 motion,

173 1684 79 24 som
282 1674 191 38 hänvisats
502 1678 58 35 till
588 1680 183 37 utskottet
811 1683 56 36 för
898 1685 270 40 förberedande
1197 1691 238 50 behandling,
1466 1696 97 37 hava
1592 1700 174 37 motionä-

172 1737 109 24 rerna
309 1728 200 47 hemställt,
541 1734 53 33 att
621 1733 201 49 riksdagen
851 1736 13 36 i
892 1738 181 38 skrivelse
1101 1742 58 36 till
1187 1744 139 48 Kungl.
1355 1747 109 49 Maj:t
1483 1753 114 34 måtte
1618 1754 148 37 anhålla

171 1791 59 23 om
259 1782 202 47 utredning
504 1787 192 44 angående
727 1790 171 45 åtgärder
925 1792 58 35 för
1010 1794 286 40 underlättande
1325 1812 46 24 av
1400 1802 283 40 vintertrafiken
1710 1812 54 32 ut-

173 1833 84 35 med
285 1836 333 39 norrlandskusten
647 1841 69 35 och
745 1845 46 43 på
812 1843 44 35 de
885 1846 245 38 norrländska
1151 1850 204 39 hamnarna
1375 1859 95 33 samt
1488 1857 57 36 för
1562 1858 201 51 riksdagen

170 1886 207 48 framlägga
406 1889 44 36 de
478 1890 150 49 förslag,
658 1895 124 36 vartill
811 1897 122 37 denna
961 1901 203 49 utredning
1192 1904 126 37 kunde
1347 1906 201 40 föranleda.

274 1941 19 35 I
321 1942 104 47 fråga
454 1955 57 24 om
542 1946 270 50 motiveringen
841 1951 175 38 hänvisar
1044 1955 183 38 utskottet
1255 1959 57 36 till
1342 1962 197 37 motionen.

272 2046 20 35 I
322 2049 203 47 anledning
554 2063 45 24 av
628 2053 189 38 motionen
845 2057 67 35 har
939 2059 184 38 utskottet
1153 2063 77 36 dels
1259 2064 180 39 infordrat
1458 2070 191 37 utlåtande
1678 2074 81 36 från

168 2097 129 48 kungl.
340 2100 374 51 järnvägsstyrelsen,
762 2107 129 49 kungl.
945 2112 389 51 kommerskollegium
1384 2121 68 35 och
1501 2122 130 49 kungl.
1674 2126 85 37 lots-

165 2152 195 46 styrelsen,
391 2155 78 35 dels
498 2156 70 35 ock
597 2158 119 37 berett
744 2162 286 38 nedannämnda
1047 2166 214 49 föreningar
1280 2171 91 36 eller
1389 2172 282 48 korporationer
1689 2180 69 36 till-

165 2204 86 36 fälle
294 2205 57 36 till
392 2210 184 44 yttrande,
620 2212 205 48 nämligen:
870 2216 356 41 handelskamrarna
1253 2222 13 36 i
1296 2224 128 47 Gävle,
1460 2228 198 39 Sundsvall
1688 2235 68 35 och

166 2258 123 40 Luleå,
321 2259 169 48 Sveriges
520 2262 331 51 industriförbund,
889 2269 171 49 Sveriges
1081 2273 187 38 allmänna
1301 2281 313 50 exportförening,
1645 2285 110 38 Sven-

207 2330 134 39 Bihkang
365 2332 51 30 till
438 2333 201 41 riksdagens
659 2338 164 37 protokoll
848 2342 95 29 1916.
993 2344 43 29 13
1058 2345 98 30 saml.
1204 2348 20 28 3
1248 2350 73 28 avd.
1370 2351 21 28 2
1413 2351 81 39 häft.
1544 2355 62 38 (Nr
1628 2358 45 36 2)
1737 2359 15 29 1
