<?xml version="1.0" encoding="UTF-8"?>
<alto xmlns="http://www.loc.gov/standards/alto/ns-v3#" xmlns:xlink="http://www.w3.org/1999/xlink" xmlns:xsi="http://www.w3.org/2001/XMLSchema-instance" xsi:schemaLocation="http://www.loc.gov/standards/alto/ns-v3# http://www.loc.gov/alto/v3/alto-3-0.xsd">
	<Description>
		<MeasurementUnit>pixel</MeasurementUnit>
		<sourceImageInformation>
			<fileName>/tmp/tess_ijc5e6m1_input.PNG</fileName>
		</sourceImageInformation>
		<OCRProcessing ID="OCR_0">
			<ocrProcessingStep>
				<processingSoftware>
					<softwareName>tesseract 5.3.0</softwareName>
				</processingSoftware>
			</ocrProcessingStep>
		</OCRProcessing>
	</Description>
	<Layout>
		<Page WIDTH="2157" HEIGHT="2645" PHYSICAL_IMG_NR="0" ID="page_0">
			<PrintSpace HPOS="0" VPOS="0" WIDTH="2157" HEIGHT="2645">
				<ComposedBlock ID="cblock_0" HPOS="363" VPOS="204" WIDTH="1084" HEIGHT="35">
					<TextBlock ID="block_0" HPOS="363" VPOS="204" WIDTH="1084" HEIGHT="35">
						<TextLine ID="line_0" HPOS="363" VPOS="204" WIDTH="1084" HEIGHT="35">
							<String ID="string_0" HPOS="363" VPOS="204" WIDTH="14" HEIGHT="27" WC="0.96" CONTENT="4"/><SP WIDTH="486" VPOS="204" HPOS="377"/>
							<String ID="string_1" HPOS="863" VPOS="207" WIDTH="247" HEIGHT="31" WC="0.87" CONTENT="Stats-Utskottets"/><SP WIDTH="29" VPOS="207" HPOS="1110"/>
							<String ID="string_2" HPOS="1139" VPOS="208" WIDTH="152" HEIGHT="31" WC="0.95" CONTENT="Utlåtande"/><SP WIDTH="24" VPOS="208" HPOS="1291"/>
							<String ID="string_3" HPOS="1315" VPOS="209" WIDTH="55" HEIGHT="30" WC="0.96" CONTENT="N:o"/><SP WIDTH="27" VPOS="209" HPOS="1370"/>
							<String ID="string_4" HPOS="1397" VPOS="210" WIDTH="50" HEIGHT="29" WC="0.96" CONTENT="31."/>
						</TextLine>
					</TextBlock>
				</ComposedBlock>
				<ComposedBlock ID="cblock_1" HPOS="784" VPOS="288" WIDTH="1169" HEIGHT="216">
					<TextBlock ID="block_1" HPOS="784" VPOS="288" WIDTH="1169" HEIGHT="216">
						<TextLine ID="line_1" HPOS="892" VPOS="288" WIDTH="1061" HEIGHT="51">
							<String ID="string_5" HPOS="892" VPOS="288" WIDTH="37" HEIGHT="48" WC="0.93" CONTENT="b)"/><SP WIDTH="38" VPOS="288" HPOS="929"/>
							<String ID="string_6" HPOS="967" VPOS="293" WIDTH="53" HEIGHT="31" WC="0.96" CONTENT="att"/><SP WIDTH="33" VPOS="293" HPOS="1020"/>
							<String ID="string_7" HPOS="1053" VPOS="289" WIDTH="208" HEIGHT="50" WC="0.95" CONTENT="Riksdagen"/><SP WIDTH="40" VPOS="289" HPOS="1261"/>
							<String ID="string_8" HPOS="1301" VPOS="289" WIDTH="112" HEIGHT="37" WC="0.95" CONTENT="måtte"/><SP WIDTH="35" VPOS="289" HPOS="1413"/>
							<String ID="string_9" HPOS="1448" VPOS="290" WIDTH="84" HEIGHT="37" WC="0.96" CONTENT="med"/><SP WIDTH="30" VPOS="290" HPOS="1532"/>
							<String ID="string_10" HPOS="1562" VPOS="292" WIDTH="173" HEIGHT="35" WC="0.95" CONTENT="anmälan"/><SP WIDTH="28" VPOS="292" HPOS="1735"/>
							<String ID="string_11" HPOS="1763" VPOS="305" WIDTH="60" HEIGHT="23" WC="0.95" CONTENT="om"/><SP WIDTH="29" VPOS="305" HPOS="1823"/>
							<String ID="string_12" HPOS="1852" VPOS="292" WIDTH="101" HEIGHT="37" WC="0.94" CONTENT="detta"/>
						</TextLine>
						<TextLine ID="line_2" HPOS="784" VPOS="343" WIDTH="1169" HEIGHT="54">
							<String ID="string_13" HPOS="784" VPOS="343" WIDTH="62" HEIGHT="35" WC="0.94" CONTENT="sitt"/><SP WIDTH="37" VPOS="343" HPOS="846"/>
							<String ID="string_14" HPOS="883" VPOS="343" WIDTH="122" HEIGHT="36" WC="0.94" CONTENT="beslut"/><SP WIDTH="31" VPOS="343" HPOS="1005"/>
							<String ID="string_15" HPOS="1036" VPOS="343" WIDTH="13" HEIGHT="36" WC="0.93" CONTENT="i"/><SP WIDTH="32" VPOS="343" HPOS="1049"/>
							<String ID="string_16" HPOS="1081" VPOS="344" WIDTH="292" HEIGHT="50" WC="0.92" CONTENT="underdånighet"/><SP WIDTH="34" VPOS="344" HPOS="1373"/>
							<String ID="string_17" HPOS="1407" VPOS="345" WIDTH="148" HEIGHT="37" WC="0.95" CONTENT="anhålla"/><SP WIDTH="29" VPOS="345" HPOS="1555"/>
							<String ID="string_18" HPOS="1584" VPOS="360" WIDTH="60" HEIGHT="22" WC="0.96" CONTENT="om"/><SP WIDTH="29" VPOS="360" HPOS="1644"/>
							<String ID="string_19" HPOS="1673" VPOS="346" WIDTH="132" HEIGHT="50" WC="0.95" CONTENT="Kongl."/><SP WIDTH="29" VPOS="346" HPOS="1805"/>
							<String ID="string_20" HPOS="1834" VPOS="347" WIDTH="119" HEIGHT="50" WC="0.95" CONTENT="Maj:ts"/>
						</TextLine>
						<TextLine ID="line_3" HPOS="784" VPOS="396" WIDTH="1167" HEIGHT="55">
							<String ID="string_21" HPOS="784" VPOS="396" WIDTH="132" HEIGHT="50" WC="0.96" CONTENT="nådiga"/><SP WIDTH="39" VPOS="396" HPOS="916"/>
							<String ID="string_22" HPOS="955" VPOS="396" WIDTH="108" HEIGHT="38" WC="0.92" CONTENT="bifall"/><SP WIDTH="38" VPOS="396" HPOS="1063"/>
							<String ID="string_23" HPOS="1101" VPOS="398" WIDTH="124" HEIGHT="37" WC="0.88" CONTENT="dertill"/><SP WIDTH="38" VPOS="398" HPOS="1225"/>
							<String ID="string_24" HPOS="1263" VPOS="399" WIDTH="68" HEIGHT="36" WC="0.96" CONTENT="och"/><SP WIDTH="39" VPOS="399" HPOS="1331"/>
							<String ID="string_25" HPOS="1370" VPOS="399" WIDTH="106" HEIGHT="37" WC="0.96" CONTENT="deraf"/><SP WIDTH="31" VPOS="399" HPOS="1476"/>
							<String ID="string_26" HPOS="1507" VPOS="399" WIDTH="162" HEIGHT="50" WC="0.96" CONTENT="följande"/><SP WIDTH="29" VPOS="399" HPOS="1669"/>
							<String ID="string_27" HPOS="1698" VPOS="400" WIDTH="213" HEIGHT="51" WC="0.96" CONTENT="förändring"/><SP WIDTH="29" VPOS="400" HPOS="1911"/>
							<String ID="string_28" HPOS="1940" VPOS="403" WIDTH="11" HEIGHT="34" WC="0.96" CONTENT="i"/>
						</TextLine>
						<TextLine ID="line_4" HPOS="784" VPOS="451" WIDTH="830" HEIGHT="53">
							<String ID="string_29" HPOS="784" VPOS="451" WIDTH="132" HEIGHT="51" WC="0.94" CONTENT="Kongl."/><SP WIDTH="31" VPOS="451" HPOS="916"/>
							<String ID="string_30" HPOS="947" VPOS="453" WIDTH="241" HEIGHT="50" WC="0.96" CONTENT="kungörelsen"/><SP WIDTH="32" VPOS="453" HPOS="1188"/>
							<String ID="string_31" HPOS="1220" VPOS="453" WIDTH="68" HEIGHT="37" WC="0.96" CONTENT="den"/><SP WIDTH="32" VPOS="453" HPOS="1288"/>
							<String ID="string_32" HPOS="1320" VPOS="456" WIDTH="47" HEIGHT="36" WC="0.96" CONTENT="24"/><SP WIDTH="30" VPOS="456" HPOS="1367"/>
							<String ID="string_33" HPOS="1397" VPOS="454" WIDTH="71" HEIGHT="50" WC="0.96" CONTENT="Maj"/><SP WIDTH="36" VPOS="454" HPOS="1468"/>
							<String ID="string_34" HPOS="1504" VPOS="457" WIDTH="110" HEIGHT="37" WC="0.96" CONTENT="1878."/>
						</TextLine>
					</TextBlock>
				</ComposedBlock>
				<ComposedBlock ID="cblock_2" HPOS="465" VPOS="549" WIDTH="979" HEIGHT="163">
					<TextBlock ID="block_2" HPOS="465" VPOS="549" WIDTH="979" HEIGHT="163">
						<TextLine ID="line_5" HPOS="465" VPOS="549" WIDTH="663" HEIGHT="42">
							<String ID="string_35" HPOS="465" VPOS="549" WIDTH="214" HEIGHT="38" WC="0.96" CONTENT="Stockholm"/><SP WIDTH="30" VPOS="549" HPOS="679"/>
							<String ID="string_36" HPOS="709" VPOS="551" WIDTH="69" HEIGHT="36" WC="0.96" CONTENT="den"/><SP WIDTH="35" VPOS="551" HPOS="778"/>
							<String ID="string_37" HPOS="813" VPOS="554" WIDTH="40" HEIGHT="35" WC="0.95" CONTENT="17"/><SP WIDTH="34" VPOS="554" HPOS="853"/>
							<String ID="string_38" HPOS="887" VPOS="552" WIDTH="97" HEIGHT="36" WC="0.95" CONTENT="Mars"/><SP WIDTH="34" VPOS="552" HPOS="984"/>
							<String ID="string_39" HPOS="1018" VPOS="555" WIDTH="110" HEIGHT="36" WC="0.96" CONTENT="1881."/>
						</TextLine>
						<TextLine ID="line_6" HPOS="868" VPOS="660" WIDTH="576" HEIGHT="52">
							<String ID="string_40" HPOS="868" VPOS="660" WIDTH="52" HEIGHT="37" WC="0.93" CONTENT="På"/><SP WIDTH="28" VPOS="660" HPOS="920"/>
							<String ID="string_41" HPOS="948" VPOS="660" WIDTH="315" HEIGHT="39" WC="0.91" CONTENT="Stats-Utskottets"/><SP WIDTH="28" VPOS="660" HPOS="1263"/>
							<String ID="string_42" HPOS="1291" VPOS="671" WIDTH="153" HEIGHT="41" WC="0.96" CONTENT="vägnar:"/>
						</TextLine>
					</TextBlock>
				</ComposedBlock>
				<ComposedBlock ID="cblock_3" HPOS="1063" VPOS="761" WIDTH="181" HEIGHT="38">
					<TextBlock ID="block_3" HPOS="1063" VPOS="761" WIDTH="181" HEIGHT="38">
						<TextLine ID="line_7" HPOS="1063" VPOS="761" WIDTH="181" HEIGHT="38">
							<String ID="string_43" HPOS="1063" VPOS="761" WIDTH="41" HEIGHT="37" WC="0.89" CONTENT="E."/><SP WIDTH="29" VPOS="761" HPOS="1104"/>
							<String ID="string_44" HPOS="1133" VPOS="762" WIDTH="111" HEIGHT="37" WC="0.96" CONTENT="KEY."/>
						</TextLine>
					</TextBlock>
				</ComposedBlock>
				<ComposedBlock ID="cblock_4" HPOS="994" VPOS="1178" WIDTH="848" HEIGHT="195">
					<TextBlock ID="block_4" HPOS="994" VPOS="1178" WIDTH="848" HEIGHT="195">
						<TextLine ID="line_8" HPOS="1043" VPOS="1178" WIDTH="222" HEIGHT="39">
							<String ID="string_45" HPOS="1043" VPOS="1178" WIDTH="98" HEIGHT="38" WC="0.94" CONTENT="N:o"/><SP WIDTH="30" VPOS="1178" HPOS="1141"/>
							<String ID="string_46" HPOS="1171" VPOS="1179" WIDTH="94" HEIGHT="38" WC="0.68" CONTENT="31."/>
						</TextLine>
						<TextLine ID="line_9" HPOS="994" VPOS="1338" WIDTH="848" HEIGHT="35">
							<String ID="string_47" HPOS="994" VPOS="1338" WIDTH="66" HEIGHT="28" WC="0.87" CONTENT="Ank."/><SP WIDTH="21" VPOS="1338" HPOS="1060"/>
							<String ID="string_48" HPOS="1081" VPOS="1340" WIDTH="43" HEIGHT="25" WC="0.93" CONTENT="till"/><SP WIDTH="19" VPOS="1340" HPOS="1124"/>
							<String ID="string_49" HPOS="1143" VPOS="1339" WIDTH="89" HEIGHT="26" WC="0.90" CONTENT="Riksd."/><SP WIDTH="23" VPOS="1339" HPOS="1232"/>
							<String ID="string_50" HPOS="1255" VPOS="1340" WIDTH="91" HEIGHT="26" WC="0.96" CONTENT="Kansli"/><SP WIDTH="19" VPOS="1340" HPOS="1346"/>
							<String ID="string_51" HPOS="1365" VPOS="1340" WIDTH="49" HEIGHT="26" WC="0.96" CONTENT="den"/><SP WIDTH="22" VPOS="1340" HPOS="1414"/>
							<String ID="string_52" HPOS="1436" VPOS="1341" WIDTH="29" HEIGHT="25" WC="0.96" CONTENT="17"/><SP WIDTH="21" VPOS="1341" HPOS="1465"/>
							<String ID="string_53" HPOS="1486" VPOS="1341" WIDTH="71" HEIGHT="27" WC="0.96" CONTENT="Mars"/><SP WIDTH="23" VPOS="1341" HPOS="1557"/>
							<String ID="string_54" HPOS="1580" VPOS="1341" WIDTH="75" HEIGHT="32" WC="0.96" CONTENT="1881,"/><SP WIDTH="21" VPOS="1341" HPOS="1655"/>
							<String ID="string_55" HPOS="1676" VPOS="1342" WIDTH="36" HEIGHT="27" WC="0.95" CONTENT="kl."/><SP WIDTH="21" VPOS="1342" HPOS="1712"/>
							<String ID="string_56" HPOS="1733" VPOS="1342" WIDTH="15" HEIGHT="25" WC="0.93" CONTENT="2"/><SP WIDTH="20" VPOS="1342" HPOS="1748"/>
							<String ID="string_57" HPOS="1768" VPOS="1350" WIDTH="21" HEIGHT="18" WC="0.91" CONTENT="e."/><SP WIDTH="20" VPOS="1350" HPOS="1789"/>
							<String ID="string_58" HPOS="1809" VPOS="1351" WIDTH="33" HEIGHT="18" WC="0.92" CONTENT="m."/>
						</TextLine>
					</TextBlock>
				</ComposedBlock>
				<ComposedBlock ID="cblock_5" HPOS="577" VPOS="1483" WIDTH="1382" HEIGHT="268">
					<TextBlock ID="block_5" HPOS="577" VPOS="1483" WIDTH="1382" HEIGHT="268">
						<TextLine ID="line_10" HPOS="577" VPOS="1483" WIDTH="1373" HEIGHT="50">
							<String ID="string_59" HPOS="577" VPOS="1483" WIDTH="192" HEIGHT="45" WC="0.96" CONTENT="Utlåtande,"/><SP WIDTH="28" VPOS="1483" HPOS="769"/>
							<String ID="string_60" HPOS="797" VPOS="1485" WIDTH="13" HEIGHT="34" WC="0.93" CONTENT="i"/><SP WIDTH="29" VPOS="1485" HPOS="810"/>
							<String ID="string_61" HPOS="839" VPOS="1485" WIDTH="186" HEIGHT="45" WC="0.81" CONTENT="anledning"/><SP WIDTH="28" VPOS="1485" HPOS="1025"/>
							<String ID="string_62" HPOS="1053" VPOS="1486" WIDTH="45" HEIGHT="44" WC="0.96" CONTENT="af"/><SP WIDTH="19" VPOS="1486" HPOS="1098"/>
							<String ID="string_63" HPOS="1117" VPOS="1487" WIDTH="121" HEIGHT="35" WC="0.96" CONTENT="väckta"/><SP WIDTH="28" VPOS="1487" HPOS="1238"/>
							<String ID="string_64" HPOS="1266" VPOS="1488" WIDTH="164" HEIGHT="34" WC="0.96" CONTENT="motioner"/><SP WIDTH="28" VPOS="1488" HPOS="1430"/>
							<String ID="string_65" HPOS="1458" VPOS="1499" WIDTH="52" HEIGHT="24" WC="0.96" CONTENT="om"/><SP WIDTH="30" VPOS="1499" HPOS="1510"/>
							<String ID="string_66" HPOS="1540" VPOS="1488" WIDTH="251" HEIGHT="36" WC="0.95" CONTENT="bestämmande"/><SP WIDTH="29" VPOS="1488" HPOS="1791"/>
							<String ID="string_67" HPOS="1820" VPOS="1490" WIDTH="46" HEIGHT="43" WC="0.95" CONTENT="af"/><SP WIDTH="16" VPOS="1490" HPOS="1866"/>
							<String ID="string_68" HPOS="1882" VPOS="1491" WIDTH="68" HEIGHT="34" WC="0.96" CONTENT="viss"/>
						</TextLine>
						<TextLine ID="line_11" HPOS="778" VPOS="1557" WIDTH="1181" HEIGHT="50">
							<String ID="string_69" HPOS="778" VPOS="1557" WIDTH="118" HEIGHT="44" WC="0.95" CONTENT="grund"/><SP WIDTH="30" VPOS="1557" HPOS="896"/>
							<String ID="string_70" HPOS="926" VPOS="1557" WIDTH="56" HEIGHT="44" WC="0.95" CONTENT="för"/><SP WIDTH="28" VPOS="1557" HPOS="982"/>
							<String ID="string_71" HPOS="1010" VPOS="1557" WIDTH="229" HEIGHT="46" WC="0.96" CONTENT="beräkningen"/><SP WIDTH="29" VPOS="1557" HPOS="1239"/>
							<String ID="string_72" HPOS="1268" VPOS="1559" WIDTH="45" HEIGHT="43" WC="0.96" CONTENT="af"/><SP WIDTH="19" VPOS="1559" HPOS="1313"/>
							<String ID="string_73" HPOS="1332" VPOS="1559" WIDTH="265" HEIGHT="46" WC="0.96" CONTENT="köpeskillingen"/><SP WIDTH="27" VPOS="1559" HPOS="1597"/>
							<String ID="string_74" HPOS="1624" VPOS="1561" WIDTH="60" HEIGHT="34" WC="0.93" CONTENT="vid"/><SP WIDTH="26" VPOS="1561" HPOS="1684"/>
							<String ID="string_75" HPOS="1710" VPOS="1561" WIDTH="175" HEIGHT="46" WC="0.89" CONTENT="skatteköp"/><SP WIDTH="30" VPOS="1561" HPOS="1885"/>
							<String ID="string_76" HPOS="1915" VPOS="1562" WIDTH="44" HEIGHT="43" WC="0.96" CONTENT="af"/>
						</TextLine>
						<TextLine ID="line_12" HPOS="789" VPOS="1628" WIDTH="522" HEIGHT="47">
							<String ID="string_77" HPOS="789" VPOS="1628" WIDTH="159" HEIGHT="46" WC="0.91" CONTENT="Visingsö"/><SP WIDTH="25" VPOS="1628" HPOS="948"/>
							<String ID="string_78" HPOS="973" VPOS="1629" WIDTH="338" HEIGHT="46" WC="0.91" CONTENT="skolegodshemman."/>
						</TextLine>
						<TextLine ID="line_13" HPOS="1596" VPOS="1704" WIDTH="140" HEIGHT="47">
							<String ID="string_79" HPOS="1596" VPOS="1705" WIDTH="46" HEIGHT="44" WC="0.93" CONTENT="(I."/><SP WIDTH="32" VPOS="1705" HPOS="1642"/>
							<String ID="string_80" HPOS="1674" VPOS="1704" WIDTH="62" HEIGHT="47" WC="0.58" CONTENT="A.)"/>
						</TextLine>
					</TextBlock>
				</ComposedBlock>
				<ComposedBlock ID="cblock_6" HPOS="355" VPOS="1859" WIDTH="1595" HEIGHT="491">
					<TextBlock ID="block_6" HPOS="355" VPOS="1859" WIDTH="1595" HEIGHT="491">
						<TextLine ID="line_14" HPOS="464" VPOS="1859" WIDTH="1485" HEIGHT="56">
							<String ID="string_81" HPOS="464" VPOS="1859" WIDTH="103" HEIGHT="38" WC="0.96" CONTENT="Inom"/><SP WIDTH="30" VPOS="1859" HPOS="567"/>
							<String ID="string_82" HPOS="597" VPOS="1861" WIDTH="126" HEIGHT="36" WC="0.96" CONTENT="Första"/><SP WIDTH="29" VPOS="1861" HPOS="723"/>
							<String ID="string_83" HPOS="752" VPOS="1862" WIDTH="224" HEIGHT="36" WC="0.96" CONTENT="Kammaren"/><SP WIDTH="29" VPOS="1862" HPOS="976"/>
							<String ID="string_84" HPOS="1005" VPOS="1864" WIDTH="66" HEIGHT="35" WC="0.96" CONTENT="har"/><SP WIDTH="28" VPOS="1864" HPOS="1071"/>
							<String ID="string_85" HPOS="1099" VPOS="1863" WIDTH="95" HEIGHT="37" WC="0.95" CONTENT="Herr"/><SP WIDTH="30" VPOS="1863" HPOS="1194"/>
							<String ID="string_86" HPOS="1224" VPOS="1865" WIDTH="36" HEIGHT="35" WC="0.44" CONTENT="OC."/><SP WIDTH="30" VPOS="1865" HPOS="1260"/>
							<String ID="string_87" HPOS="1290" VPOS="1865" WIDTH="35" HEIGHT="35" WC="0.92" CONTENT="J."/><SP WIDTH="30" VPOS="1865" HPOS="1325"/>
							<String ID="string_88" HPOS="1355" VPOS="1866" WIDTH="197" HEIGHT="35" WC="0.96" CONTENT="Pettersson"/><SP WIDTH="28" VPOS="1866" HPOS="1552"/>
							<String ID="string_89" HPOS="1580" VPOS="1866" WIDTH="9" HEIGHT="35" WC="0.90" CONTENT="i"/><SP WIDTH="32" VPOS="1866" HPOS="1589"/>
							<String ID="string_90" HPOS="1621" VPOS="1864" WIDTH="163" HEIGHT="51" WC="0.88" CONTENT="afgifven"/><SP WIDTH="26" VPOS="1864" HPOS="1784"/>
							<String ID="string_91" HPOS="1810" VPOS="1867" WIDTH="139" HEIGHT="36" WC="0.96" CONTENT="motion"/>
						</TextLine>
						<TextLine ID="line_15" HPOS="357" VPOS="1913" WIDTH="1593" HEIGHT="51">
							<String ID="string_92" HPOS="357" VPOS="1913" WIDTH="81" HEIGHT="48" WC="0.93" CONTENT="(N:o"/><SP WIDTH="43" VPOS="1913" HPOS="438"/>
							<String ID="string_93" HPOS="481" VPOS="1914" WIDTH="63" HEIGHT="50" WC="0.93" CONTENT="35)"/><SP WIDTH="44" VPOS="1914" HPOS="544"/>
							<String ID="string_94" HPOS="588" VPOS="1916" WIDTH="68" HEIGHT="35" WC="0.96" CONTENT="och"/><SP WIDTH="37" VPOS="1916" HPOS="656"/>
							<String ID="string_95" HPOS="693" VPOS="1916" WIDTH="98" HEIGHT="36" WC="0.96" CONTENT="inom"/><SP WIDTH="40" VPOS="1916" HPOS="791"/>
							<String ID="string_96" HPOS="831" VPOS="1916" WIDTH="129" HEIGHT="36" WC="0.96" CONTENT="Andra"/><SP WIDTH="37" VPOS="1916" HPOS="960"/>
							<String ID="string_97" HPOS="997" VPOS="1918" WIDTH="224" HEIGHT="36" WC="0.96" CONTENT="Kammaren"/><SP WIDTH="34" VPOS="1918" HPOS="1221"/>
							<String ID="string_98" HPOS="1255" VPOS="1919" WIDTH="67" HEIGHT="36" WC="0.96" CONTENT="har"/><SP WIDTH="27" VPOS="1919" HPOS="1322"/>
							<String ID="string_99" HPOS="1349" VPOS="1918" WIDTH="95" HEIGHT="37" WC="0.93" CONTENT="Herr"/><SP WIDTH="26" VPOS="1918" HPOS="1444"/>
							<String ID="string_100" HPOS="1470" VPOS="1920" WIDTH="36" HEIGHT="36" WC="0.92" CONTENT="J."/><SP WIDTH="30" VPOS="1920" HPOS="1506"/>
							<String ID="string_101" HPOS="1536" VPOS="1920" WIDTH="184" HEIGHT="37" WC="0.96" CONTENT="Anderson"/><SP WIDTH="28" VPOS="1920" HPOS="1720"/>
							<String ID="string_102" HPOS="1748" VPOS="1921" WIDTH="11" HEIGHT="35" WC="0.96" CONTENT="i"/><SP WIDTH="30" VPOS="1921" HPOS="1759"/>
							<String ID="string_103" HPOS="1789" VPOS="1921" WIDTH="161" HEIGHT="36" WC="0.96" CONTENT="Tenhult"/>
						</TextLine>
						<TextLine ID="line_16" HPOS="356" VPOS="1969" WIDTH="1592" HEIGHT="53">
							<String ID="string_104" HPOS="356" VPOS="1969" WIDTH="56" HEIGHT="34" WC="0.96" CONTENT="uti"/><SP WIDTH="35" VPOS="1969" HPOS="412"/>
							<String ID="string_105" HPOS="447" VPOS="1970" WIDTH="139" HEIGHT="35" WC="0.96" CONTENT="motion"/><SP WIDTH="38" VPOS="1970" HPOS="586"/>
							<String ID="string_106" HPOS="624" VPOS="1969" WIDTH="80" HEIGHT="50" WC="0.95" CONTENT="(N:o"/><SP WIDTH="40" VPOS="1969" HPOS="704"/>
							<String ID="string_107" HPOS="744" VPOS="1972" WIDTH="88" HEIGHT="46" WC="0.93" CONTENT="103)"/><SP WIDTH="37" VPOS="1972" HPOS="832"/>
							<String ID="string_108" HPOS="869" VPOS="1971" WIDTH="183" HEIGHT="46" WC="0.91" CONTENT="hemstält,"/><SP WIDTH="29" VPOS="1971" HPOS="1052"/>
							<String ID="string_109" HPOS="1081" VPOS="1978" WIDTH="54" HEIGHT="30" WC="0.96" CONTENT="att"/><SP WIDTH="28" VPOS="1978" HPOS="1135"/>
							<String ID="string_110" HPOS="1163" VPOS="1973" WIDTH="208" HEIGHT="49" WC="0.96" CONTENT="Riksdagen"/><SP WIDTH="28" VPOS="1973" HPOS="1371"/>
							<String ID="string_111" HPOS="1399" VPOS="1973" WIDTH="114" HEIGHT="37" WC="0.96" CONTENT="måtte"/><SP WIDTH="29" VPOS="1973" HPOS="1513"/>
							<String ID="string_112" HPOS="1542" VPOS="1975" WIDTH="213" HEIGHT="45" WC="0.93" CONTENT="bestämma,"/><SP WIDTH="29" VPOS="1975" HPOS="1755"/>
							<String ID="string_113" HPOS="1784" VPOS="1980" WIDTH="54" HEIGHT="31" WC="0.93" CONTENT="att"/><SP WIDTH="27" VPOS="1980" HPOS="1838"/>
							<String ID="string_114" HPOS="1865" VPOS="1975" WIDTH="83" HEIGHT="37" WC="0.93" CONTENT="åbo-"/>
						</TextLine>
						<TextLine ID="line_17" HPOS="356" VPOS="2022" WIDTH="1592" HEIGHT="58">
							<String ID="string_115" HPOS="356" VPOS="2035" WIDTH="84" HEIGHT="23" WC="0.93" CONTENT="erne"/><SP WIDTH="36" VPOS="2035" HPOS="440"/>
							<String ID="string_116" HPOS="476" VPOS="2022" WIDTH="21" HEIGHT="36" WC="0.92" CONTENT="å"/><SP WIDTH="34" VPOS="2022" HPOS="497"/>
							<String ID="string_117" HPOS="531" VPOS="2023" WIDTH="44" HEIGHT="37" WC="0.96" CONTENT="de"/><SP WIDTH="32" VPOS="2023" HPOS="575"/>
							<String ID="string_118" HPOS="607" VPOS="2025" WIDTH="59" HEIGHT="35" WC="0.96" CONTENT="till"/><SP WIDTH="36" VPOS="2025" HPOS="666"/>
							<String ID="string_119" HPOS="702" VPOS="2024" WIDTH="169" HEIGHT="50" WC="0.93" CONTENT="Visingsö"/><SP WIDTH="36" VPOS="2024" HPOS="871"/>
							<String ID="string_120" HPOS="907" VPOS="2026" WIDTH="191" HEIGHT="49" WC="0.91" CONTENT="skolegods"/><SP WIDTH="30" VPOS="2026" HPOS="1098"/>
							<String ID="string_121" HPOS="1128" VPOS="2027" WIDTH="160" HEIGHT="36" WC="0.96" CONTENT="hörande"/><SP WIDTH="28" VPOS="2027" HPOS="1288"/>
							<String ID="string_122" HPOS="1316" VPOS="2027" WIDTH="172" HEIGHT="37" WC="0.93" CONTENT="hemman"/><SP WIDTH="31" VPOS="2027" HPOS="1488"/>
							<String ID="string_123" HPOS="1519" VPOS="2051" WIDTH="49" HEIGHT="4" WC="0.91" CONTENT="—"/><SP WIDTH="30" VPOS="2051" HPOS="1568"/>
							<String ID="string_124" HPOS="1598" VPOS="2029" WIDTH="128" HEIGHT="36" WC="0.93" CONTENT="hvilka"/><SP WIDTH="27" VPOS="2029" HPOS="1726"/>
							<String ID="string_125" HPOS="1753" VPOS="2028" WIDTH="110" HEIGHT="38" WC="0.91" CONTENT="åboer"/><SP WIDTH="27" VPOS="2028" HPOS="1863"/>
							<String ID="string_126" HPOS="1890" VPOS="2043" WIDTH="58" HEIGHT="37" WC="0.93" CONTENT="ge-"/>
						</TextLine>
						<TextLine ID="line_18" HPOS="355" VPOS="2077" WIDTH="1595" HEIGHT="56">
							<String ID="string_127" HPOS="355" VPOS="2089" WIDTH="87" HEIGHT="24" WC="0.96" CONTENT="nom"/><SP WIDTH="29" VPOS="2089" HPOS="442"/>
							<String ID="string_128" HPOS="471" VPOS="2077" WIDTH="132" HEIGHT="50" WC="0.94" CONTENT="Kongl."/><SP WIDTH="30" VPOS="2077" HPOS="603"/>
							<String ID="string_129" HPOS="633" VPOS="2079" WIDTH="118" HEIGHT="48" WC="0.95" CONTENT="Maj:ts"/><SP WIDTH="28" VPOS="2079" HPOS="751"/>
							<String ID="string_130" HPOS="779" VPOS="2078" WIDTH="132" HEIGHT="51" WC="0.96" CONTENT="nådiga"/><SP WIDTH="30" VPOS="2078" HPOS="911"/>
							<String ID="string_131" HPOS="941" VPOS="2079" WIDTH="83" HEIGHT="37" WC="0.96" CONTENT="bref"/><SP WIDTH="26" VPOS="2079" HPOS="1024"/>
							<String ID="string_132" HPOS="1050" VPOS="2081" WIDTH="68" HEIGHT="36" WC="0.96" CONTENT="den"/><SP WIDTH="32" VPOS="2081" HPOS="1118"/>
							<String ID="string_133" HPOS="1150" VPOS="2084" WIDTH="20" HEIGHT="35" WC="0.96" CONTENT="9"/><SP WIDTH="30" VPOS="2084" HPOS="1170"/>
							<String ID="string_134" HPOS="1200" VPOS="2081" WIDTH="204" HEIGHT="37" WC="0.96" CONTENT="December"/><SP WIDTH="31" VPOS="2081" HPOS="1404"/>
							<String ID="string_135" HPOS="1435" VPOS="2084" WIDTH="96" HEIGHT="36" WC="0.96" CONTENT="1871"/><SP WIDTH="34" VPOS="2084" HPOS="1531"/>
							<String ID="string_136" HPOS="1565" VPOS="2083" WIDTH="93" HEIGHT="36" WC="0.96" CONTENT="hade"/><SP WIDTH="29" VPOS="2083" HPOS="1658"/>
							<String ID="string_137" HPOS="1687" VPOS="2084" WIDTH="170" HEIGHT="49" WC="0.95" CONTENT="beviljats"/><SP WIDTH="18" VPOS="2084" HPOS="1857"/>
							<String ID="string_138" HPOS="1875" VPOS="2089" WIDTH="75" HEIGHT="32" WC="0.96" CONTENT="rätt"/>
						</TextLine>
						<TextLine ID="line_19" HPOS="356" VPOS="2132" WIDTH="1594" HEIGHT="56">
							<String ID="string_139" HPOS="356" VPOS="2136" WIDTH="54" HEIGHT="30" WC="0.96" CONTENT="att"/><SP WIDTH="31" VPOS="2136" HPOS="410"/>
							<String ID="string_140" HPOS="441" VPOS="2132" WIDTH="59" HEIGHT="35" WC="0.96" CONTENT="till"/><SP WIDTH="38" VPOS="2132" HPOS="500"/>
							<String ID="string_141" HPOS="538" VPOS="2132" WIDTH="117" HEIGHT="37" WC="0.96" CONTENT="skatte"/><SP WIDTH="36" VPOS="2132" HPOS="655"/>
							<String ID="string_142" HPOS="691" VPOS="2134" WIDTH="75" HEIGHT="35" WC="0.96" CONTENT="lösa"/><SP WIDTH="28" VPOS="2134" HPOS="766"/>
							<String ID="string_143" HPOS="794" VPOS="2134" WIDTH="78" HEIGHT="35" WC="0.96" CONTENT="sina"/><SP WIDTH="27" VPOS="2134" HPOS="872"/>
							<String ID="string_144" HPOS="899" VPOS="2134" WIDTH="183" HEIGHT="46" WC="0.96" CONTENT="hemman,"/><SP WIDTH="29" VPOS="2134" HPOS="1082"/>
							<String ID="string_145" HPOS="1111" VPOS="2134" WIDTH="91" HEIGHT="37" WC="0.96" CONTENT="efter"/><SP WIDTH="29" VPOS="2134" HPOS="1202"/>
							<String ID="string_146" HPOS="1231" VPOS="2136" WIDTH="61" HEIGHT="36" WC="0.96" CONTENT="det"/><SP WIDTH="27" VPOS="2136" HPOS="1292"/>
							<String ID="string_147" HPOS="1319" VPOS="2137" WIDTH="126" HEIGHT="36" WC="0.92" CONTENT="anbud"/><SP WIDTH="28" VPOS="2137" HPOS="1445"/>
							<String ID="string_148" HPOS="1473" VPOS="2136" WIDTH="21" HEIGHT="36" WC="0.89" CONTENT="å"/><SP WIDTH="27" VPOS="2136" HPOS="1494"/>
							<String ID="string_149" HPOS="1521" VPOS="2138" WIDTH="429" HEIGHT="50" WC="0.91" CONTENT="skatteköpeskillingens"/>
						</TextLine>
						<TextLine ID="line_20" HPOS="355" VPOS="2185" WIDTH="1593" HEIGHT="56">
							<String ID="string_150" HPOS="355" VPOS="2186" WIDTH="136" HEIGHT="48" WC="0.94" CONTENT="belopp"/><SP WIDTH="42" VPOS="2186" HPOS="491"/>
							<String ID="string_151" HPOS="533" VPOS="2185" WIDTH="125" HEIGHT="38" WC="0.93" CONTENT="blifvit"/><SP WIDTH="40" VPOS="2185" HPOS="658"/>
							<String ID="string_152" HPOS="698" VPOS="2186" WIDTH="143" HEIGHT="50" WC="0.92" CONTENT="ingifna"/><SP WIDTH="40" VPOS="2186" HPOS="841"/>
							<String ID="string_153" HPOS="881" VPOS="2189" WIDTH="60" HEIGHT="35" WC="0.94" CONTENT="till"/><SP WIDTH="36" VPOS="2189" HPOS="941"/>
							<String ID="string_154" HPOS="977" VPOS="2189" WIDTH="257" HEIGHT="38" WC="0.95" CONTENT="konsistorium"/><SP WIDTH="37" VPOS="2189" HPOS="1234"/>
							<String ID="string_155" HPOS="1271" VPOS="2191" WIDTH="12" HEIGHT="35" WC="0.91" CONTENT="i"/><SP WIDTH="37" VPOS="2191" HPOS="1283"/>
							<String ID="string_156" HPOS="1320" VPOS="2190" WIDTH="130" HEIGHT="47" WC="0.91" CONTENT="Vexiö,"/><SP WIDTH="37" VPOS="2190" HPOS="1450"/>
							<String ID="string_157" HPOS="1487" VPOS="2205" WIDTH="77" HEIGHT="22" WC="0.93" CONTENT="som"/><SP WIDTH="36" VPOS="2205" HPOS="1564"/>
							<String ID="string_158" HPOS="1600" VPOS="2191" WIDTH="89" HEIGHT="50" WC="0.92" CONTENT="egde"/><SP WIDTH="36" VPOS="2191" HPOS="1689"/>
							<String ID="string_159" HPOS="1725" VPOS="2197" WIDTH="54" HEIGHT="31" WC="0.96" CONTENT="att"/><SP WIDTH="28" VPOS="2197" HPOS="1779"/>
							<String ID="string_160" HPOS="1807" VPOS="2206" WIDTH="141" HEIGHT="23" WC="0.96" CONTENT="samma"/>
						</TextLine>
						<TextLine ID="line_21" HPOS="356" VPOS="2239" WIDTH="1591" HEIGHT="55">
							<String ID="string_161" HPOS="356" VPOS="2239" WIDTH="126" HEIGHT="37" WC="0.96" CONTENT="anbud"/><SP WIDTH="35" VPOS="2239" HPOS="482"/>
							<String ID="string_162" HPOS="517" VPOS="2246" WIDTH="134" HEIGHT="44" WC="0.96" CONTENT="antaga"/><SP WIDTH="34" VPOS="2246" HPOS="651"/>
							<String ID="string_163" HPOS="685" VPOS="2242" WIDTH="90" HEIGHT="36" WC="0.96" CONTENT="eller"/><SP WIDTH="33" VPOS="2242" HPOS="775"/>
							<String ID="string_164" HPOS="808" VPOS="2241" WIDTH="163" HEIGHT="38" WC="0.93" CONTENT="förkasta"/><SP WIDTH="29" VPOS="2241" HPOS="971"/>
							<String ID="string_165" HPOS="1000" VPOS="2265" WIDTH="49" HEIGHT="6" WC="0.92" CONTENT="—"/><SP WIDTH="31" VPOS="2265" HPOS="1049"/>
							<String ID="string_166" HPOS="1080" VPOS="2244" WIDTH="119" HEIGHT="36" WC="0.96" CONTENT="skulle"/><SP WIDTH="29" VPOS="2244" HPOS="1199"/>
							<String ID="string_167" HPOS="1228" VPOS="2243" WIDTH="37" HEIGHT="37" WC="0.92" CONTENT="få"/><SP WIDTH="27" VPOS="2243" HPOS="1265"/>
							<String ID="string_168" HPOS="1292" VPOS="2245" WIDTH="216" HEIGHT="49" WC="0.91" CONTENT="skatteköpa"/><SP WIDTH="28" VPOS="2245" HPOS="1508"/>
							<String ID="string_169" HPOS="1536" VPOS="2246" WIDTH="217" HEIGHT="36" WC="0.95" CONTENT="hemmanen"/><SP WIDTH="30" VPOS="2246" HPOS="1753"/>
							<String ID="string_170" HPOS="1783" VPOS="2246" WIDTH="92" HEIGHT="37" WC="0.96" CONTENT="efter"/><SP WIDTH="28" VPOS="2246" HPOS="1875"/>
							<String ID="string_171" HPOS="1903" VPOS="2260" WIDTH="44" HEIGHT="23" WC="0.96" CONTENT="en"/>
						</TextLine>
						<TextLine ID="line_22" HPOS="355" VPOS="2294" WIDTH="1595" HEIGHT="56">
							<String ID="string_172" HPOS="355" VPOS="2294" WIDTH="257" HEIGHT="50" WC="0.95" CONTENT="köpeskilling,"/><SP WIDTH="42" VPOS="2294" HPOS="612"/>
							<String ID="string_173" HPOS="654" VPOS="2296" WIDTH="187" HEIGHT="36" WC="0.96" CONTENT="beräknad"/><SP WIDTH="42" VPOS="2296" HPOS="841"/>
							<String ID="string_174" HPOS="883" VPOS="2298" WIDTH="12" HEIGHT="33" WC="0.96" CONTENT="i"/><SP WIDTH="37" VPOS="2298" HPOS="895"/>
							<String ID="string_175" HPOS="932" VPOS="2298" WIDTH="162" HEIGHT="48" WC="0.96" CONTENT="enlighet"/><SP WIDTH="36" VPOS="2298" HPOS="1094"/>
							<String ID="string_176" HPOS="1130" VPOS="2299" WIDTH="84" HEIGHT="35" WC="0.96" CONTENT="med"/><SP WIDTH="29" VPOS="2299" HPOS="1214"/>
							<String ID="string_177" HPOS="1243" VPOS="2299" WIDTH="98" HEIGHT="36" WC="0.93" CONTENT="hvad"/><SP WIDTH="28" VPOS="2299" HPOS="1341"/>
							<String ID="string_178" HPOS="1369" VPOS="2299" WIDTH="383" HEIGHT="51" WC="0.91" CONTENT="Kammarkollegium"/><SP WIDTH="29" VPOS="2299" HPOS="1752"/>
							<String ID="string_179" HPOS="1781" VPOS="2301" WIDTH="11" HEIGHT="35" WC="0.96" CONTENT="i"/><SP WIDTH="29" VPOS="2301" HPOS="1792"/>
							<String ID="string_180" HPOS="1821" VPOS="2300" WIDTH="129" HEIGHT="37" WC="0.96" CONTENT="sådant"/>
						</TextLine>
					</TextBlock>
				</ComposedBlock>
			</PrintSpace>
		</Page>
	</Layout>
</alto>
