1864 2782
265 125 40 29 22
656 133 121 31 Första
801 134 238 38 lagutskottets
1064 137 176 32 utlåtande
1264 149 41 20 nr
1330 139 49 31 24.

313 209 166 30 Däremot
508 211 59 29 vill
597 212 169 30 utskottet
794 213 10 29 i
832 213 110 30 likhet
970 215 79 29 med
1076 215 251 41 länsstyrelsen
1353 219 10 29 i
1392 219 197 31 Malmöhus
1620 222 57 29 län
1706 222 64 30 och

269 259 156 31 Svenska
449 260 455 42 brandskyddsföreningen
930 264 215 40 ifrågasätta,
1170 276 57 20 om
1252 268 435 42 riksbrandinspektörens
1712 273 60 29 hö-

267 310 108 29 rande
394 311 81 29 över
490 311 136 30 mindre
642 312 194 40 betydande
853 315 189 39 ändringar
1060 316 10 29 i
1089 317 106 30 redan
1213 318 159 39 gällande
1388 320 304 42 brandordningar
1707 323 62 30 bör

265 369 83 20 vara
367 360 252 40 obligatoriskt.
638 363 98 30 Efter
755 364 95 30 hand
870 365 90 30 lärer
980 366 56 30 det
1054 367 74 30 visa
1149 368 51 39 sig
1217 369 214 40 nödvändigt
1450 373 50 28 att
1521 372 139 40 vidtaga
1678 373 92 30 vissa

268 411 133 29 smärre
426 412 189 39 ändringar
639 414 11 28 i
676 414 362 41 brandordningarna.
1062 417 183 41 Åtskilliga
1270 429 43 21 av
1335 421 101 30 dessa
1460 423 189 39 ändringar
1672 425 98 29 torde

268 461 111 30 sakna
402 462 194 30 nämnvärd
619 464 174 39 betydelse
818 474 42 21 ur
885 466 41 30 de
953 469 218 38 synpunkter
1194 470 415 42 riksbrandinspektören
1632 475 64 30 har
1720 477 50 28 att

264 511 137 30 beakta.
428 513 12 28 I
463 513 119 38 dylika
603 514 61 30 fall
688 524 103 30 synes
814 516 434 42 riksbrandinspektörens
1270 521 155 31 hörande
1451 523 167 31 innebära
1642 526 126 39 onödig

266 562 160 39 omgång.
450 563 41 29 Ät
515 564 291 39 länsstyrelserna
828 567 63 30 bör
914 568 121 31 kunna
1058 570 219 31 överlämnas
1302 574 50 28 att
1376 574 136 38 avgöra,
1536 584 57 20 om
1619 585 43 21 en
1686 576 84 31 ifrå-

266 613 114 37 gasatt
400 613 149 40 ändring
566 615 11 29 i
595 615 264 41 brandordning
877 618 38 29 är
935 628 42 21 av
997 619 245 32 beskaffenhet
1262 624 50 28 att
1331 623 121 31 kunna
1470 625 194 31 fastställas
1683 629 85 28 utan

265 663 50 29 att
344 663 433 41 riksbrandinspektörens
802 669 162 38 yttrande
991 670 187 31 inhämtas.
1204 672 117 40 Enligt
1346 675 189 30 utskottets
1560 677 142 40 mening
1730 679 38 28 är

263 712 57 30 det
344 713 177 36 önskvärt,
544 717 50 29 att
617 716 18 30 2
661 716 15 37 $
702 717 13 29 1
740 727 106 21 mom.
869 719 262 41 brandstadgan
1152 722 141 39 jämkas
1317 724 10 29 i
1351 724 151 40 enlighet
1525 727 79 29 med
1627 727 56 30 det
1709 737 59 20 an-

263 763 111 30 förda.
396 764 136 39 Frågan
554 766 124 30 härom
699 768 71 30 kan
790 769 188 40 lämpligen
1002 774 172 37 upptagas
1194 773 11 29 i
1226 774 171 31 samband
1420 776 79 30 med
1519 777 67 29 den
1609 778 158 39 översyn,

262 822 75 21 som
359 814 561 45 decentraliseringsutredningen
944 821 10 29 i
976 822 113 30 sinom
1110 823 50 30 tid
1184 824 159 30 kommer
1365 827 50 29 att
1437 827 215 31 underkasta
1674 829 94 30 civil-

261 864 172 31 försvars-
453 867 64 29 och
538 867 300 33 brandärendena.

308 916 75 29 Vad
411 918 108 37 angår
547 918 67 29 den
645 919 11 29 i
685 921 181 30 motionen
895 922 199 40 föreslagna
1122 925 194 40 ändringen
1346 937 41 20 av
1418 928 261 32 instruktionen
1710 931 55 29 för

260 966 417 41 riksbrandinspektören
706 971 117 29 finner
852 973 179 34 utskottet,
1060 974 115 30 såsom
1204 985 88 21 ovan
1324 977 224 37 framhållits,
1575 976 190 49 betydelse-

262 1016 92 34 fullt,
383 1018 50 28 att
458 1018 286 32 brandförsvaret
772 1022 11 28 i
812 1022 91 30 riket
929 1024 129 30 ordnas
1083 1025 178 40 enhetligt.
1290 1027 59 31 Att
1374 1030 107 29 verka
1506 1030 122 30 härför
1653 1032 111 29 måste

259 1075 82 21 vara
362 1076 42 20 en
427 1077 41 21 av
490 1069 435 42 riksbrandinspektörens
945 1074 185 40 viktigaste
1153 1077 187 39 uppgifter.
1364 1078 64 30 Det
1449 1080 97 29 torde
1567 1090 82 20 vara
1671 1082 95 29 över-

261 1117 126 39 flödigt
411 1120 51 28 att
487 1120 142 30 särskilt
653 1122 135 38 angiva,
817 1125 51 28 att
893 1124 416 42 riksbrandinspektören
1335 1129 88 30 skall
1448 1131 107 30 verka
1580 1132 55 29 för
1660 1133 106 30 ända-

260 1167 245 40 målsenlighet
528 1170 12 29 i
563 1170 297 33 brandförsvaret.
887 1174 235 32 Huvudmålet
1146 1177 55 30 för
1226 1180 132 29 statens
1386 1180 160 39 åtgärder
1571 1183 45 39 på
1639 1183 126 30 brand-

259 1218 185 31 väsendets
470 1221 142 30 område
637 1223 38 28 är
700 1225 50 28 att
777 1224 189 31 medverka
990 1226 53 30 till
1068 1227 330 33 åstadkommandet
1425 1240 43 21 av
1492 1233 48 29 ett
1567 1233 198 30 ändamåls-

260 1269 108 37 enligt
388 1270 260 32 brandförsvar.

306 1319 47 29 På
375 1321 111 36 grund
510 1330 42 21 av
571 1323 65 29 vad
657 1323 148 31 sålunda
826 1326 136 30 anförts
983 1327 53 30 får
1057 1329 169 31 utskottet
1245 1326 196 47 hemställa,

613 1390 45 34 ÅA)
688 1392 50 29 att
765 1392 189 40 riksdagen
979 1394 108 31 måtte
1111 1397 11 29 i
1150 1396 166 31 skrivelse
1341 1398 53 30 till
1420 1399 125 39 Kungl.
1573 1400 105 39 Maj:t
1704 1411 59 20 an-

566 1440 104 35 hålla,
694 1443 50 28 att
768 1442 127 40 Kungl.
922 1444 104 40 Maj:t
1050 1446 79 30 ville
1155 1448 182 39 uppdraga
1361 1449 35 30 åt
1423 1446 341 49 decentraliserings-

568 1492 232 40 utredningen
821 1496 50 27 att
894 1495 194 40 framlägga
1107 1497 132 40 förslag
1260 1499 53 29 till
1336 1499 108 31 sådan
1468 1501 149 40 ändring
1637 1512 42 21 av
1700 1503 19 29 2
1745 1503 16 37 $

570 1542 12 27 1
610 1551 104 21 mom.
735 1543 262 41 brandstadgan
1017 1555 74 21 som
1113 1549 168 30 utskottet
1303 1559 89 21 ovan
1412 1551 172 37 förordat;
1609 1556 89 27 samt

610 1592 44 34 B)
684 1595 49 28 att
753 1594 230 32 förevarande
1004 1598 144 35 motion,
1169 1599 45 30 II:
1232 1600 50 35 12,
1310 1600 3 29 i
1333 1601 67 30 den
1420 1602 83 30 mån
1523 1603 67 30 den
1611 1604 75 30 icke
1707 1604 55 30 be-

570 1645 134 28 svarats
725 1652 123 31 genom
869 1647 66 29 vad
957 1648 169 31 utskottet
1147 1650 178 31 hemställt
1346 1653 110 29 under
1477 1654 60 34 A),
1559 1655 75 30 icke
1655 1656 107 29 måtte

566 1693 182 33 föranleda
772 1696 116 39 någon
912 1698 205 40 riksdagens
1143 1700 131 39 åtgärd.

302 1767 201 30 Stockholm
523 1769 66 29 den
611 1771 18 27 6
650 1771 86 39 april
759 1772 94 30 1948.

696 1855 47 30 På
767 1856 112 30 första
905 1858 246 39 lagutskottets
1174 1862 145 37 vägnar:

813 1915 118 30 AXEL
952 1917 249 39 LINDQVIST.

587 2047 63 30 Vid
675 2048 94 31 detta
792 2050 148 30 ärendes
964 2052 211 41 behandling
1200 2054 45 30 ha
1271 2056 156 30 närvarit

297 2103 80 29 från
408 2104 166 31 första
605 2106 221 32 kammaren:
849 2109 121 30 herrar
989 2110 160 40 Krägel",
1172 2112 195 36 Lindblom,
1387 2115 236 36 Ekströmer”,
1644 2118 114 30 Olofs-

254 2161 73 26 son,
348 2154 163 35 Löthner,
531 2156 185 40 Lindgren,
739 2159 93 29 John
854 2159 138 31 Wiktor
1011 2162 152 30 Jonsson
1184 2164 65 29 och
1271 2164 77 30 Ivar
1367 2166 136 36 Nilzon;

298 2222 80 29 från
417 2224 154 30 andra
610 2225 223 31 kammaren:
865 2227 121 31 herrar
1013 2229 192 41 Lindqvist,
1234 2232 184 38 Rylander,
1448 2235 97 38 Berg,
1572 2237 183 38 Lindberg,

252 2263 160 36 Lindahl,
437 2265 199 31 Andersson
659 2268 10 29 i
694 2268 164 35 Mölndal,
882 2270 251 40 Sveningsson”
1159 2273 64 29 och
1246 2274 199 31 Pettersson
1467 2277 10 29 i
1503 2277 209 31 Ersbacken.

296 2351 14 14 +
333 2352 33 31 Ej
386 2354 178 25 närvarande
582 2355 46 24 vid
648 2355 174 27 utlåtandets
841 2357 146 33 justering.

443 2470 184 28 Stockholm
648 2472 84 28 1948.
752 2473 112 35 Kungl.
882 2474 242 36 Boktryckeriet
1142 2477 31 27 P.
1193 2478 32 26 A.
1244 2478 149 29 Norstedt
1412 2481 24 26 &
1454 2481 108 26 Söner.

954 2530 98 21 481039
