1904 2824
292 172 17 29 2
676 169 381 33 Jordbruksutskottets
1082 167 176 32 utlåtande
1282 167 49 31 Nr
1360 168 50 30 25.

336 258 187 37 Angående
545 256 263 37 tillämpningen
832 264 42 21 av
898 254 247 36 epizootilagen
1167 252 21 31 å
1212 251 208 38 sjukdomen
1445 251 170 30 smittsam
1640 249 161 36 kastning

292 310 63 30 hos
376 309 204 30 nötkreatur
601 307 116 30 finnas
739 305 261 31 bestämmelser
1021 304 100 36 givna
1143 304 11 29 i
1177 303 228 36 kungörelsen
1429 311 42 20 nr
1492 297 176 34 403/1938.

338 360 14 29 I
370 360 178 29 motionen
566 358 138 30 anföres
721 357 106 30 bland
845 359 107 27 annat
970 354 169 36 följande:

337 419 131 30 Hittills
495 418 45 30 ha
567 418 41 30 de
636 414 498 38 blodprovsundersökningar,
1165 412 198 36 varigenom
1392 411 210 36 sjukdomen
1630 409 170 30 smittsam

293 460 163 38 kastning
472 460 63 30 hos
554 460 202 30 nötkreatur
773 457 276 42 diagnostiseras,
1069 455 126 31 utförts
1213 454 46 37 på
1278 456 127 28 statens
1423 447 377 46 veterinärbakteriolo-

293 504 96 36 giska
411 503 137 30 anstalt.
571 502 168 30 Hallands
761 501 65 29 och
848 494 259 41 Östergötlands
1128 499 76 28 läns
1227 495 394 36 hushållningssällskap
1644 494 46 30 ha
1713 493 88 30 dock

293 556 47 20 nu
360 545 106 36 enligt
487 545 66 30 vad
571 545 33 29 vi
625 543 119 31 erfarit
763 541 186 31 inkommit
968 541 51 30 till
1039 539 350 36 medicinalstyrelsen
1411 538 79 29 med
1511 535 165 31 anhållan
1696 538 49 28 att
1766 534 36 31 få

293 588 116 30 utföra
432 588 100 30 dessa
554 585 300 36 undersökningar
876 583 58 31 vid
958 591 86 28 egna
1066 581 234 31 laboratorier.
1325 579 182 36 Samtidigt
1530 579 64 29 har
1619 573 184 40 Älvsborgs

294 631 75 30 läns
392 631 103 29 södra
517 627 394 36 hushållningssällskap
934 625 171 37 igångsatt
1127 634 43 20 en
1192 622 170 31 metodisk
1385 623 106 35 kamp
1515 623 92 28 emot
1628 619 173 36 kastsjuk-

294 674 126 29 domen
442 679 123 30 genom
586 674 48 27 att
654 671 79 30 hela
753 667 322 38 mejeriföreningar
1095 667 125 30 teckna
1241 665 163 30 kontrakt
1425 663 80 31 med
1526 663 203 35 sällskapets
1751 664 50 27 tu-

293 713 350 36 berkulosavdelning
664 722 57 20 om
745 711 147 31 samtida
916 709 159 37 åtgärder
1096 712 91 27 emot
1210 708 217 36 sjukdomen.
1453 706 50 29 De
1524 705 180 35 blodprov,
1729 713 74 20 som

295 758 62 30 där
381 760 107 33 tagas,
514 755 124 31 sändas
664 755 50 29 till
740 757 127 27 statens
892 750 464 36 veterinärbakteriologiska
1382 749 126 30 anstalt
1533 747 56 30 för
1613 746 188 30 undersök-

295 799 92 37 ning,
408 798 46 31 då
474 799 186 34 sällskapet
678 797 128 30 saknar
825 798 73 34 eget
917 794 259 30 laboratorium.

340 841 170 31 Fördelen
533 841 78 29 med
635 849 43 20 en
702 847 197 28 gemensam
925 837 66 30 och
1016 835 169 36 samtidig,
1211 833 99 32 alltså
1334 832 222 37 organiserad
1582 832 105 35 kamp
1713 833 90 27 emot

295 883 209 36 kastsjukan
524 882 104 36 ligger
647 882 10 30 i
678 882 114 35 öppen
812 881 75 35 dag.
910 879 208 35 Därigenom
1139 878 72 29 kan
1230 886 82 20 man
1331 876 136 35 hoppas
1489 873 175 36 verkligen
1685 873 119 29 kunna

295 925 37 31 få
351 926 88 30 bukt
459 925 79 30 med
559 925 113 29 denna
692 923 137 36 mycket
847 920 318 36 förlustbringande
1186 919 65 30 och
1272 919 88 29 även
1379 917 57 30 för
1456 915 205 31 människor
1681 913 124 37 farliga

297 967 177 37 sjukdom.
501 966 67 30 För
593 966 42 30 de
661 963 413 36 hushållningssällskap,
1100 961 95 30 vilka
1219 959 161 37 upptagit
1405 958 67 31 och
1498 956 217 37 organiserat
1740 956 63 29 kli-

296 1011 77 30 nisk
392 1011 107 35 kamp
518 1012 71 27 mot
607 1006 477 34 nötkreaturstuberkulosen,
1104 1005 39 29 är
1161 1003 56 30 det
1235 1001 253 38 jämförelsevis
1506 1001 62 29 lätt
1586 1002 48 27 att
1653 1001 153 33 upptaga

297 1054 87 29 även
403 1053 107 35 kamp
531 1054 71 27 mot
623 1050 169 30 smittsam
813 1048 161 36 kastning
993 1046 46 37 på
1059 1047 55 30 sitt
1133 1054 172 28 program,
1329 1043 240 31 Kostnaderna
1589 1042 120 29 kunna
1729 1041 75 29 där-

297 1095 137 36 igenom
451 1093 208 36 nedbringas
677 1092 57 30 för
749 1091 91 31 båda
856 1087 457 38 bekämpningsmetoderna
1331 1086 65 30 och
1415 1084 194 37 ytterligare
1626 1093 43 20 en
1686 1082 118 30 värde-

298 1138 64 29 full
384 1136 140 36 uppgift
547 1135 37 31 så
606 1134 219 36 småningom
846 1132 175 31 slutföras.

343 1178 186 31 Huruvida
556 1180 47 27 ett
632 1176 125 30 sådant
785 1174 265 35 förfaringssätt
1077 1172 58 30 vid
1161 1170 229 37 kastsjukans
1418 1167 247 37 bekämpande
1694 1166 112 30 skulle

298 1224 99 27 tarva
419 1219 117 37 någon
559 1218 148 36 ändring
728 1218 11 30 i
762 1218 42 29 de
826 1216 163 37 gällande
1010 1214 300 35 författningarna
1331 1212 56 30 för
1411 1211 230 37 sjukdomens
1664 1210 142 29 bekäm-

298 1264 116 36 pande
441 1262 66 37 (Sv.
530 1260 197 32 förf.-saml.
750 1270 42 20 nr
813 1260 62 29 402
899 1259 65 30 och
988 1253 177 40 403/1938)
1195 1256 97 29 torde
1313 1256 87 29 även
1423 1254 134 30 behöva
1580 1252 139 30 utredas
1742 1252 65 29 och

299 1307 197 34 övervägas.

343 1362 353 37 Medicinalstyrelsen
714 1361 64 30 har
798 1360 12 30 i
831 1359 57 31 sitt
908 1358 178 31 utlåtande
1106 1357 182 35 meddelat,
1310 1359 49 27 att
1380 1355 166 37 styrelsen
1566 1353 45 37 på
1634 1353 111 37 grund
1767 1362 44 20 av

300 1416 42 30 de
359 1414 11 30 i
390 1414 178 30 motionen
584 1412 214 31 omnämnda
815 1408 345 36 framställningarna
1179 1406 79 31 från
1278 1401 260 41 Östergötlands
1557 1404 65 31 och
1641 1403 171 30 Hallands

300 1466 76 30 läns
399 1463 395 36 hushållningssällskap
819 1471 57 21 om
899 1458 155 32 tillstånd
1077 1462 48 27 att
1149 1457 58 31 vid
1231 1457 213 35 sällskapens
1467 1452 342 33 veterinärbakterio-

305 1517 135 35 logiska
469 1514 225 31 laboratorier
721 1512 118 31 utföra
866 1509 303 35 undersökningar
1197 1507 57 30 för
1281 1506 258 36 bekämpandet
1568 1514 42 20 av
1640 1503 168 31 smittsam

302 1566 162 37 kastning
480 1566 64 30 hos
562 1564 123 36 Kungl.
705 1562 101 37 Maj:t
821 1561 177 31 hemställt
1016 1570 55 20 om
1089 1558 277 37 bemyndigande
1385 1557 55 30 för
1458 1554 353 37 medicinalstyrelsen

306 1618 65 30 och
391 1615 352 36 lantbruksstyrelsen
765 1616 49 27 att
833 1612 149 30 tillkalla
1003 1611 78 36 fyra
1102 1608 219 36 sakkunniga
1343 1607 56 30 för
1419 1605 255 32 verkställande
1694 1613 44 21 av
1760 1607 50 26 ut-

302 1667 146 37 redning
467 1667 11 30 i
498 1667 124 30 ämnet.
645 1664 172 37 Styrelsen
835 1664 64 29 har
919 1662 119 30 vidare
1056 1659 202 35 framhållit,
1280 1662 48 27 att
1348 1658 155 30 nämnda
1521 1656 184 36 utredning
1726 1655 10 30 1
1756 1655 56 29 det

304 1718 190 36 väsentliga
519 1717 95 30 torde
640 1713 245 33 sammanfalla
910 1712 81 30 med
1015 1712 67 30 den
1105 1710 194 35 utredning,
1327 1718 75 21 som
1426 1708 137 36 begärts
1588 1734 3 2 .
1625 1701 189 45 ”notionen,

304 1772 89 28 samt
415 1771 50 28 att
484 1785 44 4 —
549 1767 113 30 därest
683 1762 302 37 framställningen
1007 1763 11 29 i
1039 1760 98 37 fråga
1160 1761 139 30 komme
1321 1762 49 27 att
1391 1758 139 31 bifallas
1552 1773 44 4 —
1619 1755 196 33 ,.A0tionens

306 1819 89 38 syfte
420 1818 201 36 därigenom
646 1816 112 30 skulle
782 1815 141 30 komma
949 1816 50 28 att
1024 1812 205 36 tillgodoses.

348 1870 138 30 Statens
509 1864 462 37 veterinärbakteriologiska
992 1862 142 31 anstalts
1156 1860 132 31 nämnd
1311 1860 65 30 har
1396 1859 108 30 bland
1527 1861 105 28 annat
1654 1855 160 31 hänvisat

305 1921 51 30 till
386 1930 44 21 en
459 1919 143 37 tidigare
630 1917 52 31 till
710 1914 353 37 medicinalstyrelsen
1092 1911 139 37 ingiven
1261 1910 173 35 skrivelse,
1466 1908 142 31 varmed
1638 1906 177 31 nämnden

305 1971 216 31 överlämnat
539 1978 41 21 en
597 1969 94 29 inom
709 1962 463 36 veterinärbakteriologiska
1189 1962 171 30 anstalten
1375 1959 189 37 upprättad
1582 1956 232 38 promemoria

305 2020 180 37 angående
508 2016 458 37 hushållningssällskapens
993 2010 462 36 veterinärbakteriologiska
1478 2008 236 31 laboratorier.

351 2070 116 36 Enligt
486 2070 66 30 vad
571 2069 165 29 utskottet
755 2066 172 30 inhämtat
947 2065 66 29 har
1031 2062 154 32 nämnda
1205 2060 242 38 promemoria,
1469 2060 107 30 sedan
1596 2059 66 29 den
1683 2067 42 22 av
1746 2066 68 20 me-

311 2120 296 37 dicinalstyrelsen
636 2118 138 36 ingivits
802 2117 50 30 till
881 2115 124 36 Kungl.
1036 2113 110 37 Maj:t,
1177 2122 42 20 av
1248 2111 121 36 Kungl.
1399 2110 102 36 Maj:t
1528 2108 207 31 remitterats
1765 2106 52 31 till

310 2167 648 40 hushållningssällskapsutredningen
976 2166 55 29 för
1048 2163 190 37 avgivande
1256 2172 41 21 av
1317 2162 55 30 det
1389 2161 141 35 förslag,
1550 2159 112 30 vartill
1683 2167 133 27 prome-

312 2224 136 30 morian
472 2222 116 30 kunde
612 2219 191 32 föranleda.

354 2271 365 38 Lantbruksstyrelsen
741 2270 66 30 har
829 2267 165 37 tillstyrkt
1017 2265 98 31 bifall
1139 2265 52 30 till
1215 2264 176 30 motionen
1416 2262 66 31 och
1506 2261 117 31 anfört
1647 2259 172 37 följande:

358 2334 13 29 I
399 2342 42 20 av
468 2329 352 36 medicinalstyrelsen
845 2328 66 29 och
937 2323 351 37 lantbruksstyrelsen
1313 2322 66 30 den
1410 2322 35 28 11
1473 2320 75 36 juni
1577 2320 81 29 1937
1686 2318 132 36 avgivet

312 2374 222 32 betänkande
555 2373 78 29 med
657 2371 131 35 förslag
807 2370 49 29 till
880 2368 160 36 åtgärder
1060 2369 72 27 mot
1154 2365 171 31 smittsam
1346 2363 162 35 kastning
1530 2363 64 29 hos
1616 2362 206 29 nötkreatur

314 2415 189 33 framhöllo
532 2414 272 33 ämbetsverken,
834 2411 108 30 bland
970 2411 116 33 annat,
1116 2411 50 27 att
1194 2407 176 30 resultatet
1399 2415 43 20 av
1472 2405 41 29 de
1544 2404 168 35 åtgärder,
1744 2411 75 20 som

313 2459 154 35 vidtoges
488 2458 10 29 i
518 2457 87 36 syfte
626 2458 48 28 att
694 2455 174 34 bekämpa
889 2450 266 38 ifrågavarande
1176 2449 174 43 sjukdom,
1371 2448 97 29 bleve
1489 2446 170 30 beroende
1682 2454 42 21 av
1746 2453 72 26 per-

315 2501 133 36 sonliga
472 2500 146 29 insatser
640 2507 43 20 av
707 2497 42 29 de
771 2496 11 29 i
805 2496 152 34 kampen
982 2492 212 36 deltagande.
1222 2490 269 30 Ämbetsverken
1517 2487 125 36 ansåge
1668 2486 152 30 emeller-
