2181 2668
373 194 39 31 12
876 192 226 30 Statsutskottets
1125 190 156 30 Memorial
1302 190 57 29 N:o
1384 190 72 29 142.

1114 310 20 45 8
1166 309 59 37 20.

502 402 206 49 Riksdagen
751 401 65 36 har
858 400 39 36 år
943 402 111 43 1903,
1090 399 56 37 till
1174 398 227 37 bestridande
1429 396 40 36 af
1495 396 92 37 vissa
1617 396 192 37 kostnader
1838 396 54 36 för
1921 407 43 24 en

370 457 217 50 expedition,
630 455 125 38 afsedd
797 457 54 34 att
893 455 129 48 bringa
1064 453 237 49 undsättning
1338 454 38 34 åt
1408 451 174 37 docenten
1616 448 43 38 O.
1695 449 270 48 Nordenskjöld

372 513 68 36 och
468 513 91 35 hans
586 510 229 49 följeslagare
843 508 47 50 på
917 507 236 51 ångfartyget
1180 507 205 37 Antarcties
1414 506 202 49 expedition
1644 505 59 36 till
1722 505 112 36 Södra
1852 502 115 38 Ishaf-

371 572 70 41 vet,
472 566 141 36 anvisat
641 566 106 47 högst
778 565 167 45 200,000
976 564 131 36 kronor
1126 565 54 34 att
1199 561 41 37 af
1255 561 347 49 riksgäldskontoret
1621 559 227 36 förskottsvis
1868 559 99 35 utbe-

371 622 92 36 talas
504 619 57 38 för
594 625 53 31 att
674 618 188 38 framdeles
885 619 65 35 hos
977 618 205 49 Riksdagen
1212 617 160 35 anmälas
1400 616 56 35 till
1483 614 213 45 ersättande;
1730 613 66 36 och
1830 613 138 49 åligger

373 677 61 35 det
473 676 56 35 till
570 675 89 48 följd
698 674 104 36 häraf
838 672 229 49 fullmäktige
1101 674 55 34 att
1183 671 196 48 behörigen
1408 667 276 39 tillhandahålla
1712 668 67 36 och
1807 667 160 37 utbetala

372 730 96 35 hvad
509 729 140 49 Kungl.
689 729 112 46 Maj:t
843 728 70 34 kan
956 727 147 35 komma
1145 727 54 34 att
1242 724 40 36 af
1321 724 156 35 nämnda
1515 723 133 48 belopp
1682 723 56 34 för
1765 721 203 36 ändamålet

372 796 134 25 anvisa.

1115 870 19 49 $
1164 871 62 36 21.

480 964 73 36 Till
582 962 235 48 fortsättning
845 960 40 38 af
911 961 210 36 statsbanan
1148 959 81 37 från
1263 957 185 49 Göteborg
1480 957 60 36 till
1567 955 91 38 Skee
1686 956 67 36 har
1786 957 99 36 1904
1914 954 57 37 års

374 1018 164 49 Riksdag
565 1016 57 38 för
650 1016 40 37 år
722 1018 97 37 1905
850 1016 151 49 beviljat
1028 1015 66 36 och
1124 1014 59 36 till
1207 1012 181 50 utgående
1416 1010 82 38 från
1525 1011 349 48 riksgäldskontoret
1909 1022 62 23 an-

378 1074 94 35 visat
500 1073 207 45 4,000,000
736 1071 146 44 kronor,
913 1075 55 30 att
996 1069 116 49 enligt
1140 1068 136 49 Kungl.
1307 1067 118 48 Maj:ts
1453 1066 214 48 disposition
1695 1065 190 36 utbetalas.

1117 1213 23 47 8
1170 1213 60 35 22.

482 1306 210 48 Riksdagen
718 1305 68 36 har
814 1303 38 37 år
884 1305 99 36 1904
1012 1302 237 50 bemyndigat
1280 1300 349 49 riksgäldskontoret
1657 1301 54 34 att
1739 1299 37 35 af
1803 1297 62 37 det
1892 1298 82 35 utaf

381 1362 99 36 1903
529 1359 56 37 års
626 1359 162 49 Riksdag
828 1357 58 37 för
914 1358 221 48 anläggning
1177 1357 36 35 af
1249 1356 92 35 vissa
1376 1354 231 36 interurbana
1644 1351 331 48 telefonledningar

378 1414 177 50 beviljade
592 1414 146 48 belopp,
781 1413 208 44 2,759,400
1031 1412 149 43 kronor,
1217 1408 116 37 såsom
1360 1408 60 36 lån
1448 1405 274 38 tillhandahålla
1749 1404 226 50 telegrafsty-

379 1470 116 35 relsen
537 1468 116 36 under
692 1467 41 36 år
768 1469 114 42 1904,
912 1464 143 38 utöfver
1083 1464 97 37 förut
1207 1463 58 36 för
1292 1464 65 35 sist
1384 1462 156 35 nämnda
1568 1461 42 36 år
1638 1460 169 37 anvisade
1835 1460 140 35 lånebe-

379 1525 88 47 lopp
511 1523 165 43 600,000
719 1523 143 43 kronor,
905 1520 215 49 ytterligare
1163 1519 167 43 420,000
1374 1517 134 35 kronor
1549 1515 67 36 och
1658 1514 116 36 under
1802 1513 40 37 år
1872 1515 100 36 1905

383 1578 205 44 1,039,400
631 1576 147 43 kronor,
819 1577 53 33 att
912 1575 57 35 till
1011 1572 191 37 utförande
1244 1570 37 37 af
1313 1571 82 35 dem
1429 1569 111 37 bland
1569 1570 150 35 berörda
1746 1569 230 35 interurbana

379 1630 336 48 telefonledningar,
748 1642 79 23 som
856 1628 140 49 Kungl.
1027 1628 105 46 Maj:t
1159 1627 116 35 finner
1303 1625 133 48 skäligt
1463 1625 209 42 bestämma,
1702 1624 12 34 i
1742 1621 84 37 mån
1855 1623 36 35 af
1920 1623 56 35 be-

380 1683 68 38 hof
487 1685 67 36 och
588 1684 107 36 sedan
725 1683 99 36 detta
851 1681 59 37 för
936 1682 127 48 hvarje
1092 1680 95 49 gång
1215 1678 123 38 blifvit
1365 1677 40 37 af
1430 1677 134 49 Kungl
1593 1678 106 48 Maj:t
1728 1675 183 51 pröfvadt,
1939 1674 39 51 af

380 1737 329 49 telegrafstyrelsen
737 1738 13 34 i
779 1736 352 49 riksgäldskontoret
1170 1735 110 48 lyftas
1322 1734 67 34 och
1428 1733 113 46 jämte
1575 1735 116 40 ränta,
1721 1729 254 37 motsvarande

381 1793 71 36 den
494 1791 228 49 ränteutgift,
763 1803 75 24 som
872 1803 131 36 genom
1036 1788 155 37 berörda
1218 1788 150 47 belopps
1397 1785 304 37 öfverlämnande
1728 1785 55 36 till
1810 1782 166 50 telegraf-

381 1847 177 49 styrelsen
587 1844 201 37 förorsakas
817 1843 358 49 riksgäldskontoret,
1202 1842 100 35 inom
1330 1842 108 46 tjugu
1467 1838 40 36 år
1534 1838 83 36 från
1646 1837 112 37 första
1782 1837 194 50 lyftnings-

382 1901 115 48 dagen
539 1898 199 49 återgäldas
779 1898 152 36 medelst
968 1896 278 47 afbetalningar,
1273 1895 13 34 i
1314 1894 68 35 den
1416 1892 82 36 mån
1532 1891 296 50 telegrafverkets
1857 1891 120 36 medel

384 1955 121 35 därtill
530 1954 123 35 lämna
680 1951 164 51 tillgång,
872 1952 93 36 dock
993 1950 38 37 så
1058 1953 55 34 att
1136 1950 123 49 dylika
1282 1947 266 49 afbetalningar
1562 1947 86 35 böra
1667 1959 45 23 en
1730 1944 131 37 månad
1879 1944 98 37 förut

380 2008 42 36 af
446 2006 332 51 telegrafstyrelsen
807 2005 55 37 för
891 2004 352 50 riksgäldskontoret
1270 1999 310 51 tillkännagifvas.
