1900 2852
454 171 127 32 Första
611 172 254 36 lagutskottets
895 172 188 32 utlåtande
1111 173 52 31 Nr
1187 173 50 29 37.
1539 182 17 19 5

98 247 95 31 mom
212 248 177 30 nämnden
411 248 58 31 det
490 249 100 30 antal
611 250 249 32 nämndemin,
881 259 74 21 som
977 249 114 31 skulle
1113 253 96 28 utses
1232 251 54 30 för
1309 251 205 35 tingslaget,
1536 251 62 30 all-

95 299 55 31 tid
177 298 107 32 borde
309 300 114 31 sättas
451 299 34 36 ej
510 299 201 37 obetydligt
739 301 107 35 högre
873 303 47 28 än
948 301 57 31 det
1035 301 160 31 domföra
1226 302 146 30 antalet.
1421 302 65 30 Till
1518 303 78 30 sist-

96 351 158 30 nämnda
274 350 145 36 mening
441 351 117 31 anslöt
578 351 55 36 sig
654 354 89 29 även
765 351 202 36 riksdagen.

135 428 74 30 Där
236 429 328 31 nämndemännens
591 430 100 31 antal
720 430 9 30 i
756 440 43 21 en
825 431 64 30 och
917 440 137 21 samma
1082 431 179 31 domkrets
1289 432 197 36 överstiger
1514 433 84 35 tolv,

95 478 183 32 erfordras
304 480 286 37 uppenbarligen
616 491 44 21 en
684 481 203 37 fördelning
915 493 45 20 av
986 482 291 37 tjänstgöringen
1303 483 63 32 vid
1392 484 206 31 häradsrät-

96 534 60 27 ten
173 532 311 31 nämndemännen
502 532 161 32 emellan.
703 534 125 36 Enligt
847 534 258 32 förutnämnda
1123 535 17 30 9
1160 533 18 37 $
1198 535 114 31 andra
1330 536 139 35 stycket
1488 536 12 30 i
1519 537 79 31 1872

95 584 60 29 års
177 582 211 39 förordning
409 584 219 31 tillkommer
651 585 58 31 det
731 586 12 30 i
765 586 291 37 sammanslagna
1078 586 161 37 tingslag
1260 587 337 37 häradshövdingen

95 635 54 31 att
173 635 94 30 efter
290 636 144 30 samråd
456 636 80 31 med
560 637 180 31 nämnden
763 638 198 30 verkställa
985 638 113 31 sådan
1120 638 215 37 fördelning.
1380 638 218 39 Fördelning

95 696 45 21 av
180 687 328 31 nämndemännens
549 688 244 36 tjänstgöring
834 689 65 31 har
940 689 199 32 emellertid
1181 690 10 30 i
1232 691 73 30 viss
1348 691 250 36 utsträckning

95 738 202 36 tillämpats
321 741 93 29 även
437 739 13 31 i
474 739 136 32 sådana
633 740 169 37 tingslag,
827 741 64 31 där
916 741 330 31 nämndemännens
1272 743 101 30 antal
1397 743 78 31 icke
1500 746 97 28 över-

96 789 103 37 stigit
221 790 73 31 tolv
316 800 83 22 men
419 791 58 31 det
499 792 137 30 ansetts
656 792 155 37 onödigt,
833 793 54 30 att
908 792 73 31 alla
1001 793 312 32 nämndemännen
1334 794 114 31 skulle
1470 795 127 36 tjänst-

98 843 87 35 göra
205 842 196 36 samtidigt.
441 842 124 37 Några
585 843 267 32 bestämmelser
873 854 57 21 om
949 854 80 21 vem
1050 846 120 30 rätten
1192 846 52 30 att
1266 846 197 31 verkställa
1480 856 44 21 en
1547 848 50 29 så-

97 893 71 31 dan
188 893 206 38 fördelning
414 894 209 37 tillkomme,
645 895 121 31 finnas
786 896 88 30 dock
893 896 45 36 ej.

137 944 45 37 Ej
203 945 111 31 heller
336 945 121 31 finnas
477 946 266 31 bestämmelser
763 947 70 31 hur
853 947 251 37 fördelningen
1123 949 92 30 skall
1235 952 67 33 äga
1324 960 89 20 rum.
1455 950 143 36 Mycket

97 996 183 32 skiftande
299 997 183 37 principer
502 998 47 30 ha
570 1000 91 29 även
680 999 200 36 tillämpats
901 999 12 30 i
933 999 96 31 olika
1051 1000 197 37 domsagor,
1269 1003 152 29 varöver
1444 1002 8 29 i
1475 1012 123 26 propo-

99 1047 155 32 sitionen
273 1049 140 30 lämnas
432 1059 45 21 en
496 1049 154 37 utförlig
669 1050 231 36 redogörelse.

137 1124 147 36 Frågan
306 1135 57 20 om
385 1125 330 32 nämndemännens
737 1126 244 38 tjänstgöring
1005 1128 67 31 har
1095 1129 47 36 på
1165 1138 125 21 senare
1314 1129 54 32 tid
1392 1130 123 36 bragts
1539 1140 62 21 un-

98 1176 62 31 der
181 1176 135 36 Kungl.
339 1176 129 37 Maj:ts
490 1178 251 36 övervägande
761 1178 147 32 särskilt
931 1187 128 28 genom
1079 1180 205 37 yttranden,
1306 1191 76 21 som
1404 1181 91 32 Svea
1518 1181 82 32 hov-

97 1228 75 31 rätt
197 1227 68 32 den
288 1228 38 31 19
350 1229 198 36 september
571 1229 79 31 1926
674 1231 64 30 och
761 1230 67 31 den
851 1231 39 31 27
913 1230 148 37 januari
1083 1231 79 32 1927
1186 1232 141 36 avgivit
1351 1233 153 32 rörande
1529 1234 72 31 frå-

98 1287 71 29 gan
200 1289 56 21 om
287 1281 117 30 tätare
434 1280 393 37 tingssammanträden
857 1283 12 30 i
900 1282 308 32 häradsrätterna.
1260 1285 18 30 I
1309 1285 58 31 det
1399 1285 100 31 förra
1530 1287 69 35 ytt-

97 1331 130 32 randet
248 1332 151 32 anförde
421 1332 192 32 hovrätten
634 1333 111 32 bland
766 1335 125 30 annat:

138 1391 67 32 Om
226 1401 85 21 man
331 1392 33 36 ej
389 1392 85 31 ville
494 1393 205 36 vedervåga
722 1395 197 31 nämndens
943 1397 210 30 nuvarande
1177 1396 175 37 ställning
1375 1398 65 31 och
1464 1398 137 32 utsätta

97 1435 56 36 sig
181 1435 56 31 för
264 1435 122 31 risken
413 1438 55 29 att
494 1437 312 32 nämndemännen
833 1438 195 36 nedsjönke
1056 1439 58 31 till
1141 1440 51 31 ett
1220 1441 97 35 slags
1343 1441 258 36 betydelselösa

97 1478 251 37 tingsvittnen,
371 1479 107 32 borde
501 1480 58 32 det
581 1480 124 36 tillses,
727 1482 53 30 att
803 1482 128 31 hinder
953 1482 34 36 ej
1009 1483 110 30 mötte
1142 1483 55 31 för
1219 1484 130 31 sådant
1371 1484 230 32 anordnande

97 1533 47 20 av
164 1523 198 31 nämndens
384 1523 255 37 tjänstgöring,
660 1526 54 30 att
736 1524 31 35 1)
792 1525 62 31 vid
872 1525 275 37 handläggning
1168 1537 46 20 av
1234 1529 81 29 vart
1336 1528 65 30 och
1421 1529 50 30 ett
1491 1538 47 21 av
1559 1529 42 31 de

96 1565 181 32 särskilda
298 1567 120 30 målen
439 1567 65 30 och
526 1568 181 30 ärendena
729 1568 12 30 i
763 1568 178 32 nämnden
963 1570 95 30 sutte
1080 1570 196 31 ledamöter
1298 1571 81 31 med
1401 1571 200 32 känredom

97 1619 57 21 om
178 1610 42 30 de
245 1609 119 31 lokala
389 1610 64 31 och
478 1611 206 36 personliga
709 1611 261 37 förhållanden,
995 1622 76 21 som
1095 1613 119 31 kunde
1239 1624 88 21 vara
1352 1625 45 20 av
1420 1615 180 37 betydelse

97 1653 57 30 för
175 1652 98 32 detta
290 1653 91 31 måls
401 1653 85 31 eller
505 1655 150 31 ärendes
676 1654 229 38 behandling,
925 1656 93 31 samt
1037 1654 33 37 2)
1093 1656 12 31 i
1126 1656 91 31 måls
1237 1657 86 31 eller
1344 1659 148 31 ärendes
1513 1659 87 31 fort-

96 1696 96 31 satta
210 1696 273 37 handläggning
502 1697 138 37 deltoge
659 1708 135 22 samma
812 1699 249 34 nämndemän,
1080 1710 75 20 som
1174 1700 98 31 förut
1289 1701 183 32 övervarit
1490 1702 110 32 hand-

96 1739 230 37 läggningen.

136 1807 18 30 I
176 1807 187 36 yttrandet
386 1808 67 31 den
475 1809 39 30 27
535 1809 149 36 januari
704 1810 77 30 1927
804 1810 172 32 betonade
996 1811 193 32 hovrätten
1213 1812 123 31 vikten
1357 1823 45 20 av
1425 1813 67 31 vad
1516 1814 83 30 hov-

96 1859 120 31 rätten
237 1859 12 31 i
271 1860 64 31 sitt
355 1860 157 36 tidigare
533 1861 171 36 yttrande
726 1862 202 31 framhållit
950 1864 93 30 samt
1065 1863 151 32 anförde
1239 1864 138 31 vidare:

135 1919 145 36 Ansåge
303 1930 94 26 man,
420 1921 12 30 i
455 1921 114 32 likhet
591 1922 81 31 med
695 1922 201 37 hovrätten,
919 1924 54 30 att
996 1924 51 30 ett
1069 1923 242 36 försvagande
1333 1935 46 21 av
1402 1926 197 31 nämndens

95 1963 142 35 sakliga
259 1963 206 37 kompetens
490 1964 65 31 och
579 1965 198 32 auktoritet
802 1965 173 31 innebure
1002 1976 44 21 en
1072 1967 178 37 väsentlig
1277 1967 131 32 förlust
1435 1968 56 31 för
1518 1969 81 31 vårt

96 2007 332 36 rättegångsväsen,
456 2017 82 21 vore
566 2008 58 31 det
651 2008 199 37 angeläget,
877 2010 55 30 att
957 2010 198 31 nämndens
1182 2010 175 37 ställning
1383 2011 77 31 icke
1487 2013 111 30 sattes

95 2050 46 35 på
170 2050 75 36 spel
276 2058 125 28 genom
431 2060 44 21 en
503 2051 205 37 fördelning
739 2062 44 20 av
813 2052 329 32 nämndemännens
1173 2053 255 38 tjänstgöring,
1458 2065 76 21 som
1564 2056 33 35 ej

95 2097 80 32 toge
204 2093 91 31 sikte
324 2095 46 34 på
399 2094 41 31 de
469 2104 47 20 av
544 2094 192 32 hovrätten
764 2095 221 31 framhållna
1014 2097 364 36 omständigheterna.
1428 2098 170 32 Erfaren-

96 2137 105 31 heten
228 2137 124 31 visade
381 2137 210 37 emellertid,
618 2140 55 29 att
703 2139 97 31 detta
831 2139 227 31 förhållande
1088 2140 200 36 ingalunda
1317 2142 151 31 överallt
1499 2142 98 32 stode

95 2180 96 31 klart
214 2180 56 31 för
294 2180 90 36 dem,
406 2191 75 20 som
504 2180 184 33 bestämde
711 2191 56 21 om
790 2182 569 38 nämndemanstjänstgöringens
1383 2185 214 36 fördelning.

95 2222 203 38 Hovrätten
323 2224 165 31 erinrade
511 2234 57 20 om
592 2225 54 30 att
672 2225 420 35 processkommissionen
1117 2227 12 30 i
1155 2227 63 30 sitt
1244 2227 225 32 betänkande
1494 2229 104 36 påpe-

97 2266 61 30 kat
189 2285 39 3 —
262 2267 78 30 med
374 2266 267 32 framhållande
674 2268 171 30 hurusom
878 2269 198 31 nämndens
1110 2269 181 36 betydelse
1323 2272 274 34 mångenstädes

95 2308 149 32 kommit
264 2310 54 30 att
339 2309 189 35 försvagas
548 2309 12 30 i
579 2311 173 30 samband
773 2312 80 30 med
872 2311 333 36 sammanslagning
1227 2323 45 20 av
1294 2313 158 36 tingslag
1473 2333 40 3 —
1533 2315 64 34 att,

94 2352 128 30 medan
243 2352 328 31 nämndemännens
593 2354 101 29 antal
715 2354 91 30 efter
828 2363 43 21 en
894 2354 332 37 sammanslagning
1251 2356 169 35 vanligen
1443 2356 154 32 bibehål-

94 2394 60 32 lits
178 2394 222 37 oförändrat,
422 2405 40 20 en
486 2396 114 30 sådan
623 2396 326 36 arbetsfördelning
972 2397 133 31 mellan
1129 2398 80 31 dem
1232 2399 77 30 icke
1333 2400 116 30 sällan
1472 2399 125 36 gjorts,

94 2439 53 30 att
168 2437 12 31 i
200 2437 198 32 allmänhet
417 2438 217 32 åtminstone
655 2439 41 30 de
717 2439 106 31 flesta
842 2450 45 20 av
906 2440 41 30 de
968 2440 61 31 vid
1046 2441 52 31 ett
1117 2440 90 31 måls
1227 2442 223 31 avdömande
1470 2442 126 36 tjänst-

94 2481 156 36 görande
275 2482 307 29 nämndemännen
610 2481 77 30 icke
713 2492 97 21 mera
834 2485 42 27 än
904 2482 113 31 delvis
1042 2484 184 30 övervarit
1250 2484 127 31 målets
1402 2485 195 37 handlägg-

1626 431 193 33 Fördelningen

1632 473 33 19 av
1685 466 125 28 nämnde-

1664 501 130 28 männens

1630 536 190 33 tjänstgöring.

1624 1136 61 20 Svea
1706 1135 111 21 hovrätt.
