2232 2644
498 191 104 29 Andra
626 191 201 30 Kammarens
853 193 161 38 Tillfälliga
1043 194 127 30 Utskotts
1194 194 69 39 (N:o
1289 196 32 38 3)
1350 196 154 30 Utlåtande
1528 197 59 30 N:o
1611 198 28 29 9.
1850 198 18 31 5

271 270 158 47 stämpel
457 268 58 37 för
544 270 54 36 sin
626 271 222 48 expedition,
876 278 94 30 samt
998 273 139 45 derom,
1167 279 55 30 att
1250 287 44 23 en
1323 273 188 51 fastighets
1535 281 114 32 större
1668 278 91 35 eller
1779 279 90 35 min-

273 324 63 34 dre
365 324 110 35 värde
504 324 81 36 icke
611 331 143 30 ensamt
785 326 110 35 borde
924 325 188 38 föranleda
1142 328 274 37 bestämmelser
1444 342 60 23 om
1535 331 100 35 olika
1658 330 210 38 förfarande

270 377 71 36 och
369 378 301 48 expeditionssätt
696 379 63 36 vid
789 379 146 48 lagfart.

380 429 82 46 Om,
486 434 117 33 såsom
633 435 178 33 utskottet
839 434 68 35 vill
937 434 144 45 betona,
1112 434 68 36 den
1200 434 213 50 ifrågasatta
1433 435 259 51 förändringen
1712 440 155 35 rörande

270 484 332 48 expeditionslösen
630 487 11 33 i
671 486 215 36 hithörande
910 486 69 37 fall
1007 488 130 35 endast
1165 490 147 35 komme
1341 495 55 30 att
1414 489 73 37 afse
1508 491 168 48 delegare
1696 494 10 33 i
1728 493 140 36 dödsbo

272 538 84 35 med
397 538 201 49 tillgångar
631 540 11 34 i
669 539 176 49 fastighet
872 541 57 35 till
956 540 266 49 jemförelsevis
1243 543 211 49 obetydligt
1482 545 121 44 värde,
1634 546 103 36 torde
1768 547 99 49 bety-

271 591 122 36 delsen
436 592 40 35 af
501 591 253 37 förstnämnda
783 595 245 48 anmärkning
1052 594 196 46 försvinna,
1278 597 91 35 helst
1397 610 43 22 en
1471 598 163 49 lindring
1662 600 9 34 i
1702 595 165 57 lagfarts-

271 646 243 35 kostnaderna
543 647 61 35 vid
634 647 247 36 innevarande
908 649 148 48 riksdag
1087 649 177 36 beslutats
1292 649 82 44 för,
1390 651 113 35 bland
1529 652 124 44 andra,
1673 654 137 49 köpare
1830 654 40 36 af

270 699 144 35 mindre
451 699 427 50 jordbruksfastigheter,
922 702 211 49 derigenom
1176 709 55 30 att
1260 705 61 34 vid
1350 703 137 50 lagfart
1515 705 21 36 å
1564 706 133 36 sådana
1725 708 60 35 till
1815 714 52 30 ett

268 753 124 44 värde,
421 753 283 49 understigande
734 757 76 35 400
841 755 145 45 kronor,
1017 757 344 49 protokollsutdrag
1385 758 104 36 öfver
1509 760 181 48 lagfarten
1710 774 156 23 numera

269 806 121 36 skulle
424 806 117 37 blifva
576 807 248 49 stämpelfritt.
880 808 108 37 Hvad
1019 811 69 34 den
1116 823 126 22 senare
1271 813 288 47 anmärkningen
1590 814 181 45 beträffar,
1799 816 67 35 vill

269 860 177 36 utskottet
473 861 130 35 endast
622 860 209 47 framhålla,
853 869 53 29 att
926 864 381 49 billighetshänsynen
1328 866 102 35 torde
1449 867 90 35 böra
1558 874 103 41 göras
1680 869 184 47 gällande,

268 913 65 35 der
361 914 224 44 densamma,
616 915 114 35 såsom
760 915 76 44 här,
864 916 72 36 kan
964 917 265 49 tillgodogöras
1259 924 87 30 utan
1371 918 264 51 äfventyrande
1660 921 40 36 af
1730 928 135 30 statens

267 967 92 35 eller
386 968 68 35 den
484 968 181 36 enskildes
692 970 150 35 intresse
870 971 88 34 eller
986 976 83 31 rätt.

374 1020 16 36 I
431 1022 148 48 analogi
623 1023 82 35 med
745 1023 218 48 stadgandet
1005 1025 11 34 i
1060 1025 122 49 kongl.
1225 1025 262 49 förordningen
1528 1027 67 36 den
1636 1030 43 35 16
1709 1029 156 36 oktober

271 1074 91 37 1891
415 1074 186 49 angående
643 1076 309 49 stämpelafgifter
994 1078 139 45 derom,
1163 1085 54 29 att
1246 1080 186 47 protokoll
1462 1080 187 48 angående
1679 1082 138 49 lagfart
1845 1086 20 33 å

266 1126 89 51 fång
396 1129 59 35 till
498 1128 74 38 fast
611 1130 178 47 egendom
834 1144 130 35 genom
1008 1131 170 50 giftorätt
1206 1134 91 35 eller
1327 1133 59 35 arf
1407 1141 38 28 är
1473 1133 82 37 fritt
1583 1134 82 37 från
1693 1138 169 47 stämpel,

267 1181 65 35 der
359 1182 322 49 taxeringsvärdet
709 1183 19 35 å
757 1184 70 35 den
856 1185 192 48 egendom,
1079 1186 111 35 hvarå
1218 1186 141 48 lagfart
1386 1188 114 43 sökes,
1531 1189 78 35 icke
1639 1190 142 48 uppgår
1805 1192 58 35 till

270 1237 110 40 1,000
410 1236 146 44 kronor,
584 1249 105 36 synes
717 1238 179 35 utskottet
925 1239 70 35 den
1024 1238 213 49 ifrågasatta
1268 1241 205 47 lindringen
1505 1242 10 34 i
1536 1243 327 47 expeditionslösen

265 1288 11 34 i
306 1288 217 36 hithörande
559 1288 69 37 fall
656 1290 79 35 icke
766 1291 89 35 böra
883 1293 144 34 sträcka
1055 1293 54 48 sig
1138 1294 124 46 längre
1292 1301 45 28 än
1365 1295 57 34 till
1451 1295 44 35 de
1525 1294 80 46 fall,
1634 1296 63 36 der
1725 1297 139 49 lagfart

264 1342 103 35 sökes
394 1341 21 36 å
443 1343 190 48 egendom,
663 1356 77 23 som
770 1345 31 47 ej
827 1345 12 34 i
868 1346 111 35 värde
1009 1345 143 50 uppgår
1179 1348 58 34 till
1273 1349 110 42 1,000
1414 1349 165 35 kronor.»

369 1448 201 44 Utskottet,
614 1463 74 23 som
728 1452 60 34 till
834 1453 70 34 ella
939 1452 104 36 delar
1072 1454 159 34 ansluter
1260 1454 55 48 sig
1343 1454 59 35 till
1430 1455 98 35 detta
1561 1457 202 43 uttalande,
1794 1458 68 35 vill

262 1502 121 35 tillika
407 1504 131 39 erinra,
568 1509 54 29 att
651 1505 95 35 hvad
777 1518 76 23 som
885 1506 61 35 vid
976 1505 217 50 föregående
1223 1508 149 48 riksdag
1402 1509 99 35 inom
1533 1509 124 36 Första
1688 1511 169 37 Kamma-

262 1568 82 23 rens
373 1556 113 35 andra
515 1556 188 50 tillfälliga
734 1560 140 34 utskott
898 1560 60 35 vid
990 1560 270 49 behandlingen
1288 1560 39 36 af
1346 1563 245 35 motionärens
1610 1563 251 50 föreliggande

261 1608 148 50 förslag,
434 1610 115 36 såsom
579 1612 77 34 stöd
686 1611 58 36 för
773 1618 52 29 ett
854 1612 237 50 afstyrkande
1121 1614 190 36 utlåtande
1344 1615 69 48 (n:o
1447 1617 71 46 12),
1549 1617 139 36 anförts
1718 1618 140 44 derom,

260 1668 55 29 att
357 1663 69 35 den
469 1663 213 48 ifrågasatta
724 1664 261 50 förändringen
1031 1668 54 34 uti
1119 1668 330 47 expeditionslösen
1486 1671 120 35 skulle
1635 1671 11 34 i
1675 1672 71 34 viss
1775 1672 82 35 mån

261 1716 148 35 komma
447 1722 54 30 att
544 1718 151 35 inverka
738 1719 46 48 på
826 1725 108 29 sättet
978 1720 57 35 för
1079 1720 355 48 lagfartsböckernas
1477 1722 163 46 förande,
1680 1725 107 35 torde
1824 1725 37 35 få

260 1782 101 23 anses
391 1769 109 36 hafva
531 1770 127 37 blifvit
688 1772 140 36 bemött
856 1786 132 35 genom
1017 1773 109 36 ofvan
1156 1774 205 48 åberopade
1391 1777 204 35 uttalande.

366 1875 50 36 På
444 1877 122 48 grund
595 1876 40 37 af
662 1878 95 36 hvad
786 1878 153 36 sålunda
967 1879 151 44 anförts,
1148 1881 210 36 hemställer
1386 1883 189 44 utskottet,

792 1939 55 29 att
889 1933 126 36 Andra
1060 1934 221 36 Kammaren
1321 1934 56 36 för
1418 1937 54 34 sin
1506 1937 59 35 del
1595 1938 173 44 beslutar,
1798 1939 61 35 det

685 1986 208 48 Riksdagen
936 1988 88 34 ville
1053 1987 11 34 i
1093 1987 191 37 skrifvelse
1313 1989 57 34 till
1403 1990 130 48 Kongl.
1564 1991 103 48 Maj:t
1695 1991 163 44 anhålla,

685 2045 54 28 att
783 2039 69 35 den
895 2040 10 34 i
953 2043 38 33 11
1043 2040 17 48 $
1106 2044 19 33 2
1161 2055 111 22 mom.
1303 2041 40 35 af
1370 2043 131 47 Kongl.
1532 2043 116 48 Maj:ts
1676 2044 181 49 förnyade

683 2091 133 48 nådiga
858 2092 214 49 förordning
1113 2094 68 35 den
1223 2098 18 33 7
1288 2095 193 35 december
1528 2099 98 34 1883
1670 2098 186 45 angående

682 2145 343 48 expeditionslösen,
1068 2146 127 36 sådant
1237 2148 103 35 detta
1383 2149 144 47 lagrum
1558 2150 104 47 lyder
1690 2151 9 33 i
1731 2147 123 56 kongl.

683 2198 240 48 kungörelsen
974 2199 68 35 den
1096 2203 43 34 16
1183 2201 194 35 december
1424 2204 110 41 1887,
1577 2201 56 36 för
1673 2204 183 35 sterbhus-

682 2251 169 46 delegare
894 2252 91 35 eller
1029 2259 339 43 testamentstagare
1413 2255 9 34 i
1452 2255 96 35 vissa
1577 2255 65 36 fall
1668 2257 187 47 medgifna

345 2312 67 29 Bih.
438 2312 46 29 till
506 2313 102 29 Riksd.
635 2314 78 29 Prot.
740 2316 89 27 1899.
868 2317 20 27 8
913 2316 92 28 Saml.
1044 2317 20 27 2
1087 2316 68 37 Afd.
1205 2318 21 27 2
1249 2317 98 30 Band.
1397 2321 19 24 8
1441 2319 83 33 Häft.
1789 2319 18 30 2
