1880 2790
250 116 21 28 6
700 116 274 27 Bankoutskottets
998 117 156 27 utlåtande
1176 127 36 17 nr
1235 118 46 25 28.

251 207 75 27 tare
352 205 8 28 i
384 206 212 37 lönegraden
620 206 45 29 Ca
693 207 37 28 13
756 206 79 30 från
862 208 15 27 7
905 207 50 29 till
980 209 19 28 8
1024 211 89 26 samt
1140 208 210 38 indragning
1373 219 42 19 av
1440 209 66 29 den
1533 210 203 29 nuvarande

252 258 153 37 tjänsten
426 258 115 30 såsom
564 260 107 29 förste
692 260 335 30 bankvaktmästare
1050 261 8 28 i
1080 262 211 37 lönegraden
1316 262 45 29 Ca
1388 262 46 29 14.
1458 262 126 29 Vidare
1606 262 131 30 föreslå

252 311 220 39 fullmäktige
489 315 50 26 att
556 313 89 29 vissa
663 313 148 37 tjänster
828 314 97 29 skola
942 313 36 30 få
996 314 161 30 tillsättas
1173 318 84 26 utan
1277 314 211 38 föregående
1506 315 230 39 ansöknings-

252 364 214 36 förfarande,
487 366 175 38 nämligen
681 367 67 29 den
768 367 232 30 förenämnda
1021 367 152 38 tjänsten
1192 377 76 20 som
1286 367 243 31 föreståndare
1549 369 55 29 för
1623 372 113 35 mynt-

252 417 204 39 räkningen,
477 418 153 38 tjänsten
650 429 75 19 som
746 420 109 29 förste
876 420 166 30 chaufför
1062 421 8 28 i
1091 422 213 37 lönegraden
1325 422 44 29 Ca
1396 422 47 33 14,
1465 422 66 29 den
1553 432 89 20 ovan
1664 432 72 20 om-

251 470 174 31 förmälda
443 472 341 38 chaufförstjänsten
806 473 7 29 i
834 473 46 29 Ca
902 474 36 28 12
959 477 90 26 samt
1069 474 513 38 bankvaktmästartjänsterna
1603 475 10 29 i
1634 475 47 30 Ca
1698 477 37 28 12

251 523 55 30 vid
334 524 41 29 de
401 525 39 28 23
466 525 137 30 mindre
629 526 390 38 avdelningskontoren,
1047 527 90 30 dock
1163 528 79 29 med
1269 528 68 29 viss
1365 528 214 30 reservation
1607 529 129 29 beträf-

251 577 107 29 fande
378 578 379 38 avdelningskontoren
779 579 8 29 i
809 579 223 39 Norrköping
1053 581 65 28 och
1139 581 194 29 Sundsvall.

296 630 229 39 Fullmäktige
551 633 10 28 i
584 632 316 37 riksgäldskonoret
925 634 43 29 ha
994 634 72 29 helt
1091 634 144 29 anslutit
1260 634 51 39 sig
1337 634 51 29 till
1412 634 228 31 kommitténs
1667 636 69 29 för-

250 684 74 37 slag
342 684 9 28 i
369 683 97 39 fråga
484 694 57 19 om
559 685 428 39 vaktmästarpersonalen
1005 687 57 29 vid
1081 687 348 38 riksgäldskontoret.
1446 705 43 3 —
1506 688 230 30 Beträffande

250 736 427 39 riksdagsvaktmästarna
699 740 43 28 ha
764 739 220 39 fullmäktige
1007 741 124 29 uttalat
1152 743 59 31 att,
1233 741 87 29 även
1343 750 57 19 om
1420 741 67 29 den
1509 751 42 20 av
1572 741 164 30 kommit-

250 790 58 29 tén
333 791 198 37 föreslagna
553 792 336 38 bottenlönegraden
914 793 117 29 kunde
1056 803 103 28 synas
1184 794 257 37 jämförelsevis
1466 795 77 38 hög,
1571 795 165 29 fullmäk-

250 843 69 39 tige
345 843 74 30 icke
444 845 80 29 ville
550 847 163 28 motsätta
739 846 51 39 sig
816 847 99 29 deras
941 847 179 38 placering
1146 847 9 29 i
1184 849 34 27 11
1248 848 223 38 lönegraden.
1501 847 234 31 Kommitténs

250 897 132 38 förslag
401 897 8 29 i
430 898 111 38 övrigt
560 899 223 30 beträffande
803 900 428 38 vaktmästarpersonalen
1251 901 57 29 vid
1330 901 204 38 riksdagens
1556 901 180 30 ekonomi-

250 949 87 39 byrå
360 950 191 39 tillstyrkas
574 962 43 19 av
639 953 231 38 fullmäktige.
893 971 43 2 —
959 954 11 29 I
994 954 202 38 anslutning
1220 954 118 29 härtill
1361 953 129 31 föreslå
1514 955 221 38 fullmäktige

249 1006 51 26 att
327 1004 65 29 den
418 1003 19 30 å
463 1005 403 39 tryckeriexpeditionen
893 1007 263 38 tjänstgörande
1184 1007 438 39 riksgäldsvaktmästaren
1649 1018 86 29 upp-

250 1057 94 29 föres
368 1056 18 30 å
409 1057 296 40 ekonomibyråns
730 1062 68 27 stat
823 1060 78 29 med
925 1060 259 39 benämningen
1210 1060 208 30 biträdande
1443 1061 292 38 expeditionsför-

250 1119 92 20 man.
366 1110 124 30 Vidare
512 1111 129 30 föreslå
663 1113 220 38 fullmäktige
906 1117 49 26 att
976 1113 45 39 på
1040 1113 297 39 ekonomibyråns
1361 1114 176 30 ordinarie
1559 1118 67 27 stat
1648 1125 87 28 upp-

249 1164 97 29 föras
369 1165 71 29 dels
465 1166 160 38 samtliga
649 1167 211 29 befordrade
885 1167 269 30 icke-ordinarie
1191 1168 355 37 vaktmästartjänster
1571 1169 66 28 och
1663 1169 72 29 dels

249 1215 71 31 åtta
363 1217 353 39 vaktmästartjänster
744 1220 10 28 i
784 1221 336 38 bottenlönegraden
1148 1221 63 28 hos
1241 1220 197 39 riksdagen.
1470 1221 74 29 Den
1573 1222 55 29 för
1657 1222 78 29 när-

248 1271 154 29 varande
431 1272 210 30 vakantsatta
658 1273 339 38 portvaktstjänsten
1015 1274 8 28 i
1040 1275 211 37 lönegraden
1270 1274 47 30 Ca
1334 1275 38 29 10
1390 1273 146 31 föreslås
1555 1275 179 38 indragen.

295 1324 386 38 Riksdagsbibliotekets
699 1326 141 38 styrelse
858 1328 62 28 har
935 1328 174 28 hemställt
1125 1337 56 19 om
1201 1327 236 39 uppflyttning
1454 1338 43 20 av
1513 1328 105 29 förste
1636 1338 98 28 expe-

248 1377 255 31 ditionsvakten
522 1379 62 29 hos
603 1379 358 38 riksdagsbiblioteket
980 1380 49 29 till
1049 1381 207 38 lönegraden
1275 1381 45 29 Ca
1338 1382 37 28 15
1395 1382 65 29 och
1478 1391 42 20 av
1539 1382 40 29 de
1598 1381 136 30 ordina-

250 1430 47 29 rie
314 1432 64 28 och
397 1434 92 27 extra
509 1431 171 31 ordinarie
698 1433 382 38 expeditionsvakterna
1099 1434 49 29 till
1168 1435 208 37 lönegraden
1397 1434 45 30 Ca
1459 1436 35 27 11
1518 1444 85 28 resp.
1625 1434 43 30 Ce
1686 1436 47 28 11.

293 1485 437 30 Justitieombudsmannen
759 1487 65 28 och
852 1486 420 30 militieombudsmannen
1301 1488 45 29 ha
1376 1488 166 38 tillstyrkt
1571 1487 163 30 kommit-

248 1537 76 29 téns
349 1538 129 38 förslag
502 1538 223 30 beträffande
748 1540 412 38 lönegradsplaceringen
1184 1541 55 28 för
1264 1541 470 38 expeditionsvakttjänster-

248 1600 45 20 na
313 1590 56 29 vid
388 1591 147 38 justitie-
556 1602 87 28 resp.
662 1592 641 39 militieombudsmansexpeditionen.

294 1644 269 31 Lönenämnden
584 1646 191 38 tillstyrker
794 1648 41 28 de
857 1648 129 38 förslag
1007 1648 49 30 till
1077 1649 137 38 lösning
1233 1660 42 19 av
1296 1649 124 40 frågan
1440 1661 57 19 om
1518 1652 216 30 bottenlöne-

247 1699 86 36 grad
360 1699 54 29 för
453 1699 291 38 vaktpersonalen,
773 1710 75 19 som
876 1701 181 38 framlagts
1084 1712 42 19 av
1151 1703 229 30 kommitténs
1407 1704 187 38 majoritet,
1622 1706 113 29 under

248 1751 260 31 framhållande
534 1763 42 19 av
600 1756 49 26 att
674 1754 101 29 dessa
802 1755 131 38 förslag
958 1755 106 38 enligt
1088 1756 195 29 nämndens
1310 1758 228 38 uppfattning
1564 1758 170 30 innebure

246 1814 44 20 en
319 1815 40 19 ur
386 1805 92 30 olika
507 1807 218 37 synpunkter
753 1807 144 38 lämplig
924 1808 204 39 avvägning.
1158 1810 276 29 Lönenämnden
1464 1811 154 29 biträder
1646 1812 87 29 även

247 1859 67 28 vad
336 1858 7 29 i
365 1859 238 30 betänkandet
622 1861 135 28 anförts
779 1860 9 29 i
809 1860 99 38 fråga
928 1871 57 19 om
1007 1862 382 38 befordringstjänster.

294 1912 275 30 Lönenämnden
591 1913 63 29 har
676 1913 119 30 vidare
817 1914 171 30 förklarat
1011 1915 51 38 sig
1085 1915 76 29 icke
1185 1916 43 29 ha
1254 1915 105 39 något
1383 1920 48 26 att
1456 1917 103 30 erinra
1596 1921 72 26 mot
1692 1918 41 28 de

246 1974 92 20 ovan
364 1966 235 29 omförmälda
625 1967 177 37 förslagen
828 1977 42 19 av
896 1968 261 30 vederbörande
1184 1969 221 39 fullmäktige
1433 1974 49 26 att
1510 1970 19 30 å
1556 1971 176 29 ordinarie

246 2021 69 27 stat
336 2018 111 30 skulle
466 2019 171 38 uppföras
656 2020 195 37 tjänsterna
873 2019 115 31 såsom
1008 2021 243 30 föreståndare
1273 2023 56 29 för
1349 2024 297 37 mynträkningen
1667 2025 65 28 och

246 2081 77 20 som
349 2072 165 29 chaufför
543 2072 58 38 (Ca
618 2074 49 36 12)
697 2073 57 29 vid
779 2073 234 31 riksbankens
1040 2075 251 30 huvudkontor
1317 2080 90 26 samt
1433 2086 43 20 av
1515 2077 217 30 vaktmästar-

246 2124 196 38 tjänsterna
467 2125 57 29 vid
550 2126 204 38 riksdagens
781 2127 255 39 ekonomibyrå
1060 2128 72 29 dels
1160 2129 161 38 samtliga
1349 2130 210 30 befordrade
1585 2130 148 38 tjänster

246 2178 68 29 och
337 2178 72 29 dels
432 2178 49 29 tio
505 2178 148 38 tjänster
677 2179 8 29 i
710 2180 346 39 bottenlönegraden,
1082 2191 42 19 av
1149 2181 91 30 vilka
1266 2181 58 30 två
1348 2183 61 28 äro
1434 2184 150 29 avsedda
1610 2184 56 29 för
1691 2184 41 29 de

246 2230 209 31 biträdande
475 2232 357 38 postvaktmästarna.

292 2284 52 29 En
362 2294 42 20 av
419 2285 277 30 lönenämndens
711 2286 194 30 ledamöter
924 2286 93 38 (herr
1032 2287 169 39 Sommar)
1223 2289 65 28 har
1303 2288 140 30 anslutit
1460 2288 50 39 sig
1526 2290 49 28 till
1592 2290 55 29 det
1663 2291 69 29 sär-

246 2336 114 31 skilda
379 2338 159 38 yttrande
557 2347 42 20 av
618 2339 78 29 herr
717 2339 162 39 Kollberg
896 2340 12 30 i
927 2339 99 40 fråga
1045 2350 58 20 om
1123 2341 284 39 bottenlönegrad
1428 2341 53 30 för
1504 2342 228 31 riksbankens

245 2391 67 29 och
330 2391 347 38 riksgäldskontorets
697 2393 242 34 vaktmästare,
961 2403 74 20 som
1054 2393 112 39 fogats
1184 2394 57 30 vid
1261 2395 221 30 kommitténs
1503 2396 228 30 betänkande.
