1873 2830
257 183 40 30 74
556 179 124 40 Tredje
702 177 245 41 lagutskottets
970 173 179 31 utlåtande
1170 181 43 22 nr
1233 174 41 29 35
1296 172 39 30 år
1358 170 83 31 1970

258 274 57 21 ras
336 264 139 40 mycket
496 262 117 31 enkelt
634 261 65 30 och
720 259 187 31 rationellt.
929 258 175 30 Eftersom
1127 256 41 30 de
1189 254 163 31 tekniska
1375 254 164 29 arbetena
1560 252 70 30 kan
1653 260 89 21 samn-

257 320 128 31 ordnas
404 319 79 30 med
502 317 245 31 motsvarande
765 316 142 30 arbeten
924 314 57 30 vid
998 312 303 41 planläggningen,
1319 310 62 30 bör
1398 308 257 39 förrättningen
1672 307 71 29 inte

258 373 160 31 medföra
442 372 105 40 något
572 370 255 34 dubbelarbete,
854 377 56 21 om
936 367 67 30 den
1029 367 37 29 är
1092 365 122 39 riktigt
1239 363 164 41 upplagd.
1429 363 186 29 Dessutom
1642 360 100 30 faller

259 429 56 30 det
340 427 200 30 nuvarande
567 426 119 30 kravet
712 424 45 38 på
782 421 243 38 tomtmätning
1050 421 87 29 bort.
1164 419 99 30 Detta
1289 417 142 38 betyder
1457 418 49 28 att
1532 416 105 37 steget
1664 414 78 30 från

260 479 479 43 fastighetsbildningsbeslut
765 477 52 31 till
844 475 224 41 registrering
1095 474 70 30 kan
1191 473 49 31 bli
1266 472 140 40 mycket
1432 471 80 29 kort
1537 470 59 30 vid
1623 468 120 39 fastig-

259 536 234 38 hetsbildning
520 535 94 30 inom
643 532 187 39 stadsplan.
857 531 48 30 De
932 529 174 39 uppgifter
1134 537 74 21 som
1235 527 88 30 skall
1350 526 134 30 införas
1511 525 10 29 i
1549 523 195 38 fastighets-

258 591 157 39 registret
441 588 254 32 sammanställs
720 597 42 20 av
787 581 604 43 fastighetsbildningsmyndigheten
1416 580 65 30 och
1505 579 114 38 någon
1644 578 100 30 efter-

261 645 154 31 kontroll
449 653 42 21 av
525 642 258 40 förrätlningen
808 641 131 30 företas
964 639 71 30 inte
1060 638 12 30 i
1097 637 132 31 sådana
1254 636 72 30 fall.
1361 634 117 40 Enligt
1504 633 74 30 min
1603 632 142 39 mening

261 700 133 37 skjuter
412 699 152 30 kritiken
584 698 81 29 över
683 696 104 30 målet
806 696 63 29 när
889 694 55 30 det
963 692 116 39 påstås
1099 694 48 28 att
1167 688 446 39 förrättningsförfarandet
1634 686 110 30 skulle

258 755 49 30 bli
333 754 119 31 alltför
477 754 158 38 tungrott
660 751 58 30 vid
743 747 346 42 fastighetsbildning
1114 747 95 30 inom
1237 745 192 40 stadsplan.
1456 744 65 29 Det
1547 742 197 39 föreslagna

260 808 220 32 förfarandet
504 807 98 30 torde
626 805 165 41 generellt
816 805 66 29 sett
905 802 169 31 innebära
1096 803 50 28 att
1172 800 108 31 sådan
1305 797 345 40 fastighetsbildning
1674 795 69 30 kan

261 864 60 29 ske
336 863 168 29 snabbare
519 862 43 28 än
577 869 74 21 som
666 860 69 28 f.n.
750 860 37 28 är
801 859 107 28 fallet.

303 917 64 29 Det
394 915 63 30 har
487 913 105 32 också
622 912 108 39 gjorts
760 910 156 40 gällande
947 911 48 29 att
1024 907 347 37 kommittéförslaget
1401 904 110 30 skulle
1540 903 105 31 verka
1676 902 70 30 för-

262 970 170 31 svårande
457 969 45 40 på
527 970 48 29 ett
601 967 189 31 successivt
814 963 253 42 uppbyggande
1093 972 41 21 av
1159 971 43 21 en
1227 960 176 40 fastighet.
1430 960 102 29 Detta
1556 957 190 41 påstående

263 1026 38 29 är
331 1025 69 29 inte
432 1023 127 38 riktigt.
592 1022 13 29 I
637 1020 187 31 allmänhet
855 1020 38 29 är
924 1019 56 30 det
1010 1017 166 30 önskvärt
1206 1017 48 29 att
1287 1014 200 38 fastigheter
1520 1011 226 38 färdigbildas

262 1080 11 29 i
295 1078 151 40 enlighet
468 1077 80 30 med
568 1076 67 30 vad
658 1084 74 21 som
754 1075 64 29 har
841 1075 135 38 angetts
998 1072 11 30 i
1031 1072 138 40 planen.
1193 1070 77 30 S.k.
1292 1068 228 40 ofullgångna
1543 1066 204 39 fastigheter

262 1134 64 29 bör
353 1132 145 30 sålunda
525 1130 182 30 undvikas.
735 1128 120 31 Såsom
882 1126 181 31 framhålls
1089 1125 11 29 i
1127 1124 168 31 samband
1320 1123 79 29 med
1424 1120 254 37 behandlingen
1706 1128 40 20 av

264 1187 41 30 de
335 1187 179 29 allmänna
543 1181 536 43 fastighetsbildningsvillkoren
1109 1179 71 30 kan
1211 1178 57 30 det
1298 1176 193 31 emellertid
1519 1175 12 30 i
1561 1175 94 29 vissa
1685 1173 59 30 fall

263 1251 83 20 vara
377 1239 212 37 nödvändigt
619 1239 49 29 att
699 1237 41 38 gå
772 1236 90 30 fram
893 1234 166 38 etappvis,
1090 1233 65 30 och
1187 1233 112 29 denna
1329 1230 180 37 möjlighet
1542 1228 70 30 står
1643 1227 103 31 också

263 1296 123 39 öppen.
411 1295 49 29 De
484 1293 141 30 enheter
649 1301 74 21 som
747 1290 112 31 bildas
883 1289 44 41 på
951 1289 94 30 detta
1069 1288 68 30 sätt
1160 1287 66 30 blir
1250 1294 123 32 genom
1397 1283 258 39 förrättningen
1679 1282 68 29 fas-

264 1349 144 37 tigheter
436 1348 64 30 och
529 1347 87 29 skall
644 1345 211 38 registreras.
883 1343 208 37 Därigenom
1117 1341 201 37 tillgodoses
1347 1337 212 31 önskemålet
1587 1346 57 20 om
1673 1336 76 29 ska-

263 1403 113 40 pande
391 1411 41 21 av
446 1400 309 39 inteckningsbara
768 1398 152 30 enheter.

309 1457 52 29 En
394 1464 118 22 annan
543 1453 216 39 invändning
790 1453 73 29 mot
894 1451 56 30 det
982 1449 199 40 föreslagna
1213 1449 166 39 systemet
1411 1446 38 30 är
1482 1447 50 28 att
1565 1445 95 29 detta
1691 1443 57 31 vid

264 1510 195 31 successiva
480 1509 141 30 förvärv
643 1507 111 30 skulle
775 1506 48 30 bli
845 1506 122 37 dyrare
989 1504 56 30 för
1065 1503 237 37 markägaren.
1323 1501 64 37 Jag
1407 1500 61 30 vill
1489 1500 11 29 i
1523 1497 226 32 förevarande

265 1564 255 38 sammanhang
543 1563 85 29 bara
651 1560 188 31 framhålla
864 1561 50 28 att
938 1559 94 30 detta
1055 1558 38 29 är
1116 1566 43 21 en
1182 1555 181 39 taxefråga
1386 1563 74 21 som
1484 1553 55 30 får
1563 1552 186 39 övervägas

263 1627 131 22 senare.

308 1672 48 30 På
389 1671 110 39 grund
531 1680 41 21 av
605 1670 100 29 dessa
737 1667 261 38 överväganden
1030 1674 101 21 anser
1163 1665 57 37 jag
1253 1663 117 30 starka
1403 1662 75 30 skäl
1510 1661 70 30 tala
1613 1660 55 30 för
1701 1661 49 29 att

265 1726 151 40 lagfästa
442 1724 182 41 principen
650 1732 56 20 om
733 1724 50 28 att
810 1722 46 29 all
882 1718 345 41 fastighetsbildning
1254 1717 89 30 skall
1371 1717 60 29 ske
1458 1723 124 32 genom
1610 1714 140 29 förrätt-

265 1780 93 38 ning.
387 1780 113 29 Därav
530 1777 103 37 följer
662 1776 106 31 också
796 1777 48 28 att
874 1774 194 37 stadsplans
1099 1772 64 31 och
1192 1770 284 37 tomtindelnings
1506 1767 245 38 fastighetsbil-

265 1834 114 30 dande
400 1833 133 30 verkan
555 1832 71 29 inte
648 1831 71 29 kan
742 1829 155 30 behållas
920 1828 10 30 i
955 1828 65 29 den
1043 1836 70 31 nya
1134 1827 111 38 lagen.
1267 1823 331 39 Tomtindelningen
1621 1821 54 30 får
1698 1821 52 29 till

268 1888 89 36 följd
386 1887 109 29 härav
524 1894 42 21 en
596 1893 115 21 annan
741 1883 165 30 karaktär
936 1882 43 29 än
1010 1881 69 29 f.n.
1109 1880 74 30 Den
1212 1878 68 31 blir
1311 1878 131 30 således
1473 1878 46 29 ett
1549 1877 75 29 rent
1654 1875 95 37 plan-

267 1941 149 31 institut.
438 1941 49 29 De
509 1939 117 39 frågor
647 1938 95 30 detta
763 1945 58 32 ger
842 1936 142 40 upphov
1004 1935 52 30 till
1079 1934 54 30 får
1154 1936 54 27 tas
1229 1942 71 30 upp
1322 1933 11 29 i
1355 1931 170 30 samband
1546 1930 80 29 med
1647 1929 104 36 följd-

267 1994 270 39 lagstiftningen.
566 1992 130 30 Därvid
725 1991 54 30 får
809 1990 105 30 också
944 1989 187 37 övervägas
1161 1987 93 30 vilka
1284 1986 168 30 reformer
1481 1985 10 28 i
1521 1983 230 37 förenklings-

266 2049 91 40 syfte
373 2057 73 21 som
461 2048 70 29 kan
546 2047 130 29 företas
690 2044 222 31 beträffande
926 2042 325 39 tomtindelningen.

311 2103 51 30 Av
392 2102 41 30 de
463 2097 506 43 fastighetsbildningsinstitut
1001 2106 74 20 som
1105 2098 54 27 tas
1190 2103 71 32 upp
1292 2094 11 30 i
1334 2093 166 39 förslaget
1530 2092 64 29 har
1626 2091 125 30 främst

268 2155 395 39 fastighetsregleringen
696 2152 166 37 tilldragit
895 2151 51 38 sig
978 2151 146 29 intresse
1156 2149 59 30 vid
1249 2146 388 37 remissbehandlingen.
1671 2144 82 29 Till-

269 2210 194 40 skapandet
492 2218 42 20 av
563 2208 94 30 detta
685 2206 140 30 institut
854 2206 38 29 är
921 2214 42 21 en
992 2214 43 20 av
1063 2204 41 30 de
1133 2205 95 28 stora
1256 2202 193 40 nyheterna
1478 2201 10 29 i
1517 2195 234 48 lagförslaget.

269 2262 364 40 Fastighetsreglering
659 2261 68 30 blir
755 2259 237 37 otvivelaktigt
1019 2260 46 28 ett
1093 2256 282 37 utomordentligt
1401 2254 111 31 medel
1540 2254 55 29 för
1624 2255 47 28 att
1700 2260 53 30 ge-

269 2319 159 30 nomföra
455 2327 42 20 en
523 2316 159 30 rationell
708 2312 361 40 fastighetsindelning
1095 2312 95 29 inom
1216 2310 203 37 jordbruks-
1446 2309 65 30 och
1537 2306 217 39 skogsområ-

269 2374 75 29 den.
367 2372 78 30 Men
470 2370 105 31 också
598 2370 55 29 för
677 2367 288 40 planområdenas
989 2365 267 31 vidkommande
1280 2365 69 29 kan
1372 2372 81 21 man
1477 2362 109 30 räkna
1609 2361 78 30 med
1711 2369 42 21 en

268 2426 193 31 vidsträckt
484 2424 224 39 användning
731 2432 41 20 av
795 2420 377 41 regleringsinstitutet.
1195 2419 67 30 Vid
1284 2416 383 39 remissbehandlingen
1689 2415 64 29 har

270 2481 69 30 viss
370 2480 139 30 misstro
540 2478 141 29 uttalats
711 2478 72 28 mot
812 2476 188 29 institutets
1031 2472 259 32 användbarhet
1320 2472 58 29 vid
1411 2469 268 40 genomförande
1712 2477 41 20 av

270 2535 110 29 större
400 2531 323 40 saneringsprojekt
742 2531 95 28 inom
858 2529 173 29 städerna.
1052 2528 102 29 Detta
1174 2534 57 32 ger
1250 2526 71 39 mig
1341 2524 188 39 anledning
1548 2523 136 40 påpeka
1705 2523 49 28 att

269 2586 204 32 kommittén
497 2585 110 38 aldrig
631 2584 63 30 har
719 2583 90 38 gjort
835 2582 156 38 gällande
1016 2583 48 28 att
1088 2579 359 39 regleringsinstitutet
1473 2577 111 30 skulle
1610 2575 143 37 erbjuda
