1876 2816
287 200 18 27 2
711 197 104 26 Andra
837 196 214 34 lagutskottets
1073 196 158 26 utlåtande
1254 204 36 18 nr
1310 196 27 26 9.

327 286 113 39 Enligt
462 286 67 30 den
551 286 178 29 allmänna
751 286 271 38 semesterlagen,
1046 286 100 37 lagen
1168 285 66 29 den
1256 285 41 29 29
1320 285 75 37 juni
1421 285 83 29 1945
1530 288 59 32 (nr
1611 284 82 36 420)
1718 292 55 21 om

282 343 161 26 semester
472 340 145 36 (ändrad
639 348 122 30 genom
782 340 55 38 lag
859 339 67 30 den
944 340 41 29 29
1007 339 75 38 juni
1105 338 111 38 1946),
1241 339 79 37 äger
1341 338 233 38 arbetstagare
1593 337 45 39 på
1663 337 111 39 grund

283 402 42 20 av
350 393 56 30 det
430 394 124 34 arbete,
583 402 75 21 som
684 393 70 29 han
779 392 110 30 under
914 395 46 26 ett
986 391 206 31 kalenderår
1223 390 325 40 (kvalifikationsår)
1584 390 109 30 utfört
1720 391 54 29 för

283 446 271 39 arbetsgivarens
580 445 158 39 räkning,
763 446 68 29 rätt
854 448 50 27 att
926 454 41 21 av
991 445 111 30 denne
1128 445 131 29 erhålla
1283 447 170 27 semester.
1483 444 168 30 Semester
1675 443 99 39 utgår

283 500 79 29 med
379 509 43 20 en
442 499 66 39 dag
525 499 55 30 för
600 499 96 38 varje
713 498 295 30 kalendermånad
1027 508 43 20 av
1087 497 346 35 kvalifikationsåret,
1454 498 110 29 under
1587 497 115 30 vilken
1722 506 50 21 ar-

283 553 215 38 betstagaren
525 552 55 30 för
602 551 274 39 arbetsgivarens
900 551 147 39 räkning
1071 551 110 30 utfört
1203 551 115 29 arbete
1341 550 20 30 å
1384 550 106 30 minst
1513 554 121 26 sexton
1657 550 116 39 dagar,

283 606 65 30 och
364 606 79 29 med
462 605 196 39 ytterligare
675 615 43 20 en
734 605 81 30 halv
832 605 68 39 dag
915 605 54 30 för
985 605 95 38 varje
1097 604 110 30 sådan
1225 603 137 36 månad,
1383 605 113 29 därest
1516 604 258 39 arbetstagaren

283 659 57 29 vid
360 658 190 31 månadens
572 658 128 39 ingång
723 658 30 39 ej
776 658 78 38 fyllt
876 658 144 30 aderton
1040 657 47 30 år.
1114 658 183 29 Dessutom
1319 658 87 29 skall
1429 657 162 39 förlängd
1613 660 161 27 semester

283 711 81 39 utgå
385 712 51 29 till
457 712 90 29 vissa
567 712 234 38 arbetstagare
821 711 106 38 enligt
948 711 259 30 bestämmelser
1227 711 10 29 i
1262 721 43 20 en
1328 710 148 30 särskild
1498 711 65 38 lag,
1588 710 99 39 lagen
1709 710 64 30 den

284 766 40 29 29
343 766 76 37 juni
440 765 83 29 1946
542 767 60 34 (nr
622 765 82 36 337)
725 774 56 20 om
803 764 163 39 förlängd
984 767 162 27 semester
1166 764 54 37 för
1242 765 89 28 vissa
1351 763 232 39 arbetstagare
1607 763 78 30 med
1704 764 70 29 sär-

283 818 80 30 skilt
379 818 186 38 pressande
583 818 82 29 eller
680 817 218 39 hälsofarligt
913 818 124 29 arbete.
1061 816 53 39 18
1135 817 9 29 i
1162 817 215 29 sistnämnda
1393 818 64 37 lag,
1478 817 116 30 vilken
1612 818 163 37 paragraf

283 871 191 31 innehåller
497 881 43 20 en
560 871 224 39 uppräkning
805 880 42 20 av
870 871 42 29 de
933 871 72 38 slag
1026 880 42 20 av
1092 871 150 34 arbeten,
1266 870 10 29 i
1299 869 97 40 fråga
1418 880 57 20 om
1498 870 92 30 vilka
1616 871 99 38 lagen
1738 871 37 28 är

285 925 191 39 tillämplig,
502 925 63 29 har
589 925 156 38 följande
767 924 142 39 lydelse:

330 1014 180 34 Semester,
530 1013 116 30 vartill
665 1014 68 28 rätt
750 1013 197 29 förvärvats
965 1012 106 38 enligt
1092 1013 104 37 lagen
1212 1021 57 20 om
1287 1015 176 32 semester,
1482 1012 89 30 skall
1591 1013 9 29 i
1619 1013 68 28 den
1705 1021 70 20 om-

285 1058 152 38 fattning
463 1067 75 20 som
566 1058 10 29 i
601 1058 115 29 denna
741 1058 56 37 lag
822 1058 78 37 sägs
925 1056 81 39 utgå
1030 1058 80 29 med
1136 1060 47 26 ett
1207 1056 134 38 förhöjt
1368 1057 95 29 antal
1488 1057 287 37 semesterdagar,

285 1103 115 29 därest
425 1103 264 37 arbetstagaren
714 1102 113 29 under
848 1100 345 31 kvalifikationsåret
1216 1101 110 29 utfört

332 1150 27 36 1)
388 1149 118 29 arbete
526 1149 115 29 under
658 1148 79 38 jord
759 1149 10 28 i
789 1156 109 30 gruva
917 1148 83 29 eller
1020 1148 183 31 stenbrott,

329 1194 30 39 2)
389 1195 207 38 gruvarbete
618 1204 92 21 ovan
731 1195 80 37 jord
834 1194 11 29 i
869 1194 229 30 Norrbottens
1121 1194 69 35 län,

329 1241 31 39 3)
389 1242 128 35 arbete,
536 1242 130 37 förlagt
685 1240 37 31 så
741 1244 49 26 att
808 1240 108 30 minst
935 1241 79 37 fyra
1035 1241 145 29 timmar
1195 1250 42 20 av
1255 1240 213 30 arbetstiden
1489 1240 58 30 för
1563 1241 93 37 dygn
1675 1240 100 29 infal-

287 1287 36 29 lit
345 1287 130 29 mellan
492 1286 155 29 klockan
667 1286 40 29 22
730 1286 66 28 och
816 1285 153 29 klockan
988 1285 30 35 6,

329 1334 31 37 4)
389 1333 128 35 arbete,
536 1332 77 30 däri
630 1332 265 37 arbetstagaren
912 1332 112 29 under
1040 1331 106 30 minst
1166 1331 78 38 fyra
1262 1331 144 29 timmar
1421 1341 42 19 av
1485 1331 215 30 arbetstiden
1722 1331 55 30 för

286 1378 93 37 dvgn
400 1378 194 38 sysselsatts
624 1377 3 29 i
650 1376 194 35 mörkrum,
867 1376 83 29 eller

329 1422 30 38 5)
388 1424 129 35 arbete,
539 1424 77 29 däri
640 1423 264 37 arbetstagaren
925 1425 123 27 utsatts
1071 1423 58 29 för
1151 1421 321 39 röntgenstrålning
1497 1423 84 29 eller
1606 1421 170 38 strålning

287 1468 79 31 från
384 1469 214 30 radioaktivt
617 1469 113 28 ämne.

329 1549 13 29 I
366 1551 18 27 2
406 1547 20 40 8
448 1550 101 37 lagen
571 1558 58 20 om
654 1548 163 38 förlängd
839 1551 167 26 semester
1026 1547 151 38 stadgas,
1203 1550 49 27 att
1275 1547 57 29 för
1353 1547 98 38 varje
1474 1546 300 31 kalendermånad

285 1614 41 20 av
348 1602 356 36 kvalifikationsåret,
723 1603 113 29 under
854 1602 118 30 vilken
991 1603 240 38 arbetstagare
1249 1602 57 30 för
1326 1602 281 38 arbetsgivarens
1626 1601 149 38 räkning

285 1659 17 31 å
326 1659 106 30 minst
452 1662 123 27 sexton
595 1659 109 38 dagar
724 1658 110 30 utfört
855 1658 11 29 i
886 1659 101 37 lagen
1009 1661 110 26 avsett
1139 1658 130 35 arbete,
1292 1656 102 39 utgår
1416 1660 192 27 semestern
1630 1658 80 29 med
1733 1666 42 21 en

285 1716 66 29 och
374 1724 42 20 en
435 1715 81 29 halv
536 1715 67 37 dag
624 1724 58 20 om
702 1714 133 29 arbetet
856 1714 41 29 är
916 1712 134 36 sådant,
1071 1722 75 20 som
1170 1712 229 30 omförmäles
1420 1712 11 29 i
1455 1713 14 28 1
1490 1711 20 40 8
1530 1713 114 29 under
1668 1711 107 39 1—-4),

285 1773 89 26 samt
394 1770 79 29 med
495 1773 51 26 tre
566 1770 109 37 dagar
695 1778 58 20 om
773 1768 133 30 arbetet
927 1769 40 28 är
985 1767 135 36 sådant,
1142 1777 76 20 som
1238 1767 228 31 omförmäles
1487 1768 10 29 i
1521 1769 13 27 1
1559 1765 19 41 $&
1599 1768 114 29 under
1731 1766 43 38 5).

329 1913 424 31 Socialvårdskommittén
780 1913 205 29 avlämnade
1012 1913 10 29 i
1049 1913 187 29 november
1268 1913 81 29 1945
1376 1915 47 27 ett
1449 1912 221 30 betänkande
1697 1912 78 29 med

284 1970 133 38 förslag
437 1970 51 29 till
513 1979 47 29 ny
585 1970 55 37 lag
664 1978 57 20 om
746 1967 325 39 folkpensionering
1098 1967 98 39 (SOU
1223 1967 95 30 1945:
1334 1966 66 39 46).
1425 1967 102 31 Detta
1552 1967 223 30 betänkande

285 2025 65 29 har
369 2026 90 37 legat
480 2024 52 30 till
549 2025 114 38 grund
686 2024 57 29 för
759 2024 57 29 det
835 2033 42 20 av
898 2023 123 38 Kungl.
1042 2023 101 38 Maj:t
1164 2023 51 29 till
1241 2023 81 29 1946
1341 2022 56 30 års
1416 2022 143 39 riksdag
1578 2022 197 38 framlagda

286 2080 163 39 förslaget
466 2079 11 30 i
494 2080 126 29 ämnet.

330 2135 224 30 Beträffande
570 2134 125 39 frågan
714 2143 57 21 om
789 2132 283 40 pensionsåldern
1091 2133 147 31 anförde
1258 2132 418 31 socialvårdskommittén
1694 2132 9 30 i
1720 2133 54 29 be-

287 2190 188 30 tänkandet
498 2190 107 30 bland
627 2192 107 27 annat
756 2189 169 38 följande:

331 2262 75 29 Den
424 2260 104 34 ålder,
548 2270 75 20 som
642 2259 185 30 fastställes
846 2259 55 30 för
919 2260 67 28 rätt
1006 2259 50 29 till
1074 2258 354 39 ålderdomspension,
1449 2259 39 29 är
1504 2258 274 40 uppenbarligen

287 2305 281 39 utomordentligt
594 2304 239 39 betydelsefull
862 2303 95 30 såväl
983 2303 54 30 för
1063 2302 381 40 folkpensioneringens
1472 2302 207 31 effektivitet
1703 2310 74 21 som

287 2360 40 21 ur
355 2349 356 39 kostnadssynpunkt.
740 2348 63 30 Vid
828 2347 173 40 åtskilliga
1027 2347 162 30 tillfällen
1214 2348 44 29 ha
1284 2347 181 39 yrkanden
1491 2347 204 31 framställts
1720 2355 57 21 om

287 2394 174 39 sänkning
478 2404 42 20 av
537 2392 293 40 pensionsåldern
847 2393 165 39 generellt
1032 2393 85 29 eller
1133 2391 225 31 beträffande
1374 2391 91 30 vissa
1484 2391 209 39 kategorier.
1712 2390 65 30 Det

287 2440 100 29 torde
406 2438 107 39 enligt
531 2438 229 30 kommitténs
779 2437 143 39 mening
941 2437 78 30 icke
1036 2437 122 29 kunna
1179 2436 178 36 förnekas,
1376 2439 49 27 att
1448 2445 43 21 en
1511 2434 267 41 pensionsålder

286 2494 42 20 av
349 2484 40 29 67
414 2483 39 31 år
473 2483 111 39 ligger
602 2483 133 38 ganska
757 2482 84 38 högt
861 2480 215 31 åtminstone
1094 2480 226 31 beträffande
1342 2480 91 30 vissa
1453 2479 323 38 befolkningskate-
