1886 2780
254 163 37 30 16
637 162 393 30 Jordbruksutskottets
1057 162 180 30 utlåtande
1262 171 43 20 nr
1329 162 53 30 22.

301 248 131 39 Chefen
471 248 56 38 för
563 247 475 40 jordbruksdepartementet
1075 247 64 29 har
1166 246 88 29 efter
1281 247 163 29 närmare
1472 245 218 40 redogörelse
1718 245 55 30 för

258 299 154 29 nämnda
435 298 305 39 framställningar
763 297 117 30 anfört
903 297 170 39 följande.

304 349 85 28 »Det
410 357 69 30 nya
501 347 332 41 uppstallningssätt
855 347 54 30 för
931 348 75 33 kor,
1031 356 74 20 som
1128 347 170 39 styrelsen
1319 347 55 29 för
1398 348 133 28 statens
1554 346 220 39 forsknings-

258 399 130 29 anstalt
424 399 55 29 för
516 397 409 40 lantmannabyggnader
952 397 181 39 föreslagit
1160 397 99 30 skola
1284 397 127 39 prövas
1438 404 125 31 genom
1589 395 184 41 praktiska

257 449 131 35 försök,
409 449 136 39 åsyftar
565 450 49 28 att
634 448 209 39 möjliggöra
862 447 94 40 lägre
976 448 191 29 kostnader
1188 447 55 30 för
1266 447 94 30 såväl
1380 447 393 39 ladugårdsbyggnader

259 508 73 20 som
359 499 54 29 för
439 498 132 32 arbetet
596 498 10 29 i
633 498 270 39 ladugårdarna.
940 497 142 30 Arbets-
1107 498 64 29 och
1197 497 422 39 byggnadskostnaderna
1646 498 59 28 äro
1732 497 42 29 de

258 548 252 32 dominerande
539 550 165 38 posterna
734 548 45 40 på
806 548 229 39 jordbrukets
1065 547 213 40 utgiftssida.
1320 547 253 39 Utvecklingen
1603 556 41 20 av
1672 547 102 29 dessa

258 601 116 38 poster
398 600 38 30 är
459 599 224 39 följaktligen
707 608 42 20 av
773 599 139 38 mycket
937 600 72 27 stor
1033 598 175 39 betydelse
1232 597 55 30 för
1311 597 229 39 jordbrukets
1565 597 208 30 lönsamhet.

257 649 65 39 Jag
350 658 103 20 anser
482 649 120 30 därför
631 651 50 28 att
709 648 385 39 forskningsanstalten
1123 648 61 30 bör
1212 648 145 29 beredas
1387 647 224 40 möjligheter
1641 649 50 28 att
1720 649 54 27 ut-

258 699 77 30 föra
359 699 233 30 förenämnda
618 699 133 29 försök.
787 699 65 38 Jag
875 698 100 30 torde
1001 698 37 30 få
1062 698 117 30 erinra
1203 707 57 20 om
1286 699 50 28 att
1362 698 127 38 Kungl.
1515 697 107 39 Maj:t
1649 705 124 31 genom

258 749 113 29 beslut
395 750 68 28 den
491 749 16 29 7
534 758 96 20 mars
656 749 85 29 1952
766 748 225 40 bemyndigat
1017 748 323 39 anstaltsstyrelsen
1367 750 50 28 att
1442 749 81 29 med
1549 747 120 31 Lunds
1696 748 78 29 stad

260 799 107 30 träffa
396 800 94 29 avtal
518 809 55 20 om
602 799 148 30 arrende
779 808 41 20 av
847 799 98 29 Habo
976 798 115 30 säteri.
1132 797 212 40 Härigenom
1373 798 65 30 har
1468 798 67 29 den
1565 798 111 30 första
1705 797 69 30 för-

258 849 244 39 utsättningen
527 850 143 39 skapats
694 849 55 30 för
773 851 50 28 att
847 849 413 30 försöksverksamheten
1286 849 90 29 skall
1400 849 123 29 kunna
1547 848 227 39 igångsättas.

260 899 203 30 Emellertid
502 900 177 30 erfordras
717 899 133 39 jämväl
878 900 51 28 att
956 899 135 39 kapital
1120 899 118 30 ställes
1267 898 52 30 till
1348 898 191 40 styrelsens
1567 898 208 38 förfogande

260 950 53 30 för
339 949 109 40 inköp
476 959 44 20 av
546 949 223 39 erforderligt
795 949 95 30 antal
917 949 94 39 djur.
1051 949 64 39 Jag
1142 949 194 39 tillstyrker
1365 949 191 39 styrelsens
1583 947 192 30 framställ-

259 999 84 40 ning
372 1008 57 21 om
459 1001 49 28 ett
537 1000 180 29 räntefritt
747 1000 58 29 lån
835 1000 19 29 å
883 999 41 30 50
940 999 64 29 000
1034 1000 131 28 kronor
1195 999 55 29 för
1281 999 212 29 ändamålet.
1535 998 121 39 Någon
1687 998 89 30 åter-

259 1049 179 40 betalning
459 1050 99 31 torde
580 1050 76 30 icke
678 1050 123 30 kunna
823 1050 178 39 påräknas
1025 1049 111 30 under
1159 1049 41 30 de
1224 1050 177 29 närmaste
1425 1049 95 34 åren,
1544 1058 80 20 men
1647 1049 55 29 väl
1726 1058 50 20 se-

259 1109 83 20 nare
373 1099 11 29 i
416 1100 69 29 den
516 1100 82 29 mån
631 1100 168 29 försöken
831 1099 169 30 slutföras
1033 1100 64 29 och
1131 1099 130 30 antalet
1293 1099 228 39 försöksdjur
1552 1099 121 31 därför
1705 1099 71 29 kan

260 1149 169 30 minskas.
464 1150 111 29 Lånet
598 1150 61 29 bör
682 1150 122 29 därför
826 1150 108 39 enligt
957 1150 75 29 min
1056 1149 142 39 mening
1221 1158 83 21 vara
1327 1148 313 40 amorteringsfritt
1665 1149 112 29 under

260 1200 40 29 de
319 1200 111 29 första
449 1200 72 29 fem
539 1200 83 30 åren
641 1201 65 29 och
725 1200 153 30 därefter
896 1200 211 30 återbetalas
1124 1200 97 30 inom
1240 1199 117 40 loppet
1375 1209 42 20 av
1435 1199 206 39 förslagsvis
1659 1199 49 30 tio
1727 1199 49 30 år.

259 1249 65 30 Det
347 1250 99 30 torde
471 1250 36 30 få
533 1251 191 29 ankomma
750 1250 44 39 på
818 1250 126 39 Kungl.
970 1250 107 39 Maj:t
1102 1252 50 28 att
1177 1249 160 31 meddela
1362 1251 165 28 närmare
1553 1249 223 30 föreskrifter

259 1301 11 28 i
296 1300 127 29 ämnet.
462 1300 79 30 Med
567 1300 138 39 hänsyn
732 1299 119 30 härtill
877 1300 85 30 böra
988 1300 139 30 medlen
1153 1301 173 39 upptagas
1352 1300 11 29 i
1390 1299 94 31 form
1511 1309 42 21 av
1579 1301 49 28 ett
1654 1299 122 39 anslag

260 1350 111 29 under
395 1350 133 30 fonden
553 1351 55 29 för
632 1350 114 39 förlag
770 1350 52 30 till
848 1351 221 29 statsverket.
1105 1350 52 30 Då
1181 1351 57 29 det
1264 1351 38 29 är
1327 1350 170 30 önskvärt
1523 1351 50 29 att
1599 1350 178 29 verksam-

261 1400 104 29 heten
388 1400 90 30 skall
502 1401 122 29 kunna
646 1400 102 39 börja
774 1401 38 29 så
837 1403 97 28 snart
959 1410 76 20 som
1059 1400 148 39 möjligt,
1232 1400 61 30 bör
1318 1400 158 40 anslaget
1501 1400 140 30 anvisas
1665 1400 20 29 å
1709 1400 68 29 till-

260 1451 167 38 läggsstat
449 1450 57 30 för
528 1450 238 30 innevarande
787 1450 201 39 budgetår.»

305 1524 187 30 Utskottet.
512 1525 176 30 Utskottet
705 1526 194 39 tillstyrker
916 1526 128 38 Kungl.
1064 1525 123 39 Maj:ts
1208 1526 132 38 förslag
1358 1526 65 29 och
1440 1526 204 29 hemställer
1662 1526 114 33 alltså,

618 1578 50 28 att
705 1576 188 39 riksdagen
930 1577 59 30 må
1026 1576 53 30 till
1114 1576 283 39 Förlagskapital
1421 1576 57 39 för
1502 1578 134 28 statens
1663 1576 116 40 forsk-

573 1626 238 39 ningsanstalt
835 1626 56 39 för
918 1626 412 39 lantmannabyggnader
1354 1626 57 40 för
1438 1626 69 30 viss
1534 1626 244 40 försöksverk-

572 1676 139 30 samhet
729 1677 19 29 å
767 1676 212 39 tilläggsstat
997 1676 30 30 II
1046 1676 53 29 till
1116 1676 192 30 riksstaten
1326 1676 55 30 för
1399 1676 207 39 budgetåret
1627 1676 150 36 1951/52

573 1727 122 30 anvisa
720 1728 49 28 ett
791 1726 358 40 investeringsanslag
1171 1736 44 21 av
1237 1726 42 30 50
1294 1727 62 29 000
1381 1727 142 30 kronor.

306 1785 204 31 Stockholm
530 1786 66 29 den
619 1785 38 30 18
677 1786 90 39 april
790 1786 92 29 1952.

710 1861 49 30 På
776 1861 387 39 jordbruksutskottets
1181 1862 146 38 vägnar:

854 1936 37 31 L.
913 1935 270 30 TJÄLLGREN.

561 2045 63 30 Vid
646 2045 96 29 detta
763 2045 147 29 ärendes
932 2045 289 40 slutbehandling
1239 2046 45 29 ha
1303 2045 175 30 närvarit:

305 2104 81 30 från
424 2104 169 29 första
631 2104 225 29 kammaren:
885 2104 124 29 herrar
1039 2103 189 39 Tjällgren,
1257 2104 212 39 Anderberg,
1500 2104 182 39 Svedberg,
1710 2105 68 29 Jon

261 2146 187 33 Jonsson”,
484 2146 162 39 Hjalmar
679 2145 175 34 Nilsson",
888 2146 109 29 Bertil
1030 2145 213 34 Andersson,
1279 2146 191 39 Sundberg,
1505 2146 87 30 Bror
1626 2147 151 33 Nilsson,

261 2188 93 30 Ebbe
374 2188 155 30 Ohlsson
547 2188 65 29 och
630 2187 132 36 Nord";
784 2189 91 29 samt

306 2239 81 30 från
430 2239 154 30 andra
628 2239 223 29 kammaren:
885 2238 124 29 herrar
1042 2237 201 30 Andersson
1275 2238 12 29 i
1321 2238 202 39 Tungelsta,
1556 2239 179 30 Johnsson
1768 2240 10 29 i

262 2281 315 39 Kastanjegården,
597 2281 176 29 Jacobson
792 2280 11 29 i
823 2280 223 34 Vilhelmina,
1068 2279 146 39 Antby",
1234 2280 204 30 Andersson
1456 2281 12 28 i
1488 2281 150 38 Hyssna,
1659 2282 121 39 Hegg-

261 2326 126 34 blom”,
414 2324 156 30 Jonsson
596 2323 11 29 i
632 2322 187 33 Järvsand,
847 2322 56 29 fru
930 2321 172 30 Eriksson
1128 2321 11 29 i
1166 2321 311 35 Hallstahammar,
1506 2322 123 31 herrar
1657 2324 123 30 Svens-

262 2376 63 21 son
343 2367 11 29 i
372 2367 51 29 Vä
442 2367 66 29 och
527 2365 204 30 Andersson
753 2364 10 30 i
781 2363 295 40 Långviksmon”.

298 2437 10 9 "
332 2420 38 47 Ej
390 2434 185 25 närvarande
597 2434 49 24 vid
668 2433 194 31 justeringen.

496 2530 106 22 527428.
635 2524 179 25 Stockholm.
832 2524 80 24 Isaac
929 2524 114 24 Marcus
1061 2523 187 31 Boktryckeri
1268 2524 181 31 Aktiebolag.
1468 2525 77 25 1932.
