2191 2695
181 756 180 27 Bottenskole-

169 788 119 37 frågans
298 791 72 27 olika

171 826 132 31 betydelse
322 826 50 32 for

425 198 19 29 4
560 195 120 32 Andra
702 194 218 33 Kammarens
944 193 186 44 Tillfälliga
1159 193 145 35 Utskotts
1327 194 72 35 (N:o
1422 195 29 39 D
1480 193 173 35 Utlåtande
1675 195 62 32 N:o
1758 196 50 31 32.

385 283 198 38 förstådda
617 283 164 37 intresse
809 283 69 37 bör
907 288 100 44 ägna
1035 296 47 24 en
1110 282 77 38 lika
1211 283 235 38 omvårdnad
1475 286 37 35 åt
1540 282 73 38 alla
1641 282 64 38 det
1731 282 256 52 uppväxande

383 335 159 37 släktets
568 335 249 37 medlemmar
840 335 71 37 och
940 335 223 50 därigenom
1192 334 94 38 söka
1315 334 68 38 hos
1412 335 84 38 dem
1519 335 201 37 framkalla
1735 335 164 37 känslan
1915 335 72 37 och

384 387 271 37 medvetandet
682 388 42 36 af
749 387 46 37 de
824 387 101 37 olika
953 387 358 50 samfundslagrens
1336 387 208 38 nationella
1570 386 273 51 samhörighet.

515 439 17 37 I
577 439 291 37 bottenskolans
908 439 170 50 begrepp
1120 439 126 50 ligger
1282 439 213 37 emellertid
1533 439 221 50 ingalunda,
1794 444 53 32 att
1886 438 101 37 skol-

381 493 155 48 gången
573 490 11 37 i
612 491 228 37 hithörande
865 490 184 38 anstalter
1078 494 120 34 måste
1227 504 91 24 vara
1346 490 262 51 obligatorisk.
1661 490 215 48 Föräldrar,
1904 503 83 25 som

382 544 121 36 önska
531 543 72 37 och
630 543 116 37 hafva
774 542 152 37 tillfälle
955 548 55 31 att
1037 542 11 36 i
1076 542 177 37 hemmen
1282 542 92 37 eller
1397 543 12 36 i
1435 542 150 51 privata
1614 542 130 37 skolor
1770 542 107 50 gifva
1904 541 83 38 sina

380 593 95 38 barn
516 607 46 24 en
599 594 289 49 undervisning,
930 593 153 38 hvilken
1125 594 12 36 i
1177 594 158 50 omfång
1375 594 71 37 och
1478 594 266 37 beskaffenhet
1776 600 212 31 motsvarar

380 645 303 48 bottenskolans,
722 649 60 34 må
820 645 127 38 härtill
987 650 73 45 äga
1101 646 70 36 full
1210 651 87 32 rätt.
1355 646 88 37 Men
1484 646 214 37 kostnaden
1725 646 60 37 för
1813 659 45 24 en
1885 645 103 50 dylik

381 697 151 37 enskild
562 697 277 49 undervisning
866 698 69 36 bör
961 710 92 24 vara
1077 697 259 37 föräldrarnas
1365 697 128 37 ensak.

514 747 198 37 Yrkandet
749 753 55 31 att
827 748 218 36 folkskolan
1069 747 97 37 skall
1193 753 113 43 göras
1334 748 55 36 till
1418 747 244 38 bottenskola
1689 747 194 37 förväxlas
1911 747 79 37 ofta

381 798 87 38 med
493 798 151 38 krafvet
659 802 48 46 på
723 804 54 33 att
794 799 219 37 folkskolan
1030 799 98 37 skall
1145 800 206 39 förbättras
1368 799 70 38 och
1454 799 209 37 utvecklas.
1718 799 141 37 Mellan
1875 799 113 37 dessa

169 860 130 27 städerna
326 861 45 26 och
410 855 99 44 bägge
550 851 197 36 önskemål
780 851 122 36 finnes
926 851 229 48 visserligen
1184 856 55 31 ett
1266 851 198 36 samband.
1517 851 115 37 Detta
1656 851 100 48 röjer
1785 851 59 48 sig
1871 850 116 37 bland

193 895 50 33 för
263 894 88 27 lands-

213 929 113 34 bygden.

382 907 114 31 annat
526 901 9 36 1
565 901 408 38 folkskolevännernas
997 901 270 50 förhoppning,
1293 907 54 32 att
1370 902 219 37 folkskolan
1604 905 124 34 såsom
1745 901 243 37 bottenskola

381 952 98 38 skall
520 953 153 37 komma
715 958 54 33 att
797 954 179 36 omfattas
1004 953 86 38 med
1120 959 53 31 ett
1200 953 161 50 lifligare
1385 953 163 38 intresse
1577 953 70 38 och
1672 959 92 31 röna
1792 966 47 24 en
1861 952 125 38 bättre

381 1004 233 37 omvårdnad
642 1010 99 31 samt
769 1005 224 48 därigenom
1023 1005 154 37 säkrare
1206 1005 71 37 och
1305 1006 142 36 fortare
1475 1008 91 34 ernå
1582 1005 168 49 behöflig
1765 1004 223 50 utveckling

381 1056 72 37 och
482 1056 243 50 förbättring.
780 1057 88 36 Men
894 1056 13 37 i
935 1056 70 37 och
1030 1056 59 37 för
1116 1056 61 49 sig
1205 1061 64 33 äro
1294 1057 167 36 nämnda
1489 1056 198 38 önskemål
1716 1057 41 36 af
1769 1056 101 37 olika
1885 1056 102 37 inne-

380 1107 106 37 börd.
541 1108 163 36 Krafvet
743 1111 49 46 på
832 1113 56 32 att
924 1107 217 38 folkskolan
1170 1108 96 37 skall
1292 1113 113 44 göras
1433 1107 58 38 till
1518 1107 244 38 bottenskola
1791 1108 68 36 har
1887 1108 99 36 afse-

381 1158 98 37 ende
519 1162 49 45 på
608 1159 239 37 folkskolans
885 1164 100 44 yttre
1015 1158 195 50 ställning,
1239 1159 145 36 hennes
1412 1158 101 50 plats
1541 1159 11 36 i
1581 1158 280 50 skolsystemet.
1916 1157 69 38 Yr-

381 1210 143 36 kandet
551 1213 49 46 på
628 1210 238 37 folkskolans
895 1210 224 48 utveckling
1146 1211 71 35 och
1245 1210 232 49 förbättring
1501 1210 173 37 däremot
1701 1210 111 36 berör
1840 1210 145 35 hennes

380 1260 81 37 inre
490 1260 274 49 organisation,
792 1261 146 36 hennes
966 1260 222 49 utrustuing
1212 1261 71 37 och
1312 1261 216 37 arbetssätt.
1583 1261 74 37 Det
1684 1261 94 36 låter
1799 1260 111 38 alltså
1923 1260 62 37 väl

380 1311 117 37 tänka
536 1311 72 49 sig,
651 1317 54 31 att
745 1311 218 38 folkskolan
1002 1312 199 36 utvecklas
1235 1312 70 37 och
1334 1312 219 46 förbättras,
1582 1318 92 31 utan
1703 1316 53 33 att
1784 1311 75 37 den
1887 1311 97 37 dock

380 1368 114 43 göres
535 1362 58 37 till
634 1363 255 47 bottenskola,
927 1362 138 38 liksom
1100 1366 20 34 å
1148 1363 118 37 andra
1290 1363 110 37 sidan
1428 1363 219 37 folkskolan
1675 1363 75 36 kan
1777 1362 132 49 intaga
1937 1376 47 23 en

379 1413 266 38 bottenskolas
686 1414 183 49 ställning
904 1419 89 32 utan
1025 1419 54 32 att
1107 1414 112 37 däraf
1243 1414 86 37 med
1357 1414 290 48 nödvändighet
1674 1414 122 49 följer,
1826 1419 55 32 att
1908 1414 76 36 hon

379 1464 12 36 i
415 1464 186 50 tillbörlig
628 1465 96 49 grad
753 1464 202 38 omhuldas
984 1465 70 37 och
1082 1465 134 37 vinner
1244 1466 153 48 önsklig
1419 1465 234 50 utveckling.

514 1516 248 49 Riktigheten
803 1517 42 36 af
881 1530 50 23 nu
961 1517 157 49 angifna
1146 1517 240 37 förhållande
1413 1517 122 37 finner
1563 1530 88 23 man
1679 1516 214 46 bekräftad,
1923 1529 57 24 om

381 1580 88 23 man
497 1572 176 32 närmare
701 1581 70 35 ger
801 1568 63 36 akt
892 1571 50 44 på
969 1568 74 36 den
1072 1567 155 47 olikhet,
1258 1581 80 23 som
1368 1568 111 36 råder
1506 1568 12 36 i
1547 1568 111 49 fråga
1686 1581 60 23 om
1775 1567 209 37 folkskole-

380 1618 293 37 förhållandena
706 1618 141 37 mellan
881 1618 73 37 den
983 1618 196 49 egentliga
1206 1619 271 49 landsbygden
1505 1619 69 37 och
1604 1618 273 37 storstäderna.
1931 1618 53 37 På

379 1668 271 50 landsbygden
678 1669 152 49 intager
857 1669 218 37 folkskolan
1104 1670 118 36 redan
1251 1670 58 37 för
1333 1670 239 37 närvarande
1592 1670 160 36 faktiskt
1767 1683 47 23 en
1833 1670 149 36 botten-

380 1719 129 38 skolas
538 1720 196 49 ställning.
789 1720 239 50 Visserligen
1056 1721 113 37 beror
1197 1720 104 37 detta
1328 1721 242 50 väsentligen
1589 1725 48 45 på
1656 1721 74 36 den
1745 1720 236 50 omständig-

379 1770 126 47 heten,
536 1777 55 30 att
619 1771 46 37 de
695 1771 345 47 samhällsklasser,
1070 1772 59 36 för
1157 1772 149 37 hvilkas
1337 1772 168 49 ungdom
1531 1772 190 37 särskilda
1741 1772 127 37 skolor
1887 1785 93 35 upp-

379 1822 199 36 rätthållas
619 1822 11 35 i
671 1823 191 47 städerna,
905 1826 20 33 å
963 1822 271 50 landsbygden
1262 1828 64 31 äro
1356 1827 40 33 så
1424 1823 152 37 relativt
1604 1823 152 49 fåtaligt
1783 1835 198 36 represen-

380 1873 145 47 terade,
555 1877 54 32 att
637 1887 88 23 man
752 1873 239 38 fördenskull
1020 1873 34 49 ej
1083 1873 179 49 rimligen
1291 1874 73 36 kan
1394 1875 58 36 för
1472 1875 111 37 deras
1603 1874 164 47 räkning
1780 1873 200 37 därstädes

382 1924 171 36 anordna
590 1924 180 49 speciella
798 1925 340 36 barndomsskolor
1165 1925 63 36 vid
1258 1925 109 36 sidan
1397 1925 41 37 af
1464 1925 228 37 folkskolan.
1746 1925 88 36 Men
1862 1924 120 37 resul-

380 1978 98 33 tatet
505 1974 72 37 blir
604 1975 12 36 1
649 1974 73 37 alla
750 1975 67 37 fall
847 1976 75 46 det,
952 1981 55 31 att
1034 1975 219 37 folkskolan
1282 1979 20 33 å
1330 1976 73 37 den
1432 1989 93 23 rena
1552 1976 269 53 landsbygden
1849 1975 11 36 i
1886 1980 95 31 stort

381 2025 85 37 sedt
507 2031 41 31 är
588 2025 346 38 barndomsskolan
972 2026 58 37 för
1072 2026 85 47 alla,
1187 2026 111 37 alltså
1325 2026 255 38 bottenskola.
1634 2027 127 36 Afven
1789 2026 47 37 de
1863 2026 116 49 burg-

379 2089 92 24 nare
513 2076 388 38 samhällsklasserna
941 2077 179 49 begagna
1148 2080 20 34 å
1196 2076 268 51 landsbygden
1492 2077 219 38 folkskolan
1738 2077 12 36 i
1778 2083 122 31 större
1927 2082 53 32 ut-

380 2127 225 49 sträckning
645 2133 48 32 än
731 2128 11 35 i
779 2129 191 36 städerna.
1026 2128 82 37 Och
1136 2142 60 23 om
1225 2142 47 23 en
1302 2129 92 37 eller
1423 2142 124 24 annan
1575 2129 121 48 familj
1725 2129 173 36 föredrar
1925 2134 54 31 att

380 2178 83 36 från
504 2179 134 47 början
680 2179 119 37 sända
840 2180 145 36 barnen
1025 2179 56 36 till
1110 2193 47 23 en
1185 2180 85 36 stad
1300 2180 92 37 eller
1420 2185 54 32 att
1503 2180 170 37 anordna
1700 2179 278 49 undervisning

379 2228 60 38 för
463 2229 86 37 dem
577 2229 12 37 1
617 2230 178 48 hemmet,
826 2234 41 34 så
895 2231 139 37 ändras
1062 2230 83 38 icke
1173 2244 140 36 genom
1343 2231 129 49 dylika
1499 2231 290 49 undantagsfall
1817 2231 72 37 den
1911 2231 65 36 all-
