2205 2628
482 152 220 29 Sammeunsatla
726 155 86 26 stals-
837 154 49 27 och
910 153 247 28 bankovtskotlete
1181 162 35 18 nr
1243 154 16 26 2
1283 152 151 29 utlåtande
1458 150 50 32 Nr
1530 155 29 27 2.
1731 151 37 31 19

346 230 16 36 I
398 230 106 48 fråga
541 244 60 22 om
631 230 122 48 öfriga
779 230 11 36 i
818 230 142 48 Kungl.
991 230 125 47 Maj:ts
1146 229 142 49 förslag
1316 230 55 35 till
1399 228 214 48 ntgiftsstat
1632 228 58 36 för
1709 234 101 43 post-

218 282 238 50 sparbanken
483 287 198 44 upptagna
709 281 184 36 särskilda
921 280 329 49 aflöningsbelopp
1278 281 68 36 har
1372 280 185 37 utskottet
1584 280 82 36 icke
1687 280 122 35 funnit

218 337 117 45 något
375 338 55 31 att
471 334 123 35 erinra
635 333 70 36 och
747 333 68 35 har
855 332 100 36 hvad
983 332 225 36 kommittén
1236 332 11 36 1
1275 332 264 36 motsvarande
1568 331 241 37 hänseenden

217 385 209 48 föreslagit,
463 384 2 35 i
508 384 72 37 den
622 387 87 33 mån
745 384 64 35 det
836 383 357 37 öfverensstämmer
1220 383 83 36 med
1333 383 139 48 Kungl.
1502 383 126 48 Maj:ts
1656 383 152 46 förslag,

218 437 108 36 alltså
352 436 82 37 icke
463 436 114 49 gifvit
604 436 184 36 utskottet
816 434 207 48 anledning
1050 434 55 36 till
1134 437 126 46 någon
1289 434 263 48 anmärkning.

346 488 142 48 Kungl.
517 488 127 45 Maj:ts
672 488 9 34 i
720 486 436 47 aflöningsreglementet
1183 487 168 47 intagna,
1374 486 145 49 jämväl
1548 485 261 48 utgiftsstaten

218 539 206 36 berörande
458 538 143 48 förslag
633 551 61 23 om
732 538 327 48 dagtraktamente
1097 551 59 22 om
1195 538 72 35 fem
1298 537 138 36 kronor
1464 539 36 33 åt
1529 537 74 35 den
1630 536 183 49 byråchef

216 592 12 34 i
247 590 444 49 generalpoststyrelsen,
714 602 80 24 som
815 589 119 36 under
952 588 478 49 generalpostdirektörens
1450 588 250 36 ämbetsresor
1719 588 90 36 eller

217 647 177 31 semester
435 646 92 43 äger
568 641 214 48 tjänstgöra
820 644 122 33 såsom
975 640 165 36 ledamot
1174 641 11 34 i
1213 639 500 50 postsparbanksstyrelsen,
1742 639 67 35 har

216 692 542 50 löneregleringskommittén,
793 692 85 36 med
913 692 146 47 hänsyn
1089 692 54 35 till
1173 692 241 35 kommitténs
1444 691 146 47 förslag
1617 704 60 22 om
1706 695 103 44 post-

217 745 258 49 sparbankens
514 743 188 48 ingående
738 746 123 33 såsom
891 756 46 23 en
966 742 91 49 byrå
1085 743 11 35 i
1124 743 442 48 generalpoststyrelsen,
1596 747 125 31 ansett
1748 742 62 47 sig

218 796 81 37 icke
335 796 128 35 kunna
490 794 158 37 biträda.
703 794 57 36 Då
788 794 208 36 emellertid
1024 794 462 48 generalpostdirektören
1515 794 121 48 enligt
1664 793 145 36 utskot-

216 854 73 30 tets
326 848 144 47 förslag
499 846 120 36 skulle
648 845 151 36 komma
823 846 12 35 i
863 845 221 48 åtnjutande
1119 845 40 36 af
1184 845 178 36 särskildt
1390 845 154 36 arfvode
1574 845 57 35 för
1659 844 60 36 sin
1746 844 62 37 be-

219 899 166 47 fattning
413 901 123 33 såsom
565 897 226 36 ordförande
819 897 12 35 i
860 896 186 49 styrelsen
1076 897 58 35 för
1160 896 339 49 postsparbanken,
1529 896 68 36 har
1625 896 184 36 utskottet

216 950 126 36 funnit
379 950 63 35 det
471 949 242 48 följdriktigt,
743 953 54 31 att
820 947 145 49 jämväl
993 947 83 45 den,
1107 961 82 22 som
1218 947 62 36 vid
1310 947 125 36 förfall
1466 947 57 36 för
1551 946 257 49 generalpost-

217 1001 211 36 direktören
456 1000 13 35 i
497 1000 94 36 hans
620 999 107 37 ställe
756 998 276 50 upprätthåller
1060 999 122 36 denna
1211 998 226 48 befattning,
1465 999 56 35 får
1541 998 267 48 tillgodonjuta

216 1052 176 36 särskildt
421 1052 156 36 arfvode
607 1051 137 36 därför.
800 1050 80 37 Och
909 1051 47 35 då
983 1050 187 36 utskottet
1197 1050 82 36 icke
1306 1049 125 37 funnit
1458 1052 116 45 något
1604 1055 55 30 att
1687 1050 121 35 erinra

216 1109 77 31 mot
334 1103 63 36 det
436 1103 151 48 belopp,
630 1115 80 24 som
744 1102 40 36 af
809 1102 140 48 Kungl.
980 1101 107 49 Maj:t
1119 1103 11 34 i
1160 1102 103 36 detta
1291 1101 175 37 afseende
1495 1101 228 48 föreslagits,
1752 1100 57 36 får

216 1155 186 36 utskottet
430 1154 190 48 tillstyrka
647 1154 141 48 Kungl.
818 1154 127 47 Maj:ts
974 1152 226 37 hemställan
1229 1154 11 35 i
1270 1153 121 36 denna
1419 1153 70 36 del.

343 1206 87 36 Med
472 1205 147 48 hänsyn
662 1205 319 48 hufvudsakligen
1022 1204 58 36 till
1115 1205 41 35 af
1188 1205 221 36 kommittén
1445 1204 214 48 föreslagna
1687 1204 120 47 högre

216 1258 179 36 artfvoden
437 1259 38 33 åt
516 1256 74 36 fast
632 1256 183 36 anställda
849 1256 199 48 kvinnliga
1083 1256 174 36 biträden
1285 1256 68 35 har
1380 1255 224 36 kommittén
1631 1255 177 48 upptagit

215 1315 134 43 posten
395 1308 202 36 »artvoden
630 1310 38 33 åt
696 1313 105 30 extra
828 1307 243 48 tjänstemän,
1100 1307 441 48 vikariatsersättningar
1568 1319 48 23 m.
1647 1319 70 22 m.>
1750 1304 57 37 till

217 1360 221 48 förslagsvis
473 1361 137 45 90,000
643 1359 151 47 kronor,
823 1358 119 36 under
971 1358 63 36 det
1061 1358 140 48 Kungl.
1231 1358 118 48 Maj:t,
1378 1358 85 36 med
1492 1357 189 49 utgående
1709 1357 97 36 däri-

214 1413 85 35 trån
327 1416 54 31 att
408 1411 86 36 med
523 1409 600 48 skrifbiträdesbefattningarnas
1156 1409 234 49 uppförande
1411 1412 20 33 å
1451 1414 74 31 stat
1546 1409 119 36 skulle
1686 1411 118 43 anstå,

214 1463 183 36 beräknat
435 1462 123 36 denna
594 1467 86 44 post
716 1461 57 36 till
809 1461 157 37 allenast
1001 1462 138 46 85,000
1168 1460 148 36 kronor.
1373 1460 124 36 Sedan
1524 1460 186 36 utskottet
1737 1460 68 35 här

215 1515 113 35 ofvan
356 1514 141 36 biträdt
526 1513 141 49 Kungl.
694 1513 126 49 Maj:ts
841 1514 167 47 mening,
1031 1517 53 31 att
1104 1512 85 36 med
1209 1511 596 48 skrifbiträdesbefattningarnas

214 1565 235 50 uppförande
491 1568 20 33 å
552 1571 74 30 stat
666 1565 68 36 bör
777 1564 204 36 tillsvidare
1024 1566 119 44 anstå,
1182 1563 56 37 får
1271 1564 186 35 utskottet
1485 1564 148 35 ansluta
1661 1562 61 48 sig
1748 1562 56 36 till

215 1617 140 47 Kungl.
398 1616 128 48 Maj:ts
569 1616 145 48 förslag
755 1616 11 35 i
809 1616 108 47 fråga
954 1628 60 23 om
1055 1615 174 49 beloppet
1266 1615 41 36 af
1339 1628 50 23 nu
1425 1613 288 49 ifrågavarande
1742 1628 63 21 an-

215 1669 200 47 slagspost.

345 1719 131 36 Såsom
512 1718 213 48 ersättning
761 1718 57 35 till
853 1717 397 48 befattningshafvare
1281 1717 64 36 vid
1374 1716 431 49 generalpoststyrelsen

215 1772 69 35 och
318 1770 239 49 postverkets
592 1769 380 48 lokalförvaltningar
1010 1769 57 35 för
1103 1768 290 48 handläggning
1425 1768 42 35 at
1489 1767 315 50 postsparbanks-

214 1823 172 47 göromål
427 1822 68 35 har
536 1821 142 48 Kungl.
722 1820 108 48 Maj:t
871 1820 176 49 upptagit
1088 1832 46 24 en
1169 1820 239 48 anslagspost
1437 1822 20 33 å
1486 1820 138 45 32,000
1653 1819 149 35 kronor.

214 1872 543 49 Löneregleringskommittén
785 1871 179 47 däremot,
995 1884 78 23 som
1097 1871 57 36 för
1174 1871 58 36 sin
1247 1871 57 36 del
1320 1875 136 43 ansett,
1477 1877 55 30 att
1550 1870 107 48 dylik
1673 1874 131 32 ersätt-

214 1925 94 48 ning
335 1925 57 35 till
420 1923 391 50 befattningsbafvare
838 1923 12 35 i
878 1923 428 48 generalpoststyrelsen
1335 1923 32 48 ej
1399 1922 128 36 vidare
1555 1922 122 36 skulle
1701 1924 102 46 utgå,

213 1976 68 36 har
309 1976 55 35 till
394 1976 216 48 ersättning
629 1978 38 33 åt
687 1974 393 48 befattningshafvare
1094 1974 66 36 vid
1175 1974 237 48 postverkets
1427 1973 377 48 lokalförvaltningar

215 2029 57 34 för
299 2027 293 48 handläggning
620 2027 41 36 af
677 2025 474 50 postsparbanksgöromål
1174 2025 179 36 beräknat
1367 2030 54 31 ett
1439 2025 134 48 belopp
1590 2025 41 35 af
1647 2024 157 36 allenast

215 2079 137 46 30,000
372 2078 150 36 kronor.
559 2078 206 46 Utskottet,
786 2090 82 23 som
888 2077 12 35 i
919 2077 119 35 likhet
1057 2077 85 35 med
1162 2076 139 47 Kungl.
1323 2076 108 47 Maj:t
1446 2081 135 41 ansett,
1599 2081 54 30 att
1668 2075 136 36 befatt-

213 2129 298 48 ningshafvarne
538 2128 12 36 i
577 2128 430 49 generalpoststyrelsen
1048 2127 91 37 böra
1182 2127 230 36 fortfarande
1453 2127 37 35 få
1532 2126 152 36 komma
1711 2127 11 35 i
1751 2129 53 33 åt-

213 2180 181 48 njutande
436 2180 41 35 af
515 2180 213 48 ersättning
755 2180 59 36 för
842 2178 293 49 handläggning
1164 2178 40 36 af
1226 2177 482 50 postsparbanksgöromål,
1736 2177 69 35 har

207 2231 145 49 jämväl
380 2231 12 36 1
422 2231 109 48 fråga
560 2244 60 23 om
637 2231 123 36 denna
777 2231 240 48 anslagspost
1031 2230 151 47 biträdt,
1199 2229 98 36 hvad
1313 2229 142 49 Kungl.
1472 2229 109 48 Maj:t
1596 2228 205 48 föreslagit.
