1880 2841
244 145 21 30 4
472 143 187 30 Allmänna
675 143 398 40 beredningsutskottets
1090 143 179 32 utlåtande
1284 153 43 21 nr
1341 146 20 29 5
1375 145 39 30 år
1430 145 83 30 1968

290 225 161 31 Nämnda
476 226 166 30 skrivelse
667 226 172 37 261/1965
865 226 64 30 har
954 227 95 29 ännu
1073 227 73 30 inte
1170 227 231 31 effektuerats
1427 237 42 21 av
1493 228 240 40 departemen-

246 281 58 29 tet.
328 280 269 40 Möjligheterna
618 280 53 30 till
694 281 282 40 rationalisering
998 281 65 30 och
1086 281 200 41 förenkling
1308 282 64 30 har
1394 282 101 40 länge
1516 282 89 31 varit
1629 283 103 30 önsk-

245 334 118 30 värda.
386 335 64 30 Det
473 335 39 29 är
535 335 119 30 därför
676 335 139 40 mycket
839 336 178 39 angeläget
1040 337 49 28 alt
1113 336 68 29 den
1203 345 42 21 av
1267 336 187 40 riksdagen
1476 337 180 30 beslutade
1679 339 53 28 ut-

246 388 193 41 redningen
458 389 163 31 tillsättes
640 390 66 29 och
724 390 212 40 påskyndas.

291 444 69 29 För
379 444 157 37 uppbörd
555 454 42 20 av
616 445 127 29 allmän
762 444 181 30 varuskatt
961 444 147 30 erhåller
1127 445 191 37 företagare
1337 445 71 30 viss
1428 446 202 39 ersättning,
1651 455 79 20 men

247 497 11 30 i
278 497 100 41 fråga
398 506 55 22 om
476 498 118 40 övriga
615 498 225 40 ålägganden,
865 507 74 22 som
961 498 11 30 i
991 498 128 41 många
1140 499 62 30 fall
1224 500 38 29 är
1282 509 73 20 mer
1376 499 231 41 betungande,
1630 500 101 40 utgår

247 552 103 40 ingen
370 561 74 21 som
463 553 91 29 helst
574 553 203 40 ersättning.

292 606 13 30 I
327 606 220 31 motionerna
568 606 65 31 har
654 608 105 39 tagits
782 616 71 32 upp
877 607 124 40 frågan
1023 616 56 22 om
1101 608 196 40 ersättning
1318 608 53 30 till
1395 608 179 40 företagen
1596 608 56 30 för
1674 608 57 30 det

246 661 194 30 merarbete
458 661 64 30 och
540 661 111 40 övrigt
669 661 228 31 ansvarsfullt
915 662 297 40 uppbördsarbete
1231 671 74 21 som
1324 662 55 30 det
1398 662 179 30 allmänna
1594 662 138 40 ålägger

246 715 190 41 företagen.
457 716 100 30 Såväl
576 716 313 40 uppbördsarbetet
910 725 73 21 som
1003 716 362 40 uppgiftslämnandet
1384 717 38 29 är
1441 717 149 30 framför
1610 717 61 30 allt
1691 726 42 21 av

246 770 148 30 intresse
415 770 55 30 för
491 770 56 30 det
569 771 188 29 allmänna.
781 771 118 29 Staten
919 771 162 29 beställer
1103 771 82 30 eller
1208 771 147 39 >köper»
1381 771 147 39 tjänster
1549 780 42 20 av
1612 771 41 30 de
1674 780 58 21 en-

247 824 115 31 skilda
379 825 190 40 företagen.
588 826 89 29 Rent
694 825 211 40 principiellt
925 834 101 31 synes
1045 825 56 30 det
1120 825 120 40 riktigt
1259 827 49 28 att
1328 825 192 40 ersättning
1540 825 88 30 skall
1646 825 85 30 läm-

247 887 64 20 nas
332 879 55 28 för
407 878 96 29 detta
524 879 126 29 arbete.
673 879 79 29 Som
774 888 88 20 ovan
883 880 141 28 nämnts
1046 880 64 28 har
1131 889 43 19 en
1196 879 109 29 sådan
1326 879 149 38 ordning
1497 879 171 38 godtagits
1691 888 42 20 av

246 930 189 41 riksdagen
455 931 67 30 vad
543 931 107 40 gäller
672 931 66 30 den
761 932 179 29 allmänna
960 932 238 30 varuskatten.
1220 931 141 31 Arbetet
1383 931 79 31 med
1484 931 64 30 och
1571 932 161 29 ansvaret

245 986 56 30 för
323 986 56 30 det
402 986 118 40 övriga
541 986 313 40 uppbördsarbetet
876 987 65 29 och
962 986 363 40 uppgiftslämnandet
1347 987 39 29 är
1407 986 72 30 lika
1500 986 231 40 betungande,

245 1039 120 31 varför
385 1039 56 31 det
462 1049 102 30 synes
584 1040 170 30 utskottet
775 1040 126 39 skäligt
922 1041 49 28 att
992 1040 194 40 ersättning
1205 1040 101 39 utgår
1327 1040 87 30 även
1431 1040 133 30 härför.

291 1093 194 41 Utredning
504 1094 66 30 och
590 1093 131 41 förslag
741 1094 10 29 i
772 1093 124 41 frågan
918 1103 101 31 synes
1040 1094 170 30 utskottet
1231 1103 48 20 nu
1298 1094 45 29 än
1364 1103 73 20 mer
1458 1094 189 39 angeläget,
1669 1093 64 30 när

247 1147 132 41 förslag
396 1148 122 30 väntas
534 1148 194 39 föreläggas
744 1147 189 40 riksdagen
948 1157 57 20 om
1022 1150 49 27 att
1088 1148 43 29 fr.
1148 1157 29 20 o.
1194 1158 45 19 m.
1258 1148 83 30 1969
1358 1149 130 28 ersätta
1503 1148 68 29 den
1587 1148 146 29 allmän-

248 1211 46 21 na
311 1202 229 30 varuskatten
559 1202 79 30 med
657 1211 42 21 en
719 1202 287 30 mervärdeskatt.
1027 1201 224 40 Övergången
1271 1202 52 29 till
1342 1201 278 30 mervärdeskatt
1639 1202 94 29 med-

248 1256 55 30 för
319 1258 50 28 att
386 1256 171 40 uppgifts-
574 1257 65 28 och
656 1256 465 39 uppbördsskyldigheterna
1137 1256 66 29 blir
1220 1256 45 29 än
1280 1265 74 20 mer
1370 1256 221 38 betungande
1609 1263 122 31 genom

249 1310 56 30 det
326 1319 74 21 mer
421 1310 203 30 invecklade
646 1310 375 40 redovisningssystem
1044 1310 115 29 denna
1181 1310 208 30 skatteform
1412 1310 216 29 förutsätter.
1651 1309 82 30 För-

250 1365 108 38 slaget
380 1373 56 20 om
459 1364 277 29 mervärdeskatt
759 1364 123 29 väntas
907 1364 176 29 dessutom
1106 1364 160 29 medföra
1289 1373 42 20 en
1353 1364 72 31 helt
1448 1373 47 29 ny
1517 1364 138 38 uppgift
1677 1364 55 28 för

249 1418 232 39 företagarna,
500 1417 176 40 nämligen
695 1427 42 20 en
755 1417 153 30 särskild
925 1417 334 39 arbetsgivaravgift,
1280 1425 73 21 som
1371 1417 11 30 i
1400 1418 48 29 ett
1466 1417 108 30 redan
1591 1417 142 39 bekym-

247 1474 169 27 mersamt
431 1472 300 38 konjunkturläge
747 1472 158 29 kommer
921 1473 50 29 att
987 1471 68 30 öka
1070 1471 95 30 såväl
1180 1471 248 39 varupriserna
1444 1480 74 20 som
1535 1471 197 39 företagens

248 1526 193 39 uppbörds-
455 1526 65 29 och
533 1525 492 40 redovisningsskyldigheter.

294 1579 13 29 I
326 1579 251 40 utredningens
596 1579 132 40 förslag
746 1588 56 21 om
820 1579 279 30 mervärdeskatt
1117 1579 64 29 har
1201 1578 29 37 ej
1253 1579 198 39 föreslagits
1469 1581 51 28 att
1539 1579 195 38 ersättning

246 1651 45 3 —
305 1633 127 30 liksom
448 1633 58 30 vid
520 1633 204 30 nuvarande
741 1633 130 29 allmän
888 1633 182 29 varuskatt
1085 1650 45 3 —
1146 1633 88 29 skall
1251 1633 82 39 utgå
1349 1633 53 29 till
1419 1632 41 30 de
1478 1632 256 40 skattskyldiga

249 1687 54 30 för
332 1688 100 29 deras
460 1688 116 29 arbete
603 1687 79 30 med
710 1687 205 40 uppbörden
942 1687 65 29 och
1034 1686 269 40 redovisningen
1331 1696 42 20 av
1399 1686 334 30 mervärdeskatten.

249 1740 256 40 Utredningens
524 1741 336 39 ställningstagande
876 1741 11 29 i
904 1740 118 30 denna
1039 1740 99 39 fråga
1156 1741 145 29 innebär
1319 1742 47 28 ett
1386 1739 213 40 frångående
1618 1749 42 21 av
1677 1739 56 31 det

248 1804 42 21 av
312 1794 187 40 riksdagen
523 1794 132 31 fattade
678 1795 149 29 beslutet
850 1803 56 21 om
929 1794 366 40 kostnadsersättning
1319 1794 55 30 för
1397 1794 197 40 företagens
1618 1794 116 29 arbete

247 1848 80 31 med
348 1848 161 41 uppbörd
530 1848 66 30 och
616 1848 224 39 redovisning
861 1857 43 21 av
924 1848 239 29 varuskatten.
1185 1848 64 29 Det
1273 1847 235 30 förhållandet
1531 1849 49 28 att
1603 1848 131 29 arbetet

247 1902 80 30 med
347 1902 268 40 redovisningen
634 1902 100 30 torde
753 1902 143 30 komma
916 1903 50 28 att
985 1902 49 29 bli
1053 1911 74 20 mer
1148 1901 217 30 omfattande
1386 1901 65 30 och
1471 1911 96 20 mera
1587 1901 149 39 kompli-

248 1958 94 28 cerat
359 1957 45 29 än
418 1956 55 30 för
489 1955 219 31 närvarande
723 1955 106 31 borde
845 1956 11 29 i
872 1956 114 29 stället
1002 1955 169 30 motivera
1187 1964 44 20 en
1246 1955 105 39 högre
1368 1954 367 40 kostnadsersättning

248 2010 47 29 än
312 2009 68 30 den
399 2018 73 22 som
492 2018 48 21 nu
560 2010 101 39 utgår
680 2009 54 30 för
754 2009 131 30 arbetet
903 2009 80 29 med
1002 2009 66 29 den
1088 2009 179 29 allmänna
1284 2009 239 29 varuskatten.
1543 2008 107 30 Arten
1670 2008 65 29 och

249 2063 178 40 omfånget
445 2072 42 21 av
505 2063 56 29 det
581 2063 119 39 övriga
718 2062 362 41 uppgiftslämnandet
1099 2062 171 30 kvarstår.

292 2117 79 30 Med
392 2117 76 30 stöd
488 2126 42 21 av
548 2117 67 29 vad
637 2126 73 20 som
731 2126 89 20 ovan
841 2117 134 29 anförts
995 2116 202 30 hemställer
1217 2116 180 34 utskottet,

613 2172 49 28 att
686 2170 188 38 riksdagen
898 2170 80 29 med
1001 2169 99 30 bifall
1124 2170 52 29 till
1202 2169 41 30 de
1267 2169 224 40 likalydande
1515 2169 220 30 motionerna

569 2224 28 30 I:
616 2223 61 31 740
695 2224 65 30 och
778 2224 44 29 II:
839 2223 62 31 945
920 2224 11 29 i
948 2223 166 30 skrivelse
1131 2223 53 30 till
1202 2223 125 39 Kungl.
1345 2222 106 40 Maj:t
1469 2222 107 30 måtte
1594 2222 141 30 anhålla

568 2287 56 20 om
648 2280 49 27 att
720 2278 66 29 den
809 2287 41 20 av
875 2277 81 30 1965
980 2277 57 30 års
1059 2277 143 39 riksdag
1223 2277 180 29 beslutade
1425 2276 232 39 utredningen
1679 2276 56 29 be-

568 2331 179 30 träffande
774 2331 226 39 samordning
1024 2331 65 29 och
1114 2330 199 39 förenkling
1339 2339 42 20 av
1406 2330 42 29 de
1473 2329 171 40 uppgifts-
1670 2329 65 29 och

569 2384 418 41 uppbördsskyldigheter
1011 2393 73 21 som
1107 2393 42 21 av
1170 2384 57 29 det
1249 2384 180 29 allmänna
1449 2383 136 40 ålägges
1608 2383 127 30 företa-

572 2447 64 32 gen
657 2438 191 40 omgående
868 2438 173 35 tillsättes,
1065 2438 38 30 så
1123 2439 51 28 att
1196 2437 41 30 de
1258 2438 132 38 förslag
1410 2437 233 39 utredningen
1664 2437 69 29 kan

568 2493 144 29 komma
729 2493 92 29 fram
837 2492 54 29 till
909 2492 71 29 kan
999 2491 194 40 föreläggas
1214 2491 83 30 1968
1316 2491 57 29 års
1390 2490 233 39 höstriksdag,
1645 2492 89 28 samt
