2206 2632
662 214 259 32 Statsutskottets
956 215 174 33 Utlåtande
1158 216 64 32 N:o
1251 219 76 29 164.
1695 218 45 32 317

199 292 144 38 lämnas
385 296 37 34 åt
462 294 422 50 linjemyndigheterna,
928 296 108 37 desto
1078 297 145 37 mindre
1266 297 75 36 kan
1371 297 63 37 det
1463 297 84 37 från
1576 298 110 37 deras
1715 298 80 38 sida

200 350 133 32 väntas
364 351 88 43 eget
478 346 173 38 initiativ.

303 398 110 37 Hvad
441 398 181 50 slutligen
650 403 119 45 angår
798 400 72 37 den
899 400 237 50 enhetlighet
1164 401 69 37 och
1262 401 260 49 likformighet
1542 402 102 37 inom
1663 402 132 50 hvarje

200 450 160 37 särskild
403 451 207 49 afdelning,
654 465 80 23 som
776 453 85 36 med
904 458 55 31 ett
1000 453 447 50 öfverdirektörssystem
1489 454 121 37 skulle
1647 455 147 48 vinnas,

199 502 151 36 komme
394 503 224 37 kommittén
647 509 55 32 att
731 504 129 37 därom
889 504 129 38 vidare
1046 510 101 44 yttra
1177 505 61 49 sig
1265 506 10 35 i
1305 506 275 48 sammanhang
1608 507 86 36 med
1722 507 73 36 frå-

199 567 77 35 gan
318 568 59 23 om
420 555 429 50 linjemyndigheternas
891 557 270 48 organisation.
1218 557 74 37 Det
1330 557 116 37 borde
1476 558 98 37 dock
1601 559 115 37 redan
1745 573 49 22 nu

199 606 231 49 framhållas,
480 608 181 36 hurusom
713 613 54 32 ett
818 609 442 50 öfverdirektörssystem
1310 610 12 36 i
1372 610 78 49 hög
1499 611 95 48 grad
1637 611 159 50 skärper

200 658 255 38 åtskillnaden
496 660 140 37 mellan
678 660 45 37 de
765 667 57 30 tre
859 661 450 49 hufvudafdelningarna,
1339 662 11 36 i
1378 662 130 37 hvilka
1530 663 266 49 järnvägsför-

199 710 224 50 valtningen
453 712 258 44 sönderfaller,
744 713 72 36 och
844 713 130 37 hvilka
1002 714 86 37 med
1115 714 244 49 tillämpning
1378 714 42 37 af
1436 719 53 32 ett
1509 714 122 49 dylikt
1651 721 144 43 system

198 763 151 37 komma
390 768 55 32 att
487 767 57 34 stå
581 764 281 49 jämförelsevis
904 766 208 37 fristående
1149 766 83 37 från
1260 767 215 37 hvarandra
1502 767 86 37 med
1615 767 94 37 hvar
1737 768 58 37 sin

199 815 282 37 öfverdirektör
510 819 126 35 såsom
665 817 267 50 afdelningens
962 823 103 44 spets
1094 818 102 37 inom
1216 819 202 48 styrelsen,
1438 818 200 38 äfvensom
1658 824 55 32 att
1732 819 64 38 det

199 870 117 34 måste
359 881 112 24 anses
513 882 90 23 vara
644 870 41 35 af
708 869 76 37 lika
813 875 81 31 stor
921 870 95 48 vikt,
1051 876 55 31 att
1135 870 63 37 det
1227 871 204 37 förefinnes
1461 870 234 49 enhetlighet
1724 872 71 36 och

198 920 264 49 likformighet
489 921 139 37 mellan
657 922 45 36 de
732 922 101 36 olika
861 922 291 49 afdelningarne
1182 935 82 24 som
1294 923 102 36 inom
1425 936 142 24 samma
1586 923 207 50 afdelning.

199 971 131 38 Skulle
360 972 115 37 också
503 973 86 36 med
619 978 54 32 ett
701 974 445 50 öfverdirektörssystem
1175 975 179 48 åtgärder
1382 976 127 36 kunna
1537 975 174 49 vidtagas
1736 976 60 37 för

198 1029 55 32 att
282 1024 260 38 åstadkomma
571 1030 54 32 ett
652 1026 124 37 bättre
806 1027 210 37 samarbete
1047 1027 135 37 mellan
1202 1027 524 49 afdelningsföreståndarne,
1746 1033 48 31 än

198 1089 80 24 som
319 1077 196 37 förefanns
556 1078 82 36 före
680 1078 317 49 genomförandet
1038 1079 41 36 af
1108 1081 94 35 1897
1233 1082 60 34 års
1324 1079 270 50 organisation,
1624 1080 171 37 kommer

199 1128 63 37 det
290 1129 87 37 med
406 1133 54 33 ett
488 1130 135 37 sådant
652 1135 142 44 system
824 1131 97 36 dock
951 1131 124 49 aldrig
1104 1136 54 32 att
1186 1131 121 37 finnas
1327 1131 102 37 inom
1450 1131 201 38 distrikten
1666 1135 128 45 någon

198 1180 169 50 verkligt
396 1182 145 37 enande
571 1183 72 36 och
672 1183 346 37 sammanhållande
1045 1183 111 37 kraft.
1213 1174 313 47 Öfvervakandet
1545 1184 42 36 af
1606 1184 188 50 enhetlig-

198 1233 114 37 heten
354 1233 71 37 och
465 1233 318 50 likformigheten
815 1234 138 38 mellan
983 1235 45 37 de
1058 1236 101 37 olika
1187 1236 292 48 afdelningarna
1509 1236 171 37 kommer
1708 1237 86 36 med

199 1290 54 32 ett
294 1285 135 36 sådant
470 1290 143 44 system
655 1286 133 37 endast
817 1292 56 31 att
900 1291 73 44 äga
1001 1301 81 23 rum
1111 1301 137 34 genom
1280 1288 146 36 studier
1454 1288 42 36 af
1520 1288 55 36 till
1606 1289 187 47 styrelsen

197 1337 268 37 inkommande
506 1343 201 44 rapporter
748 1339 71 36 och
861 1339 324 48 framställningar
1227 1346 98 30 samt
1353 1353 138 35 genom
1519 1340 273 49 inspektioner,

198 1388 128 38 hvilka
354 1389 96 37 dock
478 1390 86 36 med
593 1390 147 49 hänsyn
768 1390 58 37 till
849 1392 315 48 järnvägsnätets
1194 1392 234 49 omfattning
1456 1392 190 48 svårligen
1666 1392 128 37 kunna

197 1441 117 37 blifva
343 1441 225 49 tillräckligt
594 1442 238 50 ingripande.

300 1493 75 37 Det
402 1492 125 51 ligger
555 1494 194 37 dessutom
777 1495 12 36 i
818 1495 140 37 sakens
987 1500 122 43 natur,
1139 1500 54 32 att
1216 1495 42 48 ju
1279 1509 102 23 mera
1400 1496 272 37 arbetsbördan
1691 1496 104 37 inom

167 1551 4 6 "
197 1545 132 49 hvarje
360 1546 163 37 särskild
552 1546 197 50 afdelning
777 1552 127 42 växer,
934 1547 108 45 desto
1071 1552 119 33 större
1220 1548 72 37 blir
1320 1547 180 48 utsikten,
1529 1548 183 49 antingen
1741 1553 54 32 att

197 1597 358 49 afdelningschefen
584 1599 166 37 belastas
778 1600 86 36 med
894 1602 40 34 så
955 1600 232 36 omfattande
1208 1600 261 49 detaljarbete,
1490 1605 56 32 att
1564 1601 86 47 han,
1672 1603 122 34 såsom

198 1649 254 38 förhållandet
492 1655 41 31 är
568 1650 101 37 inom
700 1652 72 36 den
800 1652 220 36 nuvarande
1043 1652 514 49 järnvägsorganisationen,
1587 1652 207 49 omöjligen

198 1702 74 36 kan
299 1702 12 35 1
346 1701 229 49 erforderlig
602 1703 95 47 grad
726 1703 116 36 hinna
871 1708 99 43 ägna
999 1703 58 48 sig
1085 1706 36 33 åt
1150 1704 44 36 de
1224 1709 121 31 större
1373 1704 208 49 uppgifter,
1612 1717 80 23 som
1721 1704 72 36 till-

197 1753 151 36 komma
376 1753 151 48 honom,
562 1754 92 36 eller
683 1755 112 36 också
823 1777 49 3 —
901 1758 125 33 såsom
1055 1755 12 35 i
1097 1768 46 23 en
1173 1755 259 49 organisation
1462 1755 120 49 enligt
1610 1755 63 37 det
1701 1769 93 36 nyss

198 1804 250 37 omförmälda
475 1805 187 49 förslaget
767 1811 55 32 att
851 1807 73 36 den
953 1806 265 49 själfständiga
1238 1807 308 44 beslutanderätt,
1570 1820 80 23 som
1672 1807 121 37 skulle

196 1856 183 50 tilläggas
417 1857 325 49 byrådirektören,
781 1861 117 34 måste
928 1859 92 36 ökas
1049 1858 10 36 i
1089 1859 112 36 sådan
1231 1859 109 49 grad,
1371 1864 54 31 att
1453 1859 72 37 den
1555 1859 239 49 enhetlighet

198 1909 68 36 och
307 1908 266 50 likformighet
614 1910 101 36 inom
757 1910 260 49 afdelningen,
1061 1924 81 23 som
1186 1912 84 35 med
1308 1911 486 50 öfverdirektörssystemet

198 1961 318 48 hufvudsakligen
559 1962 117 46 afses,
719 1966 120 33 måste
882 1963 229 48 äfventyras.
1168 1963 87 36 Med
1298 1977 43 22 en
1388 1963 103 48 dylik
1534 1963 258 48 organisation

198 2012 121 37 skulle
363 2012 82 37 icke
487 2013 136 37 endast
663 2013 206 50 ledningen
911 2020 92 30 utan
1032 2015 113 36 äfven
1175 2015 171 36 skötseln
1375 2015 42 36 af
1442 2015 350 37 statsbaneförvalt-

198 2064 141 48 ningen
369 2065 85 35 med
483 2065 72 36 den
589 2065 192 49 mångfald
811 2066 41 36 af
877 2066 198 46 intressen,
1106 2080 80 21 som
1215 2067 73 35 den
1316 2066 12 35 i
1358 2067 116 35 sådan
1503 2067 194 48 egenskap
1725 2067 68 35 har

198 2120 54 31 att
293 2115 215 48 tillgodose,
551 2116 273 37 koncentreras
867 2117 10 35 i
907 2117 199 49 styrelsen.
1165 2118 71 35 Det
1264 2117 98 36 lärer
1391 2117 60 36 väl
1480 2117 45 36 då
1552 2117 83 36 icke
1665 2118 128 36 kunna

197 2167 199 47 bestridas,
439 2172 54 31 att
534 2167 45 37 de
621 2168 463 49 förvaltningsuppgifter,
1128 2182 78 22 som
1250 2169 8 35 i
1302 2169 208 47 anledning
1538 2169 110 35 däraf
1672 2169 120 36 skulle

197 2218 209 36 tillkomma
436 2219 121 36 denna
588 2219 234 49 myndighet,
853 2220 265 48 ovillkorligen
1149 2223 120 33 måste
1298 2221 85 36 med
1412 2220 200 36 bannätets
1640 2221 151 36 utveck-

196 2271 82 48 ling
316 2270 70 36 och
424 2270 180 37 trafikens
642 2271 147 49 ökning
825 2271 155 37 tillväxa
1007 2272 11 36 i
1048 2285 47 23 en
1124 2272 115 36 sådan
1268 2272 96 49 grad
1393 2272 69 36 och
1491 2272 151 37 komma
1671 2277 52 32 att
1753 2276 39 32 så

198 2323 170 49 betunga
406 2323 199 48 styrelsen,
643 2328 55 32 att
726 2323 86 49 den,
841 2324 95 36 huru
966 2328 47 32 än
1043 2323 86 37 dess
1158 2324 259 48 organisation
1445 2324 197 49 gestaltas,
1672 2327 119 34 måste
