2204 2624
457 195 45 32 52
887 197 235 32 tatsutskottets
1153 198 181 33 Utlåtande
1360 198 66 32 N:o
1454 200 77 30 164.

405 288 81 24 sen.
541 275 57 37 Då
637 276 118 36 äfven
794 276 172 48 chefens,
1009 277 72 37 och
1121 276 123 50 enligt
1270 278 248 37 kommitténs
1546 278 149 49 förslag
1718 278 143 48 jämväl
1889 293 110 24 sous-

404 327 167 48 chefens,
600 332 77 31 rätt
713 328 200 49 härvidlag
949 334 42 31 är
1027 329 203 37 inskränkt
1265 329 58 37 till
1349 330 493 49 verkställighetsåtgärder
1868 332 43 36 af
1935 332 64 37 be-

403 378 216 37 skaffenhet
655 384 56 32 att
739 379 82 37 icke
849 381 74 35 tåla
950 380 178 50 uppskof,
1158 394 115 35 synes
1302 381 64 37 det
1392 394 91 25 vara
1507 381 88 38 bäst
1623 382 185 50 förenligt
1835 384 88 37 med
1950 397 49 23 en

405 430 260 49 affärsmässig
706 432 212 49 anordning
960 432 41 36 af
1038 432 153 37 verkets
1233 432 92 38 drift
1364 438 55 32 att
1454 433 127 37 lämna
1609 446 142 25 samma
1778 434 221 38 förtroende

404 483 87 36 med
519 495 144 24 samma
690 483 263 49 begränsning
981 484 71 37 och
1078 497 145 24 samma
1249 485 341 50 anmälningsplikt
1618 486 57 36 till
1693 486 310 50 afdelningschef

404 534 122 36 under
552 534 337 50 inspektionsresa.
928 536 89 36 Man
1044 537 101 36 lärer
1173 536 225 49 därigenom
1418 537 135 37 endast
1570 537 108 49 gifva
1695 537 304 39 instruktionens

403 586 119 48 helgd
563 589 37 33 åt
640 586 102 37 hvad
768 600 83 23 som
879 587 63 36 väl
968 588 148 36 ändock
1144 591 119 34 måste
1290 589 79 48 ske,
1399 589 48 36 då
1473 603 49 23 en
1549 589 450 49 inspektionsförrättare

404 638 129 36 ställes
560 637 103 37 inför
691 652 47 23 en
766 639 461 49 verkställighetsåtgärd,
1256 648 82 29 som
1366 641 84 37 icke
1469 641 53 36 tål
1540 641 181 49 uppskof.
1762 641 111 38 Hvad
1891 643 108 36 kom-

402 689 137 36 mittén
579 689 199 49 föreslagit
804 690 12 36 i
844 691 109 48 fråga
994 705 60 23 om
1096 691 223 50 skyldighet
1358 693 60 36 för
1459 693 183 36 souschef
1679 698 57 32 att
1762 694 238 38 omedelbart

401 741 102 37 efter
529 741 379 49 inspektionsresans
937 743 76 36 slut
1041 744 60 36 för
1128 743 378 49 generaldirektören
1533 745 162 47 anmäla,
1724 745 97 36 hvad
1851 746 77 37 han
1946 747 55 36 uti

401 806 52 23 nu
495 792 160 38 berörda
696 794 181 37 afseende
919 796 154 48 åtgjort,
1114 796 70 36 bör
1224 796 245 49 naturligtvis
1497 796 103 49 gälla
1622 797 146 49 jämväl
1794 798 61 36 för
1880 798 120 37 afdel-

404 844 215 49 ningschef.

508 896 236 37 Kommittén
772 897 57 36 får
855 898 131 36 därför
1013 898 215 48 hemställa,
1257 904 56 32 att
1341 898 336 38 bestämmelserna
1703 900 13 36 i
1743 899 21 49 $
1794 901 45 36 19
1860 901 43 36 af
1917 901 82 49 gäl-

403 948 112 36 lande
551 948 233 37 instruktion
821 952 116 34 måtte
973 951 213 36 utsträckas
1219 955 57 32 att
1302 951 116 36 vinna
1445 951 243 49 tillämpning
1715 953 112 36 äfven
1854 952 65 37 vid
1946 953 54 36 in-

404 999 188 49 spektion,
620 1014 85 23 som
732 1001 179 36 förrättas
939 1001 41 36 af
1005 1002 315 48 afdelningschef,
1347 1002 86 37 med
1462 1002 224 50 skyldighet
1712 1004 60 36 för
1789 1004 124 37 denne
1934 1010 66 42 att,

404 1052 48 36 då
480 1051 199 37 föreskrift
707 1055 48 45 på
782 1057 76 32 sätt
883 1053 14 36 i
916 1053 164 36 nämnda
1098 1054 185 49 paragraf
1300 1054 239 37 omförmäles
1558 1055 42 36 af
1615 1055 142 37 honom
1776 1056 224 48 meddelats,

402 1103 132 37 därom
561 1103 123 37 under
712 1103 73 37 alla
811 1104 266 37 förhållanden
1104 1110 96 44 göra
1228 1105 171 37 anmälan
1430 1105 69 38 hos
1528 1107 389 48 generaldirektören.

506 1179 99 38 Från
643 1194 144 23 samma
822 1182 207 49 synpunkt,
1061 1182 86 36 från
1174 1182 159 37 hvilken
1360 1183 226 36 kommittén
1614 1183 195 37 hemställt
1836 1198 61 23 om
1924 1185 77 36 för-

404 1232 163 49 ändring
593 1232 44 37 af
662 1232 21 49 $
712 1235 48 34 22
789 1233 12 36 i
828 1233 291 48 instruktionen,
1149 1247 113 24 anser
1289 1234 224 37 kommittén
1533 1234 61 50 sig
1614 1235 116 37 också
1750 1235 90 38 böra
1859 1236 143 37 föreslå

404 1284 163 49 ändring
593 1285 13 36 i
635 1284 421 49 afdelningschefernas
1084 1286 245 49 benämning.

506 1336 135 49 Enligt
668 1336 280 37 instruktionen
976 1337 176 49 angifvas
1182 1337 112 37 dessa
1312 1338 398 49 befattningshafvare
1731 1341 123 34 såsom
1875 1340 126 36 öfver-

404 1387 213 37 direktörer
659 1389 72 36 och
772 1388 139 45 chefer,
954 1388 95 37 hvar
1089 1390 71 36 och
1190 1403 48 23 en
1264 1390 61 36 för
1353 1390 59 37 sin
1440 1389 199 50 afdelning
1666 1391 103 36 inom
1799 1391 200 49 styrelsen.

403 1439 286 49 Benämningen
718 1440 279 37 öfverdirektör
1024 1440 73 37 kan
1126 1441 212 37 emellertid
1365 1441 71 37 lätt
1462 1441 87 37 leda
1575 1441 58 37 till
1662 1443 74 36 den
1763 1443 238 48 uppfattnin-

403 1505 89 34 gen,
534 1496 55 32 att
630 1492 125 37 denne
795 1491 398 50 befattningshafvare
1235 1493 96 37 skall
1363 1496 57 34 stå
1449 1493 11 36 i
1490 1499 54 31 ett
1572 1493 128 37 direkt
1728 1494 274 38 öfverordnadt

403 1543 238 37 förhållande
683 1543 58 37 till
781 1545 267 36 motsvarande
1077 1544 166 48 direkör,
1270 1545 93 36 ban-
1392 1545 165 37 maskin-
1586 1544 92 38 eller
1706 1544 294 49 trafikdirektör,

405 1598 21 33 å
466 1594 129 50 linjen.
652 1595 58 37 Då
750 1609 51 23 nu
841 1596 224 37 kommittén
1104 1610 144 36 genom
1281 1597 66 36 sitt
1375 1597 148 49 förslag
1549 1597 59 36 till
1636 1598 365 48 organisationsför-

404 1647 163 48 ändring
594 1648 89 36 sökt
712 1647 109 37 ställa
849 1647 113 38 dessa
987 1649 71 36 sist
1076 1649 158 48 angifna
1253 1648 398 49 befattningshafvare
1670 1649 122 37 under
1810 1650 191 37 distrikts-

403 1699 136 36 chefen
579 1702 129 33 såsom
742 1699 109 37 deras
884 1700 191 36 närmaste
1103 1701 161 44 förman,
1299 1700 69 37 och
1397 1701 226 36 kommittén
1651 1700 124 38 tillika
1803 1702 114 36 afsett
1945 1707 57 31 att

403 1750 177 49 borttaga
617 1751 75 36 den
729 1751 84 36 från
846 1751 104 37 äldre
978 1751 99 37 tider
1105 1751 216 38 bibehållna
1348 1753 299 48 uppfattningen
1675 1766 61 23 om
1765 1754 236 48 afdelnings-

404 1802 199 37 chefernas
645 1802 148 37 direkta
833 1803 228 49 ingripande
1098 1804 12 36 i
1137 1804 393 49 linjeförvaltningen,
1559 1805 109 36 torde
1697 1805 64 36 det
1789 1819 91 23 vara
1907 1806 94 36 nöd-

402 1854 162 49 vändigt
590 1854 61 37 för
679 1860 55 30 att
762 1855 132 48 skarpt
921 1853 199 39 framhålla
1149 1854 75 38 den
1251 1855 224 50 förändring
1501 1856 12 36 i
1541 1870 92 35 nyss
1662 1855 162 38 berörda
1851 1857 151 37 afseen-

403 1906 87 46 den,
533 1919 81 23 som
656 1906 111 48 ingår
805 1906 12 36 i
859 1907 245 36 kommitténs
1136 1906 161 51 förslag,
1325 1912 56 32 att
1407 1908 285 49 benämningen
1721 1908 281 37 öfverdirektör

403 1956 83 38 icke
523 1958 132 36 vidare
689 1958 192 36 användes
910 1958 60 37 för
996 1958 413 50 afdelningscheferna.
1466 1959 114 37 Detta
1609 1973 117 35 synes
1755 1960 113 37 också
1895 1961 106 36 kom-

403 2009 134 36 mittén
572 2013 42 33 så
643 2011 155 48 mycket
824 2009 237 51 lämpligare.
1089 2024 83 23 som
1201 2011 281 49 benämningen
1511 2011 292 47 öfverdirektör,
1832 2011 169 49 hvilken,

403 2060 120 49 enligt
550 2061 102 37 hvad
680 2062 226 36 kommittén
933 2062 117 36 redan
1077 2063 179 48 påpekat,
1283 2063 10 36 i
1323 2063 192 49 åtskilliga
1533 2063 119 37 andra
1672 2069 144 31 statens
1835 2065 167 36 ämbets-

402 2113 94 34 verk
537 2113 197 36 användes
776 2117 120 33 såsom
938 2114 234 49 benämning
1214 2117 20 34 å
1270 2114 301 38 ämbetsverkets
1599 2115 99 46 chef,
1728 2116 274 49 synnnerligen

402 2163 63 36 väl
507 2168 119 43 ägnar
667 2166 62 48 sig
769 2168 124 34 såsom
937 2165 229 50 benämning
1206 2166 59 37 för
1294 2166 236 37 souschefen.
1587 2166 416 49 Afdelningscheferna

402 2215 92 37 böra
515 2215 171 38 däremot
706 2216 188 38 bibehålla
914 2217 284 49 benämningen
1216 2217 352 49 afdelningschefer
1586 2219 13 36 i
1619 2218 202 49 styrelsen,
1841 2219 163 37 hvilken
