2208 2642
427 147 101 29 Andra
552 146 199 32 Kammarens
776 146 164 37 Tillfälliga
964 146 126 29 Utskotts
1112 145 73 40 (N:o
1209 146 31 37 5)
1265 144 153 29 Utlåtande
1442 143 57 30 N:o
1523 145 29 29 5.
1739 141 17 31 5)

210 226 117 36 oftast
354 231 64 31 äro
446 224 164 37 rådande
638 224 11 36 i
678 227 90 33 våra
796 224 134 47 städer,
951 223 176 37 särskildt
1147 223 45 36 de
1212 227 126 32 större.
1368 222 87 36 Med
1475 221 325 49 trångboddheten

211 278 70 36 och
309 275 429 51 inneboendesystemet,
770 276 64 36 allt
863 276 134 48 följder
1026 275 40 36 af
1090 274 142 37 bristen
1259 277 48 46 på
1327 273 99 48 goda
1446 273 175 37 bostäder
1640 273 52 36 till
1714 273 86 36 rim-

210 330 76 48 liga
326 329 131 49 priser,
501 329 73 35 kan
615 328 83 36 icke
741 328 146 36 förenas
928 327 139 37 tanken
1108 329 48 47 på
1198 326 99 49 goda
1335 325 95 37 hem.
1488 325 108 36 Goda
1629 324 171 37 bostads-

211 381 258 36 förhållanden
499 385 65 31 äro
592 380 127 36 därför
747 392 46 24 en
822 379 217 49 nödvändig
1068 377 278 48 förutsättning.
1386 376 156 37 Osunda
1569 376 230 37 bostadsför-

209 432 201 36 hållanden
439 432 166 36 medföra
635 432 111 35 äfven
776 431 98 36 faror
903 431 56 36 för
987 431 155 36 släktets
1171 429 161 36 sundhet
1360 429 71 36 och
1460 429 113 35 hälsa.
1622 428 88 36 Man
1739 427 61 37 be-

210 484 130 36 höfver
368 483 131 36 härvid
528 488 26 30 t.
585 496 56 22 ex.
672 482 96 37 blott
796 483 120 36 erinra
944 495 60 23 om
1026 482 45 35 de
1091 481 135 36 talrika
1245 480 220 36 uttalanden
1486 481 81 35 från
1587 479 125 36 läkare
1732 479 69 37 och

210 534 114 37 andra
366 533 254 48 auktoriteter,
656 547 60 22 om
747 534 152 35 hvilken
928 540 78 30 stor
1033 533 68 35 roll
1131 531 100 49 goda
1259 531 174 37 bostäder
1460 531 112 36 hafva
1600 530 12 36 i
1641 531 160 49 kampen

209 591 79 31 mot
325 585 281 45 tuberkulosen,
643 586 71 35 och
744 586 70 35 hur
842 587 85 34 svår
955 585 57 36 för
1040 590 53 30 att
1121 584 81 36 icke
1231 588 90 43 säga
1350 583 159 49 hopplös
1538 582 122 36 denna
1688 582 112 49 kamp

210 638 79 36 ofta
321 642 50 42 är,
404 637 66 36 där
498 637 70 36 den
597 636 240 49 förhärjande
865 636 225 49 sjukdomen
1120 635 154 48 främjes
1304 635 42 35 af
1369 634 172 49 eländiga
1570 633 232 37 bostadsför-

211 689 208 36 hållanden.
451 688 81 37 Och
559 691 48 47 på
634 689 100 36 olika
762 688 177 37 områden
967 688 70 36 och
1064 687 11 36 i
1095 690 138 45 många
1254 686 203 37 afseenden
1477 686 95 36 skall
1591 686 128 35 kunna
1737 688 64 46 på-

210 741 99 37 visas
338 741 71 36 den
438 741 192 49 betydelse
659 754 80 23 som
767 740 290 49 bostadsfrågan
1085 740 77 36 har.
1194 737 214 38 Omtanken
1436 738 68 36 bör
1529 737 144 37 således
1693 750 110 23 mana

210 794 56 36 till
307 799 54 30 att
401 793 11 35 i
447 793 108 36 dessa
584 792 201 37 afseenden
814 792 91 37 söka
932 794 127 47 uppnå
1087 791 122 37 bättre
1239 790 258 37 förhållanden
1526 795 47 31 än
1601 789 46 36 de
1675 802 52 23 nu
1745 792 57 33 rå-

211 845 130 36 dande.

337 896 73 37 Det
438 897 74 35 kan
541 896 185 37 måhända
755 896 57 36 för
840 909 46 23 en
914 896 70 36 och
1004 909 122 22 annan
1147 907 125 36 synas,
1293 907 80 23 som
1394 907 61 23 om
1475 893 174 36 städerna
1669 892 134 49 själfva

210 949 120 36 skulle
370 948 114 37 hafva
525 948 172 48 förmåga
726 952 54 32 att
807 960 191 24 ensamma
1026 946 90 37 råda
1143 945 66 37 bot
1236 948 48 47 på
1312 944 200 50 härvidlag
1538 944 164 37 rådande
1731 944 73 36 för-

211 1000 199 37 hållanden
430 999 69 37 och
519 1005 71 43 äga
609 1012 167 24 resurser
795 1004 54 32 att
868 999 181 49 omskapa
1069 998 96 37 dem.
1196 997 87 37 Men
1297 996 377 38 missförhållandena
1690 1009 113 36 synas

211 1059 89 42 taga
327 1052 140 37 sådana
493 1051 273 50 proportioner,
797 1055 54 33 att
871 1051 71 36 alla
962 1051 45 36 de
1027 1049 240 51 hjälpmedel,
1292 1062 80 24 som
1397 1049 126 36 kunna
1543 1051 57 34 stå
1609 1043 65 62 till
1702 1043 100 62 buds,

210 1107 118 34 måste
368 1109 109 44 tagas
518 1103 12 36 i
572 1104 173 49 anspråk,
788 1104 69 36 och
897 1116 78 24 mer
1014 1108 47 31 än
1090 1116 47 23 en
1164 1107 76 44 väg
1267 1103 120 35 måste
1416 1105 143 45 öppnas
1587 1100 59 37 för
1674 1104 55 33 att
1756 1103 48 33 nå

212 1156 61 37 det
302 1155 283 38 eftersträfvade
613 1156 124 36 målet.
766 1155 57 37 Då
850 1159 123 33 staten
1002 1155 189 36 dessutom
1221 1154 57 37 för
1303 1151 285 51 landsbygdens
1608 1152 60 37 del
1686 1152 115 37 redan

211 1209 139 35 lämnat
382 1208 64 36 sitt
474 1208 84 36 stöd
587 1208 70 36 och
685 1208 59 37 sin
771 1207 226 38 medverkan
1027 1207 57 36 för
1112 1212 54 31 att
1194 1209 37 33 åt
1258 1205 144 37 mindre
1429 1204 220 37 bemedlade
1677 1204 124 36 lämna

211 1259 145 37 tillfälle
385 1264 54 32 att
468 1260 116 50 skapa
612 1259 60 50 sig
700 1273 97 36 egna
824 1260 97 46 hem,
951 1262 40 33 så
1018 1263 40 32 är
1087 1258 63 37 det
1177 1258 60 36 väl
1262 1258 113 36 också
1394 1256 241 50 berättigadt,
1656 1261 55 31 att
1730 1262 70 31 sta-

211 1317 63 31 ten
302 1312 145 36 lämnar
474 1317 53 31 ett
554 1311 263 37 motsvarande
845 1311 84 36 stöd
958 1311 111 36 äfven
1098 1311 12 35 i
1139 1310 106 48 fråga
1273 1322 61 23 om
1362 1308 186 37 städerna.

338 1363 87 37 Med
468 1363 175 37 afseende
683 1366 49 47 på
774 1368 112 32 sättet
913 1362 128 36 härför
1067 1362 79 46 har,
1176 1364 122 33 såsom
1328 1361 101 36 förut
1458 1360 154 48 anförts,
1643 1359 159 49 tidigare

210 1415 229 49 ifrågasatts,
469 1421 53 30 att
550 1415 72 37 den
651 1428 50 23 nu
730 1414 205 49 befintliga,
961 1414 59 36 för
1038 1412 263 51 landsbygden
1321 1412 154 37 afsedda
1495 1412 307 48 egnahemslåne-

212 1467 139 37 fonden
379 1467 121 36 skulle
523 1467 212 37 utsträckas
755 1472 53 31 att
826 1466 101 49 gälla
951 1466 111 37 äfven
1083 1465 58 37 för
1160 1464 316 37 stadsområdena.
1505 1462 298 38 Förhållandena

211 1520 11 36 i
251 1519 173 38 städerna
452 1519 105 37 torde
576 1518 199 50 härvidlag
794 1518 205 37 emellertid
1018 1517 12 36 i
1050 1516 190 49 åtskilliga
1260 1516 201 37 afseenden
1480 1516 107 37 ställa
1607 1516 61 48 sig
1687 1518 116 46 något

212 1571 98 37 olika
350 1577 79 31 mot
458 1571 280 37 förhållandena
765 1573 49 47 på
841 1568 274 51 landsbygden,
1145 1572 40 33 så
1213 1574 54 31 att
1295 1569 83 37 skäl
1406 1582 112 35 synas
1547 1568 75 36 tala
1651 1567 69 48 för,
1750 1573 53 31 att

212 1636 46 24 en
287 1623 57 37 för
371 1623 174 37 städerna
573 1623 160 37 särskild
761 1622 132 38 afsedd
920 1622 176 37 lånefond
1125 1621 69 37 bör
1217 1621 132 47 bildas,
1371 1621 57 37 för
1447 1620 154 37 hvilken
1620 1619 183 37 särskilda

211 1675 284 37 bestämmelser
522 1675 116 37 blifva
666 1674 186 50 gällande.

340 1726 106 39 Skall
469 1732 54 32 ett
543 1727 192 37 verksamt
753 1726 207 37 understöd
979 1726 130 36 kunna
1128 1724 127 50 gifvas
1274 1724 58 37 till
1351 1724 205 49 lösningen
1575 1724 41 36 af
1631 1723 173 37 bostads-

212 1779 135 49 frågan
373 1779 61 37 för
461 1779 46 36 de
535 1778 146 37 mindre
709 1778 220 38 bemedlade
957 1779 11 35 i
997 1777 188 48 städerna,
1215 1789 115 37 synes
1359 1776 163 38 statslån
1547 1776 13 37 i
1579 1775 106 38 detta
1704 1775 101 50 syfte

212 1832 31 48 ej
287 1831 93 37 böra
406 1831 210 49 begränsas
643 1831 57 36 till
728 1844 100 35 egna
855 1831 99 47 hem,
983 1829 13 36 i
1023 1829 73 38 den
1124 1829 158 49 mening
1309 1828 155 38 därmed
1492 1828 99 37 afses
1618 1827 87 37 med
1732 1827 71 38 den

211 1896 51 24 nu
303 1882 211 49 befintliga,
556 1883 59 36 för
642 1882 265 49 landsbygden
934 1881 179 49 gällande
1141 1880 239 49 lånefonden,
1410 1880 121 49 enligt
1558 1879 157 38 hvilken
1742 1880 63 36 lån

211 1935 134 37 endast
386 1935 214 49 medgifvas
642 1935 58 36 till
731 1934 170 37 enskilda
929 1934 71 37 och
1028 1933 177 37 afseende
1233 1933 268 49 förnämligast
1528 1931 275 50 enfamiljshus,

211 1992 92 32 utan
343 1986 117 38 borde
502 2000 48 24 en
590 1986 194 38 blifvande
812 1986 205 49 utredning
1046 1986 114 37 äfven
1188 1985 93 38 böra
1309 1985 160 37 omfatta
1497 1984 134 50 frågan
1660 1997 60 24 om
1750 1989 55 32 att

212 2039 195 50 medgifva
433 2039 63 37 lån
524 2039 56 37 till
607 2038 391 49 bostadsföreningar,
1028 2037 246 51 kooperativa
1297 2037 151 49 företag
1467 2037 90 37 eller
1576 2036 126 49 bolag,
1723 2050 81 23 som

211 2092 115 37 hafva
353 2091 58 37 till
439 2091 100 50 syfte
567 2096 56 32 att
651 2091 133 49 bygga
810 2091 178 37 bostäder
1014 2091 59 36 för
1101 2089 171 38 arbetare
1301 2089 70 37 och
1399 2088 146 38 mindre
1571 2088 232 37 bemedlade.

212 2146 79 36 Här
330 2144 75 36 kan
442 2144 45 49 ju
527 2142 194 50 nämligen
762 2142 84 37 icke
887 2142 118 37 blifva
1037 2142 106 49 fråga
1172 2155 60 23 om
1261 2141 134 37 enbart
1423 2140 263 50 enfamiljshus
1713 2145 92 32 utan

213 2197 113 36 äfven
365 2195 230 38 bostadshus
635 2195 87 37 med
749 2194 90 38 flera
865 2193 232 50 lägenheter.
1151 2194 76 37 Det
1253 2194 124 36 finnes
1405 2199 26 31 t.
1462 2206 55 24 ex.
1547 2192 258 38 bostadsföre-

212 2248 149 49 ningar,
391 2262 81 24 som
500 2248 57 37 till
586 2248 82 37 sina
696 2247 242 37 medlemmar
966 2246 84 38 med
1079 2260 48 24 en
1154 2245 78 38 viss
1257 2246 226 49 äganderätt
1501 2245 156 50 upplåta
1675 2244 129 50 lägen-
