1872 2780
266 162 18 30 2
569 163 124 30 Första
717 162 245 40 lagutskottets
986 163 179 31 utlåtande
1186 173 45 21 nr
1255 165 39 29 16
1316 164 39 31 år
1378 165 84 30 1958

269 246 175 40 betydelse
467 246 54 30 för
543 247 66 29 den
633 247 263 40 skattskyldige.
920 247 338 40 Fullföljdsspärren
1280 250 55 28 tar
1357 248 88 30 sikte
1467 249 45 39 på
1535 249 133 30 sådana
1689 249 83 35 mål,

270 296 62 30 där
360 297 298 30 kammarrättens
686 297 125 39 utslag,
841 297 103 30 såvitt
974 298 56 30 det
1060 298 72 39 gått
1160 298 198 39 klaganden
1387 301 103 32 emot,
1521 309 99 20 avser
1649 299 122 30 enbart

271 347 99 39 fråga
395 356 58 21 om
479 347 147 40 höjning
653 348 83 29 eller
764 348 174 40 sänkning
964 358 42 20 av
1031 348 172 31 inkomst-
1229 349 82 30 eller
1338 348 433 41 förmögenhetstaxering.

269 398 243 29 Besvärstalan
535 398 9 29 i
566 398 408 39 inkomsttaxeringsmål
997 398 54 30 får
1072 399 87 34 icke,
1183 401 86 28 utan
1291 402 49 27 att
1362 400 292 39 regeringsrätten
1677 401 95 29 med-

269 447 92 30 delat
383 450 124 37 parten
529 448 159 30 tillstånd
711 448 126 34 därtill,
860 450 173 38 upptagas
1053 449 54 29 till
1130 450 183 39 prövning,
1336 459 56 20 om
1414 450 66 30 vad
1503 453 124 36 parten
1649 453 122 37 tappat

270 498 8 28 i
300 497 98 40 fråga
418 507 57 20 om
495 499 142 29 taxerad
657 498 156 30 inkomst
832 499 76 29 icke
928 499 135 40 uppgår
1084 499 167 40 antingen
1271 500 52 29 till
1344 500 107 30 minst
1472 500 62 30 500
1555 501 131 30 kronor
1706 501 66 30 och

269 548 112 30 tillika
403 548 108 30 minst
533 558 41 20 en
598 548 174 31 tiondedel
795 558 41 21 av
858 549 67 30 den
946 549 164 31 taxerade
1131 550 202 30 inkomsten
1356 551 82 30 eller
1460 551 106 30 också
1588 551 53 30 till
1663 552 108 30 minst

270 599 17 28 5
302 598 62 30 000
384 599 140 29 kronor.
544 599 12 29 I
574 599 70 30 mål
664 608 57 21 om
740 599 421 41 förmögenhetstaxering
1180 601 89 29 skall
1288 601 66 30 vad
1372 603 123 38 parten
1514 604 122 37 tappat
1656 602 115 40 uppgå

271 649 49 29 till
339 649 108 30 minst
467 649 40 30 50
521 649 62 30 000
602 650 141 29 kronor.

311 699 353 39 Prövningstillstånd
689 699 55 31 för
767 700 68 30 mål
860 709 76 21 som
960 701 106 39 ligger
1089 701 113 30 under
1225 701 295 41 beloppsgränsen
1545 703 91 30 skall
1659 703 107 39 enligt

267 748 165 41 förslaget
452 750 119 30 kunna
591 750 178 31 meddelas
787 760 57 20 om
864 751 57 30 det
941 751 55 30 för
1015 751 153 40 enhetlig
1188 752 217 40 lagtolkning
1423 753 82 29 eller
1524 753 243 40 rättstillämp-

267 798 82 40 ning
372 801 38 29 är
433 809 42 21 av
498 800 177 40 synnerlig
697 801 83 34 vikt,
805 803 49 28 att
877 802 96 29 talan
996 802 125 39 prövas
1145 812 43 20 av
1210 803 293 39 regeringsrätten
1532 804 236 40 (prejudikat-

267 848 173 40 dispens),
466 851 82 29 eller
571 852 125 37 parten
719 851 103 36 visar,
847 854 51 27 att
921 852 114 30 talans
1060 853 173 40 prövning
1256 853 101 40 eljest
1382 854 112 30 skulle
1518 854 46 30 ha
1589 855 178 39 synnerlig

268 899 176 40 betydelse
463 902 120 28 utöver
602 901 58 30 det
678 900 267 41 ifrågavarande
964 902 105 30 målet
1094 903 342 41 (intressedispens).

311 951 91 29 Från
436 951 412 41 fullföljdsbegränsning
880 953 177 31 undantas
1090 954 385 41 eftertaxeringsmålen
1509 958 91 27 samt
1631 956 136 30 huvud-

266 1002 124 36 parten
409 1011 42 20 av
470 1002 40 30 de
530 1003 78 34 mål,
629 1003 8 28 i
659 1003 94 30 vilka
772 1003 198 39 klaganden
990 1004 70 30 kan
1079 1004 151 40 åberopa
1250 1005 298 40 omständigheter
1566 1015 77 22 som
1663 1015 103 32 grun-

267 1050 61 30 dar
355 1052 242 30 extraordinär
622 1053 223 30 besvärsrätt.

310 1101 49 31 De
377 1112 68 30 nya
464 1102 338 41 fullföljdsreglerna
821 1104 89 30 skall
929 1105 107 39 enligt
1054 1105 167 40 förslaget
1240 1106 99 31 träda
1358 1107 10 29 i
1387 1107 95 30 kraft
1501 1107 66 30 den
1589 1109 14 29 1
1624 1108 142 40 januari

269 1152 82 30 1959
369 1162 82 20 men
467 1154 88 30 skall
573 1154 72 30 inte
660 1154 179 40 tillämpas
857 1155 45 40 på
920 1156 208 39 taxeringar,
1149 1165 75 21 som
1242 1157 200 31 verkställts
1460 1158 106 40 enligt
1585 1159 67 30 den
1671 1159 95 30 äldre

266 1202 441 41 taxeringsförordningen.

720 1313 159 48 Ändring
901 1319 12 32 i
935 1319 371 44 regeringsrättslagen

800 1407 166 31 Gällande
984 1408 257 31 bestämmelser

310 1490 49 30 De
382 1491 284 39 grundläggande
689 1492 268 31 föreskrifterna
980 1494 178 39 angående
1181 1494 311 40 regeringsrättens
1517 1497 247 29 sammansätt-

268 1539 83 40 ning
369 1541 64 29 och
452 1541 223 30 verksamhet
694 1542 191 30 återfinnes
903 1543 11 29 i
934 1542 38 37 $$
995 1543 48 34 18,
1063 1544 52 33 22,
1134 1544 41 30 23
1194 1544 65 30 och
1278 1545 40 30 25
1337 1544 316 40 regeringsformen
1673 1548 91 27 samt

266 1590 11 28 i
304 1589 98 39 lagen
428 1590 66 30 den
520 1591 42 29 26
587 1591 75 40 maj
689 1591 84 30 1909
798 1601 55 20 om
880 1592 127 40 Kungl.
1032 1593 126 40 Maj:ts
1184 1594 249 40 regeringsrätt
1464 1596 299 39 (regeringsrätts-

268 1639 131 40 lagen).

311 1690 213 39 Konungens
543 1692 69 29 rätt
631 1693 51 28 att
700 1692 106 39 pröva
826 1692 64 29 och
909 1694 127 38 avgöra
1054 1693 134 35 besvär,
1209 1703 76 20 som
1302 1694 142 39 jämlikt
1464 1695 299 40 författningarna

268 1740 56 30 må
342 1739 64 30 hos
424 1740 194 40 Konungen
638 1741 174 40 fullföljas
829 1742 12 29 i
860 1743 387 39 statsdepartementen,
1267 1745 32 29 d.
1317 1753 30 22 v.
1368 1753 25 21 s.
1412 1744 123 31 besvär
1554 1746 81 29 över
1654 1746 109 30 admi-

268 1789 183 29 nistrativa
472 1790 259 39 myndigheters
752 1791 123 34 beslut,
898 1792 90 29 skall
1009 1793 107 39 enligt
1137 1792 15 37 8
1179 1793 38 29 18
1240 1794 314 39 regeringsformen
1575 1795 11 29 i
1608 1795 65 30 den
1694 1804 74 21 om-

267 1840 164 39 fattning,
448 1850 72 21 som
537 1841 211 31 bestämmes
765 1842 11 29 i
793 1842 151 30 särskild
963 1844 64 38 lag,
1044 1843 199 40 uppdragas
1261 1844 35 29 åt
1312 1844 107 31 minst
1438 1845 55 39 sju
1512 1854 42 20 av
1571 1846 195 39 Konungen

268 1892 193 30 utnämnda
487 1901 176 31 personer,
689 1902 75 21 som
790 1894 165 30 förvaltat
980 1894 79 30 civil
1084 1895 211 40 beställning
1321 1898 91 27 samt
1437 1896 116 30 däruti
1579 1897 184 40 ådagalagt

266 1941 119 35 insikt,
402 1942 199 30 erfarenhet
617 1943 66 30 och
699 1943 179 40 redlighet.
896 1944 50 30 De
962 1944 111 30 kallas
1089 1945 243 40 regeringsråd
1349 1946 64 29 och
1431 1948 100 37 utgör
1549 1946 213 40 Konungens

267 1990 257 40 regeringsrätt.
551 1992 107 30 Minst
684 1993 59 30 två
768 1993 211 40 tredjedelar
1004 2003 43 21 av
1070 1995 80 29 hela
1176 1996 131 29 antalet
1333 1996 241 39 regeringsråd
1602 1997 90 30 skall
1717 1997 46 30 ha

267 2040 160 40 fullgjort
449 2042 65 29 vad
536 2042 299 40 författningarna
858 2044 211 30 föreskriver
1092 2045 89 36 dem,
1207 2054 76 20 som
1304 2045 51 30 uti
1377 2046 305 30 domareämbeten
1706 2047 57 30 må

267 2090 143 39 nyttjas.
437 2091 51 29 En
513 2100 42 20 av
577 2092 313 39 regeringsrättens
916 2093 160 40 lagfarna
1100 2094 192 30 ledamöter
1317 2095 89 29 skall
1431 2096 106 39 enligt
1565 2096 14 36 $
1608 2097 38 30 21
1674 2104 92 32 rege-

267 2140 235 39 ringsformen
531 2141 196 40 tjänstgöra
755 2143 10 28 i
794 2143 164 39 lagrådet.
989 2144 13 30 I
1033 2144 15 37 $
1080 2144 40 31 22
1149 2145 317 39 regeringsformen
1497 2146 151 40 stadgas,
1677 2148 50 29 att
1754 2146 12 30 i

267 2191 293 39 regeringsrätten
583 2193 71 29 mål
679 2193 70 29 kan
773 2195 125 38 prövas
922 2195 64 29 och
1012 2196 144 38 avgöras
1181 2205 43 20 av
1248 2196 70 29 fem
1343 2197 200 35 ledamöter,
1569 2198 39 30 så
1631 2198 65 29 ock
1720 2207 43 21 av

267 2241 87 39 fyra,
371 2241 64 30 där
451 2243 51 28 tre
518 2251 42 20 av
575 2242 79 30 dem
671 2244 39 28 är
726 2252 56 20 om
800 2243 104 30 slutet
921 2253 92 21 ense.

310 2290 66 30 Om
403 2291 312 40 regeringsrättens
741 2293 237 39 organisation
1006 2294 64 30 och
1096 2295 224 30 verksamhet
1348 2297 139 38 stadgas
1514 2296 118 31 vidare
1659 2297 11 29 i
1699 2298 14 29 1
1745 2297 15 37 8

265 2340 380 40 regeringsrättslagen,
673 2344 51 27 att
751 2343 294 39 regeringsrätten
1071 2344 91 30 skall
1187 2346 142 38 utgöras
1356 2355 42 21 av
1425 2346 55 39 sju
1508 2347 253 40 regeringsråd.

311 2389 120 30 Såsom
452 2390 106 30 redan
578 2392 143 29 nämnts
741 2391 64 30 har
822 2393 69 33 det,
911 2394 81 29 med
1010 2393 137 40 hänsyn
1169 2394 52 29 till
1242 2395 66 29 den
1329 2395 110 31 under
1460 2396 101 30 årens
1583 2396 79 40 lopp
1685 2398 80 29 öka-

264 2439 41 30 de
340 2440 296 40 tillströmningen
672 2450 42 21 av
750 2442 69 29 mål
843 2443 51 30 till
918 2443 295 40 regeringsrätten
1240 2445 64 29 och
1329 2445 303 31 arbetsbalansens
1658 2447 106 30 därav
