1922 2804
321 146 109 29 Andra
453 146 195 29 kammarens
665 152 120 24 andra
807 148 166 34 tillfälliga
995 148 138 29 utskotts
1154 149 163 29 utlåtande
1340 149 48 28 Nr
1414 154 27 25 $&.
1589 149 40 31 33

121 233 80 32 eller
227 233 39 31 61
293 236 136 34 procent
452 232 152 32 tillfallit
630 232 277 39 systembolaget;
933 234 43 36 på
1001 236 235 35 restauranger
1263 234 73 32 med
1364 234 169 32 överlåtna
1563 239 64 28 rät-

122 275 143 37 tigheter
286 287 39 19 en
347 275 206 31 bruttovinst
573 286 42 20 av
637 276 173 36 5,628,000
831 275 133 39 kronor,
986 287 103 19 varav
1116 277 172 36 1,697,000
1311 277 120 31 kronor
1454 277 80 32 eller
1557 279 71 30 30.2

121 320 135 35 procent
277 317 151 32 tillfallit
450 317 272 38 systembolaget.

166 358 76 33 Som
259 371 99 25 synes
376 364 38 27 är
430 359 54 32 för
498 360 209 31 närvarande
725 359 390 39 Stockholmssystemets
1133 360 194 39 behållning
1345 374 40 20 av
1403 362 224 38 spritdrycks-

120 402 227 31 inkomsterna
369 403 43 37 på
432 402 38 32 de
491 406 233 34 restauranger
746 414 42 20 av
808 403 102 38 högre
932 403 103 38 klass,
1058 415 68 19 som
1148 404 184 38 övertagits
1353 416 42 20 av
1418 408 209 35 restaurang-

120 444 144 38 bolaget,
296 444 136 32 relativt
462 444 135 32 dubbelt
627 445 37 31 så
694 448 69 28 stor
794 456 68 20 som
894 445 279 38 systembolagets
1203 447 231 31 motsvarande
1465 447 90 32 vinst
1585 459 43 19 av

120 486 488 38 spritdrycksutskänkningen
632 487 44 38 på
701 490 235 35 restauranger
962 488 73 31 med
1063 488 207 38 rättigheter,
1298 489 170 32 överlåtna
1495 490 53 31 till
1574 502 52 20 en-

122 528 121 32 skilda.

165 570 56 32 Av
244 570 55 32 det
321 570 105 39 sagda
449 571 94 32 torde
566 571 144 38 framgå,
735 575 50 28 att
808 571 73 32 icke
904 572 102 38 något
1028 583 42 20 av
1093 572 38 32 de
1156 572 75 32 skäl
1254 573 241 32 motionärerna
1518 574 11 31 i
1551 574 74 32 eko-

119 613 147 32 nomiskt
291 614 161 31 avseende
477 614 157 38 andragit
660 615 54 31 för
740 626 39 20 en
806 618 94 28 extra
928 614 133 32 ordinär
1086 615 249 39 undersökning
1362 628 41 19 av
1431 616 194 39 rusdrycks-

120 655 496 39 försäljningsorganisationen
646 661 37 26 är
710 656 158 32 hållbart.
921 656 66 33 Det
1016 658 144 31 återstår
1188 662 50 28 att
1269 659 147 37 granska
1444 659 38 31 de
1511 659 114 32 social-

120 697 161 38 politiska
300 702 187 35 argument,
508 710 69 20 som
597 699 106 38 enligt
723 699 96 32 deras
838 700 134 38 mening
992 699 109 38 stödja
1123 700 118 32 kravet
1262 701 43 37 på
1325 713 38 19 en
1386 701 103 31 sådan
1511 702 114 31 under-

121 741 153 38 sökning.

165 784 247 31 Motionärerna
432 783 83 38 vilja
537 783 73 32 icke
631 783 158 38 bestrida,
813 787 50 28 att
885 783 111 32 »vissa
1019 784 89 31 sidor
1131 796 42 20 av
1195 784 60 32 den
1276 789 84 27 mest
1381 785 11 31 i
1414 790 125 32 ögonen
1562 785 63 32 fal-

120 825 97 32 lande
240 825 243 32 alkoholismen
508 826 12 31 1
545 826 109 37 någon
679 826 76 30 mån
783 825 181 38 påverkats
990 826 43 37 på
1057 829 47 29 ett
1131 830 77 33 sätt,
1236 838 68 20 som
1330 827 65 31 kan
1424 827 105 31 väcka
1557 827 67 31 till-

120 867 277 32 fredsställelse».
440 868 75 31 Men
535 868 38 31 de
593 867 91 32 hålla
704 868 85 38 föra,
810 871 50 28 att
880 880 39 20 en
940 867 146 39 alltjämt
1107 868 135 39 stegrad
1261 868 210 33 konsumtion
1492 881 41 19 av
1556 881 69 20 rus-

120 909 143 38 drycker
283 910 109 31 vållar
413 909 123 32 sociala
559 909 316 39 skadeverkningar,
899 922 91 19 »som
1012 911 11 31 i
1043 910 100 38 högst
1165 911 96 38 ringa
1284 911 83 38 grad
1389 915 172 34 motvägas
1584 923 41 20 av

119 952 44 37 på
181 952 92 31 vissa
292 952 127 37 platser
439 952 189 38 obetydligt
646 952 185 37 sjunkande
852 952 273 38 fyllerisiffror».

164 994 73 32 Den
258 994 70 32 bild
350 994 36 33 af
408 994 403 38 försäljningssystemets
834 995 124 31 sociala
979 995 135 38 verkan,
1139 1007 68 19 som
1229 995 136 32 tecknas
1388 996 11 31 i
1421 996 95 31 dessa
1538 1000 87 27 utta-

119 1036 130 39 landen,
277 1037 62 31 har
365 1037 99 38 ingen
490 1037 242 38 motsvarighet
759 1038 12 31 i
798 1037 60 32 den
887 1037 165 32 officiella
1079 1037 339 33 alkoholstatistiken.
1469 1038 72 31 Den
1568 1039 56 37 på-

120 1079 120 32 stådda
259 1079 194 38 stegringen
474 1091 41 20 av
533 1079 390 32 alkoholkonsumtionen
945 1083 48 28 ter
1016 1080 51 38 sig
1088 1080 11 31 i
1122 1080 112 32 stället
1253 1101 44 3 —
1316 1080 215 38 naturligtvis
1553 1080 73 32 med

119 1121 204 32 variationer
345 1122 54 31 för
421 1121 89 32 olika
534 1122 36 31 år
590 1143 44 2 —
657 1133 69 21 som
748 1134 40 19 en
811 1122 174 32 deciderad
1007 1122 165 38 nedgång.
1219 1122 242 39 Utvecklingen
1485 1134 139 27 avspeg-

118 1164 51 31 las
190 1163 75 32 bäst
286 1163 12 32 1
319 1176 39 19 en
382 1164 314 38 sammanställning
719 1176 41 20 av
784 1164 38 32 de
844 1164 272 39 genomsnittliga
1141 1165 320 32 konsumtionstalen
1486 1177 58 26 per
1567 1165 57 31 hu-

118 1206 67 31 vud
200 1206 105 31 under
322 1206 91 31 olika
432 1206 151 38 perioder
600 1218 42 20 av
662 1207 38 31 de
721 1210 129 28 senaste
869 1207 125 31 femton
1015 1208 88 31 åren.
1145 1206 124 33 Genom
1289 1219 39 20 en
1348 1207 94 38 dylik
1463 1219 161 21 samman-

120 1248 163 38 ställning
305 1248 203 38 förebygges
529 1248 101 32 också
653 1249 61 31 den
735 1261 121 19 annars
880 1254 81 26 nära
983 1249 52 31 till
1058 1249 106 32 hands
1187 1250 157 37 liggande
1368 1250 257 38 invändningen,

118 1293 51 28 att
198 1290 138 32 särskilt
363 1302 222 26 gynnsamma
614 1290 79 32 eller
722 1303 239 26 ogynnsamma
991 1291 37 31 år
1054 1291 88 33 valts
1172 1291 53 31 till
1253 1292 290 38 utgångspunkter
1572 1292 53 31 för

118 1332 228 37 Jämförelsen.
389 1332 113 32 Under
521 1333 38 32 de
577 1337 50 28 tre
649 1333 46 37 år,
716 1345 68 20 som
806 1333 93 38 ligga
920 1333 11 31 1
952 1333 89 32 tiden
1063 1337 149 28 närmast
1234 1334 70 31 före
1324 1334 38 32 de
1385 1334 106 32 första
1512 1334 113 32 lokala

120 1374 157 32 försöken
298 1375 75 32 med
393 1375 215 32 individuellt
630 1375 275 38 kontrollsystem
928 1376 53 31 för
1005 1375 244 38 försäljningen
1272 1388 42 19 av
1337 1376 288 38 alkoholdrycker,

118 1417 79 31 åren
224 1418 228 37 1911—1913,
478 1417 155 38 utgjorde
658 1417 468 38 spritdryckskonsumtionen
1150 1418 12 31 i
1189 1417 136 39 Sverige
1350 1430 57 26 per
1431 1419 37 31 år
1494 1419 59 31 och
1578 1419 46 30 in-

117 1460 124 31 vånare
260 1460 11 31 i
292 1460 156 31 medeltal
468 1462 47 29 7.5
535 1460 86 31 liter.
667 1460 113 32 Under
800 1463 150 29 närmast
972 1459 147 38 följande
1141 1460 234 38 treårsperiod,
1397 1461 227 36 1914—1916,

119 1502 42 31 då
190 1502 43 37 på
260 1506 51 28 ort
339 1502 87 32 efter
455 1506 51 28 ort
535 1502 92 33 detta
654 1506 126 34 system
810 1502 136 38 började
975 1503 182 31 successivt
1185 1502 182 39 tillämpas,
1398 1502 96 38 sjönk
1525 1503 97 38 sprit-

119 1544 381 38 dryckskonsumtionen
521 1545 54 31 till
596 1546 46 30 6.7
664 1545 76 32 liter
760 1545 11 32 i
792 1545 156 32 medeltal
967 1556 57 27 per
1044 1546 38 30 år
1101 1546 59 31 och
1181 1546 169 32 invånare.
1393 1545 44 32 Så
1460 1545 104 38 följde
1586 1558 39 19 en

117 1587 234 38 treårsperiod,
372 1599 69 20 som
462 1587 178 32 betecknar
659 1590 48 29 ett
724 1587 134 32 avbrott
878 1588 11 31 i
911 1588 114 37 serien,
1047 1588 135 31 emedan
1203 1588 170 32 varubrist
1395 1588 58 32 och
1473 1588 151 32 handels-

119 1629 141 32 blockad
283 1630 249 38 framtvingade
554 1630 156 38 ytterligt
731 1630 78 32 hårt
831 1630 204 32 åtstramade
1057 1634 188 34 temporära
1267 1630 357 39 försäljningsrestrik-

118 1672 117 32 tioner.
275 1672 49 32 På
343 1672 110 38 grund
472 1684 42 20 av
533 1672 94 32 dessa
648 1677 141 34 säregna
808 1672 283 39 omständigheter
1111 1673 172 38 pressades
1304 1673 53 32 det
1378 1673 108 38 årliga
1507 1673 117 32 medel-

118 1714 83 32 talet
223 1714 52 31 för
295 1715 62 31 den
378 1715 109 37 legala
509 1715 468 37 spritdryckskonsumtionen
999 1716 61 31 ned
1080 1716 54 31 till
1156 1719 47 28 ett
1224 1716 171 31 minimum
1417 1728 42 19 av
1481 1717 47 30 1.9
1549 1716 76 31 liter

119 1767 58 28 per
202 1757 171 31 invånare.
421 1757 76 31 Med
522 1758 37 30 år
586 1758 84 30 1920
697 1757 75 32 blev
798 1757 193 32 nuvarande
1017 1757 607 38 rusdrycksförsäljningsförordning

119 1799 215 31 normerande
359 1799 54 31 för
433 1799 144 31 handeln
601 1799 73 31 med
699 1799 242 38 spritdrycker.
989 1799 112 32 Under
1125 1801 78 30 åren
1231 1801 214 30 1920-—1922
1471 1799 154 39 utgjorde

119 1840 61 32 den
204 1841 274 38 genomsnittliga
503 1841 310 32 årskonsumtionen
839 1843 48 30 5.3
910 1842 76 31 liter
1008 1853 57 26 per
1089 1842 168 38 invånare,
1282 1842 60 31 och
1365 1842 102 31 under
1491 1843 61 31 den
1577 1854 47 20 se-

119 1886 93 28 naste
235 1883 265 37 treårsperioden
527 1884 216 31 1923—1925
767 1884 62 31 har
854 1884 63 31 der
939 1884 87 31 varit
1050 1885 49 30 4.7
1123 1884 87 32 litei.

163 1925 76 32 Med
255 1925 194 32 bortseende
466 1926 77 31 från
561 1926 38 32 de
617 1926 156 37 speciella
792 1926 435 32 kristidsrestriktionernas
1247 1927 36 31 år
1305 1927 214 31 1917—1919
1541 1927 83 31 före-

117 1973 51 26 ter
189 1968 217 31 treårsserien
431 1968 141 32 sålunda
596 1968 149 38 följande
771 1969 150 32 fallande
944 1968 352 32 konsumtionskurva:
1323 1971 57 35 7.5,
1408 1970 56 37 6.7,
1492 1971 48 30 5.3
1565 1968 61 32 och

118 2011 50 29 4.7
192 2010 77 31 liter
296 2022 59 26 per
379 2010 171 32 invånare.
599 2010 66 32 Det
692 2011 84 32 sista
802 2011 191 32 medeltalet
1021 2015 136 28 stannar
1183 2011 56 32 vid
1270 2012 40 31 63
1338 2015 133 34 procent
1501 2023 41 20 av
1571 2012 54 31 det

120 2052 119 33 första.

163 2097 64 29 Att
252 2094 391 33 alkoholkonsumtionen
669 2098 84 29 trots
781 2096 106 31 denna
912 2095 193 39 minskning
1132 2096 138 32 innebär
1296 2108 38 20 en
1364 2097 160 32 avsevärd
1551 2096 74 32 eko-

118 2136 131 32 nomisk
272 2137 191 38 belastning
487 2149 42 20 av
553 2137 54 32 det
630 2138 143 32 svenska
796 2138 244 32 folkhushållet
1067 2138 88 32 skall
1178 2139 30 37 ej
1235 2139 167 32 förnekas.
1447 2138 177 32 Rättvisli-

119 2190 63 26 gen
206 2178 59 32 bör
289 2179 185 32 emellertid
499 2179 120 32 härvid
644 2180 109 31 hållas
778 2180 12 31 i
813 2181 135 37 minnet,
974 2184 50 28 att
1049 2181 53 31 till
1129 2181 105 31 denna
1260 2181 189 37 belastning
1475 2181 150 38 bidragit

118 2232 40 19 en
182 2220 135 37 mycket
340 2220 134 39 kraftig
499 2221 216 39 beskattning
739 2234 42 19 av
808 2222 275 39 spritdryckerna
1107 2223 59 31 och
1192 2226 50 28 att
1267 2234 68 20 mer
1362 2228 39 27 än
1426 2222 130 33 hälften
1584 2235 41 19 av

120 2262 38 32 de
178 2262 129 38 belopp,
331 2274 69 20 som
422 2263 142 33 svenska
585 2264 106 32 folket
713 2264 129 38 årligen
864 2265 154 37 erlägger
1041 2265 53 31 för
1118 2265 230 38 spritdrycker
1370 2265 59 32 och
1452 2265 103 37 viner,
1578 2265 46 31 in-

120 2304 106 38 flyter
241 2305 54 31 till
311 2309 108 28 staten
434 2326 45 3 —
495 2306 53 31 för
565 2306 37 31 år
622 2307 84 30 1924
723 2307 88 31 90.68
829 2307 153 37 miljoner
996 2307 121 31 kronor
1133 2319 42 19 av
1195 2308 109 31 166.80
1320 2307 161 38 miljoner,
1500 2308 31 31 d.
1550 2319 31 20 v.
1600 2320 25 20 s.

120 2347 102 38 något
243 2352 78 26 över
342 2348 41 31 54
404 2351 146 34 procent.
591 2344 33 35 Å
647 2348 103 32 andra
773 2349 95 32 sidan
892 2349 91 32 finns
1005 2350 99 38 ingen
1127 2349 180 39 anledning
1329 2353 134 35 antaga,
1485 2353 50 28 att
1559 2350 66 31 för-

121 2388 328 44 säljningssystemet
474 2395 88 26 ännu
584 2394 122 29 uttömt
731 2391 50 32 sin
807 2391 428 33 konsumtionsminskande
1261 2392 163 37 förmåga.

165 2432 54 31 Än
238 2444 90 20 mera
351 2432 251 32 framträdande
623 2438 41 27 än
687 2433 466 40 konsumtionsminskningen
1177 2439 37 27 är
1236 2434 61 32 den
1318 2434 154 39 nedgång
1493 2446 42 20 av
1557 2433 68 39 fyl-

123 2471 269 41 lerifrekvensen,
417 2486 69 20 som
508 2474 128 33 kunnat
659 2475 173 39 iakttagas
857 2477 77 32 från
959 2477 58 31 och
1042 2477 73 32 med
1140 2477 54 32 det
1219 2478 47 37 år,
1291 2477 42 32 då
1358 2477 53 32 det
1436 2476 189 33 nuvarande

161 2535 116 35 Bihang
300 2537 46 28 till
368 2537 173 34 riksdagens
562 2538 143 34 protokoll
729 2541 90 26 1926.
869 2542 38 25 13
931 2539 83 28 saml.
1061 2542 18 25 2
1102 2540 63 27 avd.
1212 2542 18 25 8
1255 2539 74 33 häft.
1374 2535 57 35 (Nr
1454 2536 42 34 8)
1566 2537 18 30 3

1647 572 62 68 I
1731 572 109 27 socialz

1650 606 121 26 effekten
1792 615 36 17 av

1677 640 126 33 försälj-

1692 674 95 33 nings-

1667 709 142 32 systemet.
