1924 2804
118 2092 113 26 Sociala

92 2125 164 26 skadeverk-

116 2168 114 25 ningar.

296 151 38 30 14
494 151 108 29 Andra
625 152 195 29 kammarens
839 158 119 25 andra
981 154 165 35 tillfälliga
1168 155 138 29 utskotts
1328 155 163 30 utlåtande
1514 156 48 29 Nr
1588 161 27 26 8.

626 234 204 27 Statsverkets
848 235 170 27 inkomster
1036 243 35 19 av
1091 237 383 33 rusdryckshanteringen.

1017 295 65 25 1920
1160 295 64 25 1921
1303 296 66 25 1922
1448 296 64 25 1923
1591 297 64 25 1924
1724 297 79 26 1925!

1115 338 300 32 miljoner
1467 339 221 25 kronor

294 385 415 32 Brännvinstillverkningsskatt
730 406 3 4 .
764 406 3 5 .
797 406 3 5 .
830 407 4 4 .
863 407 106 5 ....
1010 387 74 26 17.74
1155 388 72 25 12.70
1299 388 72 25 13.67
1443 389 72 25 14.56
1586 389 73 25 15.42
1730 390 73 25 14.56

294 428 195 25 Införseltullar
526 449 4 4 .
561 449 37 4 so
628 449 71 4 soc
729 449 37 5 oc
828 450 40 5 co
897 450 71 5 os
1011 430 93 26 16.84?
1155 431 72 25 11.96
1315 431 56 25 1.34
1459 431 56 26 7.05
1602 433 56 25 8.03
1745 432 57 27 3.30

294 470 189 31 Omsättnings-
502 472 47 24 och
569 473 273 30 utskänkningsskatt
865 493 4 4 .
899 493 4 5 .
933 494 3 3 .
966 494 4 4 .
1011 473 74 25 21.00
1154 473 73 26 48.05
1298 474 74 25 56.33
1442 474 71 26 46.31
1585 474 74 26 37.95
1729 476 74 25 37.43

292 512 233 31 Systembolagens
545 515 147 23 nettovinst
730 534 4 4 .
763 534 4 4 .
797 534 172 5 oo...
928 508 45 41 vo.
1010 515 73 25 37.37
1154 516 73 24 21.13
1299 516 72 25 13.08
1441 516 73 25 14.50
1585 517 74 24 17.34
1730 518 72 25 17.55

292 555 65 22 Vin-
376 555 47 23 och
442 556 214 29 spritcentralens
674 556 148 24 nettovinst
840 558 42 22 till
897 559 79 22 stats-

325 597 88 22 verket
460 615 509 7 corset
925 592 47 41 ss
1028 598 57 26 500
1157 598 71 25 1022
1316 599 56 25 6.10
1459 599 56 25 5.09
1601 600 57 27 5.51
1746 600 56 25 4.70

292 638 226 32 Systembolagens
537 639 225 32 kronoutskylder
794 660 4 4 .
828 660 4 4 .
861 660 106 5 cv...
1009 641 72 24 11.79
1168 641 57 25 7.85
1312 641 56 25 4.29
1456 641 57 25 3.88
1601 642 56 25 4.32
1727 643 74 25 34.50

290 680 308 31 Partihandelsbolagens
618 683 221 31 kronoutskylder
863 703 4 4 .
896 703 4 4 .
930 703 4 4 .
964 703 4 4 .
1026 683 56 25 4.60
1169 684 55 24 5.11
1313 684 56 26 4.03
1456 683 56 26 3.07
1600 684 57 25 2.57
1727 685 33 24 32
1771 688 31 21 20

786 742 184 25 Tillsammans
991 740 90 27 114.314
1136 743 89 25 -117.02
1280 742 90 26 104.841
1438 742 75 26 9.46
1583 743 74 26 91.34
1726 743 74 26 89.24

337 827 75 32 Med
436 827 129 38 avdrag
588 839 42 20 av
655 828 172 32 skatterna
850 828 155 39 utgjorde
1030 829 102 32 alltså
1159 830 163 31 »svenska
1348 829 123 33 folkets
1499 830 300 38 alkoholutgifter»

295 869 104 31 under
413 869 187 38 respektive
619 870 36 31 år
671 870 145 38 ungefär
833 871 72 38 167,
924 871 73 38 129,
1016 872 73 38 104,
1109 872 51 38 86,
1179 872 38 31 73
1236 872 60 31 och
1315 873 40 32 80
1373 872 152 37 miljoner
1542 872 130 32 kronor.
1692 872 105 32 Stats-

292 912 133 32 verkets
453 912 183 32 inkomster
663 924 43 21 av
735 912 402 40 rusdryckshanteringen
1167 914 86 32 hava
1285 914 128 32 således
1442 915 104 31 under
1577 926 114 21 senare
1721 916 76 31 åren

292 954 176 39 överstigit
493 954 130 32 hälften
647 967 42 20 av
715 955 37 32 de
778 955 104 32 totala
908 955 378 39 »alkoholutgifterna».
1334 956 130 32 Härtill
1488 957 158 38 kommer,
1672 960 50 29 alt
1748 957 50 32 be-

291 996 149 38 tydande
462 996 118 38 belopp
603 996 140 32 kommit
767 997 187 38 respektive
978 997 193 34 kommuner
1194 998 55 32 till
1273 998 85 38 godo
1380 999 11 31 i
1417 999 86 31 form
1528 1010 42 20 av
1594 998 204 32 kommunal-

293 1038 138 32 skatter.
472 1038 129 31 Enbart
623 1039 38 31 de
681 1050 42 20 av
744 1039 267 38 systembolagen
1032 1040 138 38 erlagda
1189 1040 415 37 kommunalutskylderna
1625 1041 173 37 uppgingo

292 1080 104 31 under
416 1081 77 31 åren
516 1081 217 31 1920—1925
755 1081 54 31 till
830 1081 149 37 följande
1000 1081 135 38 belopp:
1159 1083 61 36 1.4;
1244 1083 62 36 3.2;
1331 1083 62 36 6.6;
1416 1083 64 36 4.2;
1504 1083 48 31 2.6
1575 1083 60 31 och
1656 1084 48 31 2.4
1727 1082 70 32 mil-

290 1122 92 37 joner
401 1121 133 32 kronor.

335 1163 67 31 För
422 1166 51 29 att
494 1163 116 38 belysa
632 1164 38 32 de
693 1164 146 38 angivna
862 1164 178 38 beloppens
1064 1164 286 40 storleksordning
1373 1177 72 20 men
1467 1169 81 28 utan
1570 1166 93 38 varje
1686 1166 112 31 avsikt

291 1205 53 31 till
362 1206 192 37 jämförelse
572 1206 12 30 i
603 1206 111 38 övrigt
734 1206 94 32 skola
848 1206 62 32 här
928 1207 106 37 några
1054 1207 121 32 siffror
1194 1208 137 31 anföras
1352 1208 138 32 rörande
1511 1208 142 32 svenska
1674 1208 123 32 folkets

289 1247 146 38 utgifter
456 1247 54 31 för
532 1247 220 32 tobaksvaror
774 1248 60 31 och
857 1248 53 31 för
932 1248 110 32 kaffe.
1086 1248 120 38 Enligt
1230 1248 177 32 Statistisk
1431 1250 120 31 årsbok
1575 1250 53 31 för
1652 1251 37 31 år
1714 1251 82 31 1925

290 1288 149 38 uppgick
459 1289 117 32 värdet
598 1301 41 19 av
660 1288 339 39 Tobaksmonopolets
1022 1290 204 38 försäljning
1246 1291 60 31 och
1328 1290 325 33 tobakshandlarnas
1675 1291 123 38 import

295 1329 146 38 (räknad
457 1331 87 31 efter
559 1329 286 40 priskurantpris)
868 1331 53 32 för
938 1332 79 31 åren
1035 1333 218 31 1920—1924
1269 1333 54 31 till
1339 1332 148 38 följande
1505 1333 134 38 belopp:
1658 1334 37 31 år
1714 1334 83 31 1920

292 1373 60 31 197
377 1372 162 39 miljoner,
564 1373 83 31 1921
673 1374 60 31 175
758 1373 162 39 miljoner,
945 1374 37 31 år
1008 1374 82 32 1922
1117 1375 61 31 151
1203 1374 161 39 miljoner,
1389 1376 37 31 år
1451 1376 84 31 1923
1561 1377 61 30 137
1646 1375 152 38 miljoner

290 1415 60 31 och
373 1415 37 31 år
435 1415 84 31 1924
544 1416 61 31 137
631 1415 152 37 miljoner
806 1415 132 33 kronor.
987 1415 227 34 Statsverkets
1237 1416 184 33 inkomster
1444 1429 42 20 av
1510 1417 287 33 tobakshanterin-

290 1468 62 26 gen
378 1455 344 40 (kronoutskylderna
744 1457 30 38 ej
795 1456 196 40 medtagna)
1016 1458 173 38 uppgingo
1211 1471 125 19 samma
1359 1460 37 31 år
1417 1459 54 32 till
1493 1459 149 38 följande
1664 1459 133 39 belopp:

293 1499 38 30 62
356 1497 165 38 miljoner;
547 1499 40 31 58
611 1498 166 38 miljoner;
803 1500 40 31 58
866 1500 167 37 miljoner;
1060 1501 39 30 60
1123 1500 165 38 miljoner;
1313 1502 38 30 62
1376 1501 162 38 miljoner.
1572 1502 74 31 Med
1670 1502 128 37 avdrag

288 1551 42 21 av
353 1540 172 32 skatterna
546 1541 154 38 utgjorde
720 1541 102 32 alltså
844 1541 165 32 »svenska
1029 1541 124 33 folkets
1175 1542 286 37 tobaksutgifter»
1484 1543 105 31 under
1611 1543 186 38 respektive

287 1582 38 31 år
345 1582 145 38 ungefär
513 1583 72 38 135,
608 1584 73 38 117,
703 1584 52 37 93,
779 1585 38 30 77
839 1583 60 32 och
923 1584 38 31 75
984 1583 152 38 miljoner
1156 1584 132 32 kronor.
1333 1584 150 32 Svenska
1507 1585 123 32 folkets
1653 1585 143 38 utgifter

288 1624 54 32 för
361 1624 102 32 tobak
485 1630 57 27 äro
564 1625 101 32 alltså
693 1624 158 39 (borlsett
874 1625 76 32 från
974 1625 189 40 skatterna)
1191 1626 235 39 ungefärligen
1449 1627 70 32 lika
1542 1631 90 28 stora
1656 1639 68 20 som
1746 1632 49 27 ut-

288 1666 148 38 gifterna
465 1667 53 31 för
546 1667 212 37 rusdrycker.
808 1667 66 32 För
900 1667 132 33 kaffets
1059 1668 254 32 vidkommande
1341 1669 85 31 hava
1454 1670 232 32 motsvarande
1713 1682 82 26 upp-

288 1708 105 38 gifter
416 1709 30 37 ej
471 1708 129 32 kunnat
624 1709 156 32 erhållas.
827 1710 18 30 I
869 1710 60 31 den
953 1709 167 33 officiella
1144 1710 192 32 statistiken
1362 1711 187 32 återfinnas
1574 1712 83 31 dock
1681 1712 114 31 värde-

288 1750 121 31 siffror
429 1750 53 32 för
503 1751 54 31 det
577 1751 221 37 importerade
819 1751 124 32 kaffet.
985 1752 128 31 Värdet
1134 1764 42 19 av
1195 1752 264 38 kaffeimporten
1481 1753 150 38 uppgick
1652 1754 37 31 år
1712 1754 84 31 1922

287 1792 54 31 till
363 1793 41 30 43
427 1792 162 38 miljoner,
612 1793 38 31 år
674 1794 84 30 1923
782 1793 54 31 till
859 1794 39 30 52
921 1793 153 37 miljoner
1097 1794 59 31 och
1179 1794 37 31 år
1240 1795 84 30 1924
1345 1794 55 32 till
1424 1796 39 30 63
1487 1795 152 37 miljoner
1662 1795 133 32 kronor.

287 1833 72 32 Den
381 1833 188 33 debiterade
589 1834 248 32 införseltullen
857 1835 20 31 å
899 1835 118 32 obränt
1036 1835 99 32 kaffe
1157 1835 154 38 utgjorde
1334 1836 106 38 enligt
1462 1836 333 33 handelsstatistiken

288 1877 38 30 år
347 1876 82 32 1922
452 1877 38 30 12
512 1876 162 37 miljoner,
695 1877 37 31 år
753 1877 84 31 1923
858 1878 39 30 21
919 1877 152 37 miljoner
1090 1877 60 32 och
1170 1878 38 31 år
1228 1879 85 30 1924
1333 1879 39 30 22
1395 1878 152 38 miljoner
1567 1879 132 32 kronor.
1742 1879 53 32 Då

288 1918 61 32 den
375 1919 228 38 övervägande
629 1918 92 33 delen
748 1930 41 21 av
816 1919 54 32 det
894 1919 222 38 importerade
1141 1920 115 32 kaffet
1280 1932 62 19 var
1366 1920 118 33 obränt
1509 1921 60 32 och
1594 1921 114 33 vidare
1735 1922 59 32 den

287 1960 170 38 förtjänst,
481 1972 69 20 som
574 1960 179 39 grossister
776 1961 60 31 och
859 1961 187 38 detaljister
1068 1961 156 39 beräkna,
1248 1962 30 38 ej
1301 1962 98 38 ingår
1422 1963 10 31 i
1455 1963 266 33 värdesiffrorna
1747 1964 47 31 in-

287 2014 60 26 ses,
371 2006 51 28 att
447 2003 165 31 »svenska
636 2002 123 33 folkets
783 2003 266 38 kaffeutgifter»
1074 2003 77 32 vida
1176 2004 168 38 överstiga
1369 2005 37 31 de
1430 2005 61 31 här
1516 2005 145 38 angivna
1686 2006 108 37 belop-

286 2056 62 25 pen
367 2044 60 32 och
446 2049 116 27 närma
583 2044 53 38 sig
653 2044 188 38 utgifterna
860 2045 55 31 för
932 2045 102 31 tobak
1052 2045 60 32 och
1132 2045 212 38 rusdrycker.

330 2086 50 31 De
405 2086 123 32 sociala
554 2086 317 38 skadeverkningar,
897 2098 69 20 som
990 2087 243 32 motionärerna
1258 2087 172 32 tillskriva
1456 2088 338 38 rusdryckskonsum-

286 2128 120 38 tionen,
427 2132 38 27 är
484 2128 54 32 det
557 2127 144 39 givetvis
722 2128 134 32 svårare
878 2131 50 29 att
949 2128 185 32 statistiskt
1154 2129 127 37 belysa.
1326 2130 18 31 I
1365 2130 121 37 många
1508 2130 64 32 fall
1594 2136 53 26 rör
1668 2131 53 32 det
1742 2131 53 38 sig

286 2181 51 19 om
359 2169 185 32 statistiskt
566 2169 172 32 omätbara
761 2170 165 37 faktorer;
950 2170 11 31 i
985 2170 104 32 andra
1112 2170 64 31 fall
1199 2171 112 32 finnas
1333 2171 80 38 inga
1435 2172 225 38 tillförlitliga
1683 2173 110 31 statis-

286 2211 89 32 tiska
404 2211 177 38 uppgifter
610 2211 229 38 tillgängliga.
890 2211 18 31 I
937 2212 69 31 viss
1036 2213 75 30 mån
1142 2212 180 38 belysande
1352 2213 53 31 för
1435 2214 235 37 utvecklingen
1701 2215 92 31 torde

287 2253 81 32 dock
394 2253 220 38 uppgifterna
640 2258 76 27 över
741 2253 127 32 antalet
895 2253 296 38 fylleriförseelser
1216 2266 92 20 vara.
1359 2254 44 33 Så
1429 2255 134 38 mycket
1588 2259 105 29 större
1720 2256 73 32 skäl

286 2295 111 32 finnas
417 2298 50 29 att
485 2296 102 37 något
606 2300 152 27 närmare
778 2295 147 38 granska
946 2296 96 31 dessa
1061 2296 186 38 uppgifter,
1267 2308 69 20 som
1356 2309 38 19 en
1413 2309 42 19 av
1474 2297 243 32 motionärerna
1738 2310 54 20 an-

285 2337 87 32 vänd
394 2337 221 38 formulering
637 2349 58 26 ger
716 2337 57 32 vid
796 2337 139 39 handen,
960 2341 51 28 att
1034 2338 38 31 de
1095 2338 85 37 hysa
1204 2338 60 31 den
1288 2338 273 39 uppfattningen,
1586 2343 51 29 att
1662 2340 130 38 fylleri-

327 2409 7 15 1
354 2412 149 23 Preliminär
520 2412 111 30 uppgift.

324 2442 10 15 ?
354 2445 85 24 Därav
457 2445 173 31 punschskatt
649 2444 56 25 2.00
725 2446 63 32 milj.
808 2447 99 22 kronor.

323 2476 10 15 3?
353 2479 197 31 Approximativ
569 2479 110 31 uppgift.
