1926 2806
250 158 18 30 6
461 157 108 29 Andra
589 157 194 28 kammarens
805 162 120 24 andra
945 157 165 34 tillfälliga
1128 157 138 28 utskotts
1283 157 164 28 utlåtande
1466 157 48 28 Nr
1532 161 28 25 8.

252 247 51 29 att
332 244 118 32 sådant
478 242 231 32 vinstintresse
737 243 12 31 i
778 242 103 32 andra
912 243 123 32 former
1067 247 88 27 ännu
1184 242 109 32 finnes
1322 242 94 32 kvar.
1469 242 97 32 Utom
1598 242 54 32 det
1679 253 83 27 gyn-

251 294 107 32 nande
403 306 40 20 av
487 293 153 33 enskilda
681 293 172 38 intressen,
895 305 71 21 som
1009 293 66 32 kan
1121 293 119 32 tänkas
1284 293 86 32 hava
1415 292 90 33 skett
1547 293 11 31 i
1603 292 159 32 samband

253 345 74 32 med
372 344 172 33 bildandet
585 356 42 20 av
669 344 227 38 aktiebolaget
938 344 80 31 Vin-
1063 344 59 32 och
1169 343 252 38 spritcentralen
1469 344 59 31 och
1571 343 92 32 detta
1708 343 53 31 bo-

253 395 74 38 lags
366 394 221 38 övertagande
613 394 59 31 och
699 394 207 31 ombildande
933 394 54 31 till
1014 393 209 38 dotterbolag
1247 405 41 20 av
1313 394 90 30 vissa
1432 398 102 27 större
1562 393 199 31 affärsföre-

251 448 69 35 tag,
342 444 95 32 vilka
458 444 245 32 transaktioner
728 444 72 32 icke
823 444 122 31 hittills
969 444 105 38 gjorts
1097 444 54 31 till
1175 444 139 31 föremål
1338 443 53 31 för
1414 444 107 37 någon
1545 443 148 37 verkligt
1714 443 46 30 in-

253 494 124 39 gående
398 494 256 38 undersökning,
676 494 38 32 så
731 494 67 32 kan
818 494 233 39 ifrågasättas,
1073 506 53 20 om
1146 494 105 31 denna
1272 498 91 27 stora
1383 493 249 38 monopolaffär
1654 493 108 31 drives

254 545 74 33 med
352 545 46 33 all
423 545 116 39 möjlig
564 545 209 38 sparsamhet
798 545 215 32 beträffande
1037 544 90 32 löner
1153 545 59 31 och
1239 540 103 36 andra
1368 544 232 32 omkostnader
1627 544 59 32 och
1712 555 50 20 om

254 600 24 28 t.
300 607 50 21 ex.
375 596 38 32 de
435 596 121 38 många
578 595 216 39 dotterbolag,
817 595 93 32 vilka
936 595 143 32 fortleva
1103 606 70 20 som
1194 598 186 35 agenturer,
1406 599 55 27 äro
1485 595 222 37 nödvändiga.

301 646 171 38 Styrelsen
496 646 54 31 för
571 645 99 32 A.-B.
694 645 80 31 Vin-
796 645 59 31 och
877 645 252 37 spritcentralen
1151 645 159 31 hänvisar
1331 645 11 30 i
1365 645 60 31 sitt
1446 644 156 37 yttrande
1626 644 53 31 till
1702 644 60 31 den

254 696 117 32 hösten
395 696 83 31 1923
504 695 208 32 verkställda
737 695 289 38 undersökningen
1052 706 42 20 av
1117 694 143 32 nämnda
1284 694 109 38 bolag.
1441 694 119 31 Denna
1583 693 178 32 undersök-

255 747 81 38 ning
352 746 103 38 avsåg
470 745 86 32 dock
575 745 270 38 huvudsakligen
863 757 39 20 en
920 745 208 38 granskning
1145 757 41 19 av
1204 744 148 38 bolagets
1371 744 149 32 soliditet
1537 744 59 32 och
1616 744 38 31 de
1674 743 89 32 olika

254 797 244 38 tillgångarnas
530 795 181 38 realvärde,
741 796 100 31 innan
873 795 127 38 Kungl.
1032 795 100 38 Maj:t
1160 794 119 38 upplät
1311 794 300 38 partihandelsrätt
1640 795 34 31 åt
1704 794 59 31 och

254 847 151 31 träffade
427 846 90 32 avtal
539 846 72 31 med
632 846 142 37 bolaget.
817 846 127 31 Fastän
966 845 61 32 den
1049 845 143 31 nämnda
1215 844 219 38 utredningen
1455 845 143 37 givetvis
1620 844 61 31 har
1704 844 59 31 sitt

258 900 89 29 stora
370 896 102 32 värde
496 896 60 32 och
579 896 150 38 intresse,
755 900 37 27 är
817 895 60 32 den
904 895 83 32 dock
1011 895 73 32 icke
1107 894 246 39 klarläggande
1375 895 12 30 1
1412 894 67 32 alla
1505 894 38 32 de
1568 894 193 37 avseenden,

256 959 69 20 som
348 951 56 27 äro
426 946 199 37 önskvärda,
649 946 54 31 för
725 949 50 28 att
800 945 81 32 fullt
904 945 66 38 ljus
994 945 86 32 skall
1102 945 113 32 kunna
1239 956 94 20 anses
1357 944 86 32 hava
1468 944 90 32 fallit
1581 949 77 26 över
1680 943 83 32 både

255 998 104 38 parti-
389 996 58 33 och
477 996 264 39 detaljhandelns
773 1007 102 27 organ
904 996 60 32 och
993 995 68 33 alla
1089 995 94 33 deras
1214 995 244 38 förgreningar.
1512 994 105 38 Ingen
1647 994 115 31 under-

256 1048 143 38 sökning
428 1047 122 33 hittills
582 1047 60 32 har
673 1047 104 32 heller
807 1046 217 39 fullständigt
1055 1046 158 32 omfattat
1243 1045 73 32 icke
1346 1045 85 32 blott
1461 1045 81 31 Vin-
1575 1045 59 32 och
1666 1045 98 37 sprit-

255 1098 183 33 centralens
458 1101 82 29 utan
562 1103 82 26 även
668 1097 284 38 systembolagens
976 1096 209 38 dotterbolag
1206 1096 58 32 och
1284 1096 63 32 den
1370 1096 123 31 verkan
1516 1095 94 32 dessa
1633 1106 130 21 senares

256 1148 208 38 förvaltning
484 1148 66 31 kan
569 1148 87 31 hava
675 1147 77 32 haft
773 1147 59 32 och
851 1147 61 31 har
932 1148 45 37 på
996 1150 125 28 statens
1142 1147 173 31 intressen.

299 1198 76 32 Vad
400 1198 38 32 de
463 1198 123 31 sociala
609 1198 248 37 verkningarna
881 1209 41 19 av
948 1197 53 32 det
1026 1197 191 31 nuvarande
1243 1195 374 38 restriktionssystemet
1640 1195 124 31 beträf-

258 1249 64 39 far,
354 1260 102 27 synas
487 1253 83 27 även
602 1248 59 32 där
693 1247 255 32 förhållandena
980 1247 72 32 icke
1082 1258 82 20 vara
1195 1247 36 31 så
1260 1245 326 33 tillfredsställande.
1641 1245 54 31 Av
1727 1245 38 31 de

254 1302 81 28 utav
357 1298 315 38 kontrollstyrelsen
696 1297 153 33 lämnade
872 1297 220 38 uppgifterna
1119 1297 162 38 framgår,
1307 1300 50 28 att
1383 1296 101 32 sedan
1508 1308 38 20 en
1572 1296 154 38 nedgång
1750 1296 11 31 i

256 1349 252 32 konsumtionen
535 1349 119 31 inträtt
684 1349 83 31 1921
797 1349 59 31 och
885 1349 95 39 1922,
1009 1348 113 31 vilken
1147 1347 54 32 till
1229 1350 124 28 största
1380 1347 92 31 delen
1501 1346 93 31 torde
1620 1346 80 31 bero
1722 1346 44 36 på

256 1399 61 32 den
341 1399 114 32 starka
479 1398 293 38 prisfördyringen
798 1409 115 27 genom
941 1397 59 32 den
1027 1397 104 32 ökade
1157 1397 234 37 omsättnings-
1418 1396 60 33 och
1504 1396 260 37 utskänknings-

257 1449 141 38 skatten,
421 1450 36 31 så
477 1449 61 32 har
559 1449 77 31 från
658 1449 59 31 och
739 1448 73 32 med
833 1449 38 31 år
893 1449 84 31 1923
1000 1460 40 19 en
1058 1449 90 36 jämn
1170 1447 151 38 stegring
1341 1459 42 19 av
1404 1446 251 32 konsumtionen
1677 1445 89 32 skett

256 1500 83 32 både
361 1499 216 33 beträffande
601 1499 292 32 totalkvantiteten
917 1498 202 38 rusdrycker
1142 1498 59 32 och
1227 1497 263 38 förbrukningen
1513 1508 58 26 per
1597 1497 167 31 invånare.

257 1551 71 32 Och
356 1563 51 20 om
437 1550 314 32 medelkvantiteten
780 1549 191 32 utlämnade
1001 1549 201 38 rusdrycker
1232 1559 58 27 per
1318 1547 134 32 motbok
1479 1548 102 37 något
1609 1546 156 39 minskat,

258 1602 38 31 så
317 1601 61 32 har
402 1601 20 31 å
444 1601 104 32 andra
570 1600 96 32 sidan
690 1599 248 33 motböckernas
964 1599 90 32 antal
1078 1599 96 31 vuxit
1200 1599 60 31 och
1283 1598 162 38 supseden
1471 1597 142 32 sålunda
1635 1597 131 32 alltmer

260 1651 126 32 utbrett
414 1651 63 39 sig.
526 1651 61 31 Ett
614 1651 100 38 högst
740 1650 190 38 betänkligt
959 1649 211 32 förhållande
1198 1653 37 27 är
1263 1648 110 40 också,
1402 1651 51 28 att
1480 1648 126 31 antalet
1635 1647 129 39 fylleri-

257 1701 175 32 förseelser
455 1701 10 31 i
491 1704 84 28 stort
600 1704 65 28 sett
688 1700 104 32 under
816 1700 37 32 de
879 1700 83 31 sista
984 1700 78 31 åren
1087 1699 89 32 ökat.
1222 1699 207 37 Visserligen
1456 1698 122 32 företer
1603 1698 53 31 det
1682 1697 83 32 sista

257 1752 80 37 året,
366 1752 95 37 1925,
487 1763 39 20 en
553 1751 154 38 nedgång
731 1751 10 30 i
770 1750 125 32 antalet
922 1750 53 31 för
1002 1750 74 31 hela
1102 1749 123 37 landet,
1251 1760 73 20 men
1350 1749 91 31 detta
1466 1748 146 31 kommer
1638 1747 126 31 huvud-

257 1801 153 38 sakligen
436 1802 43 36 på
510 1801 38 31 de
578 1804 104 28 större
711 1801 155 31 städerna
896 1800 121 31 främst
1048 1799 191 33 Stockholm
1268 1799 58 31 och
1355 1798 77 38 kan,
1461 1798 86 31 huru
1576 1801 71 34 gott
1677 1797 88 32 detta

256 1852 12 31 i
287 1851 59 32 och
367 1851 53 32 för
441 1851 54 38 sig
513 1856 41 27 än
574 1856 47 32 är,
641 1850 72 33 icke
732 1850 153 38 skymma
907 1850 53 32 det
979 1849 192 38 beklagliga
1192 1849 143 38 faktum,
1354 1852 49 28 att
1424 1848 151 38 fylleriet
1594 1848 45 37 på
1657 1847 108 32 lands-

257 1902 132 38 bygden
406 1901 111 32 starkt
536 1904 154 35 stegrats.

303 1952 44 32 Vi
372 1952 44 32 ha
440 1951 72 32 icke
538 1951 130 32 kunnat
693 1951 106 38 finna,
825 1954 51 29 att
898 1950 42 33 de
965 1962 116 27 genom
1109 1950 39 32 de
1174 1950 145 37 avgivna
1346 1949 202 38 yttrandena
1576 1948 190 38 förebragta

260 2002 264 39 utredningarna
548 2002 202 39 vederlägga
777 2002 38 32 de
838 2002 12 31 i
873 2001 164 33 motionen
1061 2013 39 19 nr
1125 2001 62 32 309
1214 2000 189 32 framförda
1428 1999 263 39 synpunkterna,
1718 2003 49 29 att

257 2054 53 32 det
335 2053 190 32 nuvarande
551 2053 375 37 restriktionssystemet
948 2052 72 32 icke
1045 2052 86 38 givit
1155 2064 38 19 en
1217 2050 316 33 tillfredsställande
1557 2050 208 38 nykterhets-

257 2103 121 32 effekt.

303 2153 53 32 En
376 2153 247 38 undersökning
641 2152 105 38 enligt
765 2152 106 32 denna
887 2152 139 31 motions
1048 2151 149 38 yrkande
1218 2151 104 32 måste
1344 2150 99 32 också
1464 2161 94 21 anses
1578 2149 191 38 nödvändig

260 2204 72 31 med
368 2203 131 38 hänsyn
535 2203 52 31 till
623 2202 265 32 önskvärdheten
923 2214 40 20 av
997 2205 51 28 att
1072 2201 38 32 få
1131 2205 48 28 ett
1202 2201 67 32 slut
1295 2201 43 37 på
1364 2200 38 32 de
1427 2200 132 38 rykten,
1585 2211 67 20 som
1677 2205 56 27 äro
1758 2200 10 30 i

262 2253 142 39 omlopp,
429 2253 140 32 särskilt
592 2254 12 32 i
628 2253 66 32 vad
719 2257 54 28 rör
796 2252 192 32 förmenade
1012 2251 329 39 privatekonomiska
1364 2251 164 32 intressen
1551 2251 88 31 inom
1663 2250 103 32 aktie-

257 2304 133 38 bolaget
409 2304 81 32 Vin-
511 2304 60 32 och
590 2303 266 38 spritcentralen.
900 2301 277 39 Socialstyrelsen
1197 2301 150 39 påpekar
1366 2301 100 33 också
1483 2301 12 32 1
1515 2302 59 32 sitt
1594 2301 169 39 yttrande,

259 2358 60 35 att,
343 2355 20 30 i
386 2354 60 32 den
468 2354 76 31 mån
566 2353 120 38 dylika
706 2353 121 38 rykten
848 2353 101 33 vinna
971 2353 116 39 tilltro,
1110 2352 114 32 kunna
1246 2353 38 32 de
1307 2355 81 29 utan
1410 2352 102 31 tvivel
1533 2363 83 20 vara
1639 2350 128 39 ägnade

260 2408 50 28 att
330 2404 133 32 minska
483 2404 238 32 allmänhetens
744 2403 188 33 förtroende
951 2403 54 33 till
1024 2406 163 35 systemet
1208 2403 59 31 och
1288 2405 49 30 att
1357 2402 190 38 därigenom
1570 2401 104 32 skada
1695 2401 73 32 dess

261 2454 123 34 sociala
408 2455 197 38 uppgifter.
654 2454 66 32 Det
748 2466 98 26 synes
874 2466 52 20 oss
951 2453 118 32 därför
1097 2465 80 20 vara
1204 2453 12 32 i
1241 2453 66 38 hög
1333 2452 83 39 grad
1443 2452 159 33 önskvärt
1628 2471 44 4 —
1697 2451 71 33 icke
