1926 2804
95 950 192 26 Motionärer-

87 991 53 18 nas
152 983 134 34 utgångs-

117 1019 135 32 punkter.

119 1639 8 11 >
145 1625 11 41 Ad
164 1629 96 33 vvänj-

124 1671 127 25 ningen.

100 2049 176 35 Rusdrycks-

127 2083 125 33 försälj-

90 2117 120 33 magens
218 2119 70 24 stor-

116 2151 42 25 lek
176 2151 91 25 under

123 2184 76 26 olika
219 2188 41 22 år.

297 146 38 30 12
497 145 107 29 Andra
627 146 195 28 kammarens
841 151 120 24 andra
985 147 166 34 tillfälliga
1173 147 138 28 ulskotts
1333 146 162 29 utlåtande
1518 146 48 28 Nr
1593 151 28 25 8.

304 242 68 20 som
395 231 60 31 den
476 231 183 32 kännedom
682 236 46 28 är.
752 231 112 32 vilken
886 231 322 38 kontrollstyrelsen,
1233 231 122 31 främst
1379 231 165 31 måhända
1568 231 44 38 på
1635 230 109 39 grund
1766 242 41 19 av

303 273 39 31 de
361 273 191 38 upprepade
572 272 267 39 inspektionerna
859 274 43 37 på
922 277 50 28 ort
992 273 60 32 och
1072 273 97 32 ställe
1190 285 41 20 av
1251 273 157 38 bolagens
1427 273 222 38 verksamhet,
1671 272 137 33 besitter

303 327 51 20 om
373 315 96 33 dessa
486 315 109 39 bolag,
614 316 53 33 det
683 316 92 32 torde
792 328 81 20 vara
889 316 170 38 uteslutet,
1076 319 49 29 att
1143 328 38 20 en
1202 316 104 32 sådan
1325 315 250 39 undersökning
1595 328 68 20 som
1684 315 60 32 den
1766 327 42 20 av

303 358 242 32 motionärerna
565 359 193 38 föreslagna
777 359 107 32 skulle
903 359 112 31 kunna
1036 359 119 39 bringa
1174 359 54 32 till
1250 358 276 33 statsmakternas
1546 358 185 32 kännedom
1751 358 55 31 nå-

303 405 57 33 got
385 401 83 31 enda
492 413 89 19 mera
607 401 253 38 betydelsefullt
887 401 144 38 faktum,
1059 413 52 19 om
1138 401 104 31 vilket
1268 401 312 38 kontrollstyrelsen
1608 401 53 31 för
1688 406 117 27 närva-

304 443 99 31 rande
429 443 122 31 saknar
573 443 185 32 kännedom
781 443 59 31 och
863 455 51 19 om
937 443 105 32 vilket
1066 443 262 31 statsmakterna
1352 442 215 38 följaktligen
1591 442 73 32 icke
1689 454 116 26 genom

302 484 311 39 kontrollstyrelsen
640 484 108 32 skulle
773 485 113 31 kunna
913 485 38 33 få
976 485 219 38 upplysning.
1246 485 74 31 Med
1345 484 187 33 kontrollen
1559 489 76 27 över
1661 484 145 32 aktiebo-

302 527 90 38 laget
411 527 79 31 Vin-
511 527 59 32 och
590 527 254 38 spritcentralen
861 527 61 32 har
942 528 164 37 styrelsen
1125 527 12 31 i
1156 527 61 32 allt
1235 527 183 38 väsentligt
1438 530 49 29 att
1506 526 73 33 icke
1597 531 80 34 taga
1697 527 108 38 någon

303 569 202 39 befattning.
556 569 196 32 Kontrollen
780 575 75 26 över
882 570 106 38 sagda
1012 569 100 38 bolag
1139 581 99 26 synes
1267 569 137 38 erbjuda
1431 569 229 41 betryggande
1689 581 117 26 garan-

302 612 73 36 tier,
400 612 54 31 för
477 615 50 29 att
550 612 54 31 det
628 612 187 32 allmännas
838 612 162 31 intressen
1025 612 93 31 skola
1142 611 92 32 bliva
1257 612 43 37 på
1325 615 47 28 ett
1395 611 319 32 tillfredsställande
1739 615 67 28 sätt

300 653 256 38 tillgodosedda.
597 653 323 37 Kontrollstyrelsen
949 653 60 31 vill
1039 653 117 32 därvid
1187 653 137 32 särskilt
1354 653 192 38 framhålla,
1574 656 50 29 att
1652 665 39 20 en
1720 665 90 19 mera

300 695 162 38 ingående
483 695 58 32 och
562 707 174 26 noggrann
757 695 145 32 kontroll
923 700 76 27 över
1019 699 47 28 ett
1088 696 150 37 företags
1262 695 209 38 förvaltning
1491 700 41 27 än
1555 696 70 36 den,
1649 707 68 20 som
1739 694 66 32 kan

300 741 119 28 utövas
441 749 42 20 av
504 749 37 20 en
562 737 227 38 jourhavande
812 737 147 33 direktör
981 737 72 33 med
1077 737 117 39 daglig
1216 737 228 39 tjänstgöring
1466 737 59 32 och
1549 738 73 32 med
1646 737 157 39 obegrän-

301 780 60 32 sad
381 783 68 30 rätt
470 783 49 29 att
538 784 80 35 taga
639 780 52 32 del
712 792 41 20 av
774 780 267 39 förvaltningens
1063 780 68 33 alla
1152 780 148 39 detaljer,
1321 780 199 39 näppeligen
1540 780 66 32 kan
1628 781 176 32 anordnas.

304 823 129 32 Härtill
454 823 156 39 kommer,
631 827 50 29 att
703 824 11 31 i
740 823 230 39 föreliggande
993 823 64 33 fall
1081 836 39 19 en
1145 823 210 44 fortlöpande
1379 823 117 39 daglig
1519 823 145 32 kontroll
1688 827 118 29 utövas

302 871 83 26 även
404 878 41 19 av
464 878 39 19 en
522 866 132 37 speciell
673 866 266 32 förtroendeman
959 866 53 32 för
1032 866 216 32 revisorerna.
1289 867 96 31 Även
1404 866 12 31 i
1437 866 91 32 detta
1549 866 63 32 fall
1632 878 98 26 synes
1752 866 53 32 det

304 908 117 31 därför
441 908 169 38 uteslutet,
630 911 50 28 att
702 921 38 19 en
760 908 250 37 undersökning
1031 908 108 32 skulle
1158 908 113 31 kunna
1291 908 90 31 bliva
1402 920 42 19 av
1466 909 102 37 något
1587 908 112 32 värde.

347 949 247 32 Motionärerna
612 951 83 36 utgå
711 950 12 30 i
742 950 51 31 sin
814 950 253 37 framställning
1087 950 76 31 från
1184 950 60 31 den
1266 950 208 38 motivering,
1497 961 68 20 som
1585 950 104 37 enligt
1711 950 95 31 deras

303 991 134 38 mening
457 1003 59 19 var
537 992 199 37 avgörande,
760 991 64 31 »då
847 991 141 32 svenska
1010 991 106 32 folket
1140 992 85 31 efter
1246 1004 38 19 en
1306 992 144 31 intensiv
1474 992 163 38 agitation
1662 991 144 32 förmåd-

305 1033 56 32 des
385 1038 58 33 att,
467 1033 163 32 tvekande
655 1033 59 32 och
739 1033 93 33 halvt
856 1033 193 39 motvilligt,
1074 1034 71 32 tills
1169 1034 114 32 vidare
1308 1038 171 34 acceptera
1504 1034 55 32 det
1582 1046 45 19 nu
1651 1033 156 39 gällande

305 1079 156 35 systemet
487 1076 53 31 för
566 1076 295 38 alkoholdryckers
888 1076 203 39 försäljning
1115 1077 60 31 här
1200 1077 12 31 i
1238 1077 145 31 landet».
1432 1076 18 32 I
1478 1077 107 31 denua
1609 1076 200 38 motivering

303 1118 183 38 utlovades,
511 1122 71 29 »att
604 1119 54 31 det
679 1119 132 37 privata
832 1119 156 31 intresset
1010 1118 109 33 skulle
1141 1119 185 38 avkopplas
1350 1119 60 31 och
1433 1119 107 32 folket
1563 1131 116 25 genom
1702 1119 105 32 denna

302 1161 131 38 åtgärd,
462 1160 5 31 i
492 1160 159 32 samband
676 1161 72 31 med
773 1173 68 19 mer
864 1161 81 31 eller
968 1161 127 32 mindre
1120 1161 143 31 sinnrikt
1286 1161 157 32 uttänkta
1470 1161 239 38 restriktioner,
1736 1173 70 19 suc-

302 1202 122 32 cessivt
451 1201 182 38 ”avvänjas
662 1202 77 32 från
766 1203 60 31 den
854 1203 61 31 allt
943 1207 101 27 annat
1072 1208 42 26 än
1142 1203 345 38 samhiällsgagneliga
1514 1203 290 37 spritkonsumtio-

302 1255 95 20 nen».
447 1244 323 38 Kontrollstyrelsen
799 1244 122 32 saknar
946 1245 12 31 i
985 1245 90 32 detta
1104 1245 239 38 sammanhang
1372 1245 179 38 anledning
1578 1248 50 29 att
1655 1250 152 26 närmare

302 1286 80 38 ingå
405 1287 42 37 på
470 1286 133 39 frågan,
624 1286 165 32 huruvida
811 1287 243 32 motionärerna
1077 1291 67 28 rätt
1166 1287 130 38 angivit
1320 1287 38 32 de
1381 1287 112 38 motiv,
1518 1299 68 20 som
1608 1299 78 20 voro
1709 1292 98 33 avgö-

304 1329 101 32 rande
427 1329 57 32 vid
508 1329 665 39 rusdrycksförsäljningsförordningens
1197 1330 199 38 antagande.
1438 1330 18 31 I
1478 1329 93 38 varje
1595 1330 62 32 fall
1681 1330 51 31 lär
1755 1330 53 32 det

303 1383 81 20 vara
402 1371 222 39 obestridligt,
642 1375 48 28 att
706 1372 144 32 motiven
865 1384 79 19 voro
962 1372 98 38 högst
1078 1372 89 32 olika
1185 1372 58 32 hos
1261 1376 308 34 representanterna
1589 1373 53 31 för
1661 1372 39 32 de
1719 1372 89 32 olika

305 1413 354 39 meningsriktningar,
692 1426 69 19 som
793 1414 217 32 medverkade
1041 1415 54 31 till
1127 1415 152 31 beslutet.
1335 1415 322 37 Kontrollstyrelsen
1689 1418 119 34 uppta-

304 1467 58 26 ger
384 1456 12 30 1
420 1456 113 31 stället
557 1456 201 32 omedelbart
781 1456 54 32 till
858 1456 204 39 behandling
1085 1457 38 31 de
1147 1458 58 31 två
1229 1457 333 37 huvudsynpunkter,
1588 1456 102 38 kring
1716 1456 91 32 vilka

303 1497 241 31 motionärerna
581 1501 184 34 grupperat
803 1498 38 32 de
878 1499 259 37 anmärkningar
1174 1503 66 27 mot
1266 1500 37 30 de
1327 1499 191 31 nuvarande
1546 1498 264 37 förhållandena,

304 1539 72 31 med
396 1540 94 31 vilka
510 1540 39 31 de
570 1541 162 31 motivera
753 1541 60 31 den
836 1553 41 19 av
897 1541 73 32 dem
992 1541 191 38 föreslagna
1204 1541 301 38 undersökningen,
1528 1541 59 32 och
1611 1546 59 33 gör
1691 1540 117 33 därvid

303 1581 116 37 början
442 1582 73 31 med
540 1582 301 38 »avvänjningen».

349 1623 167 38 Systemet
539 1624 60 31 har
622 1625 201 37 näppeligen
847 1625 97 31 hållit
969 1625 57 32 ord
1049 1626 12 30 i
1086 1625 100 38 fråga
1210 1637 51 20 om
1286 1625 300 38 »avvänjningen»,
1611 1626 109 31 uttala
1743 1637 63 20 mo-

303 1666 200 38 tionärerna,
528 1666 69 32 »låt
619 1678 81 20 vara
724 1670 49 28 att
794 1667 92 32 vissa
908 1667 91 32 sidor
1020 1679 42 20 av
1085 1668 60 31 den
1168 1672 83 28 mest
1273 1669 11 30 i
1308 1673 124 32 ögonen
1456 1668 149 31 fallande
1629 1667 177 32 alkoholis-

304 1720 72 19 men
393 1708 11 31 1
423 1709 108 37 någon
552 1709 76 30 mån
648 1708 180 38 påverkats
847 1710 43 37 på
910 1712 47 28 ett
979 1713 77 34 sätt,
1079 1721 66 21 som
1167 1709 66 32 kan
1253 1709 107 32 väcka
1380 1710 333 31 tillfredsställelse».
1758 1709 51 32 De

303 1750 165 37 precisera
494 1751 58 32 sitt
575 1751 180 38 påstående
779 1763 115 27 genom
920 1755 48 29 att
993 1751 245 33 karakterisera
1262 1752 252 32 konsumtionen
1540 1765 41 19 av
1607 1751 202 39 rusdrycker

305 1793 108 31 såsom
440 1793 148 37 alltjämt
615 1794 96 32 stadd
738 1795 11 31 i
777 1795 161 37 stegring.
988 1794 117 32 Denna
1132 1795 210 31 konsumtion
1370 1795 120 37 vållar,
1519 1800 81 33 göra
1628 1795 38 32 de
1694 1795 115 31 vidare

304 1835 164 37 gällande,
491 1848 37 19 en
551 1836 191 32 ekonomisk
763 1836 200 39 belastning,
985 1849 68 19 som
1075 1841 118 34 tyngst
1216 1837 143 32 drabbar
1380 1838 38 32 de
1438 1837 209 32 ekonomiskt
1669 1849 141 26 svagare

304 1878 279 38 samhällslagren
606 1878 60 31 och
690 1890 68 20 som
783 1879 190 31 motverkar
997 1879 38 33 de
1058 1879 347 38 välståndsskapande
1431 1880 194 31 faktorerna
1649 1880 11 30 i
1686 1880 123 31 landet.

305 1919 123 32 (Genom
446 1920 104 31 denna
569 1920 211 31 ekonomiska
800 1920 189 39 belastning
1007 1921 58 31 och
1084 1922 43 37 på
1145 1925 101 28 annat
1265 1925 66 28 sätt
1350 1922 245 32 åstadkommer
1614 1921 195 38 rusdrycks-

304 1961 252 33 konsumtionen
581 1962 159 38 slutligen
763 1963 122 31 sociala
909 1962 317 39 skadeverkningar,
1252 1975 68 20 som
1343 1964 12 31 i
1377 1964 98 37 högst
1501 1964 96 38 ringa
1621 1964 84 38 grad
1730 1967 79 28 mot-

303 2008 105 33 vägas
432 2016 41 19 av
495 2008 43 33 på
562 2004 91 32 vissa
675 2005 127 37 platser
825 2005 188 38 obetydligt
1039 2005 185 37 sjunkande
1249 2006 250 38 fyllerisiffror.

348 2046 472 39 Rusdryckskonsumtionens
839 2047 194 38 utveckling
1053 2048 77 32 från
1148 2048 58 32 och
1225 2049 73 31 med
1318 2049 36 31 år
1374 2050 84 31 1920
1478 2049 139 37 jämfört
1636 2049 73 32 med
1728 2060 81 21 sam-

304 2101 52 19 ma
378 2088 211 32 konsumtion
612 2089 71 32 före
705 2090 228 38 världskriget
967 2090 131 38 belyses
1133 2103 41 19 av
1210 2091 189 31 omstående
1433 2091 103 32 tabell
1576 2090 95 38 (åren
1707 2092 104 31 under

303 2131 228 37 världskriget
549 2131 87 32 hava
653 2133 42 36 på
715 2133 109 37 grund
841 2144 41 19 av
900 2132 38 32 de
958 2133 41 31 då
1017 2133 145 31 rådande
1183 2133 157 32 abnorma
1359 2133 253 32 förhållandena
1632 2133 72 32 icke
1723 2134 86 31 med-

302 2173 105 37 tagits
427 2174 11 31 i
458 2172 181 39 tabellen):

346 2215 56 31 Av
425 2216 144 31 tabellen
595 2216 92 32 torde
713 2216 73 32 med
812 2216 65 32 full
903 2216 171 38 tydlighet
1099 2217 145 38 framgå,
1269 2220 51 29 att
1345 2217 261 32 motionärernas
1632 2218 180 38 påstående

302 2269 51 20 om
377 2269 38 20 en
437 2257 147 38 alltjämt
609 2258 153 38 stigande
786 2258 396 38 rusdryckskonsumtion
1208 2264 38 27 är
1268 2259 172 39 felaktigt.
1486 2260 72 31 Den
1584 2259 104 33 totala
1714 2260 98 38 sprit-

303 2299 371 39 drycksförsäljningen
697 2300 54 32 för
772 2300 355 40 förtäringsändamål,
1151 2313 70 20 som
1243 2302 37 31 år
1303 2303 95 37 1913,
1423 2302 54 32 det
1500 2302 82 32 sista
1605 2303 81 36 året,
1709 2302 104 32 under

302 2342 105 32 vilket
427 2342 245 39 försäljningen
692 2346 11 29 i
726 2342 76 33 hela
822 2343 111 32 landet
956 2343 136 32 bedrevs
1115 2344 86 31 efter
1223 2344 37 32 de
1283 2344 113 38 gamla
1419 2344 221 39 riktlinjerna,
1662 2344 150 38 uppgick

303 2384 53 31 till
378 2385 70 31 44.5
471 2384 153 37 miljoner
646 2385 87 38 liter,
757 2385 150 38 uppgick
929 2386 38 31 år
992 2386 82 31 1925
1098 2386 73 32 icke
1195 2386 53 32 till
1272 2387 41 31 30
1338 2386 153 37 miljoner
1513 2387 87 31 liter.
1647 2386 61 32 Om
1733 2387 77 31 hän-

303 2438 61 25 syn
387 2430 96 34 tages
508 2426 54 32 till
585 2426 405 39 folkmängdstillväxten,
1016 2428 155 38 utgjorde
1195 2427 253 33 konsumtionen
1474 2429 38 31 år
1537 2429 83 31 1925
1646 2428 73 32 icke
1744 2439 69 20 mer

303 2473 40 26 än
365 2469 38 30 62
422 2469 21 32 Z
460 2480 42 20 av
520 2468 253 33 konsumtionen
793 2470 37 31 år
849 2470 96 31 1913.
988 2469 235 38 Minskningen
1244 2475 59 33 gör
1322 2471 53 37 sig
1393 2470 155 38 gällande
1569 2471 93 31 såväl
1680 2471 12 30 i
1712 2470 100 38 fråga
