2100 2647
380 182 112 30 Andra
517 181 208 30 Kammarens
754 180 179 43 Tillfälliga
961 180 134 31 Utskotts
1119 178 79 43 (N:o
1221 180 37 40 3)
1288 179 164 32 Utlåtande
1474 178 63 33 N:o
1560 180 49 30 27.
1738 180 18 30 3

288 270 125 36 Denna
444 270 216 36 hemställan
692 270 64 35 har
784 268 122 37 blifvit
933 268 39 36 af
996 268 127 36 Första
1150 268 222 37 Kammaren
1399 268 183 48 godkänd,
1614 268 184 37 hvarefter

186 321 163 42 ärendet,
388 321 146 46 jemlikt
566 322 43 34 63
644 318 18 48 $
696 323 19 33 3
750 333 108 22 mom.
889 319 385 48 riksdagsordningen,
1303 319 257 37 öfverlemnats
1587 320 57 35 till
1671 320 126 35 Andra

187 372 231 44 Kammaren,
448 385 76 22 som
554 372 166 35 hänvisat
749 371 201 36 detsamma
977 371 56 35 till
1061 371 64 35 sitt
1150 370 116 48 tredje
1293 370 183 48 tillfälliga
1503 371 150 36 utskott.

293 599 13 35 I
338 600 113 35 likhet
483 598 82 36 med
597 598 61 36 det
686 598 126 36 Första
840 598 238 35 Kammarens
1106 597 183 49 tillfälliga
1316 599 150 43 utskott,
1497 610 76 23 som
1600 597 197 36 behandlat

185 650 255 48 föreliggande
468 649 112 48 fråga,
610 650 120 34 finner
757 649 177 36 utskottet
961 650 214 46 visserligen
1204 648 70 37 den
1301 647 215 50 ifrågasatta
1542 647 254 50 förhöjningen

187 701 39 36 af
263 701 304 48 skottpenningar
607 700 55 35 för
702 713 91 35 varg
826 712 87 23 vara
939 700 176 47 temligen
1143 700 176 47 ansenlig,
1349 712 81 23 men
1459 699 46 36 då
1532 699 126 36 Första
1685 700 112 35 Kam-

187 765 123 23 maren
352 751 203 37 emellertid
595 752 140 46 antagit
768 752 246 34 motionärens
1046 750 147 48 förslag,
1229 764 105 22 anser
1362 751 178 36 utskottet
1567 751 57 47 sig
1651 751 29 47 ej
1710 751 85 35 böra

189 803 129 36 föreslå
345 808 119 42 någon
491 802 230 47 förändring;
752 803 66 34 och
845 801 55 36 får
928 802 178 35 utskottet
1132 801 56 35 för
1215 801 70 36 den
1305 802 105 43 skull,
1432 801 117 36 under
1568 801 229 48 åberopande

187 853 40 36 af
251 854 43 35 de
323 854 87 43 skäl,
440 865 79 23 som
549 852 139 36 anförts
715 853 55 35 till
799 852 80 36 stöd
906 851 56 37 för
989 853 194 44 motionen,
1215 852 200 44 hemställa,

691 943 53 30 att
775 937 125 35 Andra
932 936 219 36 Kammaren
1184 936 185 48 behagade
1400 938 196 34 instämma
1628 938 12 34 i
1672 937 126 36 Första

592 989 237 35 Kammarens
857 988 129 35 beslut.

290 1071 208 38 Stockholm
528 1073 69 36 den
627 1076 18 32 5
677 1074 90 46 april
800 1074 104 35 1889.

767 1226 51 35 På
846 1226 194 35 utskottets
1068 1233 151 40 vägnar:

831 1326 40 37 G.
901 1326 263 37 THESTRUP.
