2230 2620
424 158 18 32 2
605 157 119 32 Andra
746 156 204 33 kammarens
971 156 131 38 tredje
1127 155 172 40 tillfälliga
1320 154 137 32 utskotts
1478 155 170 31 utlåtande
1671 155 52 31 Nr
1745 156 30 29 4.

378 244 100 37 dena
505 243 325 49 nödvändiggöra
861 241 292 38 bibehållandet
1181 254 48 24 av
1256 240 103 37 olika
1386 239 281 50 vagnsklasser
1690 240 12 36 i
1726 251 276 38 passagerare-

377 294 178 47 trafiken,
584 293 197 38 olikheten
807 293 127 49 ifråga
959 306 61 23 om
1041 291 340 49 bekvämligheten
1401 291 12 37 i
1433 290 330 50 vagnsklasserna
1781 291 85 37 icke
1884 295 119 45 göres

378 350 125 32 större
544 350 48 31 än
621 344 75 37 vad
724 357 82 24 som
834 344 78 36 kan
941 356 114 24 anses
1083 342 137 48 nödigt
1248 341 94 37 eller
1370 342 88 36 med
1488 342 120 37 andra
1635 341 70 37 ord
1733 341 184 49 uttryckt,
1947 345 55 32 att

378 396 151 36 arbetet
561 398 49 46 på
638 394 347 38 åstadkommande
1014 407 47 23 av
1085 392 101 37 ökad
1210 391 293 50 bekvämlighet
1529 392 65 37 vid
1624 392 295 48 järnvägsresor
1947 391 57 36 uti

377 446 125 49 tredje
530 446 107 37 klass
664 446 85 36 icke
777 445 224 37 eftersättes
1024 442 57 38 till
1109 443 151 37 förmån
1284 443 60 37 för
1371 442 137 49 övriga
1534 443 289 49 vagnsklasser.

478 497 75 36 Det
593 502 42 31 är
675 496 231 49 uppenbart,
948 500 55 32 att
1043 494 65 36 det
1150 507 46 22 av
1238 493 243 37 motionären
1505 493 164 38 berörda
1702 490 301 40 förhållandet
1982 486 24 63 i

376 548 164 37 främsta
568 547 103 36 hand
697 552 41 32 är
767 560 47 23 av
842 546 82 36 vikt
952 546 12 35 i
991 545 111 48 fråga
1130 557 62 23 om
1222 544 46 37 de
1293 545 196 47 långväga
1514 557 172 23 resorna.
1739 543 87 37 Men
1846 541 158 38 härvid-

376 598 66 48 lag
469 598 71 36 bör
568 598 66 36 det
664 596 237 47 framhållas,
931 595 90 37 att
1016 589 20 61 i
1049 598 85 34 vårt
1163 595 90 36 land
1282 594 87 37 med
1400 594 91 37 dess
1520 600 105 31 stora
1645 593 272 49 utsträckning
1936 606 67 23 an-

375 649 95 36 talet
510 662 48 23 av
599 648 48 36 de
683 648 196 49 långväga
916 659 161 25 resorna
1104 645 11 36 i
1144 645 125 48 tredje
1297 644 107 37 klass
1434 648 121 33 måste
1584 644 104 37 bliva
1711 643 290 49 jämförelsevis

375 705 109 40 stort,
521 704 55 32 ett
612 698 243 38 förhållande
897 711 83 23 som
1023 702 97 31 även
1161 695 172 50 framgår
1376 708 48 24 av
1463 695 75 37 den
1572 700 133 32 senast
1729 693 273 50 föreliggande

375 750 182 37 officiella
598 749 219 37 statistiken
850 748 166 37 rörande
1044 752 149 31 statens
1218 747 225 48 järnvägar.
1497 748 60 34 Av
1585 746 129 36 denna
1742 745 173 49 framgår
1944 747 59 34 så-

376 801 132 47 lunda,
551 805 56 32 att
646 800 123 36 under
810 802 91 34 åren
944 799 240 36 1915—1917
1214 798 11 35 i
1252 797 48 36 de
1335 797 104 37 olika
1466 796 332 49 vagnsklasserna
1825 796 178 48 företogs

377 851 172 49 följande
574 850 104 37 antal
705 863 108 24 resor
842 853 20 33 å
891 849 169 49 angivna
1088 847 103 38 olika
1215 847 175 38 avstånd.

1228 964 234 26 Avstånd

444 1057 181 40 Vagnsklass
768 1042 101 60 1—100
1014 1037 136 68 101400
1274 1040 138 60 SET
1539 1035 69 68 över
1628 1035 49 68 200
1805 1056 119 26 Summa

1173 1151 155 26 Antal
1364 1159 149 17 resor

461 1247 17 36 I
505 1247 108 37 klass
1221 1279 3 2 .

489 1316 96 35 1915
825 1316 109 45 1,596
1085 1315 111 45 8,139
1323 1314 134 44 19,317
1611 1313 113 45 6,464
1859 1311 138 44 35,516

489 1367 97 35 1916
825 1367 110 45 1,804
1064 1366 130 45 13,341
1322 1365 138 43 29,642
1612 1364 109 44 9,041
1859 1362 139 41 53,828

490 1418 95 35 1917
825 1417 109 44 1,852
1086 1416 111 44 5,128
1326 1415 134 45 12,795
1612 1414 111 45 2.016
1858 1413 137 44 21,791

459 1500 36 35 II
523 1499 106 37 klass

490 1568 96 35 1915
774 1567 161 45 759,584|
994 1547 22 69 —
1037 1566 160 45 339,669|
1301 1565 161 45 137,883
1587 1564 138 44 48,955|
1799 1563 194 45 1,286,091

491 1619 95 34 1916
772 1618 162 44 811,630|
1037 1618 161 43 429,932|
1301 1616 160 45 187,632
1590 1616 46 34 52
1658 1595 98 68 868|
1799 1614 199 45 1,482,062

490 1670 95 34 1917
771 1668 163 45 816,313|
1036 1668 164 45 422510)
1303 1666 160 46 197,100
1591 1665 137 45 51,930|
1799 1664 200 46 1,487,853

445 1752 56 36 III
529 1751 106 36 klass

491 1820 98 35 1915
711 1819 224 44 23,181,959|
1002 1819 196 45 1,121,865|
1303 1817 161 45 <184,840
1590 1816 138 45 80,214|
1772 1815 228 46 24,568,878

492 1871 96 34 1916
711 1869 225 45 =|25,308,022
1002 1869 197 45 —1,308,323|
1293 1868 171 44 217,728
1590 1866 137 46 94,085
1743 1847 14 70 |
1773 1866 227 45 26,928,158

492 1922 95 34 1917
711 1920 224 46 27,575,691
952 1900 14 70 |
1003 1920 197 46 1,343,116|
1300 1919 163 44 212,498
1590 1918 137 45 86,422
1739 1898 18 70 |
1773 1918 225 45 29,217,727

480 2012 117 37 Utom
638 2024 179 24 resornas
851 2011 106 37 antal
999 2017 42 31 är
1081 2009 218 38 emellertid
1337 2009 66 37 vid
1432 2015 56 31 ett
1516 2008 146 49 sakligt
1689 2008 242 37 bedömande
1961 2021 48 23 av

378 2061 273 50 föreliggande
680 2062 112 48 fråga
821 2075 47 23 en
894 2075 127 24 annan
1050 2060 292 49 omständighet
1371 2065 56 32 att
1455 2060 152 37 beakta.
1661 2061 61 35 Av
1741 2058 269 38 ovanberörda

378 2113 172 37 statistik
591 2113 193 36 inhämtas
824 2117 56 31 att
920 2112 124 37 under
1085 2115 41 34 år
1170 2113 94 35 1917
1303 2110 353 38 medelinkomsten
1688 2110 11 36 i
1729 2109 178 37 medeltal
1936 2122 73 36 per

376 2163 403 49 vagnaxelkilometer
814 2163 185 48 utgjorde
1043 2176 47 23 av
1131 2162 171 49 biljetter
1343 2161 58 36 till
1443 2162 17 35 I
1495 2162 72 36 och
1608 2161 38 36 II
1672 2160 107 37 klass
1809 2160 196 37 inklusive

380 2227 217 37 sovvagns-
638 2214 72 37 och
747 2213 446 50 prisskillnadsbiljetter
1239 2215 92 44 17,62
1372 2217 66 31 öre
1468 2217 99 32 samt
1596 2225 47 24 av
1671 2211 170 49 biljetter
1864 2210 58 37 till
1949 2209 57 38 III
