2233 2698
385 270 37 28 14
908 262 232 31 Statsutskottets
1163 260 156 30 Memorial
1342 259 59 30 N:o
1425 260 23 28 1.

487 345 232 39 Sistnämnda
761 345 133 48 belopp
937 343 67 36 har
1047 341 39 36 af
1123 340 351 49 riksgäldskontoret
1507 338 59 36 till
1595 338 160 48 bolaget,
1784 337 12 35 i
1824 335 85 36 mån
1938 333 40 37 af

381 401 207 50 fullgjorda
618 399 217 51 prestanda,
864 398 176 37 utbetalts
1069 396 83 36 med
1184 396 167 44 200,000
1382 394 135 36 kronor
1545 393 12 35 i
1586 391 163 37 februari
1778 390 130 37 månad
1938 389 39 36 år

387 459 110 43 1888,
541 457 138 43 35,186
725 455 135 35 kronor
907 455 41 35 11
984 459 60 29 öre
1073 452 10 34 i
1109 451 72 49 juli
1210 449 132 36 månad
1370 448 39 36 år
1442 450 98 36 1888
1571 447 67 36 och
1671 448 139 42 10,000
1840 446 137 35 kronor

383 512 118 36 under
537 510 146 50 januari
727 508 132 37 månad
897 507 39 36 år
983 509 109 35 1889.
1148 503 53 38 Af
1240 503 224 37 återstående
1498 502 66 36 här
1592 500 111 37 ofvan
1732 498 246 39 omförmälda

387 568 163 43 105,624
594 566 136 34 kronor
770 566 18 34 7
828 570 60 29 öre
918 561 111 37 hafva
1058 560 127 36 endast
1213 559 180 35 utbetalts
1426 558 162 43 100,000
1619 556 145 44 kronor,
1792 554 185 48 nemligen

385 623 140 43 95,000
555 620 135 35 kronor
719 619 11 34 i
759 618 95 48 april
884 617 68 36 och
984 617 113 44 3,000
1129 615 134 35 kronor
1291 614 15 34 i
1332 612 206 49 september
1571 612 97 36 1888
1691 614 94 31 samt
1806 610 73 36 500
1897 609 80 34 kro-

381 689 68 22 nor
478 676 10 34 i
513 674 160 49 januari,
707 674 114 43 1,000
850 672 134 36 kronor
1013 671 11 34 i
1053 668 148 50 augusti
1230 667 66 36 och
1330 669 74 36 500
1433 667 135 35 kronor
1596 665 11 35 i
1632 664 204 49 september
1860 664 116 42 1889;

384 731 193 34 hvaremot
607 729 112 42 5,624
747 727 135 34 kronor
903 729 18 33 7
946 730 60 30 öre
1026 723 41 36 af
1084 723 69 35 den
1173 722 59 36 vid
1259 723 95 35 1887
1380 720 56 35 års
1456 721 74 34 slut
1549 717 175 37 förfallna
1744 717 235 48 köpeskillin-

384 796 68 37 gen
481 783 11 35 i
522 780 354 51 riksgäldskontoret
903 777 150 45 innestå,
1082 783 86 29 enär
1197 776 151 48 bolaget
1376 781 96 28 ännu
1494 774 32 47 ej
1548 772 59 36 till
1627 770 352 50 riksgäldskontoret

385 838 174 35 aflemnat
587 837 45 35 de
660 836 12 34 i
698 836 198 47 jernvägen
926 831 219 37 intecknade
1174 830 256 48 obligationer,
1462 828 146 36 hvilkas
1637 825 213 37 erhållande
1871 829 109 43 utgör

385 892 158 35 vilkoret
572 889 57 37 för
657 888 223 37 sistnämnda
911 888 153 47 belopps
1093 884 180 37 utfående.

491 944 131 36 Likaså
651 942 140 37 innestå
820 949 98 28 ännu
946 942 11 34 i
986 939 351 49 riksgäldskontoret
1367 938 75 36 730
1472 936 136 35 kronor
1639 937 42 35 31
1717 937 60 32 öre
1806 931 40 37 af
1872 932 107 48 köpe-

385 1000 208 48 skillingen,
624 998 207 44 4,000,000
861 997 145 43 kronor,
1036 994 58 35 för
1114 994 77 39 den
1221 993 118 48 enligt
1371 992 98 36 1879
1500 989 56 36 års
1586 988 180 48 Riksdags
1787 987 122 36 beslut
1928 987 52 34 in-

386 1055 109 48 köpta
526 1050 568 50 Hallsberg
734 1045 20 62 —
773 1050 175 50 Motala—
971 1045 124 62 Mjölby
1119 1049 163 48 jernväg.

492 1107 54 37 Af
579 1109 43 34 de
657 1108 204 43 5,000,000
892 1106 143 42 kronor,
1065 1103 126 36 hvilka
1220 1102 95 35 7887
1342 1100 55 36 års
1427 1099 160 47 Riksdag
1616 1096 114 37 stälde
1759 1096 59 36 till
1848 1095 132 49 Kongl.

387 1164 119 48 Maj:ts
548 1161 218 49 förfogande
799 1160 61 35 till
889 1161 262 34 låneunderstöd
1172 1157 59 44 för
1258 1156 152 36 enskilda
1429 1157 205 45 jernvägar,
1664 1156 55 30 att
1748 1149 88 50 utgå
1866 1149 115 36 under

387 1218 87 35 åren
507 1217 272 41 1882—1886,
807 1212 190 37 innestodo
1028 1212 61 35 vid
1114 1212 100 35 1890
1235 1209 56 35 års
1310 1209 128 47 början
1459 1208 9 33 i
1490 1206 355 48 riksgäldskontoret
1867 1205 112 42 3,802

388 1273 136 34 kronor
568 1272 20 35 6
632 1276 61 29 öre
735 1267 40 36 af
806 1267 61 36 det
904 1267 151 35 Lenna—
1074 1252 184 65 Norrtelje
1286 1260 382 51 jernvägsaktiebolag
1697 1257 183 49 beviljade
1909 1256 72 37 lån.

388 1325 118 37 Sedan
535 1324 69 36 den
633 1323 65 44 tid,
727 1323 100 35 inom
857 1321 150 36 hvilken
1038 1319 71 44 det,
1140 1318 116 48 enligt
1283 1317 126 48 kongl.
1440 1313 146 47 brefvet
1614 1313 68 36 den
1716 1315 45 35 13
1782 1311 201 36 november

394 1381 110 42 1885,
541 1377 83 49 ålåg
653 1377 251 47 aktiebolaget
933 1380 55 30 att
1020 1374 126 49 styrka
1171 1373 53 47 sig
1253 1369 111 37 hafva
1393 1368 172 49 fullgjort
1594 1367 44 36 de
1666 1366 58 36 för
1752 1365 165 49 lyftande
1946 1363 40 36 af

389 1433 159 37 berörda
577 1431 191 36 låneandel
796 1429 191 36 faststälda
1016 1428 132 42 vilkor,
1176 1438 155 22 numera
1359 1421 247 50 tilländagått,
1635 1426 90 30 utan
1754 1425 55 30 att
1838 1420 148 47 bolaget

389 1488 60 35 till
479 1486 169 50 lyftande
677 1484 40 36 af
743 1485 174 47 beloppet
946 1483 53 48 sig
1028 1482 151 42 anmält,
1208 1480 74 43 har,
1311 1478 46 50 på
1386 1477 119 50 grund
1531 1475 41 36 af
1588 1488 140 23 samma
1749 1472 92 46 bref,
1863 1478 119 30 rätten

393 1542 60 35 till
483 1539 313 37 utbekommande
825 1537 40 36 af
892 1537 60 35 det
980 1535 154 37 sålunda
1161 1532 233 37 innestående
1424 1532 173 47 beloppet
1624 1528 169 36 förfallit.

498 1593 192 37 Likaledes
723 1593 60 35 till
818 1593 262 35 låneunderstöd
1106 1590 58 43 för
1192 1589 151 35 enskilda
1360 1589 197 44 jernvägar
1585 1582 184 49 beviljade
1803 1583 98 36 1886
1932 1579 57 36 års

392 1649 165 47 Riksdag
600 1661 44 23 en
689 1645 170 37 lånefond
903 1646 37 34 af
970 1644 206 44 5,000,000
1210 1642 146 43 kronor,
1390 1641 55 34 att
1478 1637 89 50 utgå
1595 1636 116 37 under
1740 1635 73 36 fem
1841 1634 40 37 år
1909 1633 81 37 från

393 1704 67 35 och
496 1703 84 35 med
618 1701 39 36 år
704 1703 97 35 1887
847 1699 82 36 med
972 1698 201 44 1,000,000
1217 1696 136 35 kronor
1382 1693 147 49 årligen.
1586 1691 127 36 Denna
1739 1689 89 37 fond
1856 1690 68 35 har
1952 1687 41 36 af

394 1757 133 49 Kongl.
556 1756 103 48 Maj:t
689 1754 154 37 sålunda
873 1754 237 47 disponerats,
1141 1756 53 29 att
1225 1747 106 38 deraf
1356 1747 193 37 tilldelats:

395 1901 154 37 Skara—
565 1899 252 37 Kinnekulle
847 1897 161 36 Venerns
1034 1893 388 51 jernvägsaktiebolag
1454 1920 134 6 .......
1620 1890 53 34 kr.
1734 1889 177 43 324,000:
1942 1909 47 3 —

395 1953 176 39 Svartelfs
596 1952 919 50 jernvägsaktiebolag.............ssummesmmsvvvvva
1516 1974 71 14 rss
1646 1957 16 21 >»
1731 1943 178 43 341,000:
1942 1962 49 4 —

395 2007 425 38 Halmstad—Bolmens
845 2003 387 51 jernvägsaktiebolag
1274 2028 312 9 —....eeeeeecew
1646 2010 16 23 >»
1734 1997 178 43 -824,915:
1943 2016 48 4 —

396 2063 186 36 Mellersta
610 2062 179 48 Blekinge
814 2058 387 53 jernvägsaktiebolag
1238 2082 349 9 u.e.eeeeeseesevev
1646 2065 16 21 »
1701 2051 212 44 1,120,250:
1943 2070 49 4 —

395 2102 222 68 Fogelsta—
637 2102 418 68 Vadstena—Ödeshögs
1080 2109 386 51 jernvägsaktiebolag
1492 2136 97 6 .....
1649 2119 16 21 »
1737 2104 176 44 300,000:
1944 2124 49 4 —

397 2170 321 37 Falu—Rättviks
743 2166 387 51 jernvägsaktiebolag
1153 2194 62 5 .....
1248 2164 55 35 kr.
1335 2163 177 43 850,000:
1552 2182 40 4 -—

449 2225 146 36 hvilket
623 2222 59 37 lån
711 2223 151 48 bolaget
895 2221 92 36 dock
1018 2219 201 37 sedermera
1247 2216 56 37 för
1332 2216 133 49 Kongl.
1494 2214 102 49 Maj:t

505 2279 141 35 anmält
674 2278 54 48 sig
757 2277 79 35 icke
864 2288 89 24 vara
982 2276 10 33 i
1022 2272 152 38 tillfälle
1205 2276 175 44 mottaga.

1389 2342 200 46 Transport
1617 2341 52 33 kr.
1702 2315 213 72 2,910,165:
1945 2317 50 44 cs
