2221 2689
421 239 41 28 34
950 238 232 30 Statsutskottets
1205 238 157 29 Memorial
1384 238 60 29 N:o
1467 239 24 28 1.

526 318 85 37 Som
641 317 208 51 Oplysning
877 319 43 35 til
949 319 115 35 denne
1093 317 83 38 Side
1206 317 41 37 af
1273 317 117 49 Sagen
1419 316 137 38 tilföier
1582 319 62 47 jeg
1673 318 72 49 dog
1774 317 197 49 Fölgende:

517 373 16 36 I
562 373 242 49 Kjöbenhavn
833 373 122 37 koster
987 386 44 23 en
1067 371 191 38 Kubikfod
1288 372 212 49 almindelig
1529 371 249 51 Husbygning
1803 384 51 24 c:a
1875 374 48 35 48
1944 378 72 39 öre,

418 428 148 36 medens
595 441 85 22 man
708 429 12 33 i
749 427 151 45 Skaane,
929 426 92 37 ifald
1047 429 61 47 jeg
1136 428 136 35 husker
1300 433 65 39 ret,
1395 427 84 35 ikke
1510 427 138 35 betaler
1676 439 98 23 mere
1795 426 69 36 end
1888 428 45 35 35
1956 433 60 29 öre

418 496 44 35 pr
491 481 192 37 Kubikfod
710 482 183 50 Bygning.

525 537 81 36 Den
639 537 64 35 her
736 536 243 36 omhandlede
1014 536 359 49 Rigsdagsbygning,
1402 535 193 36 udmaaler
1624 540 159 31 omtrent
1812 536 205 44 4,500,000

419 590 191 38 Kubikfod
640 605 47 35 og
715 591 420 49 Rigsbanksbygningen
1165 595 162 31 omtrent
1356 591 203 44 1,350,000
1581 588 203 46 Kubikfod,
1806 589 209 36 tilsammen

421 647 207 45 5,850,000
671 644 203 38 Kubikfod.
930 644 126 38 Settes
1089 646 120 48 prisen
1245 645 43 35 til
1318 646 48 36 50
1396 651 61 29 öre
1485 657 45 36 pr
1559 643 201 46 Kubikfod,
1788 644 103 49 giver
1919 643 99 36 dette

420 714 43 22 en
493 701 88 36 Sum
611 699 40 37 af
679 702 202 43 2,925,000
912 700 153 36 Kronor.
1121 700 83 35 Men
1232 700 45 34 de
1307 699 234 35 udmerkede
1570 699 212 45 Teknikere,
1813 711 78 23 som
1919 704 98 30 staae

419 755 44 35 til
506 755 70 35 den
618 754 117 36 rede
771 753 183 36 Komitees
983 753 225 49 Raadighed,
1237 753 89 35 ville
1361 753 6 34 i
1396 752 183 49 Forening
1608 752 85 36 med
1722 752 69 35 den
1819 752 198 35 höiterede

420 807 300 46 Overintendant,
752 809 71 48 dog
853 821 94 23 vere
977 809 104 48 langt
1106 807 111 37 bedre
1238 806 190 37 Veiledere
1449 820 70 36 paa
1539 807 98 35 dette
1657 806 182 36 Omraade
1858 806 70 36 end
1944 806 72 49 jeg.

526 863 122 37 Stilles
675 876 51 23 nu
755 863 43 35 til
828 862 170 49 Slutning
1028 862 60 36 det
1116 861 244 49 Spörgsmaal,
1389 874 60 23 om
1478 859 178 51 Udgiften
1677 861 11 35 i
1708 861 61 36 det
1788 860 91 36 Hele
1900 866 118 30 staaer

419 919 13 34 i
474 925 36 28 et
542 918 111 36 sundt
686 931 46 35 og
765 917 90 49 godt
883 916 159 36 Forhold
1071 917 44 35 til
1144 916 98 36 hvad
1271 916 64 35 der
1363 928 167 36 opnaaes,
1560 915 44 36 da
1633 928 84 22 maa
1745 915 98 35 dette
1872 915 145 36 vistnok

420 973 168 36 besvares
621 972 84 35 med
734 971 61 45 Ja;
824 971 55 35 thi
909 971 43 35 de
982 970 131 37 tvende
1142 970 252 35 Institutioner
1423 970 89 36 ville
1541 969 109 37 vinde
1678 982 45 23 en
1751 968 47 37 fri
1827 969 191 48 Beliggen-

420 1027 82 45 hed,
544 1039 61 23 saa
647 1026 139 37 central
827 1038 78 23 som
948 1025 62 36 det
1041 1025 81 36 blot
1157 1037 38 23 er
1223 1025 135 48 muligt
1391 1029 38 31 at
1462 1022 79 38 faae
1575 1024 70 36 den
1678 1024 12 34 i
1718 1023 226 44 Stockholm,
1973 1036 45 23 en

419 1080 262 50 Beliggenhed,
714 1093 76 23 som
828 1080 217 36 utvivlsomt
1077 1079 51 37 vil
1157 1079 99 36 blive
1285 1077 41 37 af
1351 1079 222 35 allerstörste
1602 1077 210 50 Betydning
1840 1076 58 37 for
1925 1077 93 37 Ban-

419 1136 89 35 kens
537 1135 259 44 Virksomhed,
827 1147 47 36 og
902 1146 78 23 som
1008 1133 60 36 for
1097 1133 226 49 Rigsdagens
1350 1132 241 36 Medlemmer
1619 1132 53 36 vil
1700 1144 97 25 vare
1815 1136 123 45 meget
1958 1132 59 36 be-

420 1190 110 35 kvem
559 1190 11 33 i
600 1189 102 35 deres
735 1189 146 47 daglige
910 1188 162 35 Feerden.
1129 1187 161 48 Navnlig
1319 1187 91 35 disse
1439 1186 116 36 Sidste
1584 1187 89 35 ville
1701 1185 82 36 faae
1808 1191 36 30 et
1870 1186 148 44 Lokale,

421 1243 64 36 der
517 1243 12 35 i
564 1242 70 36 den
663 1240 100 38 Grad
792 1243 51 35 vil
878 1241 221 37 overstraale
1129 1240 61 36 det
1218 1240 193 49 Tidligere,
1441 1246 38 30 at
1507 1253 85 23 man
1622 1238 167 51 bagefter
1816 1252 120 36 neppe
1965 1239 52 36 vil

421 1297 123 36 kunne
577 1295 169 46 forstaae,
780 1301 37 30 at
845 1309 86 22 man
961 1297 181 47 saalenge
1170 1294 68 36 har
1266 1293 131 37 fundet
1425 1295 54 47 sig
1507 1294 137 36 tilrette
1673 1293 84 36 med
1787 1293 62 36 det
1877 1292 140 37 Gamle.

528 1350 87 36 Alle
649 1350 155 36 Lokaler
832 1351 13 35 i
874 1350 69 36 den
979 1363 70 36 nye
1078 1349 357 49 Rigsbankbygning
1468 1349 88 35 ville
1590 1349 59 36 vel
1677 1348 86 36 ikke
1792 1348 99 35 blive
1919 1346 99 37 fuldt

421 1419 61 23 saa
523 1405 220 47 rummelige
785 1417 78 23 som
897 1405 42 34 de
973 1403 229 44 nuverende,
1237 1415 83 23 men
1349 1416 83 22 man
1461 1403 53 36 vil
1542 1401 82 37 faae
1652 1402 67 36 Alt
1749 1402 110 35 bedre
1887 1402 133 35 samlet

420 1461 45 35 til
507 1459 70 36 den
619 1459 147 48 daglige
808 1458 234 48 Forretnings
1076 1457 159 44 Ledelse,
1270 1471 46 35 og
1344 1456 295 49 Beliggenheden
1660 1457 52 36 vil
1740 1456 43 36 til
1813 1455 77 37 dels
1919 1456 99 36 blive

421 1513 117 37 friere.
595 1513 71 36 Det
707 1514 52 35 vil
802 1525 118 36 neppe
953 1525 95 23 vare
1083 1512 50 35 let
1161 1512 12 34 i
1201 1510 213 37 Stockholm
1449 1511 98 36 uden
1576 1511 104 48 langt
1708 1514 113 32 större
1852 1508 100 38 Offre
1980 1514 38 31 at

421 1581 140 35 opnaae
589 1580 44 23 en
662 1580 61 22 saa
751 1567 60 35 vel
840 1567 161 48 placeret
1030 1566 272 48 Bankbygning
1331 1565 83 35 med
1444 1577 61 23 saa
1533 1565 141 35 central
1701 1564 262 48 Beliggenhed.

529 1621 52 36 At
623 1619 415 50 Udgiftsspörgsmaalet
1074 1620 12 35 i
1124 1620 192 47 vesentlig
1344 1617 101 38 Grad
1473 1618 148 49 henger
1649 1631 164 23 sammen
1842 1617 85 36 med
1957 1618 62 35 det

422 1676 165 35 tekniske
631 1675 245 48 Spörgsmaal,
910 1687 89 22 naar
1033 1674 63 35 der
1125 1687 38 22 er
1192 1674 87 36 Tale
1308 1686 60 22 om
1397 1686 44 22 en
1470 1673 246 48 Byggeplads,
1747 1685 76 23 som
1854 1672 69 35 den
1953 1672 66 35 der

422 1730 66 36 her
521 1729 226 44 ombhandles,
780 1741 38 23 er
851 1741 44 22 en
924 1726 196 50 Selvfölge.
1176 1727 82 36 Men
1288 1739 59 23 saa
1375 1726 81 36 vidt
1480 1727 62 47 jeg
1571 1726 68 35 har
1667 1727 94 43 hört,
1790 1738 58 23 ere
1877 1725 142 36 Funda-

422 1782 441 50 menteringsforholdene
906 1795 71 36 paa
1014 1782 44 35 de
1100 1781 101 36 fleste
1234 1780 129 37 Steder
1391 1781 10 34 i
1430 1780 225 45 Stockholm,
1684 1780 92 36 hvor
1804 1779 64 36 der
1896 1779 122 36 kunde

422 1850 96 23 vere
553 1837 87 36 Tale
673 1850 60 22 om
767 1842 39 29 at
839 1837 121 48 bygge
994 1835 58 35 for
1085 1835 162 48 Rigsdag
1277 1848 46 34 og
1356 1834 201 43 Riksbank,
1592 1834 85 35 ikke
1706 1834 111 35 bedre
1846 1833 71 36 end
1944 1834 74 35 her.

424 1891 81 36 Ved
547 1890 360 50 Helgeandsholmen
950 1890 91 35 have
1084 1889 260 49 omhyggelige
1378 1887 285 49 Undersögelser
1691 1888 95 44 viist,
1815 1891 38 32 at
1881 1886 138 37 Under-

422 1945 176 48 grunden,
627 1958 69 34 paa
724 1950 36 30 et
788 1944 125 35 enkelt
941 1943 86 36 Sted
1056 1956 84 31 ner,
1169 1943 62 35 det
1254 1942 187 49 sydvestre
1462 1941 148 49 Hjörne,
1631 1955 39 22 er
1688 1940 221 37 forholdsvis
1929 1954 89 35 gun-

423 1999 71 48 stig
538 1999 96 35 uden
677 1999 119 35 bratte
831 1997 376 48 Klippeskraaninger
1240 1997 90 35 eller
1358 1996 212 48 vanskelige
1599 1995 281 49 Lagdannelser.
1938 1994 82 37 Ved

423 2053 309 49 Bortskjeringen
775 2065 48 36 og
851 2051 259 49 Nedbrytning
1138 2049 41 37 af
1205 2050 111 36 eldre
1344 2050 212 49 Bygninger
1585 2050 11 35 i
1625 2050 68 35 den
1724 2050 131 35 nordre
1884 2049 69 36 Del
1982 2048 41 36 af

423 2107 160 35 Holmen
612 2120 46 35 og
687 2105 239 50 Udgravning
954 2106 44 35 til
1027 2105 274 35 Fundamenter
1330 2105 52 35 vil
1411 2117 85 22 man
1517 2103 81 36 faae
1618 2117 44 22 en
1681 2104 192 48 vesentlig
1893 2103 69 36 Del
1983 2102 40 36 af

424 2162 71 34 den
533 2161 105 49 Fyld,
680 2174 87 21 man
800 2166 157 42 trenger
992 2160 53 45 til,
1076 2173 45 35 og
1151 2159 63 35 der
1243 2159 50 35 vil
1322 2159 84 34 ikke
1436 2158 157 37 behöves
1622 2171 61 23 saa
1711 2163 74 31 stor
1813 2157 207 50 yderligere

424 2213 231 51 Opfyldning
694 2213 58 37 for
795 2219 37 30 at
873 2212 90 37 löfte
1005 2214 191 35 Terrainet
1230 2213 11 35 i
1275 2211 116 37 Höide
1434 2212 85 36 med
1559 2210 174 38 Norrbro.
1791 2212 105 36 Selve
1925 2211 95 49 Byg-

424 2270 174 48 ningerne
641 2269 87 36 ville
770 2268 84 35 ikke
884 2268 120 36 kreve
1033 2280 60 23 saa
1123 2267 224 48 bekostelige
1375 2266 538 48 Fundamenteringsarbeider;
1943 2266 77 34 der-

424 2323 99 35 imod
566 2324 89 35 ville
697 2321 200 44 Quaimure
932 2335 45 35 og
1011 2321 285 48 Stensetninger
1324 2322 105 47 langs
1457 2320 89 49 Syd-
1575 2334 47 35 og
1650 2320 204 36 Nordsiden
1884 2318 40 36 af
1950 2319 69 35 den
