2270 2628
466 116 41 30 42
852 119 364 41 Bevillningsutskottets
1242 122 208 32 Betänkande
1475 125 63 31 N:o
1560 126 52 30 26.

611 195 127 39 (Kungl.
770 196 101 37 Maj:ts
897 197 141 37 förslag.)
1467 202 173 40 (Utskottets
1662 204 140 39 förslag.)

417 246 114 47 gälde
568 246 103 38 skatt
712 247 61 36 för
813 247 62 37 det
912 249 204 37 afverkade
1159 250 144 49 maltet,
1346 252 97 37 dock
1471 254 88 36 med
1588 255 115 37 minst
1732 258 302 36 etthundraåttio

418 297 151 38 kronor.
626 299 139 36 Därest
806 300 376 49 omständigheterna
1215 302 107 48 gifva
1344 304 64 36 vid
1438 304 164 49 handen,
1632 312 56 30 att
1717 309 94 36 malt
1839 310 195 36 afverkats

418 348 57 37 till
517 350 117 36 sådan
675 350 155 49 mängd,
860 356 55 32 att
938 352 157 48 jämlikt
1122 353 338 39 bestämmelserna
1488 356 12 37 i
1530 359 21 34 2
1580 357 21 49 &
1629 358 74 36 den
1731 363 50 45 på
1810 362 131 36 maltet
1968 362 65 36 be-

417 399 164 48 löpande
609 401 102 37 skatt
739 402 122 37 skulle
889 403 211 50 öfverstiga
1128 407 259 46 nyssnämnda
1416 408 277 51 skattebelopp,
1724 411 96 37 skall
1847 413 13 36 i
1887 412 146 38 saknad

418 452 42 35 af
491 452 228 49 erforderlig
747 454 206 49 utredning
981 468 63 23 om
1073 457 141 36 antalet
1242 457 168 50 brygder
1438 460 73 36 och
1539 460 319 51 inmäskningens
1887 465 145 36 storlek

418 508 173 44 antagas,
622 510 54 30 att
706 504 59 38 för
792 506 129 48 hvarje
950 506 107 49 dygn
1086 508 41 35 af
1151 508 73 37 den
1252 509 67 48 tid,
1348 510 218 38 hvarunder
1594 512 73 37 den
1692 513 170 50 olagliga
1882 516 151 37 afverk-

416 555 147 48 ningen
602 558 147 46 pågått,
791 557 219 37 verkställts
1053 572 47 23 en
1140 560 125 49 brygd
1307 561 71 37 och
1414 567 57 31 att
1500 563 63 37 det
1591 563 190 38 därunder
1808 566 224 39 immäskade

418 606 152 37 maltets
613 608 144 48 mängd
785 609 13 36 i
827 609 202 37 okrossadt
1071 610 168 38 tillstånd
1280 616 166 46 uppgått
1489 615 55 36 till
1572 615 147 38 hälften
1748 617 42 36 af
1814 618 217 38 mäskkars-

416 658 161 48 rymden
607 665 98 30 samt
733 665 55 31 att
817 673 47 23 en
891 660 205 39 hektoliter
1123 663 202 37 okrossadt
1352 665 93 36 malt
1470 671 119 44 väger
1609 667 199 37 femtiotvå
1827 669 201 50 kilogram.

1166 785 47 37 53
1244 784 31 50 &.

550 868 30 33 1.
637 867 75 36 För
740 867 288 50 skattepliktigt
1056 869 195 50 bryggeri,
1282 885 80 23 som
1391 872 98 37 varit
1517 873 12 36 i
1556 876 105 47 gång
1688 875 123 36 under
1830 876 199 38 kalender-

416 921 79 33 året
539 919 97 35 1906
680 919 71 36 och
792 919 65 37 vid
897 920 151 38 hvilket
1088 922 119 37 under
1248 923 353 50 tillverkningsåret
1632 927 252 37 1906—1907
1916 929 112 37 malt-

415 968 282 51 afverkningen
739 971 34 48 ej
816 971 169 50 uppgick
1028 973 57 36 till
1126 974 339 38 etthundrafemtio
1503 976 189 49 kilogram
1720 978 12 36 i
1765 979 174 38 medeltal
1967 982 61 35 för

413 1020 134 49 hvarje
594 1022 177 49 helgfritt
816 1023 106 49 dygn
965 1024 42 35 af
1044 1024 73 37 den
1158 1026 66 47 tid,
1267 1027 120 37 under
1428 1028 155 36 hvilken
1622 1029 299 39 tillståndsbevis
1963 1033 64 36 vid

414 1072 227 48 bryggeriet
668 1073 98 37 varit
793 1075 191 48 gällande,
1015 1079 61 33 må
1104 1077 59 37 för
1190 1078 106 37 tiden
1324 1078 97 37 intill
1451 1079 73 37 den
1556 1082 17 33 1
1604 1081 159 37 oktober
1795 1085 96 34 1912
1921 1084 65 36 det
2015 1085 12 35 i

414 1125 21 34 5
466 1122 21 50 &
515 1124 229 37 föreskrifna
785 1125 138 37 minsta
955 1127 304 51 skattebeloppet
1288 1131 192 36 nedsättas
1509 1131 58 37 till
1596 1136 62 33 två
1687 1133 151 37 kronor.
1896 1135 131 37 Skulle

414 1175 268 50 skattepliktig
701 1176 250 50 tillverkning
970 1179 12 35 i
1003 1179 223 50 bryggeriet
1244 1181 108 50 ligga
1367 1195 90 24 nere
1478 1183 119 36 under
1616 1185 79 35 helt
1714 1185 313 50 tillverkningsår

413 1226 94 37 eller
548 1227 74 37 den
650 1228 157 48 erlagda
834 1229 151 37 skatten
1013 1231 122 37 under
1162 1235 118 46 något
1308 1234 312 49 tillverkningsår
1648 1236 12 35 i
1688 1237 178 36 medeltal
1893 1242 132 46 uppgå

415 1278 57 36 till
500 1292 66 23 sex
595 1279 142 37 kronor
764 1280 60 37 för
850 1281 134 49 hvarje
1012 1282 177 49 helgfritt
1217 1284 106 49 dygn
1352 1286 42 35 af
1418 1286 73 36 den
1512 1287 64 46 tid,
1598 1287 119 37 under
1738 1288 155 37 hvilken
1914 1291 111 35 malt-

412 1330 210 50 krossning
663 1331 69 37 där
772 1332 100 36 varit
914 1333 159 49 tillåten,
1117 1349 87 23 vare
1247 1336 99 37 hvad
1388 1338 160 36 sålunda
1577 1339 172 48 stadgats
1779 1340 33 48 ej
1842 1341 131 37 vidare
2005 1345 20 33 å

412 1381 223 49 bryggeriet
662 1383 234 49 tillämpligt.

543 1436 34 34 2.
633 1434 80 36 När
741 1435 121 48 enligt
903 1438 7 34 1
942 1449 114 24 mom.
1087 1438 103 37 skatt
1219 1442 61 33 må
1309 1440 179 49 erläggas
1517 1441 85 36 med
1630 1442 149 37 mindre
1809 1442 136 51 belopp
1975 1450 49 31 än

411 1484 64 37 det
516 1485 13 35 i
572 1487 21 34 5
635 1484 21 50 $
697 1486 206 48 bestämda,
948 1488 97 36 skall
1075 1489 69 36 ock
1173 1490 73 37 den
1275 1492 12 35 i
1319 1493 44 34 13
1394 1491 21 49 8
1445 1494 22 33 2
1497 1492 71 36 och
1598 1494 20 35 5
1648 1507 112 23 mom.
1794 1495 229 37 föreskrifna

411 1536 179 37 säkerhet
618 1537 167 37 därefter
808 1538 163 49 jämkas.

541 1640 132 36 Denna
703 1640 227 50 förordning
957 1644 128 35 träder
1113 1644 11 35 i
1153 1644 102 37 kraft
1284 1645 71 37 den
1387 1648 17 33 1
1436 1646 159 38 oktober
1627 1649 109 36 1909.
