1880 2812
495 156 119 30 Andra
636 156 246 40 lagutskottets
905 159 179 31 utlåtande
1106 170 42 19 nr
1168 161 51 29 51.
1589 162 16 29 17

159 234 286 40 Socialstyrelsen
467 236 63 29 har
552 237 10 29 i
587 238 53 29 sin
664 237 261 41 framställning
947 240 67 29 den
1038 241 41 29 30
1104 241 196 39 september
1326 241 83 30 1944
1431 242 179 38 föreslagit

114 278 92 30 vissa
228 279 161 39 åtgärder
411 280 55 30 för
486 282 209 38 uppnående
716 292 42 20 av
776 283 57 29 det
854 284 64 29 här
938 285 150 38 angivna
1109 285 116 39 syftet,
1246 286 121 29 därvid
1389 286 115 29 såsom
1525 286 86 30 mål-

115 323 154 39 sättning
288 324 160 39 angivits,
469 327 50 28 att
538 326 238 30 understöden
797 327 80 30 från
895 328 134 30 erkänd
1049 329 358 31 arbetslöshetskassa
1427 331 82 29 böra
1530 331 80 29 med

114 367 40 30 25
176 371 143 35 procent
341 370 172 38 överstiga
534 372 246 29 motsvarande
802 372 191 30 understöd
1015 373 80 30 från
1117 374 395 30 arbetslöshetsnämnd.
1535 376 75 29 Den

114 412 149 30 sålunda
279 413 201 40 föreslagna
495 415 194 30 relationen
705 416 129 30 mellan
853 418 191 29 understöd
1061 418 80 30 från
1159 419 356 31 arbetslöshetskassa
1544 420 64 30 och

114 457 191 30 understöd
326 458 81 30 från
430 459 384 31 arbetslöshetsnämnd
836 471 102 29 synes
958 471 83 21 vara
1061 463 11 28 i
1093 465 87 27 stort
1202 466 66 27 sett
1287 464 159 40 lämpligt
1466 465 142 38 avvägd.

156 528 119 30 Andra
294 528 229 40 lagutskottet
543 530 200 31 förklarade
763 533 11 28 i
795 533 58 29 sitt
872 533 180 30 utlåtande
1073 544 42 19 nr
1136 535 38 29 71
1195 535 57 29 vid
1275 535 83 30 1944
1379 535 57 30 års
1455 536 152 39 riksdag,

110 582 50 27 alt
182 582 170 30 utskottet
373 593 10 19 i
403 583 137 40 princip
560 593 82 21 vore
663 594 42 20 av
725 585 67 30 den
815 586 273 40 uppfattningen
1108 590 60 31 att,
1192 597 57 20 om
1269 597 42 20 en
1333 588 210 40 förbättring
1563 599 42 19 av

111 634 41 29 de
172 635 478 33 arbetslöshetsförsäkrades
670 639 178 30 förmåner
867 650 81 20 vore
967 641 217 39 erforderlig,
1204 642 206 30 densamma
1427 643 106 29 borde
1553 651 55 31 ge-

111 688 181 30 nomföras
309 689 96 30 inom
423 690 265 40 försäkringens
706 702 87 20 ram.
813 693 58 29 Ett
890 694 119 39 tillägg
1028 695 52 28 till
1099 695 224 39 daghjälpen,
1342 696 107 29 vilket
1465 696 72 29 helt
1555 698 53 27 ut-

107 740 101 39 ginge
228 751 41 20 av
289 743 212 34 statsmedel,
523 745 113 29 strede
656 744 144 40 givetvis
819 748 74 28 mot
912 746 268 40 ifrågavarande
1198 748 148 40 princip,
1367 748 166 30 framhöll
1553 751 53 27 ut-

112 794 139 30 skottet.
271 796 204 30 Emellertid
494 797 87 29 fann
601 798 50 39 sig
670 799 171 30 utskottet
859 800 84 29 böra
961 801 191 30 medverka
1168 802 53 29 till
1240 804 51 27 att
1309 804 49 28 ett
1378 805 117 36 avsteg
1515 803 92 39 gjor-

111 847 61 30 des
192 848 79 30 från
289 849 184 40 principen
491 858 125 31 genom
633 854 51 27 att
701 852 196 31 kostnaden
916 854 55 29 för
987 854 233 40 kristillägget
1238 856 72 29 helt
1327 856 96 29 lades
1441 856 44 39 på
1506 858 101 28 stats-

110 901 131 34 verket,
270 903 84 28 enär
384 903 101 39 eljest
516 913 43 20 en
590 905 148 39 höjning
769 915 41 20 av
839 907 368 39 medlemsavgifterna
1235 909 11 28 i
1276 909 331 30 arbetslöshetskas-

112 962 104 22 sorna
239 955 98 30 blivit
362 956 207 40 nödvändig,
594 958 106 39 något
725 968 74 20 som
823 960 171 29 utskottet
1018 961 76 29 icke
1118 971 81 20 vore
1222 962 112 29 berett
1357 964 51 28 att
1430 963 176 39 tillstyrka

107 1008 79 28 med
207 1008 140 39 hänsyn
367 1009 52 29 till
441 1010 66 29 den
529 1011 176 39 sänkning
726 1021 42 20 av
788 1012 188 34 reallönen,
999 1022 76 21 som
1097 1014 92 30 skett
1211 1015 111 29 under
1342 1016 183 29 kristiden.
1547 1017 59 29 Ut-

112 1061 129 30 skottet
260 1062 212 30 underströk
489 1064 204 35 emellertid,
711 1067 50 28 att
777 1066 232 39 kristillägget
1025 1077 81 20 vore
1124 1070 50 27 att
1191 1068 161 30 betrakta
1371 1078 74 20 som
1463 1071 48 27 ett
1528 1079 78 29 pro-

110 1114 169 30 visorium
299 1116 65 28 och
386 1118 50 27 att
456 1116 57 30 det
535 1117 121 30 därför
678 1121 137 27 snarast
835 1119 106 30 borde
961 1121 194 29 avvecklas.

157 1212 184 30 Utskottet.
359 1214 12 28 I
387 1215 264 38 propositionen
667 1225 42 20 nr
727 1216 62 30 249
806 1217 51 29 till
874 1217 92 30 årets
983 1218 143 40 riksdag
1141 1219 45 29 ha
1203 1219 198 40 föreslagits
1416 1220 189 40 höjningar

110 1273 42 20 av
175 1266 319 40 maximibeloppen
519 1268 54 29 för
599 1269 41 29 de
665 1270 108 39 enligt
797 1270 234 40 kungörelsen
1057 1272 68 29 den
1150 1272 41 30 30
1215 1273 79 38 juni
1321 1273 83 30 1934
1435 1273 58 34 (nr
1519 1274 81 34 434)

110 1318 178 39 angående
312 1320 118 40 statlig
453 1321 65 29 och
542 1323 306 30 statsunderstödd
869 1324 327 40 hjälpverksamhet
1219 1326 57 30 vid
1299 1327 230 30 arbetslöshet
1553 1329 53 28 ut-

110 1371 132 38 gående
274 1372 401 33 kontantunderstöden.
708 1376 125 30 Därcest
865 1378 264 38 propositionen
1163 1379 138 30 bifalles
1333 1389 42 20 av
1406 1380 197 40 riksdagen,

109 1424 160 30 kommer
297 1426 219 39 marginalen
542 1428 130 29 mellan
699 1429 317 40 maximibeloppen
1043 1431 55 29 för
1124 1432 345 30 kontantunderstöd
1498 1434 107 39 enligt

112 1477 83 29 1934
216 1478 57 29 års
293 1478 311 40 hjälpkungörelse
626 1482 65 28 och
712 1482 41 29 de
772 1482 45 39 på
838 1483 112 38 grund
971 1492 43 21 av
1034 1484 454 41 arbetslöshbetsförsäkring
1507 1487 98 39 utgå-

109 1530 87 30 ende
222 1530 226 31 förmånerna
472 1535 50 27 att
545 1534 141 29 minska
708 1535 83 29 eller
813 1536 10 28 i
848 1536 92 29 vissa
964 1536 62 29 fall
1050 1537 72 29 helt
1146 1538 176 30 bortfalla.
1349 1539 102 29 Detta
1475 1539 130 30 förhål-

109 1583 103 30 lande
239 1585 38 28 är
304 1585 105 38 ägnat
436 1587 51 28 att
514 1586 117 39 ingiva
657 1588 179 38 allvarliga
863 1589 289 39 betänkligheter.
1180 1591 118 29 Skulle
1326 1592 279 31 kontantunder-

110 1637 77 28 stöd
211 1637 11 29 i
246 1637 274 41 fortsättningen
545 1639 124 31 kunna
693 1641 135 39 utgivas
852 1643 80 29 med
956 1643 42 30 de
1024 1644 200 40 föreslagna
1248 1646 171 39 beloppen
1445 1648 84 27 utan
1554 1648 50 28 att

108 1690 388 41 ersättningsbeloppen
522 1692 80 30 från
626 1694 423 32 arbetslöshetskassorna
1072 1697 113 40 höjas,
1211 1698 161 30 kommer
1397 1699 95 30 detta
1517 1702 51 27 att
1593 1700 11 29 i

105 1742 68 39 hög
191 1743 84 38 grad
294 1743 160 31 försvåra
470 1745 82 30 eller
571 1749 123 27 rentav
711 1748 230 39 omöjliggöra
960 1749 190 31 kassornas
1169 1751 165 30 fortsatta
1353 1753 127 29 arbete.
1508 1753 5 28 I
1531 1763 73 20 mo-

105 1795 120 30 tionen
248 1797 28 29 I:
293 1796 64 30 416
379 1799 65 28 har
467 1798 208 41 föreslagits,
699 1803 51 27 att
771 1801 188 40 riksdagen
982 1803 108 30 måtte
1113 1804 211 40 bemyndiga
1346 1806 126 39 Kungl.
1497 1807 105 38 Maj:t

104 1848 169 31 förordna
299 1859 58 20 om
383 1851 149 40 höjning
558 1862 42 20 av
626 1853 233 40 kristillägget
885 1856 20 29 å
931 1855 168 41 daghjälp
1128 1857 81 30 från
1235 1859 157 29 erkända
1418 1860 185 29 arbetslös-

104 1902 204 30 hetskassor
330 1904 53 29 till
408 1905 13 28 1
446 1905 111 29 krona
578 1906 40 29 25
640 1907 58 29 öre
719 1916 62 29 per
803 1908 65 39 dag
891 1911 90 27 samt
1003 1912 51 26 att
1076 1910 57 29 det
1155 1912 265 38 sammanlagda
1442 1913 160 39 beloppet

105 1964 43 20 av
167 1955 166 40 daghjälp
353 1958 66 28 och
439 1957 195 41 kristillägg
653 1959 76 30 icke
750 1961 57 29 må
826 1962 172 38 överstiga
1019 1962 16 29 7
1057 1963 131 30 kronor
1209 1964 40 29 50
1270 1965 57 29 öre
1346 1974 62 30 per
1427 1966 77 38 dag.
1524 1966 78 29 Med

108 2008 138 40 hänsyn
270 2010 52 28 till
349 2012 50 27 att
423 2011 67 29 den
514 2011 199 40 föreslagna
736 2014 193 39 höjningen
954 2024 42 20 av
1019 2016 319 40 maximibeloppen
1360 2017 55 30 för
1439 2019 164 29 kontant-

109 2062 191 29 understöd
324 2063 108 39 enligt
458 2064 82 29 1934
564 2065 57 30 års
644 2066 309 40 hjälpkungörelse
975 2068 89 30 blott
1088 2070 38 28 är
1149 2070 216 39 provisorisk
1389 2072 65 29 och
1476 2072 52 29 till
1552 2074 50 27 att

109 2115 187 38 utredning
323 2116 108 38 pågår
459 2127 57 19 om
543 2118 143 40 lämplig
714 2121 213 39 anpassning
954 2122 129 29 mellan
1112 2123 490 31 arbetslöshetsnämndernas

108 2167 64 28 och
190 2167 41 29 de
249 2168 155 30 erkända
424 2170 440 32 arbetslöshetskassornas
882 2174 437 32 understödsverksamhet
1337 2178 164 29 ävensom
1520 2178 83 29 mel-

104 2219 59 28 lan
184 2220 101 29 dessa
306 2221 90 29 båda
418 2222 233 39 hjälpformer
673 2225 63 28 och
759 2225 117 39 övriga
898 2226 371 40 socialhjälpsformer,
1293 2229 116 30 finner
1431 2231 170 29 utskottet

104 2272 31 39 ej
163 2273 75 29 skäl
262 2275 50 27 att
337 2283 47 20 nu
409 2274 141 30 förorda
574 2277 114 38 någon
712 2278 148 38 ändring
883 2279 10 28 i
917 2280 41 28 de
983 2281 202 29 nuvarande
1209 2282 310 30 bestämmelserna
1543 2293 57 19 om

104 2325 195 39 kristillägg
318 2326 19 29 å
355 2327 167 39 daghjälp
542 2328 79 30 från
639 2330 134 29 erkänd
792 2331 356 31 arbetslöshetskassa
1166 2336 85 27 utan
1269 2335 202 38 tillstyrker,
1491 2338 50 27 att
1559 2337 41 28 de

105 2378 9 28 i
135 2379 205 29 oförändrat
363 2380 98 29 skick
483 2381 178 39 förlängas
681 2385 51 27 att
752 2384 89 37 gälla
863 2385 85 28 även
971 2386 110 29 under
1103 2388 100 27 nästa
1223 2387 180 38 budgetår.
1424 2389 176 29 Utskottet

106 2432 100 38 utgår
233 2432 121 29 därvid
382 2433 10 28 i
422 2433 108 30 likhet
558 2436 78 28 med
666 2436 251 39 föredragande
946 2438 387 39 departementschefen
1362 2441 78 29 från
1468 2444 49 27 att
1542 2442 58 29 det

104 2484 177 38 pågående
306 2486 339 38 utredningsarbetet
669 2489 157 30 bedrives
850 2491 37 29 så
910 2491 218 38 skyndsamt,
1153 2495 47 27 att
1225 2494 109 39 därpå
1357 2495 150 37 grundat
1533 2495 67 29 för-
