1888 2822
260 154 19 26 2
741 151 228 27 Statsutskottets
993 151 144 27 utlåtande
1160 151 49 26 Nr
1230 148 52 31 36.

260 231 131 36 Boden,
423 242 73 20 som
525 230 65 31 den
623 231 41 30 17
695 230 75 41 juni
802 231 94 30 1926
927 230 200 31 meddelade
1155 231 114 41 utslag
1296 231 10 30 i
1335 231 151 31 ärendet.
1543 231 221 41 Krigsrätten

259 282 149 42 prövade
444 282 136 31 rättvist
615 282 164 41 förplikta
815 282 186 31 Wikström
1038 282 64 31 och
1140 282 174 41 Svedberg
1341 284 60 36 att,
1440 285 212 39 gemensamt
1680 284 85 31 eller

259 334 196 31 vilkendera
482 334 79 31 bäst
586 334 101 41 gälda
713 334 96 41 gitte,
830 334 52 31 till
910 334 130 31 kronan
1068 334 115 41 utgiva
1211 334 191 41 ersättning
1428 335 53 30 för
1513 332 186 42 (85,554.5
1740 354 22 2 —

262 384 209 40 2,136.5=—=)
502 386 135 38 83,418
677 386 164 41 kilogram
877 385 45 32 hö
960 386 84 30 efter
1071 387 48 29 ett
1156 386 72 41 pris
1264 397 40 19 av
1331 386 58 31 nio
1428 388 57 29 öre
1517 387 51 30 för
1594 386 166 40 kilogram

259 438 78 31 med
368 438 108 38 7,507
507 438 126 31 kronor
662 438 46 30 62
739 440 68 29 öre.
846 437 177 41 Härjämte
1051 437 224 42 förpliktades
1294 437 188 32 Wikström
1503 439 62 30 och
1587 438 179 42 Svedberg

259 492 58 37 att,
340 492 211 39 gemensamt
578 490 83 30 eller
688 489 113 31 vilken
828 489 79 31 bäst
933 489 100 41 gälda
1059 489 95 41 gitte,
1184 489 53 31 till
1266 489 204 32 statsverket
1498 490 172 41 återgälda
1690 490 72 31 där-

258 542 86 31 ifrån
372 541 192 41 förskjutna
591 541 358 40 vittnesersättningar
976 541 11 31 1
1015 541 112 31 målet.

311 587 89 37 Över
435 593 224 41 krigsrättens
695 593 114 41 utslag
845 592 140 32 anförde
1012 592 187 32 Wikström
1237 593 63 31 och
1339 592 175 42 Svedberg
1548 594 123 30 besvär
1698 593 65 31 hos

258 646 271 39 krigshovrätten,
550 656 74 20 som
651 656 123 30 genom
802 645 114 41 utslag
943 645 66 31 den
1040 645 44 31 28
1114 645 148 31 februari
1286 645 93 31 1927
1403 644 151 32 befriade
1572 645 190 32 Wikström

257 697 73 31 från
367 697 127 31 honom
526 697 11 31 i
565 697 103 31 målet
695 696 100 42 ålagd
823 696 415 42 ersättningsskyldighet.
1294 696 272 32 Vidkommande
1595 699 73 29 åter
1696 697 66 31 den

258 751 71 29 mot
366 749 175 41 Svedberg
572 749 97 31 förda
696 749 91 31 talan
816 748 149 42 prövade
993 748 273 42 krigshovrätten
1294 748 137 32 rättvist
1458 750 50 29 att
1535 751 43 39 på
1605 749 60 31 det
1693 751 69 29 sätt

258 801 105 31 ändra
390 801 225 41 krigsrättens
644 801 113 40 utslag
788 801 10 30 i
832 801 112 30 denna
975 800 66 38 del,
1072 802 49 29 att
1149 800 175 41 Svedberg
1351 800 224 41 förpliktades
1603 803 159 39 gottgöra

256 853 130 31 kronan
423 853 53 31 för
513 852 148 31 nämnda
696 852 89 31 brist
812 852 78 31 med
920 852 110 37 2,926
1059 852 126 31 kronor
1215 853 44 30 62
1291 853 66 30 öre.
1414 852 178 41 Härjämte
1619 852 142 42 förplik-

256 905 78 31 tade
370 904 275 42 krigshovrätten
679 903 174 42 Svedberg
880 905 50 29 att
957 904 171 40 återgälda
1157 904 203 30 statsverket
1389 904 147 31 därifrån
1564 904 196 40 förskjutna

255 956 358 41 vittnesersättningar
640 956 10 30 i
679 955 113 31 målet.

309 1007 114 32 Sedan
457 1007 175 42 Svedberg
659 1008 147 30 härefter
833 1007 140 41 fullföljt
1000 1008 91 30 talan
1119 1007 11 31 i
1159 1007 103 31 målet
1289 1007 64 31 hos
1381 1007 128 41 Kungl.
1538 1007 111 41 Maj:t,
1679 1008 81 30 fann

255 1060 124 40 Kungl.
401 1060 105 41 Maj:t
532 1070 123 31 genom
683 1059 113 41 utslag
815 1059 65 31 den
903 1059 45 31 30
970 1059 194 41 september
1188 1059 92 31 1927
1304 1059 29 41 ej
1355 1059 73 31 skäl
1448 1061 49 29 att
1515 1061 81 39 göra
1615 1059 147 41 ändring

255 1112 10 30 i
294 1112 294 41 krigshovrättens
617 1112 122 40 utslag.

308 1164 82 31 Med
426 1163 186 41 anledning
648 1175 39 19 av
720 1174 42 20 en
799 1165 80 29 utav
912 1163 174 40 Svedberg
1120 1162 11 31 i
1169 1162 67 31 den
1263 1162 53 31 till
1349 1162 127 41 Kungl.
1507 1162 99 41 Maj:t
1634 1163 127 30 ställda

254 1215 286 32 besvärsskriften
575 1215 99 42 gjord
710 1215 159 31 anhållan
905 1217 60 35 att,
995 1215 52 31 för
1074 1214 66 31 den
1168 1214 165 31 händelse
1361 1214 66 30 han
1456 1214 133 31 komme
1617 1216 50 29 att
1695 1215 64 31 för-

253 1267 112 31 klaras
394 1267 347 41 ersättningsskyldig
768 1267 11 30 i
808 1267 112 37 målet,
950 1266 127 41 Kungl.
1099 1266 101 41 Maj:t
1227 1268 103 29 måtte
1359 1277 41 20 av
1418 1265 68 31 nåd
1505 1265 107 32 befria
1630 1265 129 32 honom

253 1319 73 31 från
364 1319 460 42 ersättningsskyldigheten,
862 1318 61 31 har
959 1318 353 40 arméförvaltningens
1352 1318 409 39 intendentsdepartement

254 1371 67 32 den
353 1372 43 30 18
427 1371 185 31 november
643 1371 94 31 1927
769 1371 125 41 avgivit
920 1370 167 31 infordrat
1114 1370 176 31 utlåtande
1318 1370 11 30 i
1357 1369 151 31 ärendet.

304 1422 480 42 Intendentsdepartementet
819 1422 62 31 har
917 1422 112 31 funnit
1065 1422 91 31 vissa
1193 1421 108 31 under
1342 1422 121 30 målets
1504 1421 257 41 handläggning

252 1475 210 31 framkomna
491 1474 292 41 omständigheter
810 1475 68 30 tala
905 1474 53 31 för
983 1473 97 32 bifall
1099 1473 53 31 till
1172 1473 66 31 den
1256 1473 233 41 föreliggande
1508 1473 248 41 ansökningen.

252 1527 19 30 I
307 1526 121 32 sådant
464 1527 168 31 avseende
669 1526 61 31 har
762 1526 271 41 departementet
1060 1525 175 42 åberopat,
1266 1528 48 28 att
1343 1525 184 41 Svedberg,
1558 1524 107 42 enligt
1693 1524 65 31 vad

251 1578 255 32 förrådschefen
534 1578 166 41 uppgivit,
723 1580 98 39 synts
849 1578 85 31 hava
953 1577 138 41 nedlagt
1109 1577 44 31 all
1173 1576 66 31 den
1260 1588 146 30 omsorg,
1428 1587 75 21 som
1522 1576 85 31 varit
1626 1576 130 41 möjlig,

251 1632 45 39 på
322 1630 168 31 förrådets
519 1630 140 38 skötsel,
685 1630 64 31 och
778 1631 49 29 att
854 1630 87 30 intet
969 1628 87 32 hade
1083 1628 240 38 framkommit,
1345 1639 74 20 som
1448 1628 113 31 kunde
1589 1628 170 41 berättiga

251 1682 54 31 till
341 1681 201 42 antagande,
572 1684 50 29 att
653 1681 185 41 förefintlig
864 1681 88 31 brist
980 1682 157 40 uppstått
1164 1691 122 30 genom
1315 1680 348 41 uppbördsmannens
1692 1680 64 31 för-

250 1734 172 38 vållande;
453 1737 49 28 att
528 1733 236 41 utlämningen
792 1744 40 19 av
859 1733 57 38 hö,
947 1733 106 40 enligt
1080 1732 65 31 vad
1172 1733 11 30 i
1212 1732 140 31 ärendet
1379 1732 109 31 hörda
1515 1742 166 31 personer
1708 1732 48 30 in-

251 1788 104 39 tygat,
386 1786 91 31 skett
513 1786 78 30 med
626 1785 82 31 reda
744 1785 64 30 och
845 1784 147 41 ordning
1023 1784 63 31 och
1114 1786 50 29 att
1191 1784 193 31 kontrollen
1414 1785 80 29 över
1521 1783 238 41 utlämningen

250 1838 87 30 varit
364 1837 334 37 tillfredsställande;
729 1840 49 28 att
805 1836 58 31 det
892 1853 46 3 —
969 1838 113 29 såsom
1110 1836 63 30 ock
1201 1835 65 31 den
1295 1835 240 31 förutvarande
1563 1835 193 41 uppbörds-

251 1900 146 20 mannen
425 1889 59 31 vid
510 1888 160 39 förrådet,
700 1888 204 31 förvaltaren
923 1888 197 37 Wikström,
1142 1887 130 42 antagit
1298 1904 50 5 —
1376 1887 155 31 förefölle
1558 1887 128 41 troligt,
1708 1889 50 29 att

249 1941 88 31 brist
373 1943 19 28 å
428 1941 45 31 hö
506 1941 58 31 vid
599 1940 151 32 förrådet
786 1940 205 31 förefunnits
1026 1939 104 31 redan
1158 1939 58 31 vid
1249 1939 65 31 den
1342 1939 223 41 inventering,
1597 1949 74 21 som
1700 1940 57 40 ägt

249 2004 75 20 rum
361 1993 65 31 den
466 1993 45 31 26
550 1993 64 31 och
651 1992 66 31 den
748 1992 43 31 27
821 1992 74 42 juni
928 1992 111 37 1925;
1079 1994 57 34 att,
1167 1991 106 41 enligt
1301 1991 50 31 uti
1378 1991 208 41 protokollet
1613 1990 11 31 i
1653 1991 105 30 målet

251 2045 138 41 intagna
416 2045 107 41 intyg,
545 2044 56 31 vid
630 2044 171 41 förvaring
828 2055 41 19 av
886 2043 45 32 hö
960 2043 109 31 under
1096 2054 42 20 en
1166 2043 116 40 längre
1309 2043 52 31 tid
1389 2043 64 31 och
1481 2042 11 31 i
1520 2042 137 37 lokaler,
1681 2053 74 20 som

250 2108 80 19 vore
367 2096 138 32 särskilt
542 2098 91 29 torra
670 2096 64 31 och
770 2107 123 25 varma,
925 2097 112 30 såsom
1074 2095 60 31 här
1162 2095 87 30 varit
1279 2095 104 37 fallet,
1415 2106 41 19 en
1486 2094 272 40 viktminskning

251 2160 40 19 av
319 2149 88 30 ända
434 2148 54 31 till
519 2149 45 30 20
593 2150 19 29 å
642 2148 46 31 30
717 2150 143 39 procent
887 2147 73 31 icke
988 2158 79 20 vore
1096 2147 150 41 ovanlig;
1277 2150 48 28 att
1342 2146 57 31 vid
1419 2145 207 32 verkställda
1654 2146 100 31 stick-

250 2211 85 30 prov
370 2201 241 37 konstaterats,
651 2201 49 30 att
736 2199 104 38 balar,
871 2210 73 20 som
982 2199 85 31 varit
1103 2198 161 32 försedda
1300 2198 78 31 med
1414 2198 201 41 viktlappar,
1646 2197 112 31 under

250 2252 95 31 tiden
382 2252 124 31 mellan
535 2251 99 32 deras
662 2251 183 41 intagande
872 2251 11 30 i
911 2251 149 31 förrådet
1088 2250 64 31 och
1179 2250 186 31 verkställd
1392 2249 214 42 inventering
1633 2248 122 32 under-

249 2306 73 39 gått
359 2315 41 20 en
436 2304 156 41 betydlig
627 2303 198 41 minskning
850 2303 12 30 i
890 2303 80 37 vikt,
1000 2302 104 32 vilket
1131 2302 213 31 förhållande
1373 2303 118 40 syntes
1519 2302 67 30 tala
1613 2301 62 38 för,
1706 2303 51 28 att

251 2356 114 31 vikten
394 2367 39 20 av
462 2356 66 31 den
556 2356 57 31 vid
640 2355 258 41 inventeringen
927 2354 66 31 den
1024 2354 45 32 26
1099 2354 63 31 och
1183 2354 66 31 den
1271 2354 43 30 27
1335 2354 75 41 juni
1434 2354 95 30 1925
1550 2352 206 41 förefintliga

250 2407 210 32 kvantiteten
498 2408 44 30 hö
574 2407 86 32 varit
696 2407 165 41 åtskilligt
888 2407 91 40 lägre
1007 2408 41 29 än
1078 2406 63 31 den
1172 2418 39 19 av
1239 2405 273 42 krigshovrätten
1541 2405 63 31 och
1632 2404 122 41 högsta
