1878 2776
271 160 18 29 4
585 163 122 30 Första
726 163 247 40 lagutskottets
993 167 178 31 utlåtande
1190 178 44 20 nr
1252 170 42 29 24
1312 170 40 29 år
1372 172 83 29 1963

318 242 26 28 1.
370 243 109 31 Såvitt
500 253 99 22 avser
619 247 213 40 anteckning
853 257 56 20 om
931 249 106 35 böter,
1059 250 175 42 villkorlig
1255 253 92 35 dom,
1370 254 153 41 fängelse
1546 258 82 29 eller
1651 259 120 29 straff-

271 284 115 30 arbete
403 286 10 28 i
429 286 102 40 högst
548 290 48 28 ett
611 288 39 29 år
666 289 84 29 eller
766 291 328 39 ungdomsfängelse
1112 294 89 30 skall
1219 295 10 28 i
1248 295 114 31 stället
1380 297 54 29 för
1450 299 66 28 den
1535 299 9 28 i
1566 299 37 29 10
1624 300 15 37 $
1660 301 110 30 första

272 326 133 37 stycket
423 328 150 39 angivna
591 330 94 30 tiden
704 332 92 38 gälla
813 341 43 21 en
875 333 50 30 tid
944 342 42 21 av
1004 334 70 30 fem
1092 335 48 30 år.

314 367 29 28 2.
368 368 221 42 Anteckning
612 380 56 20 om
691 372 147 40 påföljd,
861 375 116 30 vilken
1000 376 137 31 ådömts
1160 379 124 29 endast
1310 380 54 29 för
1386 382 146 40 gärning
1556 392 74 21 som
1656 385 112 39 någon

270 409 115 38 begått
404 410 109 31 innan
533 413 69 29 han
622 414 77 38 fyllt
720 415 144 30 aderton
884 417 48 34 år,
954 418 88 29 skall
1062 419 31 39 ej
1115 420 10 28 i
1146 420 105 39 något
1272 421 61 30 fall
1353 419 189 48 medtagas.

314 451 28 28 3.
368 451 239 33 Föreskriften
630 456 9 28 i
664 457 38 28 10
727 457 15 36 $
767 458 110 39 tredje
900 460 133 37 stycket
1056 462 109 29 andra
1187 463 158 38 punkten
1369 465 88 30 skall
1480 466 31 40 ej
1538 468 100 38 gälla.

970 519 38 29 12
1035 519 27 36 38.

312 558 66 31 Till
403 560 67 31 den
497 562 167 32 officiella
691 565 199 31 statistiken
917 568 99 30 skola
1041 570 176 31 meddelas
1245 568 226 49 erforderliga
1499 576 124 40 utdrag
1649 586 41 20 av
1717 587 51 20 re-

268 601 130 38 gistret.
416 603 218 42 Upplysning
652 607 57 29 må
726 608 90 29 dock
835 609 74 30 icke
928 610 135 30 lämnas
1081 621 56 20 om
1156 622 153 21 namnen
1328 615 43 38 på
1389 616 78 29 dem
1487 618 168 40 utdragen
1675 629 91 20 avse.

311 643 67 30 För
399 646 254 41 vetenskapligt
677 649 163 31 ändamål
864 651 57 30 må
946 653 175 39 uppgifter
1146 656 65 28 och
1235 657 261 41 anteckningar,
1522 669 74 20 som
1622 661 144 31 tillförts

267 685 168 38 registret,
460 688 175 31 utlämnas
659 691 9 28 i
693 691 41 29 de
759 691 61 30 fall
844 694 64 28 och
932 694 67 29 den
1023 696 149 40 ordning
1195 697 194 41 Konungen
1412 700 221 32 bestämmer.

969 753 38 29 13
1034 753 27 36 8.

309 793 66 31 Till
393 796 167 31 utländsk
578 799 203 39 myndighet
799 801 57 29 må
874 802 106 40 enligt
1000 803 229 38 föreskrifter,
1250 816 75 20 som
1343 809 177 30 meddelas
1539 820 42 20 av
1600 807 165 49 Konung-

264 842 53 27 en,
338 836 176 32 redovisas
534 840 252 41 anteckningar
806 843 9 28 i
836 843 158 39 registret
1014 846 147 30 rörande
1183 848 225 40 medborgare
1428 851 10 29 i
1459 852 66 29 den
1547 855 114 28 staten
1681 855 83 29 eller

264 877 67 29 den
355 887 74 21 som
452 879 66 31 har
539 881 149 31 hemvist
710 884 74 30 där.

307 919 72 30 Har
399 921 262 41 verkställighet
684 933 43 21 av
749 925 243 37 frihetsstraff,
1015 929 236 43 övervakning
1273 942 42 21 av
1339 934 188 41 villkorligt
1550 937 106 31 dömd
1680 939 83 30 eller

263 960 119 40 tillsyn
404 963 82 30 över
508 964 189 41 villkorligt
720 967 148 40 frigiven
891 970 219 40 överflyttats
1134 973 52 30 hit
1210 974 80 30 från
1314 976 190 36 Danmark,
1528 978 160 37 Finland,
1716 981 47 30 Is-

263 1002 82 31 land
365 1003 83 31 eller
468 1005 112 41 Norge
600 1008 82 30 eller
703 1008 159 32 härifrån
884 1011 52 30 till
957 1013 114 39 någon
1092 1024 42 20 av
1155 1016 155 30 nämnda
1332 1020 116 33 stater,
1472 1020 66 34 må,
1560 1021 87 30 även
1669 1023 11 28 i
1702 1033 60 19 an-

263 1047 60 27 nat
348 1045 61 31 fall
433 1047 46 30 än
504 1048 10 29 i
540 1049 110 30 första
675 1051 135 39 stycket
836 1053 88 40 sägs,
951 1054 10 29 i
988 1055 66 29 den
1079 1057 149 41 ordning
1253 1059 194 41 Konungen
1472 1062 211 32 bestämmer
1708 1065 53 30 till

262 1087 203 39 myndighet
487 1090 9 28 i
519 1090 66 30 den
608 1094 68 27 stat
698 1093 80 30 från
799 1095 83 29 eller
904 1096 52 29 till
977 1096 116 31 vilken
1115 1099 252 42 överflyttning
1388 1103 91 30 skett
1501 1105 177 31 redovisas
1701 1116 60 20 an-

261 1128 205 40 teckningar
488 1132 147 31 rörande
658 1134 66 30 den
749 1143 75 22 som
846 1146 99 22 avses
967 1140 78 29 med
1067 1140 149 31 beslutet
1238 1152 57 20 om
1318 1144 260 42 överflyttning.
1602 1148 159 30 Detsam-

261 1177 57 22 ma
340 1170 87 32 skall
449 1173 90 38 gälla
560 1175 10 28 i
591 1175 98 40 fråga
709 1186 57 20 om
788 1179 220 41 anteckning,
1031 1190 74 21 som
1126 1183 111 39 gjorts
1259 1185 147 31 rörande
1427 1187 268 42 tillämpningen
1718 1201 42 19 av

263 1211 39 29 14
320 1213 83 30 eller
421 1215 38 29 21
486 1216 15 36 $
523 1215 98 40 lagen
641 1226 56 21 om
719 1220 194 31 samarbete
934 1223 78 29 med
1032 1224 191 38 Danmark,
1244 1226 159 38 Finland,
1426 1229 116 31 Island
1562 1232 65 29 och
1647 1233 111 39 Norge

260 1254 177 38 angående
455 1257 262 42 verkställighet
736 1270 42 21 av
797 1263 106 29 straff
920 1273 45 21 m.
984 1274 45 21 m.

302 1295 194 41 Konungen
518 1299 81 39 äger
620 1301 208 41 bemyndiga
851 1304 359 43 fångvårdsstyrelsen
1232 1313 61 32 att,
1316 1312 44 29 då
1381 1313 57 32 det
1461 1314 54 29 för
1537 1316 188 41 utredning
1749 1318 8 28 i

258 1337 164 32 brottmål
445 1340 142 40 begäres
610 1353 42 19 av
674 1344 167 32 utländsk
863 1347 150 31 domstol
1037 1350 82 30 eller
1140 1351 359 43 åklagarmyndighet,
1523 1358 159 30 meddela
1706 1362 53 27 ut-

257 1379 86 40 drag
362 1390 42 21 av
424 1382 169 39 registret.

302 1421 48 31 På
374 1423 261 44 framställning
657 1437 43 20 av
724 1429 165 31 utländsk
913 1433 201 39 myndighet
1140 1436 56 29 må
1223 1437 8 28 i
1256 1440 107 28 annat
1388 1439 60 30 fall
1473 1441 44 29 än
1543 1441 94 31 förut
1663 1446 93 37 sagts

256 1464 125 40 utdrag
402 1475 41 20 av
464 1467 157 39 registret
643 1471 187 36 meddelas,
852 1473 147 31 såframt
1021 1476 192 40 Konungen
1236 1479 82 39 givit
1341 1481 156 31 tillstånd
1519 1484 128 30 därtill.

958 1533 39 29 14
1023 1534 28 35 8.

299 1572 48 30 De
371 1573 230 39 föreskrifter,
625 1587 74 22 som
722 1580 177 32 erfordras
923 1583 55 30 för
999 1584 266 43 tillämpningen
1287 1598 42 21 av
1352 1590 114 31 denna
1488 1592 65 40 lag,
1576 1595 179 30 meddelar

255 1613 204 42 Konungen.

297 1722 122 32 Denna
436 1724 56 41 lag
509 1727 117 30 träder
643 1729 10 29 i
672 1730 95 30 kraft
784 1731 67 30 den
872 1734 13 28 1
905 1733 67 39 juli
993 1735 91 35 1963,
1104 1737 44 29 då
1165 1738 100 39 lagen
1283 1740 67 29 den
1371 1742 37 29 17
1428 1742 145 31 oktober
1593 1745 82 30 1900
1695 1756 56 19 om

254 1764 252 42 straffregister
532 1769 59 34 (nr
612 1771 41 30 82
677 1780 26 21 s.
728 1773 34 34 1)
790 1775 137 38 upphör
950 1778 51 28 att
1023 1778 98 38 gälla.

297 1806 49 30 De
366 1809 261 41 anteckningar,
650 1821 74 22 som
744 1814 57 31 vid
823 1816 66 30 den
910 1826 68 30 nya
999 1818 117 40 lagens
1138 1821 280 34 ikraftträdande
1440 1826 117 31 finnas
1579 1829 9 28 i
1610 1829 57 30 det
1688 1830 64 30 hos

253 1847 360 43 fångvårdsstyrelsen
641 1855 101 30 förda
770 1858 276 41 straffregistret,
1075 1862 97 31 skola
1200 1865 178 31 överföras
1408 1868 50 29 till
1487 1869 57 30 det
1572 1871 179 30 allmänna

251 1889 337 43 kriminalregistret,
611 1897 102 30 såvitt
734 1900 300 40 anteckningarna
1054 1904 60 29 äro
1136 1915 42 19 av
1199 1906 245 33 beskaffenhet
1466 1913 49 28 att
1538 1912 84 31 böra
1643 1914 107 39 enligt

251 1931 66 31 den
337 1941 67 31 nya
424 1934 100 40 lagen
546 1937 132 31 införas
699 1940 10 28 i
729 1937 169 48 registret.

627 2107 284 36 Propositionens
932 2111 251 40 huvudsakliga
1205 2117 154 31 innehåll

291 2201 12 29 I
328 2204 264 38 propositionen
616 2207 210 41 framlägges
853 2210 130 41 förslag
1009 2213 50 30 till
1085 2215 55 40 lag
1165 2225 56 21 om
1247 2218 146 32 allmänt
1419 2217 323 49 kriminalregister.

245 2251 103 31 Detta
368 2253 145 40 register
536 2255 145 33 föreslås
704 2258 37 30 få
763 2261 214 40 väsentligen
1000 2272 135 23 samma
1157 2266 154 32 innehåll
1334 2270 64 29 och
1421 2273 225 39 användning
1668 2283 74 21 som

244 2302 57 30 det
325 2305 202 30 nuvarande
550 2307 178 31 allmänna
752 2310 277 41 straffregistret.
1053 2315 95 30 Dock
1173 2317 89 30 skall
1286 2319 105 39 enligt
1416 2321 164 40 förslaget
1604 2325 139 38 uppgif-

243 2353 53 28 ter
317 2354 64 29 och
402 2356 253 40 anteckningar
677 2358 75 31 icke
774 2361 179 40 medtagas
975 2363 10 29 i
1008 2364 271 43 registerutdrag
1301 2369 87 30 efter
1409 2371 69 30 viss
1501 2372 68 29 tids
1592 2372 149 43 förlopp.

242 2402 211 40 Härigenom
474 2408 198 30 motverkas
692 2411 51 29 att
763 2412 49 28 ett
831 2410 93 32 brott
945 2412 179 33 fortsätter
1144 2418 50 28 att
1215 2427 83 22 vara
1316 2429 45 20 en
1381 2420 196 41 belastning
1598 2423 55 30 för
1673 2425 68 30 den

244 2452 123 31 dömde
393 2455 106 30 också
525 2457 105 30 sedan
658 2458 80 40 lång
763 2460 50 30 tid
840 2461 151 32 förflutit
1018 2466 84 28 utan
1128 2466 344 35 kriminalvårdande
1498 2472 242 40 ingripanden.
