2236 2648
429 217 103 30 Andra
556 217 199 29 Kammarens
784 213 161 39 Tillfälliga
974 212 128 30 Utskotts
1125 210 70 38 (N:o
1218 209 27 39 I)
1275 209 155 30 Utlåtande
1452 210 58 29 N:o
1536 210 49 28 27.
1799 209 16 28 5

219 299 119 36 skede.
401 300 97 35 1888
544 296 127 36 väckte
713 294 344 48 kontraktsprosten
1100 290 34 37 J.
1171 291 39 35 B.
1247 289 126 50 Unger
1406 287 81 37 från
1521 288 190 37 Karlstads
1739 286 80 38 stift

219 354 139 35 motion
400 364 61 23 om
494 349 191 37 skrifvelse
723 350 59 35 till
821 347 132 48 Kongl.
986 346 105 49 Maj:t
1124 345 83 36 med
1241 343 186 44 anhållan,
1460 348 55 30 att
1546 342 135 49 Kongl.
1716 342 103 49 Maj:t

219 408 138 35 täcktes
399 405 95 36 »låta
536 404 130 37 utreda
708 417 60 22 om
802 402 69 37 och
904 402 59 34 till
993 400 96 36 huru
1124 404 91 31 stort
1243 398 137 49 belopp
1409 397 283 49 presterskapets
1721 397 97 35 löne-

219 458 305 52 regleringsfond,
566 457 253 37 ecklesiastika
862 455 223 37 boställenas
1126 451 198 50 skogsfond
1371 451 68 36 och
1486 451 174 49 möjligen
1702 450 117 36 andra

220 514 253 37 ecklesiastika
513 512 130 36 fonder
678 511 123 36 kunde
836 511 122 35 lemna
993 508 129 48 bidrag
1151 507 59 35 till
1238 504 213 50 grundfond
1479 504 58 37 för
1565 505 255 48 pensionering

220 568 41 36 af
299 568 222 48 ålderstigna
559 571 137 44 prester
738 570 96 30 samt
874 563 76 36 låta
992 568 167 43 uppgöra
1201 560 68 36 och
1303 560 60 35 till
1398 559 162 49 lagenlig
1594 558 225 49 behandling

220 623 208 48 framlägga
455 620 139 49 förslag
622 618 184 50 angående
836 631 44 23 en
909 616 111 37 sådan
1049 615 253 50 pensionering
1322 614 12 35 i
1353 611 268 51 hufvudsaklig
1640 611 180 37 öfverens-

223 677 208 36 stämmelse
464 675 84 36 med
583 674 45 36 de
662 672 39 36 af
732 671 193 49 tillfälliga
954 671 180 36 utskottet
1162 669 62 36 vid
1253 668 239 49 kyrkomötet
1525 669 97 35 1883
1653 666 167 36 uttalade

222 730 188 50 grunder».
471 727 285 38 Vederbörande
786 727 142 36 utskott
957 724 111 50 ansåg
1096 724 55 48 sig
1179 722 208 37 emellertid
1415 722 79 35 icke
1523 721 89 36 böra
1632 721 189 49 tillstyrka

222 785 236 49 kyrkomötet
500 788 54 30 att
594 781 131 37 bifalla
758 781 198 35 motionen.
1016 778 190 37 Utskottet
1237 776 110 49 ansåg
1376 776 187 48 nemligen
1592 775 147 36 klokast
1766 778 55 32 att

222 839 79 36 icke
330 837 97 50 syfta
456 838 59 35 till
544 842 52 31 ett
624 835 38 37 så
689 841 92 30 stort
809 834 75 36 mål
904 846 78 23 som
1002 830 338 51 åvägabringandet
1359 829 42 36 af
1417 842 43 23 en
1481 830 137 35 allmän
1639 829 181 48 pensions-

222 893 203 47 inrättning
466 890 58 37 för
565 896 147 43 prester.
782 889 85 36 Man
909 889 89 34 fann
1041 887 62 36 det
1145 886 143 35 enklast
1329 884 69 36 och
1432 885 125 34 lättast
1586 888 54 31 att
1668 882 154 37 medelst

221 946 116 49 årliga
380 945 131 49 bidrag
552 943 81 37 från
676 943 267 49 presterskapet
976 941 32 49 (1
1042 944 151 46 procent
1221 937 41 37 af
1288 938 69 36 den
1392 936 189 38 blifvande
1610 935 211 51 pensionen)

223 1000 256 36 åstadkomma
521 1004 53 31 ett
616 998 100 36 antal
758 998 237 40 emeritilöner,
1039 994 125 36 hvilka
1208 993 126 48 hvarje
1372 997 195 44 prestman,
1611 1004 78 23 som
1732 1003 90 36 upp-

222 1054 79 37 nått
343 1076 51 5 —
437 1053 226 49 exempelvis
705 1074 50 4 —
801 1053 49 35 70
884 1049 58 37 års
975 1048 111 45 ålder,
1122 1047 89 49 egde
1240 1047 177 49 rättighet
1445 1051 54 30 att
1527 1045 96 36 söka.
1680 1044 142 37 Sådana

223 1109 245 36 emeritilöner
497 1107 111 36 borde
637 1105 108 37 äfven
773 1104 47 50 på
848 1103 174 37 liknande
1051 1108 72 31 sätt
1151 1101 182 36 anordnas
1360 1099 57 38 för
1446 1100 229 48 biskoparne,
1694 1099 130 36 hvilka

223 1163 120 36 skulle
372 1161 60 37 för
461 1160 210 39 ändamålet
698 1160 141 49 årligen
867 1159 150 48 erlägga
1049 1159 21 34 2
1101 1161 150 44 procent
1280 1155 40 36 af
1336 1155 262 36 emeritilönen.
1643 1153 181 49 Beloppet

224 1216 40 37 af
304 1216 119 36 denna
465 1214 223 37 sistnämnda
726 1213 114 36 borde
867 1212 58 36 för
953 1211 219 48 erkebiskop
1200 1211 221 35 bestämmas
1449 1209 58 35 till
1537 1209 113 42 8,000
1679 1207 145 44 kronor,

225 1270 57 36 för
311 1270 175 48 biskopar
513 1269 58 35 till
601 1269 123 43 7,000.
781 1267 211 35 Presternas
1020 1264 248 36 emeritilöner
1297 1262 112 37 borde
1430 1262 221 48 exempelvis
1671 1261 154 36 bestäm-

225 1337 76 24 mas
342 1325 108 48 högst
492 1321 70 50 (för
606 1324 90 33 1:sta
735 1319 156 49 klassen)
926 1320 61 35 till
1018 1319 112 43 5,000
1159 1318 136 35 kronor
1324 1317 67 35 och
1422 1317 96 46 lägst
1546 1313 70 49 (för
1645 1316 69 34 den
1745 1316 80 42 6:te,

224 1378 186 49 nemligen
453 1375 239 38 obefordrade
735 1380 187 44 prestmän
964 1386 47 22 m.
1044 1372 50 48 fl)
1130 1372 58 35 till
1227 1372 120 42 1,000:
1402 1370 76 36 Till
1506 1368 319 49 åvägabringande

226 1432 40 36 af
306 1433 236 47 biskoparnes
584 1430 246 36 emeritilöner
859 1427 123 36 kunde
1011 1439 87 22 man
1127 1424 236 37 tvifvelsutan
1393 1423 162 49 påräkna
1584 1423 132 48 bidrag
1743 1421 82 36 från

226 1483 583 52 biskopslöneregleringsfonden,
843 1481 69 37 och
945 1480 97 36 hvad
1077 1479 44 36 de
1150 1479 114 36 andra
1293 1478 223 43 vidkomme,
1545 1478 30 47 ej
1606 1476 218 49 oantagligt,

225 1539 81 37 från
334 1539 284 49 presterskapets
647 1534 375 51 löneregleringsfond
1042 1534 69 36 och
1131 1534 44 35 de
1195 1533 249 36 ecklesiastika
1466 1531 220 36 boställenas
1706 1530 120 49 skogs-

225 1593 100 36 fond.
389 1592 82 37 Med
515 1591 198 48 anledning
755 1589 109 37 häraf
895 1588 202 37 hemstälde
1131 1588 187 42 utskottet,
1349 1592 54 30 att
1431 1586 254 49 »kyrkomötet
1713 1583 113 36 måtte

226 1648 145 36 besluta
407 1646 229 48 underdånig
669 1644 276 48 framställning
979 1643 64 35 hos
1077 1641 131 49 Kongl.
1238 1641 102 47 Maj:t
1368 1653 60 22 om
1459 1639 220 47 vidtagande
1708 1637 41 36 af
1773 1650 53 23 er-

225 1700 203 49 forderliga
456 1699 169 49 åtgärder
653 1698 57 36 för
740 1697 205 37 beredande
974 1695 41 36 af
1040 1696 189 48 pensioner
1257 1695 92 35 eller
1378 1693 245 36 emeritilöner
1650 1691 36 36 åt
1711 1691 115 36 ålder-

227 1756 128 47 stigne,
383 1755 80 35 icke
491 1753 199 49 tjenstbare
720 1757 213 43 prestmän»
991 1749 128 35 Denna
1139 1749 219 34 hemställan
1380 1747 108 35 vardt
1507 1746 107 35 äfven
1635 1744 41 36 af
1693 1745 134 49 kyrko-

227 1814 115 30 mötet
370 1812 91 31 utan
490 1806 225 48 omröstning
745 1804 155 36 bifallen
929 1802 92 37 efter
1049 1815 45 23 en
1123 1802 138 43 debatt,
1289 1801 64 35 der
1382 1800 205 36 emellertid
1615 1804 104 30 utom
1739 1798 87 37 flere

227 1874 129 24 varma
386 1860 216 37 uttalanden
626 1861 71 49 för
726 1858 107 36 äfven
863 1858 138 49 ganska
1030 1857 123 36 starka
1181 1855 290 48 anmärkningar
1498 1852 233 37 framstäldes
1759 1856 71 32 not

228 1916 197 36 utskottets
453 1914 148 48 förslag,
631 1913 140 36 hvilket
799 1915 26 33 t.
851 1925 57 23 ex.
931 1910 40 37 af
988 1924 44 22 en
1052 1911 116 35 talare
1189 1909 167 36 liknades
1375 1908 63 35 vid
1460 1921 42 23 en
1522 1906 196 50 »byggnad
1737 1912 89 30 utan

227 1969 91 37 både
347 1970 90 48 golf,
465 1975 137 42 väggar
630 1967 66 36 och
725 1967 84 34 tak»
839 1988 50 5 —
918 1966 12 34 i
951 1971 41 43 ty
1020 1970 53 30 att
1105 1963 99 36 såväl
1234 1969 204 42 presternas
1467 1975 92 36 egna
1588 1961 132 47 bidrag
1748 1973 77 22 som

228 2024 43 35 de
300 2022 211 36 eventuella
541 2021 178 48 bidragen
743 2019 79 37 från
852 2018 179 37 fonderna
1051 2019 67 35 och
1139 2016 79 37 från
1239 2022 117 30 staten
1381 2022 122 43 syntes
1522 2016 135 34 honom
1679 2014 150 48 mycket

227 2075 270 52 tvifvelaktiga,

334 2128 127 37 Äfven
491 2128 61 35 vid
583 2128 60 35 det
671 2132 119 31 senast
817 2125 221 36 församlade
1066 2125 238 48 kyrkomötet
1328 2124 68 34 har
1423 2121 129 49 frågan
1581 2134 61 22 om
1671 2120 158 35 emeriti-

228 2185 101 34 löner
357 2181 264 36 framkommit.
677 2181 111 35 Detta
818 2179 134 36 skedde
982 2191 132 36 genom
1143 2190 44 23 en
1217 2177 138 34 motion
1382 2175 41 36 af
1440 2173 261 49 landshöfding
1720 2172 38 37 C.
1780 2173 46 36 A.

228 2237 181 49 Sjöcrona,
445 2248 77 23 som
557 2240 140 43 upptog
738 2235 98 36 1888
867 2232 56 36 års
952 2233 135 47 förslag
1117 2231 135 35 derom.
1313 2228 207 49 Tillfälliga
1548 2228 178 35 utskottet
1754 2227 74 34 till-

229 2291 140 49 styrkte
406 2302 43 22 en
484 2302 49 35 ny
566 2287 189 37 skrifvelse
790 2288 59 34 till
881 2287 203 47 Konungen
1114 2298 60 22 om
1205 2284 207 46 utredning,
1441 2283 65 35 och
1536 2282 10 34 i
1577 2281 118 36 denna
1724 2279 104 37 skrif-
