2184 2632
672 181 342 32 Jordbruksutskottets
1036 180 163 33 utlåtande
1223 180 52 32 Nr
1297 181 51 31 89.
1730 180 18 31 5

195 260 118 37 under
353 260 102 37 tiden
497 260 105 37 torde
644 260 128 36 kunna
812 273 138 37 genom
985 261 115 36 redan
1128 260 184 48 vidtagna
1341 259 176 49 åtgärder
1545 265 89 30 utan
1665 261 129 46 någon

193 317 116 32 större
349 313 252 48 ransonering
635 312 166 37 leverera
830 312 101 36 kraft
960 312 10 35 1
999 311 303 49 kontraktsenlig
1330 311 268 48 utsträckning
1626 310 56 36 till
1711 311 83 35 sina

194 365 216 36 nuvarande
440 364 232 37 abonnenter
701 365 69 36 och
800 364 62 37 det
890 369 191 32 närmaste
1109 364 163 36 behovet
1301 363 59 36 för
1389 363 124 49 övrigt
1533 366 49 47 på
1602 368 75 31 sätt
1696 376 99 22 ovan

195 416 222 37 framhållits
446 417 133 36 endast
607 416 108 37 torde
743 417 127 36 kunna
900 416 221 49 tillgodoses
1151 428 137 37 genom
1317 415 243 37 värmekraft.

326 468 128 38 Under
482 468 239 50 åberopande
751 482 46 23 av
825 469 64 36 det
918 468 158 37 anförda
1104 468 57 36 får
1188 467 186 37 utskottet
1403 466 209 48 hemställa,

728 578 54 31 att
823 573 205 48 riksdagen
1071 574 60 33 må
1169 572 10 35 i
1219 571 207 49 anledning
1467 585 46 22 av
1555 571 45 37 de
1629 570 11 37 i
1669 576 129 31 ämnet

601 625 135 37 väckta
765 626 235 36 motionerna
1029 624 11 35 i
1069 623 181 37 skrivelse
1279 624 56 36 till
1360 623 141 49 Kungl.
1525 623 107 49 Maj:t
1652 623 149 36 anhålla

598 690 60 23 om
689 677 292 50 framläggande
1009 676 120 36 under
1157 689 46 23 av
1228 675 185 37 utskottet
1432 675 68 36 här
1519 688 98 24 ovan
1638 676 162 49 angiven

598 729 277 49 förutsättning
904 729 59 37 för
990 728 316 37 nästkommande
1333 727 158 49 riksdag
1515 741 45 23 av
1580 727 144 49 förslag
1745 728 55 35 till

598 781 178 50 åtgärder
806 781 58 37 för
891 780 302 49 tillgodoseende
1213 794 46 23 av
1279 779 179 37 elektrisk
1479 780 98 36 kraft
1598 779 56 36 för
1673 780 126 36 lands-

599 833 155 50 bygden
783 834 11 35 i
824 834 45 36 de
912 847 45 22 av
985 833 183 36 utskottet
1196 832 68 37 här
1293 844 98 24 ovan
1420 831 160 37 berörda
1609 831 188 37 områden.

330 937 218 37 Stockholm
579 938 70 36 den
681 939 44 35 31
758 938 72 48 maj
865 937 108 36 1920.

659 1042 52 36 På
736 1040 411 50 jordbruksutskottets
1175 1044 160 46 vägnar:

759 1145 167 37 RAOUL
953 1144 284 37 HAMILTON.

397 1406 217 27 Närvarande:
633 1405 96 27 herrar
753 1414 83 26 greve
865 1404 153 32 Hamilton,
1037 1404 131 27 Ericsson
1185 1404 89 35 Aaby,
1294 1402 95 33 Norin,
1403 1403 84 31 Träff,
1501 1403 119 30 Elisson,
1634 1403 164 33 Ingeström,

634 1449 153 36 Lindskog,
825 1449 177 30 Lundström,
1040 1448 155 31 Sävström,
1232 1447 161 27 Pettersson
1427 1447 94 30 Olaus,
1552 1446 165 28 Sederholm
1746 1446 51 27 och

634 1494 131 37 Ericsson
785 1494 9 25 i
814 1493 122 34 Arboga.

204 2354 124 41 Bihany
353 2354 47 31 till
425 2353 185 42 riksdagens
630 2353 156 41 protokoll
815 2354 90 30 1920.
956 2353 39 31 10
1018 2352 88 31 saml.
1154 2353 41 30 38
1219 2351 77 41 häft.
1344 2351 66 40 (Nr
1434 2352 63 35 89)
1736 2350 18 31 2
