2220 2674
464 118 39 30 14
680 119 113 30 Andra
815 118 193 32 kammarens
1032 120 101 41 tredje
1156 120 163 42 tillfälliga
1341 121 131 31 utskotts
1494 121 161 33 utlåtande
1677 122 52 32 Nr
1751 122 30 34 9.

421 204 106 30 meter
561 202 129 41 därvid,
725 204 44 42 på
803 205 72 30 sätt
908 203 362 34 kanalkommitterade
1302 208 127 41 antytt,
1453 207 145 32 kanalen
1621 207 178 33 förutsatts
1823 207 131 34 erhålla
1977 212 51 30 ett

421 245 82 44 djup
527 257 42 21 av
592 247 48 31 6'5
665 251 107 28 meter
793 247 106 32 under
922 247 324 44 medelvattenytan.

553 288 268 34 Vidkommande
849 290 38 32 de
911 290 106 33 ökade
1040 291 186 40 kostnader,
1250 302 70 22 som
1344 292 111 33 skulle
1478 293 179 33 framdeles
1680 293 204 41 förorsakas,
1908 305 119 32 genom

421 331 59 33 det
513 343 42 21 av
588 332 163 33 kanalens
778 333 260 43 framdragande
1061 334 199 33 föranledda
1282 334 158 44 förhöjda
1463 336 204 44 spårplanet,
1693 338 89 31 10:65
1807 337 58 32 vid
1888 338 28 39 5,
1941 348 84 33 resp.

421 376 68 31 9:65
524 375 59 32 vid
616 377 20 30 4
670 378 121 30 meters
824 376 47 32 fri
893 376 89 44 höjd,
1007 378 12 31 i
1042 377 118 33 stället
1182 378 52 32 för
1256 379 195 32 nuvarande
1475 382 48 29 8'6
1549 381 106 31 meter
1677 385 77 28 över
1777 380 249 40 slusströskeln,

419 418 88 32 hava
530 418 95 32 dessa
648 418 54 32 för
725 430 87 21 ovan
835 419 150 43 angivna
1007 420 63 32 fall
1095 422 40 40 1),
1160 421 41 31 då
1219 423 127 30 statens
1359 423 205 42 järnvägars
1580 423 197 32 nuvarande
1794 424 133 31 område
1943 423 85 33 fullt

420 460 181 44 utnyttjas,
626 461 181 33 beräknats
830 462 134 32 komma
987 465 52 30 att
1061 464 115 42 uppgå
1192 463 58 33 till
1265 465 200 39 457,000:
1442 456 18 57 —
1480 465 51 32 kr.
1545 476 84 33 resp.
1647 466 260 39 201,000:
1826 456 19 57 —
1862 456 61 57 kr.
1941 466 85 33 Här-

418 504 59 32 vid
510 504 62 32 har
595 504 191 40 förutsatts,
811 508 51 29 att
885 506 137 42 lutning
1044 507 19 31 å
1086 507 38 32 de
1146 518 70 31 nya
1239 508 270 43 spårgrupperna
1531 508 74 33 icke
1627 509 144 40 tillåtes,
1795 508 42 33 då
1860 510 168 32 desamma

420 547 97 32 skola
554 547 98 32 tjäna
685 547 57 32 till
776 549 240 42 uppställning
1049 560 43 21 av
1125 561 250 31 personvagnar
1406 551 59 32 och
1488 552 262 42 persontågsätt.
1803 552 69 33 Vid
1894 553 133 32 kostna-

419 590 121 33 dernas
598 590 191 33 beräknande
816 592 63 32 har
907 591 166 43 därjämte
1096 592 133 44 hänsyn
1251 594 110 41 tagits
1383 594 58 32 till
1461 594 217 43 jordmånens
1700 595 72 32 lösa
1795 595 233 33 beskaffenhet

418 632 60 33 och
513 633 106 32 därav
641 634 175 33 föranledd
839 634 86 32 ökad
949 635 227 43 bankfyllnad
1198 638 43 41 på
1263 637 111 41 grund
1397 648 43 21 av
1463 637 196 43 sjunkning.
1704 638 68 32 För
1794 637 101 33 fallet
1920 639 41 42 2),
1985 639 44 32 då

418 681 86 26 även
539 677 151 31 området
723 677 89 32 fram
846 677 59 32 till
934 678 186 42 Råstasjön
1143 679 201 32 förutsättes
1367 680 180 42 utnyttjat,
1573 681 166 32 beräknas
1762 681 187 32 kostnaden
1973 682 53 32 för

418 717 134 41 planets
586 718 196 43 förhöjning
815 721 115 40 uppgå
963 720 55 31 till
1050 723 49 28 ett
1131 722 298 41 genomsnittspris
1458 732 43 21 av
1524 733 47 20 c:a
1593 723 178 36 40,000:—
1794 723 49 30 kr.
1867 734 87 31 resp.
1979 734 49 21 c:a

419 760 176 39 18,000:
574 756 20 51 —
618 760 48 32 kr.
703 772 59 31 per
794 731 122 63 pekar
950 762 303 43 nytillkommande
1280 765 100 30 areal.
1425 764 174 33 Kanalens
1622 764 263 43 framdragande
1908 776 120 31 genom

418 803 149 41 angivna
591 804 132 32 område
745 805 165 32 beräknas
934 804 99 33 kosta
1057 817 48 20 c:a
1127 807 122 38 12,000:
1265 826 41 4 —
1322 806 51 33 kr.
1390 818 59 32 per
1464 806 212 43 längdmeter
1692 809 52 31 för
1759 808 267 40 kanalsträckor,

419 849 80 27 över
523 845 94 32 vilka
641 847 79 42 spår
743 846 133 33 komma
898 850 53 29 att
974 848 188 39 framföras,
1187 851 87 29 samt
1298 851 101 36 7,000:
1416 870 41 3 —
1472 851 48 30 kr.
1538 861 59 31 per
1613 850 213 42 längdmeter
1840 851 54 31 för
1910 851 117 42 övriga

418 888 162 38 sträckor,
616 889 61 31 där
710 890 119 31 endast
864 890 228 32 anordnandet
1122 901 44 22 av
1191 891 188 33 sidomurar
1401 892 52 31 för
1473 892 255 43 jordsläntorna
1752 893 67 32 blir
1841 893 184 43 behövligt.

553 930 194 34 Stockholm
772 932 62 32 den
859 934 38 31 31
921 944 89 21 mars
1035 934 91 32 1913.

1097 1044 255 44 Underdånigst

996 1121 39 32 F.
1058 1121 54 33 W.
1137 1121 43 32 H.
1204 1121 241 34 PEGELOW.

775 1213 111 32 Viktor
908 1214 201 41 Klemming.
1365 1215 83 33 Sven
1471 1215 196 41 Bergelmer.

1620 1310 34 32 C.
1678 1310 40 31 A.
1744 1309 145 40 Schultz,

1657 1362 207 31 Föredragande.

1673 1515 159 41 Bilaga
1854 1515 39 32 2.

512 1621 65 32 Till
600 1621 72 32 herr
695 1621 220 40 ordföranden
937 1623 13 30 i
972 1622 197 40 riksdagens
1191 1623 119 31 Andra
1334 1623 184 32 kammares
1541 1626 49 29 3:e
1614 1623 176 41 tillfälliga
1812 1624 132 32 utskott.

558 1707 78 32 Med
670 1706 181 40 anledning
878 1718 43 20 av
944 1706 75 32 eder
1041 1706 56 32 till
1120 1707 71 42 mig
1213 1706 129 33 ställda
1364 1707 182 42 förfrågan,
1570 1707 172 33 huruvida
1761 1708 62 42 jag
1847 1719 105 29 anser,
1977 1711 52 29 att

420 1750 62 31 den
506 1761 42 20 av
570 1750 70 41 mig
663 1750 11 31 i
698 1749 163 32 skrivelse
885 1749 57 31 till
966 1749 117 42 kungl.
1104 1749 333 43 järnvägsstyrelsen
1454 1750 62 31 den
1534 1752 15 29 1
1568 1750 140 32 oktober
1724 1752 80 30 1909
1820 1750 209 43 ifrågasatta

418 1792 69 32 fria
521 1791 123 43 höjden
678 1802 43 22 av
748 1794 20 29 4
795 1794 105 30 meter
922 1792 95 42 [över
1039 1792 168 32 Mälarens
1229 1792 173 42 reglerade
1425 1792 249 43 högvattenyta
1697 1794 47 40 (+
1764 1795 49 36 4,7
1838 1794 61 42 m)]
1922 1794 108 32 under

417 1834 91 32 fasta
530 1835 101 31 broar
654 1840 78 26 över
755 1845 41 21 en
820 1834 169 32 eventuell
1012 1834 105 32 kanal
1139 1834 126 32 mellan
1287 1834 237 32 Bällstaviken
1548 1835 59 32 och
1628 1835 244 32 Brunnsviken
1889 1847 140 21 numera

419 1877 101 31 borde
547 1876 131 32 erhålla
706 1878 51 30 ett
780 1879 102 29 annat
905 1878 95 37 mått,
1024 1877 61 31 har
1104 1877 63 42 jag
1189 1877 139 32 härmed
1351 1882 82 26 äran
1456 1877 162 39 meddela,
1643 1880 55 29 att
1720 1878 110 42 enligt
1853 1879 70 31 min
1945 1890 83 31 upp-

419 1919 154 42 fattning
596 1930 42 21 en
659 1919 45 32 fri
727 1918 79 43 höjd
830 1930 42 21 av
894 1921 20 30 4
937 1922 104 29 meter
1063 1919 210 32 fortfarande
1297 1930 101 32 synes
1422 1919 72 43 mig
1513 1919 83 32 fullt
1613 1920 165 43 antaglig,
1795 1920 143 32 särskilt
1954 1921 75 32 med

419 1961 134 44 hänsyn
576 1961 57 32 till
657 1962 39 31 de
719 1962 74 31 med
816 1961 95 43 varje
934 1961 129 42 ökning
1085 1962 12 31 i
1121 1962 79 43 höjd
1219 1962 132 42 jämväl
1374 1961 106 33 ökade
1496 1962 259 42 svårigheterna
1771 1963 55 32 för
1842 1963 186 43 företagets

418 2004 199 33 kommande
640 2004 57 32 till
720 2004 108 32 stånd.

501 2046 196 33 Stockholm
720 2047 62 31 den
807 2047 39 31 20
869 2047 152 32 februari
1046 2048 90 30 1913.

992 2140 77 32 Med
1093 2142 126 30 största
1242 2140 212 43 högaktning

977 2215 222 34 HENNING
1235 2216 228 34 KINBERG.
