1876 2784
297 190 17 29 2
650 187 286 31 Statsutskottets
963 186 179 30 utlåtande
1165 195 43 20 nr
1232 185 39 29 21
1298 184 38 30 år
1364 184 81 29 1957

343 273 310 39 Organisationens
674 272 61 30 råd
757 272 64 29 har
842 271 220 40 preliminärt
1082 270 171 29 beräknat
1272 268 303 40 organisationens
1597 267 129 40 budget
1746 268 55 29 för

298 326 49 27 ett
365 324 37 30 år
423 323 126 30 framåt
566 323 52 30 till
635 323 100 37 högst
753 322 60 30 200
827 322 59 29 000
905 322 94 37 pund
1020 321 141 37 sterling
1178 320 65 29 och
1261 320 158 33 beslutat,
1438 321 49 27 att
1507 318 96 37 varje
1621 319 180 29 medlems-

298 374 84 31 iand
408 373 215 31 omedelbart
648 373 89 30 skall
761 372 154 30 inbetala
941 372 18 30 3
974 372 62 30 333
1062 371 107 39 pund.
1196 370 156 39 Sveriges
1380 369 102 30 andel
1507 369 11 29 i
1545 368 145 31 SCUA:s
1716 369 86 29 bud-

299 427 55 37 get
374 425 63 29 har
457 424 179 39 samtidigt
654 423 187 30 fastställts
861 423 51 29 till
945 423 6 29 3
971 423 154 39 procent,
1144 421 118 30 varför
1282 420 238 30 kostnaderna
1539 420 55 29 för
1614 420 58 29 det
1690 420 112 29 första

298 474 320 31 verksamhetsåret
647 474 54 30 för
730 474 77 30 vårt
836 473 101 29 lands
966 473 54 29 del
1051 472 70 29 kan
1150 472 174 29 beräknas
1354 471 52 29 till
1436 470 235 39 sammanlagt
1700 470 102 39 högst

299 526 19 29 6
331 525 59 30 000
409 525 97 40 pund
526 525 154 39 sterling,
699 523 247 31 motsvarande
966 524 10 28 i
996 523 173 30 avrundat
1189 522 59 34 tal,
1269 522 41 30 90
1325 522 62 29 000
1407 522 140 29 kronor.

344 576 67 29 För
433 577 77 28 vart
532 575 66 30 och
620 577 49 27 ett
691 584 42 21 av
755 574 237 30 innevarande
1015 573 65 29 och
1104 575 101 28 nästa
1228 572 170 40 budgetår
1423 572 173 29 beräknas
1620 571 103 30 alltså
1747 571 56 30 för

299 626 268 39 ifrågavarande
592 625 163 30 ändamål
782 625 41 30 90
838 625 62 30 000
926 624 140 30 kronor.

346 727 174 30 Utskottet
538 726 192 39 tillstyrker
747 726 126 38 Kungl.
891 725 123 40 Maj:ts
1032 725 141 39 förslag.
1191 725 66 29 Vid
1273 724 259 38 behandlingen
1552 732 122 21 senare
1691 723 112 29 under

299 777 185 39 riksdagen
517 786 43 21 av
592 777 203 30 äskandena
828 776 11 29 i
873 775 458 39 statsverkspropositionen
1363 774 236 31 återkommer
1632 774 171 29 utskottet

300 827 53 30 till
374 827 123 39 frågan
519 836 59 20 om
599 827 221 38 erforderligt
842 827 121 38 anslag
985 826 55 30 för
1061 825 204 40 budgetåret
1292 825 160 34 1957/58.
1475 825 13 29 I
1510 825 95 29 detta
1628 833 176 21 samman-

300 878 93 39 hang
423 878 203 30 hemställer
656 877 182 34 utskottet,

654 930 50 27 att
728 927 188 39 riksdagen
942 927 56 30 må
1023 927 51 29 till
1098 927 128 39 Bidrag
1254 926 52 30 till
1328 926 475 40 Suezkanaltrafikanternas

611 978 238 40 organisation
876 978 20 29 å
923 978 209 39 tilläggsstat
1159 978 29 29 II
1219 977 52 30 till
1298 977 191 29 riksstaten
1517 977 55 29 för
1598 976 206 39 budgetåret

613 1029 148 35 1956/57
783 1028 122 29 anvisa
924 1030 48 29 ett
991 1028 273 39 förslagsanslag
1284 1037 43 20 av
1345 1028 41 30 90
1401 1027 61 30 000
1483 1027 141 29 kronor.

876 1207 342 47 Kapitalbudgeten

837 1327 148 33 Diverse
1006 1326 265 43 kapitalfonder

580 1430 93 41 Väg-
697 1430 69 30 och
788 1428 472 43 vattenbyggnadsverkets
1275 1428 254 42 förrådsfond

349 1517 75 34 3:0)
457 1517 233 29 Anordnande
719 1526 41 19 av
791 1516 205 30 bombsäker
1025 1516 298 35 smörjoljefabrik
1353 1526 43 19 m.
1426 1526 42 19 m.
1499 1516 12 28 I
1542 1516 264 39 propositionen

304 1576 43 20 nr
370 1567 18 29 2
412 1567 63 29 har
499 1567 126 38 Kungl.
652 1567 104 38 Maj:t
787 1566 130 39 (bilaga
944 1567 48 33 15,
1019 1566 113 40 punkt
1158 1567 27 32 1,
1211 1576 25 19 s.
1264 1566 39 30 79
1328 1566 64 29 och
1417 1567 41 29 80
1483 1575 41 20 av
1548 1566 108 39 bilagt
1680 1566 126 38 utdrag

303 1627 42 20 av
369 1617 383 39 statsrådsprotokollet
775 1618 81 29 över
880 1617 301 29 handelsärenden
1208 1617 54 29 för
1285 1618 67 28 den
1377 1618 18 29 3
1418 1617 141 39 januari
1588 1617 99 33 1957)
1717 1617 90 29 före-

304 1667 101 39 slagit
423 1667 186 39 riksdagen
627 1669 50 28 att
696 1668 51 29 till
765 1667 267 39 ifrågavarande
1051 1667 162 30 ändamål
1231 1667 19 30 å
1269 1668 208 39 tilläggsstat
1497 1668 29 29 II
1544 1668 52 29 till
1615 1668 190 29 riksstaten

304 1718 55 29 för
382 1717 205 39 budgetåret
613 1718 147 35 1956/57
788 1718 122 29 anvisa
934 1720 48 27 ett
1007 1718 355 39 investeringsanslag
1389 1727 41 21 av
1455 1718 63 30 340
1533 1718 62 30 000
1621 1719 140 28 kronor.

349 1820 199 38 Riksdagen
564 1819 65 29 har
645 1819 53 30 för
715 1819 200 30 ändamålet
931 1819 124 29 hittills
1072 1819 136 29 anvisat
1225 1819 233 39 sammanlagt
1475 1820 19 29 9
1508 1819 63 30 550
1586 1819 63 30 000
1665 1819 141 29 kronor.

349 1870 64 29 Vid
438 1870 118 38 slutlig
580 1870 206 39 uppgörelse
811 1870 78 29 med
912 1869 453 39 byggnadsentreprenören
1390 1870 63 29 har
1477 1871 57 28 det
1557 1870 89 29 visat
1671 1870 61 38 sig,
1757 1871 50 27 att

304 1920 92 29 vissa
419 1920 75 29 icke
517 1920 220 29 förutsebara
760 1920 190 29 kostnader
973 1920 232 39 uppkommit.
1229 1920 159 29 Orsaken
1413 1921 118 29 härtill
1555 1922 39 28 är
1617 1920 72 30 dels
1714 1921 93 29 löne-

304 1970 188 40 höjningar
512 1970 64 29 och
597 1971 157 38 stegrade
776 1970 283 40 materialpriser,
1082 1971 73 29 dels
1176 1971 85 29 krav
1282 1971 44 39 på
1347 1971 193 39 ersättning
1561 1972 55 29 för
1637 1972 170 29 merkost-

305 2021 107 29 nader
431 2021 44 39 på
494 2021 114 39 grund
628 2030 41 20 av
688 2021 181 38 försening
889 2030 41 21 av
951 2021 150 29 arbetets
1122 2021 229 30 slutförande.
1373 2022 187 29 Dessutom
1581 2022 64 29 har
1666 2023 142 28 kostna-

304 2071 108 29 derna
433 2071 54 29 för
506 2071 105 33 vissa,
631 2080 41 21 av
693 2071 353 39 bergförhållandena
1066 2071 183 39 betingade
1270 2072 160 39 åtgärder
1450 2073 89 30 visat
1561 2073 50 38 sig
1633 2073 46 29 bli
1701 2073 106 39 högre

305 2123 44 28 än
378 2121 181 30 beräknat.

350 2223 184 35 Utskottet,
557 2232 74 20 som
651 2223 59 28 vill
731 2223 117 29 erinra
869 2232 56 19 om
945 2225 50 27 att
1016 2223 267 38 ifrågavarande
1305 2224 210 39 anläggning
1536 2233 146 20 numera
1704 2224 103 39 tagits

305 2273 10 28 i
341 2272 99 34 bruk,
468 2273 192 39 tillstyrker
686 2273 126 38 Kungl.
842 2273 122 39 Maj:ts
991 2273 131 39 förslag
1148 2274 64 29 och
1239 2274 202 30 hemställer
1467 2275 113 33 alltså,

660 2325 48 28 att
736 2324 187 38 riksdagen
952 2324 56 29 må
1035 2324 50 29 till
1112 2324 237 30 Anordnande
1378 2335 42 20 av
1447 2326 208 29 bombsäker
1681 2327 127 38 smörj-

615 2374 189 39 oljefabrik
828 2383 45 21 m.
898 2383 45 20 m.
967 2374 19 30 å
1009 2374 209 39 tilläggsstat
1242 2376 29 28 II
1297 2375 51 30 till
1372 2376 190 29 riksstaten
1587 2376 54 29 för
1665 2376 144 39 budget-

615 2424 73 30 året
717 2424 148 34 1956/57
893 2425 121 29 anvisa
1040 2426 48 28 ett
1113 2426 355 41 investeringsanslag
1496 2436 42 19 av
1564 2426 62 29 340
1641 2427 63 30 000
1730 2427 79 29 kro-

617 2484 72 20 nor.
