2188 2654
352 218 119 32 Andra
494 218 227 32 Kammarens
749 218 176 41 Tillfälliga
954 218 138 33 Utskotts
1117 219 78 41 (N:o
1221 220 32 37 4)
1284 218 173 34 Utlåtande
1480 224 58 29 N:o
1563 220 30 31 2.
1751 221 15 30 1

904 658 75 41 N:o
1009 658 33 40 2.

731 822 73 25 Ank.
824 821 44 26 till
887 822 97 25 Riksd.
1005 823 93 25 kansli
1117 823 55 26 den
1193 823 32 25 11
1245 823 124 26 februari
1390 824 76 32 1902,
1487 825 37 25 kl.
1545 826 14 24 1
1580 833 23 18 e.
1624 834 36 16 m.

384 965 129 36 Andra
554 967 236 35 Kammarens
811 967 119 43 fjerde
957 967 180 45 tillfälliga
1165 970 144 34 utskotts
1336 970 179 36 utlåtande
1542 982 57 24 n:o
1626 973 36 42 2,
1693 973 79 35 med

596 1021 187 45 anledning
825 1021 48 43 af
906 1033 41 24 en
989 1022 48 43 af
1071 1023 80 35 herr
1185 1023 45 35 E.
1270 1023 36 35 O.
1346 1024 37 35 V.
1424 1024 213 46 Wavrinsky
1668 1027 102 34 väckt

596 1076 128 34 motion
753 1076 176 43 angående
945 1076 235 50 legaliserade
1207 1078 178 35 revisorer.

275 1236 71 35 Till
383 1236 178 35 utskottet
588 1237 66 34 har
682 1236 56 35 till
766 1236 259 36 förberedande
1053 1238 222 47 behandling
1303 1239 122 36 blifvit
1452 1240 177 35 hänvisad
1658 1254 44 22 en
1731 1241 41 35 af

167 1290 84 35 herr
279 1290 46 35 E.
361 1290 37 35 O.
438 1290 37 35 V.
516 1290 213 46 Wavrinsky
757 1290 162 48 afgifven
947 1291 145 45 motion,
1123 1305 59 22 n:o
1209 1295 60 42 21,
1297 1293 104 36 hvari
1424 1294 223 35 motionären
1670 1295 97 35 hem-

168 1344 132 44 ställer,
351 1347 73 32 »att
465 1344 211 47 Riksdagen
717 1345 85 35 ville
843 1345 13 34 i
898 1345 189 36 skrifvelse
1128 1346 57 35 till
1226 1347 131 47 Kongl.
1388 1347 107 48 Maj:t
1523 1349 152 45 anhålla,
1708 1350 61 35 det

170 1398 133 46 Kongl.
347 1398 107 47 Maj:t
495 1398 138 35 täcktes
675 1399 72 34 låta
788 1400 137 43 utreda,
970 1400 71 35 dels
1068 1400 95 35 huru
1191 1401 170 36 behofvet
1389 1401 40 35 af
1453 1414 45 23 en
1527 1402 66 35 kår
1621 1403 40 34 af
1686 1403 84 36 fullt

169 1451 197 44 utbildade,
411 1452 187 47 offentliga
630 1452 175 36 revisorer
833 1455 57 33 må
918 1453 124 35 kunna
1070 1457 124 41 mötas,
1225 1455 71 35 dels
1323 1455 151 36 hvilken
1502 1456 173 48 ställning
1703 1458 67 35 och

170 1518 130 24 ansvar
342 1518 45 22 en
422 1506 112 35 sådan
562 1506 67 34 kår
656 1506 65 35 bör
748 1506 205 46 innehafva,
985 1507 67 35 och
1079 1508 56 35 för
1162 1508 210 48 Riksdagen
1400 1509 199 48 framlägga
1628 1511 43 35 de
1701 1511 67 36 för-

171 1560 86 46 slag,
288 1559 148 36 hvartill
463 1560 244 46 utredningen
736 1560 73 35 kan
837 1560 192 36 föranleda.
1042 1577 11 15 >

278 1613 121 34 Såsom
429 1613 80 35 skäl
537 1613 55 34 för
620 1614 118 34 denna
766 1614 57 34 sin
850 1614 214 35 hemställan
1092 1616 102 34 anför
1221 1616 221 35 motionären
1460 1618 309 47 hufvudsakligen

170 1666 168 48 följande.

276 1720 179 36 Behofvet
483 1721 39 34 af
548 1733 45 22 en
621 1720 212 47 legaliserad
862 1722 66 35 kår
947 1722 40 35 af
1003 1722 82 36 fullt
1103 1723 197 45 utbildade,
1322 1724 249 48 sjelfständiga
1589 1726 179 36 revisorer

169 1773 125 48 gjorde
323 1773 56 47 sig
412 1775 82 34 med
531 1774 127 48 hvarje
695 1777 39 32 år
762 1775 63 35 allt
852 1788 97 34 mera
976 1777 165 46 gällande
1170 1780 46 43 på
1244 1781 99 32 snart
1371 1779 104 46 sagdt
1503 1779 69 35 alla
1600 1781 170 34 områden

170 1827 40 35 af
235 1828 60 34 det
323 1827 187 48 offentliga
537 1828 115 35 lifvet.
712 1829 67 35 För
807 1829 98 35 detta
934 1830 164 35 ändamål
1125 1831 93 35 hade
1246 1831 55 36 för
1328 1834 62 33 två
1418 1834 38 33 år
1476 1834 110 34 sedan
1606 1833 164 36 Svenska

170 1881 371 36 Revisor-samfundet
576 1882 142 46 bildats,
751 1895 81 23 men
861 1884 45 34 då
934 1885 97 34 detta
1060 1884 29 49 ej
1121 1885 141 47 lyckats
1291 1886 134 35 erhålla
1454 1887 82 35 sökt
1550 1888 219 35 statsunder-

171 1936 89 43 stöd,
290 1936 93 34 hade
413 1936 60 35 det
501 1936 82 47 föga
611 1937 154 59 utsigter
793 1940 52 32 att
873 1938 124 35 kunna
1026 1939 111 35 verka
1165 1939 55 35 för
1243 1939 213 72 utbildning
1480 1941 39 34 af
1535 1941 232 48 sakkunniga

170 1989 67 35 och
265 1989 250 48 sjelfständiga
543 1990 187 36 revisorer.

277 2043 18 35 I
336 2043 168 47 England
542 2045 81 34 med
656 2045 80 35 dess
765 2044 158 48 kraftiga
952 2046 155 35 affärslif
1131 2059 84 23 vore
1244 2059 45 23 en
1317 2048 111 34 sådan
1455 2048 208 37 institution
1692 2062 75 23 som

170 2097 70 35 den
269 2097 108 36 ofvan
406 2097 202 48 föreslagna
637 2098 130 36 införd.
826 2099 123 35 Skulle
978 2099 30 48 ej
1039 2099 13 36 i
1079 2103 81 33 vårt
1187 2101 85 35 land
1299 2104 110 44 något
1436 2102 125 36 kunna
1589 2108 103 42 göras
1712 2104 58 35 för

169 2153 54 32 att
250 2154 96 32 möta
374 2151 61 35 det
461 2152 166 35 växande
655 2152 170 37 behofvet
853 2153 39 35 af
916 2153 84 35 fullt
1026 2154 186 35 utbildade
1240 2155 201 36 revisorer?

276 2204 228 36 Motionären
538 2206 92 35 hade
658 2208 111 34 redan
797 2206 62 36 vid
891 2209 96 34 1901
1026 2210 57 33 års
1115 2208 150 48 riksdag
1292 2209 169 36 hemstält
1488 2222 57 23 om
1574 2223 45 23 en
1647 2212 119 34 utred-

168 2257 90 48 ning
296 2258 13 35 i
336 2260 158 34 nämnda
522 2260 105 47 syfte.
685 2261 326 47 Framställningen
1039 2261 183 37 biträddes
1250 2263 13 34 i
1290 2263 282 48 hufvudsakliga
1602 2265 98 35 delar
1728 2266 41 34 af

169 2311 128 36 Andra
342 2313 238 35 Kammarens
626 2313 181 48 tillfälliga
852 2314 140 36 utskott
1037 2327 59 23 n:o
1139 2318 34 42 4,
1218 2317 66 34 och
1326 2317 208 36 kammaren
1575 2319 192 46 godkände

214 2373 70 32 Bih.
311 2374 48 31 till
381 2374 112 32 Miksd.
519 2375 87 32 Prot.
632 2376 95 31 1902.
776 2376 22 31 8
821 2376 99 32 Saml.
958 2377 21 31 2
1002 2376 75 41 Afd.
1114 2378 22 31 2
1158 2377 109 33 Band.
1304 2379 22 31 2
1348 2378 91 41 Häft.
1466 2380 77 37 (N:o
1567 2380 49 41 2.)
1705 2382 16 30 1
