1908 2832
558 155 109 30 Andra
692 157 223 35 lagutskottets
938 159 163 30 utlåtande
1127 160 48 29 Nr
1196 167 46 25 11.

1633 165 18 30 [Di]

818 551 60 39 Nr
906 551 60 39 11.

539 707 118 29 Ankom
681 708 45 28 till
749 709 173 34 riksdagens
946 711 95 27 kansli
1064 712 57 27 den
1145 714 37 26 11
1208 722 77 18 mars
1309 715 78 26 1929
1412 714 37 28 kl.
1476 716 15 26 3
1517 725 23 18 e.
1566 725 37 17 m.

358 824 182 36 Utlåtande
577 829 13 31 i
616 826 179 42 anledning
823 842 40 20 av
890 831 100 32 väckt
1016 833 123 32 motion
1167 845 51 21 om
1245 834 161 34 skrivelse
1433 835 52 33 till
1512 837 128 38 Kungl.

580 879 102 39 Maj:t
705 881 172 38 angående
900 892 38 22 en
961 893 45 27 ny
1030 884 415 38 egnahemsorganisation.

179 999 19 32 I
221 1011 38 21 en
282 1000 88 32 inom
393 1001 109 32 första
523 1001 192 34 kammaren
738 1004 111 39 väckt,
872 1004 56 33 till
950 1005 188 39 lagutskott
1161 1008 163 33 hänvisad
1347 1011 132 38 motion,
1503 1024 39 19 nr
1567 1014 72 36 178,

137 1049 111 32 vilken
275 1050 199 33 behandlats
503 1063 41 20 av
572 1052 103 32 andra
704 1053 233 41 lagutskottet,
965 1055 60 32 har
1053 1056 76 32 herr
1157 1058 195 40 Lindhagen
1380 1060 181 40 hemställt,
1590 1066 50 28 att

134 1098 190 41 riksdagen,
347 1100 215 34 beträffande
584 1103 342 38 egnahemsrörelsens
948 1106 236 41 organisation,
1206 1108 79 33 ville
1307 1109 58 32 hos
1389 1111 126 39 Kungl.
1539 1112 100 38 Maj:t

133 1149 137 33 anhålla
289 1162 51 20 om
359 1150 131 41 förslag
508 1152 53 32 till
579 1164 38 21 en
636 1165 46 27 ny
700 1154 239 39 organisation,
958 1157 149 38 tryggad
1127 1170 40 20 av
1187 1158 58 40 lag
1264 1160 59 32 och
1342 1160 74 33 ledd
1436 1173 41 20 av
1497 1162 141 32 samhäl-

133 1199 45 32 let
200 1203 81 29 utan
305 1201 335 41 sammanblandning
661 1204 74 32 med
758 1204 62 32 den
843 1205 155 33 tekniska
1020 1207 305 38 jordbruksvården
1349 1214 84 29 samt
1456 1211 114 40 byggd
1594 1213 43 38 på

134 1252 68 30 rätt
223 1250 55 32 till
302 1251 205 33 effektivare
529 1252 199 34 individuell
751 1254 94 39 hjälp
871 1256 35 32 åt
929 1256 68 33 alla
1019 1257 201 34 behövande.

175 1299 226 34 Beträffande
426 1301 39 33 de
491 1302 84 41 skäl,
601 1315 69 20 som
694 1304 96 39 ligga
812 1305 54 32 till
891 1307 108 38 grund
1025 1308 53 32 för
1103 1309 219 33 motionärens
1348 1310 207 41 hemställan,
1583 1313 55 32 får

131 1350 165 33 utskottet
316 1351 143 34 hänvisa
477 1352 54 32 till
552 1353 181 34 motionens
754 1355 158 33 innehåll.

177 1451 125 34 Genom
324 1464 39 21 en
384 1453 55 33 till
462 1455 84 33 1928
569 1455 54 32 års
646 1455 140 41 riksdag
808 1457 132 33 avlåten
962 1459 215 40 proposition,
1201 1473 39 19 nr
1263 1463 51 37 97,
1339 1462 146 40 föreslog
1508 1464 127 38 Kungl.

129 1501 102 39 Maj:t
250 1502 181 40 riksdagen
448 1507 51 30 att
517 1504 178 39 godkänna
713 1518 39 20 en
771 1507 124 32 allmän
915 1509 280 38 omorganisation
1216 1523 40 20 av
1277 1512 60 31 den
1357 1513 277 32 statsunderstöd-

129 1552 42 33 da
194 1553 432 38 egnahemsverksamheten
649 1556 86 32 efter
758 1557 93 32 vissa
873 1558 12 31 i
907 1559 245 37 propositionen
1177 1561 146 38 angivna
1346 1562 176 39 riktlinjer.
1567 1564 68 31 Till

128 1602 110 39 grund
263 1603 54 32 för
341 1604 247 38 propositionen
613 1605 58 39 låg
694 1609 47 29 ett
766 1618 41 21 av
834 1609 83 31 1925
944 1609 53 32 års
1022 1609 453 42 kolonisationssakkunniga
1502 1614 132 38 avgivet

130 1652 164 39 enhälligt
316 1653 131 40 förslag
468 1654 13 32 i
503 1658 119 29 ämnet.
667 1656 178 39 Förslaget
866 1657 135 39 byggde
1023 1659 11 31 i
1056 1660 189 38 väsentliga
1269 1661 90 33 delar
1380 1663 44 37 på
1447 1663 187 32 dåvarande

128 1702 415 42 egnahemsanordningar,
572 1705 118 32 därvid
717 1706 185 34 emellertid
928 1707 218 40 ifrågasattes
1176 1711 218 40 reformering
1420 1712 213 33 beträffande

130 1752 160 32 rörelsens
319 1752 113 33 lokala
460 1754 60 32 och
546 1755 149 33 centrala
722 1756 227 39 organisation
988 1759 12 31 i
1027 1759 92 38 syfte
1147 1763 49 29 att
1224 1762 78 31 ernå
1330 1762 85 32 efter
1442 1763 191 32 nuvarande

128 1802 235 33 förhållanden
384 1803 109 34 bättre
514 1806 186 37 anpassade
721 1806 209 34 ekonomiskt
951 1809 286 38 organisatoriska
1258 1812 223 39 anordningar
1503 1813 53 32 för
1577 1826 56 19 an-

128 1852 183 34 skaffande
329 1854 60 32 och
406 1854 291 40 tillgodogörande
714 1869 41 20 av
772 1857 54 32 till
845 1858 177 38 jordbruks
1041 1859 201 41 nybildning
1261 1862 122 39 tjänlig
1400 1863 83 39 jord,
1504 1864 54 32 för
1574 1876 58 20 un-

126 1899 210 37 derlättande
353 1917 42 20 av
412 1905 321 41 arrendefrilösning
750 1908 59 31 och
827 1908 54 32 för
896 1909 194 40 utveckling
1106 1911 54 32 till
1179 1915 104 29 större
1301 1912 155 33 bärkraft
1473 1926 41 20 av
1533 1914 99 32 ofull-

128 1953 158 39 ständiga
304 1954 174 38 jordbruk.

172 2003 76 33 Med
274 2004 180 40 anledning
480 2017 42 21 av
547 2007 247 37 propositionen
819 2008 137 33 väcktes
983 2010 87 32 inom
1097 2011 197 39 riksdagens
1321 2013 133 32 kamrar
1480 2018 48 28 ett
1554 2014 76 33 fler-

127 2053 49 32 tal
195 2054 171 39 motioner,
387 2055 45 32 bl.
452 2067 30 21 a.
503 2067 41 21 av
565 2056 75 33 herr
661 2056 209 41 Lindhagen.

171 2102 148 35 Sålunda
337 2104 129 39 yrkade
483 2106 76 32 herr
577 2106 198 41 Lindhagen
793 2109 12 31 i
823 2109 123 32 motion
965 2122 38 20 nr
1023 2113 62 31 274
1103 2112 12 31 i
1134 2112 109 32 första
1259 2112 200 40 kammaren,
1480 2118 50 29 att
1548 2115 83 32 riks-

128 2153 107 38 dagen
261 2155 80 32 ville
366 2155 130 33 besluta
522 2158 123 31 sådana
673 2159 183 38 ändringar
882 2160 60 32 och
967 2161 123 38 tillägg
1114 2162 55 32 till
1195 2164 128 37 Kungl.
1349 2165 116 37 Maj:ts
1492 2166 139 38 förslag,

124 2208 51 28 att
196 2205 450 39 egnahemsorganisationen
668 2208 94 39 finge
784 2222 38 19 en
844 2210 147 40 enhetlig
1013 2212 117 32 socialt
1152 2212 140 33 betonad
1315 2214 171 40 läggning,
1510 2219 48 28 att
1582 2227 47 20 or-

125 2254 231 38 ganisationen
377 2268 42 20 av
440 2256 38 32 de
499 2269 69 26 nya
587 2258 125 32 sociala
731 2259 220 39 uppgifterna
973 2260 124 34 skildes
1119 2262 77 32 från
1218 2264 266 38 organisationen
1506 2277 41 20 av
1570 2266 60 32 den

126 2304 156 34 tekniska
305 2306 304 38 jordbruksvården
634 2308 11 32 i
671 2309 96 39 riket,
793 2314 50 29 att
868 2311 267 38 organisationen
1159 2313 12 31 i
1197 2313 199 40 erforderlig
1420 2316 75 31 mån
1520 2315 110 33 kunde

128 2354 186 34 framträda
337 2357 109 32 såsom
469 2358 162 33 målsman
655 2359 54 32 för
732 2360 61 32 den
817 2372 150 29 svagare,
991 2362 191 33 oerfarnare
1207 2364 58 32 och
1289 2364 202 39 hjälplösare
1514 2370 113 34 parten

127 2410 84 28 samt
232 2410 50 29 att
305 2407 269 39 organisationen
597 2409 144 34 omlades
763 2411 13 31 i
797 2411 228 40 huvudsaklig
1048 2413 194 40 anslutning
1264 2415 54 31 till
1342 2416 37 31 de
1403 2428 40 20 av
1465 2416 164 38 jordkom-

124 2455 178 34 missionen
327 2457 207 39 ifrågasatta
560 2459 153 37 linjerna.

1686 1468 67 25 1928
1772 1469 42 24 års

1693 1502 109 30 riksdag.
