1904 2826
95 750 157 25 Statsverks-

65 785 205 31 propositionen.

108 908 134 23 Utskottet.

335 171 41 29 44
639 171 417 36 Bevillningsutskottets
1077 170 223 32 betänkande
1321 170 52 32 Nr
1399 169 51 31 32.

291 245 202 32 inkomsten
518 256 47 21 av
588 246 188 32 maltskatt
802 246 55 31 för
883 246 213 36 budgetåret
1119 244 171 42 1929/1930
1315 246 58 32 till
1398 246 111 36 högre
1533 246 125 37 belopp
1685 248 47 30 än
1757 246 39 31 17

293 290 168 36 miljoner
486 290 153 31 kronor.

334 375 438 36 Riksräkenskapsverket
795 375 72 31 kan
892 376 56 30 för
971 375 56 32 sin
1051 375 57 32 del
1131 375 78 32 icke
1234 375 104 32 finna
1361 375 223 37 tillräckliga
1607 376 79 31 skäl
1709 385 90 21 vara

294 426 153 32 anförda
465 427 57 30 för
539 426 180 37 sänkning
736 437 47 21 av
800 426 69 32 den
885 427 56 30 för
959 426 213 36 budgetåret
1190 425 170 41 1928/1929
1376 426 204 32 beräknade
1596 426 203 32 inkomsten

294 488 45 21 av
356 478 244 36 maltskatten,
619 478 92 32 helst
730 487 75 23 som
824 478 56 31 för
898 478 221 31 månaderna
1138 477 257 37 juli>—oktober
1414 477 143 32 skatten
1573 478 96 32 visat
1687 478 111 37 högre

293 530 218 37 avkastning
532 530 114 32 under
665 530 78 32 1928
764 532 48 29 än
832 529 113 32 under
966 529 88 32 1927.
1085 529 439 38 Riksräkenskapsverket
1546 529 153 33 föreslår
1718 529 79 32 där-

295 583 65 36 för,
398 584 54 30 att
488 582 235 32 maltskatten
759 582 58 31 för
852 582 215 37 budgetåret
1104 579 170 43 1929/1930
1311 582 177 32 beräknas
1525 582 58 31 till
1619 584 179 35 17,600,000

295 635 159 31 kronor.»

337 744 18 31 I
377 744 443 36 statsverkspropositionen
855 744 64 31 har
942 742 225 32 förevarande
1191 743 230 31 inkomsttitel
1444 744 175 36 upptagits
1644 744 76 31 med
1744 744 56 31 det

293 808 45 20 av
362 797 406 36 riksräkenskapsverket
790 797 196 36 föreslagna
1008 796 165 36 beloppet,
1198 796 194 36 17,600,000
1418 796 136 31 kronor.

335 901 122 36 Enligt
491 900 68 31 vad
594 900 165 31 utskottet
793 900 80 30 från
908 899 405 36 riksräkenskapsverket
1346 899 173 30 inhämtat
1541 899 137 31 utvisar
1700 900 100 30 malt-

291 953 137 30 skatten
457 952 54 31 för
534 952 202 35 budgetåret
760 950 186 42 1927/1928
970 951 62 31 och
1057 951 39 30 de
1119 952 52 29 tre
1194 950 107 31 första
1324 950 182 31 kvartalen
1529 961 45 20 av
1597 950 204 37 budgetåret

291 1003 187 42 1928/1929
503 1004 153 37 följande
678 1004 184 36 ställning:

891 1074 154 30 Budgetåret
1066 1074 148 30 1927/1928
1469 1073 153 30 Budgetåret
1643 1073 147 30 1928/1929

745 1107 32 32 1/7
791 1108 147 31 1927—-39/8
952 1112 65 21 1928
1108 1108 32 30 1/7
1159 1111 59 21 1927
1236 1107 66 31 —3!/3
1316 1111 66 21 1928
1501 1107 32 31 1/7
1547 1107 149 32 1928—292/3
1706 1111 66 22 1929

289 1154 143 30 Influtet
458 1177 167 5 ................
651 1153 51 30 kr.
751 1152 203 36 17,895,395:
971 1161 37 22 30
1123 1152 204 36 13,380,811:
1344 1161 36 21 10
1495 1151 205 37 13,028,232:
1717 1161 36 22 85

290 1205 153 36 Utgifter
481 1205 55 30 för
573 1205 50 30 in-

335 1257 215 32 komsttiteln
617 1280 4 4 ....
665 1267 15 18 >»
805 1257 149 35 868,725:
972 1265 36 22 18
1178 1256 150 36 694,519:
1344 1265 36 21 07
1550 1255 150 36 751,839:
1717 1264 36 22 28

290 1319 165 31 Behållen
478 1318 153 31 inkomst
653 1318 51 31 kr.
753 1318 204 36 17,026,670:
974 1326 35 22 12
1124 1317 205 36 12,686,292:
1345 1325 36 22 o3
1496 1316 204 37 12,276,393:
1718 1326 47 21 57.

334 1422 18 31 I
375 1422 64 31 den
462 1422 95 30 förut
579 1421 241 36 omförmälda,
841 1431 45 20 av
902 1421 320 36 kontrollstyrelsen
1237 1420 57 30 till
1309 1420 382 35 finansdepartementet
1706 1421 95 29 över-

291 1474 160 31 lämnade
473 1474 238 36 beräkningen
734 1473 65 32 har
823 1473 63 31 den
903 1473 161 31 behållna
1080 1472 196 31 inkomsten
1292 1482 44 21 av
1352 1472 223 31 maltskatten
1592 1472 54 30 för
1660 1472 141 36 budget-

290 1528 74 30 året
388 1525 187 43 1929/19380
598 1526 76 31 icke
696 1526 216 36 uppskattats
935 1525 57 31 till
1013 1525 107 37 högre
1142 1525 122 36 belopp
1287 1527 45 29 än
1356 1525 41 30 17
1422 1524 162 37 miljoner
1607 1525 136 30 kronor.

334 1580 18 30 I
375 1579 340 31 överensstämmelse
738 1578 142 32 härmed
904 1578 199 31 hemställer
1127 1577 176 36 utskottet,

736 1684 50 29 att
818 1682 224 30 maltskatten
1076 1682 107 29 måtte
1219 1680 54 31 för
1306 1680 204 36 budgetåret
1538 1679 187 42 1929/1930
1749 1680 54 31 be-

694 1734 126 31 räknas
843 1734 57 30 till
956 1757 158 5 .cococoo..
1166 1757 122 4 FN
1328 1758 16 2 -.---
1406 1758 2 2 .
1447 1733 126 30 kronor
1597 1732 205 36 17,000,000.

336 1926 17 32 I
377 1925 133 37 Kungl.
545 1925 119 36 Maj:ts
687 1925 130 36 förslag
840 1925 56 31 till
921 1925 141 30 riksstat
1085 1924 54 30 för
1163 1923 202 36 budgetåret
1389 1921 187 42 1929/1930
1600 1925 61 27 äro
1685 1922 118 31 bevill-

292 1978 173 36 ningarna
496 1995 38 4 —
559 1978 97 30 utom
690 1977 313 36 postbevillningen
1027 1994 41 3 —
1091 1975 117 32 tillika
1242 1974 77 32 med
1354 1974 353 36 mantalspenningar
1740 1974 63 31 och

291 2030 283 37 prästerskapets
610 2029 56 32 till
697 2029 214 32 statsverket
933 2029 172 36 indragna
1130 2028 119 31 tionde
1273 2026 169 37 uppförda
1465 2026 108 31 under
1596 2026 208 31 rubrikerna

296 2082 60 31 »A.
380 2082 187 37 Egentliga
601 2082 286 31 statsinkomster.
933 2082 27 31 I.
980 2081 170 31 Skatter.»
1198 2079 119 33 Under
1340 2079 249 36 förutsättning
1613 2078 31 37 ej
1669 2078 136 32 mindre

292 2136 51 30 att
377 2134 186 37 riksdagen
597 2134 200 37 godkänner
820 2133 395 36 bevillningsutskottets
1239 2132 63 31 här
1325 2141 89 21 ovan
1437 2131 146 36 intagna
1605 2130 130 37 förslag
1758 2133 45 28 än

293 2189 88 29 även
405 2188 51 29 att
478 2186 343 37 mantalspenningar
844 2186 62 31 och
922 2185 265 37 prästerskapets
1203 2184 116 31 tionde
1334 2184 163 36 uppföras
1515 2183 78 31 med
1609 2193 45 21 av
1670 2183 134 36 Kungl.

294 2239 100 36 Maj:t
428 2239 196 36 föreslagna
654 2238 131 36 belopp,
809 2239 192 35 respektive
1026 2238 171 35 1,000,000
1221 2236 62 31 och
1307 2235 173 37 2,235,000
1505 2236 136 35 kronor,
1665 2235 139 31 komma

293 2291 296 31 inkomsttitlarna
612 2290 109 31 under
743 2291 152 31 nämnda
918 2290 122 31 rubrik
1067 2290 173 30 »Skatter»
1259 2289 13 30 i
1288 2288 65 31 den
1369 2298 44 21 av
1430 2287 184 36 riksdagen
1631 2286 175 32 beslutade

295 2343 182 31 riksstaten
500 2344 52 30 att
574 2343 164 36 uppföras
761 2343 75 31 med
860 2342 153 37 följande
1036 2342 136 36 belopp:
