1910 2826
72 2450 158 24 Statsverks-

45 2484 208 31 propositionen.

307 163 41 30 22
616 163 420 37 Bevillningsutskottets
1055 164 225 32 betänkande
1298 165 52 31 Nr
1374 166 51 30 32.

309 239 110 31 Dessa
448 238 148 32 tabeller
624 239 130 37 utvisa,
781 242 55 29 att
863 239 243 32 inkomsterna
1133 251 48 20 av
1207 241 103 30 såväl
1337 241 434 36 automobilgummiring-

268 281 98 32 skatt
388 292 74 22 som
484 282 222 32 bensinskatt
729 285 62 29 äro
812 283 178 32 alltsedan
1013 284 212 35 budgetåret
1247 283 173 36 1923/1924
1440 285 129 32 stadda
1592 285 12 31 i
1626 285 146 36 ständig

267 326 172 37 stegring,
464 327 128 31 medan
617 326 210 37 uppbörden
849 338 48 20 av
922 327 293 32 automobilskatt
1239 328 99 31 visar
1365 328 124 32 tecken
1514 328 58 31 till
1595 329 176 36 nedgång.

309 369 127 33 Därest
459 370 207 36 stegringen
689 371 12 30 i
725 370 232 37 årsbeloppen
980 382 46 20 av
1049 371 254 35 ifrågakomna
1326 372 114 31 medel
1464 372 141 36 fortgår
1627 373 57 30 till
1707 372 65 31 och

270 414 79 30 med
376 413 211 36 budgetåret
615 413 172 35 1929/1930
814 433 40 4 —
880 415 109 35 något
1016 424 76 21 som
1119 415 110 31 bland
1256 417 112 29 annat
1397 416 66 30 den
1491 416 281 35 stadigvarande

269 456 179 35 ökningen
478 456 13 30 i
518 456 455 36 automobilavsättningen
1002 457 101 35 giver
1131 457 199 36 anledning
1358 459 134 34 antaga
1520 477 40 4 —
1587 458 65 31 och
1682 460 90 33 steg-

269 497 128 37 ringen
425 499 57 31 för
506 499 171 31 vartdera
702 499 212 36 budgetåret
940 500 80 31 sker
1045 501 82 31 med
1151 500 217 32 åtminstone
1394 501 139 31 hälften
1559 511 47 21 av
1631 502 60 30 det
1718 501 54 31 be-

270 541 92 38 lopp,
385 552 75 21 som
482 544 107 34 utgör
610 542 203 32 medeltalet
835 553 47 21 av
904 543 253 35 stegringarna
1181 544 83 31 från
1287 545 40 30 år
1350 544 58 31 till
1430 545 41 30 år
1494 545 109 31 sedan
1625 544 148 36 budget-

269 586 79 31 året
372 584 181 38 1923/1924,
578 587 142 30 komma
745 586 295 37 bruttobeloppen
1064 596 48 21 av
1137 587 100 31 dessa
1263 587 114 31 medel
1401 589 54 29 att
1480 588 56 30 för
1560 588 212 35 budgetåret

269 627 173 35 1929/1930
461 630 12 30 i
491 629 118 30 runda
627 629 54 31 tal
698 632 122 33 uppgå
840 629 72 31 till:

264 675 500 45 automobilgummiringskatt
894 704 100 4 urna
1124 704 122 4 oreaeeasa
1372 681 49 30 5.9
1448 681 163 35 miljoner
1633 681 142 34 kronor;

265 723 215 31 bensinskatt
510 748 286 4 =::0..sscsrnsssusäreredsa
795 719 7 43 so
816 750 2 2 NV
924 750 4 2 r
948 750 24 2 ata
992 750 90 2 NEED
1075 719 30 43 Aer
1124 750 12 2 AMN
1156 750 110 2 dt
1350 724 69 30 19.1
1517 735 13 17 »
1692 735 13 17 »

307 809 294 38 Bruttobeloppet
626 811 55 31 för
706 820 137 22 samma
868 810 175 36 budgetår
1069 821 45 21 av
1136 811 296 32 automobilskatt
1458 811 99 32 torde
1581 812 80 31 med
1685 811 85 31 hän-

266 863 69 26 syn
356 855 57 31 till
435 853 294 32 hittillsvarande
749 853 168 37 nedgång
938 855 12 30 i
973 854 261 31 årsinkomsten
1257 865 45 20 av
1326 855 115 31 denna
1463 855 98 31 skatt
1583 855 77 31 icke
1683 854 87 32 böra

266 896 176 32 beräknas
470 898 109 34 högre
606 900 47 28 än
681 898 57 29 till
771 920 548 8 ..............s.ssestossoosreor
1351 898 55 30 0.04
1433 898 167 35 miljoner
1628 898 142 30 kronor.

307 939 308 32 Restitutionerna
656 950 45 20 av
743 940 223 31 bensinskatt
1004 941 65 30 och
1096 940 296 31 automobilskatt
1422 950 108 26 synas
1560 940 125 30 kunna
1715 940 55 30 för

267 983 258 31 meranämnda
548 982 176 35 budgetår
746 984 178 34 upptagas
947 982 57 31 till
1026 983 155 35 ungefär
1203 992 137 22 samma
1362 982 125 37 belopp
1509 993 75 21 som
1607 983 56 30 för
1685 982 85 31 bud-

269 1027 138 34 getåret
427 1025 181 37 1927/1928,
628 1026 86 31 eller
733 1026 57 31 till
808 1026 200 36 respektive
1027 1027 42 30 0.3
1087 1026 65 31 och
1170 1027 55 30 0.03
1243 1026 167 37 miljoner
1430 1026 140 31 kronor.
1611 1026 99 31 Från
1730 1026 41 32 de

267 1069 207 74 NE
499 1069 297 32 restitutionerna
818 1080 46 21 av
889 1068 518 37 automobilgummiringskatt
1433 1070 99 32 torde
1557 1070 66 31 här
1647 1070 124 30 kunna

293 1123 120 22 ortses.

310 1155 352 32 Nettoinkomsterna
705 1156 56 31 för
804 1155 212 36 budgetåret
1048 1155 172 35 1929/1930
1251 1166 47 21 av
1332 1155 440 35 automobilskattemedel,

266 1208 75 22 som
364 1199 180 35 uppbäras
572 1208 126 25 genom
722 1198 204 37 tullverket,
952 1200 98 30 torde
1075 1199 231 35 följaktligen
1332 1199 122 31 kunna
1478 1199 214 35 uppskattas
1715 1198 59 31 till

265 1242 242 36 sammanlagt
528 1242 63 30 24.7
611 1242 167 36 miljoner
800 1242 141 36 kronor,
963 1242 86 31 eller
1070 1242 181 31 avrundat
1278 1266 67 6 ....
1371 1242 38 30 25
1431 1241 167 36 miljoner
1619 1240 151 31 kronor.

307 1302 72 33 Vid
409 1302 233 32 bedömandet
671 1313 46 21 av
746 1302 457 32 automobilskattemedlen
1235 1303 56 30 för
1320 1303 104 30 nästa
1452 1301 177 37 budgetår
1659 1301 13 31 i
1701 1302 70 30 för-

266 1353 169 34 hållande
459 1354 59 32 till
543 1354 244 32 inkomsterna
811 1354 114 32 under
949 1354 213 36 budgetåret
1187 1354 173 34 1927/1928
1394 1354 63 31 bör
1483 1354 57 30 till
1566 1354 67 31 den
1658 1353 112 35 enligt

270 1406 245 36 förstintagna
542 1406 109 31 tabell
679 1406 160 35 angivna
866 1406 167 30 behållna
1063 1406 201 30 inkomsten
1292 1406 114 31 under
1436 1405 223 31 sistnämnda
1687 1404 86 31 bud-

269 1458 102 34 getår
399 1458 126 35 läggas
552 1459 52 30 ett
629 1456 126 37 belopp
784 1467 46 21 av
857 1457 158 36 1,886,040
1042 1457 141 36 kronor,
1215 1457 196 35 utgörande
1440 1457 66 31 den
1533 1456 240 35 avskrivning

269 1517 75 22 som
366 1508 180 35 betingats
567 1519 46 20 av
635 1508 211 31 tullverkets
868 1509 184 35 övergång
1073 1509 83 30 från
1175 1508 234 35 debiterings-
1432 1508 58 30 till
1510 1507 263 32 kassaredovis-

269 1560 98 34 ning.
385 1559 69 33 Det
471 1559 273 36 sammanlagda
762 1559 163 36 beloppet
944 1560 56 31 för
1018 1560 213 35 budgetåret
1250 1558 173 36 1927/1928
1440 1559 71 31 blir
1530 1559 45 31 då
1594 1559 179 36 33,768,842

269 1610 141 37 kronor,
431 1611 114 31 vilket
568 1611 150 31 innebär
741 1621 43 21 en
807 1611 222 36 årsstegring
1052 1621 47 21 av
1121 1611 208 36 uppbörden
1351 1611 79 31 med
1454 1611 158 36 9,266,460
1634 1610 142 36 kronor,

269 1672 115 21 varav
406 1662 89 31 dock
518 1662 165 36 omkring
707 1662 218 36 tredjedelen
951 1662 100 32 torde
1074 1662 152 31 härröra
1251 1662 84 31 från
1358 1661 110 36 höjda
1491 1662 243 31 skattesatser.

310 1713 195 32 Huruvida
553 1714 337 35 inkomstökningen
919 1715 21 29 å
970 1713 281 36 ifrågavarande
1281 1713 221 32 skattetitlar
1532 1713 158 31 kommer
1720 1715 53 30 att

271 1764 197 33 fortskrida
490 1766 12 30 i
523 1775 136 21 samma
682 1767 116 34 tempo
820 1774 75 23 som
916 1764 131 32 mellan
1068 1765 222 36 budgetåren
1312 1764 172 36 1926/1927
1505 1765 64 31 och
1592 1763 181 37 1927/1928,

270 1816 254 36 undandrager
582 1816 56 36 sig
672 1817 156 35 givetvis
851 1815 442 37 riksräkenskapsverkets
1317 1816 227 32 bedömande.
1591 1814 101 33 Även
1718 1826 57 21 om

269 1868 70 31 den
369 1879 47 20 av
448 1868 391 37 generaltullstyrelsen
870 1870 158 34 antagna
1061 1868 180 36 ökningen
1271 1879 47 20 av
1351 1869 41 31 de
1424 1878 125 26 genom
1580 1868 194 32 tullverket

270 1920 191 35 uppburna
487 1920 454 31 automobilskattemedlen
969 1930 105 26 synes
1100 1920 424 36 riksräkenskapsverket
1551 1920 125 31 alltför
1704 1920 70 30 för-

270 1969 122 38 siktig,
417 1981 105 21 anser
546 1970 57 36 sig
625 1970 91 32 dock
741 1969 260 33 ämbetsverket
1025 1971 63 32 vid
1111 1971 245 36 beräkningen
1379 1981 47 20 av
1450 1971 244 31 inkomsterna
1719 1971 56 31 för

270 2021 214 37 budgetåret
513 2021 173 36 1929/1930
716 2023 77 31 icke
823 2023 122 31 kunna
975 2022 109 36 lägga
1112 2023 59 31 det
1201 2024 139 30 senaste
1371 2022 317 36 ökningsbeloppet
1717 2022 57 31 till

271 2073 117 36 grund
414 2074 56 31 för
494 2075 78 30 sina
595 2074 175 36 kalkyler.
814 2075 56 30 En
894 2073 269 37 genomsnittlig
1189 2073 93 37 årlig
1307 2073 134 37 ökning
1466 2074 79 31 med
1570 2074 164 36 omkring
1759 2074 19 30 4

271 2124 167 37 miljoner
456 2125 131 31 kronor
606 2135 105 26 synes
729 2125 114 31 likväl
861 2125 79 31 med
958 2124 234 37 iakttagande
1210 2135 47 21 av
1276 2124 108 37 nödig
1404 2125 231 36 försiktighet
1654 2125 124 31 kunna

272 2175 184 33 beräknas.
499 2176 81 32 Med
607 2176 115 32 denna
747 2176 274 36 utgångspunkt
1045 2175 114 33 skulle
1182 2175 456 32 automobilskattemedlen
1661 2177 115 31 under

271 2226 212 37 budgetåret
511 2226 171 36 1929/1930
708 2229 121 35 uppgå
857 2228 57 30 till
940 2228 12 30 i
980 2227 187 36 avjämnat
1195 2227 50 31 tal
1272 2227 39 30 42
1337 2227 167 36 miljoner
1531 2228 140 31 kronor.

311 2280 439 36 Riksräkenskapsverket
770 2280 66 31 har
858 2279 223 32 fördenskull
1100 2298 40 4 —
1158 2298 40 4 —
1217 2298 40 3 —
1278 2279 148 36 uppfört
1446 2280 330 32 automobilskatte-

273 2332 139 31 medlen
434 2331 79 32 med
535 2334 179 34 42,000,000
735 2332 160 31 kronor.»

316 2441 77 31 Med
417 2440 179 32 enahanda
618 2441 132 36 belopp,
777 2440 193 36 42,000,000
987 2441 136 34 kronor,
1140 2441 39 29 är
1194 2439 253 31 inkomsttiteln
1464 2441 173 34 upptagen
1653 2439 12 30 i
1681 2439 98 30 stats-

273 2493 371 36 verkspropositionens
668 2493 127 36 förslag
818 2493 56 30 till
897 2492 151 31 riksstat.
