1890 2842
463 188 394 37 Bevillningsutskottets
882 187 218 31 betänkande
1124 188 49 31 Nr
1196 189 48 29 21.
1575 182 36 30 11

151 281 353 37 Utskänkningsskatt
532 284 163 34 upptages
721 280 54 31 för
802 280 243 38 spritdrycker,
1073 280 92 31 vilka
1192 280 201 35 utskänkas,
1420 280 64 30 och
1513 278 98 37 utgår

106 333 78 30 med
210 333 18 29 2
254 333 130 30 kronor
409 332 53 31 för
486 332 75 30 liter
585 332 161 36 egentligt
770 331 173 31 brännvin
966 332 65 31 och
1058 332 18 29 4
1103 331 129 30 kronor
1257 330 54 31 för
1335 330 75 31 liter
1435 339 42 20 av
1503 330 109 30 andra

107 383 247 37 spritdrycker;
382 386 98 27 renat
507 382 159 37 egentligt
693 382 173 31 brännvin
894 392 42 21 av
963 383 100 36 högst
1091 382 41 30 40
1159 384 144 34 procent
1330 380 215 31 alkoholhalt
1574 381 38 29 är

106 433 73 31 fritt
199 433 79 31 från
300 433 356 37 utskänkningsskatt.

154 535 264 36 Föredragande
448 534 381 38 departementschefen
858 535 65 29 har
952 534 51 30 till
1032 534 76 30 stöd
1137 533 56 30 för
1219 534 58 30 det
1304 533 80 30 med
1410 532 204 38 propositio-

108 595 67 20 nen
196 585 197 37 framlagda
412 585 165 36 förslaget
596 588 48 27 att
664 585 138 31 förläna
822 585 162 36 förlängd
1002 584 155 37 giltighet
1176 583 35 31 åt
1229 584 307 30 bestämmelserna
1556 593 58 20 an-

108 635 131 37 gående
262 635 267 38 ifrågavarande
550 637 91 29 skatt
663 636 117 30 anfört
803 636 166 37 följande.

156 698 12 15 »
175 687 311 31 Bestämmelserna
514 686 177 37 angående
720 686 242 37 omsättnings-
992 687 65 30 och
1087 686 349 35 utskänkningsskatt
1465 684 21 30 å
1516 685 98 36 sprit-

108 739 146 36 drycker
282 739 46 30 ha
356 739 115 36 plägat
500 747 41 21 av
570 738 183 36 riksdagen
785 741 142 33 antagas
957 737 144 30 allenast
1129 736 54 31 för
1212 739 46 28 ett
1287 736 38 31 år
1356 736 9 30 i
1394 736 125 31 sänder
1544 736 67 30 och

105 790 89 36 gälla
220 789 54 30 för
300 789 226 36 närvarande,
552 789 104 35 enligt
680 788 206 38 förordning
905 789 66 29 den
990 789 39 29 27
1056 797 92 21 mars
1174 788 83 30 1936
1287 786 52 39 (nr
1362 786 69 40 66),
1456 786 87 31 intill
1566 786 49 30 in-

107 840 197 31 nevarande
332 839 183 37 budgetårs
545 840 76 30 slut.
674 839 52 31 Då
754 838 13 31 i
795 838 449 37 statsverkspropositionen
1271 837 51 31 till
1356 837 88 31 årets
1473 837 140 36 riksdag

107 890 208 37 förutsättes,
341 893 48 28 att
413 890 265 37 ifrågavarande
705 890 92 31 skatt
824 890 89 30 skall
940 889 80 37 utgå
1045 889 104 37 enligt
1173 889 159 36 gällande
1356 888 258 31 bestämmelser

107 942 86 30 även
217 942 110 30 under
348 941 290 30 nästkommande
661 940 177 37 budgetår,
860 941 97 30 torde
980 950 48 21 nu
1051 939 34 32 åt
1108 939 305 31 bestämmelserna
1437 939 85 31 böra
1544 939 67 30 för-

107 993 96 30 länas
222 992 160 36 förlängd
399 992 155 37 giltighet
573 991 88 31 intill
678 991 173 37 utgången
872 1001 41 20 av
931 991 75 37 juni
1024 990 127 31 månad
1174 991 94 30 1938.
1310 990 14 30 I
1343 990 56 30 det
1417 990 80 30 med
1515 992 97 28 stats-

108 1042 363 37 verkspropositionen
496 1042 52 30 till
575 1042 185 37 riksdagen
786 1041 194 37 framlagda
1010 1041 162 37 förslaget
1199 1041 52 30 till
1280 1040 140 31 riksstat
1448 1040 53 31 för
1527 1040 86 30 bud-

107 1092 128 38 getåret
267 1087 183 43 1937/1938
479 1093 65 30 har
572 1093 253 31 inkomsttiteln
854 1092 240 36 omsättnings-
1123 1093 65 29 och
1218 1091 348 36 utskänkningsskatt
1595 1090 20 30 å

109 1144 235 36 spritdrycker
369 1143 160 37 uppförts
556 1144 80 29 med
661 1144 40 29 92
726 1143 162 37 miljoner
914 1144 149 29 kronor.;

154 1245 49 29 De
228 1245 11 29 i
263 1245 258 36 propositionen
548 1244 197 36 föreslagna
771 1244 235 36 ändringarna
1030 1244 11 29 i
1065 1243 250 37 förordningen
1340 1242 177 37 angående
1545 1252 70 21 om-

110 1295 182 36 sättnings-
318 1296 65 30 och
408 1295 348 36 utskänkningsskatt
782 1294 20 31 å
830 1295 233 37 spritdrycker
1089 1295 277 35 sammanhänga
1391 1293 224 31 huvudsakli-

110 1354 63 28 gen
194 1347 80 29 med
296 1347 66 30 den
383 1346 10 30 i
415 1347 183 30 utskottets
619 1346 115 30 denna
755 1346 68 36 dag
847 1346 146 36 avgivna
1015 1346 219 29 betänkande
1256 1355 41 20 nr
1321 1346 40 29 20
1383 1344 233 31 omförmälda

110 1397 154 30 ändrade
288 1397 161 36 ställning
473 1397 11 29 i
508 1397 425 37 räkenskapshänseende,
960 1406 75 21 som
1056 1396 320 36 kontrollstyrelsen
1400 1405 96 21 avses
1518 1395 99 30 skola

111 1447 131 31 erhålla
261 1446 81 32 från
361 1448 64 30 och
443 1448 80 29 med
542 1448 66 30 den
630 1448 14 29 1
666 1447 63 37 juli
752 1448 93 30 1937.
890 1448 14 29 I
923 1447 170 30 samband
1113 1447 144 30 därmed
1274 1447 64 29 har
1358 1446 11 29 i
1386 1447 20 29 3
1427 1446 17 37 $
1466 1455 42 20 av
1528 1455 87 21 sam-

110 1508 58 21 ma
190 1498 205 36 förordning
419 1498 193 36 föreslagits
635 1498 89 30 vissa
747 1497 224 37 jämkningar
993 1507 41 20 av
1056 1497 229 30 redaktionell
1306 1499 112 28 natur.

155 1600 172 30 Utskottet
347 1599 64 30 har
433 1599 75 30 icke
529 1598 117 31 funnit
667 1598 187 37 anledning
876 1598 51 30 till
949 1598 138 31 erinran
1107 1601 73 27 mot
1202 1598 122 35 Kungl.
1348 1597 118 36 Maj:ts
1488 1597 129 35 förslag

111 1651 65 30 och
199 1649 55 32 får
279 1650 119 31 därför
420 1650 195 35 hemställa,

464 1745 50 27 att
537 1742 183 36 riksdagen
744 1741 116 37 måtte,
887 1743 80 29 med
991 1741 100 31 bifall
1115 1741 50 31 till
1190 1741 122 36 Kungl.
1340 1741 119 36 Maj:ts
1483 1741 133 30 föreva-

420 1793 108 30 rande
553 1793 215 37 proposition
794 1803 41 20 nr
865 1793 71 35 176,
964 1796 125 32 antaga
1116 1793 57 29 det
1200 1792 57 30 vid
1282 1792 259 37 propositionen
1566 1791 50 30 fo-

420 1844 86 36 gade
532 1843 130 36 förslag
685 1844 50 30 till
761 1843 205 37 förordning
992 1853 57 20 om
1076 1843 138 30 fortsatt
1238 1842 219 37 tillämpning
1481 1851 42 21 av
1548 1842 68 30 för-

421 1894 192 36 ordningen
637 1894 65 30 den
726 1895 20 29 8
769 1894 75 37 juni
873 1895 83 29 1923
988 1893 53 39 (nr
1068 1893 72 39 155)
1171 1892 178 37 angående
1376 1893 240 35 omsättnings-

421 1945 65 30 och
508 1945 349 35 utskänkningsskatt
880 1943 20 30 å
922 1944 241 36 spritdrycker.

157 2046 201 31 Stockholm
381 2046 66 29 den
469 2046 19 29 8
509 2045 88 36 april
620 2045 93 31 1937.

548 2145 47 30 På
619 2145 389 36 bevillningsutskottets
1034 2146 141 35 vägnar:

676 2246 103 30 IVAR
804 2245 251 31 ANDERSON.

144 2444 196 25 Närvarande:
362 2452 28 16 se
412 2444 87 24 under
524 2444 191 24 betänkandet
737 2451 33 17 nr
795 2444 38 23 19.

1656 1609 128 25 Utskottet.
