2174 2622
679 215 111 30 Andra
814 214 211 43 lagutskottets
1049 216 162 31 utlåtande
1234 216 53 31 Nr
1308 218 50 30 36.
1751 221 40 30 33

349 297 139 41 (Kungl.
513 298 121 41 Maj:ts
655 298 154 43 förslag.)
1261 301 196 41 (Utskottets
1479 302 155 42 förslag.)

192 543 75 47 4:0)
946 545 126 51 Lag

271 647 57 25 om
357 639 139 33 ändrad
520 640 140 40 lydelse
684 650 41 23 av
747 640 41 33 39
808 638 22 42 $
852 641 12 32 i
888 642 106 40 lagen
1019 642 69 33 den
1113 642 39 33 12
1175 641 73 44 maj
1274 643 80 34 1917
1378 653 58 24 om
1461 645 288 42 expropriation.

233 750 202 42 Härigenom
468 750 181 39 förordnas,
684 754 49 29 att
766 753 38 31 39
828 750 19 39 $
870 755 11 29 i
904 753 99 42 lagen
1037 754 63 31 den
1135 756 38 30 12
1196 754 67 43 maj
1289 756 79 32 1917
1403 767 51 20 om
1478 758 245 41 expropriation
1747 757 87 33 skall

190 792 126 32 erhålla
337 791 150 44 följande
509 793 145 32 ändrade
675 794 140 43 lydelse:

232 834 53 32 Då
307 834 162 43 fastighet
491 838 232 40 exproprieras,
747 837 179 42 uppskatte
949 839 167 31 nämnden
1140 839 28 42 ej
1194 839 128 33 mindre
1337 840 222 42 fastighetens
1574 842 100 32 värde
1690 848 42 26 än
1748 847 83 28 även

189 876 116 32 värdet
332 888 41 20 av
400 877 46 32 all
469 847 143 63 särskild
634 880 76 37 rätt,
735 890 68 21 som
826 881 11 29 i
861 880 162 32 avseende
1047 881 19 31 å
1088 881 203 42 fastigheten
1314 882 202 32 tillkommer
1539 883 158 42 sakägare
1719 884 59 32 och
1802 884 28 43 ej

186 918 137 42 jämlikt
345 919 175 33 utfästelse
543 931 42 21 av
608 920 63 32 den
695 922 273 42 exproprierande
990 923 130 32 lämnas
1143 923 156 33 orubbad.
1346 924 128 32 Medför
1496 926 144 32 särskild
1662 929 75 35 rätt,
1762 938 69 21 som

189 961 202 32 tillkommer
424 961 169 42 sakägare,
628 963 248 43 förminskning
909 975 42 21 av
982 965 220 42 fastighetens
1235 966 110 38 värde,
1374 967 86 32 skall
1483 968 284 43 uppskattningen
1790 980 42 21 av

188 1003 203 42 fastigheten
414 1014 78 22 avse
516 1004 55 32 det
603 1005 100 32 värde
726 1005 107 33 denna
855 1007 74 32 med
953 1007 79 32 därå
1054 1008 134 32 vilande
1210 1008 119 32 besvär
1351 1014 85 37 äger.
1481 1008 51 33 År
1564 1010 170 43 fastighet,
1768 1012 62 31 vil-

188 1045 64 32 ken
276 1056 114 21 svarar
411 1046 52 32 för
484 1046 143 40 fordran,
652 1059 68 21 som
743 1048 87 32 skall
851 1050 83 41 utgå
956 1061 40 20 ur
1018 1052 238 41 ersättningen,
1276 1051 113 32 tillika
1405 1052 161 32 besvärad
1582 1064 41 21 av
1639 1064 110 21 annan
1765 1059 65 26 sär-

189 1087 88 32 skild
309 1091 76 35 rätt,
414 1100 68 20 som
505 1089 200 33 förminskar
728 1090 219 42 fastighetens
970 1092 101 32 värde
1093 1092 59 32 och
1176 1093 147 43 åtnjuter
1346 1099 105 27 sämre
1473 1097 68 29 rätt
1563 1100 42 27 än
1628 1095 202 42 fordringen,

189 1130 178 42 upnskatte
389 1131 168 32 nämnden
577 1131 128 42 jämväl
727 1133 56 32 det
803 1134 102 31 värde
925 1134 203 42 fastigheten
1149 1138 83 29 utan
1252 1136 121 32 sådant
1392 1136 118 32 besvär
1530 1137 108 32 skulle
1657 1143 71 36 äga.

229 1172 244 43 Ersättningen
507 1174 87 32 skall
616 1175 197 31 bestämmas
837 1176 137 31 särskilt
996 1177 50 31 för
1068 1176 92 43 varje
1184 1178 167 42 sakägare.
1397 1178 226 43 Löseskilling
1645 1181 51 31 för
1718 1191 111 32 expro-

187 1214 131 42 prierad
340 1215 171 42 fastighet,
536 1218 185 40 ersättning
742 1217 51 32 för
815 1218 105 31 skada
942 1219 80 32 eller
1046 1220 137 41 intrång
1205 1221 19 30 å
1246 1220 161 42 fastighet
1430 1220 59 32 och
1513 1232 109 21 annan
1643 1225 188 40 ersättning

188 1256 53 31 till
263 1262 121 36 ägaren
407 1257 101 32 varde
530 1258 60 32 ock
613 1258 170 33 bestämda
804 1271 60 20 var
886 1261 51 30 för
959 1263 60 39 sig.

229 1297 65 33 Att
315 1299 58 31 vid
397 1302 244 40 expropriation
666 1300 28 32 ej
719 1302 54 31 må
788 1302 167 32 meddelas

187 1340 239 40 bestämmelse,
450 1352 69 21 som
543 1342 197 33 inskränker
756 1343 61 32 den
837 1344 116 42 fastig-

186 1383 175 42 hetsägare
384 1384 109 41 enligt
516 1386 16 29 7
557 1384 73 43 kap.
655 1386 215 42 vattenlagen
886 1387 67 31 till-

1101 1303 64 32 Att
1187 1304 58 31 vid
1269 1306 247 41 expropriation
1540 1305 28 74 Kl
1593 1307 54 30 må
1662 1306 167 32 meddelas

1059 1346 239 32 bestämmelse,
1324 1357 69 21 som
1417 1347 196 33 inskränker
1633 1348 63 32 den
1712 1348 115 74 fastie-

1058 1388 175 42 hetsägare
1256 1389 107 41 enligt
1386 1391 17 29 7
1427 1389 74 42 kap.
1526 1390 213 32 vattenlagen
1760 1391 67 31 till-

187 1425 195 32 kommande
415 1429 68 29 rätt
520 1429 49 29 att
592 1429 49 29 för
664 1430 52 29 sin
740 1430 110 30 marks
873 1431 80 29 torr-

186 1467 163 42 läggning
364 1468 127 32 erhålla
507 1470 236 42 vattenavlopp
759 1482 118 30 genom
890 1477 66 36 väg

186 1509 80 32 eller
295 1509 153 43 järnväg,
481 1511 111 32 därom
616 1512 134 42 stadgas
774 1514 9 30 i
807 1514 147 31 nämnda

185 1552 65 42 lag.

227 1610 120 32 Denna
379 1612 58 42 lag
470 1612 87 32 skall
584 1613 94 32 träda
702 1616 9 28 i
735 1614 90 32 kraft
847 1615 63 32 den
936 1617 15 29 1

181 1652 137 42 januari
342 1654 90 31 1921.

1058 1430 196 32 kommande
1287 1433 68 29 rätt
1387 1434 50 28 att
1463 1433 50 30 för
1536 1434 52 30 sin
1612 1444 110 20 marks
1744 1435 81 30 torr-

1059 1473 163 41 läggning
1232 1472 126 32 erhålla
1370 1474 238 44 vattenavlopp
1620 1486 118 31 genom
1751 1480 73 38 väg,

1053 1514 146 43 järnväg
1236 1515 77 32 eller
1340 1517 155 41 spårväg,
1521 1516 111 33 därom
1656 1517 135 42 stadgas
1814 1520 11 28 i

1057 1557 146 32 nämnda
1224 1557 64 42 lag.

1099 1616 120 31 Denna
1252 1617 57 41 lag
1342 1617 87 31 skall
1456 1617 95 32 träda
1574 1619 10 30 i
1608 1618 89 32 kraft
1720 1619 62 32 den
1808 1621 11 29 1

1055 1657 133 42 januari
1214 1659 88 30 1921.

721 1747 42 42 B)
807 1754 53 30 att
893 1750 68 34 den
992 1751 8 33 i
1031 1750 201 47 anledning
1259 1764 42 21 av
1332 1750 235 37 förevarande
1596 1755 226 45 proposition

586 1799 129 34 väckta
756 1801 190 34 motionen

1072 1802 72 33 450
1177 1802 12 33 i
1222 1800 113 36 andra
1363 1802 209 36 kammaren
1603 1804 80 34 icke
1712 1807 112 32 måtte

587 1849 56 34 till
672 1852 120 44 någon
821 1850 214 48 riksdagens
1063 1851 127 48 åtgärd
1219 1851 201 37 föranleda.

318 1949 216 36 Stockholm
563 1950 69 35 den
664 1952 43 33 17
738 1951 70 46 maj
842 1953 105 34 1920.

674 2060 50 35 På
752 2061 113 35 andra
892 2062 260 45 lagutskottets
1181 2069 154 39 vägnar:

735 2154 136 34 AXEL
899 2154 100 34 VON
1029 2154 263 36 SNEIDERN.
