1888 2852
516 182 411 31 Konstitutionsutskottets
948 185 163 30 utlåtande
1134 186 48 28 Nr
1203 191 49 26 26.

306 269 203 35 Nuvarande
535 271 142 38 lydelse:

443 690 18 40 $
484 693 52 32 54.

171 748 203 40 Konungens
396 749 180 34 skrivelser
595 770 44 4 —
656 769 46 4 —
720 769 44 4 —
785 751 73 33 dess

125 800 168 38 yttrande.

171 849 293 40 Propositionerna
511 851 80 33 böra
622 851 59 33 vid
714 851 141 39 lagtima

125 900 140 39 riksdag
300 901 171 33 avlämnas
497 902 87 32 inom
609 902 118 39 sjuttio
752 902 106 39 dagar

125 952 77 32 från
243 952 73 33 dess
356 953 183 38 öppnande,
569 953 60 33 och
657 953 55 32 må
740 964 117 28 propo-

124 1003 99 33 sition
258 1003 30 38 ej
325 1015 113 21 senare
475 1003 141 39 avlåtas,
641 1007 82 29 utan
748 1004 38 32 så
809 1008 47 33 är,

124 1056 51 30 att
216 1053 188 39 Konungen
447 1054 111 32 finner
601 1054 109 38 någon
752 1054 106 32 under

125 1103 180 39 riksdagen
344 1104 171 33 inträffad
555 1104 156 33 händelse
742 1103 115 34 därtill

126 1154 174 33 föranleda
330 1154 81 33 eller
442 1159 124 34 prövar
596 1155 155 39 uppskov
783 1154 74 33 med

125 1205 293 39 framställningen
448 1205 101 33 lända
577 1205 88 33 riket
691 1205 56 33 till
774 1217 83 20 men.

444 1280 18 39 8
484 1283 53 31 55.

169 1339 126 33 Motion
318 1341 12 31 i
351 1342 105 37 ämne,
479 1351 70 22 som
573 1339 115 33 tillhör
708 1339 150 40 ständigt

124 1391 148 32 utskotts
301 1390 210 39 behandling,
539 1391 54 32 må
619 1403 43 20 av
689 1390 169 38 riksdags-

124 1453 76 20 man
219 1441 13 31 i
250 1441 60 32 den
329 1440 180 39 kammare,
529 1440 65 33 han
614 1440 125 39 tillhör,
759 1445 98 37 göras

124 1491 87 32 inom
238 1493 45 30 tio
307 1490 105 38 dagar
434 1490 77 32 från
536 1490 156 38 riksdags
716 1495 144 33 öppnan-

126 1542 48 38 de,
200 1542 83 32 dock
309 1545 50 29 att
383 1544 125 30 motion
533 1544 12 30 i
571 1540 287 40 grundlagsfråga

125 1594 54 31 må
217 1593 126 32 väckas
383 1594 90 30 inom
505 1592 108 39 fyrtio
643 1592 107 38 dagar
781 1592 77 39 från

124 1643 190 39 öppnandet
337 1643 60 32 och
419 1642 134 39 motion,
578 1655 69 21 som
671 1641 187 33 föranledes

124 1706 42 20 av
211 1693 117 38 kungl.
373 1693 216 39 proposition,
634 1692 113 32 vilken
771 1692 86 33 efter

125 1744 191 38 öppnandet
338 1743 55 32 till
417 1743 180 39 riksdagen
621 1743 150 38 avlåtits,
797 1742 61 33 sist

124 1794 57 32 vid
199 1794 55 33 det
270 1794 255 38 sammanträde,
545 1806 68 21 som
629 1793 138 32 infaller
784 1795 75 30 näst

123 1845 88 33 efter
230 1845 46 32 tio
296 1844 104 39 dagar
420 1844 77 32 från
518 1844 263 39 propositionens
802 1855 54 21 av-

1591 188 40 31 75

1083 273 190 34 Utskottets
1300 275 146 39 förslag:

900 365 166 40 därjämte
1108 366 55 32 må
1207 378 41 21 av
1280 367 190 33 talmannen
1503 368 127 34 erhålla

898 416 144 39 varning
1070 416 81 33 eller
1177 421 51 29 att
1256 417 100 34 saken
1385 418 60 33 bör
1472 419 53 32 till
1553 419 77 39 laga

899 466 159 34 domstols
1080 467 203 40 behandling
1304 469 218 40 överlämnas,
1543 470 89 32 skall

900 517 107 33 beslut
1027 517 139 34 däröver
1184 531 41 21 av
1247 519 190 34 kammaren
1457 521 59 32 vid
1533 523 97 35 nästa

898 569 248 33 sammanträde
1186 573 81 30 utan
1310 571 202 39 föregående
1541 574 89 30 över-

898 619 164 39 läggning
1081 620 118 38 fattas.

1217 688 19 40 8
1258 689 51 32 54.

944 744 204 40 Konungens
1170 746 178 34 skrivelser
1366 767 45 4 —
1428 767 46 4 —
1492 768 45 3 —
1557 748 73 33 dess

899 795 168 39 yttrande.

944 844 294 41 Propositionerna
1279 848 80 33 böra
1401 849 57 33 vid
1490 850 141 39 lagtima

900 897 140 39 riksdag
1069 897 172 34 avlämnas
1272 899 86 33 inom
1389 902 107 31 sextio
1527 901 104 38 dagar

899 948 79 32 från
1016 948 72 33 dess
1126 949 183 39 öppnande,
1348 950 60 33 och
1434 951 55 32 må
1514 963 116 27 propo-

899 998 100 33 sition
1033 999 30 38 ej
1097 1011 114 22 senare
1245 1000 139 40 avlåtas,
1417 1005 84 29 utan
1523 1003 37 31 så
1583 1006 47 34 är,

899 1052 51 30 att
1002 1049 187 39 Konungen
1230 1050 110 33 finner
1377 1052 110 38 någon
1528 1052 103 32 under

898 1099 179 40 riksdagen
1126 1101 169 33 inträffad
1320 1102 157 33 händelse
1517 1102 114 33 därtill

899 1150 175 33 föranleda
1111 1151 82 33 eller
1229 1157 122 33 prövar
1375 1153 157 39 uppskov
1557 1153 74 32 med

893 1201 294 39 framställningen
1216 1202 101 33 lända
1344 1202 88 34 riket
1459 1203 55 33 till
1541 1216 83 21 men.

1216 1277 19 40 8
1256 1279 52 32 55.

943 1336 128 33 Motion
1101 1337 54 32 må
1185 1350 43 20 av
1260 1337 233 40 riksdagsman
1526 1339 12 32 i
1569 1339 61 32 den

898 1387 180 39 kammare,
1097 1388 67 32 han
1182 1388 123 39 tillhör,
1324 1393 99 34 göras
1441 1389 89 32 inom
1549 1390 80 38 fem-

899 1441 57 29 ton
999 1438 105 38 dagar
1146 1438 78 32 från
1256 1438 156 39 riksdags
1445 1439 185 39 öppnande.

898 1488 95 32 Dock
1023 1489 54 31 må
1106 1489 134 38 motion,
1272 1501 68 20 som
1371 1489 189 33 föranledes
1590 1501 42 21 av

898 1538 117 38 kungl.
1045 1539 217 38 proposition,
1292 1539 112 33 vilken
1435 1540 87 32 efter
1552 1544 78 34 öpp-

898 1589 124 33 nandet
1047 1589 53 33 till
1127 1589 177 39 riksdagen
1331 1590 149 38 avlåtits,
1508 1591 123 31 väckas

898 1640 63 33 sist
979 1639 57 33 vid
1056 1640 54 32 det
1129 1640 254 39 sammanträde,
1405 1652 69 22 som
1494 1640 138 33 infaller

897 1693 77 29 näst
993 1690 86 33 efter
1098 1690 46 33 tio
1159 1690 105 39 dagar
1275 1691 76 32 från
1364 1691 265 39 propositionens

896 1741 220 33 avlämnande
1134 1741 13 32 i
1164 1741 180 32 kammare.
1384 1741 18 32 I
1423 1741 205 33 sistnämnda

899 1791 64 33 fall
1000 1796 61 34 äge
1096 1791 108 33 likväl
1226 1791 179 39 kammare,
1432 1791 113 33 därest
1569 1791 61 33 den

898 1842 73 32 med
997 1842 131 38 hänsyn
1155 1842 54 33 till
1235 1842 184 33 infallande
1447 1842 78 39 helg
1550 1842 81 32 eller

160 1920 74 24 Anm.
254 1921 41 23 till
314 1918 13 31 8
345 1917 40 26 55.
422 1919 51 24 Vid
496 1917 65 25 1930
587 1919 41 23 års
653 1918 103 30 riksdag
782 1918 137 24 harsåsom
946 1917 102 24 vilande
1074 1917 39 24 för
1139 1917 85 24 vidare
1251 1917 205 30 grundlagsenlig
1479 1917 154 31 behandling

119 1954 113 30 antagits
250 1953 112 31 följande
379 1953 96 29 förslag
493 1953 41 23 till
552 1952 95 24 ändrad
663 1952 97 31 lydelse
778 1959 33 16 av
829 1949 14 31 $
861 1949 33 26 55
911 1950 264 30 riksdagsordningen,
1194 1951 88 29 vilket,
1296 1951 83 24 därest
1392 1951 172 24 ovanstående
1582 1951 50 24 för-

119 1989 56 28 slag
194 1988 107 29 antages
322 1987 83 23 såsom
425 1986 111 29 vilande,
555 1987 112 23 kommer
685 1986 41 23 att
746 1985 70 24 bliva
833 1985 139 24 alternativ
991 1985 40 23 till
1049 1984 84 24 detta:

843 2042 13 31 8
875 2041 41 27 55.

161 2096 98 25 Motion
276 2097 8 23 i
304 2098 79 26 ämne,
402 2103 54 17 som
478 2095 88 25 tillhör
587 2095 116 29 ständigt
720 2095 114 23 utskotts
852 2094 163 30 behandling,
1032 2094 41 24 må
1091 2102 31 16 av
1140 2094 176 30 riksdagsman
1333 2094 9 24 i
1360 2094 48 24 den
1427 2095 136 29 kammare,
1581 2094 50 24 han

119 2130 96 29 tillhör,
234 2132 72 28 göras
333 2131 67 23 inom
426 2130 38 23 tio
491 2129 77 30 dagar
593 2129 57 24 från
677 2128 115 30 riksdags
810 2128 142 31 öppnande,
971 2128 64 24 dock
1053 2129 41 23 att
1112 2128 95 24 motion
1225 2129 8 22 i
1251 2128 210 30 grundlagsfråga
1479 2128 42 24 må
1537 2129 95 23 väckas

118 2164 68 24 inom
205 2164 79 31 fyrtio
303 2164 76 29 dagar
395 2163 57 24 från
470 2163 146 31 öppnandet
633 2162 47 24 och
699 2161 105 30 motion,
823 2170 52 16 som
894 2162 143 24 föranledes
1055 2169 32 16 av
1105 2163 86 29 kungl.
1211 2162 165 31 proposition,
1395 2163 86 23 vilken
1495 2162 65 24 efter
1571 2164 61 29 öpp-

119 2197 94 24 nandet
230 2198 42 23 till
289 2197 134 30 riksdagen
442 2197 115 28 avlåtits,
576 2197 48 23 sist
640 2195 44 24 vid
703 2195 42 24 det
763 2195 195 29 sammanträde,
977 2203 52 16 som
1048 2196 101 23 infaller
1167 2199 58 21 näst
1242 2196 65 24 efter
1323 2196 37 23 tio
1379 2196 78 29 dagar
1473 2195 56 24 från
1542 2203 90 23 propo-

118 2231 123 24 gitionens
260 2230 167 25 avlämnande
445 2231 9 23 i
472 2232 136 22 kammare.
643 2229 13 24 I
674 2228 159 25 sistnämnda
850 2229 46 24 fall
915 2231 46 28 äge
979 2230 80 23 likväl
1078 2230 135 28 kammare,
1232 2229 84 24 därest
1334 2229 47 24 den
1399 2229 56 24 med
1473 2229 100 30 hänsyn
1592 2229 41 23 till

118 2264 139 24 infallande
283 2265 59 29 helg
367 2265 61 23 eller
454 2264 117 24 ärendets
597 2263 148 31 synnerliga
771 2263 154 29 omfattning
948 2262 80 24 finner
1045 2263 92 23 sådant
1154 2263 96 30 nödigt,
1268 2262 116 30 medgiva
1402 2263 180 29 utsträckning
1599 2270 33 16 av

120 2297 188 30 motionstiden,
335 2298 64 23 dock
425 2298 87 29 längst
529 2298 42 23 till
588 2297 43 24 det
649 2296 196 29 sammanträde,
863 2304 55 16 som
937 2296 103 24 infaller
1057 2297 59 23 näst
1134 2296 66 24 efter
1217 2297 75 31 tjugu
1309 2296 78 30 dagar
1405 2296 57 24 från
1481 2296 151 31 propositio-

118 2338 63 17 nens
207 2331 174 29 avlämnande,
408 2330 48 24 och
482 2330 41 24 må
548 2330 73 30 fråga
642 2330 88 23 härom
749 2329 22 31 ej
791 2332 93 22 väckas
902 2337 89 16 senare
1009 2332 32 21 än
1059 2330 43 23 vid
1120 2327 94 27 andra
1231 2329 199 24 sammanträdet
1448 2329 66 24 efter
1531 2330 50 30 det,
1601 2330 32 23 då

119 2364 189 32 propositionen
329 2365 91 23 avläts.

161 2398 98 24 Motion
278 2398 7 23 i
310 2409 29 4 —
376 2409 31 4 —
444 2409 30 4 —
511 2409 31 4 —
578 2409 30 4 —
645 2410 33 4 —
849 2410 29 3 —
916 2408 30 4 >
983 2408 32 4 =
1050 2408 32 4 >
1117 2408 32 4 >
1184 2407 33 4 —
1252 2408 32 4 —
1318 2408 32 4 —
1387 2407 32 5 —
1471 2396 42 23 må
1529 2397 102 23 väckas.

161 2432 12 23 I
192 2432 93 29 frågor,
306 2442 32 5 —
373 2443 33 4 —
441 2443 32 4 —
509 2443 33 4 —
575 2442 33 4 —
644 2442 32 4 —
779 2443 32 4 —
846 2443 32 3 —
914 2442 32 4 —
982 2442 31 3 —
1116 2441 167 4 SS
1384 2441 33 4 —
1469 2432 29 21 är
1527 2429 104 24 samlad.

161 2466 96 24 Mtion
289 2465 43 24 bör
371 2476 33 4 —
439 2476 33 4 —
507 2476 32 5 —
574 2476 33 4 =
642 2476 32 3 Os
710 2477 32 4 —
778 2476 31 4 s
845 2476 31 4 >
914 2476 29 4 —
981 2475 30 4 >
1050 2475 29 4 =
1113 2475 33 4 —
1192 2475 22 4 —-
1248 2474 33 5 —
1383 2475 31 4 —
1442 2463 190 24 sammanföras.

574 2510 32 4 —
642 2510 31 4 —
843 2510 33 4 —
911 2510 31 3 —
1316 2508 29 5 —
1398 2498 91 29 genast
1517 2498 113 29 avgöras.

161 2499 156 30 Konungens
343 2498 196 32 propositioner,
