1888 2848
278 127 41 31 68

465 215 205 32 Nuvarande
694 214 142 38 lydelse:

282 310 169 39 angående
472 309 217 34 statsverkets
709 308 155 34 tillstånd
884 308 59 32 och
961 308 52 32 be-

282 361 75 38 hov,
383 360 229 32 innefattande
639 365 81 27 även
746 359 131 39 förslag
904 364 109 27 röran-

283 411 39 32 de
346 414 101 29 sättet
468 415 49 28 att
540 422 116 27 genom
678 410 226 38 bevillningar
926 409 87 39 fylla

282 462 67 32 vad
373 464 105 30 staten
501 464 118 29 utöver
641 461 37 32 de
700 460 167 33 ordinarie
889 460 123 32 inkom-

285 515 114 30 sterna
428 511 185 39 erfordrar;
646 523 72 20 men
751 522 52 21 om
837 510 176 38 riksdagen

281 563 127 32 urtima
427 567 44 33 är,
490 561 167 39 kungöres
678 562 52 31 för
749 561 192 32 densamma
958 572 55 20 an-

283 613 177 38 ledningen
500 612 55 32 till
599 612 73 33 dess
707 610 307 34 sammankallande

283 664 61 32 och
361 663 170 33 avlämnas
550 663 39 32 de
607 662 128 38 förslag
753 662 61 33 och
832 661 181 32 framställ-

282 715 132 38 ningar,
439 713 92 33 vilka
557 712 96 34 skola
677 713 90 32 bliva
794 712 141 32 föremål
960 711 54 32 för

281 765 196 33 kamrarnas
503 763 297 39 överläggningar;
827 762 186 38 Konungen

283 815 86 32 dock
386 815 155 37 obetaget
559 817 52 30 att
630 814 185 33 sedermera
834 817 82 28 även
936 812 77 32 and-

283 878 39 20 ra
348 865 128 38 förslag
503 864 203 33 framställa.

327 915 54 33 Då
397 915 196 38 Konungen,
608 933 46 4 —
666 934 45 3 —
724 933 45 3 —
783 913 229 38 undersåtliga

282 966 159 33 vördnad.

601 1065 21 39 $
640 1067 53 31 36.

326 1133 74 33 Vill
424 1133 197 38 Konungen,
645 1133 73 32 med
741 1131 207 40 upplösande
972 1142 41 21 av

283 1184 148 38 riksdag,
459 1184 158 32 förordna
645 1195 50 21 om
723 1195 69 26 nya
818 1183 57 32 val
901 1182 12 31 i
939 1181 76 32 hela

283 1235 89 32 riket
391 1235 53 32 till
463 1234 88 33 båda
570 1234 180 32 kamrarna
768 1233 84 33 eller
873 1232 59 32 den
953 1242 60 22 ena

282 1298 43 20 av
352 1285 81 38 dem,
460 1285 88 32 skall
573 1284 206 39 Konungens
808 1283 106 32 beslut
940 1281 73 33 där-

283 1348 64 26 om,
366 1336 98 33 sedan
482 1335 77 32 Han
577 1335 78 32 låtit
671 1334 52 33 till
742 1333 165 33 rikssalen
924 1332 92 32 kalla

285 1386 187 39 riksdagen,
504 1386 190 32 densamma
725 1384 174 33 därstädes
929 1383 85 32 med-

284 1438 103 32 delas.

326 1838 54 32 Då
408 1837 137 38 riksdag
574 1836 88 33 skall
689 1836 163 38 avslutas,
881 1835 130 32 infinna

281 1889 64 38 sig,
373 1889 43 39 på
443 1888 205 37 Konungens
672 1886 141 33 kallelse
841 1886 60 32 och
927 1885 85 32 efter

281 1939 168 32 förrättad
478 1938 205 39 gudstjänst,
713 1937 299 38 riksdagsmännen

280 1990 44 39 på
349 1989 161 33 rikssalen
535 1988 61 33 och
620 1988 167 32 framföra
809 1998 116 27 genom
949 1986 62 32 tal-

279 2045 141 27 männen
443 2040 72 33 sina
536 2038 273 38 välönskningar.
853 2037 158 38 Därefter

279 2090 158 39 uppläses
490 2089 312 39 riksdagsbeslutet,
859 2088 152 38 varuppå

279 2141 198 38 Konungen,
512 2140 88 39 själv
624 2139 79 33 eller
726 2150 117 28 genom
867 2139 143 31 stalsmi-

278 2195 128 30 nistern
444 2191 79 33 eller
551 2201 110 22 annan
689 2188 321 39 statsrådsledamot,

279 2242 170 33 förklarar
472 2241 180 38 riksdagen
675 2252 82 21 vara
780 2238 165 33 avslutad.

669 127 413 29 Konstitutionsutskottets
1103 126 163 30 utlåtande
1290 127 49 29 Nr
1362 131 48 27 26.

1243 213 190 34 Utskottets
1456 214 146 39 förslag:

1056 309 54 29 ten
1143 309 115 29 utöver
1291 306 40 32 de
1363 306 165 33 ordinarie
1560 306 227 33 inkomsterna

1056 355 181 39 erfordrar,
1263 359 155 30 ävensom
1443 356 178 33 berättelse
1647 369 50 20 om
1722 357 67 32 vad

1056 406 12 32 1
1094 406 102 34 rikets
1222 407 142 37 styrelse
1388 407 98 32 sedan
1510 407 278 39 nästföregående

1057 457 141 38 lagtima
1215 457 157 39 riksdags
1391 458 243 33 sammanträde
1652 458 52 38 sig
1722 457 67 34 till-

1055 507 128 39 dragit;
1208 519 74 21 men
1309 519 50 21 om
1386 507 180 39 riksdagen
1591 508 123 33 urtima
1740 512 48 34 är,

1058 557 167 39 kungöres
1258 558 55 32 för
1345 558 190 33 densamma
1567 559 221 38 anledningen

1057 608 55 33 till
1140 608 72 34 dess
1242 608 307 34 sammankallande
1578 609 59 33 och
1665 609 124 32 avläm-

1058 671 60 20 nas
1153 659 39 32 de
1226 658 131 39 förslag
1388 659 63 32 och
1484 659 304 39 framställningar,

1057 709 94 33 vilka
1173 709 94 33 skola
1289 709 92 33 bliva
1403 710 141 31 föremål
1566 710 54 32 för
1641 710 148 32 kamrar-

1056 772 60 20 nas
1158 760 296 38 överläggningar;
1486 759 188 39 Konungen
1706 759 84 33 dock

1056 810 154 38 obetaget
1227 814 51 29 att
1296 810 184 33 sedermera
1498 815 82 27 även
1600 810 104 32 andra
1722 810 66 32 för-

1058 860 75 39 slag
1159 860 202 33 framställa.

1100 911 53 32 Då
1172 911 188 38 Konungen
1378 930 44 4 —
1437 930 45 3 —
1497 929 45 3 —
1559 910 230 38 undersåtliga

1056 961 158 33 vördnad.

1373 1062 21 39 $
1413 1063 52 32 35.

1100 1132 31 30 1.
1177 1129 73 33 Vill
1269 1129 199 38 Konungen,
1488 1129 74 32 med
1582 1128 206 39 upplösande

1057 1192 42 21 av
1140 1180 149 38 riksdag,
1322 1179 158 33 förordna
1510 1191 52 20 om
1593 1191 67 26 nya
1689 1179 57 32 val
1777 1178 12 32 i

1057 1230 76 33 hela
1164 1230 87 32 riket
1286 1229 54 34 till
1375 1230 85 32 båda
1494 1229 181 33 kamrarna
1709 1229 81 32 eller

1058 1281 61 31 den
1152 1292 59 20 ena
1233 1293 43 20 av
1297 1280 83 38 dem,
1401 1279 168 33 meddelar
1589 1279 199 39 Konungen,

1057 1331 101 33 sedan
1195 1330 77 32 Han
1308 1331 78 31 låtit
1421 1330 53 32 till
1510 1329 162 33 rikssalen
1696 1329 94 32 kalla

1057 1381 189 38 riksdagen,
1296 1381 190 32 densamma
1522 1380 171 33 därstädes
1728 1382 61 30 sitt

1058 1432 105 32 beslut
1188 1432 126 32 härom.
1360 1431 150 32 Beslutet
1544 1432 55 30 må
1632 1431 70 38 ock,
1728 1429 60 33 där

1056 1482 190 39 Konungen
1278 1483 38 32 så
1349 1484 121 36 prövar
1503 1480 166 40 lämpligt,
1693 1483 96 36 givas

1056 1533 181 39 riksdagen
1257 1532 167 33 tillkänna
1443 1542 116 29 genom
1580 1534 98 36 öppet
1700 1531 87 38 brev,

1048 1595 70 21 som
1132 1586 12 29 i
1157 1583 141 33 vardera
1313 1583 190 32 kammaren
1515 1581 175 39 samtidigt
1704 1592 83 27 upp-

1056 1635 88 32 läses
1174 1645 41 20 av
1248 1646 40 20 en
1320 1632 198 34 statsrådets
1551 1632 152 38 ledamot,
1726 1631 61 33 den

1054 1684 189 39 Konungen
1268 1683 118 33 därtill
1411 1683 188 39 förordnat;
1623 1682 61 33 och
1708 1692 79 22 vare

1056 1735 178 39 riksdagen
1250 1735 88 38 efter
1350 1733 221 39 uppläsandet
1586 1732 202 33 omedelbart

1054 1785 147 39 upplöst.

1099 1838 31 31 2.
1176 1835 53 33 Då
1264 1835 140 38 riksdag
1438 1834 88 33 skall
1556 1833 160 38 avslutas,
1739 1832 47 32 in-

1056 1887 96 32 finna
1176 1886 60 38 sig,
1263 1886 44 38 på
1333 1885 203 38 Konungens
1562 1883 139 33 kallelse
1727 1882 60 33 och

1054 1937 86 32 efter
1176 1936 168 32 förrättad
1380 1935 202 39 gudstjänst,
1618 1933 167 38 riksdags-

1054 1992 139 28 männen
1233 1987 43 38 på
1318 1985 162 33 rikssalen
1520 1984 60 33 och
1621 1984 165 32 framföra

1054 2049 115 28 genom
1197 2037 190 32 talmännen
1415 2036 71 33 sina
1512 2034 272 37 välönskningar,

1053 2088 154 39 varuppå
1237 2087 188 37 Konungen
1456 2085 171 33 förklarar
1657 2083 127 33 riksda-

1053 2151 63 27 gen
1133 2151 83 20 vara
1231 2137 167 34 avslutad.

1101 2290 70 33 Vill
1189 2289 190 38 Konungen
1397 2288 30 39 ej
1445 2286 86 41 själv
1550 2285 133 33 avsluta
1702 2285 84 32 riks-

1055 2341 76 39 dag,
1150 2339 88 35 skall
1254 2339 208 38 Konungens
1482 2337 106 32 beslut
1607 2348 51 20 om
1677 2334 108 34 avslu-

1055 2392 113 33 tandet
1181 2390 169 33 meddelas
1363 2389 179 37 riksdagen
1557 2398 115 28 genom
1687 2387 99 37 öppet
