1838 2790
273 153 39 31 10
655 156 119 30 Andra
796 156 245 40 lagutskottets
1064 158 178 31 utlåtande
1262 168 43 20 nr
1325 160 52 29 23.

935 457 66 40 Nr
1029 458 70 40 23.

474 573 185 31 Utlåtande
678 574 11 30 i
704 575 191 40 anledning
911 585 42 21 av
972 576 125 30 väckta
1115 577 173 30 motioner
1305 587 57 20 om
1380 578 132 40 förslag
1531 579 54 29 till
1603 579 82 30 1951
1705 579 58 30 års

670 637 144 40 riksdag
836 638 11 29 i
868 638 90 39 syfte
980 641 54 27 att
1053 639 204 39 genomföra
1280 640 177 40 reformen
1478 641 82 30 med
1579 642 69 38 fria
1670 642 93 30 läke-

671 699 124 31 medel.

318 822 118 30 Andra
451 823 229 39 lagutskottet
694 825 65 29 har
773 825 54 30 till
842 826 213 40 behandling
1071 826 153 31 förehaft
1239 828 60 29 två
1313 828 97 30 inom
1424 828 189 40 riksdagen
1626 829 136 34 väckta,

272 875 55 30 till
364 876 196 39 lagutskott
597 877 190 31 hänvisade
825 879 182 35 motioner,
1036 890 43 19 nr
1108 880 62 30 284
1197 881 12 29 i
1237 881 113 30 första
1376 882 209 30 kammaren
1612 891 43 21 av
1681 882 82 30 herr

270 928 139 31 Öhman
429 930 65 30 och
514 931 82 29 herr
616 930 160 38 Persson,
797 932 149 37 Helmer,
969 935 92 28 samt
1082 943 41 20 nr
1144 934 62 30 373
1229 934 11 29 i
1261 934 113 30 andra
1391 934 209 31 kammaren
1621 945 42 20 av
1682 935 81 30 herr

271 982 161 40 Hagberg
456 983 12 30 i
494 983 109 30 Luleå
628 993 44 21 m.
696 985 39 39 fl.

317 1036 15 29 I
350 1036 231 35 motionerna,
599 1038 93 29 vilka
710 1039 62 29 äro
790 1039 234 39 likalydande,
1044 1040 65 29 har
1126 1040 209 35 hemställts,
1358 1043 70 27 »att
1447 1041 189 40 riksdagen
1654 1042 108 30 måtte

271 1089 139 30 besluta
431 1091 52 28 att
507 1091 12 28 i
545 1090 165 31 skrivelse
733 1091 55 30 till
814 1092 124 40 Kungl.
962 1093 109 39 Maj:t
1094 1093 186 30 hemställa
1305 1103 59 21 om
1388 1094 131 40 förslag
1544 1095 53 29 till
1622 1095 141 30 inneva-

272 1143 110 29 rande
402 1143 58 30 års
481 1144 145 39 riksdag
647 1145 11 28 i
680 1144 91 40 syfte
795 1147 51 28 att
868 1146 205 39 genomföra
1095 1146 67 30 fria
1183 1146 195 31 läkemedel
1401 1147 81 30 från
1504 1148 67 30 och
1593 1149 79 29 med
1695 1148 68 30 den

273 1196 16 29 1
312 1196 142 39 januari
480 1197 118 30 1952».

317 1250 229 30 Beträffande
566 1251 42 29 de
627 1251 85 34 skäl,
733 1261 77 20 som
830 1251 183 41 åberopats
1033 1253 56 30 för
1108 1253 94 30 detta
1221 1253 169 40 yrkande,
1410 1253 55 30 får
1486 1255 172 30 utskottet
1676 1255 87 30 hän-

270 1302 76 30 visa
372 1303 54 29 till
453 1304 230 29 motionerna.

316 1409 76 30 Den
408 1410 250 40 obligatoriska
677 1411 296 41 sjukförsäkring,
993 1422 76 21 som
1086 1414 153 38 grundas
1257 1414 47 39 på
1322 1414 99 39 lagen
1439 1424 57 20 om
1514 1415 133 30 allmän
1664 1415 99 39 sjuk-

270 1463 214 40 försäkring,
508 1464 167 30 utfärdad
698 1465 69 30 den
791 1465 19 30 3
834 1466 141 39 januari
1000 1466 84 31 1947
1115 1466 58 34 (nr
1199 1467 50 34 1),
1274 1468 40 29 är
1337 1467 76 30 icke
1437 1468 131 30 avsedd
1591 1469 51 29 att
1665 1468 98 30 inne-

270 1515 92 31 fatta
384 1518 71 29 rätt
477 1517 55 29 till
556 1518 193 39 ersättning
775 1518 56 30 för
853 1528 80 21 vare
957 1519 53 40 sig
1035 1520 240 39 sjukhusvård
1300 1520 84 30 eller
1406 1521 205 30 läkemedel.
1635 1521 129 30 Anled-

271 1569 132 40 ningen
428 1570 122 30 härtill
579 1572 48 33 är,
655 1573 51 28 att
732 1572 110 39 enligt
870 1573 292 30 statsmakternas
1190 1573 12 30 i
1230 1574 172 30 samband
1430 1574 81 30 med
1540 1574 223 40 sjukförsäk-

270 1622 219 40 ringslagens
530 1624 194 39 antagande
754 1625 40 29 år
826 1624 82 31 1946
935 1625 135 31 fattade
1098 1626 255 40 principbeslut
1382 1627 287 39 sjukhusvården
1696 1627 68 31 och

269 1675 221 31 läkemedlen
513 1679 134 28 ansetts
669 1678 84 30 böra
776 1679 158 39 utbrytas
957 1688 43 21 ur
1023 1679 334 40 sjukförsäkringen
1379 1680 66 30 och
1467 1680 192 40 avkopplas
1681 1680 82 30 från

271 1729 277 39 sjukkassornas
565 1731 234 30 verksamhet.
816 1732 169 31 Avsikten
1001 1733 40 29 är
1058 1733 203 34 emellertid,
1279 1735 52 28 att
1347 1733 101 30 dessa
1465 1734 180 30 förmåner
1663 1733 99 31 skola

269 1782 291 32 tillhandahållas
581 1784 254 40 medborgarna
855 1787 98 29 utom
975 1795 124 21 ramen
1121 1786 54 30 för
1198 1786 257 40 försäkringen.

317 1836 14 29 I
351 1836 99 40 fråga
468 1846 60 21 om
546 1837 219 31 läkemedlen
784 1838 90 30 skall
893 1839 96 30 detta
1007 1839 12 30 i
1038 1839 137 40 princip
1194 1839 100 40 tillgå
1313 1839 49 35 så,
1381 1841 51 29 att
1450 1840 256 40 medborgarna
1724 1840 39 30 få

271 1890 72 29 rätt
363 1891 52 29 att
435 1890 21 30 å
476 1890 130 40 apotek
625 1891 132 30 erhålla
778 1891 192 31 läkemedel
992 1893 13 29 i
1026 1892 94 31 vissa
1139 1892 63 30 fall
1222 1893 75 30 helt
1318 1892 107 40 gratis
1446 1893 67 30 och
1533 1893 13 30 i
1566 1894 111 30 andra
1697 1893 66 31 fall

269 1942 56 30 till
343 1942 139 31 nedsatt
499 1943 87 39 pris,
605 1946 89 28 samt
711 1946 52 28 att
780 1945 172 39 apoteken
970 1944 156 31 därefter
1143 1945 116 31 direkt
1278 1945 83 31 från
1378 1946 211 31 statsverket
1607 1947 100 30 skola
1725 1946 37 30 få

270 1996 196 40 ersättning
490 1997 57 29 för
573 1997 76 30 sina
671 1997 129 40 utlägg.
827 1998 267 40 Förutsättning
1119 1998 55 31 för
1199 2000 50 29 att
1274 1999 194 30 läkemedel
1494 2000 90 30 skall
1610 2000 152 30 erhållas

268 2049 253 30 kostnadsfritt
545 2049 84 31 eller
652 2050 52 30 till
729 2050 141 31 nedsatt
893 2051 73 40 pris
992 2051 91 30 skall
1107 2061 92 25 vara,
1224 2054 52 28 att
1301 2052 209 31 läkemedlet
1533 2053 117 30 finnes
1675 2062 87 31 upp-

270 2104 96 37 taget
379 2103 13 29 i
406 2112 44 21 en
465 2103 180 30 fastställd
660 2104 437 41 läkemedelsförteckning
1112 2107 91 28 samt
1218 2107 52 28 att
1286 2105 59 30 det
1361 2105 197 31 ordinerats
1573 2115 43 22 av
1631 2106 130 31 läkare.

315 2156 71 30 När
403 2157 242 39 nyssnämnda
662 2157 253 40 principbeslut
932 2157 164 36 fattades,
1115 2158 206 31 förutsattes
1340 2159 68 34 det,
1427 2161 51 28 att
1496 2159 109 30 sedan
1622 2159 42 31 de
1682 2160 80 29 när-

270 2218 98 21 mare
384 2209 199 40 detaljerna
600 2210 178 40 klarlagts,
798 2210 125 40 frågan
939 2211 92 39 ånyo
1052 2211 111 31 skulle
1182 2211 236 31 underställas
1436 2212 207 40 riksdagens
1661 2213 101 40 pröv-

270 2262 86 40 ning
377 2262 13 30 i
412 2262 154 31 särskild
589 2263 157 40 ordning.

316 2315 67 31 Vid
397 2316 215 39 antagandet
626 2316 39 30 år
682 2316 83 31 1946
783 2326 43 22 av
840 2317 100 40 lagen
955 2327 60 21 om
1031 2318 131 30 allmän
1177 2317 288 40 sjukförsäkring
1480 2318 199 31 bestämdes
1696 2318 67 31 tid-

270 2369 162 39 punkten
453 2369 57 30 för
532 2369 285 40 lagstiftningens
839 2370 274 40 genomförande
1135 2371 53 30 till
1209 2371 70 29 den
1303 2371 16 30 1
1341 2371 68 40 juli
1434 2371 95 30 1950.
1552 2371 133 31 Genom
1706 2372 57 39 lag

269 2421 72 31 den
360 2422 39 30 17
416 2422 185 30 december
621 2422 82 31 1948
727 2422 60 35 (nr
806 2423 80 34 733)
908 2423 231 31 förordnades
1156 2433 58 21 om
1232 2424 163 40 uppskov
1411 2424 81 30 med
1509 2424 254 31 ikraftträdan-

271 2474 61 31 det
352 2475 54 30 till
426 2475 67 30 den
517 2476 15 29 1
556 2475 68 40 juli
646 2476 92 30 1951.
760 2476 170 40 Slutligen
949 2476 66 30 har
1035 2484 126 33 genom
1180 2477 57 40 lag
1257 2477 70 30 den
1347 2477 20 30 8
1387 2477 183 31 december
1593 2478 83 31 1950
1704 2476 59 35 (nr
