1910 2824
606 164 232 28 Statsutskottets
861 162 150 29 utlåtande
1033 162 48 28 Nr
1105 163 68 27 122.
1605 157 36 29 11

809 421 59 40 Nr
899 421 86 40 122.

537 526 124 27 Ankom
685 525 50 27 till
758 524 188 36 riksdagens
970 523 106 27 kansli
1099 523 61 26 den
1186 522 35 27 21
1249 521 62 36 maj
1340 520 76 27 1941
1444 520 41 27 kl.
1511 520 16 27 4
1552 528 24 19 e.
1603 528 40 19 m.

458 617 196 36 Utlåtande
690 617 14 35 i
741 616 195 48 anledning
975 628 44 22 av
1048 614 125 36 väckta
1202 613 169 36 motioner
1399 625 56 23 om
1485 611 162 36 ändrade

556 677 254 36 bestämmelser
834 676 156 36 rörande
1010 674 348 47 övertidsersättning
1380 673 66 48 för
1466 673 180 48 försvars-

555 738 184 36 väsendets
767 737 106 36 civila
902 736 277 36 icke-ordinarie
1206 735 226 47 tjänstemän.

1426 799 61 40 (1:a
1511 797 84 42 avd.)

198 899 60 32 Uti
283 901 55 29 två
362 899 217 41 likalydande
604 898 178 37 motioner,
808 897 127 36 väckta,
963 896 65 31 den
1054 906 61 20 ena
1140 895 93 30 inom
1259 894 105 31 första
1389 893 193 31 kammaren
1607 902 41 20 av

144 951 79 31 herr
241 951 38 31 R.
299 950 89 41 Berg
412 950 52 41 (nr
485 950 50 40 11)
560 949 61 31 och
641 949 66 30 den
726 948 103 31 andra
849 948 93 30 inom
961 946 104 31 andra
1084 946 192 31 kammaren
1296 955 39 20 av
1355 944 116 30 herrar
1492 942 34 31 C.
1546 942 103 31 Lind-

146 1002 81 40 berg
245 1002 12 30 i
278 1001 198 32 Stockholm
497 1000 62 31 och
578 999 38 31 L.
638 998 151 31 Lindahl
812 998 52 40 (nr
885 998 65 39 17),
971 997 61 31 har
1051 995 202 37 hemställts,
1275 996 49 30 att
1343 994 182 40 riksdagen
1544 994 104 29 måtte

145 1054 113 30 såsom
283 1051 53 32 sin
361 1051 139 41 mening
525 1050 115 37 uttala,
667 1051 50 29 att
744 1047 345 41 övertidsersättning
1113 1049 43 39 på
1182 1046 11 30 i
1219 1046 147 30 militära
1391 1043 257 33 icke-ordinarie

146 1103 222 41 reglementet
399 1101 147 42 angivna
577 1100 148 42 grunder
757 1099 85 32 skall
874 1100 82 39 utgå
987 1098 53 30 till
1072 1097 157 40 samtliga
1261 1095 98 32 civila
1391 1094 257 32 icke-ordinarie

144 1154 206 41 tjänstemän
373 1153 12 30 i
408 1152 245 41 lönegraderna
679 1152 16 29 1
720 1150 54 31 till
798 1150 47 30 18.

198 1204 19 31 I
236 1204 95 41 fråga
350 1214 55 20 om
425 1203 41 31 de
487 1202 82 38 skäl,
590 1201 250 31 motionärerna
861 1200 113 30 anfört
996 1199 52 30 till
1070 1198 77 32 stöd
1169 1198 53 30 för
1243 1197 53 31 sin
1316 1195 260 41 framställning,
1598 1195 52 30 får

146 1255 167 31 utskottet
335 1254 143 31 hänvisa
502 1253 53 30 till
578 1251 175 32 motionen
776 1262 39 19 nr
838 1251 28 30 I:
882 1251 48 30 11.

199 1347 82 31 Med
307 1347 77 31 stöd
411 1358 40 19 av
478 1345 21 42 8
525 1346 39 31 46
591 1344 349 42 riksdagsordningen
966 1343 62 31 har
1053 1342 167 31 utskottet
1248 1339 220 32 införskaffat
1493 1337 157 43 yttrande

147 1400 81 29 över
264 1398 213 31 motionerna
514 1397 74 30 från
626 1394 335 33 försvarsväsendets
990 1392 214 37 lönenämnd,
1234 1402 73 21 som
1333 1391 11 30 i
1371 1390 141 31 ärendet
1538 1389 115 31 anfört

147 1449 162 41 följande.

190 1508 19 30 I
235 1508 38 30 21
300 1506 20 42 8
345 1507 148 30 militära
519 1504 483 41 icke-ordinariereglementet
1028 1503 65 30 den
1122 1502 38 31 15
1186 1502 74 40 juni
1287 1500 89 37 1939,
1403 1511 42 19 nr
1470 1499 69 34 276,
1566 1498 87 31 hava

148 1550 188 31 meddelats
378 1547 280 43 grundläggande
698 1545 259 33 bestämmelser
997 1544 174 41 angående
1214 1540 343 41 övertidsersättning
1598 1539 55 31 till

148 1594 94 29 extra
262 1591 170 31 ordinarie
452 1590 216 41 tjänstemän,
690 1600 74 21 som
783 1599 96 20 avses
900 1588 12 30 i
932 1587 231 41 reglementet.
1195 1585 70 31 Där
1284 1583 231 42 tjänstgöring
1534 1583 120 30 utöver

149 1634 174 31 fastställd
339 1632 169 32 arbetstid
524 1631 246 41 undantagsvis
787 1632 106 29 måste
911 1631 62 39 äga
990 1640 82 26 rum,
1090 1630 55 29 må
1161 1627 107 41 enligt
1284 1625 188 42 stadgande
1489 1625 12 30 i
1526 1625 8 30 I
1553 1635 99 20 mom.

149 1676 148 31 nämnda
322 1675 166 42 paragraf,
522 1675 4 30 i
553 1674 65 31 den
644 1675 78 29 mån
749 1672 126 41 Kungl.
903 1671 101 41 Maj:t
1032 1673 38 29 så
1094 1670 213 36 bestämmer,
1335 1668 54 31 för
1416 1667 94 42 dylik
1536 1667 118 40 tjänst-

150 1719 122 42 göring
297 1720 19 29 å
340 1717 204 41 befattning,
571 1715 207 32 tillhörande
805 1717 112 39 någon
944 1725 41 20 av
1011 1712 245 42 lönegraderna
1283 1711 89 31 MEo
1402 1710 110 37 1—18,
1540 1709 115 31 kunna

149 1760 170 32 utbetalas
338 1758 345 41 övertidsersättning
701 1757 77 32 med
796 1756 126 41 belopp
942 1756 53 31 för
1012 1756 116 30 timme
1147 1754 127 36 räknat,
1293 1764 73 20 som
1384 1752 140 41 angives
1543 1751 49 31 uti
1612 1762 42 20 en

150 1804 12 29 i
182 1804 186 30 momentet
387 1802 139 40 intagen
547 1800 114 32 tabell.
694 1799 143 32 Jämlikt
858 1797 178 32 föreskrift
1056 1798 12 30 i
1088 1797 239 41 reglementets
1347 1795 40 31 38
1408 1794 21 41 $
1450 1793 86 32 skall
1556 1793 65 31 vad
1644 1793 11 30 i

150 1846 38 30 21
212 1845 21 41 8
255 1845 137 41 stadgas
415 1843 174 42 angående
612 1840 346 41 övertidsersättning
979 1840 54 30 till
1056 1841 94 29 extra
1172 1837 169 32 ordinarie
1364 1837 206 40 tjänstemän
1593 1837 63 39 äga

150 1887 219 41 tillämpning
386 1888 85 29 även
490 1884 216 32 beträffande
725 1884 11 30 i
755 1883 222 40 reglementet
996 1881 149 31 avsedda
1163 1882 95 29 extra
1275 1879 216 41 tjänstemän.
1523 1877 133 32 Genom

151 1930 84 31 brev
255 1929 65 31 den
339 1930 17 29 7
377 1928 75 41 juni
473 1927 80 31 1940
572 1926 60 31 har
652 1925 127 41 Kungl.
801 1924 101 40 Maj:t
921 1942 44 4 —
984 1923 86 31 efter
1089 1924 50 29 att
1158 1922 11 30 i
1189 1922 140 31 ärendet
1348 1921 86 30 hava
1453 1920 79 31 hört
1550 1919 106 31 bland

151 1971 107 31 andra
281 1969 333 32 försvarsväsendets
638 1966 206 32 lönenämnd
866 1985 43 4 —
931 1965 171 31 meddelat
1125 1962 453 42 tillämpningsföreskrifter
1603 1961 54 30 till

153 2014 38 30 21
213 2013 63 31 och
294 2013 40 30 38
352 2011 43 42 88
414 2011 148 31 militära
580 2008 482 41 icke-ordinariereglementet
1082 2006 65 31 den
1167 2005 39 31 15
1225 2005 74 41 juni
1319 2005 90 36 1939,
1430 2015 40 19 nr
1489 2004 68 30 276.

205 2055 19 31 I
248 2055 57 31 det
328 2052 234 41 underdåniga
585 2051 186 37 utlåtande,
795 2061 73 20 som
891 2048 250 33 lönenämnden
1164 2048 65 31 den
1254 2048 38 30 14
1314 2057 89 21 mars
1429 2046 80 31 1940
1533 2045 89 31 avlät
1646 2045 11 30 i

153 2097 185 41 anledning
358 2107 40 20 av
420 2094 290 40 framställningar
731 2104 54 20 om
807 2091 216 41 utbetalning
1042 2102 40 19 av
1103 2089 191 41 ersättning
1314 2089 53 31 för
1387 2087 270 32 övertidsarbete

153 2142 35 28 åt
212 2139 92 31 vissa
327 2138 101 31 civila
451 2136 337 40 befattningshavare
812 2135 58 30 vid
895 2132 325 37 försvarsväsendet,
1246 2134 19 29 å
1288 2130 91 32 vilka
1402 2130 147 31 militära
1574 2129 85 31 icke-

155 2180 395 41 ordinariereglementet
564 2180 36 29 är
615 2177 207 41 tillämpligt,
837 2175 142 32 anförde
994 2174 249 32 lönenämnden
1257 2173 104 31 bland
1375 2174 103 29 annat
1493 2171 163 41 följande:

211 2224 70 30 »Av
318 2223 80 30 1936
437 2223 54 29 års
528 2220 275 31 lönekommittés
830 2217 214 32 betänkande
1071 2216 76 31 med
1174 2215 128 40 förslag
1327 2214 53 31 till
1407 2214 142 31 militärt
1575 2213 84 31 icke-

156 2264 379 40 ordinariereglemente
558 2263 146 36 framgår
729 2260 75 40 (sid.
827 2260 66 39 81),
916 2261 50 28 att
987 2259 87 30 efter
1094 2257 218 31 kommitténs
1334 2256 221 41 uppfattning
1576 2256 84 29 före-

156 2307 75 40 låge
255 2306 72 31 icke
351 2304 184 40 tillräcklig
558 2303 186 39 anledning
767 2304 49 28 att
839 2302 7 29 i
874 2300 168 31 avseende
1067 2302 19 28 å
1109 2299 177 39 möjlighet
1312 2298 53 30 till
1389 2297 271 31 övertidsersätt-

156 2348 84 41 ning
263 2348 11 30 i
297 2347 133 41 princip
455 2346 101 31 ställa
579 2343 335 32 försvarsväsendets
939 2341 256 32 icke-ordinarie
1221 2339 335 41 befattningshavare
1581 2338 11 30 i
1619 2349 41 19 en

158 2392 109 29 sämre
296 2388 164 40 ställning
488 2389 41 29 än
558 2387 74 36 den,
663 2397 73 19 som
765 2385 188 30 tillkomme
982 2383 193 40 jämförliga
1203 2381 336 39 befattningshavare
1568 2380 93 30 inom

157 2430 342 40 statsförvaltningen
520 2429 11 30 i
552 2428 193 31 allmänhet.
777 2426 213 32 Kommittén
1012 2427 124 38 ansåge
1158 2424 123 36 därför,
1303 2425 48 29 att
1372 2422 215 31 föreskrifter
1607 2432 55 19 om

158 2472 345 39 övertidsersättning
522 2470 105 32 borde
650 2470 130 30 införas
803 2469 7 29 i
835 2468 56 31 det
914 2478 65 29 nya
1003 2466 144 31 militära
1171 2463 489 41 icke-ordinariereglementet.
