2115 2657
306 223 19 29 4
833 219 214 39 Lagutskottets
1073 217 153 31 Utlåtande
1249 218 56 30 N:o
1329 218 52 30 11.

306 310 97 29 ännu
446 302 143 36 mindre
622 300 37 38 få
692 302 77 36 sina
801 298 209 51 fordringar
1038 297 184 51 pröfvade.
1278 299 129 36 Skulle
1435 297 101 38 detta
1565 298 72 46 ske,
1666 296 123 39 blefve
1817 298 84 37 tids-

305 358 200 49 utdrägten
533 358 31 48 ej
595 356 143 37 mindre
767 363 45 29 än
841 355 69 37 den
938 368 52 23 nu
1018 361 40 29 är
1086 354 63 37 vid
1178 354 172 37 konkurs.
1394 352 71 38 Om
1495 354 289 49 anmärkningar
1808 355 93 49 gjor-

306 413 61 36 des
409 417 78 31 mot
528 411 151 37 anmäld
713 409 163 47 fordran,
911 409 132 36 funnes
1076 410 109 48 ingen
1217 414 113 44 utväg
1363 408 150 37 anvisad
1541 413 55 31 att
1623 407 38 37 få
1690 409 212 36 densamma

305 466 167 51 pröfvad.
529 466 67 37 Att
630 466 198 49 hänskjuta
862 478 43 23 en
940 464 110 36 sådan
1078 465 88 35 tvist
1195 464 59 36 till
1283 462 173 51 pröfning
1484 462 39 37 af
1548 463 159 37 domstol
1736 464 11 35 i
1776 464 127 49 vanlig

305 523 156 48 ordning
490 522 121 36 skulle
639 520 99 38 vålla
766 526 114 31 större
909 519 234 49 tidsutdrägt,
1172 525 45 29 än
1247 532 60 23 om
1336 519 149 36 ärendet
1513 518 245 36 behandlades
1786 518 117 50 enligt

304 578 284 48 konkurslagen.
646 576 130 36 Denna
818 576 79 49 lags
937 572 229 38 föreskrifter
1198 574 12 35 i
1247 575 46 37 36
1329 573 18 50 $
1381 586 60 23 om
1469 573 231 49 återvinning
1727 573 61 36 till
1816 574 86 36 kon-

304 633 177 35 kursboet
523 630 38 37 af
595 631 190 49 egendom,
814 643 78 23 som
920 629 117 37 under
1066 629 69 36 den
1164 633 183 32 närmaste
1376 628 101 37 tiden
1507 627 77 38 före
1611 628 212 37 konkursen
1851 627 51 37 af-

304 686 133 35 händts
464 686 87 35 boet
577 686 60 35 till
666 686 288 47 borgenärernas
982 683 124 44 skada,
1135 684 117 35 skulle
1281 684 30 47 ej
1342 696 89 23 vara
1458 683 204 49 tillämplig
1689 684 13 34 i
1721 681 103 51 fråga
1841 696 62 23 om

305 740 307 37 administration.
670 738 131 37 Likaså
845 741 47 36 38
937 738 18 49 $
989 751 61 23 om
1084 738 148 49 säljares
1260 742 75 31 rätt
1362 742 55 31 att
1444 738 31 48 ej
1506 736 216 38 annorledes
1751 743 45 29 än
1823 742 81 31 mot

306 795 191 48 betalning
534 795 59 35 till
635 794 251 36 konkursboet
918 794 167 35 utlemna
1119 806 122 32 varor,
1275 805 79 23 som
1387 792 223 49 gäldenären
1640 792 88 49 köpt
1756 804 83 23 men
1868 793 32 47 ej

306 850 127 36 betalt.
492 847 77 38 Och
599 849 177 48 slutligen
805 848 120 36 skulle
955 861 42 22 en
1028 847 184 49 gäldenär,
1241 860 77 23 som
1347 847 142 49 lyckats
1518 845 36 37 få
1572 847 60 35 till
1651 845 105 37 stånd
1775 851 51 31 ett
1843 846 59 36 be-

304 905 76 36 slut
408 917 61 23 om
498 903 303 45 administration,
829 903 80 36 icke
929 915 87 23 vara
1036 901 243 37 underkastad
1301 902 126 49 lagens
1446 901 226 50 stadganden
1691 914 61 23 om
1772 913 131 24 ansvar

304 958 20 36 å
353 959 205 48 bedräglig,
589 958 142 48 oredlig
760 958 90 35 eller
879 956 161 37 vårdslös
1069 957 175 48 gäldenär
1272 957 11 34 i
1312 956 172 35 konkurs.

412 1013 143 36 Genom
585 1012 102 36 dessa
716 1012 214 48 erinringar,
960 1011 144 36 hvilkas
1133 1009 220 50 befogenhet
1382 1011 30 48 ej
1444 1011 95 35 lärer
1568 1011 125 35 kunna
1713 1009 190 46 bestridas,

304 1067 104 37 torde
450 1080 89 23 vara
581 1066 235 50 ådagalagdt,
851 1071 55 31 att
941 1079 44 23 en
1014 1064 230 50 lagstiftning
1277 1078 61 23 om
1373 1065 293 36 administration
1700 1064 203 50 ingalunda

305 1129 40 29 är
387 1135 45 23 en
466 1121 37 37 så
537 1122 69 36 lätt
639 1120 160 49 uppgift,
828 1134 77 23 som
935 1133 85 23 man
1049 1119 167 37 förestält
1243 1120 64 49 sig.
1363 1119 71 36 För
1463 1122 54 34 att
1545 1120 77 35 lösa
1652 1119 69 37 den
1750 1118 46 45 så,
1825 1132 77 23 som

304 1189 45 23 en
390 1174 403 51 lagstiftningsuppgift
827 1176 66 35 bör
926 1176 103 42 lösas,
1064 1173 143 37 fordras
1236 1187 44 22 en
1309 1175 62 47 lag
1400 1173 40 36 af
1465 1175 87 48 föga
1581 1175 143 35 mindre
1753 1172 150 51 omfång

305 1238 44 28 än
380 1231 301 48 konkurslagens.

410 1284 55 37 En
495 1284 110 37 sådan
634 1284 232 49 lagstiftning
896 1289 39 30 är
964 1282 218 46 emellertid,
1211 1283 115 48 enligt
1346 1283 85 35 mitt
1450 1281 249 46 förmenande,
1718 1283 80 35 icke
1817 1283 87 36 nöd-

304 1339 136 49 vändig
469 1338 57 36 för
555 1339 62 36 det
644 1338 150 37 afsedda
823 1337 220 37 ändamålet.
1082 1336 116 37 Deraf
1216 1343 52 30 att
1287 1336 257 37 förhållanden
1563 1338 128 44 finnas,
1711 1336 47 50 på
1777 1337 127 36 hvilka

304 1394 96 36 vissa
428 1392 40 37 af
494 1394 293 49 konkurslagens
814 1392 215 36 nuvarande
1057 1390 229 38 föreskrifter
1315 1392 30 47 ej
1376 1397 62 30 äro
1467 1390 91 37 fullt
1581 1392 237 49 tillämpliga,
1838 1390 67 37 föl-

301 1449 57 47 jer
386 1448 81 36 icke
496 1452 55 31 att
579 1447 133 36 sådana
741 1446 254 38 förhållanden
1024 1447 88 35 böra
1137 1446 126 36 ställas
1282 1446 78 35 helt
1380 1446 67 35 och
1467 1445 116 37 hållet
1603 1451 104 31 utom
1727 1446 177 37 konkurs-

305 1503 125 48 lagens
472 1501 361 50 verkningsområde.
889 1501 300 48 Konkurslagens
1231 1500 276 36 bestämmelser
1547 1500 113 36 sakna
1701 1501 203 48 ingalunda

305 1556 262 49 mottaglighet
608 1555 57 36 för
707 1555 268 49 förändringar,
1017 1555 139 48 egnade
1190 1559 54 30 att
1279 1559 93 31 sätta
1402 1554 69 36 den
1500 1554 139 49 ganska
1669 1555 61 35 väl
1759 1555 12 34 i
1800 1554 104 36 stånd

305 1615 55 31 att
401 1615 187 31 motsvara
631 1610 44 36 de
713 1609 92 45 kraf,
847 1610 127 36 hvilka
1008 1609 11 35 i
1054 1622 44 23 en
1134 1608 198 37 utvecklad
1361 1607 366 38 affärsverksamhets
1755 1609 148 36 intresse

304 1665 127 35 kunna
459 1665 121 35 ställas
609 1664 46 49 på
683 1664 224 36 densamma.
965 1663 225 48 Visserligen
1218 1663 74 35 kan
1321 1663 61 35 det
1410 1663 31 48 ej
1472 1663 193 44 undvikas,
1694 1668 55 31 att
1776 1663 127 49 hvarje

304 1717 376 37 konkursförfarande
722 1720 58 34 för
812 1718 221 49 gäldenären
1067 1716 144 37 medför
1239 1717 94 36 vissa
1362 1717 143 49 obehag
1534 1717 67 36 och
1630 1718 174 48 möjligen
1834 1716 70 37 för-

305 1772 125 37 svårar
472 1773 90 36 hans
595 1773 154 48 utsigter
778 1778 54 30 att
861 1773 124 35 kunna
1014 1771 246 50 återupptaga
1289 1772 53 35 sin
1372 1771 244 37 verksamhet.
1674 1771 83 36 Men
1786 1771 117 37 denna

304 1827 105 44 brist,
451 1840 61 22 om
554 1827 70 35 den
658 1839 62 24 ens
753 1826 37 36 så
822 1825 56 37 får
907 1826 130 44 kallas,
1068 1832 65 43 gör
1161 1826 54 48 sig
1244 1825 172 49 gällande
1444 1826 80 35 icke
1553 1827 97 34 blott
1677 1826 12 34 i
1717 1826 44 35 de
1789 1831 114 31 större

304 1881 214 45 konkurser,
553 1881 129 36 hvilka
715 1894 87 23 man
836 1881 67 36 vill
931 1879 230 37 förekomma
1188 1892 132 37 genom
1350 1878 552 47 administrationsförfarandet,

305 1941 91 30 utan
438 1936 67 35 ock
539 1936 12 34 i
585 1934 43 37 de
664 1934 253 50 mångfaldiga
946 1934 87 45 små,
1061 1934 65 36 der
1154 1934 100 37 detta
1282 1932 211 38 förfarande
1522 1935 117 48 enligt
1666 1933 176 51 förslaget
1870 1936 31 48 ej

305 1990 121 35 skulle
468 1990 152 35 komma
653 1990 59 35 till
741 1989 247 49 användning,
1017 1989 66 37 och
1112 1989 61 48 jag
1200 1989 97 35 inser
1325 1989 31 48 ej
1386 1988 113 50 något
1526 1989 81 35 skäl
1635 1993 55 31 att
1717 1989 113 48 skapa
1859 2001 45 24 en

303 2044 388 49 undantagsställning
719 2043 57 37 för
806 2044 44 35 de
878 2042 111 38 förra.
1046 2044 197 36 Dessutom
1272 2042 171 37 betviflar
1467 2043 75 49 jag,
1571 2048 52 31 att
1647 2055 43 24 en
1711 2043 193 48 gäldenärs

305 2098 177 36 anseende
510 2099 121 35 skulle
660 2099 112 35 vinna
801 2098 156 36 särdeles
986 2098 149 49 mycket
1163 2096 123 49 derpå,
1315 2102 54 30 att
1397 2097 74 35 han
1492 2098 11 34 i
1524 2098 123 35 stället
1665 2096 56 37 för
1740 2098 165 36 konkurs

305 2153 285 36 underkastades
632 2157 52 31 ett
725 2154 113 48 legalt
877 2150 221 47 förfarande,
1136 2164 90 32 som,
1261 2151 118 36 derest
1407 2150 280 50 lagstiftningen
1716 2151 188 50 angående

305 2207 204 36 detsamma
550 2207 146 49 gjordes
727 2206 231 49 fullständig,
991 2207 183 48 knappast
1206 2206 12 35 i
1246 2205 112 50 något
1385 2204 170 39 afseende
1583 2211 104 31 utom
1714 2207 61 35 till
1803 2219 101 23 nam-

304 2266 62 31 net
392 2261 149 36 komme
570 2266 55 31 att
653 2261 108 49 skilja
789 2261 54 49 sig
871 2259 82 37 från
981 2260 174 36 konkurs.

411 2315 78 38 Mot
517 2314 192 38 införande
738 2314 41 37 af
804 2312 544 40 administrationsförfarandet
1375 2314 65 38 hos
1469 2327 56 23 oss
1552 2315 97 35 talar
1673 2315 140 49 jemväl
1834 2314 70 36 den
