2224 2638
451 196 17 29 2
692 199 233 32 Sammansatta
947 199 124 32 Banko-
1096 201 53 31 och
1172 201 223 40 Lagutskottets
1423 202 165 33 Utlåtande
1612 203 66 33 N:o
1699 207 28 28 1.

541 275 127 38 Sedan
694 276 101 37 inom
825 278 431 49 finansdepartementet
1284 280 212 37 utarbetats
1525 286 55 31 ett
1607 282 146 48 förslag
1772 283 55 37 till
1848 282 164 48 ändring

408 326 11 36 i
459 326 128 47 kongl.
616 327 261 48 kungörelsen
906 328 72 37 den
1007 331 46 34 20
1082 330 73 48 maj
1189 332 94 35 1864
1313 331 198 48 angående
1548 332 176 36 enskilda
1751 333 146 36 banker
1925 333 86 36 med

408 382 74 30 rätt
508 382 55 31 att
590 377 148 48 utgifva
762 391 101 35 egna
891 379 239 48 banksedlar,
1154 380 185 37 framlade
1368 382 140 48 Kongl.
1535 382 118 48 Maj:t,
1683 384 87 35 med
1807 384 204 36 tillkänna-

408 427 182 48 gifvande
633 433 54 31 att
726 429 142 48 Kongl.
910 430 105 48 Maj:t
1047 437 128 30 ansett
1202 433 59 47 sig
1288 432 12 35 i
1330 437 55 31 ett
1413 435 40 33 så
1480 433 143 48 vigtigt
1650 439 110 31 ämne
1790 447 81 23 som
1907 434 104 37 detta

406 478 83 36 icke
527 478 93 36 böra
660 479 172 47 lagstifta
872 486 90 30 utan
990 481 243 49 Riksdagens
1262 482 247 48 medverkan,
1538 483 59 36 för
1628 486 95 34 1874
1751 487 59 34 års
1839 485 172 48 Riksdag

407 528 142 48 förslag
589 529 57 36 till
687 529 75 36 den
803 531 167 36 ändrade
1013 531 224 49 författning
1275 534 163 36 rörande
1472 534 176 36 enskilda
1676 535 334 48 sedelutgifvande

406 579 155 47 banker,
603 592 81 24 som
727 580 122 49 enligt
889 595 144 23 samma
1061 582 145 49 förslag
1232 584 122 36 borde
1383 584 181 37 utfärdas.
1619 585 74 36 Vid
1722 585 288 49 behandlingen

406 629 41 37 af
470 629 104 37 detta
607 630 144 48 förslag
783 632 186 36 stannade
998 632 243 50 Riksdagens
1269 634 100 36 båda
1395 635 149 36 kamrar
1571 635 10 36 i
1606 635 102 37 olika
1727 636 127 36 beslut
1872 636 12 36 i
1903 635 106 49 fråga

406 694 60 22 om
508 680 47 36 de
598 681 271 47 sedelvalörer,
911 696 81 23 som
1031 684 125 36 skulle
1197 684 37 37 få
1260 685 169 48 utgifvas
1457 686 41 35 af
1521 686 47 36 de
1598 686 176 37 enskilda
1801 687 208 47 bankerna,

405 730 129 36 hvilka
562 731 128 36 beslut
718 732 100 36 dock
847 734 372 48 sammanjemkades
1248 735 159 48 derhän,
1436 741 53 32 att
1517 737 177 36 enskilda
1724 737 165 37 bankers
1922 738 86 35 sed-

404 781 55 36 lar
486 781 123 36 skulle
642 781 37 37 få
706 782 89 48 lyda
824 786 21 33 å
873 785 59 45 50,
963 785 80 47 100,
1074 787 71 34 500
1174 786 70 36 och
1276 788 108 44 1,000
1412 787 141 36 kronor
1581 793 96 30 samt
1693 787 78 37 tills
1786 788 132 36 vidare
1936 788 72 36 och

403 831 97 36 intill
534 832 90 36 dess
656 832 139 49 Kongl.
826 834 106 48 Maj:t
959 835 235 37 annorlunda
1221 836 228 37 förordnade
1472 837 145 48 jemväl
1647 841 20 33 å
1697 840 44 34 10
1770 838 81 49 och
1873 840 20 35 5
1921 838 87 37 kro-

404 895 78 23 nor.
537 882 17 35 I
595 882 74 36 den
710 884 130 48 kongl.
881 885 246 48 kungörelse,
1167 900 93 32 som,
1289 887 101 36 efter
1418 888 175 36 anmälan
1622 888 41 36 af
1686 888 243 49 Riksdagens
1957 903 50 22 nu

403 932 166 37 nämnda
598 933 72 36 och
698 934 122 49 öfriga
849 935 125 37 beslut
1001 936 87 36 med
1117 937 208 48 anledning
1355 938 41 36 af
1419 938 139 49 Kongl.
1580 939 126 48 Maj:ts
1727 939 281 37 ofvanberörda

404 983 155 48 förslag,
590 984 75 36 den
696 987 43 33 12
764 985 84 48 juni
880 988 94 34 1874
1001 987 232 48 utfärdades,
1262 988 85 39 blef
1371 989 143 36 infördt
1541 995 55 30 ett
1620 990 212 47 stadgande
1852 990 12 36 i
1885 990 122 36 öfver-

404 1035 289 36 ensstämmelse
723 1036 87 36 med
838 1036 242 49 Riksdagens
1108 1038 127 36 beslut
1262 1052 61 23 om
1345 1039 318 37 sedelvalörerna.
1718 1040 84 36 Den
1822 1040 185 48 befogen-

404 1084 65 36 het
496 1089 55 31 att
574 1090 68 31 när
670 1099 80 23 som
780 1086 102 37 helst
908 1086 180 38 förordna
1116 1101 60 23 om
1204 1089 233 49 indragning
1465 1090 40 36 af
1529 1091 47 35 de
1597 1091 175 36 enskilda
1791 1091 215 36 bankernas

403 1139 74 32 rätt
503 1140 55 31 att
586 1135 148 49 utgifva
761 1149 101 36 egna
890 1138 126 37 sedlar
1040 1142 21 33 å
1089 1141 20 34 5
1139 1140 71 35 och
1240 1141 45 35 10
1314 1140 152 46 kronor,
1495 1141 158 36 hvilken
1682 1141 159 36 sålunda
1868 1141 102 49 lagts
1994 1142 12 35 i

403 1185 136 48 Kongl.
582 1186 127 48 Maj:ts
750 1187 115 46 hand,
908 1188 66 36 har
1015 1189 134 36 hittills
1189 1189 85 37 icke
1304 1190 125 37 blifvit
1456 1191 205 48 begagnad
1689 1191 11 36 i
1729 1192 277 36 vidsträcktare

402 1239 86 33 mån
516 1241 47 31 än
592 1242 66 42 att,
687 1237 119 36 sedan
834 1238 221 49 Riksdagen
1084 1242 40 33 år
1155 1242 104 44 1879,
1290 1240 99 37 efter
1417 1241 229 36 derutinnan
1675 1241 41 37 af
1739 1242 140 48 Kongl.
1901 1243 106 47 Maj:t

401 1286 189 48 framlagd
631 1288 252 48 proposition,
926 1289 154 37 beslutit
1119 1290 104 37 vissa
1264 1291 179 48 åtgärder
1483 1291 57 37 för
1586 1292 228 46 ändamålet,
1851 1293 156 48 jemlikt

401 1337 127 48 kongl.
573 1338 259 48 kungörelsen
874 1340 73 36 den
987 1342 46 34 20
1068 1340 85 49 juni
1197 1343 94 35 1879
1325 1342 48 36 de
1403 1342 175 37 enskilda
1606 1342 216 37 bankernas
1850 1348 75 32 rätt
1953 1349 53 31 att

401 1388 147 47 utgifva
589 1401 99 35 egna
716 1389 127 37 sedlar
872 1393 20 33 å
921 1392 20 35 5
968 1390 142 37 kronor
1136 1392 167 48 upphört
1330 1392 82 37 från
1441 1393 71 36 och
1540 1393 88 36 med
1657 1407 144 23 samma
1829 1397 60 33 års
1918 1394 85 36 slut.

400 1438 66 36 Ett
489 1438 40 37 af
553 1438 139 49 Kongl.
722 1440 107 47 Maj:t
852 1440 12 36 i
892 1442 260 48 nyssnämnda
1180 1442 240 49 proposition
1443 1443 145 48 jemväl
1617 1443 217 37 framstäldt
1861 1444 144 48 förslag

401 1503 59 22 om
502 1490 183 47 åtgärder
711 1490 11 36 i
750 1490 74 37 och
865 1491 59 37 för
962 1492 252 48 upphörande
1247 1493 58 36 för
1332 1493 292 49 ifrågavarande
1654 1494 147 36 banker
1825 1495 114 36 äfven
1968 1495 41 36 af

400 1545 122 31 rätten
551 1545 55 30 att
632 1541 149 48 utgifva
809 1554 100 35 egna
937 1543 126 36 sedlar
1091 1546 21 33 å
1142 1545 44 35 10
1214 1543 142 37 kronor
1384 1550 131 31 senast
1540 1544 103 36 inom
1672 1548 200 45 utgången
1900 1546 41 36 af
1965 1549 39 33 år

403 1593 93 34 1882
527 1604 99 23 vann
650 1591 157 37 dermed
834 1592 86 37 icke
947 1593 243 49 Riksdagens
1214 1594 118 37 bifall.

531 1631 54 46 År
616 1643 91 35 1881
738 1642 183 37 föranläts
949 1643 222 48 Riksdagen
1200 1645 69 36 hos
1286 1645 141 48 Kongl.
1445 1645 106 49 Maj:t
1570 1646 199 36 framhålla
1789 1646 46 36 de
1853 1647 149 46 brister,

399 1691 184 36 hvarmed
622 1692 120 49 enligt
782 1692 241 49 Riksdagens
1057 1695 101 48 åsigt
1189 1695 343 37 bestämmelserna
1559 1697 12 35 i
1600 1696 183 37 afseende
1813 1700 21 33 å
1862 1697 46 36 de
1938 1711 65 23 en-

397 1740 124 37 skilda
563 1742 196 37 bankerna
800 1757 93 23 voro
933 1745 218 47 behäftade,
1193 1746 71 36 och
1301 1747 169 47 begärde
1498 1747 11 35 i
1538 1747 278 48 sammanhang
1844 1748 158 36 härmed

397 1806 46 21 en
485 1792 166 36 revision
692 1793 41 36 af
769 1794 75 36 den
872 1794 13 36 i
918 1795 103 36 detta
1054 1795 182 37 afseende
1264 1797 180 47 gällande
1472 1797 257 48 lagstiftning.
1784 1798 115 36 Detta
1926 1798 75 36 för-

397 1842 163 37 anledde
604 1856 144 24 samma
787 1847 41 33 år
855 1845 253 37 tillsättandet
1136 1847 41 36 af
1196 1847 72 36 den
1298 1861 29 23 s.
1357 1848 36 35 k.
1423 1854 101 30 stora
1552 1848 286 47 bankkomitén,
1868 1849 132 36 dervid

396 1893 66 36 det
488 1894 149 48 sörjdes
665 1894 59 36 för
758 1900 55 31 att
841 1896 105 36 såväl
973 1896 255 38 riksbankens
1256 1911 83 23 som
1369 1899 46 35 de
1445 1898 175 37 enskilda
1647 1899 217 37 bankernas
1888 1899 112 36 måls-

395 1948 87 32 män
505 1944 129 38 blefvo
662 1945 103 37 inom
794 1946 170 37 komitén
992 1949 327 48 representerade.
1374 1949 16 35 I
1414 1949 66 36 sitt
1508 1949 73 36 den
1612 1951 45 34 14
1677 1950 207 36 december
1906 1952 93 35 1883

395 1994 143 48 afgifna
564 1995 195 38 utlåtande
783 1997 169 37 uttalade
982 1998 168 37 komitén
1179 2002 124 34 såsom
1334 2012 47 24 en
1410 2000 309 49 hufvudprincip,
1748 2005 55 31 att
1830 2000 65 37 det
1913 2001 86 46 mål,

395 2045 153 37 hvartill
576 2046 294 49 lagstiftningen
899 2048 10 35 i
939 2047 160 50 Sverige
1128 2053 49 45 på
1199 2050 309 37 bankväsendets
1528 2051 156 36 område
1704 2051 119 36 borde
1844 2052 155 46 sträfva,

395 2099 118 34 måste
555 2110 91 23 vara
686 2098 269 49 upphörandet
982 2099 41 36 af
1046 2100 75 36 den
1145 2101 175 36 enskilda
1349 2101 354 48 sedelutgifningen
1732 2102 71 36 och
1835 2102 163 37 koncen-

394 2147 195 37 trerandet
628 2148 42 36 af
707 2148 453 50 sedelutgifningsrätten
1201 2151 69 37 hos
1313 2165 48 23 en
1403 2152 99 36 enda
1542 2152 119 44 bank;
1704 2165 47 23 en
1779 2153 219 47 grundsats,

394 2197 113 37 hvars
542 2198 188 49 rigtighet
772 2201 134 35 vunnit
938 2201 134 36 sådant
1100 2202 259 44 erkännande,
1389 2208 54 30 att
1471 2203 71 35 alla
1572 2202 46 36 de
1649 2202 143 49 förslag
1819 2203 11 35 i
1859 2209 138 40 ämnet,

393 2261 80 23 som
503 2248 169 37 derefter
697 2250 183 48 förelagts
909 2251 228 48 Riksdagen,
1164 2254 175 48 upptagit
1359 2253 232 36 densamma.
1640 2253 140 36 Endast
1806 2267 59 23 om
1884 2259 114 30 sättet
