1898 2778
265 148 63 30 162
718 148 294 35 Statsutskottets
1026 149 183 35 utlåtande
1223 163 42 21 nr
1278 152 33 32 8.

311 226 115 42 351:o0)
456 225 298 35 Skandinavisk
785 226 280 35 bibliotekarie
1096 228 68 34 vid
1195 229 194 34 nordiska
1421 230 265 43 avdelningen
1718 242 51 23 av

267 278 89 34 S:te
375 278 459 36 Genevieévebiblioteket
852 280 13 33 i
883 280 117 34 Paris
1018 291 52 23 m.
1088 291 52 24 m.
1172 281 18 33 I
1209 282 156 42 enlighet
1383 283 82 34 med
1483 284 134 42 Kungl.
1636 284 130 42 Maj:ts

261 330 130 44 förslag
416 332 133 42 (punkt
573 336 77 36 375,
675 345 26 22 s.
726 336 65 31 471
818 334 66 32 och
908 335 98 41 472),
1030 334 111 34 vilket
1165 335 149 34 innebär
1337 336 195 35 anvisande
1557 349 46 21 av
1627 350 137 22 samma

263 384 270 45 anslagsbelopp
554 398 75 21 som
651 385 55 34 för
726 385 242 36 innevarande
989 387 186 43 budgetår,
1195 388 204 34 hemställer
1420 389 192 41 utskottet,

628 444 57 29 att
702 439 189 43 riksdagen
909 441 61 33 må
987 441 54 33 till
1058 441 264 34 Skandinavisk
1343 442 244 35 bibliotekarie
1605 444 63 33 vid
1685 456 80 22 nor-

581 493 102 34 diska
715 493 238 42 avdelningen
985 506 46 22 av
1063 495 76 34 S:te
1173 494 414 36 Genevievebiblioteket
1621 497 12 33 i
1664 497 100 34 Paris

584 559 47 21 m.
654 558 48 22 m.
726 546 56 34 för
804 546 213 43 budgetåret
1042 548 156 42 1952/53
1224 548 125 34 anvisa
1372 553 55 29 ett
1450 550 123 42 anslag
1596 562 47 21 av
1665 553 21 30 4
1701 553 67 31 600

582 599 142 35 kronor.

311 688 115 42 352:o)
453 687 152 44 Bidrag
627 688 62 34 till
711 687 190 45 avlöning
923 699 51 24 av
996 687 283 37 föreståndare
1301 690 67 34 för
1389 691 176 34 svenska
1587 690 182 35 student-

264 741 175 34 hemmet
463 741 14 34 i
502 742 128 33 Paris.
669 742 18 33 I
713 742 157 42 enlighet
893 743 82 33 med
1001 743 132 42 Kungl.
1159 743 132 42 Maj:ts
1315 743 131 43 förslag
1474 744 133 43 (punkt
1633 748 78 37 376,
1738 757 28 22 s.

262 793 97 43 472),
383 793 113 35 vilket
519 793 148 35 innebär
691 794 195 35 anvisande
911 807 46 22 av
982 807 137 22 samma
1143 796 273 44 anslagsbelopp
1440 809 77 22 som
1542 797 55 34 för
1621 798 145 34 inneva-

264 847 110 34 rande
393 846 187 44 budgetår,
601 847 205 35 hemställer
825 848 193 43 utskottet,

629 906 56 29 att
710 902 188 42 riksdagen
923 903 61 33 må
1009 903 54 33 till
1087 903 133 42 Bidrag
1247 903 54 34 till
1326 903 167 43 avlöning
1520 916 46 22 av
1591 905 175 41 förestån-

585 955 83 33 dare
697 956 57 41 för
782 955 153 34 svenska
964 956 308 34 studenthemmet
1301 957 12 33 i
1340 957 101 34 Paris
1470 957 55 34 för
1554 958 214 42 budgetåret

585 1008 158 43 1952/53
764 1008 124 34 anvisa
906 1013 55 29 ett
980 1010 122 42 anslag
1121 1022 45 21 av
1187 1013 19 30 9
1222 1013 67 31 000
1308 1010 140 34 kronor.

310 1098 115 42 353:0)
455 1097 245 43 Främjande
727 1107 52 24 av
807 1097 548 35 internationellt-kulturellt
1382 1100 241 33 samarbete.
1664 1100 18 33 I
1711 1111 59 22 en-

263 1149 110 42 lighet
394 1151 82 33 med
500 1150 133 42 Kungl.
656 1150 131 42 Maj:ts
811 1150 131 43 förslag
968 1151 131 43 (punkt
1123 1155 79 36 377,
1226 1164 27 21 s.
1277 1152 97 42 472),
1398 1152 113 34 vilket
1534 1153 148 33 innebär
1706 1165 61 21 an-

264 1202 145 35 visande
432 1216 48 21 av
501 1215 138 23 samma
660 1204 272 44 anslagsbelopp
954 1216 76 23 som
1053 1204 54 35 för
1128 1205 241 34 innevarande
1392 1205 187 43 budgetår,
1600 1206 168 34 hemstäl-

265 1257 50 33 ler
334 1257 191 41 utskottet,

631 1316 56 29 att
711 1311 187 43 riksdagen
923 1313 60 33 må
1006 1312 54 34 till
1083 1313 216 42 Främjande
1324 1325 45 21 av
1393 1313 376 34 internationellt-kul-

586 1366 121 33 turellt
728 1365 200 34 samarbete
950 1365 55 34 för
1025 1366 213 42 budgetåret
1261 1366 157 43 1952/53
1442 1366 126 34 anvisa
1588 1370 54 29 ett
1663 1378 107 22 reser-

583 1418 267 43 vationsanslag
872 1431 46 21 av
941 1422 66 31 225
1023 1423 66 30 000
1110 1419 141 34 kronor.

310 1508 116 41 3354:o0)
456 1507 244 44 Främjande
720 1517 52 24 av
792 1507 415 35 nordiskt-kulturellt
1227 1508 241 34 samarbete.
1502 1509 134 42 Kungl.
1657 1508 113 42 Maj:t

265 1561 64 33 har
350 1561 130 43 (punkt
500 1565 78 36 378,
597 1573 26 22 s.
641 1562 82 42 473)
746 1561 180 43 föreslagit
945 1562 186 42 riksdagen
1151 1566 56 29 att
1225 1562 54 35 till
1298 1562 102 34 detta
1418 1562 168 34 ändamål
1604 1561 55 34 för
1677 1562 89 33 bud-

264 1614 137 42 getåret
422 1614 158 43 1952/53
601 1614 124 34 anvisa
745 1619 54 28 ett
818 1614 360 43 reservationsanslag
1197 1627 46 21 av
1263 1618 68 30 200
1346 1618 66 31 000
1431 1614 141 34 kronor.

311 1702 19 34 I
346 1703 101 33 detta
463 1702 259 43 sammanhang
737 1703 65 33 har
817 1703 181 33 utskottet
1012 1703 54 33 till
1081 1703 217 42 behandling
1313 1702 156 34 förehaft
1484 1715 43 21 en
1543 1703 98 33 inom
1657 1701 113 34 andra

266 1756 208 34 kammaren
497 1769 45 21 av
564 1756 80 34 herr
665 1756 144 42 Edberg
831 1769 48 21 m.
901 1757 38 42 fl.
963 1757 109 33 väckt
1094 1756 137 34 motion
1259 1757 64 42 (II:
1340 1757 94 42 172),
1458 1757 76 33 vari
1557 1757 213 38 hemställts,

265 1814 56 29 att
343 1809 188 43 riksdagen
551 1810 115 33 måtte
688 1810 142 33 besluta
852 1814 56 29 att
929 1809 54 34 till
1005 1809 68 34 den
1095 1810 153 33 svenska
1269 1808 310 44 riksavdelningen
1601 1808 55 34 för
1676 1808 92 34 Nor-

263 1863 96 34 diskt
381 1863 367 34 sommaruniversitet
770 1863 117 33 såsom
909 1863 125 42 bidrag
1054 1863 54 34 för
1130 1863 214 42 deltagande
1365 1863 11 33 i
1397 1863 177 34 Nordiskt
1597 1875 168 21 sommar-

265 1915 227 35 universitets
514 1916 112 33 andra
646 1919 98 30 möte
769 1916 119 42 (1952)
914 1916 133 41 bevilja
1067 1920 54 29 ett
1142 1916 124 42 anslag
1286 1927 46 21 av
1353 1915 106 42 högst
1480 1918 44 31 30
1539 1918 67 31 000
1627 1915 142 33 kronor.

311 1996 132 42 Kungl.
467 1995 130 42 Maj:ts
620 1995 132 42 förslag
775 1995 147 34 innebär
947 1994 193 35 anvisande
1165 2007 47 21 av
1236 2007 137 22 samma
1397 1995 271 43 anslagsbelopp
1693 2006 77 22 som

265 2049 55 34 för
334 2050 239 33 innevarande
589 2049 187 42 budgetår.
791 2049 70 33 För
875 2048 240 35 innevarande
1132 2049 176 42 budgetår
1323 2052 39 30 är
1377 2049 112 33 under
1505 2049 160 42 anslaget
1678 2061 89 30 upp-

265 2102 80 34 förd
363 2114 43 22 en
423 2102 141 43 delpost
583 2103 20 33 å
620 2105 44 31 47
678 2105 69 31 400
764 2102 132 33 kronor
912 2101 54 34 till
987 2102 153 41 »Kungl.
1158 2100 130 43 Maj:ts
1307 2100 244 43 disposition».

311 2182 19 34 I
347 2182 184 35 motionen
547 2183 53 33 II:
614 2185 66 31 172
698 2182 66 33 har
783 2181 136 34 anförts
938 2182 110 33 bland
1067 2186 111 29 annat
1196 2181 169 42 följande.

311 2253 19 33 I
350 2252 142 43 augusti
514 2256 89 31 1950
624 2252 161 34 bildades
806 2251 176 35 Nordiskt
1002 2250 366 36 sommaruniversitet
1389 2251 118 34 såsom
1527 2264 43 21 en
1591 2262 178 22 samman-

266 2296 157 43 slutning
441 2309 47 21 av
505 2297 214 42 professorer
737 2296 66 34 och
822 2296 185 33 studenter
1025 2296 60 34 vid
1105 2295 165 43 samtliga
1288 2295 168 34 nordiska
1473 2295 211 34 universitet
1702 2294 67 35 och

264 2342 199 42 högskolor.
484 2341 92 33 Dess
598 2341 93 43 syfte
713 2344 39 30 är
774 2345 56 29 att
850 2340 132 34 bevara
1003 2340 66 34 och
1092 2340 121 33 stärka
1234 2339 152 34 enheten
1407 2339 98 34 inom
1527 2339 241 42 vetenskapen

265 2398 127 30 genom
415 2390 57 29 att
495 2397 41 31 ge
559 2385 167 34 nordiska
750 2383 228 35 akademiker
1000 2384 185 42 möjlighet
1209 2388 56 29 att
1288 2386 97 31 sätta
1407 2383 36 33 in
1467 2383 183 35 studierna
1673 2384 11 33 i
1708 2382 62 33 det

265 2442 90 30 egna
372 2433 122 31 ämnet
510 2429 12 34 i
538 2434 54 29 ett
610 2433 110 30 större
739 2428 270 42 sammanhang.
1026 2429 75 33 Det
1117 2440 102 21 avser
1237 2427 150 34 sålunda
1405 2432 56 29 att
1478 2428 204 34 motarbeta
1699 2427 69 33 den

264 2474 163 43 isolering
447 2474 68 34 och
534 2473 209 42 ensidighet,
764 2485 76 21 som
861 2472 104 34 blivit
985 2484 44 22 en
1049 2471 89 43 följd
1158 2484 47 21 av
1224 2472 70 33 den
1313 2471 230 43 nödvändiga
1562 2471 206 33 fackveten-
