1864 2778
433 151 125 40 Tredje
580 151 244 39 lagutskottets
847 151 180 31 utlåtande
1048 160 43 21 nr
1111 152 42 29 22
1174 151 39 29 år
1237 152 83 29 1965
1581 152 42 32 53

180 231 36 32 b)
247 232 49 29 att
317 231 170 30 utskottet
509 231 219 30 beträffande
751 230 502 40 övergångsbestämmelserna
1275 230 77 29 bort
1375 230 199 29 hemställa:

502 287 49 28 att
574 285 187 39 riksdagen
785 285 79 29 med
889 284 99 30 bifall
1014 284 51 30 till
1089 285 122 29 därom
1235 285 10 28 i
1270 284 219 29 motionerna
1514 283 29 30 I:
1559 283 63 30 658

457 338 64 28 och
540 338 44 29 II:
602 338 61 29 778
682 337 189 30 framställt
888 337 157 40 yrkande
1064 337 107 29 måtte
1189 336 53 30 för
1262 336 53 29 sin
1334 336 54 29 del
1407 336 126 38 antaga
1552 336 68 28 för-

457 391 73 39 slag
548 390 51 31 till
618 390 298 41 jordförvärvslag
935 390 79 30 med
1035 390 108 31 sådan
1163 389 148 40 ändring
1332 391 51 28 att
1402 389 111 29 första
1533 390 88 38 styc-

455 444 58 30 ket
530 445 11 29 i
557 444 503 39 övergångsbestämmelserna
1076 443 149 30 erhåller
1240 443 157 39 följande
1415 443 144 39 lydelse:

500 498 123 29 Denna
637 498 56 39 lag
707 498 115 29 träder
838 498 10 29 i
864 497 96 30 kraft
976 498 67 29 den
1061 498 14 29 1
1091 497 67 40 juli
1176 497 93 33 1965,
1286 496 44 30 då
1345 495 274 40 giltighetstiden

456 551 54 29 för
531 551 341 40 jordförvärvslagen
894 551 67 29 den
984 551 18 29 3
1023 551 78 39 juni
1125 550 83 30 1955
1235 550 57 34 (nr
1315 550 80 35 272)
1423 549 110 39 utgår,
1556 550 64 33 och

456 604 105 39 gäller
580 604 51 30 till
650 605 65 29 och
731 605 79 30 med
828 604 68 30 den
914 604 43 30 30
971 604 81 40 juni
1073 603 92 30 1970.

587 721 65 29 Vid
673 721 25 30 C
720 720 12 30 i
753 721 184 29 utskottets
958 719 207 30 hemställan

177 800 55 29 VI.
258 809 42 22 av
324 800 121 30 herrar
469 799 272 38 Alexanderson,
766 799 94 30 Ebbe
887 799 163 36 Ohlsson,
1076 798 167 37 Åkesson,
1270 797 145 41 Nyberg,
1441 797 141 30 Nilsson
1608 797 11 29 i

135 853 124 30 Svalöv
273 854 65 29 och
355 854 91 29 Tobé
463 855 91 28 samt
569 871 42 3 —
627 853 10 29 i
654 853 110 30 andra
779 852 94 30 hand
888 870 45 3 —
948 861 42 21 av
1005 841 121 40 herrar
1142 851 135 30 Sundin
1295 850 66 31 och
1377 850 164 37 Grebäck,
1559 850 60 30 vil-

134 907 44 30 ka
194 908 113 29 ansett

178 960 37 32 a)
245 961 50 28 att
315 960 56 30 det
392 960 130 30 avsnitt
543 969 42 21 av
605 959 188 30 utskottets
813 959 162 40 yttrande
999 968 74 20 som
1094 958 119 40 börjar
1234 957 44 41 på
1299 966 26 22 s.
1348 958 42 30 39
1410 957 79 30 med
1512 957 106 30 orden

135 1014 93 29 »Den
251 1013 327 40 förmånsställning
600 1022 94 20 som»
719 1013 64 29 och
805 1012 110 30 slutar
937 1012 80 30 med
1041 1012 181 29 »närmare
1245 1011 205 39 utredning»
1475 1011 77 29 bort
1573 1011 45 29 ha

133 1067 156 40 följande
310 1067 145 39 lydelse:

178 1120 117 40 Enligt
311 1120 88 30 flera
414 1120 172 29 motioner
602 1119 61 30 bör
679 1119 182 40 möjlighet
878 1119 134 40 öppnas
1030 1118 54 30 för
1101 1118 200 30 förvärvare
1317 1127 41 20 av
1375 1128 26 20 s.
1418 1117 33 30 k.
1469 1117 150 39 familje-

134 1175 197 40 skogsbruk
347 1176 50 28 att
415 1174 133 30 erhålla
566 1174 132 39 statligt
716 1173 195 30 kreditstöd
930 1173 11 30 i
959 1172 111 30 likhet
1087 1172 79 30 med
1183 1172 67 30 vad
1270 1181 75 20 som
1364 1172 107 39 gäller
1490 1171 54 30 för
1563 1180 58 21 en-

135 1228 114 30 skilda
263 1228 245 40 jordbrukare.
524 1226 394 41 Departementschefen
935 1235 102 22 anser
1054 1226 20 30 å
1091 1226 55 30 sin
1164 1225 75 31 sida
1256 1227 49 29 att
1323 1225 76 30 skäl
1418 1224 128 31 saknas
1565 1224 54 30 för

133 1282 57 30 det
211 1280 178 30 allmänna
411 1281 50 29 att
482 1279 222 30 ekonomiskt
726 1279 117 40 stödja
862 1279 103 30 dessa
986 1279 144 39 företag.
1152 1278 176 30 Utskottet
1351 1277 116 29 finner
1488 1277 54 29 för
1565 1276 53 30 sin

133 1335 54 30 del
204 1337 51 28 att
272 1344 42 21 en
332 1335 119 30 alltför
469 1335 86 29 snäv
572 1334 277 40 gränsdragning
863 1334 13 29 i
895 1333 95 30 detta
1007 1332 198 30 hänseende
1222 1331 130 30 mellan
1368 1331 249 30 kombinerade

132 1387 172 40 jordbruk
319 1388 64 29 och
398 1397 85 20 rena
498 1386 197 40 skogsbruk
709 1387 70 28 kan
794 1395 84 21 vara
891 1385 114 40 ägnad
1021 1385 49 29 att
1085 1385 78 29 leda
1178 1384 51 29 till
1246 1385 49 28 att
1310 1383 188 40 olämpliga
1513 1383 104 29 bruk-

133 1440 245 38 ningsenheter
402 1449 42 20 av
466 1439 246 30 förstnämnda
734 1438 74 40 slag
830 1438 179 29 bibehålls.
1033 1438 72 39 Fog
1127 1446 82 30 syns
1232 1437 118 29 vidare
1374 1436 166 39 föreligga
1564 1436 53 29 för

134 1494 270 39 uppfattningen
422 1495 50 28 att
489 1493 65 29 den
573 1501 120 21 senare
710 1491 345 39 brukningsformen,
1073 1499 79 21 vars
1168 1490 204 39 lämplighet
1390 1489 79 30 från
1487 1489 131 29 allmän

133 1547 180 40 synpunkt
328 1548 11 28 i
353 1547 66 29 och
434 1547 55 29 för
505 1546 50 40 sig
570 1546 30 39 ej
619 1546 97 30 torde
733 1545 107 29 sättas
856 1546 11 29 i
883 1544 109 40 fråga,
1008 1544 66 29 blir
1090 1543 60 30 allt
1166 1543 187 39 vanligare.
1369 1543 75 29 Den
1460 1542 157 30 enskilde

132 1601 243 28 förvärvarens
399 1599 231 30 ekonomiska
652 1598 166 41 ställning
840 1598 70 29 kan
935 1597 107 30 också
1065 1597 125 29 tänkas
1214 1596 229 39 omöjliggöra
1467 1605 42 20 en
1533 1596 85 29 kon-

134 1654 147 30 kurrens
298 1654 78 29 med
392 1662 97 21 mera
504 1652 257 40 kapitalstarka
776 1652 199 29 förvärvare
992 1660 56 20 om
1065 1650 164 40 lämpliga
1246 1649 370 39 skogsbruksenheter.

132 1707 202 29 Detsamma
352 1706 109 40 gäller
478 1706 57 30 vid
555 1706 138 29 förvärv
713 1715 42 20 av
773 1704 272 29 tillskottsmark
1066 1704 54 29 för
1139 1703 477 38 rationaliseringsändamål.

133 1760 175 30 Utskottet
324 1769 102 20 anser
442 1760 10 29 i
469 1759 150 39 enlighet
635 1759 79 29 med
731 1759 65 29 vad
812 1767 76 21 som
905 1757 212 30 framhållits
1135 1757 10 29 i
1162 1756 87 30 flera
1266 1756 172 29 motioner
1455 1757 50 28 att
1521 1756 96 29 inne-

132 1813 127 30 havare
278 1823 41 20 av
337 1823 26 20 s.
382 1813 33 29 k.
435 1811 336 40 familjeskogsbruk
790 1811 126 29 liksom
936 1810 211 30 innehavare
1167 1819 41 20 av
1227 1808 310 40 familjejordbruk
1556 1809 61 28 bör

132 1867 121 28 kunna
274 1866 142 29 komma
435 1866 11 29 i
467 1865 208 39 åtnjutande
696 1873 41 21 av
758 1864 117 38 statlig
895 1862 264 40 kreditgaranti.
1181 1863 74 29 Vad
1277 1862 170 29 utskottet
1469 1862 148 29 sålunda

131 1919 118 30 anfört
268 1919 60 30 bör
347 1926 57 31 ges
422 1918 126 39 Kungl.
568 1918 104 39 Maj:t
691 1917 51 29 till
760 1917 129 30 känna.

177 1973 36 31 b)
244 1974 49 28 att
309 1972 170 29 utskottet
495 1971 55 30 vid
566 1971 33 29 C.
616 1971 76 29 bort
707 1970 200 29 hemställa:

497 2026 50 28 att
562 2024 186 39 riksdagen
764 2024 9 28 i
791 2023 189 39 anledning
996 2032 41 20 av
1053 2022 218 30 motionerna
1288 2021 27 29 I:
1332 2021 63 30 652
1412 2021 64 29 och
1492 2021 123 33 11:770,

452 2077 27 29 I:
496 2077 61 30 657
574 2077 64 29 och
653 2077 44 29 II:
715 2076 60 29 777
791 2078 89 27 samt
897 2076 28 29 I:
941 2075 65 29 660
1020 2075 65 29 och
1099 2075 44 29 II:
1162 2075 62 29 776
1238 2074 107 30 måtte
1360 2075 10 29 i
1386 2073 165 30 skrivelse
1567 2074 50 29 till

454 2131 124 38 Kungl.
595 2130 104 39 Maj:t
715 2129 115 30 såsom
847 2129 54 29 sin
917 2129 140 38 mening
1074 2129 76 39 giva
1165 2128 51 30 till
1233 2128 118 29 känna
1365 2128 65 29 vad
1447 2128 170 28 utskottet

453 2183 116 30 anfört
585 2183 148 29 rörande
751 2182 132 38 statligt
900 2181 193 30 kreditstöd
1112 2181 50 29 till
1180 2180 211 30 innehavare
1409 2189 40 20 av
1467 2180 149 39 familje-

453 2236 206 40 skogsbruk.
