1866 2774
464 117 123 40 Tredje
607 118 245 39 lagutskottets
872 120 177 30 utlåtande
1068 130 41 20 nr
1126 121 42 29 22
1186 121 39 30 år
1245 121 83 29 1965
1601 124 37 29 17

198 193 329 40 Huvudgrunderna
560 196 9 29 i
601 198 400 40 promemorieförslaget
1033 199 167 29 omfattas
1230 199 78 29 med
1341 200 151 38 gillande
1524 209 41 21 av
1597 201 41 29 de

154 246 102 30 tHesta
272 247 361 32 remissinstanserna.
654 250 12 29 I
684 251 42 30 de
745 251 137 30 relativt
901 251 36 30 få
955 252 324 39 remissyttranden,
1299 253 62 29 där
1382 253 165 39 förslaget
1567 254 70 29 helt

153 300 171 39 avstyrks,
342 302 119 29 anförs
479 311 75 21 som
570 303 148 30 främsta
735 304 76 30 skäl
829 306 50 29 att
896 305 181 29 resultatet
1095 314 41 20 av
1155 305 83 30 1960
1256 305 56 30 års
1328 306 309 39 jordbruksutred-

153 353 101 39 nings
272 354 117 31 arbete
407 355 61 29 bör
488 356 165 30 avvaktas
672 357 110 30 innan
801 358 189 39 ändringar
1010 359 9 28 i
1038 359 509 40 jordförvärvslagstiftningen
1567 361 71 29 vid-

154 407 61 29 tas.
237 407 122 39 Någon
381 416 96 22 mera
499 409 170 39 ingående
691 411 208 39 motivering
921 412 53 29 för
997 411 114 30 denna
1135 412 219 39 ståndpunkt
1377 413 136 29 lämnas
1536 414 102 29 emel-

152 460 102 30 lertid
277 461 81 31 inte.
383 463 13 29 I
420 462 195 31 direktiven
639 464 54 29 för
715 464 427 41 jordbruksutredningen
1166 466 64 29 har
1254 466 11 29 i
1287 466 115 30 denna
1426 467 99 39 fråga
1549 468 89 29 utta-

154 514 63 29 lals
238 514 124 31 endast
382 517 50 28 att
452 516 232 39 utredningen
703 517 62 30 bör
785 527 83 21 vara
887 518 229 31 oförhindrad
1137 520 50 28 att
1207 520 35 29 ta
1262 528 69 31 upp
1353 520 208 39 spörsmålet
1582 530 55 20 om

151 567 227 39 jämkningar
399 569 10 29 i
431 569 66 30 den
518 570 249 39 jordpolitiska
789 571 264 40 lagstiftningen
1076 581 74 21 som
1174 573 106 39 gäller
1301 573 82 30 eller
1405 574 69 29 kan
1496 574 141 29 komma

152 621 50 28 att
228 621 154 30 beslutas
408 623 45 38 på
478 623 171 37 grundval
676 633 42 21 av
746 625 84 30 1958
856 625 55 29 års
938 625 364 40 jordlagsutrednings
1330 627 126 30 arbete.
1483 628 65 29 Det
1575 628 62 29 har

152 674 150 31 sålunda
329 675 185 30 förutsatts
544 678 49 29 att
621 677 509 40 jordförvärvslagstiftningen
1158 679 71 29 kan
1258 680 143 29 komma
1430 682 51 28 att
1509 681 128 29 ändras

154 727 108 30 under
289 727 68 30 den
380 729 51 30 tid
455 729 427 41 jordbruksutredningen
908 732 117 38 pågår.
1052 732 101 30 Flera
1179 733 234 39 remissorgan
1442 734 64 29 har
1533 735 105 29 också

151 781 68 28 den
242 782 272 39 uppfattningen
538 785 49 28 att
611 784 41 29 de
675 784 10 30 i
709 784 520 40 departementspromemorian
1254 786 198 40 föreslagna
1475 787 163 40 ändring-

152 842 86 21 arna
259 835 71 30 inte
352 835 38 30 är
411 844 96 22 mera
529 837 217 30 omfattande
768 838 46 30 än
836 840 49 28 att
908 838 42 30 de
971 839 186 29 motiveras
1179 849 42 20 av
1243 840 67 29 den
1331 840 108 30 redan
1461 841 176 39 pågående

152 888 396 39 omdaningsprocessen
572 890 94 30 inom
689 891 208 39 jordbruket
922 892 63 30 och
1008 892 243 39 skogsbruket.
1275 893 86 30 TCO
1384 894 134 29 erinrar
1540 895 43 29 bl.
1608 904 29 20 a.

152 949 54 21 om
229 943 50 28 att
298 942 284 39 organisationen
602 944 10 29 i
633 944 59 30 sitt
710 945 163 38 yttrande
893 945 38 30 år
953 945 82 31 1962
1055 946 79 29 över
1153 946 410 41 jordlagsutredningens
1583 949 55 28 be-

154 994 176 31 tänkande
349 995 143 30 särskilt
513 997 209 30 underströk
743 1000 50 28 att
812 998 95 30 tiden
925 1008 61 20 var
1005 1007 125 31 mogen
1149 1001 51 28 att
1220 1000 164 30 avveckla
1404 1001 65 29 den
1489 1001 149 39 lagstift-

153 1048 83 38 ning
256 1057 76 21 som
352 1049 145 29 hindrar
517 1050 176 38 juridiska
715 1059 166 30 personer
903 1054 49 27 att
975 1052 161 30 förvärva
1158 1053 100 29 mark
1281 1053 9 29 i
1314 1054 89 39 syfte
1427 1056 49 27 att
1498 1054 139 30 bedriva

152 1101 198 39 skogsbruk
369 1103 83 29 eller
470 1103 183 39 jordbruk.
675 1104 51 29 Av
745 1105 445 39 jordbruksutredningens
1211 1107 299 38 remissyttrande,
1533 1108 104 29 vilket

152 1162 58 31 ger
233 1155 140 39 uttryck
396 1156 35 29 åt
454 1156 57 30 två
534 1157 246 39 divergerande
804 1159 276 38 uppfattningar,
1105 1160 154 38 framgår
1283 1162 49 27 att
1354 1161 107 39 enligt
1484 1161 65 30 den
1574 1171 65 20 ena

153 1216 40 20 av
216 1208 102 30 dessa
341 1209 165 39 förslaget
530 1211 9 28 i
563 1210 76 30 sina
661 1211 208 40 huvuddrag
892 1212 39 29 är
953 1212 54 29 väl
1032 1213 163 38 förenligt
1218 1213 78 30 med
1320 1214 41 29 de
1383 1214 177 40 riktlinjer
1586 1216 52 28 för

152 1270 42 19 en
213 1261 243 31 inlensifierad
475 1263 426 40 rationaliseringspolitik
922 1274 74 21 som
1016 1266 231 39 utredningen
1268 1267 96 30 torde
1384 1268 142 29 komma
1548 1269 89 28 fram

154 1315 60 30 till.
236 1315 379 41 Huvudmyndigheten
637 1318 53 29 för
709 1318 226 39 jordbrukets
957 1319 291 40 rationalisering,
1270 1320 367 40 lantbruksstyrelsen,

154 1368 214 34 framhåller,
389 1370 49 28 att
458 1369 56 30 det
534 1370 107 29 sedan
661 1380 43 20 en
720 1371 64 29 rad
803 1380 42 21 av
863 1371 37 30 år
921 1372 95 29 finns
1036 1374 47 28 ett
1104 1373 179 38 angeläget
1304 1374 110 29 behov
1433 1384 41 19 av
1493 1384 42 20 en
1556 1376 81 28 tids-

152 1421 91 39 enlig
267 1421 65 39 lag,
357 1422 64 30 och
445 1422 191 39 tillstyrker
660 1425 50 29 att
733 1432 44 21 en
800 1434 47 30 ny
869 1425 297 39 jordförvärvslag
1192 1427 99 28 antas
1316 1435 58 21 nu.
1399 1427 77 30 Med
1502 1428 134 39 hänsyn

153 1475 50 31 till
227 1476 56 29 det
307 1476 148 30 anförda
479 1477 116 30 finner
617 1478 59 39 jag
697 1480 50 27 att
771 1487 42 21 en
836 1479 215 40 anpassning
1074 1480 107 39 enligt
1204 1481 40 29 de
1267 1480 9 29 i
1300 1481 337 41 departementspro-

152 1528 193 29 memorian
367 1529 149 38 angivna
538 1530 199 38 grunderna
759 1540 42 20 av
820 1531 509 40 jordförvärvslagstiftningen
1352 1534 51 28 till
1427 1534 212 39 utveckling-

153 1589 40 20 en
215 1581 95 29 inom
330 1582 208 37 jordbruket
560 1583 64 29 och
645 1583 232 39 skogsbruket
897 1584 61 29 bör
978 1585 122 30 kunna
1120 1585 61 30 ske
1202 1586 108 29 innan
1330 1587 309 38 jordbruksutred-

153 1634 128 39 ningen
305 1635 171 30 slutförts.
498 1636 64 39 Jag
585 1636 63 29 har
670 1637 57 29 vid
750 1637 94 30 detta
868 1638 335 39 ställningstagande
1226 1639 85 29 även
1335 1639 140 31 beaktat
1499 1643 50 27 att
1572 1641 65 34 det,

154 1687 115 29 såsom
289 1688 184 30 förutsatts
491 1689 10 29 i
519 1689 194 30 direktiven
731 1690 54 30 för
801 1691 427 40 jordbruksutredningen
1247 1693 64 29 och
1328 1693 143 30 betonas
1488 1704 42 20 av
1547 1695 91 28 vissa

153 1741 312 35 remissinstanser,
493 1742 143 37 givetvis
663 1744 30 38 ej
723 1743 112 30 möter
862 1744 122 29 hinder
1012 1746 50 28 att
1090 1753 122 30 genom
1242 1746 205 40 lagändring
1474 1747 82 30 eller
1583 1748 55 29 vid

156 1793 323 40 lagtillämpningen
511 1795 127 30 beakta
667 1796 42 30 de
739 1797 178 39 riktlinjer
949 1806 74 21 som
1056 1798 69 29 kan
1157 1798 143 30 komma
1330 1802 50 27 att
1411 1800 153 29 beslutas
1596 1802 42 37 på

154 1847 171 37 grundval
342 1857 40 20 av
395 1848 445 40 jordbruksutredningens
858 1850 125 30 arbete.

199 1900 11 27 I
230 1900 109 37 några
357 1900 187 29 remissvar
564 1902 183 29 framhålls
767 1911 74 20 som
862 1903 74 29 skäl
958 1903 53 29 för
1032 1904 159 38 uppskov
1210 1905 78 29 med
1308 1905 189 40 ändringar
1517 1907 10 28 i
1546 1907 94 38 jord-

155 1953 436 39 förvärvslagstiftningen,
620 1956 49 28 att
695 1955 171 29 villkoren
895 1956 54 29 för
977 1956 64 29 och
1069 1957 306 31 konsekvenserna
1404 1968 41 20 av
1471 1969 42 19 en
1542 1969 98 20 even-

155 2007 82 30 tuell
261 2008 125 29 svensk
409 2008 221 40 anknytning
652 2009 48 30 till
725 2009 82 30 EEC
830 2010 87 30 först
938 2010 61 30 bör
1021 2011 134 29 klarna.
1179 2012 63 29 Det
1265 2013 56 29 må
1343 2013 65 30 här
1427 2013 134 30 erinras
1584 2024 56 20 om

154 2062 50 27 att
225 2060 215 30 innebörden
463 2071 41 19 av
526 2062 82 29 våra
632 2062 236 40 förpliktelser
889 2063 44 39 på
954 2065 112 38 grund
1089 2074 42 19 av
1153 2065 410 32 EFTA-konventionens
1586 2068 54 29 be-

155 2114 218 30 stämmelser
393 2124 57 20 om
471 2115 165 30 nationell
658 2115 285 41 likabehandling
964 2118 193 29 utvecklats
1179 2118 9 29 i
1210 2119 260 39 propositionen
1492 2120 148 30 rörande

155 2167 249 38 upprättandet
424 2177 43 20 av
487 2168 571 41 frihandelssammanslutningen.
1081 2170 463 42 Etableringsutredningen,
1566 2183 73 20 som

155 2220 62 28 har
239 2222 48 27 att
308 2220 167 39 överväga
498 2222 76 28 med
597 2221 140 30 fortsatt
757 2222 208 38 integration
987 2224 347 38 sammanhängande
1355 2225 116 39 frågor
1492 2227 148 28 rörande

155 2272 43 28 bl.
223 2281 30 20 a.
278 2273 139 29 förvärv
440 2283 40 19 av
506 2274 67 28 fast
598 2275 177 38 egendom,
801 2276 181 28 motsätter
1007 2275 50 39 sig
1080 2276 72 29 inte
1176 2278 50 27 att
1248 2277 393 40 jordförvärvslagstift-

156 2325 126 38 ningen
308 2326 126 29 ändras
460 2327 83 28 utan
568 2327 172 29 avvaktan
764 2328 43 38 på
831 2327 180 30 resultatet
1036 2338 41 20 av
1101 2329 250 39 utredningens
1375 2331 126 29 arbete.
1526 2331 115 40 Enligt

156 2378 231 38 utredningen
409 2380 37 28 är
466 2379 55 29 det
544 2380 177 29 dessutom
743 2380 69 29 inte
834 2380 135 39 möjligt
989 2382 50 28 att
1060 2382 76 29 med
1158 2382 112 39 någon
1293 2383 110 29 större
1423 2385 83 38 grad
1528 2394 41 20 av
1589 2386 52 28 sä-

158 2431 120 29 kerhet
304 2431 109 29 uttala
439 2432 50 37 sig
514 2442 54 19 om
595 2433 65 29 hur
684 2435 71 27 stor
780 2434 269 29 sannolikheten
1073 2435 36 29 är
1136 2435 52 29 för
1214 2436 48 29 att
1289 2436 121 39 frågan
1436 2446 56 20 om
1517 2437 123 40 vidgad

189 2503 17 24 2
247 2502 109 29 Bihang
373 2502 46 23 till
436 2502 167 29 riksdagens
620 2503 147 29 protokoll
786 2504 73 22 1965.
875 2504 15 22 9
906 2505 82 22 saml.
1005 2505 14 21 3
1036 2505 62 23 avd.
1116 2506 38 22 Nr
1170 2509 32 19 22
