1864 2772
244 137 41 29 20
555 135 124 39 Tredje
698 135 244 39 lagutskottets
961 134 179 30 utlåtande
1158 143 41 20 nr
1216 134 42 28 22
1275 134 39 29 år
1335 133 82 29 1965

245 215 41 29 de
305 215 192 29 emellertid
514 224 83 20 vara
616 214 155 40 ogörligt.
789 214 65 39 Jag
871 214 71 29 kan
959 213 70 30 inte
1047 212 136 30 biträda
1201 213 41 29 de
1261 211 259 39 remissförslag
1539 219 74 21 som
1632 210 95 29 inne-

245 269 62 29 bär
333 269 49 28 att
409 268 99 39 lagen
535 268 112 29 skulle
675 267 239 30 uttömmande
941 274 84 31 ange
1053 265 340 39 förutsättningarna
1420 264 53 30 för
1500 263 227 30 förvärvstill-

245 321 114 30 stånd.
380 322 164 29 Däremot
564 321 72 34 bör,
658 321 115 29 såsom
795 320 90 29 skett
906 320 10 29 i
937 318 408 41 promemorieförslaget,
1368 317 233 39 uttryckligen
1622 324 104 31 anges

245 374 92 30 vissa
358 374 124 40 typfall
503 374 61 30 där
585 375 55 28 det
663 374 88 29 skall
770 382 82 21 vara
874 373 68 30 inte
963 373 83 29 bara
1067 372 135 40 möjligt
1223 374 85 27 utan
1328 370 151 31 normalt
1499 371 50 28 att
1570 369 157 30 tillstånd

246 436 68 31 ges.

291 480 12 28 I
332 479 401 39 promemorieförslaget
760 479 63 29 har
853 479 8 29 i
891 478 92 30 detta
1013 477 197 30 hänseende
1240 477 89 28 först
1357 476 103 39 tagits
1489 484 71 30 upp
1590 475 138 29 förvärv

246 540 75 21 som
341 533 79 39 görs
440 542 41 20 av
500 532 194 39 företagare
713 532 116 29 vilken
850 532 62 28 här
932 532 11 29 i
964 531 116 29 landet
1101 530 112 29 driver
1234 529 197 29 industriell
1452 528 82 30 eller
1555 528 173 29 kommer-

246 585 72 30 siell
343 585 222 30 verksamhet
588 586 53 28 för
664 585 175 39 förädling
861 594 41 20 av
922 584 207 39 jordbruks-
1149 584 80 28 eller
1253 581 299 40 skogsprodukter
1573 581 83 30 eller
1680 580 48 30 di-

246 639 188 29 stribution
455 647 41 21 av
516 638 394 38 jordbruksprodukter,
933 647 53 20 om
1013 637 223 29 förvärvaren
1259 636 79 29 med
1361 635 118 39 fånget
1501 634 228 30 huvudsakli-

246 698 64 31 gen
335 692 111 38 syftar
470 691 51 30 till
546 693 50 28 att
620 691 174 38 varaktigt
817 691 227 38 tillgodogöra
1067 690 52 39 sig
1142 689 232 39 egendomens
1400 688 104 29 alster
1529 688 10 29 i
1564 687 164 30 rörelsen.

247 745 128 29 Skälen
395 745 53 29 för
469 746 50 28 att
539 744 318 30 förvärvstillstånd
878 743 151 30 normalt
1048 743 61 29 bör
1130 742 176 30 meddelas
1328 742 10 29 i
1360 741 125 30 sådant
1505 741 62 29 fall
1588 758 44 3 —
1652 740 77 29 obe-

247 798 126 29 roende
393 807 41 21 av
452 807 55 20 om
527 798 224 29 förvärvaren
770 797 113 30 driver
902 797 53 29 sin
973 797 129 29 rörelse
1120 796 12 29 i
1149 795 214 39 bolagsform
1382 795 81 29 eller
1482 794 29 40 ej
1533 812 45 3 —
1596 794 63 29 har
1680 794 49 28 in-

245 851 131 38 gående
401 851 192 29 redovisats
619 852 11 28 i
655 850 276 39 promemorians
956 850 179 29 allmänna
1160 848 217 39 motivering.
1403 847 74 30 Vad
1503 847 107 39 gäller
1635 846 95 39 jord-

246 904 90 29 bruk
360 904 64 30 har
446 904 137 30 anförts
607 905 50 28 att
681 904 94 29 såväl
799 903 221 30 rättviseskäl
1046 911 74 21 som
1146 902 57 30 det
1227 902 179 28 allmänna
1430 901 163 28 intresset
1618 908 41 21 av
1685 899 45 29 fri

246 958 223 29 konkurrens
492 957 96 29 inom
612 957 213 38 produktion
850 957 64 29 och
938 956 127 29 handel
1090 956 88 28 talar
1204 956 52 28 för
1282 956 50 28 att
1358 954 208 38 förädlings-
1591 953 65 29 och
1681 953 49 29 di-

246 1010 343 39 stributionsföretag
617 1010 94 30 inom
740 1009 341 30 livsmedelssektorn
1110 1009 60 29 bör
1199 1008 34 29 få
1260 1007 183 40 möjlighet
1471 1009 50 27 att
1549 1006 180 29 utsträcka

247 1064 53 29 sin
316 1064 222 29 verksamhet
556 1064 51 29 till
625 1065 49 28 att
691 1063 148 30 omfatta
855 1063 86 29 även
956 1061 418 41 jordbruksproduktion.
1392 1061 13 28 I
1423 1060 98 39 fråga
1536 1068 58 21 om
1611 1059 119 39 skogs-

245 1117 103 29 mark
368 1117 65 29 har
453 1117 10 29 i
485 1116 259 39 promemorian
766 1116 210 29 framhållits
1000 1114 459 39 skogsindustriföretagens
1480 1113 112 29 behov
1614 1121 41 21 av
1677 1112 53 29 rå-

246 1170 160 36 varubas,
435 1170 295 38 angelägenheten
756 1179 42 20 av
826 1171 49 28 att
902 1168 202 30 nuvarande
1133 1167 379 40 skogsmarksinnehav
1540 1166 189 29 förbättras

247 1231 123 30 genom
390 1223 388 38 arronderingsförvärv
797 1223 66 29 och
881 1222 215 29 önskemålet
1118 1223 50 28 att
1185 1221 10 29 i
1214 1221 139 38 bygder,
1374 1220 61 30 där
1454 1219 208 40 jordbruket
1683 1219 47 29 vi-

247 1277 71 33 ker,
339 1276 171 39 frigjorda
529 1276 140 29 marker
689 1278 53 27 tas
763 1284 56 21 om
839 1275 94 30 hand
954 1276 54 28 för
1027 1274 161 30 rationell
1209 1273 331 39 skogsproduktion.

291 1329 423 39 Promemorieförslagets
739 1329 217 39 principiella
981 1328 219 39 ståndpunkt
1225 1328 10 29 i
1261 1327 115 30 denna
1400 1327 54 29 del
1480 1326 123 29 vinner
1628 1326 11 29 i
1664 1325 68 39 hög

247 1384 85 36 grad
351 1383 203 39 anslutning
570 1383 63 29 hos
652 1382 358 29 remissinstanserna.
1031 1382 73 28 Inte
1123 1381 123 29 endast
1264 1380 41 30 de
1324 1380 147 29 berörda
1490 1379 241 38 företagarnas

247 1437 276 38 organisationer
544 1437 86 28 utan
650 1436 87 29 även
756 1436 42 29 de
817 1437 94 28 stora
931 1433 485 40 löntagarorganisationerna
1436 1433 65 29 och
1520 1433 93 28 vissa
1633 1441 98 29 myn-

247 1490 157 38 digheter
426 1489 117 29 ställer
567 1490 51 38 sig
640 1489 93 29 klart
754 1488 158 39 positiva.
935 1488 78 29 Helt
1037 1487 186 29 avvisande
1245 1487 39 28 är
1307 1486 156 29 däremot
1488 1486 242 28 företrädarna

247 1543 54 29 för
320 1542 227 39 jordbrukets
570 1543 65 28 och
657 1542 56 29 det
734 1542 136 29 mindre
893 1540 249 39 skogsbrukets
1164 1539 286 39 organisationer.

290 1596 67 28 För
379 1596 74 29 min
473 1595 54 30 del
551 1596 115 28 finner
687 1595 60 39 jag
769 1595 40 29 de
832 1595 10 29 i
865 1592 519 41 departementspromemorian
1407 1592 149 29 anförda
1578 1591 151 29 motiven

247 1651 55 29 för
323 1650 145 39 vidgade
492 1649 381 40 förvärvsmöjligheter
892 1649 56 29 för
972 1648 143 39 företag,
1140 1656 73 21 som
1235 1647 149 29 behöver
1405 1647 80 39 jord
1508 1646 83 30 eller
1614 1646 85 39 skog
1720 1645 11 29 i

248 1703 55 28 sin
330 1702 138 34 rörelse,
496 1711 84 21 vara
606 1702 163 29 bärande.
798 1701 78 30 Med
903 1701 65 29 den
997 1700 209 39 utveckling,
1235 1708 75 20 som
1339 1699 91 30 skett
1458 1699 45 38 på
1530 1700 97 27 snart
1656 1699 76 37 sagt

247 1756 69 29 alla
335 1755 270 30 samhällslivets
626 1755 176 33 områden,
824 1755 38 29 är
881 1754 56 29 det
957 1754 71 29 inte
1049 1753 118 39 längre
1188 1752 212 39 nödvändigt
1422 1753 49 28 att
1493 1751 236 39 upprätthålla

247 1816 137 21 samma
407 1809 141 37 stränga
571 1809 99 37 spärr
693 1810 74 27 mot
790 1808 117 38 bolags
932 1808 64 29 och
1019 1807 111 29 andra
1152 1806 176 39 juridiska
1351 1814 183 30 personers
1558 1804 174 29 markför-

248 1863 83 28 värv
362 1871 75 20 som
468 1861 380 39 bolagsförbudslagen.
880 1861 164 29 Tvärtom
1077 1860 87 29 talar
1196 1860 105 38 enligt
1333 1859 73 29 min
1438 1858 142 38 mening
1612 1858 119 29 starka

248 1914 401 30 samhällsekonomiska
671 1914 76 29 skäl
771 1914 55 29 för
849 1916 49 27 att
921 1913 134 39 företag
1078 1913 79 29 med
1180 1913 65 29 den
1269 1912 195 38 inriktning
1488 1920 75 20 som
1587 1911 57 29 det
1668 1911 63 28 här

247 1968 38 29 är
303 1968 99 39 fråga
419 1977 56 20 om
492 1968 53 29 får
563 1967 136 30 tillfälle
718 1969 50 27 att
783 1967 203 29 kombinera
1004 1967 53 28 sin
1075 1966 127 29 rörelse
1220 1965 78 30 med
1316 1964 343 39 råvaruproduktion
1678 1963 53 29 för

247 2023 76 37 eget
341 2021 121 30 behov.
482 2020 444 30 Ombudsmannaämbetet
946 2020 53 29 för
1021 2018 391 40 näringsfrihetsfrågor
1432 2018 63 29 har
1516 2017 105 30 också
1642 2017 10 29 i
1673 2017 59 28 sitt

247 2075 187 29 remissvar
458 2074 113 30 starkt
593 2073 243 30 understrukit
858 2073 144 29 behovet
1027 2082 41 20 av
1091 2072 91 29 ökad
1205 2071 221 29 konkurrens
1452 2071 94 29 inom
1571 2071 41 29 de
1637 2070 95 29 delar

248 2136 40 20 ov
308 2128 225 38 näringslivet
554 2136 75 21 som
649 2127 39 29 är
705 2126 170 30 beroende
895 2135 41 21 av
953 2125 219 39 jordbruket.
1193 2125 11 29 I
1226 2125 97 38 fråga
1344 2133 56 21 om
1421 2124 232 38 skogsbruket
1673 2123 57 29 vill

246 2181 61 38 jag
326 2181 147 29 hänvisa
492 2181 51 29 till
565 2181 51 29 att
636 2180 44 30 bl.
700 2189 28 21 a.
750 2179 154 30 Svenska
925 2178 459 39 Skogsarbetareförbundet
1405 2186 101 21 anser
1528 2179 50 27 att
1599 2177 134 38 bolags-

249 2234 247 38 förbudslagen
516 2234 62 29 bör
598 2233 181 39 upphävas
800 2233 64 29 och
884 2234 50 28 att
953 2232 135 39 fysiska
1109 2231 63 30 och
1191 2231 177 38 juridiska
1388 2239 183 30 personers
1594 2230 138 29 förvärv

248 2287 112 30 måste
379 2287 164 29 bedömas
565 2287 79 29 från
666 2294 135 21 samma
820 2284 313 40 utgångspunkter.

293 2340 54 29 En
374 2349 41 20 av
443 2340 42 29 de
512 2339 256 38 invändningar
798 2347 74 21 som
902 2338 167 30 framförs
1099 2339 72 27 mot
1200 2337 401 39 promemorieförslaget
1630 2344 102 30 synes

249 2393 137 38 srunda
405 2393 52 39 sig
477 2393 44 38 på
541 2393 68 29 den
629 2392 281 39 uppfattningen,
932 2393 48 27 att
1002 2390 222 30 lättnaderna
1244 2390 54 29 för
1320 2390 41 30 de
1383 2390 150 38 angivna
1553 2389 179 38 företagen

249 2446 113 30 skulle
386 2446 118 29 alltför
527 2445 139 39 mycket
690 2445 161 38 försvaga
873 2444 55 30 det
953 2444 95 29 förut
1071 2444 153 29 nämnda
1248 2443 148 38 skyddet
1421 2443 53 29 för
1499 2442 117 29 aktiva
1639 2441 94 39 jord-
