2279 2813
619 241 214 41 Bevillnings-
841 240 162 50 Utskottets.
1025 242 211 32 Betänkande
1272 245 60 30 N:o
1354 244 52 31 17.
1742 245 15 30 I

903 760 78 41 N:o
1010 759 60 42 17.

735 951 76 28 Ank.
837 950 50 29 till
909 950 103 29 Riksd.
1036 951 106 28 Kansli
1165 951 56 28 den
1249 950 37 29 17
1310 952 58 36 Maj
1397 951 92 36 1871,
1513 953 41 28 kl.
1583 954 13 26 I
1623 962 26 18 e.
1673 963 38 17 m.

396 1091 247 49 Betänkande,
685 1092 183 49 angående
905 1093 95 36 tiden
1028 1095 65 48 för
1129 1093 267 48 tillämpningen
1423 1095 47 47 af
1491 1093 224 50 Riksdagens
1743 1095 55 35 be-

597 1143 68 37 slut
693 1143 17 36 i
734 1146 165 49 afseende
926 1147 22 34 å
968 1144 216 52 förhöjning
1210 1146 47 49 af
1279 1144 43 36 så
1350 1145 58 36 väl
1433 1159 49 22 nu
1506 1145 168 49 gällande
1692 1147 108 36 brän-

596 1195 447 53 vinstillverkningsafgift,
1071 1210 73 23 som
1171 1196 95 37 vissa
1293 1196 182 37 tullsatser.

323 1299 56 36 Då
419 1300 57 35 det
509 1303 98 44 synts
634 1298 185 37 Utskottet
844 1311 85 23 vara
957 1300 38 38 af
1016 1303 72 32 stor
1115 1299 76 47 vigt
1218 1303 51 32 att
1296 1300 67 35 den
1389 1299 200 49 förhöjning
1616 1302 51 34 uti
1694 1302 104 35 brän-

194 1351 477 48 vinstillverkningsafgiften
712 1351 177 37 äfvensom
921 1352 12 37 i
979 1351 225 37 tullsatserna
1231 1352 21 34 å
1279 1351 177 48 åtskilliga
1483 1353 151 44 artiklar,
1664 1365 73 24 som
1765 1354 39 35 af

194 1403 209 49 Riksdagen
429 1416 49 25 nu
506 1403 182 45 beslutats,
716 1403 116 46 måtte,
861 1403 38 36 så
925 1403 68 37 fort
1020 1404 61 37 ske
1108 1404 81 46 kan,
1216 1404 109 35 varda
1339 1404 188 48 tillämpad,
1543 1417 43 23 en
1605 1405 99 47 åsigt,
1725 1418 74 23 som

194 1456 10 35 i
232 1455 174 36 likartade
436 1455 62 35 fall
531 1456 58 35 vid
627 1457 94 34 1867
757 1455 56 36 års
840 1454 144 48 riksdag
1011 1455 103 36 äfven
1141 1455 125 36 vunnit
1291 1455 221 48 Riksdagens
1531 1457 267 47 godkännande,

194 1507 67 36 och
288 1519 75 25 som
389 1507 148 38 sålunda
563 1508 81 35 icke
670 1507 97 36 torde
795 1507 39 37 af
857 1506 179 37 Utskottet
1063 1507 149 37 behöfva
1239 1511 161 32 närmare
1427 1509 191 46 utvecklas,
1647 1509 53 35 får
1733 1509 66 36 Ut-

196 1559 128 35 skottet
354 1559 200 37 hemställa:

706 1613 62 33 1:o.
810 1614 50 31 att
893 1611 67 35 den
996 1611 59 34 vid
1088 1611 236 36 innevarande
1352 1611 143 47 riksdag
1522 1612 180 36 beslutade
1729 1613 70 35 för-

598 1662 147 48 höjning
785 1663 11 34 i
836 1662 393 47 tillverkningsafgiften
1269 1663 52 35 för
1366 1664 148 35 bränvin
1555 1665 91 35 skall
1686 1665 114 35 såsom

599 1714 262 48 tilläggsafgift
901 1714 52 35 till
985 1714 65 37 den
1079 1727 47 22 nu
1154 1715 162 46 gällande
1339 1715 131 46 jemväl
1497 1717 237 35 innevarande
1761 1717 39 35 år

598 1770 153 43 utgöras,
780 1766 65 35 och
872 1766 133 35 således
1033 1766 395 47 tillverkningsafgiften
1454 1768 85 46 utgå
1566 1768 78 35 med
1673 1770 47 34 80
1741 1772 59 32 öre

599 1830 62 35 per
687 1817 119 37 kanna
833 1829 56 24 om
919 1820 46 33 50
993 1822 160 42 procents
1181 1819 119 46 styrka
1327 1819 58 34 vid
1401 1829 25 24 +
1446 1817 63 37 159
1537 1818 146 46 Celsius,
1711 1824 89 31 samt

598 1873 51 32 att
676 1869 204 47 Riksdagen
907 1870 105 35 måtte
1039 1869 53 36 för
1119 1870 124 35 sådant
1270 1870 161 37 ändamål
1459 1870 62 37 hos
1548 1870 130 48 Kongl.
1699 1871 102 47 Maj:t

598 1921 11 35 i
636 1921 280 47 underdånighet
942 1921 152 46 anhålla,
1122 1925 50 31 att
1199 1922 68 36 den
1293 1934 69 35 nya
1388 1922 204 48 förordning
1618 1923 182 47 angående

598 1973 160 35 vilkoren
785 1973 51 36 för
864 1974 164 37 bränvins
1055 1973 238 48 tillverkning,
1321 1973 141 37 hvartill
1490 1975 222 47 Riksdagens
1739 1975 59 36 be-

599 2024 70 36 slut
710 2025 207 46 föranleder,
958 2026 115 45 måtte,
1102 2026 38 35 så
1168 2030 97 31 snart
1293 2026 60 36 ske
1382 2026 81 46 kan,
1491 2027 109 35 varda
1626 2027 172 47 utfärdad,

599 2076 53 36 för
679 2080 50 32 att
757 2080 124 43 genast
907 2077 106 35 lända
1040 2077 53 35 till
1121 2077 242 48 efterrättelse;

708 2130 65 34 2:0.
814 2132 51 32 att
905 2129 41 35 de
974 2129 170 36 likaledes
1172 2129 38 36 af
1231 2129 204 48 Riksdagen
1461 2131 180 36 beslutade
1669 2131 130 48 förhöj-

600 2180 125 47 ningar
752 2180 11 35 i
791 2181 251 47 tullafgifterna
1071 2181 20 34 å
1119 2181 190 36 artiklarne
1337 2183 147 35 bränvin
1512 2183 65 36 och
1604 2183 87 47 sprit
1710 2187 90 32 samt

600 2231 109 36 ether
737 2232 65 36 och
829 2232 107 35 ether
964 2233 214 47 spirituosus,
1207 2233 176 36 äfvensom
1412 2235 67 34 den
1506 2234 193 36 fastställda
1717 2235 81 35 tull-

602 2287 115 34 satsen
757 2284 21 35 å
819 2284 112 47 öfriga
971 2284 211 47 seetherarter,
1218 2286 107 35 måtte
1353 2285 102 36 äfven
1482 2286 53 36 för
1561 2287 238 35 innevarande

601 2335 40 38 år
668 2336 111 35 såsom
808 2336 284 47 tilläggsafgifter
1119 2336 199 47 fastställas,
1346 2341 89 32 samt
1461 2338 79 36 från
1559 2338 65 37 och
1639 2338 78 36 med
1731 2339 69 35 den

287 2396 75 32 Bih.
388 2395 48 37 till
458 2397 109 34 Riksd.
598 2402 81 32 Prot.
702 2404 93 30 1871.
828 2403 9 30 5
861 2402 96 32 Saml.
983 2404 18 28 1
1027 2403 74 39 Afd.
1126 2403 41 31 15
1191 2404 92 39 Bäft.
