<?xml version="1.0" encoding="UTF-8"?>
<alto xmlns="http://www.loc.gov/standards/alto/ns-v3#" xmlns:xlink="http://www.w3.org/1999/xlink" xmlns:xsi="http://www.w3.org/2001/XMLSchema-instance" xsi:schemaLocation="http://www.loc.gov/standards/alto/ns-v3# http://www.loc.gov/alto/v3/alto-3-0.xsd">
	<Description>
		<MeasurementUnit>pixel</MeasurementUnit>
		<sourceImageInformation>
			<fileName>/tmp/tess_cn9pivr1_input.PNG</fileName>
		</sourceImageInformation>
		<OCRProcessing ID="OCR_0">
			<ocrProcessingStep>
				<processingSoftware>
					<softwareName>tesseract 5.3.0</softwareName>
				</processingSoftware>
			</ocrProcessingStep>
		</OCRProcessing>
	</Description>
	<Layout>
		<Page WIDTH="1878" HEIGHT="2822" PHYSICAL_IMG_NR="0" ID="page_0">
			<PrintSpace HPOS="0" VPOS="0" WIDTH="1878" HEIGHT="2822">
				<ComposedBlock ID="cblock_0" HPOS="512" VPOS="161" WIDTH="1056" HEIGHT="33">
					<TextBlock ID="block_0" HPOS="512" VPOS="161" WIDTH="1056" HEIGHT="33">
						<TextLine ID="line_0" HPOS="512" VPOS="161" WIDTH="1056" HEIGHT="33">
							<String ID="string_0" HPOS="512" VPOS="162" WIDTH="291" HEIGHT="32" WC="0.91" CONTENT="Statsutskottets"/><SP WIDTH="24" VPOS="162" HPOS="803"/>
							<String ID="string_1" HPOS="827" VPOS="162" WIDTH="187" HEIGHT="31" WC="0.96" CONTENT="utlåtande"/><SP WIDTH="26" VPOS="162" HPOS="1014"/>
							<String ID="string_2" HPOS="1040" VPOS="162" WIDTH="51" HEIGHT="31" WC="0.95" CONTENT="Nr"/><SP WIDTH="28" VPOS="162" HPOS="1091"/>
							<String ID="string_3" HPOS="1119" VPOS="161" WIDTH="73" HEIGHT="31" WC="0.94" CONTENT="109."/><SP WIDTH="336" VPOS="161" HPOS="1192"/>
							<String ID="string_4" HPOS="1528" VPOS="162" WIDTH="40" HEIGHT="30" WC="0.96" CONTENT="15"/>
						</TextLine>
					</TextBlock>
				</ComposedBlock>
				<ComposedBlock ID="cblock_1" HPOS="99" VPOS="236" WIDTH="1514" HEIGHT="819">
					<TextBlock ID="block_1" HPOS="99" VPOS="236" WIDTH="1514" HEIGHT="819">
						<TextLine ID="line_1" HPOS="149" VPOS="236" WIDTH="1463" HEIGHT="39">
							<String ID="string_5" HPOS="149" VPOS="236" WIDTH="98" HEIGHT="33" WC="0.96" CONTENT="Även"/><SP WIDTH="25" VPOS="236" HPOS="247"/>
							<String ID="string_6" HPOS="272" VPOS="238" WIDTH="93" HEIGHT="31" WC="0.96" CONTENT="inom"/><SP WIDTH="25" VPOS="238" HPOS="365"/>
							<String ID="string_7" HPOS="390" VPOS="238" WIDTH="185" HEIGHT="36" WC="0.96" CONTENT="riksdagen"/><SP WIDTH="23" VPOS="238" HPOS="575"/>
							<String ID="string_8" HPOS="598" VPOS="239" WIDTH="63" HEIGHT="29" WC="0.93" CONTENT="har"/><SP WIDTH="22" VPOS="239" HPOS="661"/>
							<String ID="string_9" HPOS="683" VPOS="240" WIDTH="111" HEIGHT="34" WC="0.91" CONTENT="mynt-"/><SP WIDTH="25" VPOS="240" HPOS="794"/>
							<String ID="string_10" HPOS="819" VPOS="238" WIDTH="59" HEIGHT="31" WC="0.93" CONTENT="och"/><SP WIDTH="25" VPOS="238" HPOS="878"/>
							<String ID="string_11" HPOS="903" VPOS="239" WIDTH="325" HEIGHT="35" WC="0.90" CONTENT="justeringsverkets"/><SP WIDTH="24" VPOS="239" HPOS="1228"/>
							<String ID="string_12" HPOS="1252" VPOS="239" WIDTH="173" HEIGHT="31" WC="0.93" CONTENT="arbetares"/><SP WIDTH="16" VPOS="239" HPOS="1425"/>
							<String ID="string_13" HPOS="1441" VPOS="239" WIDTH="171" HEIGHT="36" WC="0.91" CONTENT="pensions-"/>
						</TextLine>
						<TextLine ID="line_2" HPOS="104" VPOS="289" WIDTH="1508" HEIGHT="39">
							<String ID="string_14" HPOS="104" VPOS="289" WIDTH="98" HEIGHT="37" WC="0.96" CONTENT="fråga"/><SP WIDTH="23" VPOS="289" HPOS="202"/>
							<String ID="string_15" HPOS="225" VPOS="291" WIDTH="43" HEIGHT="35" WC="0.95" CONTENT="på"/><SP WIDTH="22" VPOS="291" HPOS="268"/>
							<String ID="string_16" HPOS="290" VPOS="300" WIDTH="118" HEIGHT="21" WC="0.96" CONTENT="senare"/><SP WIDTH="24" VPOS="300" HPOS="408"/>
							<String ID="string_17" HPOS="432" VPOS="291" WIDTH="49" HEIGHT="31" WC="0.96" CONTENT="tid"/><SP WIDTH="26" VPOS="291" HPOS="481"/>
							<String ID="string_18" HPOS="507" VPOS="291" WIDTH="187" HEIGHT="30" WC="0.94" CONTENT="framförts."/><SP WIDTH="48" VPOS="291" HPOS="694"/>
							<String ID="string_19" HPOS="742" VPOS="291" WIDTH="17" HEIGHT="30" WC="0.94" CONTENT="I"/><SP WIDTH="22" VPOS="291" HPOS="759"/>
							<String ID="string_20" HPOS="781" VPOS="291" WIDTH="190" HEIGHT="35" WC="0.96" CONTENT="anledning"/><SP WIDTH="23" VPOS="291" HPOS="971"/>
							<String ID="string_21" HPOS="994" VPOS="301" WIDTH="44" HEIGHT="20" WC="0.96" CONTENT="av"/><SP WIDTH="24" VPOS="301" HPOS="1038"/>
							<String ID="string_22" HPOS="1062" VPOS="292" WIDTH="48" HEIGHT="30" WC="0.96" CONTENT="ett"/><SP WIDTH="23" VPOS="292" HPOS="1110"/>
							<String ID="string_23" HPOS="1133" VPOS="301" WIDTH="45" HEIGHT="20" WC="0.96" CONTENT="av"/><SP WIDTH="24" VPOS="301" HPOS="1178"/>
							<String ID="string_24" HPOS="1202" VPOS="291" WIDTH="131" HEIGHT="36" WC="0.96" CONTENT="Kungl."/><SP WIDTH="25" VPOS="291" HPOS="1333"/>
							<String ID="string_25" HPOS="1358" VPOS="292" WIDTH="103" HEIGHT="36" WC="0.96" CONTENT="Maj:t"/><SP WIDTH="22" VPOS="292" HPOS="1461"/>
							<String ID="string_26" HPOS="1483" VPOS="291" WIDTH="65" HEIGHT="31" WC="0.96" CONTENT="den"/><SP WIDTH="24" VPOS="291" HPOS="1548"/>
							<String ID="string_27" HPOS="1572" VPOS="291" WIDTH="40" HEIGHT="31" WC="0.96" CONTENT="30"/>
						</TextLine>
						<TextLine ID="line_3" HPOS="103" VPOS="342" WIDTH="1510" HEIGHT="36">
							<String ID="string_28" HPOS="103" VPOS="343" WIDTH="181" HEIGHT="30" WC="0.96" CONTENT="november"/><SP WIDTH="25" VPOS="343" HPOS="284"/>
							<String ID="string_29" HPOS="309" VPOS="343" WIDTH="84" HEIGHT="30" WC="0.96" CONTENT="1922"/><SP WIDTH="25" VPOS="343" HPOS="393"/>
							<String ID="string_30" HPOS="418" VPOS="342" WIDTH="102" HEIGHT="32" WC="0.96" CONTENT="fattat"/><SP WIDTH="24" VPOS="342" HPOS="520"/>
							<String ID="string_31" HPOS="544" VPOS="342" WIDTH="120" HEIGHT="36" WC="0.96" CONTENT="beslut,"/><SP WIDTH="24" VPOS="342" HPOS="664"/>
							<String ID="string_32" HPOS="688" VPOS="344" WIDTH="51" HEIGHT="29" WC="0.96" CONTENT="att"/><SP WIDTH="25" VPOS="344" HPOS="739"/>
							<String ID="string_33" HPOS="764" VPOS="343" WIDTH="82" HEIGHT="30" WC="0.96" CONTENT="1921"/><SP WIDTH="26" VPOS="343" HPOS="846"/>
							<String ID="string_34" HPOS="872" VPOS="344" WIDTH="55" HEIGHT="29" WC="0.93" CONTENT="års"/><SP WIDTH="23" VPOS="344" HPOS="927"/>
							<String ID="string_35" HPOS="950" VPOS="343" WIDTH="358" HEIGHT="35" WC="0.91" CONTENT="pensionskommittés"/><SP WIDTH="21" VPOS="343" HPOS="1308"/>
							<String ID="string_36" HPOS="1329" VPOS="344" WIDTH="140" HEIGHT="30" WC="0.96" CONTENT="arbeten"/><SP WIDTH="16" VPOS="344" HPOS="1469"/>
							<String ID="string_37" HPOS="1485" VPOS="343" WIDTH="61" HEIGHT="31" WC="0.93" CONTENT="och"/><SP WIDTH="16" VPOS="343" HPOS="1546"/>
							<String ID="string_38" HPOS="1562" VPOS="344" WIDTH="51" HEIGHT="30" WC="0.92" CONTENT="ut-"/>
						</TextLine>
						<TextLine ID="line_4" HPOS="104" VPOS="394" WIDTH="1509" HEIGHT="37">
							<String ID="string_39" HPOS="104" VPOS="394" WIDTH="185" HEIGHT="36" WC="0.91" CONTENT="redningar"/><SP WIDTH="23" VPOS="394" HPOS="289"/>
							<String ID="string_40" HPOS="312" VPOS="395" WIDTH="122" HEIGHT="35" WC="0.95" CONTENT="skulle,"/><SP WIDTH="24" VPOS="395" HPOS="434"/>
							<String ID="string_41" HPOS="458" VPOS="395" WIDTH="12" HEIGHT="30" WC="0.95" CONTENT="i"/><SP WIDTH="25" VPOS="395" HPOS="470"/>
							<String ID="string_42" HPOS="495" VPOS="395" WIDTH="67" HEIGHT="30" WC="0.96" CONTENT="vad"/><SP WIDTH="25" VPOS="395" HPOS="562"/>
							<String ID="string_43" HPOS="587" VPOS="395" WIDTH="40" HEIGHT="30" WC="0.93" CONTENT="de"/><SP WIDTH="22" VPOS="395" HPOS="627"/>
							<String ID="string_44" HPOS="649" VPOS="396" WIDTH="126" HEIGHT="34" WC="0.89" CONTENT="avsåge"/><SP WIDTH="24" VPOS="396" HPOS="775"/>
							<String ID="string_45" HPOS="799" VPOS="395" WIDTH="104" HEIGHT="30" WC="0.96" CONTENT="bland"/><SP WIDTH="24" VPOS="395" HPOS="903"/>
							<String ID="string_46" HPOS="927" VPOS="397" WIDTH="106" HEIGHT="28" WC="0.96" CONTENT="annat"/><SP WIDTH="24" VPOS="397" HPOS="1033"/>
							<String ID="string_47" HPOS="1057" VPOS="395" WIDTH="123" HEIGHT="36" WC="0.95" CONTENT="frågan"/><SP WIDTH="24" VPOS="395" HPOS="1180"/>
							<String ID="string_48" HPOS="1204" VPOS="406" WIDTH="55" HEIGHT="20" WC="0.96" CONTENT="om"/><SP WIDTH="16" VPOS="406" HPOS="1259"/>
							<String ID="string_49" HPOS="1275" VPOS="396" WIDTH="64" HEIGHT="31" WC="0.96" CONTENT="den"/><SP WIDTH="17" VPOS="396" HPOS="1339"/>
							<String ID="string_50" HPOS="1356" VPOS="395" WIDTH="257" HEIGHT="32" WC="0.95" CONTENT="statsanställda"/>
						</TextLine>
						<TextLine ID="line_5" HPOS="103" VPOS="446" WIDTH="1509" HEIGHT="37">
							<String ID="string_51" HPOS="103" VPOS="446" WIDTH="261" HEIGHT="31" WC="0.91" CONTENT="icke-ordinarie"/><SP WIDTH="23" VPOS="446" HPOS="364"/>
							<String ID="string_52" HPOS="387" VPOS="447" WIDTH="217" HEIGHT="35" WC="0.96" CONTENT="personalens"/><SP WIDTH="23" VPOS="447" HPOS="604"/>
							<String ID="string_53" HPOS="627" VPOS="447" WIDTH="252" HEIGHT="36" WC="0.95" CONTENT="pensionering,"/><SP WIDTH="26" VPOS="447" HPOS="879"/>
							<String ID="string_54" HPOS="905" VPOS="447" WIDTH="79" HEIGHT="30" WC="0.96" CONTENT="från"/><SP WIDTH="24" VPOS="447" HPOS="984"/>
							<String ID="string_55" HPOS="1008" VPOS="447" WIDTH="61" HEIGHT="30" WC="0.96" CONTENT="och"/><SP WIDTH="24" VPOS="447" HPOS="1069"/>
							<String ID="string_56" HPOS="1093" VPOS="447" WIDTH="77" HEIGHT="31" WC="0.96" CONTENT="med"/><SP WIDTH="24" VPOS="447" HPOS="1170"/>
							<String ID="string_57" HPOS="1194" VPOS="447" WIDTH="64" HEIGHT="31" WC="0.96" CONTENT="den"/><SP WIDTH="25" VPOS="447" HPOS="1258"/>
							<String ID="string_58" HPOS="1283" VPOS="449" WIDTH="17" HEIGHT="29" WC="0.96" CONTENT="1"/><SP WIDTH="25" VPOS="449" HPOS="1300"/>
							<String ID="string_59" HPOS="1325" VPOS="458" WIDTH="92" HEIGHT="20" WC="0.96" CONTENT="mars"/><SP WIDTH="22" VPOS="458" HPOS="1417"/>
							<String ID="string_60" HPOS="1439" VPOS="447" WIDTH="84" HEIGHT="31" WC="0.96" CONTENT="1923"/><SP WIDTH="18" VPOS="447" HPOS="1523"/>
							<String ID="string_61" HPOS="1541" VPOS="447" WIDTH="71" HEIGHT="31" WC="0.96" CONTENT="vila"/>
						</TextLine>
						<TextLine ID="line_6" HPOS="102" VPOS="498" WIDTH="1510" HEIGHT="37">
							<String ID="string_62" HPOS="102" VPOS="498" WIDTH="62" HEIGHT="30" WC="0.95" CONTENT="och"/><SP WIDTH="28" VPOS="498" HPOS="164"/>
							<String ID="string_63" HPOS="192" VPOS="498" WIDTH="148" HEIGHT="30" WC="0.96" CONTENT="därefter"/><SP WIDTH="29" VPOS="498" HPOS="340"/>
							<String ID="string_64" HPOS="369" VPOS="498" WIDTH="75" HEIGHT="30" WC="0.96" CONTENT="icke"/><SP WIDTH="24" VPOS="498" HPOS="444"/>
							<String ID="string_65" HPOS="468" VPOS="500" WIDTH="85" HEIGHT="29" WC="0.96" CONTENT="utan"/><SP WIDTH="24" VPOS="500" HPOS="553"/>
							<String ID="string_66" HPOS="577" VPOS="498" WIDTH="131" HEIGHT="35" WC="0.95" CONTENT="Kungl."/><SP WIDTH="26" VPOS="498" HPOS="708"/>
							<String ID="string_67" HPOS="734" VPOS="498" WIDTH="115" HEIGHT="36" WC="0.96" CONTENT="Maj:ts"/><SP WIDTH="26" VPOS="498" HPOS="849"/>
							<String ID="string_68" HPOS="875" VPOS="498" WIDTH="171" HEIGHT="30" WC="0.96" CONTENT="särskilda"/><SP WIDTH="23" VPOS="498" HPOS="1046"/>
							<String ID="string_69" HPOS="1069" VPOS="499" WIDTH="229" HEIGHT="35" WC="0.96" CONTENT="medgivande"/><SP WIDTH="22" VPOS="499" HPOS="1298"/>
							<String ID="string_70" HPOS="1320" VPOS="501" WIDTH="177" HEIGHT="34" WC="0.93" CONTENT="upptagas,"/><SP WIDTH="25" VPOS="501" HPOS="1497"/>
							<String ID="string_71" HPOS="1522" VPOS="499" WIDTH="90" HEIGHT="30" WC="0.92" CONTENT="hem-"/>
						</TextLine>
						<TextLine ID="line_7" HPOS="102" VPOS="549" WIDTH="1510" HEIGHT="39">
							<String ID="string_72" HPOS="102" VPOS="550" WIDTH="138" HEIGHT="30" WC="0.96" CONTENT="ställdes"/><SP WIDTH="24" VPOS="550" HPOS="240"/>
							<String ID="string_73" HPOS="264" VPOS="550" WIDTH="11" HEIGHT="30" WC="0.96" CONTENT="i"/><SP WIDTH="25" VPOS="550" HPOS="275"/>
							<String ID="string_74" HPOS="300" VPOS="559" WIDTH="42" HEIGHT="21" WC="0.95" CONTENT="en"/><SP WIDTH="24" VPOS="559" HPOS="342"/>
							<String ID="string_75" HPOS="366" VPOS="549" WIDTH="60" HEIGHT="31" WC="0.95" CONTENT="vid"/><SP WIDTH="24" VPOS="549" HPOS="426"/>
							<String ID="string_76" HPOS="450" VPOS="549" WIDTH="84" HEIGHT="31" WC="0.96" CONTENT="1923"/><SP WIDTH="25" VPOS="549" HPOS="534"/>
							<String ID="string_77" HPOS="559" VPOS="551" WIDTH="56" HEIGHT="29" WC="0.96" CONTENT="års"/><SP WIDTH="23" VPOS="551" HPOS="615"/>
							<String ID="string_78" HPOS="638" VPOS="549" WIDTH="140" HEIGHT="36" WC="0.96" CONTENT="riksdag"/><SP WIDTH="19" VPOS="549" HPOS="778"/>
							<String ID="string_79" HPOS="797" VPOS="550" WIDTH="104" HEIGHT="30" WC="0.96" CONTENT="väckt"/><SP WIDTH="17" VPOS="550" HPOS="901"/>
							<String ID="string_80" HPOS="918" VPOS="550" WIDTH="130" HEIGHT="30" WC="0.96" CONTENT="motion"/><SP WIDTH="18" VPOS="550" HPOS="1048"/>
							<String ID="string_81" HPOS="1066" VPOS="550" WIDTH="57" HEIGHT="37" WC="0.91" CONTENT="(II:"/><SP WIDTH="16" VPOS="550" HPOS="1123"/>
							<String ID="string_82" HPOS="1139" VPOS="551" WIDTH="86" HEIGHT="37" WC="0.96" CONTENT="179),"/><SP WIDTH="17" VPOS="551" HPOS="1225"/>
							<String ID="string_83" HPOS="1242" VPOS="552" WIDTH="50" HEIGHT="29" WC="0.96" CONTENT="att"/><SP WIDTH="16" VPOS="552" HPOS="1292"/>
							<String ID="string_84" HPOS="1308" VPOS="550" WIDTH="183" HEIGHT="35" WC="0.96" CONTENT="riksdagen"/><SP WIDTH="16" VPOS="550" HPOS="1491"/>
							<String ID="string_85" HPOS="1507" VPOS="551" WIDTH="105" HEIGHT="30" WC="0.96" CONTENT="måtte"/>
						</TextLine>
						<TextLine ID="line_8" HPOS="102" VPOS="601" WIDTH="1510" HEIGHT="37">
							<String ID="string_86" HPOS="102" VPOS="602" WIDTH="12" HEIGHT="29" WC="0.95" CONTENT="i"/><SP WIDTH="24" VPOS="602" HPOS="114"/>
							<String ID="string_87" HPOS="138" VPOS="602" WIDTH="164" HEIGHT="30" WC="0.95" CONTENT="skrivelse"/><SP WIDTH="23" VPOS="602" HPOS="302"/>
							<String ID="string_88" HPOS="325" VPOS="602" WIDTH="55" HEIGHT="30" WC="0.96" CONTENT="till"/><SP WIDTH="24" VPOS="602" HPOS="380"/>
							<String ID="string_89" HPOS="404" VPOS="602" WIDTH="133" HEIGHT="35" WC="0.95" CONTENT="Kungl."/><SP WIDTH="25" VPOS="602" HPOS="537"/>
							<String ID="string_90" HPOS="562" VPOS="601" WIDTH="100" HEIGHT="36" WC="0.96" CONTENT="Maj:t"/><SP WIDTH="24" VPOS="601" HPOS="662"/>
							<String ID="string_91" HPOS="686" VPOS="602" WIDTH="150" HEIGHT="35" WC="0.95" CONTENT="anhålla,"/><SP WIDTH="27" VPOS="602" HPOS="836"/>
							<String ID="string_92" HPOS="863" VPOS="603" WIDTH="52" HEIGHT="29" WC="0.96" CONTENT="att"/><SP WIDTH="21" VPOS="603" HPOS="915"/>
							<String ID="string_93" HPOS="936" VPOS="602" WIDTH="230" HEIGHT="36" WC="0.96" CONTENT="utredningen"/><SP WIDTH="16" VPOS="602" HPOS="1166"/>
							<String ID="string_94" HPOS="1182" VPOS="602" WIDTH="175" HEIGHT="36" WC="0.95" CONTENT="angående"/><SP WIDTH="16" VPOS="602" HPOS="1357"/>
							<String ID="string_95" HPOS="1373" VPOS="602" WIDTH="239" HEIGHT="36" WC="0.96" CONTENT="pensionering"/>
						</TextLine>
						<TextLine ID="line_9" HPOS="101" VPOS="653" WIDTH="1511" HEIGHT="37">
							<String ID="string_96" HPOS="101" VPOS="663" WIDTH="45" HEIGHT="21" WC="0.96" CONTENT="av"/><SP WIDTH="24" VPOS="663" HPOS="146"/>
							<String ID="string_97" HPOS="170" VPOS="654" WIDTH="70" HEIGHT="30" WC="0.93" CONTENT="viss"/><SP WIDTH="24" VPOS="654" HPOS="240"/>
							<String ID="string_98" HPOS="264" VPOS="653" WIDTH="237" HEIGHT="31" WC="0.91" CONTENT="statsanställd"/><SP WIDTH="24" VPOS="653" HPOS="501"/>
							<String ID="string_99" HPOS="525" VPOS="653" WIDTH="256" HEIGHT="31" WC="0.88" CONTENT="icke-ordinarie"/><SP WIDTH="26" VPOS="653" HPOS="781"/>
							<String ID="string_100" HPOS="807" VPOS="653" WIDTH="155" HEIGHT="36" WC="0.96" CONTENT="personal"/><SP WIDTH="16" VPOS="653" HPOS="962"/>
							<String ID="string_101" HPOS="978" VPOS="655" WIDTH="107" HEIGHT="29" WC="0.93" CONTENT="måtte"/><SP WIDTH="18" VPOS="655" HPOS="1085"/>
							<String ID="string_102" HPOS="1103" VPOS="672" WIDTH="37" HEIGHT="3" WC="0.90" CONTENT="—"/><SP WIDTH="20" VPOS="672" HPOS="1140"/>
							<String ID="string_103" HPOS="1160" VPOS="654" WIDTH="12" HEIGHT="30" WC="0.96" CONTENT="i"/><SP WIDTH="17" VPOS="654" HPOS="1172"/>
							<String ID="string_104" HPOS="1189" VPOS="654" WIDTH="67" HEIGHT="31" WC="0.96" CONTENT="vad"/><SP WIDTH="16" VPOS="654" HPOS="1256"/>
							<String ID="string_105" HPOS="1272" VPOS="654" WIDTH="65" HEIGHT="31" WC="0.93" CONTENT="den"/><SP WIDTH="16" VPOS="654" HPOS="1337"/>
							<String ID="string_106" HPOS="1353" VPOS="655" WIDTH="127" HEIGHT="35" WC="0.92" CONTENT="avsåge"/><SP WIDTH="16" VPOS="655" HPOS="1480"/>
							<String ID="string_107" HPOS="1496" VPOS="664" WIDTH="116" HEIGHT="21" WC="0.95" CONTENT="annan"/>
						</TextLine>
						<TextLine ID="line_10" HPOS="101" VPOS="706" WIDTH="1511" HEIGHT="36">
							<String ID="string_108" HPOS="101" VPOS="706" WIDTH="156" HEIGHT="36" WC="0.96" CONTENT="personal"/><SP WIDTH="35" VPOS="706" HPOS="257"/>
							<String ID="string_109" HPOS="292" VPOS="708" WIDTH="45" HEIGHT="28" WC="0.96" CONTENT="än"/><SP WIDTH="35" VPOS="708" HPOS="337"/>
							<String ID="string_110" HPOS="372" VPOS="706" WIDTH="65" HEIGHT="31" WC="0.96" CONTENT="den"/><SP WIDTH="34" VPOS="706" HPOS="437"/>
							<String ID="string_111" HPOS="471" VPOS="706" WIDTH="60" HEIGHT="31" WC="0.92" CONTENT="vid"/><SP WIDTH="30" VPOS="706" HPOS="531"/>
							<String ID="string_112" HPOS="561" VPOS="706" WIDTH="448" HEIGHT="30" WC="0.91" CONTENT="kommunikationsverken"/><SP WIDTH="23" VPOS="706" HPOS="1009"/>
							<String ID="string_113" HPOS="1032" VPOS="706" WIDTH="170" HEIGHT="31" WC="0.92" CONTENT="anställda"/><SP WIDTH="25" VPOS="706" HPOS="1202"/>
							<String ID="string_114" HPOS="1227" VPOS="724" WIDTH="38" HEIGHT="4" WC="0.24" CONTENT="-—"/><SP WIDTH="27" VPOS="724" HPOS="1265"/>
							<String ID="string_115" HPOS="1292" VPOS="707" WIDTH="73" HEIGHT="30" WC="0.96" CONTENT="med"/><SP WIDTH="24" VPOS="707" HPOS="1365"/>
							<String ID="string_116" HPOS="1389" VPOS="706" WIDTH="223" HEIGHT="36" WC="0.95" CONTENT="återtagande"/>
						</TextLine>
						<TextLine ID="line_11" HPOS="101" VPOS="758" WIDTH="1511" HEIGHT="37">
							<String ID="string_117" HPOS="101" VPOS="769" WIDTH="44" HEIGHT="20" WC="0.96" CONTENT="av"/><SP WIDTH="33" VPOS="769" HPOS="145"/>
							<String ID="string_118" HPOS="178" VPOS="759" WIDTH="67" HEIGHT="30" WC="0.96" CONTENT="vad"/><SP WIDTH="29" VPOS="759" HPOS="245"/>
							<String ID="string_119" HPOS="274" VPOS="758" WIDTH="131" HEIGHT="37" WC="0.93" CONTENT="Kungl."/><SP WIDTH="25" VPOS="758" HPOS="405"/>
							<String ID="string_120" HPOS="430" VPOS="758" WIDTH="101" HEIGHT="37" WC="0.96" CONTENT="Maj:t"/><SP WIDTH="23" VPOS="758" HPOS="531"/>
							<String ID="string_121" HPOS="554" VPOS="758" WIDTH="144" HEIGHT="31" WC="0.96" CONTENT="berörda"/><SP WIDTH="24" VPOS="758" HPOS="698"/>
							<String ID="string_122" HPOS="722" VPOS="759" WIDTH="64" HEIGHT="30" WC="0.96" CONTENT="den"/><SP WIDTH="30" VPOS="759" HPOS="786"/>
							<String ID="string_123" HPOS="816" VPOS="758" WIDTH="40" HEIGHT="31" WC="0.96" CONTENT="30"/><SP WIDTH="25" VPOS="758" HPOS="856"/>
							<String ID="string_124" HPOS="881" VPOS="758" WIDTH="185" HEIGHT="31" WC="0.96" CONTENT="november"/><SP WIDTH="22" VPOS="758" HPOS="1066"/>
							<String ID="string_125" HPOS="1088" VPOS="759" WIDTH="85" HEIGHT="30" WC="0.96" CONTENT="1922"/><SP WIDTH="24" VPOS="759" HPOS="1173"/>
							<String ID="string_126" HPOS="1197" VPOS="760" WIDTH="13" HEIGHT="29" WC="0.96" CONTENT="i"/><SP WIDTH="23" VPOS="760" HPOS="1210"/>
							<String ID="string_127" HPOS="1233" VPOS="759" WIDTH="91" HEIGHT="31" WC="0.96" CONTENT="detta"/><SP WIDTH="23" VPOS="759" HPOS="1324"/>
							<String ID="string_128" HPOS="1347" VPOS="758" WIDTH="191" HEIGHT="31" WC="0.93" CONTENT="hänseende"/><SP WIDTH="23" VPOS="758" HPOS="1538"/>
							<String ID="string_129" HPOS="1561" VPOS="759" WIDTH="51" HEIGHT="30" WC="0.91" CONTENT="be-"/>
						</TextLine>
						<TextLine ID="line_12" HPOS="101" VPOS="810" WIDTH="1511" HEIGHT="36">
							<String ID="string_130" HPOS="101" VPOS="810" WIDTH="106" HEIGHT="31" WC="0.96" CONTENT="slutat"/><SP WIDTH="23" VPOS="810" HPOS="207"/>
							<String ID="string_131" HPOS="230" VPOS="811" WIDTH="208" HEIGHT="31" WC="0.93" CONTENT="omedelbart"/><SP WIDTH="23" VPOS="811" HPOS="438"/>
							<String ID="string_132" HPOS="461" VPOS="811" WIDTH="223" HEIGHT="35" WC="0.85" CONTENT="igångsättas."/><SP WIDTH="44" VPOS="811" HPOS="684"/>
							<String ID="string_133" HPOS="728" VPOS="810" WIDTH="120" HEIGHT="31" WC="0.95" CONTENT="Såsom"/><SP WIDTH="28" VPOS="810" HPOS="848"/>
							<String ID="string_134" HPOS="876" VPOS="811" WIDTH="110" HEIGHT="30" WC="0.95" CONTENT="motiv"/><SP WIDTH="24" VPOS="811" HPOS="986"/>
							<String ID="string_135" HPOS="1010" VPOS="811" WIDTH="53" HEIGHT="30" WC="0.96" CONTENT="för"/><SP WIDTH="25" VPOS="811" HPOS="1063"/>
							<String ID="string_136" HPOS="1088" VPOS="810" WIDTH="112" HEIGHT="31" WC="0.96" CONTENT="denna"/><SP WIDTH="23" VPOS="810" HPOS="1200"/>
							<String ID="string_137" HPOS="1223" VPOS="811" WIDTH="206" HEIGHT="31" WC="0.96" CONTENT="hemställan"/><SP WIDTH="24" VPOS="811" HPOS="1429"/>
							<String ID="string_138" HPOS="1453" VPOS="811" WIDTH="159" HEIGHT="30" WC="0.95" CONTENT="anfördes"/>
						</TextLine>
						<TextLine ID="line_13" HPOS="100" VPOS="862" WIDTH="1512" HEIGHT="37">
							<String ID="string_139" HPOS="100" VPOS="863" WIDTH="13" HEIGHT="30" WC="0.96" CONTENT="i"/><SP WIDTH="23" VPOS="863" HPOS="113"/>
							<String ID="string_140" HPOS="136" VPOS="863" WIDTH="184" HEIGHT="35" WC="0.96" CONTENT="motionen,"/><SP WIDTH="24" VPOS="863" HPOS="320"/>
							<String ID="string_141" HPOS="344" VPOS="862" WIDTH="105" HEIGHT="31" WC="0.96" CONTENT="bland"/><SP WIDTH="24" VPOS="862" HPOS="449"/>
							<String ID="string_142" HPOS="473" VPOS="864" WIDTH="118" HEIGHT="34" WC="0.96" CONTENT="annat,"/><SP WIDTH="25" VPOS="864" HPOS="591"/>
							<String ID="string_143" HPOS="616" VPOS="864" WIDTH="50" HEIGHT="29" WC="0.96" CONTENT="att"/><SP WIDTH="23" VPOS="864" HPOS="666"/>
							<String ID="string_144" HPOS="689" VPOS="862" WIDTH="123" HEIGHT="36" WC="0.96" CONTENT="frågan"/><SP WIDTH="29" VPOS="862" HPOS="812"/>
							<String ID="string_145" HPOS="841" VPOS="872" WIDTH="55" HEIGHT="21" WC="0.96" CONTENT="om"/><SP WIDTH="24" VPOS="872" HPOS="896"/>
							<String ID="string_146" HPOS="920" VPOS="863" WIDTH="66" HEIGHT="30" WC="0.95" CONTENT="den"/><SP WIDTH="23" VPOS="863" HPOS="986"/>
							<String ID="string_147" HPOS="1009" VPOS="863" WIDTH="60" HEIGHT="30" WC="0.93" CONTENT="vid"/><SP WIDTH="23" VPOS="863" HPOS="1069"/>
							<String ID="string_148" HPOS="1092" VPOS="864" WIDTH="113" HEIGHT="35" WC="0.92" CONTENT="mynt-"/><SP WIDTH="23" VPOS="864" HPOS="1205"/>
							<String ID="string_149" HPOS="1228" VPOS="863" WIDTH="62" HEIGHT="31" WC="0.92" CONTENT="och"/><SP WIDTH="15" VPOS="863" HPOS="1290"/>
							<String ID="string_150" HPOS="1305" VPOS="863" WIDTH="307" HEIGHT="36" WC="0.91" CONTENT="justeringsverket"/>
						</TextLine>
						<TextLine ID="line_14" HPOS="100" VPOS="914" WIDTH="1511" HEIGHT="37">
							<String ID="string_151" HPOS="100" VPOS="915" WIDTH="170" HEIGHT="30" WC="0.92" CONTENT="anställda"/><SP WIDTH="35" VPOS="915" HPOS="270"/>
							<String ID="string_152" HPOS="305" VPOS="914" WIDTH="260" HEIGHT="31" WC="0.91" CONTENT="icke-ordinarie"/><SP WIDTH="33" VPOS="914" HPOS="565"/>
							<String ID="string_153" HPOS="598" VPOS="915" WIDTH="216" HEIGHT="35" WC="0.95" CONTENT="personalens"/><SP WIDTH="37" VPOS="915" HPOS="814"/>
							<String ID="string_154" HPOS="851" VPOS="914" WIDTH="242" HEIGHT="37" WC="0.96" CONTENT="pensionering"/><SP WIDTH="35" VPOS="914" HPOS="1093"/>
							<String ID="string_155" HPOS="1128" VPOS="915" WIDTH="104" HEIGHT="30" WC="0.96" CONTENT="sedan"/><SP WIDTH="35" VPOS="915" HPOS="1232"/>
							<String ID="string_156" HPOS="1267" VPOS="915" WIDTH="81" HEIGHT="36" WC="0.95" CONTENT="lång"/><SP WIDTH="36" VPOS="915" HPOS="1348"/>
							<String ID="string_157" HPOS="1384" VPOS="915" WIDTH="51" HEIGHT="30" WC="0.96" CONTENT="tid"/><SP WIDTH="30" VPOS="915" HPOS="1435"/>
							<String ID="string_158" HPOS="1465" VPOS="914" WIDTH="146" HEIGHT="31" WC="0.96" CONTENT="tillbaka"/>
						</TextLine>
						<TextLine ID="line_15" HPOS="100" VPOS="966" WIDTH="1511" HEIGHT="37">
							<String ID="string_159" HPOS="100" VPOS="967" WIDTH="93" HEIGHT="30" WC="0.96" CONTENT="varit"/><SP WIDTH="31" VPOS="967" HPOS="193"/>
							<String ID="string_160" HPOS="224" VPOS="967" WIDTH="144" HEIGHT="30" WC="0.95" CONTENT="föremål"/><SP WIDTH="36" VPOS="967" HPOS="368"/>
							<String ID="string_161" HPOS="404" VPOS="966" WIDTH="54" HEIGHT="31" WC="0.96" CONTENT="för"/><SP WIDTH="35" VPOS="966" HPOS="458"/>
							<String ID="string_162" HPOS="493" VPOS="966" WIDTH="313" HEIGHT="36" WC="0.96" CONTENT="uppmärksamhet,"/><SP WIDTH="40" VPOS="966" HPOS="806"/>
							<String ID="string_163" HPOS="846" VPOS="966" WIDTH="109" HEIGHT="31" WC="0.96" CONTENT="ehuru"/><SP WIDTH="29" VPOS="966" HPOS="955"/>
							<String ID="string_164" HPOS="984" VPOS="968" WIDTH="104" HEIGHT="35" WC="0.96" CONTENT="något"/><SP WIDTH="23" VPOS="968" HPOS="1088"/>
							<String ID="string_165" HPOS="1111" VPOS="967" WIDTH="173" HEIGHT="30" WC="0.95" CONTENT="definitivt"/><SP WIDTH="22" VPOS="967" HPOS="1284"/>
							<String ID="string_166" HPOS="1306" VPOS="966" WIDTH="129" HEIGHT="37" WC="0.96" CONTENT="förslag"/><SP WIDTH="25" VPOS="966" HPOS="1435"/>
							<String ID="string_167" HPOS="1460" VPOS="967" WIDTH="12" HEIGHT="30" WC="0.96" CONTENT="i"/><SP WIDTH="24" VPOS="967" HPOS="1472"/>
							<String ID="string_168" HPOS="1496" VPOS="968" WIDTH="115" HEIGHT="29" WC="0.96" CONTENT="ämnet"/>
						</TextLine>
						<TextLine ID="line_16" HPOS="99" VPOS="1018" WIDTH="1510" HEIGHT="37">
							<String ID="string_169" HPOS="99" VPOS="1019" WIDTH="74" HEIGHT="31" WC="0.93" CONTENT="icke"/><SP WIDTH="32" VPOS="1019" HPOS="173"/>
							<String ID="string_170" HPOS="205" VPOS="1019" WIDTH="164" HEIGHT="36" WC="0.92" CONTENT="förelagts"/><SP WIDTH="29" VPOS="1019" HPOS="369"/>
							<String ID="string_171" HPOS="398" VPOS="1018" WIDTH="185" HEIGHT="36" WC="0.94" CONTENT="riksdagen"/><SP WIDTH="29" VPOS="1018" HPOS="583"/>
							<String ID="string_172" HPOS="612" VPOS="1019" WIDTH="57" HEIGHT="30" WC="0.94" CONTENT="till"/><SP WIDTH="23" VPOS="1019" HPOS="669"/>
							<String ID="string_173" HPOS="692" VPOS="1019" WIDTH="183" HEIGHT="36" WC="0.96" CONTENT="prövning."/><SP WIDTH="48" VPOS="1019" HPOS="875"/>
							<String ID="string_174" HPOS="923" VPOS="1019" WIDTH="198" HEIGHT="36" WC="0.83" CONTENT="Riksdagen"/><SP WIDTH="24" VPOS="1019" HPOS="1121"/>
							<String ID="string_175" HPOS="1145" VPOS="1019" WIDTH="99" HEIGHT="31" WC="0.96" CONTENT="biföll"/><SP WIDTH="24" VPOS="1019" HPOS="1244"/>
							<String ID="string_176" HPOS="1268" VPOS="1020" WIDTH="175" HEIGHT="30" WC="0.96" CONTENT="motionen"/><SP WIDTH="22" VPOS="1020" HPOS="1443"/>
							<String ID="string_177" HPOS="1465" VPOS="1019" WIDTH="13" HEIGHT="30" WC="0.96" CONTENT="i"/><SP WIDTH="24" VPOS="1019" HPOS="1478"/>
							<String ID="string_178" HPOS="1502" VPOS="1018" WIDTH="107" HEIGHT="37" WC="0.96" CONTENT="fråga."/>
						</TextLine>
					</TextBlock>
				</ComposedBlock>
				<ComposedBlock ID="cblock_2" HPOS="98" VPOS="1106" WIDTH="1512" HEIGHT="297">
					<TextBlock ID="block_2" HPOS="98" VPOS="1106" WIDTH="1512" HEIGHT="297">
						<TextLine ID="line_17" HPOS="143" VPOS="1106" WIDTH="1467" HEIGHT="36">
							<String ID="string_179" HPOS="143" VPOS="1106" WIDTH="120" HEIGHT="32" WC="0.96" CONTENT="Såsom"/><SP WIDTH="33" VPOS="1106" HPOS="263"/>
							<String ID="string_180" HPOS="296" VPOS="1117" WIDTH="45" HEIGHT="20" WC="0.96" CONTENT="av"/><SP WIDTH="35" VPOS="1117" HPOS="341"/>
							<String ID="string_181" HPOS="376" VPOS="1106" WIDTH="57" HEIGHT="32" WC="0.96" CONTENT="det"/><SP WIDTH="31" VPOS="1106" HPOS="433"/>
							<String ID="string_182" HPOS="464" VPOS="1106" WIDTH="210" HEIGHT="31" WC="0.96" CONTENT="förestående"/><SP WIDTH="28" VPOS="1106" HPOS="674"/>
							<String ID="string_183" HPOS="702" VPOS="1106" WIDTH="166" HEIGHT="36" WC="0.96" CONTENT="framgår,"/><SP WIDTH="25" VPOS="1106" HPOS="868"/>
							<String ID="string_184" HPOS="893" VPOS="1106" WIDTH="168" HEIGHT="36" WC="0.96" CONTENT="föreligga"/><SP WIDTH="24" VPOS="1106" HPOS="1061"/>
							<String ID="string_185" HPOS="1085" VPOS="1106" WIDTH="55" HEIGHT="31" WC="0.96" CONTENT="för"/><SP WIDTH="22" VPOS="1106" HPOS="1140"/>
							<String ID="string_186" HPOS="1162" VPOS="1106" WIDTH="217" HEIGHT="31" WC="0.95" CONTENT="närvarande"/><SP WIDTH="23" VPOS="1106" HPOS="1379"/>
							<String ID="string_187" HPOS="1402" VPOS="1106" WIDTH="129" HEIGHT="36" WC="0.96" CONTENT="förslag"/><SP WIDTH="23" VPOS="1106" HPOS="1531"/>
							<String ID="string_188" HPOS="1554" VPOS="1106" WIDTH="56" HEIGHT="30" WC="0.96" CONTENT="till"/>
						</TextLine>
						<TextLine ID="line_18" HPOS="100" VPOS="1158" WIDTH="1509" HEIGHT="37">
							<String ID="string_189" HPOS="100" VPOS="1159" WIDTH="171" HEIGHT="31" WC="0.96" CONTENT="ordnande"/><SP WIDTH="34" VPOS="1159" HPOS="271"/>
							<String ID="string_190" HPOS="305" VPOS="1169" WIDTH="43" HEIGHT="21" WC="0.90" CONTENT="av"/><SP WIDTH="34" VPOS="1169" HPOS="348"/>
							<String ID="string_191" HPOS="382" VPOS="1159" WIDTH="286" HEIGHT="36" WC="0.90" CONTENT="pensionsfrågan"/><SP WIDTH="35" VPOS="1159" HPOS="668"/>
							<String ID="string_192" HPOS="703" VPOS="1158" WIDTH="53" HEIGHT="31" WC="0.93" CONTENT="för"/><SP WIDTH="34" VPOS="1158" HPOS="756"/>
							<String ID="string_193" HPOS="790" VPOS="1160" WIDTH="113" HEIGHT="35" WC="0.89" CONTENT="mynt-"/><SP WIDTH="24" VPOS="1160" HPOS="903"/>
							<String ID="string_194" HPOS="927" VPOS="1159" WIDTH="62" HEIGHT="30" WC="0.93" CONTENT="och"/><SP WIDTH="27" VPOS="1159" HPOS="989"/>
							<String ID="string_195" HPOS="1016" VPOS="1159" WIDTH="324" HEIGHT="36" WC="0.92" CONTENT="justeringsverkets"/><SP WIDTH="28" VPOS="1159" HPOS="1340"/>
							<String ID="string_196" HPOS="1368" VPOS="1158" WIDTH="157" HEIGHT="37" WC="0.96" CONTENT="personal"/><SP WIDTH="24" VPOS="1158" HPOS="1525"/>
							<String ID="string_197" HPOS="1549" VPOS="1158" WIDTH="60" HEIGHT="31" WC="0.96" CONTENT="och"/>
						</TextLine>
						<TextLine ID="line_19" HPOS="99" VPOS="1211" WIDTH="1510" HEIGHT="36">
							<String ID="string_198" HPOS="99" VPOS="1212" WIDTH="164" HEIGHT="31" WC="0.96" CONTENT="utskottet"/><SP WIDTH="23" VPOS="1212" HPOS="263"/>
							<String ID="string_199" HPOS="286" VPOS="1212" WIDTH="54" HEIGHT="30" WC="0.96" CONTENT="får"/><SP WIDTH="22" VPOS="1212" HPOS="340"/>
							<String ID="string_200" HPOS="362" VPOS="1212" WIDTH="115" HEIGHT="30" WC="0.96" CONTENT="erinra"/><SP WIDTH="23" VPOS="1212" HPOS="477"/>
							<String ID="string_201" HPOS="500" VPOS="1211" WIDTH="129" HEIGHT="36" WC="0.96" CONTENT="därom,"/><SP WIDTH="24" VPOS="1211" HPOS="629"/>
							<String ID="string_202" HPOS="653" VPOS="1212" WIDTH="51" HEIGHT="29" WC="0.96" CONTENT="att"/><SP WIDTH="16" VPOS="1212" HPOS="704"/>
							<String ID="string_203" HPOS="720" VPOS="1211" WIDTH="235" HEIGHT="31" WC="0.96" CONTENT="innevarande"/><SP WIDTH="15" VPOS="1211" HPOS="955"/>
							<String ID="string_204" HPOS="970" VPOS="1212" WIDTH="56" HEIGHT="30" WC="0.96" CONTENT="års"/><SP WIDTH="16" VPOS="1212" HPOS="1026"/>
							<String ID="string_205" HPOS="1042" VPOS="1211" WIDTH="137" HEIGHT="36" WC="0.95" CONTENT="riksdag"/><SP WIDTH="16" VPOS="1211" HPOS="1179"/>
							<String ID="string_206" HPOS="1195" VPOS="1212" WIDTH="12" HEIGHT="30" WC="0.95" CONTENT="i"/><SP WIDTH="14" VPOS="1212" HPOS="1207"/>
							<String ID="string_207" HPOS="1221" VPOS="1212" WIDTH="53" HEIGHT="30" WC="0.96" CONTENT="sin"/><SP WIDTH="17" VPOS="1212" HPOS="1274"/>
							<String ID="string_208" HPOS="1291" VPOS="1211" WIDTH="166" HEIGHT="31" WC="0.95" CONTENT="skrivelse"/><SP WIDTH="12" VPOS="1211" HPOS="1457"/>
							<String ID="string_209" HPOS="1469" VPOS="1221" WIDTH="41" HEIGHT="20" WC="0.96" CONTENT="nr"/><SP WIDTH="13" VPOS="1221" HPOS="1510"/>
							<String ID="string_210" HPOS="1523" VPOS="1212" WIDTH="39" HEIGHT="30" WC="0.91" CONTENT="11"/><SP WIDTH="15" VPOS="1212" HPOS="1562"/>
							<String ID="string_211" HPOS="1577" VPOS="1211" WIDTH="32" HEIGHT="31" WC="0.92" CONTENT="A"/>
						</TextLine>
						<TextLine ID="line_20" HPOS="99" VPOS="1263" WIDTH="1510" HEIGHT="36">
							<String ID="string_212" HPOS="99" VPOS="1264" WIDTH="195" HEIGHT="31" WC="0.96" CONTENT="framhållit"/><SP WIDTH="22" VPOS="1264" HPOS="294"/>
							<String ID="string_213" HPOS="316" VPOS="1264" WIDTH="121" HEIGHT="31" WC="0.96" CONTENT="vikten"/><SP WIDTH="23" VPOS="1264" HPOS="437"/>
							<String ID="string_214" HPOS="460" VPOS="1274" WIDTH="46" HEIGHT="20" WC="0.96" CONTENT="av"/><SP WIDTH="24" VPOS="1274" HPOS="506"/>
							<String ID="string_215" HPOS="530" VPOS="1265" WIDTH="60" HEIGHT="34" WC="0.96" CONTENT="att,"/><SP WIDTH="25" VPOS="1265" HPOS="590"/>
							<String ID="string_216" HPOS="615" VPOS="1263" WIDTH="103" HEIGHT="31" WC="0.96" CONTENT="bland"/><SP WIDTH="22" VPOS="1263" HPOS="718"/>
							<String ID="string_217" HPOS="740" VPOS="1265" WIDTH="117" HEIGHT="34" WC="0.96" CONTENT="annat,"/><SP WIDTH="17" VPOS="1265" HPOS="857"/>
							<String ID="string_218" HPOS="874" VPOS="1263" WIDTH="124" HEIGHT="36" WC="0.96" CONTENT="frågan"/><SP WIDTH="17" VPOS="1263" HPOS="998"/>
							<String ID="string_219" HPOS="1015" VPOS="1273" WIDTH="55" HEIGHT="21" WC="0.96" CONTENT="om"/><SP WIDTH="16" VPOS="1273" HPOS="1070"/>
							<String ID="string_220" HPOS="1086" VPOS="1264" WIDTH="191" HEIGHT="31" WC="0.96" CONTENT="ordnandet"/><SP WIDTH="15" VPOS="1264" HPOS="1277"/>
							<String ID="string_221" HPOS="1292" VPOS="1274" WIDTH="44" HEIGHT="20" WC="0.92" CONTENT="av"/><SP WIDTH="16" VPOS="1274" HPOS="1336"/>
							<String ID="string_222" HPOS="1352" VPOS="1263" WIDTH="257" HEIGHT="36" WC="0.91" CONTENT="tjänstepensio-"/>
						</TextLine>
						<TextLine ID="line_21" HPOS="99" VPOS="1315" WIDTH="1510" HEIGHT="38">
							<String ID="string_223" HPOS="99" VPOS="1317" WIDTH="167" HEIGHT="36" WC="0.96" CONTENT="neringen"/><SP WIDTH="34" VPOS="1317" HPOS="266"/>
							<String ID="string_224" HPOS="300" VPOS="1316" WIDTH="54" HEIGHT="31" WC="0.96" CONTENT="för"/><SP WIDTH="34" VPOS="1316" HPOS="354"/>
							<String ID="string_225" HPOS="388" VPOS="1316" WIDTH="127" HEIGHT="31" WC="0.96" CONTENT="hittills"/><SP WIDTH="34" VPOS="1316" HPOS="515"/>
							<String ID="string_226" HPOS="549" VPOS="1316" WIDTH="75" HEIGHT="30" WC="0.91" CONTENT="icke"/><SP WIDTH="31" VPOS="1316" HPOS="624"/>
							<String ID="string_227" HPOS="655" VPOS="1315" WIDTH="371" HEIGHT="36" WC="0.91" CONTENT="pensionsberättigade"/><SP WIDTH="35" VPOS="1315" HPOS="1026"/>
							<String ID="string_228" HPOS="1061" VPOS="1324" WIDTH="150" HEIGHT="28" WC="0.96" CONTENT="grupper"/><SP WIDTH="34" VPOS="1324" HPOS="1211"/>
							<String ID="string_229" HPOS="1245" VPOS="1326" WIDTH="44" HEIGHT="20" WC="0.96" CONTENT="av"/><SP WIDTH="28" VPOS="1326" HPOS="1289"/>
							<String ID="string_230" HPOS="1317" VPOS="1316" WIDTH="9" HEIGHT="30" WC="0.96" CONTENT="i"/><SP WIDTH="26" VPOS="1316" HPOS="1326"/>
							<String ID="string_231" HPOS="1352" VPOS="1316" WIDTH="128" HEIGHT="30" WC="0.95" CONTENT="statens"/><SP WIDTH="22" VPOS="1316" HPOS="1480"/>
							<String ID="string_232" HPOS="1502" VPOS="1315" WIDTH="107" HEIGHT="36" WC="0.96" CONTENT="tjänst"/>
						</TextLine>
						<TextLine ID="line_22" HPOS="98" VPOS="1367" WIDTH="1508" HEIGHT="36">
							<String ID="string_233" HPOS="98" VPOS="1369" WIDTH="172" HEIGHT="30" WC="0.96" CONTENT="anställda"/><SP WIDTH="40" VPOS="1369" HPOS="270"/>
							<String ID="string_234" HPOS="310" VPOS="1369" WIDTH="76" HEIGHT="30" WC="0.96" CONTENT="icke"/><SP WIDTH="42" VPOS="1369" HPOS="386"/>
							<String ID="string_235" HPOS="428" VPOS="1368" WIDTH="173" HEIGHT="31" WC="0.93" CONTENT="ordinarie"/><SP WIDTH="44" VPOS="1368" HPOS="601"/>
							<String ID="string_236" HPOS="645" VPOS="1367" WIDTH="344" HEIGHT="36" WC="0.91" CONTENT="befattningshavare"/><SP WIDTH="43" VPOS="1367" HPOS="989"/>
							<String ID="string_237" HPOS="1032" VPOS="1369" WIDTH="136" HEIGHT="29" WC="0.95" CONTENT="snarast"/><SP WIDTH="40" VPOS="1369" HPOS="1168"/>
							<String ID="string_238" HPOS="1208" VPOS="1368" WIDTH="136" HEIGHT="35" WC="0.93" CONTENT="möjligt"/><SP WIDTH="34" VPOS="1368" HPOS="1344"/>
							<String ID="string_239" HPOS="1378" VPOS="1368" WIDTH="140" HEIGHT="35" WC="0.91" CONTENT="bringas"/><SP WIDTH="33" VPOS="1368" HPOS="1518"/>
							<String ID="string_240" HPOS="1551" VPOS="1367" WIDTH="55" HEIGHT="31" WC="0.96" CONTENT="till"/>
						</TextLine>
					</TextBlock>
				</ComposedBlock>
				<ComposedBlock ID="cblock_3" HPOS="97" VPOS="1472" WIDTH="1511" HEIGHT="354">
					<TextBlock ID="block_3" HPOS="97" VPOS="1472" WIDTH="1511" HEIGHT="138">
						<TextLine ID="line_23" HPOS="98" VPOS="1472" WIDTH="1508" HEIGHT="38">
							<String ID="string_241" HPOS="98" VPOS="1473" WIDTH="181" HEIGHT="36" WC="0.93" CONTENT="inhämtat,"/><SP WIDTH="34" VPOS="1473" HPOS="279"/>
							<String ID="string_242" HPOS="313" VPOS="1474" WIDTH="114" HEIGHT="36" WC="0.91" CONTENT="mynt-"/><SP WIDTH="31" VPOS="1474" HPOS="427"/>
							<String ID="string_243" HPOS="458" VPOS="1473" WIDTH="62" HEIGHT="31" WC="0.92" CONTENT="och"/><SP WIDTH="32" VPOS="1473" HPOS="520"/>
							<String ID="string_244" HPOS="552" VPOS="1473" WIDTH="306" HEIGHT="36" WC="0.90" CONTENT="justeringsverket"/><SP WIDTH="35" VPOS="1473" HPOS="858"/>
							<String ID="string_245" HPOS="893" VPOS="1473" WIDTH="12" HEIGHT="30" WC="0.96" CONTENT="i"/><SP WIDTH="35" VPOS="1473" HPOS="905"/>
							<String ID="string_246" HPOS="940" VPOS="1482" WIDTH="43" HEIGHT="21" WC="0.96" CONTENT="en"/><SP WIDTH="24" VPOS="1482" HPOS="983"/>
							<String ID="string_247" HPOS="1007" VPOS="1473" WIDTH="54" HEIGHT="30" WC="0.96" CONTENT="till"/><SP WIDTH="24" VPOS="1473" HPOS="1061"/>
							<String ID="string_248" HPOS="1085" VPOS="1472" WIDTH="132" HEIGHT="37" WC="0.96" CONTENT="Kungl."/><SP WIDTH="25" VPOS="1472" HPOS="1217"/>
							<String ID="string_249" HPOS="1242" VPOS="1472" WIDTH="100" HEIGHT="37" WC="0.96" CONTENT="Maj:t"/><SP WIDTH="23" VPOS="1472" HPOS="1342"/>
							<String ID="string_250" HPOS="1365" VPOS="1472" WIDTH="65" HEIGHT="31" WC="0.96" CONTENT="den"/><SP WIDTH="24" VPOS="1472" HPOS="1430"/>
							<String ID="string_251" HPOS="1454" VPOS="1473" WIDTH="40" HEIGHT="29" WC="0.96" CONTENT="14"/><SP WIDTH="24" VPOS="1473" HPOS="1494"/>
							<String ID="string_252" HPOS="1518" VPOS="1472" WIDTH="88" HEIGHT="36" WC="0.96" CONTENT="april"/>
						</TextLine>
						<TextLine ID="line_24" HPOS="98" VPOS="1524" WIDTH="1510" HEIGHT="39">
							<String ID="string_253" HPOS="98" VPOS="1527" WIDTH="84" HEIGHT="30" WC="0.96" CONTENT="1928"/><SP WIDTH="24" VPOS="1527" HPOS="182"/>
							<String ID="string_254" HPOS="206" VPOS="1526" WIDTH="99" HEIGHT="37" WC="0.96" CONTENT="gjord"/><SP WIDTH="24" VPOS="1526" HPOS="305"/>
							<String ID="string_255" HPOS="329" VPOS="1525" WIDTH="258" HEIGHT="37" WC="0.93" CONTENT="framställning"/><SP WIDTH="25" VPOS="1525" HPOS="587"/>
							<String ID="string_256" HPOS="612" VPOS="1525" WIDTH="174" HEIGHT="31" WC="0.91" CONTENT="hemställt"/><SP WIDTH="23" VPOS="1525" HPOS="786"/>
							<String ID="string_257" HPOS="809" VPOS="1535" WIDTH="56" HEIGHT="21" WC="0.96" CONTENT="om"/><SP WIDTH="24" VPOS="1535" HPOS="865"/>
							<String ID="string_258" HPOS="889" VPOS="1525" WIDTH="71" HEIGHT="31" WC="0.93" CONTENT="viss"/><SP WIDTH="23" VPOS="1525" HPOS="960"/>
							<String ID="string_259" HPOS="983" VPOS="1525" WIDTH="308" HEIGHT="36" WC="0.91" CONTENT="arbetarpersonals"/><SP WIDTH="21" VPOS="1525" HPOS="1291"/>
							<String ID="string_260" HPOS="1312" VPOS="1524" WIDTH="60" HEIGHT="32" WC="0.96" CONTENT="vid"/><SP WIDTH="22" VPOS="1524" HPOS="1372"/>
							<String ID="string_261" HPOS="1394" VPOS="1524" WIDTH="118" HEIGHT="31" WC="0.92" CONTENT="verket"/><SP WIDTH="15" VPOS="1524" HPOS="1512"/>
							<String ID="string_262" HPOS="1527" VPOS="1534" WIDTH="81" HEIGHT="26" WC="0.91" CONTENT="upp-"/>
						</TextLine>
						<TextLine ID="line_25" HPOS="97" VPOS="1578" WIDTH="477" HEIGHT="32">
							<String ID="string_263" HPOS="97" VPOS="1579" WIDTH="141" HEIGHT="31" WC="0.93" CONTENT="förande"/><SP WIDTH="22" VPOS="1579" HPOS="238"/>
							<String ID="string_264" HPOS="260" VPOS="1580" WIDTH="21" HEIGHT="29" WC="0.92" CONTENT="å"/><SP WIDTH="22" VPOS="1580" HPOS="281"/>
							<String ID="string_265" HPOS="303" VPOS="1578" WIDTH="172" HEIGHT="32" WC="0.96" CONTENT="ordinarie"/><SP WIDTH="23" VPOS="1578" HPOS="475"/>
							<String ID="string_266" HPOS="498" VPOS="1579" WIDTH="76" HEIGHT="30" WC="0.96" CONTENT="stat."/>
						</TextLine>
					</TextBlock>
					<TextBlock ID="block_4" HPOS="97" VPOS="1628" WIDTH="1509" HEIGHT="198">
						<TextLine ID="line_26" HPOS="140" VPOS="1628" WIDTH="1465" HEIGHT="38">
							<String ID="string_267" HPOS="140" VPOS="1631" WIDTH="53" HEIGHT="31" WC="0.96" CONTENT="Då"/><SP WIDTH="23" VPOS="1631" HPOS="193"/>
							<String ID="string_268" HPOS="216" VPOS="1631" WIDTH="146" HEIGHT="31" WC="0.95" CONTENT="sålunda"/><SP WIDTH="23" VPOS="1631" HPOS="362"/>
							<String ID="string_269" HPOS="385" VPOS="1631" WIDTH="124" HEIGHT="35" WC="0.96" CONTENT="frågan"/><SP WIDTH="24" VPOS="1631" HPOS="509"/>
							<String ID="string_270" HPOS="533" VPOS="1640" WIDTH="54" HEIGHT="21" WC="0.96" CONTENT="om"/><SP WIDTH="23" VPOS="1640" HPOS="587"/>
							<String ID="string_271" HPOS="610" VPOS="1629" WIDTH="212" HEIGHT="37" WC="0.93" CONTENT="uppförande"/><SP WIDTH="16" VPOS="1629" HPOS="822"/>
							<String ID="string_272" HPOS="838" VPOS="1630" WIDTH="21" HEIGHT="30" WC="0.92" CONTENT="å"/><SP WIDTH="16" VPOS="1630" HPOS="859"/>
							<String ID="string_273" HPOS="875" VPOS="1629" WIDTH="171" HEIGHT="31" WC="0.96" CONTENT="ordinarie"/><SP WIDTH="17" VPOS="1629" HPOS="1046"/>
							<String ID="string_274" HPOS="1063" VPOS="1631" WIDTH="68" HEIGHT="29" WC="0.96" CONTENT="stat"/><SP WIDTH="15" VPOS="1631" HPOS="1131"/>
							<String ID="string_275" HPOS="1146" VPOS="1640" WIDTH="46" HEIGHT="20" WC="0.96" CONTENT="av"/><SP WIDTH="16" VPOS="1640" HPOS="1192"/>
							<String ID="string_276" HPOS="1208" VPOS="1629" WIDTH="105" HEIGHT="37" WC="0.96" CONTENT="sagda"/><SP WIDTH="15" VPOS="1629" HPOS="1313"/>
							<String ID="string_277" HPOS="1328" VPOS="1628" WIDTH="155" HEIGHT="37" WC="0.94" CONTENT="personal"/><SP WIDTH="18" VPOS="1628" HPOS="1483"/>
							<String ID="string_278" HPOS="1501" VPOS="1628" WIDTH="104" HEIGHT="32" WC="0.95" CONTENT="redan"/>
						</TextLine>
						<TextLine ID="line_27" HPOS="97" VPOS="1681" WIDTH="1509" HEIGHT="38">
							<String ID="string_279" HPOS="97" VPOS="1686" WIDTH="39" HEIGHT="28" WC="0.96" CONTENT="är"/><SP WIDTH="22" VPOS="1686" HPOS="136"/>
							<String ID="string_280" HPOS="158" VPOS="1683" WIDTH="145" HEIGHT="31" WC="0.96" CONTENT="föremål"/><SP WIDTH="23" VPOS="1683" HPOS="303"/>
							<String ID="string_281" HPOS="326" VPOS="1684" WIDTH="54" HEIGHT="30" WC="0.96" CONTENT="för"/><SP WIDTH="22" VPOS="1684" HPOS="380"/>
							<String ID="string_282" HPOS="402" VPOS="1683" WIDTH="133" HEIGHT="36" WC="0.96" CONTENT="Kungl."/><SP WIDTH="24" VPOS="1683" HPOS="535"/>
							<String ID="string_283" HPOS="559" VPOS="1682" WIDTH="116" HEIGHT="36" WC="0.96" CONTENT="Maj:ts"/><SP WIDTH="23" VPOS="1682" HPOS="675"/>
							<String ID="string_284" HPOS="698" VPOS="1682" WIDTH="173" HEIGHT="36" WC="0.96" CONTENT="prövning"/><SP WIDTH="16" VPOS="1682" HPOS="871"/>
							<String ID="string_285" HPOS="887" VPOS="1682" WIDTH="72" HEIGHT="35" WC="0.96" CONTENT="och,"/><SP WIDTH="17" VPOS="1682" HPOS="959"/>
							<String ID="string_286" HPOS="976" VPOS="1683" WIDTH="44" HEIGHT="35" WC="0.96" CONTENT="på"/><SP WIDTH="13" VPOS="1683" HPOS="1020"/>
							<String ID="string_287" HPOS="1033" VPOS="1683" WIDTH="67" HEIGHT="30" WC="0.96" CONTENT="sätt"/><SP WIDTH="15" VPOS="1683" HPOS="1100"/>
							<String ID="string_288" HPOS="1115" VPOS="1682" WIDTH="164" HEIGHT="31" WC="0.96" CONTENT="utskottet"/><SP WIDTH="15" VPOS="1682" HPOS="1279"/>
							<String ID="string_289" HPOS="1294" VPOS="1692" WIDTH="91" HEIGHT="21" WC="0.96" CONTENT="ovan"/><SP WIDTH="17" VPOS="1692" HPOS="1385"/>
							<String ID="string_290" HPOS="1402" VPOS="1681" WIDTH="204" HEIGHT="36" WC="0.93" CONTENT="framhållit,"/>
						</TextLine>
						<TextLine ID="line_28" HPOS="97" VPOS="1734" WIDTH="1508" HEIGHT="38">
							<String ID="string_291" HPOS="97" VPOS="1736" WIDTH="128" HEIGHT="36" WC="0.96" CONTENT="förslag"/><SP WIDTH="34" VPOS="1736" HPOS="225"/>
							<String ID="string_292" HPOS="259" VPOS="1736" WIDTH="52" HEIGHT="31" WC="0.96" CONTENT="för"/><SP WIDTH="34" VPOS="1736" HPOS="311"/>
							<String ID="string_293" HPOS="345" VPOS="1736" WIDTH="117" HEIGHT="36" WC="0.95" CONTENT="övrigt"/><SP WIDTH="34" VPOS="1736" HPOS="462"/>
							<String ID="string_294" HPOS="496" VPOS="1735" WIDTH="168" HEIGHT="36" WC="0.96" CONTENT="föreligga"/><SP WIDTH="34" VPOS="1735" HPOS="664"/>
							<String ID="string_295" HPOS="698" VPOS="1734" WIDTH="146" HEIGHT="31" WC="0.96" CONTENT="rörande"/><SP WIDTH="32" VPOS="1734" HPOS="844"/>
							<String ID="string_296" HPOS="876" VPOS="1734" WIDTH="187" HEIGHT="31" WC="0.95" CONTENT="ordnandet"/><SP WIDTH="32" VPOS="1734" HPOS="1063"/>
							<String ID="string_297" HPOS="1095" VPOS="1744" WIDTH="44" HEIGHT="21" WC="0.96" CONTENT="av"/><SP WIDTH="23" VPOS="1744" HPOS="1139"/>
							<String ID="string_298" HPOS="1162" VPOS="1735" WIDTH="111" HEIGHT="31" WC="0.93" CONTENT="denna"/><SP WIDTH="23" VPOS="1735" HPOS="1273"/>
							<String ID="string_299" HPOS="1296" VPOS="1734" WIDTH="309" HEIGHT="36" WC="0.90" CONTENT="arbetarpersonals"/>
						</TextLine>
						<TextLine ID="line_29" HPOS="97" VPOS="1787" WIDTH="748" HEIGHT="39">
							<String ID="string_300" HPOS="97" VPOS="1789" WIDTH="267" HEIGHT="37" WC="0.90" CONTENT="pensionsfråga,"/><SP WIDTH="25" VPOS="1789" HPOS="364"/>
							<String ID="string_301" HPOS="389" VPOS="1788" WIDTH="55" HEIGHT="31" WC="0.96" CONTENT="får"/><SP WIDTH="22" VPOS="1788" HPOS="444"/>
							<String ID="string_302" HPOS="466" VPOS="1788" WIDTH="165" HEIGHT="31" WC="0.93" CONTENT="utskottet"/><SP WIDTH="23" VPOS="1788" HPOS="631"/>
							<String ID="string_303" HPOS="654" VPOS="1787" WIDTH="191" HEIGHT="36" WC="0.91" CONTENT="hemställa,"/>
						</TextLine>
					</TextBlock>
				</ComposedBlock>
				<ComposedBlock ID="cblock_4" HPOS="496" VPOS="1864" WIDTH="1108" HEIGHT="90">
					<TextBlock ID="block_5" HPOS="496" VPOS="1864" WIDTH="1108" HEIGHT="90">
						<TextLine ID="line_30" HPOS="540" VPOS="1864" WIDTH="1064" HEIGHT="37">
							<String ID="string_304" HPOS="540" VPOS="1867" WIDTH="51" HEIGHT="29" WC="0.96" CONTENT="att"/><SP WIDTH="23" VPOS="1867" HPOS="591"/>
							<String ID="string_305" HPOS="614" VPOS="1865" WIDTH="79" HEIGHT="31" WC="0.93" CONTENT="herr"/><SP WIDTH="33" VPOS="1865" HPOS="693"/>
							<String ID="string_306" HPOS="726" VPOS="1864" WIDTH="165" HEIGHT="37" WC="0.91" CONTENT="Lindleys"/><SP WIDTH="28" VPOS="1864" HPOS="891"/>
							<String ID="string_307" HPOS="919" VPOS="1864" WIDTH="233" HEIGHT="31" WC="0.91" CONTENT="ovanberörda"/><SP WIDTH="25" VPOS="1864" HPOS="1152"/>
							<String ID="string_308" HPOS="1177" VPOS="1864" WIDTH="138" HEIGHT="37" WC="0.93" CONTENT="motion,"/><SP WIDTH="26" VPOS="1864" HPOS="1315"/>
							<String ID="string_309" HPOS="1341" VPOS="1865" WIDTH="85" HEIGHT="36" WC="0.36" CONTENT="I:35,"/><SP WIDTH="24" VPOS="1865" HPOS="1426"/>
							<String ID="string_310" HPOS="1450" VPOS="1865" WIDTH="75" HEIGHT="31" WC="0.96" CONTENT="icke"/><SP WIDTH="22" VPOS="1865" HPOS="1525"/>
							<String ID="string_311" HPOS="1547" VPOS="1866" WIDTH="57" HEIGHT="30" WC="0.96" CONTENT="må"/>
						</TextLine>
						<TextLine ID="line_31" HPOS="496" VPOS="1917" WIDTH="698" HEIGHT="37">
							<String ID="string_312" HPOS="496" VPOS="1917" WIDTH="178" HEIGHT="32" WC="0.96" CONTENT="föranleda"/><SP WIDTH="23" VPOS="1917" HPOS="674"/>
							<String ID="string_313" HPOS="697" VPOS="1919" WIDTH="115" HEIGHT="35" WC="0.95" CONTENT="någon"/><SP WIDTH="25" VPOS="1919" HPOS="812"/>
							<String ID="string_314" HPOS="837" VPOS="1917" WIDTH="201" HEIGHT="35" WC="0.96" CONTENT="riksdagens"/><SP WIDTH="22" VPOS="1917" HPOS="1038"/>
							<String ID="string_315" HPOS="1060" VPOS="1917" WIDTH="134" HEIGHT="36" WC="0.96" CONTENT="åtgärd."/>
						</TextLine>
					</TextBlock>
				</ComposedBlock>
				<ComposedBlock ID="cblock_5" HPOS="139" VPOS="2022" WIDTH="964" HEIGHT="130">
					<TextBlock ID="block_6" HPOS="139" VPOS="2022" WIDTH="964" HEIGHT="130">
						<TextLine ID="line_32" HPOS="139" VPOS="2022" WIDTH="582" HEIGHT="36">
							<String ID="string_316" HPOS="139" VPOS="2023" WIDTH="198" HEIGHT="32" WC="0.95" CONTENT="Stockholm"/><SP WIDTH="24" VPOS="2023" HPOS="337"/>
							<String ID="string_317" HPOS="361" VPOS="2022" WIDTH="64" HEIGHT="32" WC="0.96" CONTENT="den"/><SP WIDTH="24" VPOS="2022" HPOS="425"/>
							<String ID="string_318" HPOS="449" VPOS="2023" WIDTH="40" HEIGHT="30" WC="0.96" CONTENT="27"/><SP WIDTH="25" VPOS="2023" HPOS="489"/>
							<String ID="string_319" HPOS="514" VPOS="2022" WIDTH="89" HEIGHT="36" WC="0.96" CONTENT="april"/><SP WIDTH="24" VPOS="2022" HPOS="603"/>
							<String ID="string_320" HPOS="627" VPOS="2022" WIDTH="94" HEIGHT="31" WC="0.96" CONTENT="1928."/>
						</TextLine>
						<TextLine ID="line_33" HPOS="594" VPOS="2116" WIDTH="509" HEIGHT="36">
							<String ID="string_321" HPOS="594" VPOS="2116" WIDTH="50" HEIGHT="31" WC="0.93" CONTENT="På"/><SP WIDTH="23" VPOS="2116" HPOS="644"/>
							<String ID="string_322" HPOS="667" VPOS="2116" WIDTH="265" HEIGHT="31" WC="0.91" CONTENT="statsutskottets"/><SP WIDTH="23" VPOS="2116" HPOS="932"/>
							<String ID="string_323" HPOS="955" VPOS="2118" WIDTH="148" HEIGHT="34" WC="0.96" CONTENT="vägnar:"/>
						</TextLine>
					</TextBlock>
				</ComposedBlock>
				<ComposedBlock ID="cblock_6" HPOS="613" VPOS="2211" WIDTH="460" HEIGHT="32">
					<TextBlock ID="block_7" HPOS="613" VPOS="2211" WIDTH="460" HEIGHT="32">
						<TextLine ID="line_34" HPOS="613" VPOS="2211" WIDTH="460" HEIGHT="32">
							<String ID="string_324" HPOS="613" VPOS="2212" WIDTH="33" HEIGHT="31" WC="0.83" CONTENT="S."/><SP WIDTH="25" VPOS="2212" HPOS="646"/>
							<String ID="string_325" HPOS="671" VPOS="2212" WIDTH="44" HEIGHT="31" WC="0.83" CONTENT="H."/><SP WIDTH="24" VPOS="2212" HPOS="715"/>
							<String ID="string_326" HPOS="739" VPOS="2211" WIDTH="334" HEIGHT="32" WC="0.90" CONTENT="KVARNZELIUS"/>
						</TextLine>
					</TextBlock>
				</ComposedBlock>
				<ComposedBlock ID="cblock_7" HPOS="139" VPOS="2437" WIDTH="659" HEIGHT="30">
					<TextBlock ID="block_8" HPOS="139" VPOS="2437" WIDTH="659" HEIGHT="30">
						<TextLine ID="line_35" HPOS="139" VPOS="2437" WIDTH="659" HEIGHT="30">
							<String ID="string_327" HPOS="139" VPOS="2443" WIDTH="196" HEIGHT="24" WC="0.96" CONTENT="Närvarande:"/><SP WIDTH="20" VPOS="2443" HPOS="335"/>
							<String ID="string_328" HPOS="355" VPOS="2449" WIDTH="28" HEIGHT="17" WC="0.96" CONTENT="se"/><SP WIDTH="19" VPOS="2449" HPOS="383"/>
							<String ID="string_329" HPOS="402" VPOS="2441" WIDTH="91" HEIGHT="24" WC="0.93" CONTENT="under"/><SP WIDTH="19" VPOS="2441" HPOS="493"/>
							<String ID="string_330" HPOS="512" VPOS="2437" WIDTH="159" HEIGHT="28" WC="0.91" CONTENT="utlåtandet"/><SP WIDTH="18" VPOS="2437" HPOS="671"/>
							<String ID="string_331" HPOS="689" VPOS="2448" WIDTH="34" HEIGHT="16" WC="0.96" CONTENT="nr"/><SP WIDTH="19" VPOS="2448" HPOS="723"/>
							<String ID="string_332" HPOS="742" VPOS="2441" WIDTH="56" HEIGHT="23" WC="0.96" CONTENT="105."/>
						</TextLine>
					</TextBlock>
				</ComposedBlock>
			</PrintSpace>
		</Page>
	</Layout>
</alto>
