1888 2825
453 165 313 32 Bankoutskottets
787 163 179 32 utlåtande
984 173 44 21 nr
1046 164 42 30 33
1107 163 40 31 år
1168 161 84 33 1969
1584 163 15 30 1

793 464 53 36 Nr
874 463 49 36 33

340 570 185 32 Utlåtande
550 570 11 31 i
585 569 189 40 anledning
798 577 42 23 av
866 568 171 31 motioner
1062 576 56 22 om
1145 566 162 42 åtgärder
1331 568 73 29 mot
1430 566 174 42 företags-

556 623 282 40 nedläggningar.

159 734 296 30 Bankoutskottet
470 731 192 32 behandlar
678 732 10 29 i
706 731 95 30 detta
817 730 182 31 utlåtande
1014 731 11 30 i
1043 731 48 29 ett
1110 729 253 39 sammanhang

160 787 74 31 dels
254 788 43 29 de
315 786 224 40 likalydande
557 785 219 31 motionerna
795 784 32 30 I:
840 784 64 30 335
925 792 42 22 av
986 784 81 30 herr
1086 783 163 30 Hansson
1269 791 46 21 m.
1329 782 38 40 fl.
1389 782 65 30 och
1476 782 44 30 II:
1537 780 67 31 380

116 851 43 21 av
180 842 82 30 herr
282 841 107 30 Eskel
409 849 46 21 m.
469 840 49 40 fl.,
540 840 74 30 vari
637 839 201 30 hemställes
861 840 51 29 att
934 837 189 40 riksdagen
1146 837 89 30 skall
1256 837 64 29 hos
1344 837 125 39 Kungl.
1495 834 105 42 Maj:t

115 896 127 39 begära
261 904 42 21 en
321 894 186 39 utredning
525 902 57 21 om
601 903 42 20 en
662 893 134 31 samlad
814 891 219 41 lagstiftning
1052 890 223 31 beträffande
1294 890 159 40 åtgärder
1473 890 59 30 vid
1551 889 54 30 fö-

117 948 355 41 retagsnedläggelser
487 948 11 30 i
516 947 151 40 enlighet
684 946 79 31 med
780 946 68 30 vad
866 954 74 22 som
958 945 121 30 anförs
1096 945 11 30 i
1125 944 234 35 motionerna;

161 1003 74 29 dels
249 1003 44 29 de
304 1001 225 40 likalydande
541 1001 220 30 motionerna
775 1000 28 30 1:
821 1000 61 29 730
896 1008 43 21 av
952 999 121 30 herrar
1087 999 86 29 Lars
1187 998 151 29 Larsson
1354 998 65 29 och
1432 998 172 38 Augusts-

118 1066 63 20 son
200 1056 66 30 och
282 1056 48 29 II:
345 1055 63 31 837
428 1064 43 21 av
488 1055 82 30 herr
586 1054 185 40 Hugosson
791 1063 46 20 m.
851 1052 49 41 fl.,
919 1053 76 30 vari
1013 1052 202 31 hemställes
1233 1054 52 28 att
1304 1051 188 40 riksdagen
1513 1051 88 30 skall

118 1111 12 30 i
151 1110 167 30 skrivelse
337 1110 53 30 till
411 1109 126 39 Kungl.
558 1108 108 40 Maj:t
686 1106 140 32 anhålla
848 1109 50 28 att
921 1116 42 21 en
984 1106 188 39 utredning
1193 1106 162 30 tillsättes
1380 1114 73 21 som
1476 1105 129 30 under-

119 1164 102 30 söker
240 1163 269 40 möjligheterna
529 1164 50 30 att
599 1162 110 40 skapa
729 1163 47 28 ett
797 1163 131 38 system
946 1160 200 40 varigenom
1167 1160 96 29 inom
1283 1158 179 40 företagen
1483 1158 122 31 fonde-

118 1227 58 20 ras
197 1217 112 30 medel
329 1217 53 30 till
403 1216 192 41 tryggande
616 1225 41 21 av
678 1216 43 30 de
741 1214 193 31 anställdas
955 1213 155 41 anspråk
1130 1213 46 41 på
1198 1213 178 40 företagen
1398 1213 11 30 i
1434 1213 169 29 samband

119 1272 81 30 med
216 1270 243 40 nedläggning,
478 1269 226 41 omflyttning
723 1270 82 29 eller
824 1269 110 30 andra
952 1268 281 39 omställningar;

164 1324 74 30 dels
253 1325 66 29 ock
335 1324 42 30 de
392 1323 224 41 likalydande
632 1324 219 29 motionerna
867 1322 29 30 1:
913 1322 62 30 732
992 1331 43 21 av
1051 1322 81 29 herr
1147 1321 114 30 Johan
1281 1320 124 31 Olsson
1424 1329 45 21 m.
1482 1320 38 40 fl.
1539 1320 64 30 och

120 1379 47 29 11:
182 1379 64 30 833
265 1388 43 20 av
324 1378 81 30 herr
423 1378 162 29 Hansson
605 1378 11 29 i
636 1377 141 39 Skegrie
795 1385 45 21 m.
855 1375 49 41 fl.,
923 1376 76 30 vari
1015 1375 201 30 hemställes
1237 1376 49 29 att
1306 1374 188 39 riksdagen
1515 1373 89 31 skall

120 1434 10 30 i
150 1433 167 30 skrivelse
334 1432 52 30 till
404 1431 126 40 Kungl.
549 1430 106 40 Maj:t
674 1430 141 30 anhålla
833 1439 56 20 om
908 1429 188 39 utredning
1115 1428 179 40 angående
1312 1428 221 39 möjligheter
1554 1429 50 28 att

121 1487 166 39 tillskapa
304 1485 173 31 särskilda
493 1484 189 30 riskmedel
700 1485 50 29 att
768 1483 179 31 användas
965 1482 56 31 för
1038 1482 258 40 förebyggande
1313 1491 43 21 av
1373 1482 232 39 nedläggning

122 1549 42 21 av
182 1539 135 40 företag
335 1540 11 29 i
367 1539 132 30 sådana
518 1538 63 31 fall
601 1538 45 30 då
665 1538 294 38 förutsättningar
979 1536 54 30 för
1055 1536 152 31 lönsamt
1228 1535 218 31 fortbestånd
1468 1535 140 39 förelig-

122 1601 59 32 ger
197 1594 82 29 eller
294 1593 64 30 där
373 1593 57 30 det
445 1592 163 30 bedömes
625 1591 180 40 angeläget
820 1590 134 30 utifrån
972 1589 192 31 anställdas
1180 1589 66 30 och
1262 1589 228 29 kommunala
1507 1597 98 31 myn-

123 1647 175 39 digheters
318 1646 189 40 synpunkt.

167 1754 218 30 Motionerna
406 1753 28 30 I:
452 1753 62 30 730
537 1753 65 30 och
623 1753 47 29 II:
685 1752 63 30 837
772 1752 74 34 har,
870 1751 103 31 såvitt
997 1751 42 30 de
1062 1760 98 21 avser
1185 1750 183 30 skattefria
1392 1750 217 30 fondavsätt-

123 1808 135 39 ningar,
277 1807 181 30 hänvisats
479 1807 52 30 till
551 1805 391 40 bevillningsutskottet,
964 1813 75 22 som
1060 1804 193 31 behandlar
1274 1803 80 31 dem
1374 1804 11 30 i
1409 1804 59 30 sitt
1488 1803 122 30 betän-

124 1862 116 29 kande
254 1870 43 21 nr
311 1860 53 31 48.

169 1968 89 31 Över
275 1968 219 30 motionerna
510 1968 67 29 har
595 1968 170 30 utskottet
784 1967 175 30 inhämtat
977 1965 189 41 yttranden
1186 1965 80 30 från
1286 1965 325 30 arbetsmarknads-

125 2023 181 40 styrelsen,
335 2021 403 40 Landsorganisationen
766 2021 13 30 i
807 2020 137 40 Sverige
980 2019 107 36 (LO),
1120 2020 155 30 Svenska
1305 2018 307 41 arbetsgivareför-

125 2077 149 39 eningen
296 2076 115 36 (SAF)
433 2076 64 29 och
516 2075 154 39 Sveriges
688 2074 318 34 industriförbund,
1023 2074 95 30 vilka
1135 2072 91 31 båda
1245 2073 219 30 sistnämnda
1482 2073 127 39 avgivit

125 2133 49 28 ett
197 2131 216 39 gemensamt
435 2129 173 41 yttrande.
633 2128 510 40 Arbetsmarknadsstyrelsens
1166 2127 164 40 yttrande
1354 2127 120 39 utgörs
1500 2135 43 22 av
1567 2135 43 22 en

126 2185 218 39 redogörelse
361 2183 56 31 för
434 2183 154 30 träffade
605 2182 357 31 överenskommelser
980 2190 57 22 om
1055 2181 94 30 vissa
1168 2180 162 41 åtgärder
1347 2181 58 30 vid
1423 2180 191 30 driftsned-

125 2238 170 39 läggelser
314 2246 45 21 m.
373 2246 58 25 m.,
450 2236 55 31 för
527 2236 139 39 statliga
687 2235 329 39 stödbeställningar
1037 2235 65 29 och
1124 2234 55 30 för
1200 2234 112 40 regler
1333 2243 56 20 om
1412 2233 198 40 överföring

125 2300 43 21 av
189 2291 113 30 medel
324 2291 54 29 till
399 2289 446 41 lagerinvesteringskonto.
869 2289 109 30 Dessa
1000 2287 179 42 uppgifter
1202 2287 177 31 redovisas
1404 2288 111 30 under
1540 2287 74 30 sär-

129 2345 114 30 skilda
258 2345 162 29 rubriker
435 2344 11 30 i
464 2346 49 28 ett
528 2343 158 40 följande
702 2343 140 30 avsnitt.

162 2579 17 27 1
219 2577 113 31 Bihang
348 2576 47 25 till
409 2576 170 31 riksdagens
593 2576 148 31 protokoll
756 2575 76 26 1969.
848 2575 15 25 8
877 2576 85 24 saml.
976 2576 41 24 Nr
1035 2578 32 22 33
