2202 2620
421 208 39 30 12
859 214 240 33 Statsutskottets
1129 217 164 33 Utlåtande
1318 218 62 32 N:o
1405 221 52 31 34.

504 289 16 34 I
549 290 106 36 detta
688 292 139 35 ärende
855 293 71 35 har
954 295 421 46 departementschefen
1403 300 62 35 till
1493 300 249 38 förenämnda
1769 307 202 34 statsråds-

375 340 199 45 protokoll
603 341 129 37 anfört
759 342 183 48 följande:

509 393 87 36 »Uti
623 394 242 48 underdånig
893 397 197 38 skrifvelse
1119 401 73 35 den
1224 404 44 33 19
1295 402 166 37 oktober
1483 407 95 33 1906
1599 405 71 35 har
1689 403 279 55 domänstyrel-

374 455 66 24 sen
471 465 52 4 —
554 446 87 35 med
672 445 190 38 förmälan
895 451 61 33 att
987 451 66 35 vid
1084 464 47 23 en
1160 456 22 32 å
1214 455 193 46 Bråborgs
1434 456 226 47 kungsgård
1687 471 62 23 n:o
1781 462 16 32 1
1830 472 62 23 om
1925 463 43 33 10

373 496 150 35 mantal
550 498 87 34 med
664 498 287 52 underlydande
980 502 13 35 i
1021 503 215 49 Dagsbergs
1265 506 71 35 och
1365 506 54 37 S:t
1446 508 195 36 Johannes
1669 510 164 36 socknar
1871 516 101 32 samt

372 547 162 47 Lösings
562 549 121 35 härad
712 550 41 35 af
776 545 293 53 Östergötlands
1093 555 66 36 län
1186 558 123 35 under
1337 560 42 33 år
1410 561 97 34 1905
1536 560 129 36 hållen
1684 562 286 49 uppskattning

372 598 61 36 för
472 599 164 48 förnyad
669 604 298 47 utarrendering
1000 605 85 36 från
1113 608 74 36 den
1218 611 46 33 14
1292 622 101 23 mars
1424 613 98 34 1908
1552 612 42 35 af
1616 613 125 35 denna
1769 611 199 54 egendom,

373 663 81 23 som
480 651 152 37 lämnar
659 665 82 23 mer
769 660 48 30 än
847 658 70 33 600
948 657 146 37 kronor
1121 660 13 34 i
1163 660 118 47 årligt
1304 663 174 45 arrende,
1499 664 471 48 uppskattningsmännen

372 703 120 35 väckt
531 704 144 47 förslag
717 718 61 23 om
820 707 224 49 afsöndring
1085 711 72 35 och
1196 712 228 48 försäljning
1465 715 42 35 af
1535 716 73 35 den
1643 717 63 35 till
1733 719 237 44 egendomen

371 754 173 37 hörande
571 756 180 46 utjorden
780 758 252 49 Sylthumpen
1059 783 50 4 —
1131 763 160 46 jämlikt
1321 766 82 35 7:de
1432 771 213 32 momentet
1663 768 13 35 i
1695 769 142 47 nådiga
1856 771 114 34 skrif-

370 807 129 35 velsen
527 808 61 35 till
616 810 186 44 styrelsen
829 811 74 35 den
933 815 46 33 25
1009 816 217 44 september
1257 819 96 33 1896
1383 819 200 45 angående
1600 820 289 37 bestämmelser
1910 826 59 32 att

371 857 107 47 tjäna
506 859 62 36 till
596 860 254 37 efterrättelse
879 864 13 34 i
919 863 110 48 fråga
1058 878 62 23 om
1148 867 243 46 lägenheters
1419 870 237 46 upplåtande
1684 871 86 37 från
1798 873 171 36 kronans

365 909 398 46 jordbruksdomäner
789 915 233 37 underställt
1041 918 65 35 det
1125 919 142 36 väckta
1285 920 187 47 förslaget
1486 922 139 47 Kungl.
1642 923 130 46 Maj:ts
1786 925 183 47 pröfning

370 964 100 33 samt
497 963 136 36 därvid
661 965 266 47 öfverlämnat,
957 968 119 36 bland
1104 974 131 42 annat,
1264 972 235 37 instrument
1541 974 106 36 öfver
1686 975 282 37 ofvannämnda

369 1012 239 49 förrättning
648 1020 99 33 samt
775 1029 47 23 en
850 1018 43 35 af
914 1019 119 37 förste
1062 1022 288 37 landtmätaren
1377 1024 86 36 Joh.
1494 1026 62 35 Er.
1585 1026 142 36 Linder
1755 1029 43 33 år
1830 1031 97 32 1904
1955 1029 13 34 i

369 1067 66 33 två
463 1066 108 36 delar
596 1070 213 45 upprättad
828 1070 116 36 karta
972 1071 106 36 öfver
1097 1074 237 45 egendomen
1352 1077 88 33 med
1459 1077 235 36 tillhörande
1714 1079 252 47 beskrifning.

498 1118 53 35 Af
573 1119 283 48 handlingarna
884 1122 205 47 inhämtas,
1118 1125 119 36 bland
1265 1130 130 41 annat,

500 1173 61 33 att
589 1173 246 45 egendomen,
864 1186 82 23 som
974 1180 43 30 är
1043 1176 162 47 belägen
1235 1178 64 35 vid
1326 1179 204 45 Bråviken,
1565 1183 53 42 1,4
1652 1181 67 34 mil
1745 1181 87 36 från
1852 1183 115 35 Norr-

370 1220 161 48 köping,
560 1223 215 37 innehåller
804 1237 45 23 en
878 1227 105 34 areal
1012 1227 41 35 af
1076 1228 254 37 tillsammans
1359 1233 72 33 656
1461 1231 141 35 hektar
1632 1235 82 42 64,4
1747 1245 52 33 ar;

499 1277 60 32 att
578 1275 13 34 i
609 1275 250 37 förenämnda
880 1279 103 34 areal
1002 1279 112 46 ingår
1133 1280 74 35 den
1227 1282 239 45 egendomen
1483 1283 235 36 tillhörande
1739 1285 228 46 obebyggda

368 1324 182 47 utjorden
579 1327 263 48 Sylthumpen,
871 1341 81 24 som
981 1336 43 29 är
1050 1331 162 47 belägen
1240 1333 13 34 i
1281 1333 53 36 S:t
1362 1334 195 36 Johannes
1585 1336 141 35 socken
1745 1336 14 35 i
1777 1337 189 36 närheten

369 1375 42 36 af
446 1377 250 49 Norrköping
723 1380 73 35 och
824 1383 21 32 å
874 1381 280 37 ofvanberörda
1182 1384 116 36 karta
1326 1386 228 35 betecknats
1581 1388 88 34 med
1696 1388 270 46 ägofigurerna

366 1428 71 35 n:is
469 1431 252 36 1064—1074
749 1433 87 35 med
866 1444 47 23 en
942 1434 104 35 areal
1076 1435 42 35 af
1141 1439 23 31 4
1193 1436 141 36 hektar
1365 1440 43 32 92
1440 1450 53 33 ar,
1524 1438 70 36 allt
1623 1439 111 45 åker;

497 1484 61 33 att
585 1483 180 46 utjorden
793 1484 262 48 Sylthumpen,
1081 1487 62 35 till
1160 1487 159 36 hvilken
1338 1495 75 41 väg
1431 1489 132 47 finnes,
1585 1490 43 35 af
1641 1491 323 48 uppskattnings-

367 1537 167 31 männen
563 1536 119 34 åsatts
710 1538 58 33 ett
795 1536 200 37 saluvärde
1024 1538 42 35 af
1091 1541 109 42 6,800
1230 1540 163 46 kronor;
1424 1542 72 34 och

496 1587 60 34 att
583 1586 138 47 Kungl.
751 1588 128 46 Maj:ts
905 1589 422 47 befallningshafvande
1352 1593 211 46 hemställt,
1585 1597 59 32 att
1664 1595 182 46 utjorden
1867 1596 98 45 Sylt-

365 1635 171 47 humpen
563 1641 122 33 måtte
713 1639 86 35 från
827 1641 237 45 egendomen
1092 1642 198 36 afsöndras
1318 1645 73 34 och
1418 1644 186 47 försäljas.

494 1689 403 38 Domänintendenten
947 1693 72 35 har
1059 1695 203 45 meddelat,
1316 1699 59 32 att
1416 1697 165 36 berörda
1618 1697 131 47 utjord
1785 1711 90 23 vore
1918 1711 47 23 en

365 1739 62 35 del
468 1740 43 35 af
539 1741 46 35 de
614 1745 39 32 så
689 1743 154 35 kallade
872 1744 309 47 Sylthumparna,
1212 1747 133 35 hvilka
1373 1760 93 23 vore
1503 1749 165 47 belägna
1700 1750 107 35 invid
1838 1751 127 35 lands-

364 1796 125 41 vägen
530 1795 103 33 öster
678 1806 62 23 om
772 1795 250 47 Norrköping
1059 1797 70 36 och
1166 1798 199 47 utgjordes
1395 1800 41 34 af
1473 1800 101 46 jord,
1616 1813 82 24 som
1729 1801 106 36 förut
1862 1803 103 35 varit

363 1842 232 47 betesmark,
637 1857 219 35 gemensam
895 1848 61 35 för
996 1848 92 36 flera
1129 1850 176 47 socknar,
1347 1863 88 23 men
1476 1864 160 24 numera
1680 1853 130 36 blifvit
1851 1854 113 36 delad

363 1895 142 36 mellan
544 1898 218 45 respektive
812 1899 198 46 hemman;
1054 1903 60 33 att
1155 1905 22 32 å
1219 1903 107 35 dessa
1368 1903 137 46 jordar
1545 1907 179 44 uppstått
1766 1905 198 47 åtskilliga

362 1947 204 47 bebyggda
622 1949 241 46 lägenheter;
907 1954 61 33 att
1009 1952 73 36 den
1122 1953 88 46 lott,
1259 1966 80 24 som
1380 1954 168 37 tillfallit
1588 1957 191 45 Bråborgs
1818 1957 146 47 kungs-

362 1999 108 45 gård,
512 2012 91 23 vore
653 2002 162 46 belägen
850 2005 23 32 4
922 2007 21 31 å
989 2006 18 32 5
1050 2004 207 36 kilometer
1292 2006 87 36 från
1419 2007 265 47 Norrköping;
1726 2011 59 32 att
1839 2009 125 35 denna

363 2051 163 45 ägolott,
563 2052 158 36 hvilken
753 2066 53 23 nu
847 2055 210 36 innehades
1085 2056 41 35 af
1159 2069 47 23 en
1235 2058 262 46 småbrukare,
1528 2059 32 46 ej
1590 2059 129 35 kunde
1747 2060 105 46 gifva
1893 2060 71 35 full

361 2102 248 36 verksamhet
648 2104 60 36 för
742 2117 47 24 en
830 2106 190 37 arbetsför
1060 2120 101 34 man,
1192 2110 131 35 såvida
1364 2110 78 36 han
1483 2110 32 46 ej
1560 2111 151 46 ägnade
1750 2112 57 46 sig
1836 2115 40 32 åt
1905 2114 58 32 ett

361 2165 106 24 mera
493 2154 187 38 intensivt
701 2157 193 46 jordbruk
922 2159 93 35 eller
1042 2160 363 47 trädgårdsskötsel;
1435 2165 101 32 samt
1564 2164 60 33 att
1652 2163 122 47 enligt
1802 2164 160 35 domän-

360 2204 271 38 intendentens
672 2209 104 35 åsikt
816 2210 201 46 ägolotten
1056 2212 87 34 med
1183 2213 66 35 det
1278 2213 164 46 afstånd,
1477 2226 81 23 som
1587 2214 170 36 därifrån
1781 2227 90 23 vore
1900 2214 62 36 till

362 2257 146 44 staden,
538 2257 32 46 ej
599 2258 178 48 lämpade
806 2261 57 47 sig
890 2261 61 36 för
979 2263 207 47 styckning
1213 2265 13 34 i
1254 2270 143 30 smärre
1426 2266 117 35 delar.
