2111 2650
438 207 104 29 Andra
568 207 196 30 Kammarens
792 208 164 38 Tillfalliga
986 209 126 30 Utskotts
1135 208 69 38 (N:o
1229 208 31 38 1)
1288 209 153 31 Utlåtande
1465 211 56 30 N:o
1545 214 51 28 20.
1801 214 16 28 3

223 286 216 44 lärarinnor,
473 299 42 22 en
545 286 111 49 hjelp,
685 300 76 23 som
793 289 172 48 vanligen
995 290 149 47 mycket
1172 302 136 37 ogerna
1337 291 200 48 beviljades
1565 292 69 35 och
1663 292 73 47 der,
1758 293 61 35 det

223 340 146 44 skedde,
406 339 77 36 ofta
513 341 188 36 lemnades
729 343 83 34 med
841 343 145 48 belopp,
1016 356 77 22 som
1123 344 29 47 ej
1184 345 231 36 motsvarade
1450 345 184 46 behofvet,
1667 346 152 36 hvarför

223 394 209 35 ändamälet
474 395 146 35 dermed
656 397 30 47 ej
727 397 115 34 sällan
871 395 205 42 förfelades.
1132 395 123 39 Äfven
1285 399 123 36 kunde
1436 398 243 50 ifrågasättas,
1708 401 111 35 huru-

223 447 85 35 vida
328 448 61 34 det
417 461 86 23 vore
533 449 134 48 billigt,
696 455 54 29 att
778 450 276 36 skoldistrikten
1073 452 122 35 skulle
1215 465 198 32 ensamina,
1434 459 89 30 utan
1543 455 52 34 all
1615 454 100 49 hjelp
1736 454 83 36 från

222 507 134 30 statens
385 502 88 42 sida,
504 503 160 35 bestrida
692 503 101 36 dessa
823 503 161 49 utgifter,
1013 504 111 50 något
1151 520 77 22 som
1258 508 30 46 ej
1319 507 133 36 skedde
1480 509 13 33 i
1520 507 103 50 fråga
1645 522 60 22 om
1725 508 93 36 folk-

223 556 240 35 skolelärares
495 558 266 48 pensionering,
804 559 60 34 till
899 559 150 36 hvilken
1079 565 116 31 staten
1224 560 140 49 årligen
1394 562 152 49 bidroge
1576 563 84 35 med
1689 563 128 49 betyd-

223 610 74 48 liga
327 610 146 48 belopp,
504 624 77 22 som
611 612 148 47 mycket
787 612 202 49 öfverstege
1009 614 293 36 skoldistriktens
1323 616 142 48 bidrag.
1505 616 84 36 Med
1609 616 64 50 fog
1692 618 124 35 kunde

221 664 67 35 ock
318 671 113 41 sägas,
459 670 55 30 att
542 665 204 36 småskolan
777 667 29 47 ej
838 667 142 35 mindre
1009 674 44 29 än
1084 667 211 37 folkskolan
1315 670 143 48 tjenade
1479 669 108 37 äfven
1608 677 53 30 ett
1680 671 137 49 vigtigt

221 718 247 36 statsintresse.

328 770 70 38 Om
428 773 68 35 ock
525 772 38 36 så
591 775 61 34 väl
680 775 333 47 lärarepersonalen
1042 789 78 22 som
1150 778 128 34 skolan
1299 778 67 35 och
1387 778 227 36 kommunen
1633 780 84 35 med
1736 780 80 35 skäl

219 825 155 36 sålunda
402 827 124 35 kunde
555 826 134 45 fordra,
718 833 54 29 att
800 833 114 30 staten
950 829 84 35 med
1053 829 241 51 erforderliga
1311 832 128 48 anslag
1455 833 188 35 verksamt
1661 833 153 49 bidroge

219 880 59 34 till
307 880 160 35 nämnda
496 882 188 46 personals
714 881 225 46 nödtorftiga
968 882 441 51 ålderdomsförsörjning,
1437 899 87 23 vore
1553 887 94 35 dock
1676 888 140 47 nödigt,

219 939 64 38 att,
326 934 109 35 innan
479 934 111 49 något
636 937 215 48 statsanslag
880 937 184 48 begärdes,
1094 938 77 36 dels
1199 940 141 47 förslag
1367 940 58 35 till
1454 941 162 47 grunder
1644 940 56 36 för
1729 955 85 35 pen-

218 988 226 48 sioneringen
482 989 235 48 uppgjordes,
747 989 76 36 dels
851 991 67 34 ock
948 1003 44 22 en
1021 992 175 36 statistisk
1216 993 199 49 utredning
1435 993 41 36 af
1491 995 324 49 anslagsbeloppet

218 1041 237 44 verkstäldes,
496 1042 143 36 hvilket
667 1044 226 35 motionären
923 1045 129 48 ansåge
1081 1046 80 35 icke
1190 1047 126 34 kunna
1345 1054 106 41 göras
1480 1047 40 36 af
1545 1048 119 49 någon
1694 1063 118 22 annan

217 1102 45 28 än
303 1096 227 48 regeringen.
589 1096 188 48 Härjemte
820 1098 66 35 har
925 1099 226 36 motionären
1180 1100 167 48 påpekat,
1376 1106 54 30 att
1459 1101 45 36 då
1532 1101 281 50 ifrågavarande

219 1150 119 35 lärare
380 1150 66 35 och
488 1151 214 44 lärarinnor,
736 1149 57 37 för
821 1152 127 35 hvilka
977 1153 190 36 bestämda
1195 1155 336 47 kompetensvilkor
1559 1157 31 47 ej
1622 1169 85 23 vore
1737 1158 75 48 lag-

218 1203 97 48 ligen
344 1201 201 47 faststälda,
581 1204 68 36 och
678 1205 125 35 hvilka
832 1206 122 35 kunde
984 1206 40 35 af
1050 1207 190 36 skolråden
1270 1214 90 30 utan
1389 1209 125 36 vidare
1542 1211 174 35 tillsättas
1744 1212 68 35 och

217 1256 177 44 afskedas,
436 1257 136 37 således
609 1259 31 48 ej
685 1272 86 22 vore
814 1260 181 36 ordinarie
1038 1262 380 47 tjensteinnehafvare,
1464 1264 123 35 kunde
1629 1264 182 48 svårligen

217 1309 118 49 någon
378 1312 304 47 pensionsanstalt
711 1313 151 36 inrättas
889 1315 12 34 i
931 1315 163 48 enlighet
1122 1316 83 35 med
1235 1317 81 43 den,
1346 1330 77 23 som
1453 1318 147 36 ordnats
1628 1317 57 37 för
1714 1318 96 36 folk-

216 1365 145 35 skolans
390 1366 116 35 lärare
535 1367 92 35 eller
655 1367 115 35 andra
798 1369 421 49 tjenstemannacorpser.

320 1419 228 36 Motionären
569 1421 65 34 har
654 1422 174 48 slutligen
850 1423 133 35 erinrat
1002 1423 137 43 derom,
1159 1430 54 29 att
1228 1424 61 36 det
1304 1431 138 30 senaste
1459 1427 184 34 allmänna
1658 1428 153 35 svenska

214 1472 431 47 folkskoleläraremötet,
676 1488 77 23 som
782 1476 90 48 egde
901 1490 83 22 rum
1011 1477 13 35 i
1053 1477 213 37 Stockholm
1297 1480 12 33 i
1338 1481 146 47 augusti
1504 1480 132 36 månad
1655 1481 156 36 sistlidet

212 1526 49 39 år,
289 1526 162 37 förehaft
474 1527 129 50 frågan
633 1542 59 22 om
722 1529 468 50 småskolelärarecorpsens
1219 1533 255 49 pensionering
1502 1535 60 34 till
1587 1535 224 48 behandling

214 1581 66 34 och
324 1581 127 35 dervid
493 1583 152 34 beslutit
679 1589 54 29 att
761 1583 154 36 medelst
948 1585 229 48 underdånig
1210 1587 155 46 petition
1401 1587 158 45 anhålla,
1593 1594 54 29 att
1675 1589 133 48 Kongl.

213 1634 103 48 Maj:t
354 1635 140 36 täcktes
537 1636 148 48 vidtaga
727 1636 169 50 åtgärder
928 1637 58 36 för
1018 1637 148 51 frågans
1200 1641 153 48 lösning.
1411 1641 130 36 Ehuru
1570 1641 239 38 förevarande

214 1688 270 49 pensionsfråga
527 1688 154 37 sålunda
709 1692 109 34 redan
847 1705 87 22 vore
962 1693 59 34 till
1051 1692 132 50 Kongl.
1213 1694 101 48 Maj:t
1343 1695 230 48 hänskjuten,
1602 1696 110 49 ansåg
1742 1698 66 34 lik-

213 1742 60 34 väl
303 1743 222 35 motionären
554 1744 214 35 densamma
793 1757 88 23 vara
906 1745 40 35 af
977 1747 69 34 den
1071 1748 89 47 vigt,
1180 1753 55 30 att
1255 1747 106 36 äfven
1382 1749 209 49 Riksdagen
1612 1751 111 35 borde
1744 1751 64 36 hos

214 1795 131 49 Kongl.
374 1796 103 48 Maj:t
506 1804 88 40 göra
623 1803 52 30 ett
703 1799 191 35 uttalande
924 1800 10 34 i
964 1805 140 40 ämnet;
1133 1801 12 35 i
1173 1800 92 49 följd
1299 1802 135 36 hvaraf
1450 1804 228 35 motionären
1697 1804 45 49 på
1756 1818 51 22 nu

211 1848 154 37 anförda
395 1851 78 35 skäl
501 1850 184 37 framstält
714 1853 61 34 sitt
803 1852 111 36 ofvan
942 1853 246 37 omförmälda
1216 1854 147 51 förslag.

315 2011 17 35 I
366 2012 118 35 likhet
512 2013 84 35 med
626 2014 225 36 motionären
882 2028 104 23 anser
1015 2015 108 37 äfven
1152 2018 179 35 utskottet
1358 2018 61 35 det
1448 2032 88 22 vara
1565 2020 38 35 af
1632 2019 173 37 behofvet

209 2063 197 49 påkalladt,
436 2072 54 29 att
517 2066 112 49 något
657 2075 104 41 göres
789 2067 57 37 för
875 2072 53 33 att
955 2070 135 35 bereda
1119 2071 44 35 de
1191 2072 118 35 lärare
1338 2072 67 35 och
1434 2073 208 35 lärarinnor
1670 2075 12 34 i
1711 2073 94 37 folk-

210 2119 146 35 skolans
397 2121 120 46 tjenst,
560 2121 128 36 hvilka
729 2122 80 36 icke
843 2123 122 36 kunna
999 2123 139 37 erhålla
1166 2126 150 46 pension
1344 2124 81 37 från
1454 2125 351 40 folkskolelärarnes

209 2174 381 49 pensionsinrättning,
625 2178 51 33 ett
708 2176 12 34 i
753 2175 233 38 förhållande
1020 2179 58 34 till
1107 2178 104 36 deras
1239 2180 205 35 lönevilkor
1473 2181 169 48 lämpadt
1672 2182 131 36 under-

208 2227 80 34 stöd
322 2226 46 49 på
402 2228 105 36 deras
539 2228 202 37 ålderdom.
801 2230 128 36 Denna
964 2232 299 48 lärarepersonal,
1292 2246 78 23 som
1399 2233 174 37 omfattar
1600 2236 79 35 icke
1709 2237 96 35 blott

207 2281 114 34 lärare
364 2282 68 34 och
474 2283 206 35 lärarinnor
723 2284 60 35 vid
826 2284 202 37 småskolor
1062 2286 68 35 och
1158 2287 142 36 mindre
1328 2286 218 48 folkskolor,
1577 2294 89 31 utan
1696 2289 106 37 äfven
