1872 2794
473 129 406 41 Bevillningsutskottets
902 127 220 32 betänkande
1140 136 45 21 nr
1204 127 50 30 15.
1571 124 38 31 11

157 217 67 30 Till
249 217 190 30 utskottets
465 215 215 39 behandling
705 215 46 30 ha
777 214 182 30 hänvisats
984 212 158 40 följande
1169 212 12 29 i
1207 211 190 38 anledning
1422 219 44 21 av
1489 217 127 32 propo-

112 268 151 30 sitionen
283 268 128 30 väckta
430 266 183 34 motioner,
636 265 176 40 nämligen

162 319 35 35 1)
226 320 41 29 de
292 318 225 39 likalydande
541 317 220 30 motionerna
787 315 107 30 1:301
922 324 42 21 av
986 314 81 30 herr
1089 312 113 30 man
1226 312 63 30 och
1316 312 46 29 II:
1377 311 64 30 399
1469 319 43 21 av
1534 310 82 29 herr

115 368 206 42 Fagerholm
350 378 46 20 m.
422 368 49 34 fl.,
497 368 74 30 vari
596 367 207 33 hemställts,
833 367 71 29 »att
929 365 188 39 riksdagen
1145 363 107 30 måtte
1277 362 137 30 besluta
1439 362 66 29 den
1532 360 85 30 änd-

115 421 124 39 ringen
258 419 12 30 i
290 419 167 40 förslaget
476 418 52 30 till
549 418 328 39 investeringsskatt
899 417 37 29 11
961 416 15 36 8
1001 415 35 35 c)
1063 416 50 29 att
1133 423 43 21 ur
1195 413 348 38 författningstexten
1563 412 54 28 ut-

116 471 60 39 går
197 473 115 28 satsen
335 470 76 30 "och
431 469 270 40 tillämpningen
722 478 43 20 av
783 467 310 30 bestämmelserna
1115 464 111 31 skulle
1246 463 162 31 medföra
1426 461 191 32 avsevärda

113 521 414 39 betalningssvårigheter
551 519 56 30 för
633 520 67 29 den
727 517 302 40 skattskyldige'»;

162 572 36 32 2)
226 572 40 29 de
289 571 225 40 likalydande
534 570 221 30 motionerna
777 569 28 30 1:
821 569 64 30 305
908 577 44 22 av
972 568 80 29 herr
1072 567 113 30 Domö
1206 575 45 21 m.
1278 565 37 30 fl.
1340 565 66 30 och
1426 564 46 30 II:
1487 563 63 30 412
1575 571 44 22 av

116 621 82 32 herr
217 622 103 31 Birke
339 632 46 20 m.
405 622 50 34 fl.,
475 621 74 30 vari
569 620 207 34 hemställts,
800 621 72 29 »att
890 618 187 39 riksdagen
1098 617 108 30 måtte
1227 616 97 31 avslå
1345 615 127 39 Kungl.
1493 613 125 40 Maj:ts

115 673 219 41 proposition
360 682 44 20 nr
430 672 41 30 33
497 672 80 29 med
604 670 132 40 förslag
758 670 53 30 till
838 669 208 39 förordning
1074 668 177 39 angående
1276 675 44 22 en
1344 665 155 39 tillfällig
1524 664 95 30 skatt

117 724 11 31 i
148 724 90 40 syfte
256 726 51 28 att
322 723 185 30 motverka
523 722 94 30 vissa
633 721 253 39 investeringar
903 719 12 30 i
935 719 182 39 varulager
1137 718 64 30 och
1219 716 214 31 inventarier
1455 715 165 34 (investe-

119 774 253 40 ringsskatt)>;

160 825 37 34 3)
220 825 43 29 de
279 824 224 39 likalydande
520 823 222 30 motionerna
760 822 28 30 I:
805 821 63 30 306
887 831 43 20 av
946 821 122 29 herrar
1088 819 113 30 Ohlon
1221 819 64 30 och
1302 818 206 29 Nordenson
1528 817 92 29 samt

119 877 46 29 II:
180 876 62 30 407
267 885 42 21 av
330 876 83 29 herr
436 874 164 30 Edström
626 884 46 19 m.
696 873 48 35 fl.,
768 873 75 30 vari
869 871 208 34 hemställts,
1103 872 71 28 »att
1197 869 187 39 riksdagen
1407 868 56 30 för
1488 867 53 30 sin
1564 866 57 30 del

119 927 109 30 måtte
252 926 145 34 besluta,
423 927 52 28 att
499 925 206 39 stadgandet
728 924 11 29 i
765 924 36 29 11
832 923 14 37 $
872 923 38 34 b)
938 923 12 29 i
976 923 56 29 det
1056 921 12 30 i
1092 920 263 41 propositionen
1378 928 44 20 nr
1446 917 41 31 33
1513 917 109 30 fram-

120 978 102 39 lagda
245 977 166 39 förslaget
435 976 53 29 till
511 975 208 39 förordning
740 974 178 39 angående
942 982 43 20 en
1010 972 154 39 tillfällig
1190 971 93 30 skatt
1305 970 12 29 i
1343 969 91 40 syfte
1459 970 50 29 att
1532 969 90 29 mot-

119 1028 109 30 verka
254 1027 94 30 vissa
377 1026 253 39 investeringar
659 1026 13 29 i
699 1025 184 39 varulager
911 1024 67 30 och
1005 1022 213 31 inventarier
1255 1017 361 42 (investeringsskatt)

120 1078 91 30 skall
231 1077 132 31 erhålla
383 1076 158 40 följande
564 1076 154 30 ändrade
739 1075 145 40 lydelse:

166 1128 48 35 ”b)
244 1128 80 30 från
349 1127 314 30 bestämmelserna
685 1126 12 29 i
722 1126 19 29 4
767 1126 64 29 och
856 1126 19 29 5
905 1124 50 37 88,
981 1124 116 30 därest
1121 1123 101 39 fråga
1246 1123 38 29 är
1311 1131 57 20 om
1394 1120 228 40 lagerökning

118 1179 85 29 eller
229 1178 347 33 inventarieförvärv,
607 1186 76 21 som
712 1177 187 29 föranletts
928 1184 42 21 av
998 1174 231 39 övertagande
1257 1182 45 21 av
1331 1173 108 29 annat
1468 1171 154 38 företags

120 1230 233 34 verksamhet,
381 1228 85 30 eller
492 1237 75 21 som
590 1227 205 30 tillkommit
822 1227 45 40 på
892 1226 116 30 direkt
1032 1223 278 32 föranstaltande
1337 1232 44 21 av
1406 1221 218 38 vederbörlig

122 1280 120 41 statlig
263 1279 205 40 myndighet
491 1278 82 30 eller
596 1288 75 20 som
693 1278 99 39 eljest
814 1277 163 30 befinnes
996 1285 84 21 vara
1106 1285 41 20 av
1172 1274 149 30 särskild
1342 1273 176 39 betydelse
1542 1271 81 30 med

121 1332 139 38 hänsyn
281 1330 53 30 till
354 1329 344 39 folkförsörjningen
719 1328 82 30 eller
824 1328 111 30 rikets
956 1325 350 39 försvarsberedskap
1329 1324 67 30 och
1418 1323 76 30 icke
1515 1322 110 30 fram-

123 1381 73 30 står
219 1381 114 30 såsom
353 1381 103 38 ringa
475 1380 13 29 i
507 1379 221 30 förhållande
750 1379 53 29 till
824 1378 298 30 rörelseidkarens
1145 1375 119 39 övriga
1285 1373 249 40 omsättnings-
1558 1372 66 30 och

122 1430 466 41 anläggningstillgångar'»;

167 1482 37 34 4)
228 1482 43 29 de
290 1481 224 39 likalydande
534 1480 222 29 motionerna
774 1479 29 29 1:
819 1479 62 29 307
903 1488 42 20 av
964 1478 80 29 herr
1066 1476 113 30 Ohlon
1200 1485 45 20 m.
1264 1475 38 30 fl.
1323 1476 92 29 samt
1434 1475 45 29 II:
1495 1473 64 30 408
1582 1482 44 21 av

123 1533 123 29 herrar
267 1531 164 30 Edström
454 1531 66 29 och
541 1529 190 40 Gustafson
755 1529 12 30 i
788 1529 181 39 Göteborg,
990 1528 76 30 vari
1087 1526 206 33 hemställts,
1320 1527 72 28 »att
1415 1525 129 29 sådana
1569 1524 57 29 be-

124 1583 207 39 ställningar
357 1591 44 21 av
424 1580 223 35 inventarier,
676 1590 74 20 som
775 1579 202 31 verkställts
1006 1578 106 39 enligt
1138 1577 92 30 bona
1254 1575 191 35 fide-avtal,
1470 1574 155 31 träffade

120 1634 77 30 före
223 1633 68 30 den
318 1633 15 29 1
362 1631 147 31 oktober
536 1631 95 35 1950,
659 1632 164 29 ävensom
851 1627 487 41 ersättningsanskaffningar
1366 1626 58 30 för
1449 1625 176 31 förlorade

123 1684 85 30 eller
227 1683 232 39 ulrangerade
478 1682 125 39 fartyg,
624 1691 82 20 men
725 1682 62 29 där
804 1680 260 31 vederbörande
1083 1678 146 40 tillgång
1249 1678 188 29 levererats
1455 1676 89 30 först
1562 1684 64 21 un-

124 1735 62 30 der
205 1733 329 40 beskattningsåret,
553 1733 77 30 icke
650 1732 97 30 skola
766 1731 168 30 omfattas
957 1740 42 20 av
1017 1730 67 29 den
1104 1728 267 40 ifrågavarande
1391 1726 236 40 lagstiftning-

125 1794 44 21 en
190 1786 85 28 utan
297 1786 60 33 att,
378 1793 57 20 om
459 1783 108 30 sådan
586 1784 71 28 rätt
677 1782 185 39 föreligger
881 1781 56 30 för
958 1779 258 32 vederbörande
1238 1779 144 38 företag,
1404 1777 47 30 fri
1471 1776 156 31 avskriv-

125 1836 173 39 ningsrätt
323 1834 90 30 skall
435 1843 84 21 vara
538 1833 197 40 tillämplig,

172 1887 90 28 samt
288 1886 60 33 att,
372 1885 118 29 därest
512 1884 93 29 detta
628 1883 156 39 yrkande
808 1882 77 30 icke
909 1881 148 34 bifalles,
1081 1880 111 30 sådan
1214 1878 151 39 ändring
1387 1877 207 31 verkställes
1616 1876 11 30 i

126 1936 37 30 11
186 1935 16 37 8
221 1936 34 34 c)
278 1937 50 28 att
346 1935 125 30 orden:
492 1933 75 30 "och
583 1933 267 39 tillämpningen
872 1941 43 20 av
932 1930 310 30 bestämmelserna
1262 1929 112 30 skulle
1393 1928 160 30 medföra
1570 1936 58 21 av-

127 1987 145 30 sevärda
293 1984 414 39 betalningssvårigheter
727 1983 56 30 för
801 1983 68 29 den
891 1980 263 40 skattskyldige”
1179 1979 96 30 skola
1296 1978 121 40 utgå»;

172 2036 37 34 5)
235 2037 41 29 de
298 2035 224 39 likalydande
543 2034 221 30 motionerna
783 2033 28 30 1:
828 2032 64 31 308
913 2042 43 20 av
978 2032 80 29 herr
1078 2030 126 30 Petrén
1226 2039 45 20 m.
1292 2029 38 31 fl.
1354 2029 65 29 och
1440 2029 45 29 II:
1500 2028 63 30 410
1585 2036 44 21 av

127 2088 81 29 herr
228 2086 152 30 Strandh
400 2095 46 20 m.
468 2085 48 34 fl.,
535 2085 75 30 vari
628 2083 207 35 hemställts,
855 2085 50 28 att
925 2083 188 38 riksdagen
1133 2081 57 30 vid
1210 2079 257 39 behandlingen
1488 2088 43 20 av
1550 2087 80 31 pro-

128 2137 152 40 position
299 2145 42 20 nr
362 2136 41 29 33
426 2135 108 30 måtte
555 2135 139 38 vidtaga
715 2134 248 38 förändringar
984 2133 12 28 i
1015 2132 152 38 enlighet
1189 2131 78 29 med
1287 2131 66 29 vad
1378 2130 10 29 i
1409 2129 220 30 motionerna

126 2187 208 38 föreslagits,
360 2188 91 27 samt
476 2187 50 28 att
550 2184 258 30 vederbörande
833 2184 137 29 utskott
994 2183 108 29 måtte
1127 2181 159 30 utarbeta
1311 2180 123 30 härför
1458 2179 172 30 erforder-

129 2237 70 39 liga
218 2237 189 38 ändringar
425 2235 12 29 i
455 2235 190 39 lagtexten;

175 2287 37 34 6)
237 2287 40 29 de
301 2286 223 38 likalydande
545 2285 220 29 motionerna
786 2284 29 29 1:
832 2283 64 30 309
919 2292 42 20 av
981 2282 80 29 herr
1081 2280 126 31 Petrén
1228 2290 45 19 m.
1296 2280 37 29 fl.
1358 2279 65 30 och
1444 2280 45 28 II:
1504 2278 60 30 411
1587 2287 44 21 av

128 2339 81 28 herr
235 2336 159 39 Hagberg
419 2336 12 29 i
458 2335 128 29 Malmö
612 2344 45 20 m.
686 2334 48 34 fl.,
761 2334 74 29 vari
862 2332 208 34 hemställts,
1099 2333 70 28 »att
1197 2330 188 38 riksdagen
1413 2329 56 31 för
1495 2329 53 29 sin
1576 2328 55 30 del

127 2388 109 30 måtte
251 2386 146 34 besluta,
414 2387 51 28 att
482 2384 206 40 stadgandet
703 2385 11 28 i
732 2384 37 29 11
789 2383 16 36 $
823 2383 10 30 i
850 2383 58 31 det
924 2383 11 28 i
952 2381 261 41 propositionen
1231 2390 41 20 nr
1289 2380 40 30 33
1347 2379 197 39 framlagda
1560 2379 72 29 för-

133 2438 108 39 slaget
261 2437 51 29 till
332 2435 210 40 förordning
563 2435 178 39 angående
762 2443 42 21 en
826 2433 156 39 tillfällig
1002 2433 94 29 skatt
1120 2431 11 30 i
1153 2431 89 39 syfte
1265 2432 50 28 att
1335 2430 182 29 motverka
1538 2428 94 31 vissa
