1864 2778
272 120 39 30 24
631 124 402 42 Bevillningsutskottets
1057 130 218 32 betänkande
1294 141 45 21 nr
1360 133 50 30 15.

270 205 189 39 sättnings-
483 207 63 30 och
573 208 418 44 anläggningstillgångar
1015 214 195 31 framstode
1236 216 115 31 såsom
1378 218 108 40 ringa,
1512 221 99 30 torde
1638 223 130 29 antalet

270 255 298 40 dispensärenden
593 258 198 40 begränsas,
821 261 39 30 så
886 264 50 28 att
961 263 305 43 handläggningen
1294 277 43 21 av
1364 269 178 31 desamma
1569 270 78 31 icke
1673 271 94 32 bleve

268 305 10 29 i
301 306 195 31 nämnvärd
517 308 84 30 mån
623 309 231 40 betungande.

312 405 68 30 Till
399 407 76 30 stöd
493 407 55 31 för
565 408 42 31 de
626 409 10 29 i
655 410 41 30 de
714 410 224 41 likalydande
971 415 317 33 motionerna
1324 418 28 29 1:
1375 418 71 31 307
1482 421 84 29 och
1602 422 57 29 11:
1681 422 84 30 408

266 455 221 33 framställda
513 458 207 39 yrkandena
744 462 65 29 har
836 464 146 30 uttalats
1008 464 43 30 bl.
1080 475 42 25 a.,
1151 469 49 28 att
1227 477 42 20 en
1297 469 91 30 ökad
1417 471 348 40 produktionsvolym

267 505 130 32 krävde
422 506 74 32 icke
519 508 89 31 blott
634 511 109 30 större
767 511 96 40 lager
886 515 86 28 utan
996 516 86 29 även
1108 517 91 30 ökad
1222 517 147 41 tillgång
1392 521 45 39 på
1461 523 303 38 transportmedel.

267 556 50 30 Av
336 556 75 31 vikt
432 567 79 21 vore
531 559 133 36 därvid,
685 563 50 28 att
755 562 204 41 tillräckligt
978 566 79 30 med
1078 568 150 39 tonnage
1249 568 131 33 funnes
1400 571 55 29 för
1478 571 286 42 sjötransporter-

266 615 54 21 na.
340 607 67 30 Vid
427 610 47 28 ett
493 609 148 31 allmänt
660 611 77 40 krig
755 613 75 39 låge
850 614 58 30 det
926 615 11 29 i
958 616 126 30 sakens
1103 619 115 33 natur,
1238 621 50 28 att
1308 620 78 30 vårt
1406 621 80 30 land
1506 622 11 29 i
1537 622 113 31 första
1669 624 93 30 hand

267 656 109 31 måste
397 657 61 31 lita
476 659 51 29 till
547 662 76 37 eget
642 662 149 39 tonnage
811 663 59 30 för
887 666 51 29 att
958 667 206 31 säkerställa
1184 668 322 42 sjötransporterna
1524 673 53 29 till
1599 674 65 29 och
1684 674 78 30 från

266 706 74 30 vårt
359 707 93 31 land.
472 709 94 30 Tack
585 719 82 22 vare
686 711 228 40 lejdtrafiken
935 716 109 30 under
1064 717 57 30 det
1142 721 135 28 senaste
1297 720 231 41 världskriget
1548 723 119 31 kunde
1687 725 75 29 vårt

266 756 81 31 land
372 757 152 33 tillföras
550 760 56 30 för
633 761 254 33 folkhushållet
914 766 195 31 värdefulla
1135 778 111 21 varor.
1275 770 118 30 Under
1420 774 240 37 nyssnämnda
1687 775 77 39 krig

266 807 174 31 förlorade
458 809 66 30 den
543 812 151 30 svenska
712 813 275 33 handelsflottan
1005 819 49 27 ett
1072 818 195 40 betydande
1288 822 96 29 antal
1404 822 124 40 fartyg.
1549 822 127 42 Övriga
1693 825 70 30 far-

265 857 56 39 tyg
339 857 98 31 bleve
456 860 138 38 mycket
614 863 114 29 starkt
747 863 175 32 förslitna.
943 866 129 31 Genom
1093 868 45 30 bl.
1159 878 30 21 a.
1210 870 67 29 den
1297 880 70 30 nya
1389 871 372 43 sociallagstiftningen

264 907 55 30 för
343 908 171 39 sjöfarten
537 910 91 31 hade
653 912 325 35 driftkostnaderna
1000 917 56 30 för
1081 918 161 41 fartygen
1266 921 149 40 kraftigt
1440 923 110 33 ökats,
1577 925 66 29 och
1668 926 93 29 detta

262 958 10 28 i
293 958 54 29 sin
368 961 58 27 tur
445 960 88 30 hade
553 962 154 30 medfört
728 964 81 30 ökat
830 965 112 32 behov
962 976 42 21 av
1023 970 281 40 nyanskaffning
1324 981 44 21 av
1387 982 96 21 mera
1503 975 163 30 modernt
1686 978 75 27 ton-

261 1016 86 31 nage
371 1009 57 30 för
450 1012 48 28 att
522 1012 120 31 stärka
666 1014 41 29 de
732 1016 149 30 svenska
904 1018 313 41 rederiföretagens
1239 1021 322 33 konkurrenskraft
1586 1027 174 37 gentemot

258 1058 57 29 det
344 1059 188 32 utländska
560 1064 176 38 tonnaget.
766 1065 168 40 Samtliga
961 1068 102 31 dessa
1091 1069 158 31 faktorer
1276 1072 90 30 hade
1396 1073 165 31 föranlett
1591 1076 42 29 de
1664 1085 96 21 sven-

259 1108 63 30 ska
352 1110 297 41 rederiföretagen
679 1116 49 28 att
761 1116 168 30 anskaffa
957 1120 77 37 nytt
1064 1121 152 38 tonnage
1246 1121 116 30 såsom
1395 1124 193 39 ersättning
1619 1126 54 29 för
1706 1127 56 28 det

260 1159 186 36 förlorade,
486 1161 166 33 förslitna
690 1166 64 29 och
793 1167 250 32 oekonomiska
1085 1172 175 39 tonnaget.
1303 1173 60 30 Att
1404 1174 109 39 bygga
1535 1185 69 30 nya
1645 1177 116 40 fartyg

257 1218 80 20 vore
359 1220 43 20 en
424 1213 138 37 mycket
584 1213 207 33 tidsödande
813 1218 181 38 procedur.
1016 1220 94 29 Från
1134 1221 56 29 det
1213 1224 50 27 att
1284 1223 255 40 beställningen
1562 1226 111 38 gjorts
1697 1227 64 29 och

258 1260 52 29 till
347 1261 80 30 dess
464 1264 48 28 att
549 1264 58 30 det
645 1274 67 30 nya
749 1267 152 40 fartyget
937 1269 196 36 levererats,
1172 1272 88 31 hade
1298 1274 74 31 ofta
1411 1275 153 31 förflutit
1603 1279 52 28 tre
1694 1279 63 29 och

258 1312 166 30 stundom
451 1313 87 31 flera
566 1315 49 29 år.
654 1316 65 29 Till
747 1317 188 39 belysande
962 1320 109 30 härav
1098 1323 59 29 må
1184 1324 159 35 nämnas,
1373 1327 51 28 att
1451 1328 209 38 exempelvis
1689 1328 68 30 far.

256 1363 68 37 tyg,
357 1371 75 22 som
461 1363 161 32 beställts
648 1366 12 29 i
691 1367 181 31 december
905 1369 92 35 1946,
1029 1371 77 30 icke
1137 1372 139 31 komme
1307 1376 52 28 att
1391 1375 169 32 levereras
1593 1378 120 30 förrän
1745 1380 10 29 i

255 1412 89 39 april
367 1413 94 30 1951.
484 1414 58 32 Att
564 1417 112 29 under
699 1418 133 30 sådana
854 1419 243 32 förhållanden
1121 1432 84 20 anse
1228 1425 46 28 ett
1298 1424 244 32 kontrakterat
1566 1427 117 40 fartyg
1705 1429 51 30 så-

256 1470 74 20 som
355 1464 180 31 anskaffat
559 1466 112 31 under
695 1468 56 29 det
774 1468 294 41 beskattningsår,
1094 1472 202 32 leveransen
1323 1476 138 34 skedde,
1486 1478 64 28 och
1575 1478 77 30 icke
1677 1479 79 30 från

255 1512 95 30 tiden
374 1513 56 31 för
452 1515 222 32 kontraktets
697 1518 196 32 tecknande
916 1530 79 21 vore
1019 1522 164 40 orimligt.
1208 1524 48 30 På
1279 1527 114 37 grund
1417 1536 43 21 av
1481 1528 273 41 prisstegringen

255 1562 54 30 för
332 1572 71 31 nya
424 1565 115 40 fartyg
561 1566 94 40 löpte
678 1569 198 31 rederierna
900 1572 85 28 även
1009 1574 93 29 stora
1126 1574 112 30 risker
1261 1575 55 30 för
1340 1578 51 28 att
1414 1577 99 31 dessa
1537 1575 218 49 nybeställda

255 1612 126 41 fartyg,
404 1615 44 29 då
467 1616 314 41 konjunkturläget
803 1620 246 36 försämrades,
1072 1623 78 30 icke
1172 1624 111 31 skulle
1304 1626 94 31 bliva
1418 1629 170 30 räntabla.
1610 1630 145 40 Hänsyn

254 1663 119 30 härtill
398 1665 109 31 måste
531 1668 100 38 tagas
657 1676 121 31 genom
804 1672 51 28 att
880 1671 233 40 betryggande
1137 1675 268 41 avskrivningar
1431 1678 20 29 å
1474 1678 160 40 fartygen
1660 1680 93 40 finge

254 1715 217 30 verkställas.
498 1716 65 30 Vid
590 1719 251 38 upprättandet
869 1730 43 21 av
938 1723 74 30 sina
1039 1723 243 41 finansplaner
1309 1727 56 29 för
1393 1728 246 40 nybyggnader
1665 1731 88 30 hade

254 1764 200 32 rederierna
476 1768 78 29 med
579 1768 83 30 fullt
687 1769 59 39 fog
767 1770 79 30 haft
872 1772 75 29 skäl
972 1774 49 29 att
1046 1774 113 31 räkna
1182 1776 79 29 med
1286 1778 51 28 att
1362 1777 125 31 hittills
1512 1780 160 38 gällande
1697 1791 56 21 av-

254 1814 312 42 skrivningsregler
585 1818 153 39 alltjämt
758 1820 114 31 skulle
891 1831 82 21 vara
990 1823 219 42 tillämpliga.
1230 1826 199 32 Anmärkas
1448 1830 97 29 torde
1564 1830 119 31 vidare
1701 1835 51 27 att

251 1863 222 34 beträffande
499 1867 120 40 dylika
645 1870 298 41 nybeställningar
968 1873 98 39 fråga
1092 1884 81 21 vore
1199 1886 55 20 om
1280 1878 110 29 redan
1415 1879 179 31 beslutade
1621 1882 64 29 och
1711 1892 42 20 av

251 1914 181 41 företagen
454 1916 145 33 bundna
621 1918 264 42 investeringar.
910 1922 145 32 Avtalen
1079 1934 57 20 om
1160 1926 102 32 dessa
1284 1927 251 42 beställningar
1559 1940 82 21 vore
1665 1933 85 29 även

250 1964 176 33 bindande
444 1968 63 29 och
523 1969 119 30 kunde
660 1970 30 39 ej
710 1971 107 31 hävas
835 1982 44 20 av
895 1973 218 32 beställaren.
1131 1976 127 39 Dylika
1274 1977 262 41 beställningar,
1560 1981 5 29 i
1584 1982 67 29 den
1669 1983 81 29 mån

251 2015 138 31 avtalen
410 2017 120 32 därom
549 2019 146 32 träffats
714 2020 74 32 före
809 2022 68 30 den
900 2023 14 29 1
937 2024 144 30 oktober
1104 2026 94 35 1950,
1218 2027 83 30 fölle
1324 2029 149 31 sålunda
1491 2031 31 39 ej
1546 2032 112 30 under
1678 2034 72 39 pla-

250 2066 127 31 nerade
398 2067 264 41 investeringar.
683 2070 13 29 I
718 2071 58 30 sitt
796 2073 163 38 yttrande
979 2075 82 29 över
1081 2076 166 40 förslaget
1267 2078 53 30 till
1342 2079 328 41 investeringsskatt
1690 2083 59 30 ha-

248 2115 41 31 de
314 2116 156 40 Sveriges
493 2120 286 41 redareförening
801 2123 205 36 framhållit,
1032 2127 50 28 att
1106 2127 310 41 nybeställningar,
1442 2140 74 20 som
1540 2133 125 39 avsåge
1690 2143 59 20 an-

250 2166 188 32 skaffande
462 2177 41 22 av
525 2170 333 42 ersättningsfartyg
882 2174 57 30 för
960 2174 175 33 förlorade
1160 2177 82 31 eller
1265 2180 231 39 utrangerade
1520 2182 127 40 fartyg,
1672 2184 75 30 icke

248 2216 105 31 borde
380 2218 168 32 omfattas
574 2229 44 21 av
644 2222 41 30 de
712 2231 66 30 nya
806 2223 321 34 bestämmelserna.
1155 2227 14 29 I
1197 2227 59 31 sitt
1282 2231 163 37 yttrande
1473 2232 81 30 över
1580 2233 167 40 förslaget

247 2266 88 31 hade
362 2269 279 32 kammarrätten
668 2272 206 37 framhållit,
901 2276 51 28 att
977 2276 68 29 den
1073 2276 199 41 föreslagna
1300 2280 250 41 förordningen
1577 2283 169 31 berövade

248 2317 131 31 sådana
401 2319 143 41 företag,
567 2330 76 21 som
664 2323 181 32 verkställt
868 2325 496 44 ersättningsanskaffningar,
1387 2331 221 40 möjligheter
1631 2336 50 28 att
1702 2335 45 39 på

246 2368 154 30 normalt
422 2370 66 29 sätt
508 2372 113 29 under
641 2372 294 40 högkonjunktur
953 2375 51 30 till
1027 2376 113 40 skydd
1161 2381 73 28 mot
1254 2388 43 21 en
1318 2382 171 29 eventuell
1510 2383 235 40 lågkonjunk-

246 2418 56 29 tur
326 2419 189 32 verkställa
540 2430 43 20 en
608 2431 43 20 ur
676 2423 246 41 affärsmässig
946 2427 179 39 synpunkt
1151 2428 146 41 befogad
1324 2432 226 40 avskrivning
1574 2434 46 39 på
1645 2435 99 29 dessa
