1908 2834
509 141 117 31 Andra
650 140 238 37 lagutskottets
914 139 178 31 utlåtande
1116 139 49 30 Nr
1183 133 50 35 43.
1604 130 18 30 3

116 226 172 37 utgången
311 236 42 21 av
375 226 39 31 år
441 227 81 30 1941
551 226 192 34 10,882,556
768 225 128 29 kronor
919 224 66 30 och
1008 224 12 30 i
1044 223 101 31 slutet
1165 232 44 20 av
1233 231 93 21 mars
1353 222 82 30 1942
1459 219 162 37 omkring

120 278 193 36 10,536,000
336 278 139 30 kronor.
1253 289 1 3 :

162 356 14 30 I
204 354 163 32 skrivelse
393 354 53 31 till
472 353 124 32 chefen
623 352 56 31 för
703 351 406 38 justitiedepartementet
1137 349 67 31 den
1232 350 18 29 2
1277 348 139 37 januari
1447 343 84 35 1942
1558 347 65 30 har

117 406 148 31 svenska
284 404 338 38 sjöfolksförbundet
637 404 110 31 bland
766 407 107 27 annat
891 402 187 36 hemställt,
1098 404 49 28 att
1169 401 85 30 1939
1273 400 56 32 års
1347 399 57 37 lag
1422 399 77 31 icke
1517 397 107 32 måtte

117 458 11 31 i
150 458 53 31 sin
226 458 116 32 helhet
361 457 133 31 erhålla
516 456 162 37 förlängd
701 455 154 38 giltighet
875 454 56 31 för
952 454 94 31 tiden
1069 453 87 31 efter
1177 452 67 31 den
1265 452 42 30 30
1328 450 75 38 juni
1430 450 94 36 1942,
1547 449 76 31 där-

118 509 58 31 vid
201 509 188 31 förbundet
414 518 102 27 synes
543 509 47 30 ha
616 506 131 37 åsyftat
774 509 50 28 att
849 506 180 36 undantag
1055 504 89 31 skall
1171 505 100 36 göras
1300 503 55 31 för
1382 501 138 38 sjömän
1548 510 75 22 som

117 561 192 36 tjänstgöra
332 560 20 31 å
373 560 116 36 fartyg
509 559 143 31 utanför
673 558 66 31 den
763 568 25 20 s.
811 558 32 30 k.
867 556 331 37 Skagerakspärren.

162 612 200 30 Förbundet
385 612 66 30 har
472 611 52 30 till
546 611 77 30 stöd
647 609 56 31 för
726 609 54 31 sin
802 607 257 37 framställning
1083 606 117 31 anfört
1223 605 167 37 följande:

162 680 111 30 Sedan
297 679 261 36 krigsutbrottet
581 679 127 29 mellan
732 676 113 37 Japan
868 677 66 30 och
956 675 180 31 Amerikas
1159 674 137 30 förenta
1318 675 105 28 stater
1443 672 67 30 har
1532 673 90 34 post-

118 722 132 36 gången
279 722 127 30 mellan
436 721 137 36 Sverige
602 721 65 30 och
698 720 122 30 länder
846 719 114 30 väster
989 727 58 21 om
1076 716 321 37 Skagerakspärren
1427 714 196 36 ytterligare

119 764 187 31 försvårats
327 764 55 30 för
401 766 50 28 att
471 763 32 37 ej
526 763 81 36 säga
628 761 261 37 omöjliggjorts.
912 760 65 30 Det
1000 761 39 29 är
1058 759 147 31 sålunda
1225 766 145 22 numera
1392 757 76 30 icke
1489 755 135 36 möjligt

119 807 54 30 för
193 806 150 31 rederier
363 807 65 29 och
450 807 103 35 ägare
573 805 51 30 till
646 804 116 36 fartyg
784 813 74 21 som
880 803 168 30 trafikera
1071 802 172 30 farvatten
1267 801 113 29 väster
1400 809 58 20 om
1481 798 142 37 spärren

118 852 49 27 att
186 848 131 31 erhålla
339 848 236 36 regelbundna
596 849 181 34 rapporter
797 846 146 30 rörande
966 846 67 29 den
1055 844 54 31 del
1133 853 42 22 av
1197 843 223 36 sjömännens
1441 840 182 37 krigsrisk-

118 891 187 35 ersättning
326 901 74 20 som
418 890 106 37 enligt
541 891 99 35 lagen
661 899 57 20 om
737 888 221 31 utbetalande
978 897 43 21 av
1039 884 358 39 krigsriskersättning
1415 883 52 31 till
1487 882 136 37 sjömän

118 934 87 30 skall
229 934 143 30 insättas
395 933 46 36 på
463 932 312 37 postsparbanken.

162 976 118 30 Redan
305 976 110 30 under
439 975 84 31 sista
545 974 156 31 halvåret
727 974 80 29 1941
833 974 65 29 har
921 973 57 30 det
1000 971 89 31 varit
1110 980 43 21 en
1177 970 54 31 del
1254 969 211 37 svårigheter
1489 968 56 30 för
1567 967 56 30 be-

119 1018 178 31 fälhavare
322 1021 48 27 att
394 1018 222 35 regelbundet
640 1017 142 29 komma
807 1015 10 30 i
841 1015 147 30 kontakt
1010 1014 80 30 med
1114 1013 75 31 sina
1212 1012 148 31 rederier
1381 1012 11 29 i
1414 1010 209 34 hemlandet,

119 1060 104 31 vilket
242 1060 77 31 haft
339 1060 50 30 till
409 1059 100 36 följd,
531 1062 49 28 att
599 1059 99 36 lagen
720 1067 57 21 om
797 1056 421 37 krigsriskersättningens
1237 1054 222 31 utbetalande
1480 1060 144 22 numera

118 1103 75 30 icke
216 1112 59 21 ens
299 1103 39 30 är
361 1102 151 37 populär
533 1101 107 31 bland
662 1101 41 30 de
726 1100 136 37 sjömän
888 1109 75 21 som
988 1098 144 37 tidigare
1154 1097 78 31 haft
1254 1096 189 37 sympatier
1467 1094 56 31 för
1544 1094 79 31 den-

119 1154 143 21 samma.

163 1187 90 31 Våra
275 1186 243 36 ombudsmän,
542 1195 73 21 som
639 1185 31 30 vi
693 1194 145 21 numera
858 1185 46 30 ha
925 1182 184 38 placerade
1130 1182 10 31 i
1162 1181 160 37 engelska
1344 1181 65 30 och
1430 1178 195 32 amerikan-

120 1230 61 30 ska
201 1230 158 34 hamnar,
379 1230 46 30 ha
444 1228 148 31 sålunda
609 1227 11 30 i
639 1227 75 32 sina
734 1229 181 34 rapporter
932 1226 51 30 till
1001 1224 187 32 förbundet
1207 1223 181 31 meddelat.
1410 1225 49 28 att
1477 1231 43 21 en
1540 1222 83 30 stör-

118 1282 36 21 re
182 1272 54 30 del
265 1281 42 21 av
336 1272 55 30 det
419 1271 148 30 svenska
594 1270 164 37 sjöfolket
784 1268 115 37 börjat
925 1269 87 30 söka
1038 1267 51 37 sig
1115 1266 50 31 till
1193 1266 186 30 utländska
1408 1264 125 36 fartyg,
1563 1263 62 31 där

119 1314 401 36 krigsriskersättningen
541 1313 71 30 helt
632 1312 171 30 utbetalas
824 1311 87 30 efter
930 1310 97 36 varje
1048 1309 200 31 fullbordad
1268 1318 76 21 resa
1365 1307 83 31 eller
1466 1306 158 31 tillända-

119 1356 104 37 lupen
246 1356 139 35 månad,
412 1355 45 31 då
482 1356 57 30 det
563 1363 144 22 numera
731 1354 41 30 är
795 1352 161 32 uteslutet
983 1352 56 31 för
1063 1352 79 30 dem
1166 1354 50 27 att
1242 1350 188 31 återvända
1455 1349 51 30 till
1530 1349 94 30 hem-

118 1399 117 30 landet
253 1398 119 30 förrän
389 1398 112 36 kriget
518 1398 40 29 är
576 1398 76 34 slut,
674 1406 42 21 en
735 1396 50 30 tid
804 1406 74 20 som
896 1405 101 26 synes
1018 1395 78 30 dem
1114 1393 88 31 både
1221 1393 135 35 fjärran
1376 1392 66 30 och
1461 1391 101 30 oviss.

163 1440 70 31 Vår
253 1440 315 36 förbundsstyrelse
588 1439 75 35 har,
685 1438 45 37 på
751 1439 111 35 grund
884 1447 43 20 av
950 1437 66 30 den
1039 1445 145 21 numera
1206 1435 196 36 ytterligare
1423 1432 202 32 försvårade

119 1482 222 37 postgången,
361 1482 150 30 beslutat
530 1481 91 30 rikta
643 1491 42 20 en
705 1480 161 30 vördsam
887 1479 209 30 hemställan
1117 1478 51 30 till
1189 1477 92 30 Eder
1300 1479 58 31 att,
1381 1475 37 31 så
1440 1478 96 28 snart
1555 1475 69 29 det-

118 1528 35 27 ta
177 1525 39 30 är
239 1524 144 36 möjligt,
409 1523 129 31 föreslå
562 1523 122 36 Kungl.
709 1522 102 36 Maj:t
834 1525 49 27 att
906 1521 142 30 utfärda
1075 1520 131 31 sådana
1230 1518 154 31 ändrade
1408 1516 218 32 föreskrifter

119 1567 178 36 angående
314 1567 116 35 lagens
447 1565 230 36 tillämpning,
697 1567 50 28 att
764 1564 224 36 sjömännens
1006 1562 79 31 hela
1102 1561 148 37 intjänta
1267 1558 359 39 krigsriskersättning

119 1610 170 30 utbetalas
313 1609 51 30 till
391 1609 40 30 de
458 1608 138 37 sjömän
621 1617 73 20 som
720 1608 60 29 äro
807 1606 170 31 anställda
1003 1605 146 30 ombord
1175 1605 10 29 i
1211 1603 124 37 fartyg,
1361 1612 75 21 som
1460 1602 76 30 icke
1562 1602 64 29 har

120 1651 210 31 förbindelse
355 1651 79 30 med
459 1650 209 32 hemlandet.

165 1694 113 35 Lagen
301 1703 73 20 som
396 1693 45 36 på
464 1693 52 30 sin
539 1693 50 30 tid
611 1692 133 30 tillkom
768 1691 87 30 efter
877 1690 209 31 hemställan
1108 1688 79 31 från
1209 1688 157 31 enskilda
1388 1688 237 35 representan-

121 1739 50 27 ter
190 1736 79 31 från
291 1736 94 30 såväl
407 1735 224 36 sjömännens
654 1744 74 21 som
749 1734 144 30 befälets
914 1732 275 37 organisationer
1209 1740 62 21 var
1292 1731 9 29 i
1322 1730 109 30 första
1453 1728 95 31 hand
1570 1737 55 21 av-

122 1779 83 30 sedd
236 1781 48 28 att
313 1778 192 34 förhindra,
536 1780 48 27 att
612 1777 206 35 sjömännen
847 1775 193 34 onödigtvis
1071 1774 190 30 förslösade
1292 1773 75 30 sina
1395 1772 113 30 under
1535 1774 89 27 stora

121 1821 95 30 faror
236 1820 149 36 intjänta
405 1818 401 37 krigsriskersättningar
825 1819 64 29 och
910 1818 56 30 det
985 1818 66 29 har
1070 1817 85 29 även
1175 1816 87 30 visat
1283 1815 58 35 sig,
1363 1817 49 27 att
1430 1814 99 35 lagen
1550 1812 77 31 haft

122 1863 112 29 denna
255 1863 157 35 åsyftade
432 1862 140 31 verkan.
594 1861 63 30 Det
678 1861 186 34 slösaktiga
883 1860 136 30 leverne
1041 1869 74 20 som
1134 1868 41 20 en
1194 1858 56 30 hel
1270 1858 53 29 del
1345 1856 136 35 sjömän
1503 1855 122 35 ådaga-

121 1905 76 31 lade
217 1905 111 30 under
348 1905 41 29 de
410 1904 109 30 första
540 1903 309 36 krigsmånaderna
870 1902 209 29 inskränker
1099 1900 50 36 sig
1169 1909 144 21 numera
1334 1899 50 29 till
1407 1898 143 30 enstaka
1569 1897 56 30 be-

123 1948 190 33 sättningar
341 1947 65 29 och
436 1945 156 31 enskilda
623 1945 147 35 sjömän,
802 1944 43 30 då
875 1944 156 30 däremot
1064 1943 65 29 den
1159 1941 172 31 ordinarie
1363 1939 262 37 sjömanskåren

122 1999 95 20 mera
243 1989 143 29 allmänt
412 1998 101 26 synes
539 1988 44 29 ha
612 1986 204 31 övervunnit
844 1986 64 29 den
936 1986 130 35 psykos
1094 1994 73 20 som
1194 1983 260 36 krigsutbrottet
1481 1982 79 29 med
1587 1981 40 29 de

122 2032 110 29 ökade
258 2031 155 29 riskerna
439 2030 190 30 medförde.

167 2073 62 30 Det
251 2074 65 29 har
336 2073 147 30 sålunda
505 2072 87 30 visat
615 2071 58 35 sig,
697 2074 47 26 att
768 2073 90 27 stora
883 2079 157 21 summor
1061 2078 42 20 av
1126 2069 40 29 de
1189 2067 44 37 på
1255 2066 299 37 postsparbanken
1578 2065 48 30 in-

124 2119 87 27 satta
237 2114 444 36 krigsriskersättningarna
711 2113 95 29 blivit
835 2111 228 31 kvarstående
1092 2110 135 30 ändock
1258 2113 47 27 att
1333 2109 206 35 sjömännen
1567 2117 60 20 nu-

124 2168 93 19 mera
245 2158 80 33 äger
353 2158 66 28 rätt
450 2160 49 26 att
528 2157 86 34 lyfta
643 2155 55 30 sitt
730 2154 310 34 tillgodohavande.
1073 2149 91 33 Även
1194 2152 224 30 konsulatens
1450 2153 179 32 rapporter

123 2202 81 27 över
223 2200 143 28 svenska
389 2199 155 34 sjömäns
564 2198 242 35 uppträdande
826 2196 9 29 i
857 2196 185 30 utländska
1064 2196 149 28 hamnar
1232 2194 99 29 visar,
1354 2196 47 26 att
1423 2192 203 35 sjömännen

124 2242 73 29 icke
220 2242 7 28 i
251 2241 111 34 någon
385 2242 108 28 större
513 2239 241 34 utsträckning
775 2240 79 32 göra
878 2238 50 34 sig
950 2237 157 35 skyldiga
1129 2237 49 29 till
1199 2236 175 34 busaktigt
1397 2236 144 29 leverne.

169 2302 90 35 Över
280 2306 186 29 skrivelsen
490 2306 64 28 har
571 2304 187 29 infordrats
781 2303 157 37 yttrande
962 2301 76 30 från
1063 2300 364 35 kommerskollegium
1450 2309 73 20 som
1530 2294 20 50 i
1578 2298 51 30 sin

125 2360 56 27 tur
211 2358 78 29 hört
321 2357 147 29 svenska
500 2356 154 35 kyrkans
686 2353 414 36 sjömansvårdsstyrelse,
1134 2351 309 36 postsparbanken,
1478 2350 152 34 Sveriges

125 2407 289 34 redareförening,
441 2406 153 34 Sveriges
619 2403 394 37 segelfartygsförening,
1039 2402 151 35 Sveriges
1215 2400 415 37 fartygsbefälsförening,

125 2458 145 30 svenska
295 2455 438 32 maskinbefälsförbundet
760 2455 64 29 och
848 2454 146 29 svenska
1020 2452 358 34 stewartsföreningen
