<?xml version="1.0" encoding="UTF-8"?>
<alto xmlns="http://www.loc.gov/standards/alto/ns-v3#" xmlns:xlink="http://www.w3.org/1999/xlink" xmlns:xsi="http://www.w3.org/2001/XMLSchema-instance" xsi:schemaLocation="http://www.loc.gov/standards/alto/ns-v3# http://www.loc.gov/alto/v3/alto-3-0.xsd">
	<Description>
		<MeasurementUnit>pixel</MeasurementUnit>
		<sourceImageInformation>
			<fileName>/tmp/tess_w70mt0w5_input.PNG</fileName>
		</sourceImageInformation>
		<OCRProcessing ID="OCR_0">
			<ocrProcessingStep>
				<processingSoftware>
					<softwareName>tesseract 5.3.0</softwareName>
				</processingSoftware>
			</ocrProcessingStep>
		</OCRProcessing>
	</Description>
	<Layout>
		<Page WIDTH="2216" HEIGHT="2679" PHYSICAL_IMG_NR="0" ID="page_0">
			<PrintSpace HPOS="0" VPOS="0" WIDTH="2216" HEIGHT="2679">
				<ComposedBlock ID="cblock_0" HPOS="498" VPOS="202" WIDTH="1311" HEIGHT="35">
					<TextBlock ID="block_0" HPOS="498" VPOS="202" WIDTH="1311" HEIGHT="35">
						<TextLine ID="line_0" HPOS="498" VPOS="202" WIDTH="1311" HEIGHT="35">
							<String ID="string_0" HPOS="498" VPOS="202" WIDTH="229" HEIGHT="29" WC="0.63" CONTENT="Sammansatta"/><SP WIDTH="26" VPOS="202" HPOS="727"/>
							<String ID="string_1" HPOS="753" VPOS="202" WIDTH="92" HEIGHT="30" WC="0.89" CONTENT="Stats-"/><SP WIDTH="25" VPOS="202" HPOS="845"/>
							<String ID="string_2" HPOS="870" VPOS="204" WIDTH="53" HEIGHT="28" WC="0.93" CONTENT="och"/><SP WIDTH="27" VPOS="204" HPOS="923"/>
							<String ID="string_3" HPOS="950" VPOS="204" WIDTH="272" HEIGHT="31" WC="0.78" CONTENT="Bankoutskottets"/><SP WIDTH="28" VPOS="204" HPOS="1222"/>
							<String ID="string_4" HPOS="1250" VPOS="206" WIDTH="161" HEIGHT="29" WC="0.95" CONTENT="Utlåtande"/><SP WIDTH="24" VPOS="206" HPOS="1411"/>
							<String ID="string_5" HPOS="1435" VPOS="207" WIDTH="57" HEIGHT="29" WC="0.95" CONTENT="N:o"/><SP WIDTH="25" VPOS="207" HPOS="1492"/>
							<String ID="string_6" HPOS="1517" VPOS="208" WIDTH="26" HEIGHT="28" WC="0.94" CONTENT="3."/><SP WIDTH="250" VPOS="208" HPOS="1543"/>
							<String ID="string_7" HPOS="1793" VPOS="206" WIDTH="16" HEIGHT="31" WC="0.96" CONTENT="7"/>
						</TextLine>
					</TextBlock>
				</ComposedBlock>
				<ComposedBlock ID="cblock_1" HPOS="208" VPOS="278" WIDTH="1603" HEIGHT="464">
					<TextBlock ID="block_1" HPOS="208" VPOS="278" WIDTH="1600" HEIGHT="104">
						<TextLine ID="line_1" HPOS="208" VPOS="278" WIDTH="1600" HEIGHT="57">
							<String ID="string_8" HPOS="208" VPOS="278" WIDTH="111" HEIGHT="37" WC="0.95" CONTENT="delen"/><SP WIDTH="38" VPOS="278" HPOS="319"/>
							<String ID="string_9" HPOS="357" VPOS="279" WIDTH="206" HEIGHT="49" WC="0.96" CONTENT="anbringas"/><SP WIDTH="33" VPOS="279" HPOS="563"/>
							<String ID="string_10" HPOS="596" VPOS="280" WIDTH="11" HEIGHT="36" WC="0.96" CONTENT="i"/><SP WIDTH="28" VPOS="280" HPOS="607"/>
							<String ID="string_11" HPOS="635" VPOS="280" WIDTH="69" HEIGHT="36" WC="0.93" CONTENT="och"/><SP WIDTH="30" VPOS="280" HPOS="704"/>
							<String ID="string_12" HPOS="734" VPOS="280" WIDTH="101" HEIGHT="37" WC="0.92" CONTENT="hvila"/><SP WIDTH="28" VPOS="280" HPOS="835"/>
							<String ID="string_13" HPOS="863" VPOS="285" WIDTH="49" HEIGHT="45" WC="0.96" CONTENT="på"/><SP WIDTH="28" VPOS="285" HPOS="912"/>
							<String ID="string_14" HPOS="940" VPOS="281" WIDTH="87" HEIGHT="49" WC="0.96" CONTENT="fast,"/><SP WIDTH="29" VPOS="281" HPOS="1027"/>
							<String ID="string_15" HPOS="1056" VPOS="282" WIDTH="118" HEIGHT="37" WC="0.96" CONTENT="redan"/><SP WIDTH="30" VPOS="282" HPOS="1174"/>
							<String ID="string_16" HPOS="1204" VPOS="283" WIDTH="172" HEIGHT="50" WC="0.96" CONTENT="befintlig"/><SP WIDTH="29" VPOS="283" HPOS="1376"/>
							<String ID="string_17" HPOS="1405" VPOS="285" WIDTH="67" HEIGHT="36" WC="0.96" CONTENT="och"/><SP WIDTH="32" VPOS="285" HPOS="1472"/>
							<String ID="string_18" HPOS="1504" VPOS="285" WIDTH="241" HEIGHT="49" WC="0.96" CONTENT="följaktligen"/><SP WIDTH="30" VPOS="285" HPOS="1745"/>
							<String ID="string_19" HPOS="1775" VPOS="286" WIDTH="33" HEIGHT="49" WC="0.96" CONTENT="ej"/>
						</TextLine>
						<TextLine ID="line_2" HPOS="208" VPOS="330" WIDTH="824" HEIGHT="52">
							<String ID="string_20" HPOS="208" VPOS="343" WIDTH="138" HEIGHT="35" WC="0.93" CONTENT="genom"/><SP WIDTH="31" VPOS="343" HPOS="346"/>
							<String ID="string_21" HPOS="377" VPOS="330" WIDTH="209" HEIGHT="50" WC="0.90" CONTENT="utfyllning"/><SP WIDTH="29" VPOS="330" HPOS="586"/>
							<String ID="string_22" HPOS="615" VPOS="331" WIDTH="127" HEIGHT="37" WC="0.93" CONTENT="bildad"/><SP WIDTH="30" VPOS="331" HPOS="742"/>
							<String ID="string_23" HPOS="772" VPOS="332" WIDTH="260" HEIGHT="50" WC="0.91" CONTENT="undergrund."/>
						</TextLine>
					</TextBlock>
					<TextBlock ID="block_2" HPOS="208" VPOS="382" WIDTH="1603" HEIGHT="360">
						<TextLine ID="line_3" HPOS="360" VPOS="382" WIDTH="1450" HEIGHT="55">
							<String ID="string_24" HPOS="360" VPOS="382" WIDTH="171" HEIGHT="37" WC="0.95" CONTENT="Emedan"/><SP WIDTH="31" VPOS="382" HPOS="531"/>
							<String ID="string_25" HPOS="562" VPOS="382" WIDTH="173" HEIGHT="37" WC="0.95" CONTENT="hitintills"/><SP WIDTH="29" VPOS="382" HPOS="735"/>
							<String ID="string_26" HPOS="764" VPOS="383" WIDTH="135" HEIGHT="37" WC="0.93" CONTENT="endast"/><SP WIDTH="28" VPOS="383" HPOS="899"/>
							<String ID="string_27" HPOS="927" VPOS="385" WIDTH="314" HEIGHT="49" WC="0.90" CONTENT="grundritningar"/><SP WIDTH="28" VPOS="385" HPOS="1241"/>
							<String ID="string_28" HPOS="1269" VPOS="386" WIDTH="56" HEIGHT="36" WC="0.96" CONTENT="till"/><SP WIDTH="29" VPOS="386" HPOS="1325"/>
							<String ID="string_29" HPOS="1354" VPOS="386" WIDTH="45" HEIGHT="37" WC="0.96" CONTENT="de"/><SP WIDTH="21" VPOS="386" HPOS="1399"/>
							<String ID="string_30" HPOS="1420" VPOS="387" WIDTH="95" HEIGHT="37" WC="0.96" CONTENT="båda"/><SP WIDTH="18" VPOS="387" HPOS="1515"/>
							<String ID="string_31" HPOS="1533" VPOS="388" WIDTH="277" HEIGHT="49" WC="0.96" CONTENT="byggnaderna"/>
						</TextLine>
						<TextLine ID="line_4" HPOS="213" VPOS="432" WIDTH="1597" HEIGHT="55">
							<String ID="string_32" HPOS="213" VPOS="432" WIDTH="198" HEIGHT="49" WC="0.96" CONTENT="föreligga,"/><SP WIDTH="32" VPOS="432" HPOS="411"/>
							<String ID="string_33" HPOS="443" VPOS="447" WIDTH="86" HEIGHT="22" WC="0.94" CONTENT="men"/><SP WIDTH="15" VPOS="447" HPOS="529"/>
							<String ID="string_34" HPOS="544" VPOS="433" WIDTH="83" HEIGHT="37" WC="0.96" CONTENT="icke"/><SP WIDTH="16" VPOS="433" HPOS="627"/>
							<String ID="string_35" HPOS="643" VPOS="437" WIDTH="121" HEIGHT="45" WC="0.92" CONTENT="några"/><SP WIDTH="16" VPOS="437" HPOS="764"/>
							<String ID="string_36" HPOS="780" VPOS="434" WIDTH="307" HEIGHT="50" WC="0.91" CONTENT="detaljritningar"/><SP WIDTH="28" VPOS="434" HPOS="1087"/>
							<String ID="string_37" HPOS="1115" VPOS="437" WIDTH="145" HEIGHT="37" WC="0.96" CONTENT="kunnat"/><SP WIDTH="27" VPOS="437" HPOS="1260"/>
							<String ID="string_38" HPOS="1287" VPOS="438" WIDTH="208" HEIGHT="49" WC="0.96" CONTENT="utarbetas,"/><SP WIDTH="30" VPOS="438" HPOS="1495"/>
							<String ID="string_39" HPOS="1525" VPOS="439" WIDTH="68" HEIGHT="36" WC="0.96" CONTENT="har"/><SP WIDTH="29" VPOS="439" HPOS="1593"/>
							<String ID="string_40" HPOS="1622" VPOS="440" WIDTH="63" HEIGHT="36" WC="0.96" CONTENT="det"/><SP WIDTH="28" VPOS="440" HPOS="1685"/>
							<String ID="string_41" HPOS="1713" VPOS="441" WIDTH="97" HEIGHT="35" WC="0.96" CONTENT="varit"/>
						</TextLine>
						<TextLine ID="line_5" HPOS="209" VPOS="483" WIDTH="1602" HEIGHT="56">
							<String ID="string_42" HPOS="209" VPOS="483" WIDTH="67" HEIGHT="36" WC="0.96" CONTENT="och"/><SP WIDTH="45" VPOS="483" HPOS="276"/>
							<String ID="string_43" HPOS="321" VPOS="488" WIDTH="40" HEIGHT="31" WC="0.96" CONTENT="är"/><SP WIDTH="39" VPOS="488" HPOS="361"/>
							<String ID="string_44" HPOS="400" VPOS="484" WIDTH="237" HEIGHT="37" WC="0.96" CONTENT="fortfarande"/><SP WIDTH="41" VPOS="484" HPOS="637"/>
							<String ID="string_45" HPOS="678" VPOS="486" WIDTH="174" HEIGHT="48" WC="0.94" CONTENT="omöjligt"/><SP WIDTH="42" VPOS="486" HPOS="852"/>
							<String ID="string_46" HPOS="894" VPOS="492" WIDTH="54" HEIGHT="30" WC="0.93" CONTENT="utt"/><SP WIDTH="44" VPOS="492" HPOS="948"/>
							<String ID="string_47" HPOS="992" VPOS="493" WIDTH="174" HEIGHT="42" WC="0.92" CONTENT="uppgöra"/><SP WIDTH="39" VPOS="493" HPOS="1166"/>
							<String ID="string_48" HPOS="1205" VPOS="488" WIDTH="228" HEIGHT="48" WC="0.91" CONTENT="detaljeradt"/><SP WIDTH="43" VPOS="488" HPOS="1433"/>
							<String ID="string_49" HPOS="1476" VPOS="490" WIDTH="335" HEIGHT="49" WC="0.95" CONTENT="kostnadsförslag"/>
						</TextLine>
						<TextLine ID="line_6" HPOS="210" VPOS="534" WIDTH="1600" HEIGHT="55">
							<String ID="string_50" HPOS="210" VPOS="534" WIDTH="107" HEIGHT="36" WC="0.95" CONTENT="öfver"/><SP WIDTH="30" VPOS="534" HPOS="317"/>
							<String ID="string_51" HPOS="347" VPOS="534" WIDTH="138" HEIGHT="49" WC="0.93" CONTENT="sjelfva"/><SP WIDTH="28" VPOS="534" HPOS="485"/>
							<String ID="string_52" HPOS="513" VPOS="535" WIDTH="320" HEIGHT="50" WC="0.91" CONTENT="husbyggnaden."/><SP WIDTH="56" VPOS="535" HPOS="833"/>
							<String ID="string_53" HPOS="889" VPOS="537" WIDTH="86" HEIGHT="36" WC="0.96" CONTENT="Men"/><SP WIDTH="31" VPOS="537" HPOS="975"/>
							<String ID="string_54" HPOS="1006" VPOS="541" WIDTH="41" HEIGHT="33" WC="0.96" CONTENT="så"/><SP WIDTH="28" VPOS="541" HPOS="1047"/>
							<String ID="string_55" HPOS="1075" VPOS="538" WIDTH="79" HEIGHT="36" WC="0.93" CONTENT="vidt"/><SP WIDTH="29" VPOS="538" HPOS="1154"/>
							<String ID="string_56" HPOS="1183" VPOS="539" WIDTH="166" HEIGHT="37" WC="0.92" CONTENT="komitén"/><SP WIDTH="31" VPOS="539" HPOS="1349"/>
							<String ID="string_57" HPOS="1380" VPOS="540" WIDTH="41" HEIGHT="36" WC="0.96" CONTENT="af"/><SP WIDTH="25" VPOS="540" HPOS="1421"/>
							<String ID="string_58" HPOS="1446" VPOS="540" WIDTH="45" HEIGHT="36" WC="0.96" CONTENT="de"/><SP WIDTH="29" VPOS="540" HPOS="1491"/>
							<String ID="string_59" HPOS="1520" VPOS="540" WIDTH="198" HEIGHT="49" WC="0.93" CONTENT="befintliga"/><SP WIDTH="28" VPOS="540" HPOS="1718"/>
							<String ID="string_60" HPOS="1746" VPOS="542" WIDTH="64" HEIGHT="36" WC="0.92" CONTENT="rit-"/>
						</TextLine>
						<TextLine ID="line_7" HPOS="208" VPOS="585" WIDTH="1601" HEIGHT="55">
							<String ID="string_61" HPOS="208" VPOS="585" WIDTH="189" HEIGHT="48" WC="0.95" CONTENT="ningarna"/><SP WIDTH="40" VPOS="585" HPOS="397"/>
							<String ID="string_62" HPOS="437" VPOS="586" WIDTH="74" HEIGHT="36" WC="0.95" CONTENT="kan"/><SP WIDTH="41" VPOS="586" HPOS="511"/>
							<String ID="string_63" HPOS="552" VPOS="586" WIDTH="174" HEIGHT="49" WC="0.93" CONTENT="bedöma,"/><SP WIDTH="42" VPOS="586" HPOS="726"/>
							<String ID="string_64" HPOS="768" VPOS="588" WIDTH="183" HEIGHT="36" WC="0.91" CONTENT="behöfver"/><SP WIDTH="34" VPOS="588" HPOS="951"/>
							<String ID="string_65" HPOS="985" VPOS="589" WIDTH="73" HEIGHT="36" WC="0.96" CONTENT="den"/><SP WIDTH="43" VPOS="589" HPOS="1058"/>
							<String ID="string_66" HPOS="1101" VPOS="589" WIDTH="40" HEIGHT="37" WC="0.96" CONTENT="af"/><SP WIDTH="38" VPOS="589" HPOS="1141"/>
							<String ID="string_67" HPOS="1179" VPOS="591" WIDTH="95" HEIGHT="35" WC="0.95" CONTENT="1888"/><SP WIDTH="42" VPOS="591" HPOS="1274"/>
							<String ID="string_68" HPOS="1316" VPOS="593" WIDTH="59" HEIGHT="33" WC="0.95" CONTENT="års"/><SP WIDTH="41" VPOS="593" HPOS="1375"/>
							<String ID="string_69" HPOS="1416" VPOS="591" WIDTH="171" HEIGHT="49" WC="0.96" CONTENT="Riksdag"/><SP WIDTH="42" VPOS="591" HPOS="1587"/>
							<String ID="string_70" HPOS="1629" VPOS="592" WIDTH="180" HEIGHT="37" WC="0.95" CONTENT="anvisade"/>
						</TextLine>
						<TextLine ID="line_8" HPOS="208" VPOS="636" WIDTH="1600" HEIGHT="55">
							<String ID="string_71" HPOS="208" VPOS="636" WIDTH="351" HEIGHT="49" WC="0.91" CONTENT="byggnadsfonden"/><SP WIDTH="44" VPOS="636" HPOS="559"/>
							<String ID="string_72" HPOS="603" VPOS="638" WIDTH="83" HEIGHT="37" WC="0.93" CONTENT="icke"/><SP WIDTH="42" VPOS="638" HPOS="686"/>
							<String ID="string_73" HPOS="728" VPOS="638" WIDTH="259" HEIGHT="38" WC="0.92" CONTENT="öfverskridas"/><SP WIDTH="40" VPOS="638" HPOS="987"/>
							<String ID="string_74" HPOS="1027" VPOS="639" WIDTH="57" HEIGHT="37" WC="0.96" CONTENT="för"/><SP WIDTH="40" VPOS="639" HPOS="1084"/>
							<String ID="string_75" HPOS="1124" VPOS="641" WIDTH="239" HEIGHT="48" WC="0.95" CONTENT="uppförande"/><SP WIDTH="43" VPOS="641" HPOS="1363"/>
							<String ID="string_76" HPOS="1406" VPOS="642" WIDTH="40" HEIGHT="36" WC="0.96" CONTENT="af"/><SP WIDTH="36" VPOS="642" HPOS="1446"/>
							<String ID="string_77" HPOS="1482" VPOS="643" WIDTH="279" HEIGHT="48" WC="0.96" CONTENT="byggnaderna"/><SP WIDTH="37" VPOS="643" HPOS="1761"/>
							<String ID="string_78" HPOS="1798" VPOS="644" WIDTH="10" HEIGHT="35" WC="0.96" CONTENT="i"/>
						</TextLine>
						<TextLine ID="line_9" HPOS="208" VPOS="687" WIDTH="1418" HEIGHT="55">
							<String ID="string_79" HPOS="208" VPOS="687" WIDTH="125" HEIGHT="48" WC="0.96" CONTENT="enkel,"/><SP WIDTH="30" VPOS="687" HPOS="333"/>
							<String ID="string_80" HPOS="363" VPOS="701" WIDTH="86" HEIGHT="23" WC="0.96" CONTENT="men"/><SP WIDTH="29" VPOS="701" HPOS="449"/>
							<String ID="string_81" HPOS="478" VPOS="689" WIDTH="135" HEIGHT="47" WC="0.95" CONTENT="värdig"/><SP WIDTH="29" VPOS="689" HPOS="613"/>
							<String ID="string_82" HPOS="642" VPOS="690" WIDTH="62" HEIGHT="36" WC="0.95" CONTENT="stil"/><SP WIDTH="29" VPOS="690" HPOS="704"/>
							<String ID="string_83" HPOS="733" VPOS="690" WIDTH="119" HEIGHT="48" WC="0.95" CONTENT="enligt"/><SP WIDTH="29" VPOS="690" HPOS="852"/>
							<String ID="string_84" HPOS="881" VPOS="690" WIDTH="46" HEIGHT="37" WC="0.97" CONTENT="de"/><SP WIDTH="28" VPOS="690" HPOS="927"/>
							<String ID="string_85" HPOS="955" VPOS="691" WIDTH="225" HEIGHT="37" WC="0.93" CONTENT="utarbetade"/><SP WIDTH="30" VPOS="691" HPOS="1180"/>
							<String ID="string_86" HPOS="1210" VPOS="691" WIDTH="416" HEIGHT="51" WC="0.91" CONTENT="förslagsritningarna."/>
						</TextLine>
					</TextBlock>
				</ComposedBlock>
				<ComposedBlock ID="cblock_2" HPOS="360" VPOS="807" WIDTH="1247" HEIGHT="55">
					<TextBlock ID="block_3" HPOS="360" VPOS="807" WIDTH="1247" HEIGHT="55">
						<TextLine ID="line_10" HPOS="360" VPOS="807" WIDTH="1247" HEIGHT="55">
							<String ID="string_87" HPOS="360" VPOS="807" WIDTH="45" HEIGHT="36" WC="0.0" CONTENT="BB."/><SP WIDTH="49" VPOS="807" HPOS="405"/>
							<String ID="string_88" HPOS="454" VPOS="807" WIDTH="237" HEIGHT="48" WC="0.60" CONTENT="Beträffande"/><SP WIDTH="29" VPOS="807" HPOS="691"/>
							<String ID="string_89" HPOS="720" VPOS="810" WIDTH="67" HEIGHT="35" WC="0.92" CONTENT="den"/><SP WIDTH="29" VPOS="810" HPOS="787"/>
							<String ID="string_90" HPOS="816" VPOS="811" WIDTH="114" HEIGHT="35" WC="0.90" CONTENT="wnder"/><SP WIDTH="21" VPOS="811" HPOS="930"/>
							<String ID="string_91" HPOS="951" VPOS="811" WIDTH="160" HEIGHT="47" WC="0.93" CONTENT="punkten"/><SP WIDTH="25" VPOS="811" HPOS="1111"/>
							<String ID="string_92" HPOS="1136" VPOS="809" WIDTH="77" HEIGHT="47" WC="0.87" CONTENT="2:0)"/><SP WIDTH="28" VPOS="809" HPOS="1213"/>
							<String ID="string_93" HPOS="1241" VPOS="813" WIDTH="197" HEIGHT="47" WC="0.87" CONTENT="uppstälda"/><SP WIDTH="16" VPOS="813" HPOS="1438"/>
							<String ID="string_94" HPOS="1454" VPOS="813" WIDTH="153" HEIGHT="49" WC="0.96" CONTENT="frågan."/>
						</TextLine>
					</TextBlock>
				</ComposedBlock>
				<ComposedBlock ID="cblock_3" HPOS="205" VPOS="891" WIDTH="1608" HEIGHT="1432">
					<TextBlock ID="block_4" HPOS="205" VPOS="891" WIDTH="1608" HEIGHT="1432">
						<TextLine ID="line_11" HPOS="360" VPOS="891" WIDTH="1450" HEIGHT="54">
							<String ID="string_95" HPOS="360" VPOS="891" WIDTH="147" HEIGHT="38" WC="0.90" CONTENT="Genom"/><SP WIDTH="31" VPOS="891" HPOS="507"/>
							<String ID="string_96" HPOS="538" VPOS="892" WIDTH="361" HEIGHT="50" WC="0.90" CONTENT="bankbyggnadens"/><SP WIDTH="25" VPOS="892" HPOS="899"/>
							<String ID="string_97" HPOS="924" VPOS="895" WIDTH="254" HEIGHT="49" WC="0.95" CONTENT="borttagande"/><SP WIDTH="30" VPOS="895" HPOS="1178"/>
							<String ID="string_98" HPOS="1208" VPOS="896" WIDTH="133" HEIGHT="49" WC="0.96" CONTENT="skulle,"/><SP WIDTH="30" VPOS="896" HPOS="1341"/>
							<String ID="string_99" HPOS="1371" VPOS="900" WIDTH="42" HEIGHT="34" WC="0.96" CONTENT="så"/><SP WIDTH="27" VPOS="900" HPOS="1413"/>
							<String ID="string_100" HPOS="1440" VPOS="897" WIDTH="79" HEIGHT="37" WC="0.92" CONTENT="vidt"/><SP WIDTH="24" VPOS="897" HPOS="1519"/>
							<String ID="string_101" HPOS="1543" VPOS="898" WIDTH="169" HEIGHT="37" WC="0.91" CONTENT="komitén"/><SP WIDTH="22" VPOS="898" HPOS="1712"/>
							<String ID="string_102" HPOS="1734" VPOS="899" WIDTH="76" HEIGHT="38" WC="0.96" CONTENT="kan"/>
						</TextLine>
						<TextLine ID="line_12" HPOS="207" VPOS="943" WIDTH="1602" HEIGHT="56">
							<String ID="string_103" HPOS="207" VPOS="943" WIDTH="114" HEIGHT="48" WC="0.96" CONTENT="finna,"/><SP WIDTH="29" VPOS="943" HPOS="321"/>
							<String ID="string_104" HPOS="350" VPOS="943" WIDTH="84" HEIGHT="36" WC="0.95" CONTENT="icke"/><SP WIDTH="28" VPOS="943" HPOS="434"/>
							<String ID="string_105" HPOS="462" VPOS="944" WIDTH="318" HEIGHT="49" WC="0.95" CONTENT="grundläggning"/><SP WIDTH="30" VPOS="944" HPOS="780"/>
							<String ID="string_106" HPOS="810" VPOS="946" WIDTH="69" HEIGHT="35" WC="0.96" CONTENT="och"/><SP WIDTH="30" VPOS="946" HPOS="879"/>
							<String ID="string_107" HPOS="909" VPOS="946" WIDTH="178" HEIGHT="49" WC="0.95" CONTENT="murning"/><SP WIDTH="27" VPOS="946" HPOS="1087"/>
							<String ID="string_108" HPOS="1114" VPOS="946" WIDTH="58" HEIGHT="37" WC="0.95" CONTENT="för"/><SP WIDTH="29" VPOS="946" HPOS="1172"/>
							<String ID="string_109" HPOS="1201" VPOS="947" WIDTH="110" HEIGHT="49" WC="0.96" CONTENT="kajen"/><SP WIDTH="31" VPOS="947" HPOS="1311"/>
							<String ID="string_110" HPOS="1342" VPOS="954" WIDTH="126" HEIGHT="31" WC="0.96" CONTENT="vester"/><SP WIDTH="29" VPOS="954" HPOS="1468"/>
							<String ID="string_111" HPOS="1497" VPOS="962" WIDTH="59" HEIGHT="22" WC="0.93" CONTENT="om"/><SP WIDTH="29" VPOS="962" HPOS="1556"/>
							<String ID="string_112" HPOS="1585" VPOS="949" WIDTH="224" HEIGHT="50" WC="0.91" CONTENT="Drottning-"/>
						</TextLine>
						<TextLine ID="line_13" HPOS="208" VPOS="994" WIDTH="1602" HEIGHT="55">
							<String ID="string_113" HPOS="208" VPOS="1000" WIDTH="141" HEIGHT="42" WC="0.95" CONTENT="gatans"/><SP WIDTH="28" VPOS="1000" HPOS="349"/>
							<String ID="string_114" HPOS="377" VPOS="994" WIDTH="249" HEIGHT="50" WC="0.96" CONTENT="förlängning"/><SP WIDTH="28" VPOS="994" HPOS="626"/>
							<String ID="string_115" HPOS="654" VPOS="995" WIDTH="118" HEIGHT="37" WC="0.92" CONTENT="blifva"/><SP WIDTH="28" VPOS="995" HPOS="772"/>
							<String ID="string_116" HPOS="800" VPOS="996" WIDTH="203" HEIGHT="49" WC="0.86" CONTENT="obehöflig,"/><SP WIDTH="29" VPOS="996" HPOS="1003"/>
							<String ID="string_117" HPOS="1032" VPOS="1002" WIDTH="92" HEIGHT="31" WC="0.96" CONTENT="enär"/><SP WIDTH="29" VPOS="1002" HPOS="1124"/>
							<String ID="string_118" HPOS="1153" VPOS="1011" WIDTH="86" HEIGHT="23" WC="0.95" CONTENT="man"/><SP WIDTH="28" VPOS="1011" HPOS="1239"/>
							<String ID="string_119" HPOS="1267" VPOS="999" WIDTH="33" HEIGHT="48" WC="0.95" CONTENT="ej"/><SP WIDTH="33" VPOS="999" HPOS="1300"/>
							<String ID="string_120" HPOS="1333" VPOS="999" WIDTH="72" HEIGHT="36" WC="0.96" CONTENT="kan"/><SP WIDTH="27" VPOS="999" HPOS="1405"/>
							<String ID="string_121" HPOS="1432" VPOS="999" WIDTH="118" HEIGHT="37" WC="0.96" CONTENT="tänka"/><SP WIDTH="28" VPOS="999" HPOS="1550"/>
							<String ID="string_122" HPOS="1578" VPOS="1000" WIDTH="60" HEIGHT="49" WC="0.96" CONTENT="sig"/><SP WIDTH="15" VPOS="1000" HPOS="1638"/>
							<String ID="string_123" HPOS="1653" VPOS="1014" WIDTH="46" HEIGHT="22" WC="0.92" CONTENT="en"/><SP WIDTH="16" VPOS="1014" HPOS="1699"/>
							<String ID="string_124" HPOS="1715" VPOS="1001" WIDTH="95" HEIGHT="37" WC="0.92" CONTENT="riks-"/>
						</TextLine>
						<TextLine ID="line_14" HPOS="208" VPOS="1045" WIDTH="1601" HEIGHT="55">
							<String ID="string_125" HPOS="208" VPOS="1045" WIDTH="361" HEIGHT="49" WC="0.90" CONTENT="dagshusbyggnad"/><SP WIDTH="28" VPOS="1045" HPOS="569"/>
							<String ID="string_126" HPOS="597" VPOS="1047" WIDTH="166" HEIGHT="48" WC="0.93" CONTENT="uppförd"/><SP WIDTH="31" VPOS="1047" HPOS="763"/>
							<String ID="string_127" HPOS="794" VPOS="1050" WIDTH="20" HEIGHT="33" WC="0.93" CONTENT="å"/><SP WIDTH="27" VPOS="1050" HPOS="814"/>
							<String ID="string_128" HPOS="841" VPOS="1047" WIDTH="392" HEIGHT="50" WC="0.96" CONTENT="Helgeandsholmen,"/><SP WIDTH="28" VPOS="1047" HPOS="1233"/>
							<String ID="string_129" HPOS="1261" VPOS="1056" WIDTH="93" HEIGHT="30" WC="0.96" CONTENT="utan"/><SP WIDTH="29" VPOS="1056" HPOS="1354"/>
							<String ID="string_130" HPOS="1383" VPOS="1056" WIDTH="54" HEIGHT="30" WC="0.96" CONTENT="att"/><SP WIDTH="28" VPOS="1056" HPOS="1437"/>
							<String ID="string_131" HPOS="1465" VPOS="1063" WIDTH="46" HEIGHT="24" WC="0.93" CONTENT="en"/><SP WIDTH="17" VPOS="1063" HPOS="1511"/>
							<String ID="string_132" HPOS="1528" VPOS="1051" WIDTH="195" HEIGHT="49" WC="0.93" CONTENT="reglering"/><SP WIDTH="16" VPOS="1051" HPOS="1723"/>
							<String ID="string_133" HPOS="1739" VPOS="1053" WIDTH="70" HEIGHT="36" WC="0.96" CONTENT="och"/>
						</TextLine>
						<TextLine ID="line_15" HPOS="208" VPOS="1096" WIDTH="1602" HEIGHT="49">
							<String ID="string_134" HPOS="208" VPOS="1096" WIDTH="310" HEIGHT="49" WC="0.91" CONTENT="kajanläggning"/><SP WIDTH="28" VPOS="1096" HPOS="518"/>
							<String ID="string_135" HPOS="546" VPOS="1100" WIDTH="49" HEIGHT="45" WC="0.92" CONTENT="på"/><SP WIDTH="27" VPOS="1100" HPOS="595"/>
							<String ID="string_136" HPOS="622" VPOS="1097" WIDTH="175" HEIGHT="37" WC="0.90" CONTENT="holmens"/><SP WIDTH="28" VPOS="1097" HPOS="797"/>
							<String ID="string_137" HPOS="825" VPOS="1104" WIDTH="128" HEIGHT="31" WC="0.96" CONTENT="vestra"/><SP WIDTH="28" VPOS="1104" HPOS="953"/>
							<String ID="string_138" HPOS="981" VPOS="1099" WIDTH="61" HEIGHT="36" WC="0.96" CONTENT="del"/><SP WIDTH="28" VPOS="1099" HPOS="1042"/>
							<String ID="string_139" HPOS="1070" VPOS="1100" WIDTH="171" HEIGHT="36" WC="0.96" CONTENT="kommer"/><SP WIDTH="27" VPOS="1100" HPOS="1241"/>
							<String ID="string_140" HPOS="1268" VPOS="1100" WIDTH="56" HEIGHT="36" WC="0.96" CONTENT="till"/><SP WIDTH="29" VPOS="1100" HPOS="1324"/>
							<String ID="string_141" HPOS="1353" VPOS="1101" WIDTH="121" HEIGHT="36" WC="0.93" CONTENT="stånd."/><SP WIDTH="42" VPOS="1101" HPOS="1474"/>
							<String ID="string_142" HPOS="1516" VPOS="1101" WIDTH="181" HEIGHT="37" WC="0.89" CONTENT="Komitén"/><SP WIDTH="15" VPOS="1101" HPOS="1697"/>
							<String ID="string_143" HPOS="1712" VPOS="1103" WIDTH="98" HEIGHT="36" WC="0.90" CONTENT="före-"/>
						</TextLine>
						<TextLine ID="line_16" HPOS="209" VPOS="1146" WIDTH="1604" HEIGHT="54">
							<String ID="string_144" HPOS="209" VPOS="1146" WIDTH="130" HEIGHT="37" WC="0.96" CONTENT="ställer"/><SP WIDTH="42" VPOS="1146" HPOS="339"/>
							<String ID="string_145" HPOS="381" VPOS="1147" WIDTH="59" HEIGHT="49" WC="0.93" CONTENT="sig"/><SP WIDTH="39" VPOS="1147" HPOS="440"/>
							<String ID="string_146" HPOS="479" VPOS="1148" WIDTH="204" HEIGHT="49" WC="0.90" CONTENT="nemligen,"/><SP WIDTH="44" VPOS="1148" HPOS="683"/>
							<String ID="string_147" HPOS="727" VPOS="1154" WIDTH="54" HEIGHT="31" WC="0.97" CONTENT="att"/><SP WIDTH="28" VPOS="1154" HPOS="781"/>
							<String ID="string_148" HPOS="809" VPOS="1149" WIDTH="64" HEIGHT="37" WC="0.96" CONTENT="det"/><SP WIDTH="34" VPOS="1149" HPOS="873"/>
							<String ID="string_149" HPOS="907" VPOS="1150" WIDTH="32" HEIGHT="48" WC="0.96" CONTENT="ej"/><SP WIDTH="31" VPOS="1150" HPOS="939"/>
							<String ID="string_150" HPOS="970" VPOS="1150" WIDTH="75" HEIGHT="36" WC="0.96" CONTENT="kan"/><SP WIDTH="28" VPOS="1150" HPOS="1045"/>
							<String ID="string_151" HPOS="1073" VPOS="1151" WIDTH="154" HEIGHT="36" WC="0.95" CONTENT="komma"/><SP WIDTH="26" VPOS="1151" HPOS="1227"/>
							<String ID="string_152" HPOS="1253" VPOS="1151" WIDTH="12" HEIGHT="36" WC="0.95" CONTENT="i"/><SP WIDTH="28" VPOS="1151" HPOS="1265"/>
							<String ID="string_153" HPOS="1293" VPOS="1151" WIDTH="121" HEIGHT="49" WC="0.96" CONTENT="fråga,"/><SP WIDTH="31" VPOS="1151" HPOS="1414"/>
							<String ID="string_154" HPOS="1445" VPOS="1158" WIDTH="55" HEIGHT="31" WC="0.96" CONTENT="att"/><SP WIDTH="28" VPOS="1158" HPOS="1500"/>
							<String ID="string_155" HPOS="1528" VPOS="1152" WIDTH="125" HEIGHT="37" WC="0.96" CONTENT="denna"/><SP WIDTH="28" VPOS="1152" HPOS="1653"/>
							<String ID="string_156" HPOS="1681" VPOS="1153" WIDTH="61" HEIGHT="37" WC="0.96" CONTENT="del"/><SP WIDTH="30" VPOS="1153" HPOS="1742"/>
							<String ID="string_157" HPOS="1772" VPOS="1154" WIDTH="41" HEIGHT="37" WC="0.96" CONTENT="af"/>
						</TextLine>
						<TextLine ID="line_17" HPOS="207" VPOS="1198" WIDTH="1602" HEIGHT="55">
							<String ID="string_158" HPOS="207" VPOS="1198" WIDTH="154" HEIGHT="36" WC="0.95" CONTENT="holmen"/><SP WIDTH="42" VPOS="1198" HPOS="361"/>
							<String ID="string_159" HPOS="403" VPOS="1199" WIDTH="97" HEIGHT="36" WC="0.93" CONTENT="skall"/><SP WIDTH="38" VPOS="1199" HPOS="500"/>
							<String ID="string_160" HPOS="538" VPOS="1199" WIDTH="148" HEIGHT="37" WC="0.92" CONTENT="lemnas"/><SP WIDTH="28" VPOS="1199" HPOS="686"/>
							<String ID="string_161" HPOS="714" VPOS="1200" WIDTH="11" HEIGHT="35" WC="0.96" CONTENT="i"/><SP WIDTH="29" VPOS="1200" HPOS="725"/>
							<String ID="string_162" HPOS="754" VPOS="1199" WIDTH="64" HEIGHT="37" WC="0.96" CONTENT="det"/><SP WIDTH="25" VPOS="1199" HPOS="818"/>
							<String ID="string_163" HPOS="843" VPOS="1200" WIDTH="118" HEIGHT="49" WC="0.93" CONTENT="skick,"/><SP WIDTH="30" VPOS="1200" HPOS="961"/>
							<String ID="string_164" HPOS="991" VPOS="1201" WIDTH="106" HEIGHT="36" WC="0.91" CONTENT="hvari"/><SP WIDTH="29" VPOS="1201" HPOS="1097"/>
							<String ID="string_165" HPOS="1126" VPOS="1201" WIDTH="73" HEIGHT="36" WC="0.93" CONTENT="den"/><SP WIDTH="32" VPOS="1201" HPOS="1199"/>
							<String ID="string_166" HPOS="1231" VPOS="1201" WIDTH="168" HEIGHT="37" WC="0.90" CONTENT="befinnes"/><SP WIDTH="29" VPOS="1201" HPOS="1399"/>
							<String ID="string_167" HPOS="1428" VPOS="1203" WIDTH="97" HEIGHT="36" WC="0.96" CONTENT="efter"/><SP WIDTH="27" VPOS="1203" HPOS="1525"/>
							<String ID="string_168" HPOS="1552" VPOS="1203" WIDTH="257" HEIGHT="50" WC="0.96" CONTENT="borttagande"/>
						</TextLine>
						<TextLine ID="line_18" HPOS="209" VPOS="1249" WIDTH="1600" HEIGHT="43">
							<String ID="string_169" HPOS="209" VPOS="1249" WIDTH="41" HEIGHT="36" WC="0.96" CONTENT="af"/><SP WIDTH="26" VPOS="1249" HPOS="250"/>
							<String ID="string_170" HPOS="276" VPOS="1249" WIDTH="271" HEIGHT="37" WC="0.96" CONTENT="förutvarande"/><SP WIDTH="43" VPOS="1249" HPOS="547"/>
							<String ID="string_171" HPOS="590" VPOS="1250" WIDTH="71" HEIGHT="37" WC="0.90" CONTENT="hus"/><SP WIDTH="40" VPOS="1250" HPOS="661"/>
							<String ID="string_172" HPOS="701" VPOS="1250" WIDTH="70" HEIGHT="37" WC="0.95" CONTENT="och"/><SP WIDTH="40" VPOS="1250" HPOS="771"/>
							<String ID="string_173" HPOS="811" VPOS="1251" WIDTH="86" HEIGHT="37" WC="0.93" CONTENT="med"/><SP WIDTH="40" VPOS="1251" HPOS="897"/>
							<String ID="string_174" HPOS="937" VPOS="1251" WIDTH="192" HEIGHT="38" WC="0.77" CONTENT="oordnade"/><SP WIDTH="43" VPOS="1251" HPOS="1129"/>
							<String ID="string_175" HPOS="1172" VPOS="1253" WIDTH="253" HEIGHT="36" WC="0.86" CONTENT="strandlinier."/><SP WIDTH="54" VPOS="1253" HPOS="1425"/>
							<String ID="string_176" HPOS="1479" VPOS="1254" WIDTH="180" HEIGHT="37" WC="0.92" CONTENT="Komitén"/><SP WIDTH="30" VPOS="1254" HPOS="1659"/>
							<String ID="string_177" HPOS="1689" VPOS="1258" WIDTH="120" HEIGHT="34" WC="0.95" CONTENT="måste"/>
						</TextLine>
						<TextLine ID="line_19" HPOS="207" VPOS="1301" WIDTH="1603" HEIGHT="52">
							<String ID="string_178" HPOS="207" VPOS="1305" WIDTH="101" HEIGHT="32" WC="0.96" CONTENT="tvärt"/><SP WIDTH="44" VPOS="1305" HPOS="308"/>
							<String ID="string_179" HPOS="352" VPOS="1313" WIDTH="58" HEIGHT="23" WC="0.96" CONTENT="om"/><SP WIDTH="44" VPOS="1313" HPOS="410"/>
							<String ID="string_180" HPOS="454" VPOS="1306" WIDTH="153" HEIGHT="43" WC="0.93" CONTENT="antaga,"/><SP WIDTH="41" VPOS="1306" HPOS="607"/>
							<String ID="string_181" HPOS="648" VPOS="1307" WIDTH="66" HEIGHT="42" WC="0.95" CONTENT="att,"/><SP WIDTH="41" VPOS="1307" HPOS="714"/>
							<String ID="string_182" HPOS="755" VPOS="1301" WIDTH="113" HEIGHT="37" WC="0.96" CONTENT="äfven"/><SP WIDTH="41" VPOS="1301" HPOS="868"/>
							<String ID="string_183" HPOS="909" VPOS="1315" WIDTH="60" HEIGHT="23" WC="0.94" CONTENT="om"/><SP WIDTH="43" VPOS="1315" HPOS="969"/>
							<String ID="string_184" HPOS="1012" VPOS="1302" WIDTH="96" HEIGHT="38" WC="0.94" CONTENT="blott"/><SP WIDTH="27" VPOS="1302" HPOS="1108"/>
							<String ID="string_185" HPOS="1135" VPOS="1303" WIDTH="294" HEIGHT="50" WC="0.96" CONTENT="riksdagshuset"/><SP WIDTH="28" VPOS="1303" HPOS="1429"/>
							<String ID="string_186" HPOS="1457" VPOS="1305" WIDTH="122" HEIGHT="37" WC="0.93" CONTENT="skulle"/><SP WIDTH="30" VPOS="1305" HPOS="1579"/>
							<String ID="string_187" HPOS="1609" VPOS="1309" WIDTH="20" HEIGHT="33" WC="0.93" CONTENT="å"/><SP WIDTH="28" VPOS="1309" HPOS="1629"/>
							<String ID="string_188" HPOS="1657" VPOS="1306" WIDTH="153" HEIGHT="37" WC="0.96" CONTENT="holmen"/>
						</TextLine>
						<TextLine ID="line_20" HPOS="206" VPOS="1351" WIDTH="1603" HEIGHT="52">
							<String ID="string_189" HPOS="206" VPOS="1351" WIDTH="197" HEIGHT="49" WC="0.96" CONTENT="uppföras,"/><SP WIDTH="42" VPOS="1351" HPOS="403"/>
							<String ID="string_190" HPOS="445" VPOS="1351" WIDTH="203" HEIGHT="50" WC="0.96" CONTENT="planering"/><SP WIDTH="40" VPOS="1351" HPOS="648"/>
							<String ID="string_191" HPOS="688" VPOS="1353" WIDTH="69" HEIGHT="36" WC="0.93" CONTENT="och"/><SP WIDTH="38" VPOS="1353" HPOS="757"/>
							<String ID="string_192" HPOS="795" VPOS="1353" WIDTH="250" HEIGHT="49" WC="0.91" CONTENT="kajbyggnad"/><SP WIDTH="41" VPOS="1353" HPOS="1045"/>
							<String ID="string_193" HPOS="1086" VPOS="1358" WIDTH="50" HEIGHT="45" WC="0.96" CONTENT="på"/><SP WIDTH="40" VPOS="1358" HPOS="1136"/>
							<String ID="string_194" HPOS="1176" VPOS="1354" WIDTH="145" HEIGHT="38" WC="0.96" CONTENT="dennas"/><SP WIDTH="35" VPOS="1354" HPOS="1321"/>
							<String ID="string_195" HPOS="1356" VPOS="1362" WIDTH="128" HEIGHT="31" WC="0.96" CONTENT="vestra"/><SP WIDTH="28" VPOS="1362" HPOS="1484"/>
							<String ID="string_196" HPOS="1512" VPOS="1356" WIDTH="60" HEIGHT="37" WC="0.96" CONTENT="del"/><SP WIDTH="30" VPOS="1356" HPOS="1572"/>
							<String ID="string_197" HPOS="1602" VPOS="1356" WIDTH="123" HEIGHT="37" WC="0.92" CONTENT="skulle"/><SP WIDTH="28" VPOS="1356" HPOS="1725"/>
							<String ID="string_198" HPOS="1753" VPOS="1371" WIDTH="56" HEIGHT="23" WC="0.92" CONTENT="er-"/>
						</TextLine>
						<TextLine ID="line_21" HPOS="209" VPOS="1402" WIDTH="1600" HEIGHT="55">
							<String ID="string_199" HPOS="209" VPOS="1402" WIDTH="159" HEIGHT="37" WC="0.92" CONTENT="fordras."/><SP WIDTH="56" VPOS="1402" HPOS="368"/>
							<String ID="string_200" HPOS="424" VPOS="1402" WIDTH="132" HEIGHT="37" WC="0.95" CONTENT="Såsom"/><SP WIDTH="31" VPOS="1402" HPOS="556"/>
							<String ID="string_201" HPOS="587" VPOS="1416" WIDTH="46" HEIGHT="23" WC="0.95" CONTENT="en"/><SP WIDTH="29" VPOS="1416" HPOS="633"/>
							<String ID="string_202" HPOS="662" VPOS="1403" WIDTH="222" HEIGHT="50" WC="0.95" CONTENT="nödvändig"/><SP WIDTH="29" VPOS="1403" HPOS="884"/>
							<String ID="string_203" HPOS="913" VPOS="1405" WIDTH="93" HEIGHT="47" WC="0.96" CONTENT="följd"/><SP WIDTH="30" VPOS="1405" HPOS="1006"/>
							<String ID="string_204" HPOS="1036" VPOS="1405" WIDTH="112" HEIGHT="37" WC="0.96" CONTENT="häraf"/><SP WIDTH="25" VPOS="1405" HPOS="1148"/>
							<String ID="string_205" HPOS="1173" VPOS="1406" WIDTH="181" HEIGHT="49" WC="0.96" CONTENT="framgår,"/><SP WIDTH="30" VPOS="1406" HPOS="1354"/>
							<String ID="string_206" HPOS="1384" VPOS="1413" WIDTH="54" HEIGHT="31" WC="0.96" CONTENT="att"/><SP WIDTH="29" VPOS="1413" HPOS="1438"/>
							<String ID="string_207" HPOS="1467" VPOS="1407" WIDTH="137" HEIGHT="49" WC="0.93" CONTENT="sjelfva"/><SP WIDTH="16" VPOS="1407" HPOS="1604"/>
							<String ID="string_208" HPOS="1620" VPOS="1408" WIDTH="189" HEIGHT="49" WC="0.91" CONTENT="kajbygg-"/>
						</TextLine>
						<TextLine ID="line_22" HPOS="207" VPOS="1453" WIDTH="1602" HEIGHT="54">
							<String ID="string_209" HPOS="207" VPOS="1453" WIDTH="124" HEIGHT="36" WC="0.96" CONTENT="naden"/><SP WIDTH="39" VPOS="1453" HPOS="331"/>
							<String ID="string_210" HPOS="370" VPOS="1453" WIDTH="12" HEIGHT="36" WC="0.96" CONTENT="i"/><SP WIDTH="39" VPOS="1453" HPOS="382"/>
							<String ID="string_211" HPOS="421" VPOS="1453" WIDTH="64" HEIGHT="37" WC="0.96" CONTENT="det"/><SP WIDTH="39" VPOS="1453" HPOS="485"/>
							<String ID="string_212" HPOS="524" VPOS="1459" WIDTH="191" HEIGHT="32" WC="0.92" CONTENT="närmaste"/><SP WIDTH="40" VPOS="1459" HPOS="715"/>
							<String ID="string_213" HPOS="755" VPOS="1454" WIDTH="136" HEIGHT="37" WC="0.91" CONTENT="blifver"/><SP WIDTH="40" VPOS="1454" HPOS="891"/>
							<String ID="string_214" HPOS="931" VPOS="1456" WIDTH="230" HEIGHT="37" WC="0.96" CONTENT="oförändrad"/><SP WIDTH="35" VPOS="1456" HPOS="1161"/>
							<String ID="string_215" HPOS="1196" VPOS="1457" WIDTH="56" HEIGHT="36" WC="0.93" CONTENT="till"/><SP WIDTH="28" VPOS="1457" HPOS="1252"/>
							<String ID="string_216" HPOS="1280" VPOS="1458" WIDTH="329" HEIGHT="49" WC="0.90" CONTENT="utsträckningen,"/><SP WIDTH="31" VPOS="1458" HPOS="1609"/>
							<String ID="string_217" HPOS="1640" VPOS="1472" WIDTH="83" HEIGHT="23" WC="0.96" CONTENT="men"/><SP WIDTH="32" VPOS="1472" HPOS="1723"/>
							<String ID="string_218" HPOS="1755" VPOS="1466" WIDTH="54" HEIGHT="30" WC="0.96" CONTENT="att"/>
						</TextLine>
						<TextLine ID="line_23" HPOS="208" VPOS="1503" WIDTH="1599" HEIGHT="55">
							<String ID="string_219" HPOS="208" VPOS="1503" WIDTH="73" HEIGHT="37" WC="0.93" CONTENT="den"/><SP WIDTH="38" VPOS="1503" HPOS="281"/>
							<String ID="string_220" HPOS="319" VPOS="1504" WIDTH="166" HEIGHT="48" WC="0.79" CONTENT="vestliga"/><SP WIDTH="42" VPOS="1504" HPOS="485"/>
							<String ID="string_221" HPOS="527" VPOS="1505" WIDTH="114" HEIGHT="49" WC="0.96" CONTENT="kajen"/><SP WIDTH="42" VPOS="1505" HPOS="641"/>
							<String ID="string_222" HPOS="683" VPOS="1509" WIDTH="120" HEIGHT="33" WC="0.95" CONTENT="måste"/><SP WIDTH="42" VPOS="1509" HPOS="803"/>
							<String ID="string_223" HPOS="845" VPOS="1507" WIDTH="33" HEIGHT="48" WC="0.94" CONTENT="ej"/><SP WIDTH="31" VPOS="1507" HPOS="878"/>
							<String ID="string_224" HPOS="909" VPOS="1506" WIDTH="213" HEIGHT="50" WC="0.96" CONTENT="obetydligt"/><SP WIDTH="28" VPOS="1506" HPOS="1122"/>
							<String ID="string_225" HPOS="1150" VPOS="1508" WIDTH="109" HEIGHT="48" WC="0.96" CONTENT="höjas"/><SP WIDTH="29" VPOS="1508" HPOS="1259"/>
							<String ID="string_226" HPOS="1288" VPOS="1509" WIDTH="91" HEIGHT="36" WC="0.96" CONTENT="eller"/><SP WIDTH="29" VPOS="1509" HPOS="1379"/>
							<String ID="string_227" HPOS="1408" VPOS="1509" WIDTH="137" HEIGHT="49" WC="0.96" CONTENT="läggas"/><SP WIDTH="27" VPOS="1509" HPOS="1545"/>
							<String ID="string_228" HPOS="1572" VPOS="1510" WIDTH="11" HEIGHT="35" WC="0.96" CONTENT="i"/><SP WIDTH="28" VPOS="1510" HPOS="1583"/>
							<String ID="string_229" HPOS="1611" VPOS="1515" WIDTH="196" HEIGHT="32" WC="0.96" CONTENT="terrasser."/>
						</TextLine>
						<TextLine ID="line_24" HPOS="207" VPOS="1554" WIDTH="1602" HEIGHT="55">
							<String ID="string_230" HPOS="207" VPOS="1554" WIDTH="138" HEIGHT="37" WC="0.88" CONTENT="Härtill"/><SP WIDTH="41" VPOS="1554" HPOS="345"/>
							<String ID="string_231" HPOS="386" VPOS="1555" WIDTH="183" HEIGHT="49" WC="0.96" CONTENT="kommer,"/><SP WIDTH="43" VPOS="1555" HPOS="569"/>
							<String ID="string_232" HPOS="612" VPOS="1563" WIDTH="55" HEIGHT="30" WC="0.96" CONTENT="att"/><SP WIDTH="38" VPOS="1563" HPOS="667"/>
							<String ID="string_233" HPOS="705" VPOS="1557" WIDTH="74" HEIGHT="36" WC="0.96" CONTENT="den"/><SP WIDTH="30" VPOS="1557" HPOS="779"/>
							<String ID="string_234" HPOS="809" VPOS="1558" WIDTH="222" HEIGHT="48" WC="0.95" CONTENT="antagligen"/><SP WIDTH="29" VPOS="1558" HPOS="1031"/>
							<String ID="string_235" HPOS="1060" VPOS="1562" WIDTH="117" HEIGHT="45" WC="0.96" CONTENT="något"/><SP WIDTH="27" VPOS="1562" HPOS="1177"/>
							<String ID="string_236" HPOS="1204" VPOS="1559" WIDTH="308" HEIGHT="50" WC="0.93" CONTENT="tillbakadragna"/><SP WIDTH="29" VPOS="1559" HPOS="1512"/>
							<String ID="string_237" HPOS="1541" VPOS="1560" WIDTH="181" HEIGHT="49" WC="0.91" CONTENT="kajlinien"/><SP WIDTH="29" VPOS="1560" HPOS="1722"/>
							<String ID="string_238" HPOS="1751" VPOS="1562" WIDTH="58" HEIGHT="36" WC="0.96" CONTENT="för"/>
						</TextLine>
						<TextLine ID="line_25" HPOS="208" VPOS="1606" WIDTH="1602" HEIGHT="54">
							<String ID="string_239" HPOS="208" VPOS="1606" WIDTH="226" HEIGHT="36" WC="0.90" CONTENT="nordvestra"/><SP WIDTH="28" VPOS="1606" HPOS="434"/>
							<String ID="string_240" HPOS="462" VPOS="1606" WIDTH="111" HEIGHT="37" WC="0.96" CONTENT="delen"/><SP WIDTH="30" VPOS="1606" HPOS="573"/>
							<String ID="string_241" HPOS="603" VPOS="1607" WIDTH="41" HEIGHT="36" WC="0.96" CONTENT="af"/><SP WIDTH="25" VPOS="1607" HPOS="644"/>
							<String ID="string_242" HPOS="669" VPOS="1607" WIDTH="153" HEIGHT="37" WC="0.96" CONTENT="holmen"/><SP WIDTH="28" VPOS="1607" HPOS="822"/>
							<String ID="string_243" HPOS="850" VPOS="1608" WIDTH="67" HEIGHT="36" WC="0.96" CONTENT="der"/><SP WIDTH="24" VPOS="1608" HPOS="917"/>
							<String ID="string_244" HPOS="941" VPOS="1608" WIDTH="216" HEIGHT="37" WC="0.96" CONTENT="föranleder"/><SP WIDTH="29" VPOS="1608" HPOS="1157"/>
							<String ID="string_245" HPOS="1186" VPOS="1623" WIDTH="47" HEIGHT="23" WC="0.97" CONTENT="en"/><SP WIDTH="28" VPOS="1623" HPOS="1233"/>
							<String ID="string_246" HPOS="1261" VPOS="1610" WIDTH="98" HEIGHT="36" WC="0.92" CONTENT="ökad"/><SP WIDTH="17" VPOS="1610" HPOS="1359"/>
							<String ID="string_247" HPOS="1376" VPOS="1610" WIDTH="318" HEIGHT="50" WC="0.91" CONTENT="bortschaktning"/><SP WIDTH="17" VPOS="1610" HPOS="1694"/>
							<String ID="string_248" HPOS="1711" VPOS="1618" WIDTH="99" HEIGHT="31" WC="0.96" CONTENT="samt"/>
						</TextLine>
						<TextLine ID="line_26" HPOS="209" VPOS="1656" WIDTH="1600" HEIGHT="53">
							<String ID="string_249" HPOS="209" VPOS="1656" WIDTH="215" HEIGHT="48" WC="0.91" CONTENT="muddring,"/><SP WIDTH="31" VPOS="1656" HPOS="424"/>
							<String ID="string_250" HPOS="455" VPOS="1670" WIDTH="80" HEIGHT="23" WC="0.96" CONTENT="som"/><SP WIDTH="30" VPOS="1670" HPOS="535"/>
							<String ID="string_251" HPOS="565" VPOS="1658" WIDTH="122" HEIGHT="36" WC="0.95" CONTENT="skulle"/><SP WIDTH="30" VPOS="1658" HPOS="687"/>
							<String ID="string_252" HPOS="717" VPOS="1658" WIDTH="111" HEIGHT="37" WC="0.95" CONTENT="ställa"/><SP WIDTH="28" VPOS="1658" HPOS="828"/>
							<String ID="string_253" HPOS="856" VPOS="1659" WIDTH="59" HEIGHT="48" WC="0.95" CONTENT="sig"/><SP WIDTH="29" VPOS="1659" HPOS="915"/>
							<String ID="string_254" HPOS="944" VPOS="1659" WIDTH="189" HEIGHT="49" WC="0.96" CONTENT="betydligt"/><SP WIDTH="34" VPOS="1659" HPOS="1133"/>
							<String ID="string_255" HPOS="1167" VPOS="1660" WIDTH="135" HEIGHT="49" WC="0.96" CONTENT="dyrare"/><SP WIDTH="29" VPOS="1660" HPOS="1302"/>
							<String ID="string_256" HPOS="1331" VPOS="1666" WIDTH="49" HEIGHT="31" WC="0.96" CONTENT="än"/><SP WIDTH="27" VPOS="1666" HPOS="1380"/>
							<String ID="string_257" HPOS="1407" VPOS="1661" WIDTH="75" HEIGHT="36" WC="0.96" CONTENT="den"/><SP WIDTH="27" VPOS="1661" HPOS="1482"/>
							<String ID="string_258" HPOS="1509" VPOS="1675" WIDTH="48" HEIGHT="23" WC="0.93" CONTENT="nu"/><SP WIDTH="31" VPOS="1675" HPOS="1557"/>
							<String ID="string_259" HPOS="1588" VPOS="1661" WIDTH="221" HEIGHT="38" WC="0.92" CONTENT="tillämnade"/>
						</TextLine>
						<TextLine ID="line_27" HPOS="208" VPOS="1706" WIDTH="1601" HEIGHT="54">
							<String ID="string_260" HPOS="208" VPOS="1706" WIDTH="270" HEIGHT="49" WC="0.92" CONTENT="utfyllningen,"/><SP WIDTH="30" VPOS="1706" HPOS="478"/>
							<String ID="string_261" HPOS="508" VPOS="1708" WIDTH="59" HEIGHT="36" WC="0.96" CONTENT="för"/><SP WIDTH="28" VPOS="1708" HPOS="567"/>
							<String ID="string_262" HPOS="595" VPOS="1709" WIDTH="114" HEIGHT="37" WC="0.93" CONTENT="hvars"/><SP WIDTH="31" VPOS="1709" HPOS="709"/>
							<String ID="string_263" HPOS="740" VPOS="1709" WIDTH="431" HEIGHT="50" WC="0.91" CONTENT="åstadkommande"/><SP WIDTH="-84" VPOS="1709" HPOS="1171"/>
							<String ID="string_264" HPOS="1087" VPOS="1702" WIDTH="90" HEIGHT="62" WC="0.93" CONTENT="just"/><SP WIDTH="14" VPOS="1702" HPOS="1177"/>
							<String ID="string_265" HPOS="1191" VPOS="1711" WIDTH="321" HEIGHT="49" WC="0.67" CONTENT="afschaktningen"/><SP WIDTH="16" VPOS="1711" HPOS="1512"/>
							<String ID="string_266" HPOS="1528" VPOS="1713" WIDTH="123" HEIGHT="36" WC="0.96" CONTENT="skulle"/><SP WIDTH="16" VPOS="1713" HPOS="1651"/>
							<String ID="string_267" HPOS="1667" VPOS="1713" WIDTH="142" HEIGHT="37" WC="0.95" CONTENT="bereda"/>
						</TextLine>
						<TextLine ID="line_28" HPOS="208" VPOS="1757" WIDTH="1602" HEIGHT="55">
							<String ID="string_268" HPOS="208" VPOS="1757" WIDTH="244" HEIGHT="49" WC="0.96" CONTENT="erforderligt"/><SP WIDTH="29" VPOS="1757" HPOS="452"/>
							<String ID="string_269" HPOS="481" VPOS="1760" WIDTH="182" HEIGHT="36" WC="0.93" CONTENT="material."/><SP WIDTH="55" VPOS="1760" HPOS="663"/>
							<String ID="string_270" HPOS="718" VPOS="1760" WIDTH="121" HEIGHT="37" WC="0.96" CONTENT="Dessa"/><SP WIDTH="42" VPOS="1760" HPOS="839"/>
							<String ID="string_271" HPOS="881" VPOS="1761" WIDTH="328" HEIGHT="49" WC="0.96" CONTENT="omständigheter"/><SP WIDTH="38" VPOS="1761" HPOS="1209"/>
							<String ID="string_272" HPOS="1247" VPOS="1763" WIDTH="116" HEIGHT="36" WC="0.92" CONTENT="verka"/><SP WIDTH="28" VPOS="1763" HPOS="1363"/>
							<String ID="string_273" HPOS="1391" VPOS="1763" WIDTH="136" HEIGHT="49" WC="0.90" CONTENT="dertill,"/><SP WIDTH="30" VPOS="1763" HPOS="1527"/>
							<String ID="string_274" HPOS="1557" VPOS="1769" WIDTH="55" HEIGHT="31" WC="0.96" CONTENT="att"/><SP WIDTH="29" VPOS="1769" HPOS="1612"/>
							<String ID="string_275" HPOS="1641" VPOS="1764" WIDTH="85" HEIGHT="36" WC="0.91" CONTENT="med"/><SP WIDTH="30" VPOS="1764" HPOS="1726"/>
							<String ID="string_276" HPOS="1756" VPOS="1765" WIDTH="54" HEIGHT="36" WC="0.91" CONTENT="af-"/>
						</TextLine>
						<TextLine ID="line_29" HPOS="208" VPOS="1808" WIDTH="1602" HEIGHT="56">
							<String ID="string_277" HPOS="208" VPOS="1808" WIDTH="140" HEIGHT="36" WC="0.96" CONTENT="seende"/><SP WIDTH="39" VPOS="1808" HPOS="348"/>
							<String ID="string_278" HPOS="387" VPOS="1813" WIDTH="49" HEIGHT="44" WC="0.92" CONTENT="på"/><SP WIDTH="41" VPOS="1813" HPOS="436"/>
							<String ID="string_279" HPOS="477" VPOS="1809" WIDTH="331" HEIGHT="50" WC="0.90" CONTENT="kajanordningen"/><SP WIDTH="39" VPOS="1809" HPOS="808"/>
							<String ID="string_280" HPOS="847" VPOS="1825" WIDTH="139" HEIGHT="34" WC="0.96" CONTENT="genom"/><SP WIDTH="35" VPOS="1825" HPOS="986"/>
							<String ID="string_281" HPOS="1021" VPOS="1811" WIDTH="74" HEIGHT="37" WC="0.95" CONTENT="den"/><SP WIDTH="34" VPOS="1811" HPOS="1095"/>
							<String ID="string_282" HPOS="1129" VPOS="1813" WIDTH="42" HEIGHT="36" WC="0.96" CONTENT="af"/><SP WIDTH="23" VPOS="1813" HPOS="1171"/>
							<String ID="string_283" HPOS="1194" VPOS="1813" WIDTH="188" HEIGHT="37" WC="0.95" CONTENT="utskottet"/><SP WIDTH="26" VPOS="1813" HPOS="1382"/>
							<String ID="string_284" HPOS="1408" VPOS="1813" WIDTH="227" HEIGHT="49" WC="0.91" CONTENT="ifrågasatta"/><SP WIDTH="28" VPOS="1813" HPOS="1635"/>
							<String ID="string_285" HPOS="1663" VPOS="1815" WIDTH="147" HEIGHT="49" WC="0.91" CONTENT="utbryt-"/>
						</TextLine>
						<TextLine ID="line_30" HPOS="206" VPOS="1859" WIDTH="1601" HEIGHT="56">
							<String ID="string_286" HPOS="206" VPOS="1859" WIDTH="144" HEIGHT="49" WC="0.95" CONTENT="ningen"/><SP WIDTH="39" VPOS="1859" HPOS="350"/>
							<String ID="string_287" HPOS="389" VPOS="1860" WIDTH="41" HEIGHT="36" WC="0.93" CONTENT="af"/><SP WIDTH="36" VPOS="1860" HPOS="430"/>
							<String ID="string_288" HPOS="466" VPOS="1860" WIDTH="339" HEIGHT="50" WC="0.92" CONTENT="bankbyggnaden"/><SP WIDTH="28" VPOS="1860" HPOS="805"/>
							<String ID="string_289" HPOS="833" VPOS="1863" WIDTH="12" HEIGHT="35" WC="0.96" CONTENT="i"/><SP WIDTH="29" VPOS="1863" HPOS="845"/>
							<String ID="string_290" HPOS="874" VPOS="1862" WIDTH="137" HEIGHT="49" WC="0.93" CONTENT="sjelfva"/><SP WIDTH="29" VPOS="1862" HPOS="1011"/>
							<String ID="string_291" HPOS="1040" VPOS="1863" WIDTH="80" HEIGHT="48" WC="0.92" CONTENT="kaj-"/><SP WIDTH="30" VPOS="1863" HPOS="1120"/>
							<String ID="string_292" HPOS="1150" VPOS="1864" WIDTH="68" HEIGHT="36" WC="0.93" CONTENT="och"/><SP WIDTH="32" VPOS="1864" HPOS="1218"/>
							<String ID="string_293" HPOS="1250" VPOS="1864" WIDTH="488" HEIGHT="50" WC="0.91" CONTENT="brobyggnadsförslagen,"/><SP WIDTH="36" VPOS="1864" HPOS="1738"/>
							<String ID="string_294" HPOS="1774" VPOS="1868" WIDTH="33" HEIGHT="47" WC="0.96" CONTENT="ej"/>
						</TextLine>
						<TextLine ID="line_31" HPOS="207" VPOS="1910" WIDTH="1602" HEIGHT="56">
							<String ID="string_295" HPOS="207" VPOS="1915" WIDTH="121" HEIGHT="32" WC="0.96" CONTENT="större"/><SP WIDTH="30" VPOS="1915" HPOS="328"/>
							<String ID="string_296" HPOS="358" VPOS="1910" WIDTH="208" HEIGHT="50" WC="0.96" CONTENT="besparing"/><SP WIDTH="29" VPOS="1910" HPOS="566"/>
							<String ID="string_297" HPOS="595" VPOS="1912" WIDTH="122" HEIGHT="37" WC="0.96" CONTENT="skulle"/><SP WIDTH="16" VPOS="1912" HPOS="717"/>
							<String ID="string_298" HPOS="733" VPOS="1913" WIDTH="233" HEIGHT="49" WC="0.96" CONTENT="uppkomma"/><SP WIDTH="20" VPOS="1913" HPOS="966"/>
							<String ID="string_299" HPOS="986" VPOS="1919" WIDTH="48" HEIGHT="31" WC="0.96" CONTENT="än"/><SP WIDTH="25" VPOS="1919" HPOS="1034"/>
							<String ID="string_300" HPOS="1059" VPOS="1914" WIDTH="115" HEIGHT="49" WC="0.96" CONTENT="högst"/><SP WIDTH="17" VPOS="1914" HPOS="1174"/>
							<String ID="string_301" HPOS="1191" VPOS="1914" WIDTH="64" HEIGHT="37" WC="0.96" CONTENT="det"/><SP WIDTH="15" VPOS="1914" HPOS="1255"/>
							<String ID="string_302" HPOS="1270" VPOS="1915" WIDTH="139" HEIGHT="49" WC="0.96" CONTENT="belopp"/><SP WIDTH="17" VPOS="1915" HPOS="1409"/>
							<String ID="string_303" HPOS="1426" VPOS="1915" WIDTH="41" HEIGHT="37" WC="0.92" CONTENT="af"/><SP WIDTH="13" VPOS="1915" HPOS="1467"/>
							<String ID="string_304" HPOS="1480" VPOS="1918" WIDTH="160" HEIGHT="46" WC="0.91" CONTENT="220,000"/><SP WIDTH="18" VPOS="1918" HPOS="1640"/>
							<String ID="string_305" HPOS="1658" VPOS="1917" WIDTH="151" HEIGHT="49" WC="0.96" CONTENT="kronor,"/>
						</TextLine>
						<TextLine ID="line_32" HPOS="207" VPOS="1962" WIDTH="1603" HEIGHT="51">
							<String ID="string_306" HPOS="207" VPOS="1974" WIDTH="80" HEIGHT="23" WC="0.96" CONTENT="som"/><SP WIDTH="32" VPOS="1974" HPOS="287"/>
							<String ID="string_307" HPOS="319" VPOS="1966" WIDTH="40" HEIGHT="32" WC="0.93" CONTENT="är"/><SP WIDTH="28" VPOS="1966" HPOS="359"/>
							<String ID="string_308" HPOS="387" VPOS="1962" WIDTH="214" HEIGHT="37" WC="0.91" CONTENT="beräknadt"/><SP WIDTH="28" VPOS="1962" HPOS="601"/>
							<String ID="string_309" HPOS="629" VPOS="1963" WIDTH="56" HEIGHT="36" WC="0.95" CONTENT="till"/><SP WIDTH="28" VPOS="1963" HPOS="685"/>
							<String ID="string_310" HPOS="713" VPOS="1963" WIDTH="47" HEIGHT="37" WC="0.96" CONTENT="de"/><SP WIDTH="31" VPOS="1963" HPOS="760"/>
							<String ID="string_311" HPOS="791" VPOS="1964" WIDTH="97" HEIGHT="37" WC="0.95" CONTENT="båda"/><SP WIDTH="29" VPOS="1964" HPOS="888"/>
							<String ID="string_312" HPOS="917" VPOS="1964" WIDTH="173" HEIGHT="49" WC="0.93" CONTENT="broarna,"/><SP WIDTH="35" VPOS="1964" HPOS="1090"/>
							<String ID="string_313" HPOS="1125" VPOS="1965" WIDTH="128" HEIGHT="37" WC="0.92" CONTENT="derest"/><SP WIDTH="28" VPOS="1965" HPOS="1253"/>
							<String ID="string_314" HPOS="1281" VPOS="1965" WIDTH="113" HEIGHT="38" WC="0.96" CONTENT="dessa"/><SP WIDTH="28" VPOS="1965" HPOS="1394"/>
							<String ID="string_315" HPOS="1422" VPOS="1966" WIDTH="122" HEIGHT="37" WC="0.95" CONTENT="skulle"/><SP WIDTH="28" VPOS="1966" HPOS="1544"/>
							<String ID="string_316" HPOS="1572" VPOS="1967" WIDTH="154" HEIGHT="37" WC="0.94" CONTENT="komma"/><SP WIDTH="29" VPOS="1967" HPOS="1726"/>
							<String ID="string_317" HPOS="1755" VPOS="1974" WIDTH="55" HEIGHT="31" WC="0.94" CONTENT="att"/>
						</TextLine>
						<TextLine ID="line_33" HPOS="205" VPOS="2012" WIDTH="1603" HEIGHT="55">
							<String ID="string_318" HPOS="205" VPOS="2012" WIDTH="227" HEIGHT="46" WC="0.91" CONTENT="utelemnas,"/><SP WIDTH="30" VPOS="2012" HPOS="432"/>
							<String ID="string_319" HPOS="462" VPOS="2013" WIDTH="71" HEIGHT="36" WC="0.96" CONTENT="och"/><SP WIDTH="28" VPOS="2013" HPOS="533"/>
							<String ID="string_320" HPOS="561" VPOS="2013" WIDTH="121" HEIGHT="37" WC="0.96" CONTENT="under"/><SP WIDTH="30" VPOS="2013" HPOS="682"/>
							<String ID="string_321" HPOS="712" VPOS="2015" WIDTH="217" HEIGHT="48" WC="0.95" CONTENT="antagande"/><SP WIDTH="30" VPOS="2015" HPOS="929"/>
							<String ID="string_322" HPOS="959" VPOS="2021" WIDTH="54" HEIGHT="31" WC="0.96" CONTENT="att"/><SP WIDTH="29" VPOS="2021" HPOS="1013"/>
							<String ID="string_323" HPOS="1042" VPOS="2016" WIDTH="136" HEIGHT="49" WC="0.93" CONTENT="sjelfva"/><SP WIDTH="16" VPOS="2016" HPOS="1178"/>
							<String ID="string_324" HPOS="1194" VPOS="2016" WIDTH="361" HEIGHT="50" WC="0.92" CONTENT="bankbyggnadens"/><SP WIDTH="13" VPOS="2016" HPOS="1555"/>
							<String ID="string_325" HPOS="1568" VPOS="2018" WIDTH="240" HEIGHT="49" WC="0.96" CONTENT="uppförande"/>
						</TextLine>
						<TextLine ID="line_34" HPOS="205" VPOS="2063" WIDTH="1604" HEIGHT="55">
							<String ID="string_326" HPOS="205" VPOS="2066" WIDTH="49" HEIGHT="46" WC="0.96" CONTENT="på"/><SP WIDTH="30" VPOS="2066" HPOS="254"/>
							<String ID="string_327" HPOS="284" VPOS="2077" WIDTH="126" HEIGHT="24" WC="0.95" CONTENT="annan"/><SP WIDTH="27" VPOS="2077" HPOS="410"/>
							<String ID="string_328" HPOS="437" VPOS="2063" WIDTH="101" HEIGHT="49" WC="0.96" CONTENT="plats"/><SP WIDTH="28" VPOS="2063" HPOS="538"/>
							<String ID="string_329" HPOS="566" VPOS="2065" WIDTH="82" HEIGHT="36" WC="0.96" CONTENT="icke"/><SP WIDTH="30" VPOS="2065" HPOS="648"/>
							<String ID="string_330" HPOS="678" VPOS="2065" WIDTH="122" HEIGHT="38" WC="0.93" CONTENT="skulle"/><SP WIDTH="30" VPOS="2065" HPOS="800"/>
							<String ID="string_331" HPOS="830" VPOS="2066" WIDTH="134" HEIGHT="37" WC="0.93" CONTENT="kräfva"/><SP WIDTH="29" VPOS="2066" HPOS="964"/>
							<String ID="string_332" HPOS="993" VPOS="2072" WIDTH="120" HEIGHT="32" WC="0.96" CONTENT="större"/><SP WIDTH="28" VPOS="2072" HPOS="1113"/>
							<String ID="string_333" HPOS="1141" VPOS="2068" WIDTH="163" HEIGHT="36" WC="0.96" CONTENT="kostnad"/><SP WIDTH="31" VPOS="2068" HPOS="1304"/>
							<String ID="string_334" HPOS="1335" VPOS="2073" WIDTH="48" HEIGHT="31" WC="0.96" CONTENT="än"/><SP WIDTH="28" VPOS="2073" HPOS="1383"/>
							<String ID="string_335" HPOS="1411" VPOS="2069" WIDTH="74" HEIGHT="36" WC="0.96" CONTENT="den"/><SP WIDTH="21" VPOS="2069" HPOS="1485"/>
							<String ID="string_336" HPOS="1506" VPOS="2072" WIDTH="49" HEIGHT="45" WC="0.93" CONTENT="på"/><SP WIDTH="14" VPOS="2072" HPOS="1555"/>
							<String ID="string_337" HPOS="1569" VPOS="2069" WIDTH="240" HEIGHT="49" WC="0.91" CONTENT="Helgeands-"/>
						</TextLine>
						<TextLine ID="line_35" HPOS="207" VPOS="2113" WIDTH="1602" HEIGHT="55">
							<String ID="string_338" HPOS="207" VPOS="2113" WIDTH="152" HEIGHT="38" WC="0.93" CONTENT="holmen"/><SP WIDTH="31" VPOS="2113" HPOS="359"/>
							<String ID="string_339" HPOS="390" VPOS="2114" WIDTH="170" HEIGHT="38" WC="0.90" CONTENT="afsedda."/><SP WIDTH="56" VPOS="2114" HPOS="560"/>
							<String ID="string_340" HPOS="616" VPOS="2116" WIDTH="132" HEIGHT="49" WC="0.93" CONTENT="Enligt"/><SP WIDTH="27" VPOS="2116" HPOS="748"/>
							<String ID="string_341" HPOS="775" VPOS="2117" WIDTH="190" HEIGHT="37" WC="0.91" CONTENT="komiténs"/><SP WIDTH="30" VPOS="2117" HPOS="965"/>
							<String ID="string_342" HPOS="995" VPOS="2117" WIDTH="215" HEIGHT="51" WC="0.90" CONTENT="förmening"/><SP WIDTH="22" VPOS="2117" HPOS="1210"/>
							<String ID="string_343" HPOS="1232" VPOS="2119" WIDTH="137" HEIGHT="37" WC="0.92" CONTENT="blifver"/><SP WIDTH="18" VPOS="2119" HPOS="1369"/>
							<String ID="string_344" HPOS="1387" VPOS="2119" WIDTH="107" HEIGHT="49" WC="0.96" CONTENT="dock,"/><SP WIDTH="24" VPOS="2119" HPOS="1494"/>
							<String ID="string_345" HPOS="1518" VPOS="2120" WIDTH="291" HEIGHT="38" WC="0.91" CONTENT="äfven"/><SP WIDTH="-165" VPOS="2120" HPOS="1809"/>
							<String ID="string_346" HPOS="1644" VPOS="2109" WIDTH="16" HEIGHT="63" WC="0.81" CONTENT="i"/><SP WIDTH="19" VPOS="2109" HPOS="1660"/>
							<String ID="string_347" HPOS="1679" VPOS="2120" WIDTH="130" HEIGHT="38" WC="0.95" CONTENT="sådant"/>
						</TextLine>
						<TextLine ID="line_36" HPOS="208" VPOS="2165" WIDTH="1601" HEIGHT="55">
							<String ID="string_348" HPOS="208" VPOS="2165" WIDTH="77" HEIGHT="47" WC="0.96" CONTENT="fall,"/><SP WIDTH="18" VPOS="2165" HPOS="285"/>
							<String ID="string_349" HPOS="303" VPOS="2165" WIDTH="258" HEIGHT="50" WC="0.95" CONTENT="besparingen"/><SP WIDTH="29" VPOS="2165" HPOS="561"/>
							<String ID="string_350" HPOS="590" VPOS="2167" WIDTH="128" HEIGHT="49" WC="0.95" CONTENT="ingen,"/><SP WIDTH="44" VPOS="2167" HPOS="718"/>
							<String ID="string_351" HPOS="762" VPOS="2173" WIDTH="102" HEIGHT="43" WC="0.94" CONTENT="enär,"/><SP WIDTH="30" VPOS="2173" HPOS="864"/>
							<String ID="string_352" HPOS="894" VPOS="2182" WIDTH="59" HEIGHT="23" WC="0.96" CONTENT="om"/><SP WIDTH="31" VPOS="2182" HPOS="953"/>
							<String ID="string_353" HPOS="984" VPOS="2169" WIDTH="136" HEIGHT="37" WC="0.95" CONTENT="endast"/><SP WIDTH="23" VPOS="2169" HPOS="1120"/>
							<String ID="string_354" HPOS="1143" VPOS="2169" WIDTH="253" HEIGHT="49" WC="0.96" CONTENT="riksdagshus"/><SP WIDTH="29" VPOS="2169" HPOS="1396"/>
							<String ID="string_355" HPOS="1425" VPOS="2171" WIDTH="122" HEIGHT="37" WC="0.96" CONTENT="skulle"/><SP WIDTH="28" VPOS="2171" HPOS="1547"/>
							<String ID="string_356" HPOS="1575" VPOS="2172" WIDTH="185" HEIGHT="48" WC="0.93" CONTENT="uppföras"/><SP WIDTH="29" VPOS="2172" HPOS="1760"/>
							<String ID="string_357" HPOS="1789" VPOS="2176" WIDTH="20" HEIGHT="33" WC="0.91" CONTENT="å"/>
						</TextLine>
						<TextLine ID="line_37" HPOS="207" VPOS="2215" WIDTH="1603" HEIGHT="56">
							<String ID="string_358" HPOS="207" VPOS="2215" WIDTH="164" HEIGHT="51" WC="0.95" CONTENT="holmen,"/><SP WIDTH="44" VPOS="2215" HPOS="371"/>
							<String ID="string_359" HPOS="415" VPOS="2220" WIDTH="37" HEIGHT="34" WC="0.96" CONTENT="åt"/><SP WIDTH="41" VPOS="2220" HPOS="452"/>
							<String ID="string_360" HPOS="493" VPOS="2218" WIDTH="105" HEIGHT="36" WC="0.96" CONTENT="detta"/><SP WIDTH="39" VPOS="2218" HPOS="598"/>
							<String ID="string_361" HPOS="637" VPOS="2221" WIDTH="122" HEIGHT="34" WC="0.85" CONTENT="måste"/><SP WIDTH="54" VPOS="2221" HPOS="759"/>
							<String ID="string_362" HPOS="813" VPOS="2219" WIDTH="128" HEIGHT="49" WC="0.85" CONTENT="gifvas"/><SP WIDTH="41" VPOS="2219" HPOS="941"/>
							<String ID="string_363" HPOS="982" VPOS="2233" WIDTH="46" HEIGHT="23" WC="0.95" CONTENT="en"/><SP WIDTH="38" VPOS="2233" HPOS="1028"/>
							<String ID="string_364" HPOS="1066" VPOS="2220" WIDTH="80" HEIGHT="37" WC="0.94" CONTENT="helt"/><SP WIDTH="40" VPOS="2220" HPOS="1146"/>
							<String ID="string_365" HPOS="1186" VPOS="2235" WIDTH="125" HEIGHT="23" WC="0.93" CONTENT="annan"/><SP WIDTH="40" VPOS="2235" HPOS="1311"/>
							<String ID="string_366" HPOS="1351" VPOS="2221" WIDTH="211" HEIGHT="50" WC="0.89" CONTENT="afslutning"/><SP WIDTH="43" VPOS="2221" HPOS="1562"/>
							<String ID="string_367" HPOS="1605" VPOS="2227" WIDTH="37" HEIGHT="32" WC="0.95" CONTENT="åt"/><SP WIDTH="41" VPOS="2227" HPOS="1642"/>
							<String ID="string_368" HPOS="1683" VPOS="2229" WIDTH="127" HEIGHT="31" WC="0.96" CONTENT="vester"/>
						</TextLine>
						<TextLine ID="line_38" HPOS="208" VPOS="2266" WIDTH="1600" HEIGHT="57">
							<String ID="string_369" HPOS="208" VPOS="2271" WIDTH="45" HEIGHT="32" WC="0.96" CONTENT="än"/><SP WIDTH="31" VPOS="2271" HPOS="253"/>
							<String ID="string_370" HPOS="284" VPOS="2266" WIDTH="85" HEIGHT="50" WC="0.96" CONTENT="den,"/><SP WIDTH="44" VPOS="2266" HPOS="369"/>
							<String ID="string_371" HPOS="413" VPOS="2282" WIDTH="79" HEIGHT="23" WC="0.96" CONTENT="som"/><SP WIDTH="44" VPOS="2282" HPOS="492"/>
							<String ID="string_372" HPOS="536" VPOS="2269" WIDTH="204" HEIGHT="37" WC="0.96" CONTENT="motiveras"/><SP WIDTH="50" VPOS="2269" HPOS="740"/>
							<String ID="string_373" HPOS="790" VPOS="2271" WIDTH="41" HEIGHT="35" WC="0.92" CONTENT="af"/><SP WIDTH="47" VPOS="2271" HPOS="831"/>
							<String ID="string_374" HPOS="878" VPOS="2271" WIDTH="442" HEIGHT="49" WC="0.68" CONTENT="riksbankbyggnadens"/><SP WIDTH="42" VPOS="2271" HPOS="1320"/>
							<String ID="string_375" HPOS="1362" VPOS="2272" WIDTH="279" HEIGHT="51" WC="0.95" CONTENT="bibehållande,"/><SP WIDTH="42" VPOS="2272" HPOS="1641"/>
							<String ID="string_376" HPOS="1683" VPOS="2277" WIDTH="125" HEIGHT="34" WC="0.96" CONTENT="såsom"/>
						</TextLine>
					</TextBlock>
				</ComposedBlock>
			</PrintSpace>
		</Page>
	</Layout>
</alto>
