1904 2850
62 2071 124 27 Historik.

41 2273 76 30 1887,
137 2273 67 24 1894

26 2308 45 23 och
91 2308 68 24 1895
178 2308 44 24 års

45 2343 147 32 riksdagar.

292 187 18 30 2
622 188 129 31 Första
780 187 255 38 lagutskottets
1062 186 188 33 utlåtande
1279 187 50 31 Nr
1352 187 29 31 6.

965 263 18 37 $
1005 265 27 31 6.

292 342 65 32 Det
384 343 114 37 ställe,
525 344 21 30 å
574 342 112 32 vilket
711 343 95 32 slakt
833 346 84 34 äger
946 352 90 27 rum,
1060 342 93 32 skall
1180 342 80 31 med
1288 341 182 38 undantag
1500 343 55 31 för
1583 342 58 33 det
1667 343 77 37 fall,

253 404 74 21 som
349 395 12 31 i
385 393 18 37 $
426 395 18 30 4
464 397 93 35 sägs,
582 405 88 21 vara
690 396 41 30 så
753 396 149 35 beläget,
925 397 53 30 att
1001 394 140 32 slakten
1162 392 79 34 icke
1262 395 72 30 kan
1355 395 80 30 åses
1459 395 82 30 från
1565 396 93 35 gata,
1682 395 62 32 all-

249 449 84 28 män
352 449 69 34 väg
439 447 85 31 eller
542 447 135 31 allmän
694 447 104 36 plats.
817 447 98 31 Barn
934 446 112 32 under
1065 447 37 31 15
1122 447 40 30 år
1182 447 37 30 få
1238 446 32 36 ej
1289 449 167 29 närvara.

963 548 18 37 $
1004 550 27 31 7.

290 625 67 33 För
380 626 238 33 överträdelse
639 637 47 21 av
708 626 314 33 bestämmelserna
1043 628 12 30 i
1078 626 39 36 $$
1139 628 28 36 1,
1189 628 28 35 2,
1239 627 18 31 3
1277 627 65 31 och
1363 628 17 30 5
1402 636 164 28 ansvare,
1588 628 155 31 förutom

251 677 66 33 den
336 679 84 32 eller
438 678 44 33 de
500 688 176 28 personer,
696 689 75 21 som
790 680 114 31 utfört
923 679 151 36 slakten,
1093 679 62 31 vid
1174 679 175 31 hemslakt
1365 679 142 36 djurets
1526 682 108 34 ägare
1650 681 93 30 samt

249 730 62 31 vid
352 731 203 37 yrkesslakt
595 731 203 31 slakteriets
838 731 216 31 innehavare
1076 729 65 33 och
1160 730 80 32 dess
1261 730 255 33 föreståndare.
1557 731 68 32 För
1646 734 97 29 över-

251 783 151 31 trädelse
421 793 45 21 av
484 783 311 32 bestämmelserna
814 784 12 30 i
844 782 17 36 $
880 784 18 30 6
915 793 102 21 svare
1036 782 65 32 den
1118 793 75 20 som
1212 785 83 34 äger
1314 784 52 31 att
1384 785 86 29 över
1489 783 136 31 lokalen
1646 782 97 32 råda.

962 885 17 36 $
1002 887 27 30 8

290 954 130 37 Bryter
441 954 117 36 någon
580 957 73 29 mot
677 954 70 31 vad
769 955 12 30 i
804 954 38 36 $$
867 956 27 35 1,
917 956 18 30 2
958 955 63 31 och
1044 955 17 30 3
1085 954 154 37 stadgas,
1263 965 83 22 vare
1371 955 140 32 straffet
1536 956 97 31 böter
1657 955 86 31 eller

251 1006 157 36 fängelse
429 1007 12 30 i
459 1006 104 36 högst
583 1016 61 22 sex
664 1005 179 33 månader.

286 1054 248 34 Överträdelse
550 1067 47 21 av
617 1057 312 32 bestämmelserna
950 1058 13 30 i
983 1056 39 37 $$
1041 1059 17 29 5
1079 1057 63 31 och
1162 1059 17 29 6
1200 1057 140 32 straffes
1359 1057 81 31 med
1460 1058 97 31 böter
1579 1059 81 30 från
1680 1058 63 31 och

248 1109 78 31 med
347 1111 18 30 5
388 1110 56 31 till
466 1110 64 31 och
551 1109 78 32 med
651 1111 57 30 100
728 1110 141 32 kronor.

960 1204 18 37 $
1001 1206 27 31 9.

288 1274 144 32 Allmän
455 1274 169 36 åklagare
645 1274 138 37 åligger
805 1276 55 30 att
883 1274 62 32 vid
964 1274 135 31 allmiin
1124 1273 147 32 domstol
1296 1273 269 36 anhängiggöra
1587 1273 73 32 åtal
1688 1274 54 30 för

244 1325 239 33 överträdelse
506 1337 46 21 av
576 1326 272 31 föreskrifterna
875 1326 10 30 i
911 1326 116 30 denna
1049 1326 67 35 lag.

950 1427 18 37 $
989 1429 47 32 10.

286 1497 58 31 Av
364 1498 108 35 böter,
490 1507 75 22 som
585 1498 110 35 enligt
716 1497 114 31 denna
848 1498 58 35 lag
927 1497 154 36 ådömas,
1101 1497 146 31 tillfalle
1267 1507 42 21 en
1329 1496 173 38 tredjedel
1521 1497 136 31 kronan
1677 1498 64 31 och

247 1551 60 30 två
336 1548 216 37 tredjedelar
583 1549 204 36 åklagaren.
835 1549 132 31 Finnes
994 1548 155 32 särskild
1178 1549 182 36 angivare,
1389 1551 84 35 tage
1501 1548 71 32 han
1601 1548 140 33 hälften

246 1610 51 22 av
315 1601 214 36 åklagarens
551 1599 114 33 andel.

284 1650 139 34 Saknas
445 1651 156 37 tillgång
620 1651 57 32 till
698 1651 166 32 böternas
884 1651 90 32 fulla
997 1651 185 37 gäldande,
1204 1651 208 32 förvandlas
1434 1652 41 31 de
1497 1652 89 31 efter
1606 1652 135 32 allmän

247 1703 67 37 lag.

284 1755 123 32 Denna
427 1756 57 36 lag
504 1754 120 34 träder
644 1756 12 31 i
677 1755 100 32 kraft
794 1755 67 33 den

286 1917 229 32 Beträffande
537 1918 42 32 de
599 1918 88 37 skäl,
706 1928 77 21 som
804 1918 96 36 ligga
922 1917 57 32 till
1000 1917 115 36 grund
1138 1917 55 31 för
1215 1915 279 38 ifrågavarande
1517 1916 143 37 förslag,
1683 1916 57 31 får

245 1970 173 33 utskottet
438 1970 152 32 hänvisa
610 1970 57 31 till
688 1969 232 32 motionerna.

285 2064 145 36 Frågan
457 2075 56 21 om
538 2064 190 32 införande
753 2075 45 21 av
825 2063 263 33 bestämmelser
1115 2066 71 29 mot
1213 2063 145 37 onödigt
1384 2062 180 38 plågande
1590 2072 44 23 av
1660 2061 83 33 hus-

245 2116 83 36 djur
352 2118 62 31 vid
439 2117 94 32 slakt
557 2117 65 31 har
646 2116 155 36 tidigare
825 2116 204 36 upprepade
1053 2117 135 34 gånger
1212 2115 95 32 varit
1332 2115 152 31 föremål
1509 2115 54 30 för
1587 2114 153 32 behand-

245 2169 77 36 ling
340 2169 97 32 inom
456 2169 201 36 riksdagen.

284 2265 123 32 Redan
434 2265 62 32 vid
523 2267 77 30 1887
626 2265 60 32 års
712 2265 147 37 riksdag
886 2263 171 36 föreslogs
1083 2264 12 30 i
1121 2263 128 32 sådant
1277 2262 93 37 syfte
1397 2262 13 30 i
1432 2270 43 23 en
1503 2261 95 32 inom
1623 2261 113 32 andra

244 2318 209 31 kammaren
481 2318 108 31 väckt
613 2316 145 38 motion,
784 2327 44 21 nr
856 2316 48 37 80,
931 2326 42 21 en
1003 2316 155 35 ändring
1185 2315 12 31 i
1224 2315 38 31 18
1288 2315 80 36 kap.
1397 2314 38 31 16
1465 2313 18 36 $
1512 2313 241 46 strafflagen.

242 2369 166 33 Nämnda
428 2369 136 32 motion
584 2368 89 39 blev,
694 2368 91 32 efter
805 2370 55 30 att
879 2368 94 31 hava
992 2367 185 37 avstyrkts
1198 2377 46 21 av
1264 2366 236 36 lagutskottet
1520 2365 12 31 i
1552 2364 186 33 utlåtande

243 2430 43 22 nr
309 2422 46 37 10,
378 2432 47 22 av
446 2422 95 32 båda
560 2422 194 30 kamrarna
776 2420 180 36 avslagen.
999 2419 44 37 Ej
1067 2419 111 32 heller
1199 2419 61 31 vid
1283 2420 76 31 1894
1380 2418 66 31 och
1469 2419 76 31 1895
1567 2417 59 32 års
1648 2416 89 33 riks-

243 2474 112 37 dagar
382 2473 130 32 väckta
541 2473 172 31 motioner
742 2473 11 31 i
780 2474 117 30 ämnet
925 2482 120 21 vunno
1073 2471 209 36 riksdagens
1308 2470 114 32 bifall.
