2200 2646
662 199 228 42 Lagutskottets
919 195 164 31 Utlåtande
1105 192 64 31 N:o
1193 192 48 29 47.
1674 183 36 30 17

151 297 150 37 beredas
342 296 125 34 bärare
506 292 39 36 af
582 290 133 36 sådana
755 299 84 24 vare
871 286 57 46 sig
959 282 103 37 ärfda
1093 281 88 36 eller
1209 276 186 38 förvärfda
1422 286 112 23 namn
1562 277 64 37 att,
1655 271 12 34 i
1694 270 64 35 sitt

153 347 210 39 sträfvande
395 345 56 35 för
478 344 80 35 dess
586 337 254 39 bibehållande
868 335 61 36 vid
957 334 129 36 sådant
1113 330 124 41 värde,
1267 328 31 47 ej
1328 327 227 48 paralyseras
1583 322 39 36 af
1646 321 112 36 främ”-

153 399 143 43 mande,
338 396 124 36 hvilka
502 399 109 30 utan
633 391 126 35 känsla
798 387 56 36 för
892 385 185 47 familjens
1118 381 217 36 traditioner
1374 378 88 34 eller
1492 378 167 32 namnets
1686 371 74 36 för-

153 451 188 49 pligtelser
367 446 129 36 anlade
523 444 67 36 och
619 440 180 37 måhända
827 443 72 31 rätt
926 441 101 31 snart
1053 431 201 39 besudlade
1281 430 71 35 det.
1407 427 77 35 Fall
1502 424 104 36 torde
1625 423 137 36 under-

154 500 175 38 stundom
364 496 160 43 inträffa,
559 494 64 35 der
655 493 89 35 visst
770 489 254 46 familjenamn
1051 489 149 42 antoges
1227 482 94 35 blott
1347 478 58 36 för
1433 482 53 30 att
1513 475 141 37 kränka
1681 473 81 35 dess

155 552 161 46 verklige
356 561 123 35 egare;
520 547 13 34 i
565 544 115 36 andra
706 542 63 35 fall
795 546 104 41 toges
927 538 63 35 det
1017 537 94 35 blott
1138 537 62 44 >på
1227 530 96 37 höft;
1350 548 49 4 —
1427 540 84 23 men
1539 529 120 43 någon
1687 531 75 28 sär-

156 603 94 37 skild
289 601 111 47 afsigt
438 604 52 30 att
522 596 110 35 hedra
664 593 61 36 det
752 590 103 38 torde
887 588 117 37 under
1031 586 127 49 dylika
1184 580 251 39 förhållanden
1462 579 181 46 knappast
1670 574 93 36 före-

156 656 128 34 finnas.
341 652 68 35 Det
448 647 121 37 kunde
610 646 29 47 ej
681 656 87 23 vara
807 640 188 49 likgiltigt,
1029 650 67 35 om
1128 641 52 30 ett
1205 633 105 36 lands
1337 628 235 48 lagstiftning
1597 625 167 37 lemnade

157 706 100 35 detta
284 703 140 49 vigtiga
450 698 148 37 område
625 702 91 30 utan
743 690 221 50 rättsskydd.
1020 686 125 38 Åfven
1172 686 66 35 hos
1257 696 57 23 oss
1333 681 106 36 torde
1458 692 45 23 en
1522 676 243 38 »individual-

159 762 88 30 rätt»
276 753 39 36 af
340 753 108 36 ofvan
476 748 142 50 antydd
646 743 222 46 omfattning
894 742 89 35 böra
1010 738 91 36 både
1128 737 179 36 erkännas
1334 733 66 35 och
1428 729 209 37 fastställas.

293 802 296 46 Betänkligheter
617 796 121 37 kunde
766 794 172 46 möjligen
965 797 88 41 göra
1081 789 55 45 sig
1163 784 169 50 gällande
1359 784 12 34 i
1398 782 104 46 fråga
1529 793 60 22 om
1607 777 160 46 familje-

161 856 225 48 namnspligt
426 853 10 35 i
477 857 52 31 ett
570 849 97 43 land,
709 847 64 35 der
803 857 44 23 en
881 843 109 35 talrik
1018 842 96 33 klass
1142 837 38 36 af
1204 835 143 37 mindre
1370 833 192 47 jordegare
1590 830 12 34 i
1630 832 40 32 så
1696 828 72 45 hög

163 908 89 48 grad
295 919 78 23 som
413 905 65 34 hos
510 914 57 23 oss
596 900 219 35 försummat
842 900 53 30 att
923 893 155 46 anlägga
1105 889 143 36 sådana.
1302 885 84 36 Men
1413 884 45 35 då
1486 882 120 35 denna
1632 880 96 34 klass
1756 878 13 34 i

162 958 144 37 landets
334 955 208 46 nordligare
569 950 176 46 landskap
773 946 111 36 redan
911 943 118 36 brutit
1057 940 82 36 med
1167 939 119 35 denna
1314 936 63 36 sed
1405 933 67 37 och
1500 933 12 34 i
1539 932 65 34 allt
1622 929 65 36 fall
1706 932 64 32 vår

162 1006 334 45 landtbefolknings
523 1002 116 37 ökade
666 998 169 45 bildning
862 999 94 32 samt
983 991 167 49 stegrade
1176 988 189 49 betydelse
1391 986 13 34 i
1431 983 92 36 både
1551 982 126 35 socialt
1704 979 66 35 och

165 1060 165 49 politiskt
358 1054 203 39 hänseende
589 1055 114 32 måste
729 1047 126 37 kräfva
882 1046 80 35 dess
988 1040 229 39 inordnande
1244 1038 116 36 under
1388 1047 137 25 samma
1543 1032 130 47 regler,
1693 1042 77 24 som

167 1111 110 36 redan
318 1111 105 44 länge
456 1106 98 48 gjort
586 1104 57 46 sig
669 1098 169 50 gällande
864 1095 112 37 bland
1003 1093 119 48 öfriga
1149 1088 218 44 kulturfolk,
1395 1085 123 37 kunde
1546 1082 226 37 motionären

166 1163 77 35 icke
270 1161 159 35 tillmäta
455 1157 103 36 dessa
585 1151 290 48 betänkligheter
902 1150 113 43 något
1043 1142 207 51 synnerligt
1277 1137 181 38 afseende.

300 1211 98 36 Utan
425 1209 66 35 allt
518 1202 268 49 öfvervägande
812 1198 104 37 torde
943 1197 115 35 heller
1084 1194 79 35 icke
1189 1193 89 34 böra
1307 1191 138 34 lemnas
1470 1186 131 46 frågan
1620 1196 59 23 om
1698 1182 76 35 viss

167 1262 249 48 begränsning
456 1258 39 36 af
524 1255 247 37 föräldrarnes
804 1255 73 31 rätt
903 1253 53 30 att
984 1246 100 48 gifva
1111 1245 80 35 sina
1218 1243 91 34 barn
1335 1239 123 36 hvilka
1486 1236 182 48 dopnamn
1698 1245 76 23 som

169 1316 102 35 helst.
325 1312 128 35 Denna
479 1313 75 31 rätt
580 1305 116 36 borde
723 1303 30 47 ej
784 1301 159 35 utesluta
970 1298 157 34 barnens
1155 1291 213 51 skyddande
1386 1289 81 35 från
1486 1291 54 31 att
1558 1285 118 36 under
1694 1283 83 35 hela

171 1366 63 35 sitt
274 1362 45 37 lif
354 1362 130 45 dragas
525 1357 84 36 med
642 1356 196 46 dopnamn,
870 1349 125 36 hvilka
1021 1345 127 48 gjorde
1175 1344 83 35 dem
1286 1342 56 35 till
1370 1338 152 37 föremål
1550 1336 56 35 för
1633 1333 144 49 gäckeri

171 1416 65 35 och
277 1413 120 46 åtlöje,
430 1410 66 36 och
528 1408 125 36 hvilka
679 1406 13 34 i
719 1404 65 36 och
811 1401 58 36 för
895 1401 56 46 sig
978 1397 123 36 kunde
1128 1407 87 24 vara
1241 1391 164 46 verkliga
1431 1385 346 47 vidunderligheter.

173 1466 96 36 Våra
296 1462 228 51 kyrkböcker
551 1457 135 43 visade,
714 1459 53 31 att
794 1451 179 37 föräldrar
1000 1452 116 32 såsom
1144 1445 170 36 förnamn
1342 1445 37 32 åt
1406 1441 79 35 sina
1503 1439 92 34 barn
1614 1434 166 37 använde

173 1518 29 47 ej
245 1517 98 34 blott
382 1513 215 40 efternamn,
640 1512 88 31 utan
766 1504 66 36 ock
872 1513 110 24 namn
1021 1502 47 45 på
1100 1503 98 30 orter
1230 1499 105 38 samt,
1363 1496 129 32 nästan
1519 1496 46 28 än
1592 1494 115 36 värre,
1736 1484 44 35 de

176 1567 224 45 orimligaste
441 1560 262 51 nybildningar
740 1556 87 36 eller
865 1550 285 45 förvridningar.
1204 1543 284 50 Döpelseaktens
1528 1538 110 48 helgd
1678 1535 103 37 torde

174 1619 66 35 ock
268 1616 127 36 kräfva
423 1617 120 43 någon
570 1611 154 47 hänsyn.
761 1606 70 35 Det
858 1608 124 44 syntes
1010 1600 230 35 motionären
1267 1593 122 38 derför
1416 1604 87 24 vara
1527 1590 57 35 väl
1604 1587 106 37 värdt
1728 1590 54 31 att

176 1670 108 42 tillse,
325 1664 184 38 huruvida
545 1662 92 42 icke,
679 1660 12 34 i
732 1657 115 35 likhet
878 1653 83 36 med
993 1650 97 36 hvad
1121 1650 14 34 i
1161 1647 200 36 Frankrike
1388 1643 64 36 och
1481 1639 185 37 Danmark
1693 1636 90 47 egde

176 1733 93 28 rum,
309 1721 120 42 någon
469 1720 110 40 gräns
611 1710 39 36 af
674 1706 280 50 lagstiftningen
983 1701 112 36 borde
1123 1698 208 48 uppdragas
1358 1694 55 36 för
1440 1690 244 37 föräldrarnes
1711 1692 73 30 rätt

179 1776 54 30 att
260 1770 201 34 bestämma
490 1764 232 47 dopnamnen
748 1758 57 35 för
832 1757 79 34 sina
936 1754 101 35 barn.

313 1818 50 35 På
390 1815 121 48 grund
539 1812 40 36 af
595 1810 102 37 hvad
727 1808 227 36 motionären
981 1802 121 36 anfört
1130 1799 153 36 föreslår
1310 1797 83 41 han,

313 1874 53 30 att
393 1865 209 47 Riksdagen
628 1862 86 36 ville
742 1860 12 35 i
781 1854 230 45 underdånig
1038 1850 190 38 skrifvelse
1255 1847 156 41 anhålla,
1440 1844 62 35 det
1529 1841 132 46 Kongl.
1683 1838 103 46 Maj:t

180 1925 112 33 måtte
323 1919 149 44 vidtaga
499 1916 44 35 de
570 1912 181 48 åtgärder,
780 1921 78 23 som
886 1904 182 38 erfordras
1096 1901 56 35 för
1180 1905 55 30 att
1261 1898 132 45 bringa
1419 1895 58 35 till
1505 1891 107 37 stånd
1640 1903 44 22 en
1712 1889 74 34 till-

180 1967 279 41 fredsställande
492 1963 254 46 rättsordning
777 1960 12 34 i
820 1958 103 46 fråga
946 1968 59 23 om
1034 1963 254 38 personnamn,
1317 1952 93 31 samt
1435 1946 14 34 i
1476 1944 44 35 de
1548 1942 100 36 delar
1675 1938 111 43 deraf,

182 2035 75 24 som
292 2021 162 35 befinnas
485 2018 88 44 ingå
605 2013 116 36 under
747 2008 228 46 Riksdagens
1002 2001 338 50 lagstiftningsrätt,
1367 1996 187 45 förelägga
1580 1990 206 47 Riksdagen

183 2073 135 45 förslag
345 2070 57 35 till
430 2068 44 35 de
501 2064 283 39 bestämmelser,
813 2071 75 23 som
916 2056 58 36 för
1002 2052 224 38 ändamålets
1253 2047 183 38 vinnande
1464 2053 62 27 äro
1555 2042 145 46 nödiga.

270 2275 75 31 Bih.
370 2273 48 31 till
440 2271 109 32 Riksd.
576 2269 86 30 Prot.
689 2267 92 31 1896.
827 2266 14 29 7
867 2262 96 32 Saml.
1010 2261 38 29 27
1075 2257 94 42 Häft.
1733 2244 19 30 3
