<?xml version="1.0" encoding="UTF-8"?>
<alto xmlns="http://www.loc.gov/standards/alto/ns-v3#" xmlns:xlink="http://www.w3.org/1999/xlink" xmlns:xsi="http://www.w3.org/2001/XMLSchema-instance" xsi:schemaLocation="http://www.loc.gov/standards/alto/ns-v3# http://www.loc.gov/alto/v3/alto-3-0.xsd">
	<Description>
		<MeasurementUnit>pixel</MeasurementUnit>
		<sourceImageInformation>
			<fileName>/tmp/tess_96mno5hk_input.PNG</fileName>
		</sourceImageInformation>
		<OCRProcessing ID="OCR_0">
			<ocrProcessingStep>
				<processingSoftware>
					<softwareName>tesseract 5.3.0</softwareName>
				</processingSoftware>
			</ocrProcessingStep>
		</OCRProcessing>
	</Description>
	<Layout>
		<Page WIDTH="2225" HEIGHT="2640" PHYSICAL_IMG_NR="0" ID="page_0">
			<PrintSpace HPOS="0" VPOS="0" WIDTH="2225" HEIGHT="2640">
				<ComposedBlock ID="cblock_0" HPOS="737" VPOS="192" WIDTH="1048" HEIGHT="37">
					<TextBlock ID="block_0" HPOS="737" VPOS="192" WIDTH="1048" HEIGHT="37">
						<TextLine ID="line_0" HPOS="737" VPOS="192" WIDTH="1048" HEIGHT="37">
							<String ID="string_0" HPOS="737" VPOS="192" WIDTH="249" HEIGHT="33" WC="0.86" CONTENT="Statsutskottets"/><SP WIDTH="29" VPOS="192" HPOS="986"/>
							<String ID="string_1" HPOS="1015" VPOS="193" WIDTH="167" HEIGHT="34" WC="0.95" CONTENT="Utlåtande"/><SP WIDTH="24" VPOS="193" HPOS="1182"/>
							<String ID="string_2" HPOS="1206" VPOS="194" WIDTH="61" HEIGHT="33" WC="0.92" CONTENT="N:o"/><SP WIDTH="22" VPOS="194" HPOS="1267"/>
							<String ID="string_3" HPOS="1289" VPOS="196" WIDTH="30" HEIGHT="32" WC="0.96" CONTENT="8."/><SP WIDTH="405" VPOS="196" HPOS="1319"/>
							<String ID="string_4" HPOS="1724" VPOS="197" WIDTH="61" HEIGHT="32" WC="0.74" CONTENT="1083"/>
						</TextLine>
					</TextBlock>
				</ComposedBlock>
				<ComposedBlock ID="cblock_1" HPOS="907" VPOS="376" WIDTH="256" HEIGHT="45">
					<TextBlock ID="block_1" HPOS="907" VPOS="376" WIDTH="256" HEIGHT="45">
						<TextLine ID="line_1" HPOS="907" VPOS="376" WIDTH="256" HEIGHT="45">
							<String ID="string_5" HPOS="907" VPOS="376" WIDTH="256" HEIGHT="45" WC="0.91" CONTENT="Dyrtidstillägg."/>
						</TextLine>
					</TextBlock>
				</ComposedBlock>
				<ComposedBlock ID="cblock_2" HPOS="367" VPOS="464" WIDTH="1656" HEIGHT="62">
					<TextBlock ID="block_2" HPOS="367" VPOS="464" WIDTH="1656" HEIGHT="62">
						<TextLine ID="line_2" HPOS="367" VPOS="464" WIDTH="1656" HEIGHT="62">
							<String ID="string_6" HPOS="367" VPOS="471" WIDTH="111" HEIGHT="51" WC="0.89" CONTENT="25:0)."/><SP WIDTH="57" VPOS="471" HPOS="478"/>
							<String ID="string_7" HPOS="535" VPOS="472" WIDTH="139" HEIGHT="50" WC="0.95" CONTENT="Kongl."/><SP WIDTH="31" VPOS="472" HPOS="674"/>
							<String ID="string_8" HPOS="705" VPOS="473" WIDTH="106" HEIGHT="50" WC="0.96" CONTENT="Maj:t"/><SP WIDTH="28" VPOS="473" HPOS="811"/>
							<String ID="string_9" HPOS="839" VPOS="475" WIDTH="70" HEIGHT="37" WC="0.96" CONTENT="har"/><SP WIDTH="27" VPOS="475" HPOS="909"/>
							<String ID="string_10" HPOS="936" VPOS="475" WIDTH="201" HEIGHT="50" WC="0.96" CONTENT="föreslagit"/><SP WIDTH="28" VPOS="475" HPOS="1137"/>
							<String ID="string_11" HPOS="1165" VPOS="475" WIDTH="223" HEIGHT="49" WC="0.96" CONTENT="Riksdagen"/><SP WIDTH="30" VPOS="475" HPOS="1388"/>
							<String ID="string_12" HPOS="1418" VPOS="482" WIDTH="67" HEIGHT="44" WC="0.96" CONTENT="att,"/><SP WIDTH="29" VPOS="482" HPOS="1485"/>
							<String ID="string_13" HPOS="1514" VPOS="476" WIDTH="59" HEIGHT="38" WC="0.96" CONTENT="till"/><SP WIDTH="28" VPOS="476" HPOS="1573"/>
							<String ID="string_14" HPOS="1601" VPOS="477" WIDTH="228" HEIGHT="49" WC="0.96" CONTENT="beredande,"/><SP WIDTH="27" VPOS="477" HPOS="1829"/>
							<String ID="string_15" HPOS="1856" VPOS="464" WIDTH="167" HEIGHT="61" WC="0.33" CONTENT="Aim"/>
						</TextLine>
					</TextBlock>
				</ComposedBlock>
				<ComposedBlock ID="cblock_3" HPOS="235" VPOS="523" WIDTH="1596" HEIGHT="370">
					<TextBlock ID="block_3" HPOS="235" VPOS="523" WIDTH="1596" HEIGHT="264">
						<TextLine ID="line_3" HPOS="235" VPOS="523" WIDTH="1595" HEIGHT="56">
							<String ID="string_16" HPOS="235" VPOS="523" WIDTH="12" HEIGHT="36" WC="0.95" CONTENT="i"/><SP WIDTH="30" VPOS="523" HPOS="247"/>
							<String ID="string_17" HPOS="277" VPOS="524" WIDTH="173" HEIGHT="49" WC="0.95" CONTENT="enlighet"/><SP WIDTH="29" VPOS="524" HPOS="450"/>
							<String ID="string_18" HPOS="479" VPOS="526" WIDTH="84" HEIGHT="36" WC="0.96" CONTENT="med"/><SP WIDTH="31" VPOS="526" HPOS="563"/>
							<String ID="string_19" HPOS="594" VPOS="525" WIDTH="46" HEIGHT="37" WC="0.94" CONTENT="de"/><SP WIDTH="28" VPOS="525" HPOS="640"/>
							<String ID="string_20" HPOS="668" VPOS="525" WIDTH="11" HEIGHT="36" WC="0.93" CONTENT="i"/><SP WIDTH="31" VPOS="525" HPOS="679"/>
							<String ID="string_21" HPOS="710" VPOS="528" WIDTH="420" HEIGHT="48" WC="0.91" CONTENT="statsrådsprotokollet"/><SP WIDTH="29" VPOS="528" HPOS="1130"/>
							<String ID="string_22" HPOS="1159" VPOS="529" WIDTH="72" HEIGHT="36" WC="0.96" CONTENT="den"/><SP WIDTH="29" VPOS="529" HPOS="1231"/>
							<String ID="string_23" HPOS="1260" VPOS="531" WIDTH="21" HEIGHT="34" WC="0.93" CONTENT="4"/><SP WIDTH="28" VPOS="531" HPOS="1281"/>
							<String ID="string_24" HPOS="1309" VPOS="529" WIDTH="174" HEIGHT="36" WC="0.87" CONTENT="sistlidne"/><SP WIDTH="16" VPOS="529" HPOS="1483"/>
							<String ID="string_25" HPOS="1499" VPOS="530" WIDTH="153" HEIGHT="48" WC="0.93" CONTENT="januari"/><SP WIDTH="20" VPOS="530" HPOS="1652"/>
							<String ID="string_26" HPOS="1672" VPOS="530" WIDTH="158" HEIGHT="49" WC="0.91" CONTENT="angifna"/>
						</TextLine>
						<TextLine ID="line_4" HPOS="235" VPOS="577" WIDTH="1595" HEIGHT="54">
							<String ID="string_27" HPOS="235" VPOS="577" WIDTH="182" HEIGHT="48" WC="0.95" CONTENT="grunder,"/><SP WIDTH="30" VPOS="577" HPOS="417"/>
							<String ID="string_28" HPOS="447" VPOS="578" WIDTH="41" HEIGHT="35" WC="0.93" CONTENT="af"/><SP WIDTH="24" VPOS="578" HPOS="488"/>
							<String ID="string_29" HPOS="512" VPOS="578" WIDTH="291" HEIGHT="50" WC="0.91" CONTENT="dyrtidstillägg"/><SP WIDTH="29" VPOS="578" HPOS="803"/>
							<String ID="string_30" HPOS="832" VPOS="580" WIDTH="58" HEIGHT="36" WC="0.97" CONTENT="för"/><SP WIDTH="28" VPOS="580" HPOS="890"/>
							<String ID="string_31" HPOS="918" VPOS="580" WIDTH="258" HEIGHT="37" WC="0.96" CONTENT="innevarande"/><SP WIDTH="29" VPOS="580" HPOS="1176"/>
							<String ID="string_32" HPOS="1205" VPOS="583" WIDTH="40" HEIGHT="34" WC="0.95" CONTENT="år"/><SP WIDTH="28" VPOS="583" HPOS="1245"/>
							<String ID="string_33" HPOS="1273" VPOS="584" WIDTH="37" HEIGHT="33" WC="0.95" CONTENT="åt"/><SP WIDTH="29" VPOS="584" HPOS="1310"/>
							<String ID="string_34" HPOS="1339" VPOS="595" WIDTH="45" HEIGHT="23" WC="0.96" CONTENT="en"/><SP WIDTH="26" VPOS="595" HPOS="1384"/>
							<String ID="string_35" HPOS="1410" VPOS="582" WIDTH="61" HEIGHT="35" WC="0.92" CONTENT="del"/><SP WIDTH="29" VPOS="582" HPOS="1471"/>
							<String ID="string_36" HPOS="1500" VPOS="582" WIDTH="229" HEIGHT="49" WC="0.91" CONTENT="tjenstemän"/><SP WIDTH="30" VPOS="582" HPOS="1729"/>
							<String ID="string_37" HPOS="1759" VPOS="583" WIDTH="71" HEIGHT="36" WC="0.96" CONTENT="och"/>
						</TextLine>
						<TextLine ID="line_5" HPOS="236" VPOS="628" WIDTH="1595" HEIGHT="55">
							<String ID="string_38" HPOS="236" VPOS="628" WIDTH="170" HEIGHT="49" WC="0.92" CONTENT="betjente"/><SP WIDTH="28" VPOS="628" HPOS="406"/>
							<String ID="string_39" HPOS="434" VPOS="630" WIDTH="11" HEIGHT="35" WC="0.93" CONTENT="i"/><SP WIDTH="29" VPOS="630" HPOS="445"/>
							<String ID="string_40" HPOS="474" VPOS="630" WIDTH="455" HEIGHT="50" WC="0.91" CONTENT="finansdepartementets"/><SP WIDTH="30" VPOS="630" HPOS="929"/>
							<String ID="string_41" HPOS="959" VPOS="633" WIDTH="198" HEIGHT="49" WC="0.92" CONTENT="afdelning"/><SP WIDTH="29" VPOS="633" HPOS="1157"/>
							<String ID="string_42" HPOS="1186" VPOS="633" WIDTH="41" HEIGHT="36" WC="0.96" CONTENT="af"/><SP WIDTH="26" VPOS="633" HPOS="1227"/>
							<String ID="string_43" HPOS="1253" VPOS="633" WIDTH="138" HEIGHT="49" WC="0.96" CONTENT="Kongl."/><SP WIDTH="30" VPOS="633" HPOS="1391"/>
							<String ID="string_44" HPOS="1421" VPOS="633" WIDTH="128" HEIGHT="50" WC="0.95" CONTENT="Maj:ts"/><SP WIDTH="30" VPOS="633" HPOS="1549"/>
							<String ID="string_45" HPOS="1579" VPOS="634" WIDTH="124" HEIGHT="37" WC="0.96" CONTENT="kansli"/><SP WIDTH="29" VPOS="634" HPOS="1703"/>
							<String ID="string_46" HPOS="1732" VPOS="641" WIDTH="99" HEIGHT="30" WC="0.95" CONTENT="samt"/>
						</TextLine>
						<TextLine ID="line_6" HPOS="236" VPOS="680" WIDTH="1595" HEIGHT="53">
							<String ID="string_47" HPOS="236" VPOS="680" WIDTH="58" HEIGHT="37" WC="0.93" CONTENT="till"/><SP WIDTH="29" VPOS="680" HPOS="294"/>
							<String ID="string_48" HPOS="323" VPOS="681" WIDTH="431" HEIGHT="50" WC="0.91" CONTENT="finansdepartementet"/><SP WIDTH="29" VPOS="681" HPOS="754"/>
							<String ID="string_49" HPOS="783" VPOS="684" WIDTH="170" HEIGHT="37" WC="0.93" CONTENT="hörande"/><SP WIDTH="29" VPOS="684" HPOS="953"/>
							<String ID="string_50" HPOS="982" VPOS="685" WIDTH="244" HEIGHT="37" WC="0.91" CONTENT="embetsverk"/><SP WIDTH="30" VPOS="685" HPOS="1226"/>
							<String ID="string_51" HPOS="1256" VPOS="685" WIDTH="70" HEIGHT="37" WC="0.96" CONTENT="och"/><SP WIDTH="32" VPOS="685" HPOS="1326"/>
							<String ID="string_52" HPOS="1358" VPOS="687" WIDTH="120" HEIGHT="46" WC="0.93" CONTENT="kårer,"/><SP WIDTH="31" VPOS="687" HPOS="1478"/>
							<String ID="string_53" HPOS="1509" VPOS="689" WIDTH="20" HEIGHT="33" WC="0.91" CONTENT="å"/><SP WIDTH="21" VPOS="689" HPOS="1529"/>
							<String ID="string_54" HPOS="1550" VPOS="693" WIDTH="106" HEIGHT="30" WC="0.96" CONTENT="extra"/><SP WIDTH="21" VPOS="693" HPOS="1656"/>
							<String ID="string_55" HPOS="1677" VPOS="693" WIDTH="76" HEIGHT="30" WC="0.96" CONTENT="stat"/><SP WIDTH="20" VPOS="693" HPOS="1753"/>
							<String ID="string_56" HPOS="1773" VPOS="687" WIDTH="58" HEIGHT="37" WC="0.96" CONTENT="för"/>
						</TextLine>
						<TextLine ID="line_7" HPOS="237" VPOS="735" WIDTH="1514" HEIGHT="52">
							<String ID="string_57" HPOS="237" VPOS="736" WIDTH="39" HEIGHT="33" WC="0.96" CONTENT="år"/><SP WIDTH="31" VPOS="736" HPOS="276"/>
							<String ID="string_58" HPOS="307" VPOS="735" WIDTH="97" HEIGHT="35" WC="0.96" CONTENT="1903"/><SP WIDTH="31" VPOS="735" HPOS="404"/>
							<String ID="string_59" HPOS="435" VPOS="735" WIDTH="135" HEIGHT="36" WC="0.92" CONTENT="anvisa"/><SP WIDTH="29" VPOS="735" HPOS="570"/>
							<String ID="string_60" HPOS="599" VPOS="738" WIDTH="124" HEIGHT="34" WC="0.31" CONTENT="eåsom"/><SP WIDTH="31" VPOS="738" HPOS="723"/>
							<String ID="string_61" HPOS="754" VPOS="735" WIDTH="305" HEIGHT="52" WC="0.89" CONTENT="förslagsanslag"/><SP WIDTH="30" VPOS="735" HPOS="1059"/>
							<String ID="string_62" HPOS="1089" VPOS="745" WIDTH="54" HEIGHT="30" WC="0.96" CONTENT="ett"/><SP WIDTH="29" VPOS="745" HPOS="1143"/>
							<String ID="string_63" HPOS="1172" VPOS="738" WIDTH="139" HEIGHT="49" WC="0.95" CONTENT="belopp"/><SP WIDTH="30" VPOS="738" HPOS="1311"/>
							<String ID="string_64" HPOS="1341" VPOS="738" WIDTH="37" HEIGHT="37" WC="0.93" CONTENT="af"/><SP WIDTH="29" VPOS="738" HPOS="1378"/>
							<String ID="string_65" HPOS="1407" VPOS="740" WIDTH="164" HEIGHT="45" WC="0.90" CONTENT="200,000"/><SP WIDTH="29" VPOS="740" HPOS="1571"/>
							<String ID="string_66" HPOS="1600" VPOS="739" WIDTH="151" HEIGHT="38" WC="0.96" CONTENT="kronor."/>
						</TextLine>
					</TextBlock>
					<TextBlock ID="block_4" HPOS="235" VPOS="777" WIDTH="1595" HEIGHT="116">
						<TextLine ID="line_8" HPOS="365" VPOS="777" WIDTH="1465" HEIGHT="63">
							<String ID="string_67" HPOS="365" VPOS="777" WIDTH="116" HEIGHT="46" WC="0.95" CONTENT="Öfver"/><SP WIDTH="28" VPOS="777" HPOS="481"/>
							<String ID="string_68" HPOS="509" VPOS="787" WIDTH="124" HEIGHT="37" WC="0.96" CONTENT="denna"/><SP WIDTH="31" VPOS="787" HPOS="633"/>
							<String ID="string_69" HPOS="664" VPOS="788" WIDTH="282" HEIGHT="50" WC="0.96" CONTENT="framställning"/><SP WIDTH="30" VPOS="788" HPOS="946"/>
							<String ID="string_70" HPOS="976" VPOS="791" WIDTH="171" HEIGHT="35" WC="0.96" CONTENT="kommer"/><SP WIDTH="30" VPOS="791" HPOS="1147"/>
							<String ID="string_71" HPOS="1177" VPOS="791" WIDTH="186" HEIGHT="35" WC="0.96" CONTENT="utskottet"/><SP WIDTH="21" VPOS="791" HPOS="1363"/>
							<String ID="string_72" HPOS="1384" VPOS="798" WIDTH="55" HEIGHT="29" WC="0.93" CONTENT="att"/><SP WIDTH="20" VPOS="798" HPOS="1439"/>
							<String ID="string_73" HPOS="1459" VPOS="791" WIDTH="204" HEIGHT="37" WC="0.92" CONTENT="framdeles"/><SP WIDTH="21" VPOS="791" HPOS="1663"/>
							<String ID="string_74" HPOS="1684" VPOS="792" WIDTH="146" HEIGHT="48" WC="0.90" CONTENT="afgifva"/>
						</TextLine>
						<TextLine ID="line_9" HPOS="235" VPOS="838" WIDTH="1280" HEIGHT="55">
							<String ID="string_75" HPOS="235" VPOS="838" WIDTH="209" HEIGHT="51" WC="0.95" CONTENT="utlåtande,"/><SP WIDTH="31" VPOS="838" HPOS="444"/>
							<String ID="string_76" HPOS="475" VPOS="839" WIDTH="148" HEIGHT="38" WC="0.96" CONTENT="hvilket"/><SP WIDTH="28" VPOS="839" HPOS="623"/>
							<String ID="string_77" HPOS="651" VPOS="840" WIDTH="189" HEIGHT="38" WC="0.96" CONTENT="utskottet"/><SP WIDTH="29" VPOS="840" HPOS="840"/>
							<String ID="string_78" HPOS="869" VPOS="842" WIDTH="156" HEIGHT="37" WC="0.96" CONTENT="härmed"/><SP WIDTH="30" VPOS="842" HPOS="1025"/>
							<String ID="string_79" HPOS="1055" VPOS="843" WIDTH="126" HEIGHT="37" WC="0.96" CONTENT="skolat"/><SP WIDTH="29" VPOS="843" HPOS="1181"/>
							<String ID="string_80" HPOS="1210" VPOS="843" WIDTH="56" HEIGHT="37" WC="0.96" CONTENT="för"/><SP WIDTH="29" VPOS="843" HPOS="1266"/>
							<String ID="string_81" HPOS="1295" VPOS="842" WIDTH="220" HEIGHT="51" WC="0.96" CONTENT="Riksdagen"/>
						</TextLine>
					</TextBlock>
				</ComposedBlock>
				<ComposedBlock ID="cblock_4" HPOS="367" VPOS="946" WIDTH="953" HEIGHT="261">
					<TextBlock ID="block_5" HPOS="367" VPOS="946" WIDTH="953" HEIGHT="261">
						<TextLine ID="line_10" HPOS="765" VPOS="946" WIDTH="160" HEIGHT="38">
							<String ID="string_82" HPOS="765" VPOS="946" WIDTH="160" HEIGHT="38" WC="0.94" CONTENT="anmäla."/>
						</TextLine>
						<TextLine ID="line_11" HPOS="367" VPOS="1049" WIDTH="736" HEIGHT="40">
							<String ID="string_83" HPOS="367" VPOS="1049" WIDTH="223" HEIGHT="38" WC="0.96" CONTENT="Stockholm"/><SP WIDTH="29" VPOS="1049" HPOS="590"/>
							<String ID="string_84" HPOS="619" VPOS="1051" WIDTH="73" HEIGHT="37" WC="0.96" CONTENT="den"/><SP WIDTH="32" VPOS="1051" HPOS="692"/>
							<String ID="string_85" HPOS="724" VPOS="1053" WIDTH="45" HEIGHT="34" WC="0.96" CONTENT="18"/><SP WIDTH="29" VPOS="1053" HPOS="769"/>
							<String ID="string_86" HPOS="798" VPOS="1051" WIDTH="165" HEIGHT="37" WC="0.96" CONTENT="februari"/><SP WIDTH="32" VPOS="1051" HPOS="963"/>
							<String ID="string_87" HPOS="995" VPOS="1054" WIDTH="108" HEIGHT="35" WC="0.96" CONTENT="1902."/>
						</TextLine>
						<TextLine ID="line_12" HPOS="746" VPOS="1156" WIDTH="574" HEIGHT="51">
							<String ID="string_88" HPOS="746" VPOS="1156" WIDTH="52" HEIGHT="37" WC="0.92" CONTENT="På"/><SP WIDTH="28" VPOS="1156" HPOS="798"/>
							<String ID="string_89" HPOS="826" VPOS="1156" WIDTH="308" HEIGHT="37" WC="0.92" CONTENT="statsutskottets"/><SP WIDTH="29" VPOS="1156" HPOS="1134"/>
							<String ID="string_90" HPOS="1163" VPOS="1161" WIDTH="157" HEIGHT="46" WC="0.96" CONTENT="vägnar."/>
						</TextLine>
					</TextBlock>
				</ComposedBlock>
				<ComposedBlock ID="cblock_5" HPOS="798" VPOS="1260" WIDTH="469" HEIGHT="39">
					<TextBlock ID="block_6" HPOS="798" VPOS="1260" WIDTH="469" HEIGHT="39">
						<TextLine ID="line_13" HPOS="798" VPOS="1260" WIDTH="469" HEIGHT="39">
							<String ID="string_91" HPOS="798" VPOS="1260" WIDTH="114" HEIGHT="38" WC="0.95" CONTENT="CHR."/><SP WIDTH="30" VPOS="1260" HPOS="912"/>
							<String ID="string_92" HPOS="942" VPOS="1261" WIDTH="325" HEIGHT="38" WC="0.95" CONTENT="LUNDEBERG."/>
						</TextLine>
					</TextBlock>
				</ComposedBlock>
				<ComposedBlock ID="cblock_6" HPOS="819" VPOS="1525" WIDTH="441" HEIGHT="42">
					<TextBlock ID="block_7" HPOS="819" VPOS="1525" WIDTH="441" HEIGHT="42">
						<TextLine ID="line_14" HPOS="819" VPOS="1525" WIDTH="441" HEIGHT="42">
							<String ID="string_93" HPOS="819" VPOS="1525" WIDTH="441" HEIGHT="42" WC="0.95" CONTENT="Reservationer:"/>
						</TextLine>
					</TextBlock>
				</ComposedBlock>
				<ComposedBlock ID="cblock_7" HPOS="238" VPOS="1626" WIDTH="1590" HEIGHT="107">
					<TextBlock ID="block_8" HPOS="238" VPOS="1626" WIDTH="1590" HEIGHT="107">
						<TextLine ID="line_15" HPOS="367" VPOS="1626" WIDTH="1461" HEIGHT="55">
							<String ID="string_94" HPOS="367" VPOS="1626" WIDTH="65" HEIGHT="37" WC="0.96" CONTENT="vid"/><SP WIDTH="35" VPOS="1626" HPOS="432"/>
							<String ID="string_95" HPOS="467" VPOS="1630" WIDTH="168" HEIGHT="45" WC="0.93" CONTENT="punkten"/><SP WIDTH="42" VPOS="1630" HPOS="635"/>
							<String ID="string_96" HPOS="677" VPOS="1630" WIDTH="59" HEIGHT="35" WC="0.85" CONTENT="3:0"/><SP WIDTH="40" VPOS="1630" HPOS="736"/>
							<String ID="string_97" HPOS="776" VPOS="1628" WIDTH="37" HEIGHT="50" WC="0.86" CONTENT="b)"/><SP WIDTH="31" VPOS="1628" HPOS="813"/>
							<String ID="string_98" HPOS="844" VPOS="1629" WIDTH="211" HEIGHT="51" WC="0.96" CONTENT="(angående"/><SP WIDTH="43" VPOS="1629" HPOS="1055"/>
							<String ID="string_99" HPOS="1098" VPOS="1631" WIDTH="135" HEIGHT="50" WC="0.96" CONTENT="anslag"/><SP WIDTH="28" VPOS="1631" HPOS="1233"/>
							<String ID="string_100" HPOS="1261" VPOS="1632" WIDTH="58" HEIGHT="37" WC="0.97" CONTENT="för"/><SP WIDTH="28" VPOS="1632" HPOS="1319"/>
							<String ID="string_101" HPOS="1347" VPOS="1631" WIDTH="243" HEIGHT="38" WC="0.95" CONTENT="anordnande"/><SP WIDTH="29" VPOS="1631" HPOS="1590"/>
							<String ID="string_102" HPOS="1619" VPOS="1632" WIDTH="41" HEIGHT="37" WC="0.93" CONTENT="af"/><SP WIDTH="24" VPOS="1632" HPOS="1660"/>
							<String ID="string_103" HPOS="1684" VPOS="1633" WIDTH="144" HEIGHT="38" WC="0.92" CONTENT="arbets-"/>
						</TextLine>
						<TextLine ID="line_16" HPOS="238" VPOS="1679" WIDTH="597" HEIGHT="54">
							<String ID="string_104" HPOS="238" VPOS="1679" WIDTH="211" HEIGHT="37" WC="0.95" CONTENT="statistiska"/><SP WIDTH="28" VPOS="1679" HPOS="449"/>
							<String ID="string_105" HPOS="477" VPOS="1680" WIDTH="358" HEIGHT="53" WC="0.95" CONTENT="undersökningar):"/>
						</TextLine>
					</TextBlock>
				</ComposedBlock>
				<ComposedBlock ID="cblock_8" HPOS="367" VPOS="1732" WIDTH="1370" HEIGHT="56">
					<TextBlock ID="block_9" HPOS="367" VPOS="1732" WIDTH="1370" HEIGHT="56">
						<TextLine ID="line_17" HPOS="367" VPOS="1732" WIDTH="1370" HEIGHT="56">
							<String ID="string_106" HPOS="367" VPOS="1732" WIDTH="39" HEIGHT="36" WC="0.96" CONTENT="af"/><SP WIDTH="26" VPOS="1732" HPOS="406"/>
							<String ID="string_107" HPOS="432" VPOS="1733" WIDTH="86" HEIGHT="37" WC="0.93" CONTENT="herr"/><SP WIDTH="28" VPOS="1733" HPOS="518"/>
							<String ID="string_108" HPOS="546" VPOS="1735" WIDTH="46" HEIGHT="35" WC="0.92" CONTENT="E."/><SP WIDTH="30" VPOS="1735" HPOS="592"/>
							<String ID="string_109" HPOS="622" VPOS="1735" WIDTH="191" HEIGHT="49" WC="0.91" CONTENT="Fränckel,"/><SP WIDTH="30" VPOS="1735" HPOS="813"/>
							<String ID="string_110" HPOS="843" VPOS="1749" WIDTH="81" HEIGHT="23" WC="0.96" CONTENT="som"/><SP WIDTH="29" VPOS="1749" HPOS="924"/>
							<String ID="string_111" HPOS="953" VPOS="1741" WIDTH="134" HEIGHT="44" WC="0.87" CONTENT="ansett,"/><SP WIDTH="30" VPOS="1741" HPOS="1087"/>
							<String ID="string_112" HPOS="1117" VPOS="1742" WIDTH="56" HEIGHT="31" WC="0.96" CONTENT="att"/><SP WIDTH="27" VPOS="1742" HPOS="1173"/>
							<String ID="string_113" HPOS="1200" VPOS="1738" WIDTH="187" HEIGHT="36" WC="0.96" CONTENT="utskottet"/><SP WIDTH="27" VPOS="1738" HPOS="1387"/>
							<String ID="string_114" HPOS="1414" VPOS="1738" WIDTH="85" HEIGHT="36" WC="0.91" CONTENT="bort"/><SP WIDTH="28" VPOS="1738" HPOS="1499"/>
							<String ID="string_115" HPOS="1527" VPOS="1738" WIDTH="210" HEIGHT="50" WC="0.91" CONTENT="hemställa,"/>
						</TextLine>
					</TextBlock>
				</ComposedBlock>
				<ComposedBlock ID="cblock_9" HPOS="635" VPOS="1841" WIDTH="1195" HEIGHT="102">
					<TextBlock ID="block_10" HPOS="635" VPOS="1841" WIDTH="1195" HEIGHT="102">
						<TextLine ID="line_18" HPOS="766" VPOS="1841" WIDTH="1064" HEIGHT="52">
							<String ID="string_116" HPOS="766" VPOS="1845" WIDTH="65" HEIGHT="43" WC="0.96" CONTENT="att,"/><SP WIDTH="22" VPOS="1845" HPOS="831"/>
							<String ID="string_117" HPOS="853" VPOS="1841" WIDTH="85" HEIGHT="36" WC="0.96" CONTENT="med"/><SP WIDTH="19" VPOS="1841" HPOS="938"/>
							<String ID="string_118" HPOS="957" VPOS="1841" WIDTH="207" HEIGHT="50" WC="0.96" CONTENT="anledning"/><SP WIDTH="19" VPOS="1841" HPOS="1164"/>
							<String ID="string_119" HPOS="1183" VPOS="1842" WIDTH="41" HEIGHT="37" WC="0.96" CONTENT="af"/><SP WIDTH="16" VPOS="1842" HPOS="1224"/>
							<String ID="string_120" HPOS="1240" VPOS="1842" WIDTH="138" HEIGHT="50" WC="0.96" CONTENT="Kongl."/><SP WIDTH="18" VPOS="1842" HPOS="1378"/>
							<String ID="string_121" HPOS="1396" VPOS="1842" WIDTH="128" HEIGHT="51" WC="0.95" CONTENT="Maj:ts"/><SP WIDTH="15" VPOS="1842" HPOS="1524"/>
							<String ID="string_122" HPOS="1539" VPOS="1843" WIDTH="291" HEIGHT="50" WC="0.95" CONTENT="ifrågavarande"/>
						</TextLine>
						<TextLine ID="line_19" HPOS="635" VPOS="1891" WIDTH="494" HEIGHT="52">
							<String ID="string_123" HPOS="635" VPOS="1891" WIDTH="156" HEIGHT="50" WC="0.96" CONTENT="förslag,"/><SP WIDTH="30" VPOS="1891" HPOS="791"/>
							<String ID="string_124" HPOS="821" VPOS="1893" WIDTH="219" HEIGHT="50" WC="0.96" CONTENT="Riksdagen"/><SP WIDTH="28" VPOS="1893" HPOS="1040"/>
							<String ID="string_125" HPOS="1068" VPOS="1897" WIDTH="61" HEIGHT="33" WC="0.96" CONTENT="må"/>
						</TextLine>
					</TextBlock>
				</ComposedBlock>
				<ComposedBlock ID="cblock_10" HPOS="636" VPOS="2003" WIDTH="1195" HEIGHT="205">
					<TextBlock ID="block_11" HPOS="765" VPOS="2003" WIDTH="98" HEIGHT="32">
						<TextLine ID="line_20" HPOS="765" VPOS="2003" WIDTH="98" HEIGHT="32">
							<String ID="string_126" HPOS="765" VPOS="2003" WIDTH="98" HEIGHT="32" WC="0.96" CONTENT="samt"/>
						</TextLine>
					</TextBlock>
					<TextBlock ID="block_12" HPOS="636" VPOS="2050" WIDTH="1195" HEIGHT="158">
						<TextLine ID="line_21" HPOS="764" VPOS="2050" WIDTH="1067" HEIGHT="49">
							<String ID="string_127" HPOS="764" VPOS="2050" WIDTH="37" HEIGHT="49" WC="0.91" CONTENT="b)"/><SP WIDTH="41" VPOS="2050" HPOS="801"/>
							<String ID="string_128" HPOS="842" VPOS="2051" WIDTH="60" HEIGHT="36" WC="0.92" CONTENT="för"/><SP WIDTH="42" VPOS="2051" HPOS="902"/>
							<String ID="string_129" HPOS="944" VPOS="2051" WIDTH="335" HEIGHT="39" WC="0.90" CONTENT="åstadkommande"/><SP WIDTH="44" VPOS="2051" HPOS="1279"/>
							<String ID="string_130" HPOS="1323" VPOS="2054" WIDTH="39" HEIGHT="36" WC="0.96" CONTENT="af"/><SP WIDTH="34" VPOS="2054" HPOS="1362"/>
							<String ID="string_131" HPOS="1396" VPOS="2067" WIDTH="48" HEIGHT="23" WC="0.87" CONTENT="en"/><SP WIDTH="41" VPOS="2067" HPOS="1444"/>
							<String ID="string_132" HPOS="1485" VPOS="2054" WIDTH="297" HEIGHT="37" WC="0.87" CONTENT="arbetsstatistik"/><SP WIDTH="28" VPOS="2054" HPOS="1782"/>
							<String ID="string_133" HPOS="1810" VPOS="2058" WIDTH="21" HEIGHT="34" WC="0.89" CONTENT="å"/>
						</TextLine>
						<TextLine ID="line_22" HPOS="637" VPOS="2102" WIDTH="1194" HEIGHT="52">
							<String ID="string_134" HPOS="637" VPOS="2106" WIDTH="107" HEIGHT="33" WC="0.96" CONTENT="extra"/><SP WIDTH="29" VPOS="2106" HPOS="744"/>
							<String ID="string_135" HPOS="773" VPOS="2107" WIDTH="75" HEIGHT="32" WC="0.96" CONTENT="stat"/><SP WIDTH="28" VPOS="2107" HPOS="848"/>
							<String ID="string_136" HPOS="876" VPOS="2102" WIDTH="58" HEIGHT="38" WC="0.96" CONTENT="för"/><SP WIDTH="29" VPOS="2102" HPOS="934"/>
							<String ID="string_137" HPOS="963" VPOS="2107" WIDTH="41" HEIGHT="33" WC="0.96" CONTENT="år"/><SP WIDTH="31" VPOS="2107" HPOS="1004"/>
							<String ID="string_138" HPOS="1035" VPOS="2105" WIDTH="96" HEIGHT="36" WC="0.96" CONTENT="1903"/><SP WIDTH="31" VPOS="2105" HPOS="1131"/>
							<String ID="string_139" HPOS="1162" VPOS="2105" WIDTH="131" HEIGHT="38" WC="0.93" CONTENT="anvisa"/><SP WIDTH="28" VPOS="2105" HPOS="1293"/>
							<String ID="string_140" HPOS="1321" VPOS="2107" WIDTH="139" HEIGHT="47" WC="0.92" CONTENT="20,000"/><SP WIDTH="19" VPOS="2107" HPOS="1460"/>
							<String ID="string_141" HPOS="1479" VPOS="2106" WIDTH="140" HEIGHT="38" WC="0.97" CONTENT="kronor"/><SP WIDTH="19" VPOS="2106" HPOS="1619"/>
							<String ID="string_142" HPOS="1638" VPOS="2107" WIDTH="69" HEIGHT="37" WC="0.93" CONTENT="och"/><SP WIDTH="20" VPOS="2107" HPOS="1707"/>
							<String ID="string_143" HPOS="1727" VPOS="2108" WIDTH="104" HEIGHT="36" WC="0.92" CONTENT="med-"/>
						</TextLine>
						<TextLine ID="line_23" HPOS="636" VPOS="2154" WIDTH="1195" HEIGHT="54">
							<String ID="string_144" HPOS="636" VPOS="2154" WIDTH="118" HEIGHT="49" WC="0.96" CONTENT="gifva,"/><SP WIDTH="31" VPOS="2154" HPOS="754"/>
							<String ID="string_145" HPOS="785" VPOS="2159" WIDTH="55" HEIGHT="32" WC="0.93" CONTENT="att"/><SP WIDTH="28" VPOS="2159" HPOS="840"/>
							<String ID="string_146" HPOS="868" VPOS="2158" WIDTH="20" HEIGHT="33" WC="0.93" CONTENT="å"/><SP WIDTH="28" VPOS="2158" HPOS="888"/>
							<String ID="string_147" HPOS="916" VPOS="2155" WIDTH="104" HEIGHT="38" WC="0.95" CONTENT="detta"/><SP WIDTH="29" VPOS="2155" HPOS="1020"/>
							<String ID="string_148" HPOS="1049" VPOS="2156" WIDTH="137" HEIGHT="51" WC="0.96" CONTENT="anslag"/><SP WIDTH="25" VPOS="2156" HPOS="1186"/>
							<String ID="string_149" HPOS="1211" VPOS="2158" WIDTH="306" HEIGHT="50" WC="0.92" CONTENT="uppkommande"/><SP WIDTH="20" VPOS="2158" HPOS="1517"/>
							<String ID="string_150" HPOS="1537" VPOS="2159" WIDTH="213" HEIGHT="37" WC="0.91" CONTENT="öfverskott"/><SP WIDTH="19" VPOS="2159" HPOS="1750"/>
							<String ID="string_151" HPOS="1769" VPOS="2163" WIDTH="62" HEIGHT="34" WC="0.97" CONTENT="må"/>
						</TextLine>
					</TextBlock>
				</ComposedBlock>
				<ComposedBlock ID="cblock_11" HPOS="634" VPOS="2206" WIDTH="1197" HEIGHT="99">
					<TextBlock ID="block_13" HPOS="634" VPOS="2206" WIDTH="1197" HEIGHT="99">
						<TextLine ID="line_24" HPOS="634" VPOS="2206" WIDTH="1197" HEIGHT="54">
							<String ID="string_152" HPOS="634" VPOS="2206" WIDTH="121" HEIGHT="37" WC="0.96" CONTENT="under"/><SP WIDTH="28" VPOS="2206" HPOS="755"/>
							<String ID="string_153" HPOS="783" VPOS="2210" WIDTH="41" HEIGHT="33" WC="0.96" CONTENT="år"/><SP WIDTH="31" VPOS="2210" HPOS="824"/>
							<String ID="string_154" HPOS="855" VPOS="2209" WIDTH="97" HEIGHT="36" WC="0.95" CONTENT="1904"/><SP WIDTH="28" VPOS="2209" HPOS="952"/>
							<String ID="string_155" HPOS="980" VPOS="2209" WIDTH="58" HEIGHT="36" WC="0.95" CONTENT="för"/><SP WIDTH="28" VPOS="2209" HPOS="1038"/>
							<String ID="string_156" HPOS="1066" VPOS="2209" WIDTH="64" HEIGHT="37" WC="0.96" CONTENT="det"/><SP WIDTH="28" VPOS="2209" HPOS="1130"/>
							<String ID="string_157" HPOS="1158" VPOS="2210" WIDTH="86" HEIGHT="37" WC="0.96" CONTENT="med"/><SP WIDTH="30" VPOS="2210" HPOS="1244"/>
							<String ID="string_158" HPOS="1274" VPOS="2211" WIDTH="173" HEIGHT="49" WC="0.92" CONTENT="anslaget"/><SP WIDTH="27" VPOS="2211" HPOS="1447"/>
							<String ID="string_159" HPOS="1474" VPOS="2212" WIDTH="157" HEIGHT="36" WC="0.91" CONTENT="afsedda"/><SP WIDTH="24" VPOS="2212" HPOS="1631"/>
							<String ID="string_160" HPOS="1655" VPOS="2212" WIDTH="176" HEIGHT="37" WC="0.96" CONTENT="ändamål"/>
						</TextLine>
						<TextLine ID="line_25" HPOS="636" VPOS="2259" WIDTH="208" HEIGHT="46">
							<String ID="string_161" HPOS="636" VPOS="2259" WIDTH="208" HEIGHT="46" WC="0.96" CONTENT="användas;"/>
						</TextLine>
					</TextBlock>
				</ComposedBlock>
				<ComposedBlock ID="cblock_12" HPOS="1873" VPOS="502" WIDTH="180" HEIGHT="32">
					<TextBlock ID="block_14" HPOS="1873" VPOS="502" WIDTH="180" HEIGHT="32">
						<TextLine ID="line_26" HPOS="1873" VPOS="502" WIDTH="180" HEIGHT="32">
							<String ID="string_162" HPOS="1873" VPOS="502" WIDTH="180" HEIGHT="32" WC="0.91" CONTENT="yrtidstillägg."/>
						</TextLine>
					</TextBlock>
				</ComposedBlock>
				<ComposedBlock ID="cblock_13" HPOS="1907" VPOS="538" WIDTH="94" HEIGHT="47">
					<TextBlock ID="block_15" HPOS="1907" VPOS="538" WIDTH="94" HEIGHT="47">
						<TextLine ID="line_27" HPOS="1907" VPOS="538" WIDTH="94" HEIGHT="47">
							<String ID="string_163" HPOS="1907" VPOS="538" WIDTH="94" HEIGHT="47" WC="0.88" CONTENT="[27.]"/>
						</TextLine>
					</TextBlock>
				</ComposedBlock>
			</PrintSpace>
		</Page>
	</Layout>
</alto>
