2206 2643
430 178 41 30 44
894 179 249 31 Statsutskottets
1174 179 166 31 Utlåtande
1366 180 60 31 N:o
1449 183 28 30 8.

386 257 167 50 insigten
582 271 60 23 om
672 257 109 37 dessa
810 258 205 50 spörsmåls
1044 258 321 52 utomordentliga
1393 260 82 50 vigt
1504 261 70 37 och
1595 261 196 50 betydelse
1806 261 59 38 för
1881 275 97 23 sam-

387 309 117 38 hället
532 309 68 38 allt
627 324 80 23 mer
735 312 105 49 gjort
868 311 70 37 och
966 312 149 38 komme
1146 317 54 33 att
1227 318 95 44 göra
1342 313 61 50 sig
1418 313 188 50 gällande.
1649 314 80 37 Allt
1744 314 100 38 hvad
1859 314 120 37 under

386 363 72 36 den
485 363 232 50 föregående
746 364 283 50 behandlingen
1058 366 40 37 af
1123 365 134 50 frågan
1286 379 59 23 om
1362 367 344 37 arbetsstatistiken
1721 368 101 37 inför
1838 367 139 50 Kongl.

388 416 104 50 Maj:t
534 417 68 35 och
643 416 220 50 Riksdagen
904 423 139 44 yttrats
1084 419 159 37 rörande
1286 420 308 37 önskvärdheten
1635 425 54 32 att
1731 421 93 37 söka
1856 420 123 38 åstad-

385 468 153 37 komma
566 473 54 32 ett
649 470 204 37 statistiskt
882 471 182 48 material,
1095 471 142 50 egnadt
1266 477 56 31 att
1349 472 107 49 gifva
1485 486 47 24 en
1559 473 11 36 i
1600 473 73 37 alla
1702 473 219 48 afseenden,
1938 476 41 34 så

387 521 80 37 vidt
495 522 161 49 möjligt,
686 522 228 51 fullständig
941 523 141 38 inblick
1110 524 11 36 i
1150 524 109 37 dessa
1287 524 277 50 förhållanden,
1595 526 97 49 egde
1721 527 147 37 således
1887 527 91 36 fort-

386 574 157 37 farande
585 575 70 37 och
690 575 64 37 det
780 576 12 36 i
821 580 101 32 ännu
951 577 120 49 högre
1100 577 95 50 grad
1223 582 47 32 än
1298 578 102 36 förut
1427 578 193 50 giltighet.
1675 579 56 37 Då
1760 580 45 37 de
1835 580 143 37 arbets-

386 627 212 38 statistiska
626 628 342 50 undersökningar,
999 630 57 36 till
1084 630 131 37 hvilka
1243 630 123 38 medel
1395 631 40 36 af
1457 631 221 50 Riksdagen
1695 632 179 49 anvisats,
1891 632 87 37 med

386 682 40 33 år
470 681 97 34 1902
613 681 147 36 komme
803 686 54 31 att
891 682 170 48 afslutas,
1089 683 101 48 finge
1219 682 111 37 dessa
1357 684 342 48 undersökningar,
1729 698 80 23 som
1839 685 47 36 då
1914 688 64 46 på-

384 735 85 47 gått
505 732 120 37 under
659 732 131 51 loppet
820 733 40 38 af
885 747 65 24 sex
980 737 50 46 år,
1061 748 110 25 anses
1200 734 113 38 hafva
1342 735 71 50 fylt
1441 736 72 37 den
1541 736 167 51 uppgift,
1737 736 58 38 för
1822 736 156 39 hvilken

385 785 57 48 de,
486 785 229 38 åtminstone
757 786 133 49 delvis,
933 788 100 36 varit
1075 788 167 48 afsedda,
1276 788 93 37 eller
1397 793 55 32 att
1479 803 139 36 genom
1647 790 74 37 den
1750 790 226 48 erfarenhet,

385 851 80 23 som
506 838 64 37 vid
605 838 109 37 deras
742 839 250 38 utarbetande
1021 840 218 48 inhemtats,
1269 841 200 37 förbereda
1498 842 69 36 och
1594 843 231 50 möjliggöra
1854 857 48 23 en
1929 846 49 47 på

383 890 138 37 fastare
550 892 170 48 grunder
747 891 133 51 byggd
910 893 212 50 anordning
1151 894 41 36 af
1216 894 73 37 den
1318 895 339 37 arbetsstatistiska
1672 896 304 37 verksamheten.

384 943 74 37 Vid
487 943 135 37 sådant
649 944 237 38 förhållande
916 951 131 44 syntes
1075 946 64 37 det
1167 946 417 50 departementschefen
1602 948 70 37 ock
1692 948 91 37 böra
1803 954 173 44 antagas,

383 1001 54 31 att
464 1001 99 32 rätta
590 996 231 51 tidpunkten
850 1012 50 23 nu
931 1012 90 24 vore
1050 999 87 37 inne
1167 1004 55 32 att
1251 1002 39 34 åt
1318 1000 123 37 denna
1468 1001 243 37 verksamhet
1731 1002 92 37 söka
1838 1001 140 38 bereda

384 1062 47 23 en
460 1049 139 37 fastare
642 1050 270 50 organisation.
968 1052 133 49 Enligt
1134 1052 72 37 den
1234 1053 88 49 plan
1351 1053 140 49 härför,
1522 1067 80 23 som
1630 1068 51 23 nu
1710 1054 202 50 framlagts
1941 1055 41 36 af

383 1101 117 38 förste
529 1101 199 39 aktuarien
756 1107 20 33 å
805 1104 346 50 kommerskollegii
1180 1105 206 38 statistiska
1415 1106 209 50 afdelning,
1646 1107 122 37 skulle
1784 1107 45 38 de
1846 1108 131 37 social-

383 1154 211 37 statistiska
635 1156 332 48 publikationerna
1009 1162 157 44 utgöras
1208 1158 80 36 dels
1317 1159 41 35 af
1382 1171 47 23 en
1456 1159 209 49 periodiskt
1693 1161 283 46 utkommande,

383 1219 102 24 mera
527 1207 156 37 allmänt
725 1208 113 37 social
879 1209 180 48 tidskrift,
1094 1209 79 37 dels
1203 1210 40 36 af
1267 1210 487 50 specialundersökningar,
1784 1211 192 38 fördelade

381 1258 12 36 i
422 1261 64 34 två
526 1272 179 38 grupper,
744 1261 73 36 den
846 1275 70 23 ena
945 1262 233 37 omfattande
1207 1263 85 36 med
1320 1263 264 49 regelbundna
1612 1264 239 38 mellantider
1880 1268 96 33 åter-

381 1311 229 38 kommande
651 1313 283 49 publikationer
976 1315 70 36 och
1088 1314 73 37 den
1203 1315 116 37 andra
1361 1329 102 24 mera
1490 1316 195 50 tillfälliga
1711 1317 264 49 utredningar,

383 1377 81 23 som
492 1363 235 39 verkstäldes
756 1366 98 37 blott
881 1366 59 37 för
969 1380 47 23 en
1044 1366 91 37 eller
1165 1381 125 23 annan
1319 1370 116 47 gång.
1493 1368 256 38 Insamlandet
1778 1370 42 36 af
1844 1370 46 36 de
1919 1370 58 36 för

383 1416 333 38 socialstatistiken
758 1419 249 49 erforderliga
1047 1419 388 51 primäruppgifterna
1477 1420 132 49 skulle,
1653 1421 66 37 allt
1760 1422 97 36 efter
1899 1435 77 23 om-

383 1469 326 50 ständigheterna,
740 1471 66 37 ske
834 1485 139 36 genom
1003 1472 185 37 särskilde
1217 1472 57 37 för
1303 1473 213 37 ändamålet
1546 1474 170 37 anstälde
1734 1479 157 45 agenter
1907 1475 70 36 och

383 1521 352 50 korrespondenter,
780 1524 158 36 medelst
979 1525 192 36 anlitande
1210 1525 40 36 af
1274 1526 117 35 redan
1419 1526 232 49 förefintliga
1680 1527 174 37 officiella
1882 1541 94 35 upp-

382 1573 128 50 gifter,
554 1574 245 39 infordrande
842 1576 40 37 af
918 1576 196 51 uppgifter
1155 1576 84 37 från
1272 1577 197 50 offentliga
1496 1579 269 49 myndigheter
1793 1584 97 33 samt
1916 1584 59 32 ut-

381 1626 194 38 sändande
617 1628 40 36 af
688 1629 299 48 frågeformulär.
1043 1630 84 36 Den
1155 1631 187 48 personal,
1372 1644 80 23 som
1482 1631 120 37 skulle
1631 1632 115 37 hafva
1776 1637 54 32 att
1857 1632 119 37 hand-

381 1679 118 49 lägga
541 1680 69 36 och
650 1681 180 37 bearbeta
872 1681 45 37 de
960 1682 341 37 arbetsstatistiska
1342 1683 190 49 frågorna,
1575 1684 123 37 skulle
1726 1685 108 36 bestå
1863 1685 41 36 af
1928 1698 48 23 en

382 1731 57 37 för
467 1732 166 37 nämnda
660 1733 128 50 frågor
817 1734 69 36 och
915 1735 374 49 näringsstatistiken
1317 1748 219 35 gemensam
1566 1736 185 50 byråchef
1763 1742 98 32 samt
1877 1737 40 37 af
1929 1751 46 23 en

382 1784 118 36 förste
530 1784 196 38 auktuarie
755 1787 69 36 och
852 1791 58 32 tre
939 1792 107 32 extra
1073 1787 186 37 biträden.
1316 1788 17 36 I
1361 1788 64 37 det
1453 1793 102 32 stora
1570 1788 84 38 hela
1670 1789 305 37 öfverenstämde

383 1836 146 37 således
571 1837 123 37 denna
734 1838 91 50 plan
865 1839 87 37 med
994 1839 84 49 den,
1122 1853 79 23 som
1231 1843 40 34 år
1302 1842 96 35 1896
1427 1840 200 50 framlagts
1655 1841 59 37 för
1743 1842 230 49 Riksdagen.

383 1888 108 37 Hvad
523 1890 170 50 anginge
709 1891 213 49 utsigterna
941 1892 58 36 för
1020 1897 54 32 ett
1088 1892 351 38 tillfredsställande
1456 1894 298 48 genomförande
1771 1895 40 36 af
1821 1895 153 49 planen,

383 1941 119 37 stälde
544 1942 61 50 sig
646 1943 170 37 deremot
853 1944 109 37 dessa
990 1958 50 23 nu
1068 1944 87 38 vida
1183 1959 268 36 gynsammare
1480 1951 48 32 än
1557 1946 57 49 då,
1644 1951 91 32 enär
1761 1960 138 36 genom
1930 1947 45 37 de

382 1993 271 39 förberedande
697 1996 338 38 arbetsstatistiska
1075 1998 381 50 undersökningarne
1497 1999 156 37 vunnits
1682 2012 57 33 en,
1770 2000 166 36 särdeles
1963 2000 12 36 i

382 2045 101 38 vissa
525 2048 216 48 afseenden,
784 2050 148 48 ganska
963 2050 59 36 rik
1050 2050 228 48 erfarenhet,
1309 2064 79 23 som
1418 2051 116 37 borde
1563 2051 127 37 kunna
1719 2053 103 49 tjena
1851 2055 123 35 såsom

383 2111 46 23 en
475 2099 108 37 säker
624 2100 189 50 grundval
854 2102 58 36 för
953 2103 73 36 den
1067 2114 75 37 nya
1181 2103 264 37 institutionen
1488 2108 56 32 att
1584 2104 130 49 bygga
1754 2108 59 46 på.
1882 2105 92 36 Häri

382 2151 197 38 äfvensom
607 2152 12 37 i
647 2153 74 36 den
758 2154 346 49 omständigheten,
1135 2159 54 32 att
1217 2168 140 37 genom
1387 2156 45 36 de
1460 2156 275 37 förberedande
1764 2157 209 36 undersök-

383 2202 187 50 ningarne
613 2205 111 37 äfven
765 2206 98 37 visat
904 2207 70 49 sig,
1018 2212 54 32 att
1112 2207 210 38 värdefulla
1359 2208 338 37 arbetsstatistiska
1725 2209 249 49 utredningar

382 2256 148 38 kunnat
560 2258 293 50 åstadkommas,
888 2265 131 44 syntes
1047 2259 108 50 ligga
1184 2274 47 23 en
1260 2261 153 49 garanti
1441 2261 58 37 för
1528 2265 54 32 att
1614 2261 73 37 den
1716 2276 77 36 nya
1821 2262 152 37 institu-

381 2308 140 49 tionen,
565 2324 80 24 som
669 2311 43 52 ju
741 2311 12 37 i
782 2311 75 38 viss
898 2315 87 35 mån
1026 2312 121 37 skulle
1188 2312 101 38 bilda
1325 2327 42 24 en
1399 2313 248 51 fortsättning
1675 2313 40 38 af
1739 2315 73 37 den
1840 2313 133 38 hittills
