2218 2652
404 156 21 29 4
854 153 359 41 Bevillningsutskottets
1238 152 199 32 betänkande
1461 152 52 31 Nr
1537 153 29 29 5.

405 246 297 45 skattebeloppen
730 245 171 35 realisera
929 248 113 32 större
1071 244 88 35 eller
1188 244 139 35 mindre
1357 244 58 34 del
1444 255 43 23 av
1513 243 156 46 bohaget
1688 241 12 35 i
1720 241 168 35 hemmet.
1933 239 68 36 Till

405 298 290 37 förekommande
739 310 42 24 av
824 299 119 34 denna
985 297 137 49 påföljd
1165 297 62 36 vill
1269 296 224 36 motionären
1535 295 81 36 från
1649 293 236 38 förevarande
1913 303 88 37 upp-

406 352 188 47 skattning
623 364 43 23 av
694 351 260 47 behållningen
973 352 211 46 undantaga
1209 351 133 35 »lösöre
1364 349 55 36 för
1439 347 197 49 personligt
1655 348 133 36 bruk».
1832 347 169 35 Emeller-

406 407 54 35 tid
488 406 212 36 förutsätter
719 406 223 35 motionären
957 406 136 47 jämväl
1113 405 134 35 sådana
1266 404 75 44 fall,
1365 404 44 35 då
1429 403 31 48 ej
1483 415 62 23 ens
1566 403 98 35 detta
1683 401 104 36 bleve
1807 400 193 48 tillfyllest,

406 461 66 35 och
514 459 149 36 föreslår
691 463 51 31 att
780 465 92 33 även
905 459 12 35 i
946 459 73 44 fall,
1051 460 45 34 då
1125 458 258 47 behållningen
1413 457 12 35 i
1454 457 93 44 boet,
1577 456 114 36 lösöre
1720 456 56 35 för
1804 454 199 47 personligt

406 513 94 36 bruk
543 513 29 48 ej
614 512 224 45 medräknat,
870 512 196 48 överstiger
1099 515 138 41 10,000
1268 511 144 43 kronor,
1444 523 80 23 men
1554 510 55 35 för
1637 508 365 47 stärbhusdelägarna

406 567 155 36 särdeles
591 567 188 35 ömmande
808 566 308 47 omständigheter
1145 565 183 48 föreligga,
1359 565 86 35 eller
1473 577 45 23 en
1548 564 175 36 avsevärd
1756 562 59 36 del
1839 575 44 22 av
1902 563 100 34 boets

406 620 210 47 behållning
658 620 115 35 skulle
802 620 143 36 komma
974 623 52 32 att
1055 622 84 45 åtgå
1167 619 55 36 till
1250 619 178 47 gäldande
1457 631 43 23 av
1529 617 98 36 skatt
1656 617 55 36 för
1740 618 70 34 den
1839 615 163 36 avlidnes

407 675 170 43 inkomst,
608 673 403 48 taxeringsmyndighet
1040 676 57 33 må
1130 673 197 47 berättigas
1356 672 166 47 medgiva
1550 670 161 48 lindring
1739 670 13 35 i
1781 670 86 35 eller
1896 668 106 36 befri-

408 729 73 35 else
524 728 82 35 från
644 728 107 36 skatt.
810 728 74 35 Det
913 733 38 29 är
980 728 137 35 således
1147 740 44 22 en
1221 727 146 47 mycket
1396 725 207 48 vittgående
1632 724 219 47 befogenhet
1882 722 120 36 motio-

408 788 111 30 nären
549 783 65 34 här
642 781 94 36 velat
764 782 106 46 lägga
898 781 13 35 i
939 782 103 34 dessa
1071 780 271 48 myndigheters
1371 780 109 35 hand.

514 835 189 36 Utskottet
745 835 63 35 vill
849 835 82 35 icke
973 834 170 44 bestrida,
1175 838 51 32 att
1262 834 64 35 fall
1365 845 44 24 av
1438 833 214 35 hithörande
1683 836 54 31 art
1767 831 234 43 förekomma,

408 891 64 34 där
522 890 44 35 de
618 890 207 34 nuvarande
878 888 314 35 bestämmelserna
1243 888 128 34 kunna
1422 887 162 35 befinnas
1635 884 366 37 otillfredsställande.

409 943 245 36 Motionärens
684 943 93 47 syfte
806 942 57 35 får
892 942 120 35 därför
1040 942 197 35 betecknas
1266 944 116 33 såsom
1413 941 11 34 i
1454 941 65 34 och
1548 940 54 35 för
1625 939 55 47 sig
1699 939 303 48 behjärtansvärt.

409 997 125 35 Redan
564 997 69 34 den
661 996 231 46 utformning
920 996 70 34 han
1019 995 93 47 givit
1140 995 78 36 sina
1242 995 135 46 förslag
1403 1001 39 28 är
1462 993 197 36 emellertid
1680 993 118 46 ägnad
1819 995 52 33 att
1891 991 115 36 väcka

409 1050 95 36 vissa
533 1050 301 47 betänkligheter.
893 1050 81 34 Vad
1003 1049 171 36 beträffar
1202 1049 60 35 det
1291 1049 205 46 föreslagna
1519 1048 225 45 undantaget
1777 1046 55 36 för
1871 1046 135 35 »lösöre

410 1104 55 36 för
484 1104 198 47 personligt
696 1103 132 44 bruk»,
852 1103 202 44 anmärkes,
1077 1105 53 33 att
1150 1104 97 34 detta
1266 1101 153 48 uttryck
1439 1101 80 35 icke
1541 1106 38 29 är
1600 1100 81 35 fullt
1696 1099 135 48 tydligt
1851 1100 66 34 och
1933 1099 73 34 kan

409 1159 81 34 leda
517 1158 55 35 till
601 1158 262 35 missförstånd.
921 1157 167 35 Rörande
1117 1156 122 36 vidare
1269 1157 70 34 den
1369 1155 202 47 föreslagna
1590 1157 121 33 rätten
1731 1154 56 35 för
1806 1152 201 47 taxerings-

410 1211 301 47 myndigheterna
741 1214 51 32 att
813 1211 94 34 efter
927 1210 251 47 gottfinnande
1204 1210 6 34 i
1231 1210 188 35 ömmande
1443 1207 271 48 undantagsfall
1734 1207 116 36 befria
1871 1206 134 36 dödsbo

410 1266 80 34 från
520 1265 234 35 förevarande
784 1264 218 47 skatteplikt
1031 1267 57 32 må
1120 1264 241 46 ifrågasättas,
1393 1275 54 23 om
1470 1275 44 22 en
1534 1263 111 34 sådan
1665 1260 205 47 anordning
1889 1260 117 35 skulle

410 1320 72 34 låta
511 1318 54 47 sig
594 1319 140 35 förenas
754 1319 82 34 med
856 1317 128 36 kravet
1005 1321 45 43 på
1066 1318 103 46 jämn
1188 1318 66 35 och
1274 1316 129 36 rättvis
1424 1315 244 46 beskattning.
1715 1314 292 47 "Tillämpningen

412 1375 111 33 måste
552 1372 113 47 enligt
694 1372 130 35 sakens
854 1374 107 32 natur
988 1371 98 36 bliva
1115 1371 137 48 ganska
1281 1371 96 35 olika
1407 1372 45 44 på
1480 1370 117 35 skilda
1625 1371 95 33 orter
1749 1368 66 36 och
1835 1368 63 35 allt
1917 1367 91 36 efter

411 1427 68 34 den
522 1426 177 35 växlande
741 1425 372 47 sammansättningen
1156 1438 43 22 av
1240 1424 271 36 vederbörande
1552 1423 145 42 nämnd,
1738 1421 174 49 varjämte
1941 1421 67 34 full

411 1480 143 47 garanti
582 1483 75 32 mot
684 1480 91 35 visst
804 1479 179 47 godtycke
1011 1479 13 34 i
1054 1479 166 35 enskilda
1248 1478 64 35 fall
1340 1478 181 46 knappast
1551 1477 117 36 skulle
1698 1476 204 35 förefinnas.

519 1534 186 35 Utskottet
732 1533 63 35 vill
823 1532 13 35 i
866 1532 117 47 övrigt
1010 1532 225 47 ifrågasätta,
1267 1544 55 22 om
1354 1532 60 35 det
1443 1536 83 31 över
1546 1531 125 35 huvud
1690 1532 99 44 taget
1810 1529 73 35 kan
1904 1540 104 24 anses

412 1587 167 47 lämpligt
608 1590 52 33 att
689 1587 54 35 för
772 1587 224 35 närvarande
1025 1586 161 47 företaga
1214 1592 111 40 några
1357 1585 251 46 förändringar
1636 1584 13 35 i
1673 1583 217 35 hithörande
1923 1584 85 34 hän-

412 1642 141 35 seende.
589 1642 168 34 Frånsett
783 1641 70 35 den
875 1652 95 23 mera
989 1640 163 35 formella
1172 1639 246 48 synpunkten,
1441 1642 52 32 att
1513 1639 43 34 de
1575 1637 167 48 gällande
1762 1637 248 47 stadgandena

412 1695 30 48 ej
488 1701 60 29 äro
592 1695 97 35 äldre
725 1700 44 29 än
799 1694 84 35 från
917 1696 111 41 1910,
1059 1694 45 35 då
1133 1694 65 34 här
1226 1692 240 37 omhandlade
1495 1691 138 36 förmån
1664 1693 38 33 så
1731 1690 197 48 väsentligt
1956 1693 53 32 ut-

411 1748 184 47 vidgades,
628 1748 63 36 vill
718 1748 181 35 utskottet
928 1747 92 35 fästa
1048 1747 372 48 uppmärksamheten
1450 1746 121 46 därpå,
1602 1748 53 32 att
1683 1745 60 35 det
1764 1743 246 48 föreliggande

412 1802 213 47 spörsmålet
667 1803 64 33 har
773 1800 58 36 sin
874 1804 130 32 största
1044 1801 186 47 betydelse
1259 1800 12 34 i
1301 1800 102 47 fråga
1432 1812 54 23 om
1516 1798 366 36 kommunalskatten.
1940 1798 67 43 Då,

412 1855 114 47 enligt
568 1856 69 34 vad
665 1855 179 36 utskottet
872 1855 189 44 inhämtat,
1094 1856 42 34 de
1166 1854 195 36 arbetande
1400 1851 610 38 kommunalskattekommitterade

413 1910 182 35 förväntas
638 1909 143 36 komma
823 1912 54 32 att
914 1908 164 36 avlämna
1107 1908 132 47 förslag
1268 1908 113 34 redan
1410 1907 95 35 inom
1536 1906 96 35 förra
1660 1906 150 35 hälvten
1839 1918 44 23 av
1912 1905 97 35 inne-

415 1964 156 34 varande
614 1965 48 42 år,
693 1974 108 36 synes
846 1963 137 35 således
1026 1963 166 47 grundad
1220 1960 198 48 anledning
1447 1973 84 23 vara
1560 1962 51 33 att
1639 1959 82 36 icke
1749 1972 51 22 nu
1829 1958 181 48 föregripa

413 2018 190 34 resultatet
645 2030 43 22 av
730 2017 104 35 deras
877 2016 131 35 arbete.
1067 2016 42 48 Ej
1155 2015 113 35 heller
1300 2015 103 35 torde
1432 2014 55 36 till
1515 2013 79 36 stöd
1623 2013 55 35 för
1706 2013 226 35 omedelbara
1961 2015 49 32 åt-

414 2071 128 46 gärder
585 2070 114 47 enligt
741 2069 243 36 motionärens
1027 2070 134 46 förslag
1202 2069 86 35 eller
1317 2067 104 48 eljest
1448 2068 13 34 i
1489 2066 240 37 motionernas
1760 2066 95 48 syfte
1884 2066 127 35 kunna

414 2124 186 47 åberopas,
632 2127 52 32 att
725 2123 206 47 därigenom
970 2126 118 45 någon
1118 2135 44 23 av
1191 2123 70 35 den
1289 2122 211 35 nuvarande
1528 2120 170 47 dyrtiden
1727 2120 174 47 betingad
1930 2120 79 34 lätt-

414 2178 73 34 nad
514 2178 12 34 i
556 2177 265 48 skattetrycket
850 2177 56 35 för
935 2177 42 36 de
1006 2177 141 35 mindre
1175 2174 227 48 bärkraftiga
1431 2175 115 35 skulle
1575 2185 85 24 vara
1690 2177 51 32 att
1770 2174 13 34 i
1811 2172 200 36 nämnvärd

416 2243 81 22 mån
528 2243 118 23 vinna.
