1864 2760
279 151 17 30 8
592 152 387 30 Jordbruksutskottets
1001 154 177 30 utlåtande
1197 164 42 20 nr
1259 156 38 29 16
1317 156 39 29 år
1376 156 83 29 1962

326 235 116 40 Enligt
462 236 75 29 min
557 237 141 39 mening
719 237 110 30 måste
851 237 165 40 förslaget
1038 241 50 27 att
1109 239 148 30 inordna
1278 239 463 40 kompletteringskurserna
1764 241 9 28 i

282 285 501 41 skogsskoleundervisningen
810 287 165 31 bedömas
1003 291 72 27 mot
1102 289 228 38 bakgrunden
1359 299 41 20 av
1427 290 269 39 möjligheterna
1724 292 50 28 att

280 335 142 39 inpassa
448 336 115 30 denna
590 337 250 39 undervisning
866 338 11 29 i
903 348 42 19 en
973 339 176 29 rationellt
1176 339 179 30 utformad
1383 340 308 39 utbildningsgång
1720 341 55 29 för

280 385 65 29 den
367 386 157 39 skogliga
544 387 349 40 yrkesutbildningen
913 388 11 29 i
944 389 80 30 dess
1045 389 126 30 helhet.
1192 390 64 38 Jag
1277 399 101 20 anser
1400 390 56 30 det
1479 390 119 29 därför
1620 400 83 20 vara
1724 400 51 20 er-

281 434 180 41 forderligt
481 438 50 28 att
549 454 43 3 —
610 437 109 29 innan
741 437 117 40 slutlig
879 438 166 40 ställning
1066 441 52 27 tas
1139 439 49 29 till
1212 439 164 40 förslaget
1396 458 43 3 —
1458 441 199 39 ytterligare
1679 442 95 29 över-

279 485 180 39 väganden
486 486 79 30 sker
589 496 55 19 om
670 488 30 38 ej
730 496 42 20 en
798 497 115 20 annan
939 488 308 40 utbildningsgång
1274 490 54 29 för
1353 490 350 40 yrkesutbildningen
1729 491 44 40 på

281 535 250 39 skogsbrukets
547 536 139 30 område
704 538 69 28 kan
789 547 82 20 vara
886 539 154 39 lämplig.
1058 539 313 39 Utgångspunkten
1389 540 54 30 för
1459 550 42 20 en
1520 541 108 29 sådan
1646 542 127 29 utbild-

279 585 194 40 ningsgång
499 585 62 31 bör
586 587 123 30 därvid
736 597 83 20 vara
845 588 250 39 grundskolan.
1124 590 115 39 Enligt
1266 592 10 29 i
1304 590 66 30 den
1399 591 139 39 nyligen
1567 592 205 29 avlämnade

278 635 262 39 propositionen
561 646 40 19 nr
621 637 41 29 54
683 646 57 20 om
761 638 229 40 reformering
1012 649 41 19 av
1074 640 65 28 den
1161 640 247 39 obligatoriska
1431 642 123 28 skolan
1577 641 195 40 framlagda

279 685 128 40 förslag
429 686 89 29 skall
539 696 41 20 en
602 697 40 19 av
663 688 42 29 de
727 688 77 39 fyra
824 689 176 38 praktiskt
1021 690 174 30 inriktade
1215 691 153 39 linjerna
1389 691 10 29 i
1421 692 240 38 grundskolan
1684 693 88 29 efter

277 735 353 33 länsskolnämndens
651 738 228 39 medgivande
901 738 36 31 få
958 740 140 39 utbytas
1119 743 71 27 mot
1211 741 85 39 linje
1318 742 117 39 9skog.
1458 742 120 29 Ehuru
1599 742 97 30 tiden
1718 743 54 29 för

278 785 401 41 skogsundervisningen
703 797 98 23 avses
823 788 46 30 bli
891 788 168 41 betydligt
1082 790 138 30 kortare
1243 791 10 29 i
1275 792 115 29 denna
1411 792 360 39 yrkesförberedande

276 835 84 39 linje
385 836 44 29 än
454 836 11 29 i
490 836 110 31 första
624 837 190 31 årskursen
839 839 10 29 i
875 840 326 39 skogsbruksskola,
1228 841 97 30 torde
1351 842 66 29 den
1444 844 9 28 i
1481 845 86 27 stort
1596 845 64 28 sett
1686 843 84 30 böra

274 885 198 39 jämställas
501 887 153 30 därmed.
684 888 245 39 Nyssnämnda
960 890 111 30 första
1100 890 154 35 årskurs,
1284 892 62 29 där
1376 893 111 38 lägsta
1516 893 255 30 inträdesålder

276 936 37 28 är
334 936 36 29 16
391 936 37 29 år
447 937 65 29 och
532 946 73 21 som
624 947 46 20 nu
689 938 168 30 omfattar
874 940 97 29 cirka
990 940 38 30 41
1050 941 124 29 veckor
1192 960 43 4 —
1254 943 39 29 22
1312 943 127 29 veckor
1458 943 166 30 teoretisk
1645 944 125 29 under-

275 985 136 39 visning
437 986 65 29 och
531 988 37 29 19
593 988 144 30 veckors
763 989 275 38 praktikskeden
1063 1009 43 2 —
1133 1001 100 29 synes
1260 993 126 29 liksom
1414 993 110 39 linjen
1552 994 107 39 9skog
1686 994 84 30 böra

275 1045 81 19 vara
379 1036 56 29 det
458 1036 111 30 första
590 1038 89 29 ledet
703 1039 9 28 i
736 1048 42 20 en
801 1039 95 39 dylik
919 1040 308 41 utbildningsgång
1252 1043 63 28 och
1339 1043 178 30 betraktas
1543 1053 73 20 som
1642 1045 128 38 grund-

274 1085 167 39 läggande
462 1087 201 38 yrkeskurs.
686 1089 58 30 Ett
766 1089 107 30 andra
893 1089 55 30 led
969 1092 10 29 i
1002 1090 113 30 denna
1137 1092 96 29 torde
1255 1093 156 30 närmast
1433 1093 84 30 böra
1540 1095 156 38 anknyta
1717 1095 50 30 till

274 1135 65 29 den
359 1137 203 30 nuvarande
583 1138 109 29 andra
712 1138 189 31 årskursen
921 1139 57 30 vid
1001 1141 324 39 skogsbruksskola.
1347 1144 67 28 För
1434 1144 137 30 inträde
1592 1144 62 30 bör
1676 1145 93 29 ford-

274 1194 54 21 ras
349 1187 261 39 genomgången
631 1189 284 39 grundläggande
935 1190 202 39 yrkeskurs.
1160 1192 280 31 Inträdesåldern
1463 1194 96 30 torde
1581 1195 83 29 böra
1686 1205 82 20 vara

272 1234 87 39 lägst
386 1236 37 29 17
449 1236 48 29 år.
522 1236 12 29 I
559 1237 308 40 utbildningsledet
891 1248 102 30 synes
1017 1240 84 30 böra
1123 1241 81 40 ingå
1226 1242 72 30 dels
1323 1252 42 20 en
1390 1244 130 29 allmän
1544 1245 95 39 linje,
1663 1246 73 29 dels
1759 1247 9 28 i

272 1285 108 30 likhet
402 1287 80 29 med
504 1288 65 29 vad
592 1297 45 20 nu
661 1288 97 31 finns
780 1290 93 29 inom
897 1291 110 29 andra
1030 1292 189 30 årskursen
1242 1293 103 40 linjer
1369 1304 74 20 som
1468 1296 37 28 är
1529 1296 238 38 specialinrik-

273 1335 77 30 tade
372 1336 44 39 på
439 1338 208 38 exempelvis
670 1339 274 39 maskinteknik,
970 1342 332 41 skogshushållning
1325 1344 83 30 eller
1432 1345 241 40 hästkörning.
1699 1347 68 29 Un-

271 1384 256 41 dervisningen,
556 1387 209 31 inberäknat
795 1390 284 38 praktikskeden,
1111 1392 61 30 bör
1202 1392 54 31 för
1287 1395 161 39 samtliga
1480 1395 104 39 linjer
1614 1406 155 29 rymmas

271 1435 92 31 inom
382 1447 42 19 en
443 1438 135 32 kurslid
598 1449 41 21 av
658 1440 39 28 42
717 1441 136 29 veckor.
874 1442 61 29 Det
954 1443 109 37 tredje
1084 1443 87 30 ledet
1191 1445 10 28 i
1223 1445 347 38 utbildningsgången
1593 1448 110 29 skulle
1725 1448 44 29 då

269 1494 81 23 vara
372 1497 41 20 en
438 1488 451 42 skogsskoleundervisning
910 1493 78 29 med
1011 1503 42 19 en
1076 1494 100 37 längd
1200 1504 42 20 av
1266 1495 95 30 cirka
1386 1497 75 30 elva
1483 1497 177 30 månader.
1685 1498 83 29 Elev

271 1546 72 20 som
369 1538 113 30 under
507 1539 102 39 något
635 1550 42 20 av
703 1541 41 29 de
771 1543 154 30 närmast
952 1543 207 40 föregående
1186 1546 82 29 åren
1295 1548 199 39 genomgått
1522 1549 129 29 allmän
1678 1550 86 40 linje

270 1587 7 28 i
301 1587 55 30 det
379 1589 111 29 andra
513 1590 339 40 utbildningsskedet
875 1593 61 30 bör
959 1594 114 30 direkt
1096 1595 121 31 kunna
1239 1597 106 30 vinna
1368 1597 147 31 inträde.
1539 1599 103 30 Detta
1666 1600 98 30 torde

269 1638 207 39 möjliggöra
491 1649 42 19 en
550 1640 10 29 i
577 1640 219 32 förhållande
814 1642 50 30 till
881 1644 65 29 vad
965 1654 74 20 som
1058 1646 105 38 gäller
1181 1646 53 30 för
1252 1647 205 40 skogsskola
1475 1649 51 29 till
1548 1650 37 29 18
1604 1650 37 29 år
1660 1651 103 29 sänkt

268 1687 236 31 minimiålder
525 1689 53 30 för
599 1691 162 30 inträdet.
783 1693 73 29 Den
877 1694 152 38 praktik,
1052 1705 73 21 som
1147 1696 99 40 ingår
1266 1698 10 28 i
1299 1698 40 30 de
1361 1698 110 30 första
1493 1700 64 28 och
1579 1701 110 29 andra
1710 1703 53 28 ut-

267 1736 289 41 bildningsleden,
582 1741 110 30 skulle
718 1742 44 30 då
785 1743 120 30 kunna
930 1754 101 21 anses
1056 1746 195 40 tillräcklig.
1277 1748 57 29 Ett
1359 1748 84 30 sista
1469 1750 53 29 led
1547 1750 10 29 i
1583 1751 66 29 den
1676 1751 87 30 skis-

268 1787 117 30 serade
420 1788 354 43 utbildningsgången
807 1792 61 30 bör
900 1803 83 21 vara
1018 1795 242 41 utbildningen
1293 1798 57 29 vid
1385 1799 376 39 skogsmästarskolan.

266 1837 91 34 Elev,
387 1847 75 21 som
492 1841 198 38 genomgått
721 1842 56 30 det
807 1844 156 30 närmast
994 1845 206 40 föregående
1231 1847 319 41 utbildningsledet,
1582 1850 62 31 bör
1675 1854 85 27 utan

266 1888 148 29 särskild
434 1890 172 39 prövning
624 1891 123 30 kunna
766 1895 99 28 antas
883 1894 58 29 vid
961 1895 375 39 skogsmästarskolan.

307 1936 126 31 Vidare
454 1939 64 29 bör
537 1940 214 31 undersökas
770 1942 223 38 möjligheten
1013 1947 49 27 att
1080 1946 58 30 vid
1159 1947 98 30 sidan
1277 1958 41 20 av
1338 1949 66 29 den
1424 1950 193 31 skisserade
1638 1952 124 30 utbild-

265 1987 238 41 ningsgången
529 1990 107 39 skapa
661 1991 294 41 förutsättningar
980 1994 55 30 för
1058 1996 326 39 yrkesverksamma
1409 2000 79 30 med
1513 2002 119 39 längre
1657 2003 103 38 prak-

264 2037 51 29 tik
338 2040 49 28 att
410 2040 170 39 genomgå
603 2041 353 40 utbildningskurser,
982 2054 75 20 som
1082 2054 57 31 ger
1163 2047 366 42 förmanskompetens
1555 2052 81 29 eller
1661 2053 98 29 kom-

261 2087 119 36 petens
403 2090 245 30 motsvarande
671 2091 67 30 den
763 2102 74 20 som
860 2093 101 31 vinns
985 2095 57 29 vid
1067 2097 200 30 nuvarande
1292 2094 467 53 skogsskoleundervisning.

263 2138 303 32 Förmanskursen
584 2141 62 29 bör
663 2151 85 21 vara
768 2153 41 20 av
828 2153 133 21 samma
981 2146 104 38 längd
1107 2157 73 19 som
1201 2148 66 29 den
1288 2149 178 31 allmänna
1485 2152 111 39 linjen
1617 2154 9 29 i
1648 2154 109 29 andra

260 2188 87 30 ledet
373 2189 10 28 i
408 2190 366 41 utbildningsgången.
800 2193 268 42 Genomgången
1094 2197 108 30 sådan
1227 2198 85 31 kurs
1337 2199 62 31 bör
1423 2201 110 39 jämte
1560 2203 197 38 specialtest

261 2237 168 41 berättiga
451 2240 51 30 till
525 2242 134 30 inträde
680 2242 11 30 i
713 2243 56 30 det
791 2244 284 41 utbildningsled,
1100 2257 72 20 som
1194 2250 196 30 motsvarar
1412 2254 202 29 nuvarande
1638 2254 118 40 skogs-

259 2287 359 43 skoleundervisning.
643 2292 59 35 De,
729 2302 74 21 som
826 2294 174 31 inhämtat
1024 2296 358 44 förmansutbildning
1406 2302 83 29 eller
1512 2306 245 29 motsvarande

259 2339 64 28 och
347 2348 75 20 som
449 2339 176 33 förvärvat
651 2342 120 40 längre
796 2345 150 38 praktik,
972 2346 63 30 bör
1060 2355 122 31 genom
1209 2349 215 39 specialkurs
1450 2352 144 32 beredas
1620 2354 137 32 tillfälle

259 2388 44 30 nå
326 2397 134 23 samma
482 2391 206 40 kompetens
712 2403 74 20 som
813 2395 74 36 den,
910 2395 118 31 vilken
1052 2399 198 39 genomgått
1275 2400 56 30 det
1355 2402 112 39 tredje
1492 2403 265 42 utbildningsle-

257 2437 67 31 det.
348 2439 222 39 Specialkurs
594 2443 112 30 skulle
730 2444 165 31 likaledes
919 2446 123 31 kunna
1065 2449 129 30 ersätta
1218 2450 150 31 särskild
1393 2455 285 37 preparandkurs
1702 2456 54 31 för
