2210 2634
701 192 340 31 Jordbruksutskottets
1065 190 163 33 utlåtande
1252 190 52 32 Nr
1328 192 49 30 56.
1779 191 19 29 3

246 271 74 35 Det
348 272 141 48 åsyftar
518 275 54 32 att
600 284 48 34 ge
677 275 53 31 ett
757 270 145 48 ganska
931 270 157 47 kraftigt
1115 270 170 48 handtag
1314 273 37 33 åt
1379 269 70 37 den
1479 268 131 37 hittills
1636 268 84 37 med
1741 273 102 32 stora

246 323 232 48 svårigheter
518 321 200 37 arbetande
760 321 444 37 torvbränsleindustrien
1247 327 97 30 samt
1384 321 187 49 förhbjälpa
1604 321 72 35 den
1704 321 56 35 till
1790 326 53 30 att

245 374 129 36 kunna
414 374 201 46 tillgodose
652 387 45 22 en
727 378 173 32 avsevärt
928 379 119 31 större
1076 374 59 35 del
1166 387 46 22 av
1239 374 147 35 landets
1417 372 271 37 bränslebehov
1717 377 47 31 än
1792 385 51 22 nu

245 431 41 31 är
316 426 113 36 fallet.
473 425 70 37 Om
572 425 104 36 detta
695 425 140 49 lyckas,
856 425 68 35 har
944 426 113 35 också
1076 425 167 47 vunnits,
1265 430 53 31 att
1337 427 82 33 vårt
1438 424 88 36 land
1545 424 11 35 i
1577 424 266 36 motsvarande

245 480 86 34 mån
360 478 71 36 blir
458 476 209 37 oberoende
696 490 45 22 av
762 477 368 48 stenkolsimporten.
1185 476 210 48 Angående
1415 476 71 36 den
1506 481 100 30 stora
1626 475 216 49 betydelsen

246 530 128 46 härav,
417 529 93 35 både
537 528 11 35 1
578 528 240 36 ekonomiskt
860 527 68 36 och
971 528 117 36 andra
1116 528 253 46 hänseenden,
1398 527 104 36 torde
1530 527 62 36 det
1620 540 91 22 vara
1740 532 103 31 över-

245 580 136 49 flödigt
409 585 54 31 att
491 579 101 36 orda.

376 631 146 37 Genom
552 637 54 30 att
635 630 243 37 kommitténs
908 631 279 48 framställning
1215 645 46 22 av
1289 630 191 49 naturliga
1508 630 81 37 skäl
1617 630 82 36 icke
1719 630 125 36 kunde

245 684 192 36 inkomma
478 683 56 36 till
576 683 140 48 Kungl.
760 682 109 50 Maj:t
910 683 126 36 förrän
1074 683 280 49 jämförelsevis
1395 688 83 31 sent
1518 682 121 36 under
1673 681 170 49 fjolårets

245 735 156 48 riksdag
442 740 98 31 samt
581 734 63 37 det
681 748 66 22 var
774 735 236 49 nödvändigt
1039 740 54 30 att
1121 735 169 36 imhämta
1319 734 44 36 de
1391 734 249 37 mtresserade
1667 734 177 48 myndig-

246 788 174 35 heternag
461 786 203 50 yttranden
706 786 167 47 däröver,
915 786 126 37 kunde
1083 786 155 37 ärendet
1278 786 84 36 icke
1403 786 214 48 föreläggas
1658 787 95 34 1916
1785 788 58 33 års

245 839 168 48 riksdag.
470 838 70 37 Om
571 838 61 36 det
659 843 48 31 än
735 841 118 33 måste
881 838 194 49 beklagas,
1105 844 54 30 att
1187 839 222 47 härigenom
1437 838 133 35 vållats
1599 843 52 30 ett
1671 840 59 33 års
1749 851 94 35 upp-

246 891 106 47 skov,
385 892 67 34 har
485 890 71 36 den
589 890 168 35 erhållna
789 890 219 48 ytterligare
1036 890 255 48 utredningen
1318 890 97 35 varit
1443 889 57 36 för
1528 889 135 48 frågan
1693 889 151 48 mycket

245 942 194 36 värdefull.
495 941 254 36 Kommitténs
779 942 145 48 förslag
953 954 112 35 synes
1094 941 98 36 hava
1220 943 12 33 i
1261 941 66 36 allt
1355 941 206 48 väsentligt
1589 943 92 33 stått
1705 940 61 48 sig
1783 941 60 35 väl

246 998 196 45 gentemot
478 993 175 47 kritiken,
692 993 70 36 och
789 994 12 35 i
828 993 100 36 vissa
966 993 102 36 delar
1101 994 69 35 har
1198 993 65 36 det
1290 993 109 36 blivit
1426 995 47 47 på
1501 997 54 31 ett
1582 992 161 49 lyckligt
1770 997 75 31 sätt

246 1045 264 50 kompletterat
538 1045 69 36 och
635 1045 134 49 belyst.
811 1045 264 48 Utredningen
1104 1058 112 37 synes
1246 1045 81 48 mig
1355 1044 123 49 ägnad
1504 1049 52 31 att
1575 1044 178 47 bibringa
1772 1044 68 36 den

246 1097 305 50 uppfattningen,
586 1101 55 32 att
676 1097 225 36 kommittén
929 1097 84 36 med
1043 1098 65 35 sitt
1135 1097 250 36 förevarande
1413 1096 145 49 förslag
1587 1096 115 48 slagit
1729 1096 38 35 in
1795 1098 49 46 på

247 1163 46 23 en
321 1150 119 48 riktig
467 1155 78 42 väg
572 1149 71 36 och
673 1154 54 31 att
755 1148 179 49 förslaget
961 1150 69 36 bör
1059 1149 84 36 med
1172 1149 63 36 det
1264 1154 167 31 snaraste
1459 1148 253 49 genomföras.

376 1201 81 37 Mot
492 1201 62 36 det
597 1201 217 48 föreslagna
856 1206 192 44 systemet,
1091 1201 134 36 sådant
1267 1201 62 36 det
1370 1201 205 48 föreligger
1611 1199 84 37 med
1725 1200 44 36 de
1798 1213 46 22 av

246 1254 223 37 kommittén
496 1253 13 36 i
537 1253 85 36 dess
662 1252 176 50 yttrande
880 1253 71 36 den
980 1255 45 34 21
1057 1253 162 37 febrnari
1250 1255 95 34 1917
1376 1253 184 47 vidtagna
1583 1252 259 48 jämkningar,

246 1319 113 36 synas
400 1305 79 48 mig
519 1305 82 36 icke
642 1307 119 46 några
800 1305 212 48 väsentliga
1045 1305 212 48 erinringar
1284 1318 91 23 vara
1403 1309 54 31 att
1484 1309 102 43 göra.
1642 1303 58 36 Då
1728 1304 116 36 saken

246 1363 101 31 ännu
389 1363 40 30 är
457 1356 177 49 oprövad,
669 1361 40 31 är
737 1356 61 36 det
826 1358 194 47 naturligt,
1049 1362 54 30 att
1131 1357 62 36 vid
1222 1357 119 48 själva
1369 1355 314 49 genomförandet
1712 1368 46 23 en
1787 1355 58 36 del

247 1409 209 36 avvikelser
497 1408 82 36 från
620 1408 138 49 planen
799 1408 129 36 kunna
968 1409 172 36 befinnas
1183 1408 254 48 fördelaktiga
1465 1408 87 36 eller
1580 1407 144 36 kanske
1751 1407 93 36 nöd-

246 1461 177 48 vändiga.
478 1460 138 36 Därför
643 1460 107 36 torde
779 1460 124 36 denna
929 1459 89 51 plan
1046 1460 83 37 icke
1160 1460 89 36 böra
1277 1474 53 22 nu
1358 1459 149 37 fastslås
1535 1460 12 35 i
1576 1459 73 36 alla
1675 1459 167 49 detaljer.

247 1513 129 49 Själva
404 1513 45 36 de
476 1512 203 49 principer,
708 1514 48 47 på
783 1513 103 36 vilka
914 1512 71 36 den
1013 1513 108 47 vilar,
1151 1525 114 36 synas
1295 1512 80 49 mig
1402 1511 205 37 emellertid
1635 1511 151 49 riktiga.

375 1564 83 37 Vad
486 1564 126 49 prisen
640 1564 192 47 beträffar,
861 1564 120 37 finner
1003 1564 71 49 jag
1102 1565 45 36 de
1176 1565 216 48 föreslagna
1420 1564 253 49 höjningarna
1701 1563 12 36 i
1741 1563 104 36 såväl

245 1616 266 50 minimipriset
539 1630 80 23 som
647 1616 272 50 maximipriset
946 1630 90 22 vara
1060 1617 84 36 med
1166 1616 150 49 hänsyn
1335 1616 54 36 till
1408 1615 219 37 nuvarande
1646 1615 199 37 förhållan-

246 1670 74 36 den
352 1669 85 36 fullt
468 1668 199 49 befogade.
723 1667 57 37 Då
812 1668 120 48 enligt
964 1668 183 49 förslaget
1181 1668 266 49 minimipriset
1475 1667 93 37 skall
1597 1667 248 36 underkastas

245 1721 163 37 revision
451 1720 78 37 före
570 1723 199 46 utgången
811 1734 45 22 av
898 1723 38 33 år
976 1722 109 45 1920,
1114 1720 74 36 kan
1217 1720 12 36 i
1258 1721 72 35 alla
1358 1720 195 36 händelser
1581 1732 46 23 en
1655 1720 190 36 eventuell

247 1772 286 49 överbetalning
561 1772 81 36 icke
671 1772 36 36 få
734 1771 91 49 lång
851 1772 251 48 varaktighet.
1157 1772 57 36 Då
1243 1772 63 36 det
1334 1785 49 23 nu
1412 1777 40 31 är
1472 1771 173 37 avsikten
1665 1777 54 30 att
1736 1771 109 36 verk-

245 1825 104 48 ligen
378 1824 91 37 söka
496 1825 37 35 få
561 1824 417 36 bränntorvindnustrien
1006 1827 48 46 på
1082 1824 124 47 fötter,
1234 1824 58 36 får
1311 1824 119 48 enligt
1448 1824 78 36 min
1547 1824 155 48 mening
1721 1829 124 30 staten

246 1877 83 36 icke
370 1877 64 36 dra
475 1877 60 48 sig
576 1876 58 36 för
667 1881 54 31 att
748 1879 141 46 påtaga
923 1876 60 48 sig
1012 1889 46 23 en
1086 1877 76 35 viss
1190 1876 92 48 risk,
1312 1889 79 23 som
1420 1877 12 35 i
1459 1876 105 48 varje
1591 1876 65 36 fall
1684 1875 97 37 dock
1810 1876 32 48 ej

247 1929 75 36 kan
349 1928 53 37 bli
430 1928 166 37 särdeles
626 1932 88 32 stor.

375 1981 251 47 Betalningen
667 1980 58 37 för
766 1986 132 31 torven
934 1980 96 36 skall
1057 1980 244 49 naturligtvis
1328 1981 12 35 i
1368 1980 117 36 första
1513 1980 101 36 hand
1642 1982 93 46 utgå
1763 1980 81 36 från

246 2032 283 38 vederbörande
570 2032 134 49 anslag
743 2032 69 37 hos
845 2032 45 36 de
918 2033 359 46 statsinstiutioner,
1306 2045 80 24 som
1415 2032 172 36 använda
1615 2032 228 37 densamma.

246 2085 85 37 Ifall
360 2085 61 36 det
449 2084 216 49 föreslagna
691 2084 331 49 prisförhållandet
1049 2085 56 35 till
1132 2085 148 36 stenkol
1298 2085 101 36 visar
1417 2085 61 48 sig
1496 2098 90 23 vara
1609 2084 237 49 någorlunda

246 2137 133 48 riktigt
422 2136 180 36 beräknat
642 2136 85 36 med
768 2136 148 49 hänsyn
956 2136 59 36 till
1056 2136 294 48 bränslevärdet,
1393 2137 121 36 skulle
1546 2136 120 47 själva
1693 2136 152 50 inköps-

247 2188 212 38 kostnaden
501 2188 57 37 för
599 2188 167 37 bränslet
800 2188 82 37 icke
910 2188 147 37 behöva
1085 2188 52 37 bli
1166 2194 173 31 avsevärt
1366 2194 119 31 större
1512 2188 64 37 vid
1604 2188 241 49 torveldning

248 2246 47 32 än
336 2241 62 36 vid
440 2240 156 49 eldning
637 2240 84 37 med
749 2240 73 36 kol.
878 2240 85 37 Men
992 2241 116 36 andra
1136 2240 173 49 utgifter,
1339 2241 151 36 särskilt
1518 2241 57 36 för
1602 2245 241 44 transporter,

247 2293 95 37 både
370 2296 20 34 å
413 2293 165 50 järnväg
606 2293 70 36 och
705 2295 20 34 å
753 2292 145 49 fordon,
927 2292 101 37 bliva
1056 2306 77 36 nog
1161 2293 134 50 dyrare
1323 2293 58 37 för
1408 2299 94 31 torv.
1557 2293 73 36 Det
1658 2298 41 31 är
1719 2292 126 38 därför
