1886 2814
494 173 289 34 Statsutskottets
806 174 180 34 utlåtande
1009 185 41 22 nr
1074 177 74 31 108.
1526 178 41 30 13

78 253 119 43 slagna
215 254 329 40 statsunderstöden,
562 255 44 33 då
625 255 40 34 de
684 255 69 34 dels
771 256 81 41 utgå
871 259 85 29 utan
977 256 111 41 någon
1107 255 135 42 hänsyn
1259 256 53 33 till
1330 256 232 41 studiebegåv-

77 298 92 48 ning,
188 299 69 33 dels
279 298 74 34 ofta
370 299 98 34 bestå
488 300 121 33 endast
631 299 9 34 i
660 299 185 42 tilldelning
867 312 44 21 av
934 300 78 33 skor
1031 299 80 34 eller
1132 300 107 33 andra
1259 300 302 42 klädespersedlar.

76 344 259 42 Överstyrelsen
355 344 128 34 erinrar
501 344 10 34 i
530 344 93 34 detta
644 344 248 42 sammanhang
908 345 134 39 därom,
1063 349 52 29 att
1134 344 186 34 kommuns
1337 348 70 31 rätt
1427 349 54 29 att
1500 344 62 34 till-

77 388 75 34 dela
168 389 184 34 understöd
370 389 11 33 i
399 388 255 43 stipendieform
673 389 74 33 icke
765 392 36 30 är
821 389 198 42 obestridlig
1037 389 62 34 och
1118 388 52 34 för
1187 390 213 33 närvarande
1419 389 141 34 föremål

75 432 51 34 för
142 433 191 43 utredning.
348 433 67 34 Vid
430 433 229 43 tilldelningen
678 446 44 21 av
739 433 318 43 statsstipendierna
1073 434 62 34 bör
1150 434 192 34 emellertid
1360 433 106 43 skälig
1481 434 80 33 hän-

77 490 62 30 syn
155 482 99 38 tagas
271 478 50 33 till
337 479 10 33 i
363 479 69 33 vad
450 479 81 33 mån
546 479 220 33 kommunala
785 479 185 33 understöd
988 479 81 42 utgå
1086 478 50 35 till
1152 490 43 22 en
1212 479 155 42 lärjunge
1380 479 81 33 eller
1477 478 83 40 icke,

77 522 11 33 i
112 523 350 34 överensstämmelse
486 523 81 33 med
591 523 68 33 den
683 522 190 41 föreskrift,
899 534 76 22 som
999 534 48 22 nu
1070 522 108 42 gäller
1203 521 224 36 beträffande
1451 521 113 34 lands-

76 566 366 43 bygdsstipendierna.

73 663 662 35 Skolortsbestämmelsen.

119 725 490 43 Skolutredningen.
642 726 19 33 I
683 726 350 33 överensstämmelse
1056 726 81 34 med
1160 738 46 22 av
1231 730 87 31 1945
1342 728 54 32 års
1419 727 141 43 riksdag

72 778 94 43 gjort
190 779 187 34 uttalande
399 778 65 35 har
486 779 312 42 skolutredningen
820 778 190 43 föreslagit,
1034 784 55 29 att
1113 780 192 34 avståndet
1327 779 79 35 från
1428 780 131 43 lärjun-

74 845 56 31 ges
147 833 135 34 hemort
300 833 50 34 till
370 833 171 35 skolorten
561 833 83 35 skall
665 846 83 22 vara
766 833 104 35 minst
889 837 19 30 5
926 833 187 41 kilometer,
1131 834 54 34 för
1205 839 54 30 att
1278 838 73 30 rätt
1368 835 51 34 till
1436 833 122 44 grund-

74 887 205 42 stipendium
302 887 84 34 skall
410 888 136 33 inträda
568 887 53 34 för
644 888 155 42 dagligen
823 887 142 34 resande
988 887 162 43 lärjunge.

119 940 385 34 Studielånenämnden
526 953 101 21 anser
648 940 183 42 naturligt,
853 945 56 29 att
932 952 75 22 som
1029 940 221 34 konsekvens
1272 940 112 34 härav
1407 940 68 34 den
1496 940 65 34 lär-

73 993 118 43 junge,
213 1006 75 21 som
310 994 63 33 bor
394 995 47 41 på
461 994 142 33 kortare
625 994 154 33 avstånd
801 993 79 34 från
901 993 190 41 skolorten,
1113 996 90 30 även
1223 1005 59 22 om
1304 993 71 34 han
1395 993 76 35 icke
1493 993 67 33 till-

73 1047 64 34 hör
155 1047 190 40 skolorten,
363 1047 87 34 skall
468 1047 127 34 räknas
615 1059 76 21 som
711 1045 351 42 »skolortslärjunge»
1082 1047 83 33 med
1183 1049 74 31 rätt
1273 1046 54 33 till
1346 1045 215 44 stipendium

74 1112 74 30 upp
165 1100 54 33 till
241 1104 66 30 340
323 1100 130 34 kronor
472 1113 81 21 men
570 1100 31 42 ej
620 1100 55 33 till
693 1099 343 43 grundstipendium.

70 1189 502 43 Behovsprövningen
603 1202 47 21 m.
674 1202 48 23 m.

115 1252 19 33 I
148 1251 96 43 fråga
260 1265 57 21 om
330 1251 339 43 behovsprövningen
685 1252 77 34 med
776 1251 82 35 flera
873 1251 125 43 frågor,
1014 1264 73 21 som
1101 1252 76 33 icke
1191 1255 158 31 närmare
1362 1252 130 34 berörts
1510 1264 44 22 av

70 1305 308 43 skolutredningen,
397 1305 63 34 har
481 1304 360 35 studielånenämnden
864 1304 112 35 anfört
998 1304 161 43 följande.

114 1376 67 33 Till
195 1376 110 42 grund
319 1376 53 34 för
385 1376 341 43 behovsprövningen
741 1376 63 34 bör
817 1376 114 42 läggas
946 1375 267 40 målsmannens,
1227 1376 194 42 respektive
1434 1375 121 34 föräld-

68 1433 121 22 rarnas
212 1421 51 33 till
288 1421 116 42 statlig
426 1421 163 33 inkomst-
613 1421 64 33 och
702 1421 343 42 förmögenhetsskatt
1069 1420 325 42 beskattningsbara
1418 1420 135 43 belopp.

68 1465 251 42 Förmögenhet
333 1466 11 33 i
360 1465 88 34 form
466 1478 44 21 av
525 1465 142 42 kapital,
684 1465 164 42 fastighet
865 1465 63 33 och
944 1465 110 42 dylikt
1069 1465 122 34 liksom
1210 1465 100 34 skuld
1329 1477 44 21 av
1390 1477 96 22 mera
1502 1466 52 32 be-

68 1509 158 43 tydande
246 1509 128 34 storlek
393 1509 61 34 bör
474 1509 171 42 därjämte
665 1509 144 34 inverka
829 1509 44 42 på
895 1508 358 43 stipendiebeloppen,
1274 1509 65 33 och
1359 1508 122 34 därvid
1500 1508 62 34 bör

68 1554 139 42 hänsyn
222 1554 102 33 också
338 1559 99 37 tagas
452 1554 52 33 till
519 1554 234 33 barnantalet.
769 1553 244 34 Resekostnad
1026 1553 63 33 bör
1102 1553 76 34 icke
1191 1553 170 34 beräknas
1378 1553 52 33 för
1445 1553 115 42 längre

70 1611 93 21 resor
184 1602 45 30 än
249 1598 54 33 till
323 1601 178 31 närmaste
521 1603 55 28 ort
597 1598 81 33 med
699 1597 110 34 sådan
828 1597 109 40 skola,
956 1609 76 21 som
1052 1596 185 42 lärjungen
1255 1596 156 34 bevistar
1431 1595 54 35 för
1504 1595 53 33 sin

69 1642 212 42 utbildning.
306 1642 335 42 Skolutredningens
665 1641 141 42 förslag,
831 1646 55 29 att
911 1641 135 34 antalet
1070 1640 104 35 enkla
1199 1653 95 21 resor
1316 1641 31 42 ej
1374 1641 63 33 bör
1461 1644 95 30 över-

70 1687 90 42 stiga
180 1687 62 40 tio,
262 1687 193 42 tillstyrkes
477 1699 45 21 av
540 1686 190 34 nämnden.
751 1686 139 42 Högsta
907 1685 155 34 kostnad
1080 1685 54 34 för
1154 1685 211 34 frukostmäl
1387 1685 63 34 bör
1469 1684 88 34 efter

70 1731 199 34 erfarenhet
288 1731 192 34 fastställas
501 1744 46 21 av
565 1731 180 34 nämnden
763 1730 54 34 för
835 1730 99 41 varje
952 1730 145 40 skolort;
1117 1730 11 33 i
1147 1729 193 34 allmänhet
1358 1742 103 30 synes
1480 1729 76 34 icke

69 1776 107 41 högre
194 1776 130 42 belopp
344 1779 45 30 än
409 1780 65 29 200
496 1775 129 33 kronor
645 1787 62 30 per
725 1776 92 32 läsår
835 1787 86 21 vara
942 1773 230 42 erforderligt.
1201 1775 8 32 I
1231 1774 99 41 fråga
1350 1786 58 21 om
1428 1773 127 42 stipen-

68 1820 98 34 dium
190 1819 54 35 för
268 1832 48 21 nu
342 1820 152 42 angivna
516 1819 191 34 kostnader
731 1819 126 34 liksom
881 1818 54 35 för
960 1819 110 33 andra
1093 1819 191 33 kostnader
1308 1819 54 33 för
1386 1819 172 42 lärjunges

68 1865 169 41 skolgång
258 1865 64 32 bör
343 1864 152 39 fastslås,
518 1869 55 28 att
594 1863 217 42 stipendium
833 1863 76 33 icke
929 1863 72 32 kan
1022 1864 86 39 utgå
1129 1863 81 33 med
1233 1862 107 42 högre
1361 1862 128 43 belopp
1511 1865 42 30 än

69 1909 42 33 de
130 1908 157 42 verkliga
305 1908 250 33 kostnaderna.

65 1995 644 44 Stipendieberättigade
735 1994 178 35 skolor.

110 2068 18 32 I
149 2067 96 42 fråga
268 2079 58 21 om
347 2067 42 33 de
410 2067 125 40 skolor,
556 2066 111 33 vilkas
689 2065 178 42 lärjungar
890 2065 99 34 skola
1009 2077 84 21 vara
1113 2065 220 43 berättigade
1354 2071 54 29 att
1429 2066 128 33 erhålla

66 2120 227 43 stipendium,
316 2120 63 34 har
400 2119 312 41 skolutredningen
734 2118 188 42 föreslagit,
946 2122 54 29 att
1023 2121 124 30 utöver
1170 2130 47 21 nu
1241 2118 315 42 stipendieberätti-

65 2174 88 41 gade
170 2173 132 34 skolors
320 2174 112 32 elever
447 2173 132 41 jämväl
595 2172 226 42 lärjungarna
838 2172 10 33 i
865 2171 215 33 folkskolans
1098 2171 75 33 icke
1189 2171 245 42 obligatoriska
1452 2172 104 41 högre

66 2226 226 41 avdelningar
311 2226 110 33 skulle
438 2226 35 32 få
492 2229 72 30 rätt
582 2230 54 28 att
654 2225 85 33 söka
757 2224 65 33 och
839 2223 128 34 erhålla
987 2223 214 42 stipendium
1219 2224 43 41 på
1281 2224 182 33 enahanda
1481 2224 73 32 vill-

64 2279 64 32 kor
145 2291 74 20 som
237 2278 119 42 övriga
372 2278 104 41 högre
494 2278 130 32 skolors
642 2276 188 42 lärjungar.

63 2364 620 42 Kostnadsberäkningar.

108 2437 476 41 Skolutredningen.
616 2435 232 42 Utredningen
871 2435 153 38 betonar,
1045 2438 51 29 att
1118 2434 41 33 de
1180 2434 151 41 verkliga
1351 2434 196 33 kostnader-

65 2505 40 20 na
126 2492 72 33 icke
219 2492 75 32 med
316 2492 110 40 någon
445 2490 80 42 grad
547 2502 44 21 av
610 2489 158 33 säkerhet
787 2489 117 32 kunna
924 2489 43 40 på
987 2487 145 33 förhand
1153 2487 179 34 beräknas.
1353 2487 194 43 Tillräcklig
