1884 2814
508 171 292 37 Statsutskottets
823 170 181 36 utlåtande
1027 181 42 24 nr
1089 173 72 32 108.
1564 171 20 30 8

95 256 54 35 för
178 254 368 45 yrkesundervisning,
572 253 157 34 centrala
757 251 315 41 verkstadsskolor,
1097 248 306 35 verkstadsskolor
1431 247 55 35 för
1513 247 70 32 viss

97 309 171 35 arbetslös
287 308 167 42 ungdom,
472 305 405 45 flygmekanikerskolan
894 305 11 33 i
924 303 175 41 Mölndal,
1117 302 274 42 sjömansskolor
1412 306 93 29 samt
1523 299 60 33 vid

94 362 145 43 folkliga
258 361 240 35 musikskolan
518 361 11 33 i
549 359 133 35 Arvika
702 359 57 34 må
779 359 85 42 utgå
883 359 82 33 med
985 358 103 41 högst
1109 360 65 31 100
1194 356 130 34 kronor
1342 368 62 30 per
1424 355 63 34 läs-
1508 354 80 34 eller

95 415 258 40 arbetsmånad;

143 480 70 40 2:0)
244 483 54 29 att
322 478 54 33 till
401 477 112 34 sådan
538 475 209 35 behövande
771 474 159 43 lärjunge
956 474 59 33 må
1040 474 87 41 utgå
1150 471 134 43 jämväl
1310 470 197 43 ersättning
1531 468 54 34 för

98 531 227 43 nödvändiga
343 543 95 22 resor
455 529 80 34 från
553 529 66 34 och
635 529 54 33 till
707 528 91 34 skol-
817 528 80 33 eller
914 527 199 39 kursorten;

144 594 70 42 3:0)
238 598 55 29 att
312 593 61 34 vid
392 590 417 44 stipendietilldelningen
829 591 38 33 så
888 589 70 34 vitt
977 587 139 43 möjligt
1136 586 176 42 enhetliga
1330 597 139 22 normer
1488 584 98 34 skola

97 647 191 42 tillämpas;

145 710 70 41 4:0)
244 713 55 29 att
321 707 193 43 stipendier
534 706 77 34 icke
632 706 87 33 böra
741 706 86 41 utgå
849 704 54 34 till
923 703 180 43 lärjungar
1125 703 12 34 i
1159 702 133 34 sådana
1312 702 133 34 klasser
1467 701 11 33 i
1499 700 86 33 läro-

99 763 88 34 verk
207 762 65 34 och
290 761 167 34 liknande
475 760 126 40 skolor,
620 772 76 21 som
714 763 181 29 motsvara
913 757 216 34 folkskolans
1148 755 132 34 klasser
1298 758 101 37 5—6;

147 825 69 41 5:0)
241 829 55 29 att
315 824 63 33 hos
398 822 133 42 Kungl.
552 821 111 42 Maj:t
683 820 141 34 anhålla
846 832 57 21 om
922 819 146 34 fortsatt
1089 818 190 42 utredning
1298 816 181 43 angående
1499 815 88 41 möj-

98 878 156 42 ligheten
279 882 55 29 att
357 876 132 34 erhålla
512 874 176 43 enhetliga
713 872 326 44 stipendiegrunder
1061 871 61 35 vid
1148 870 163 42 samtliga
1334 868 253 43 ungdomssko-

101 932 64 39 lor;
196 935 92 30 samt

145 993 70 42 6:0)
244 998 66 35 att,
333 993 118 33 därest
475 990 248 35 ovannämnda
746 989 128 43 förslag
895 989 109 34 vinna
1026 988 201 42 riksdagens
1250 987 109 40 bifall,
1384 986 145 43 vidtaga
1552 985 42 34 de

101 1046 225 43 jämkningar
353 1046 11 33 i
394 1045 44 34 de
466 1044 129 35 äskade
624 1043 342 43 stipendieanslagen
994 1040 54 35 för
1075 1041 212 41 budgetåret
1318 1039 168 43 1946/47,
1514 1050 76 21 som

100 1100 113 34 härav
240 1100 121 33 kunna
388 1097 211 40 föranledas;

148 1161 75 35 dels
248 1174 43 22 en
317 1161 97 34 inom
440 1160 112 34 första
577 1160 208 33 kammaren
811 1171 45 21 av
881 1158 80 34 herr
988 1157 131 42 Gustaf
1144 1156 173 34 Karlsson
1343 1168 47 21 m.
1416 1155 39 42 fl.
1481 1153 109 35 väckt

102 1215 138 34 motion
273 1215 43 42 (I:
331 1215 96 42 280),
456 1213 75 34 vari
561 1212 211 40 hemställts,
802 1217 55 29 att
885 1211 198 42 riksdagen,
1113 1210 82 34 med
1224 1208 99 35 bifall
1352 1209 11 34 i
1392 1208 116 43 övrigt
1536 1207 54 33 till

103 1268 134 42 Kungl.
265 1267 128 43 Maj:ts
421 1266 219 44 proposition
666 1278 42 21 nr
738 1268 77 38 183,
842 1265 113 34 måtte
982 1264 139 34 besluta
1147 1264 11 33 i
1185 1262 166 35 skrivelse
1377 1262 55 34 till
1458 1260 132 43 Kungl.

103 1322 112 42 Maj:t
239 1321 151 40 anhålla,
412 1325 56 30 att
491 1320 43 34 de
556 1319 234 43 synpunkter,
813 1331 76 21 som
912 1317 135 34 anförts
1070 1317 12 34 i
1104 1316 193 40 motionen,
1320 1315 98 35 skola
1443 1314 148 34 beaktas

103 1376 61 34 vid
185 1375 220 43 prövningen
429 1386 46 22 av
496 1372 329 43 stipendiebehovet
848 1371 63 34 hos
932 1371 179 42 lärjungar
1133 1369 62 35 vid
1216 1369 107 42 högre
1344 1368 248 34 läroanstalter

104 1433 93 30 samt
222 1428 60 34 vid
304 1427 220 43 prövningen
546 1438 46 22 av
616 1424 330 44 stipendiebehovet
969 1424 63 33 hos
1055 1424 114 33 elever
1191 1422 61 35 vid
1274 1422 117 43 yrkes-
1414 1422 66 33 och
1503 1420 88 34 folk-

102 1481 188 42 högskolor
311 1485 94 29 samt
427 1478 167 35 liknande
615 1477 259 40 läroanstalter;

150 1542 74 35 dels
251 1555 43 21 en
318 1542 97 33 inom
443 1541 110 34 andra
576 1540 209 34 kammaren
811 1551 46 22 av
881 1538 79 34 herr
987 1537 105 35 Ohlin
1117 1536 110 35 väckt
1251 1536 137 34 motion
1419 1535 63 43 (II:
1497 1534 96 43 438),

105 1597 76 34 vari
205 1595 210 40 hemställts,
439 1598 55 30 att
516 1593 186 42 riksdagen
726 1593 114 33 måtte
861 1592 138 34 besluta
1022 1604 58 21 om
1102 1603 44 21 en
1167 1590 148 42 höjning
1337 1589 73 34 dels
1432 1602 46 21 av
1500 1588 61 34 det
1582 1587 11 33 i

104 1649 133 43 Kungl.
263 1648 128 42 Maj:ts
415 1646 219 44 proposition
657 1658 42 21 nr
725 1648 63 31 183
814 1644 153 43 begärda
991 1643 159 43 anslaget
1172 1642 55 35 för
1252 1642 191 43 stipendier
1467 1642 38 34 åt
1529 1641 63 34 lär-

103 1703 129 42 jungar
250 1702 62 33 vid
332 1701 107 42 högre
458 1699 247 35 läroanstalter
726 1698 79 34 från
825 1701 20 29 4
861 1700 64 31 500
940 1700 65 31 000
1026 1697 130 33 kronor
1176 1696 53 34 till
1251 1699 18 30 5
1285 1699 64 30 000
1365 1698 65 31 000
1453 1694 140 40 kronor,

105 1768 112 21 varav
237 1755 103 42 högst
363 1758 19 30 3
398 1757 65 30 000
479 1757 65 30 000
566 1753 130 33 kronor
719 1753 59 32 må
799 1751 182 34 användas
1004 1750 53 34 till
1077 1749 293 43 behovsprövade
1393 1748 201 42 stipendier,

106 1809 73 34 dels
205 1821 46 21 av
275 1808 159 41 anslaget
457 1806 53 34 till
535 1805 192 42 stipendier
752 1804 55 34 för
833 1804 133 34 studier
988 1815 127 30 genom
1138 1802 280 42 korrespondens
1443 1802 66 33 och
1534 1800 61 33 vid

106 1861 159 34 enskilda
288 1860 190 34 realskolor
499 1858 81 34 med
602 1857 233 34 kombinerad
857 1856 251 42 undervisning
1130 1855 54 34 till
1207 1858 65 30 225
1287 1858 65 31 000
1376 1854 131 34 kronor
1529 1853 66 34 och

108 1919 56 29 att
188 1914 101 33 detta
313 1913 122 41 anslag
457 1923 58 30 ges
536 1911 216 33 karaktären
775 1922 46 21 av
843 1909 280 42 förslagsanslag;

153 1966 74 34 dels
250 1966 64 33 två
337 1963 226 44 likalydande
587 1962 186 40 motioner,
798 1962 130 33 väckta
952 1961 68 33 den
1045 1972 66 23 ena
1135 1960 96 34 inom
1255 1959 112 35 första
1389 1959 206 34 kammaren

108 2032 46 22 av
174 2020 79 33 herr
276 2017 176 35 Wahlund
472 2029 47 21 m.
541 2016 37 42 fl.
604 2016 43 42 (I:
663 2017 79 40 276)
767 2016 66 33 och
853 2015 68 33 den
942 2014 110 34 andra
1072 2013 98 34 inom
1190 2013 111 34 andra
1321 2012 207 34 kammaren
1550 2024 45 21 av

108 2073 80 33 herr
212 2072 126 33 Nilson
363 2071 10 33 i
400 2069 177 44 Spånstad
603 2081 48 21 m.
677 2068 38 42 fl.
743 2068 63 41 (II:
822 2067 94 42 428),
941 2068 11 33 i
976 2067 96 34 vilka
1096 2066 210 41 hemställts,
1331 2071 55 29 att
1411 2065 186 43 riksdagen

110 2126 60 33 vid
198 2124 213 41 behandling
437 2136 45 21 av
507 2122 132 42 Kungl.
666 2121 128 42 Maj:ts
820 2120 218 43 proposition
1063 2133 41 20 nr
1133 2123 64 31 183
1225 2120 114 33 måtte
1365 2120 164 42 medgiva
1554 2119 43 32 de

107 2177 187 43 ändringar
315 2177 11 33 i
350 2175 383 44 stipendiegrunderna,
756 2187 76 21 som
855 2175 11 33 i
888 2174 179 33 motionen
1089 2173 187 42 förordats,
1297 2173 66 33 och
1384 2173 138 34 besluta
1547 2177 53 29 att

109 2232 11 33 i
144 2231 188 40 anledning
354 2230 111 33 därav
489 2228 123 34 anvisa
633 2227 54 34 för
711 2227 210 41 budgetåret
948 2225 155 42 1946/47

155 2284 55 32 till
236 2282 198 42 Stipendier
459 2281 54 33 för
538 2280 134 34 studier
695 2291 127 30 genom
847 2278 278 42 korrespondens
1152 2278 64 32 och
1243 2277 60 34 vid
1329 2277 159 34 enskilda
1512 2276 85 33 real-

111 2337 117 33 skolor
246 2335 79 33 med
346 2333 230 34 kombinerad
597 2331 251 42 undervisning
866 2336 53 29 ett
937 2330 269 42 förslagsanslag
1224 2343 45 20 av
1291 2333 64 30 300
1371 2333 65 30 000
1457 2329 140 39 kronor;

157 2389 53 33 till
237 2386 286 42 Folkhögskolor:
549 2385 199 42 Stipendier
775 2385 37 32 åt
836 2385 113 32 elever
975 2388 52 28 ett
1052 2383 270 42 förslagsanslag
1347 2395 45 21 av
1420 2384 97 30 1430
1532 2385 65 29 000

113 2441 139 39 kronor;

157 2495 53 33 till
232 2493 241 34 Kommunala
490 2491 64 34 och
573 2489 159 35 enskilda
751 2489 170 35 anstalter
940 2489 53 33 för
1013 2487 367 44 yrkesundervisning:
1401 2486 198 43 Stipendier
