2279 2667
475 198 116 32 Ändra
614 197 214 33 Kammarens
855 196 176 43 Tillfälliga
1061 196 137 33 Utskotts
1220 196 67 41 (Nr
1312 198 33 40 5)
1374 195 167 34 Utlåtande
1566 196 50 32 Nr
1639 198 52 31 26.
1799 197 38 32 1

284 279 117 48 fallet,
430 278 150 38 tillhöra
609 278 59 37 för
688 277 213 38 ändamålet
919 277 149 37 bildade
1089 277 215 49 aktiebolag
1324 277 71 37 och
1415 276 171 38 aktierna
1606 277 31 50 ej
1661 281 65 33 äro
1747 276 136 38 ställda

284 336 21 32 å
344 331 284 48 innehafvaren,
670 331 76 36 kan
783 331 143 36 enhvar
953 344 43 23 ur
1024 330 45 36 de
1099 330 191 49 offentligt
1318 329 245 51 tillgängliga
1591 329 291 49 aktieregistron

285 385 141 37 orhålla
454 384 212 37 kännedom
695 397 61 23 om
786 383 189 37 aktiernas
1003 388 124 44 ägare.

414 438 257 35 Motionärens
701 436 146 36 önskan
875 441 54 31 att
957 449 139 35 genom
1126 436 63 36 det
1216 436 207 36 allmännas
1453 436 151 47 försorg
1632 435 38 36 få
1693 436 58 35 till
1771 436 110 36 stånd

285 504 46 23 en
372 489 205 49 utredning
620 502 60 24 om
722 488 264 50 tidningarnas
1028 487 200 50 spridning
1264 487 256 37 numeräriskt
1548 488 70 36 och
1647 487 235 50 geografiskt

283 555 113 36 synes
439 542 119 36 delvis
600 541 115 37 redan
757 555 92 22 vara
876 540 253 50 tillgodosedd
1158 554 137 35 genom
1324 540 11 36 i
1363 541 333 48 länsstyrelsernas
1726 540 155 37 femårs-

283 595 224 36 berättelser
534 594 12 36 i
575 594 133 36 sådant
738 593 176 38 afseende
934 569 316 61 förekommande
1278 593 206 50 uppgifter.
1542 592 166 37 Sålunda
1736 593 144 36 lämnas

284 647 231 49 exempelvis
543 647 59 36 för
630 646 225 37 Värmlands
885 647 69 36 och
985 645 216 49 Göteborgs
1231 646 69 36 och
1328 645 128 37 Bohus
1484 646 61 35 län
1575 646 12 35 i
1612 646 92 36 sista
1724 646 156 36 femårs-

283 699 274 37 berättelserna
585 699 167 50 följande
779 699 210 49 uppgifter:

413 753 447 63 »Tidningsspridningen
888 751 90 37 ökas
1007 750 160 50 alltjämt
1194 751 12 36 i
1234 750 113 49 länet,
1378 750 71 37 och
1469 764 87 23 man
1575 750 118 37 håller
1713 750 166 48 allmänt,

285 805 111 37 äfven
438 808 20 33 å
499 804 277 50 landsbygden,
818 817 100 35 egna
945 803 202 49 tidningar.
1203 803 56 36 Då
1288 803 63 36 dot
1379 816 112 36 synes
1519 816 93 23 vara
1639 803 41 36 af
1705 808 52 32 ett
1786 804 95 35 visst

284 858 160 36 intresse
473 857 133 47 erfara,
635 856 129 37 hvilka
792 832 194 74 tidningar
1014 861 63 31 äro
1106 854 45 38 de
1179 860 96 32 mest
1303 855 154 49 spridda
1481 855 113 37 bland
1616 855 264 48 allmänheten,

284 911 69 35 har
393 886 273 73 länsstyrelsen
700 910 130 36 därom
858 888 187 58 infordrat
1072 908 195 49 uppgifter
1296 909 83 35 från
1408 908 178 49 samtliga
1612 908 270 50 postanstalter

283 962 12 37 i
337 963 118 45 länet;
500 963 70 35 och
612 962 80 36 afse
734 962 45 36 de
820 962 68 35 här
917 961 123 37 nedan
1067 960 216 37 meddelade
1312 961 177 36 siffrorna
1517 961 45 36 de
1589 960 85 37 från
1703 960 179 49 samtliga

283 1020 157 59 postans
424 993 129 58 stalter
581 1014 12 36 i
621 1014 112 48 länet,
763 1014 85 37 med
876 1013 194 49 undantag
1098 1013 40 35 af
1164 1018 52 31 ett
1243 1013 82 36 litet
1353 1013 103 67 fåtal,
1485 1012 181 38 inkomna
1685 1013 197 49 uppgifter

285 1070 20 33 å
333 1040 411 81 prenumerantantalet
785 1067 59 35 för
884 1079 46 23 en
972 1065 56 36 del
1044 1043 223 71 ”tidningar
1294 1065 120 36 under
1443 1068 39 33 år
1513 1067 108 46 1905,
1651 1065 13 35 i
1693 1078 187 24 samman-

284 1120 104 48 hang
428 1119 181 36 hvarmed
650 1121 61 34 må
748 1118 210 47 anmärkas,
989 1122 54 32 att
1071 1131 46 23 en
1146 1095 73 59 del
1234 1117 306 49 prenumeration
1569 1118 59 36 för
1657 1130 47 24 en
1732 1117 148 48 månad,

286 1171 320 49 hufvudsakligen
647 1171 196 37 december
889 1170 148 48 månad,
1079 1170 82 36 häri
1201 1169 121 49 ingår.
1377 1169 154 37 Antalet
1571 1174 312 45 prenumeranter

284 1224 177 50 utgjorde
491 1226 35 34 å:

285 1301 267 39 Aftonbladets
582 1301 368 51 halfveckoupplaga
994 1333 2 4 .
1040 1331 447 6 memeeseesssupecssanmssn
1611 1333 62 4 ov
1707 1303 148 48 11.584.

408 1368 17 23 »
580 1355 115 36 andra
723 1354 188 49 Upplagor
960 1385 127 4 sams:
1133 1385 482 4 swear
1726 1385 1 4 >
1769 1356 85 36 458.

285 1407 415 49 Karlstadstidvingen,
731 1408 70 35 alla
829 1406 189 49 upplagor
1064 1437 343 4 =sscsseeesoc0ece0
1485 1439 50 2 0
1661 1439 2 2 -
1733 1409 123 46 5,604.

288 1460 457 49 Stockholmstidningen,
853 1459 58 36 d:0
1054 1491 49 2 oe
1263 1491 284 4 reses
1651 1491 24 4 ann
1735 1462 123 46 DA239.

285 1513 86 48 Nya
400 1512 460 49 Värmlandstidningen
837 1506 57 59 i...
926 1543 387 4 s...essswmsmsumsmussmuass
1369 1543 214 4 söners
1708 1545 1 2 —
1733 1514 125 47 4,659.

287 1564 326 50 Ansgariiposten,
643 1565 72 36 alla
743 1542 187 109 upplagor
960 1597 28 2 Ve
1020 1597 22 2 dtdr
1091 1595 12 4 IE
1183 1561 29 56 Na
1218 1561 121 56 FORSEN
1365 1597 42 2 ND
1439 1595 96 4 nte
1732 1567 126 46 4.014.

288 1617 352 49 Värmländingen
680 1649 88 4 oo.
1183 1647 154 6 a
1567 1647 2 4 |
1734 1619 125 47 2,674.

289 1670 92 37 Vårt
409 1669 99 48 land,
537 1646 74 60 alla
638 1643 168 80 upplagor
829 1647 19 58 .
880 1701 96 4 SA
1183 1701 352 4 sr
1651 1671 207 47 RDS

289 1722 171 37 Svenska
489 1721 301 49 morgonbladet,
820 1722 72 36 alla
919 1701 190 70 upplagor
1205 1753 38 4 ss
1485 1753 120 4 vintern
1735 1725 124 46 2,22.

289 1774 215 49 Göteborgs
533 1751 173 60 handels-
736 1774 70 36 och
834 1774 322 49 sjöfartstidning,
1185 1753 315 71 veckoupplagan
1523 1807 154 2 anse
1737 1777 122 46 1.424.

387 1839 18 24 »
611 1839 18 23 »
758 1839 17 24 »
991 1839 17 23 »
1185 1826 155 49 vanliga
1367 1827 216 49 upplagan
1615 1859 60 4 ......
1775 1829 85 35 680.

289 1879 172 36 Svenska
490 1878 212 49 dagbladet,
733 1879 72 36 alla
832 1879 187 87 upplagor
1070 1911 49 2 rr
1311 1911 16 2 er
1453 1911 72 4 er
1738 1881 121 46 LSU:

288 1931 155 49 Dagens
472 1932 161 47 nyheter
760 1943 17 23 »
1619 1965 60 2 aa
1721 1928 23 57 —
1776 1932 83 36 d21.

288 1984 85 49 Nya
402 1973 150 59 dagligt
582 1983 196 37 allehanda
807 1983 71 37 och
907 1944 380 88 Stockholmsbladet,
1301 1963 96 57 alla
1405 1963 203 110 upplagor
1629 2015 36 4 oe
1775 1985 84 36 509.

289 2035 240 37 Stockholms
559 2035 197 49 dagblad
730 2031 30 58 ..
894 2067 50 4 en
1774 2037 110 36 251.»

417 2129 16 22 >
452 2067 365 94 Tidningsläsningon
857 2115 69 36 har
962 2067 154 96 tilltagit
1143 2067 126 96 högst
1277 2068 90 96 bety
1380 2115 95 48 dligt
1505 2115 70 36 och
1603 2128 79 24 mer
1710 2116 70 36 och
1809 2130 79 23 mer

288 2167 260 48 undanträngt
586 2167 392 37 sockenbibliotekens
1012 2167 253 37 verksamhet.
1323 2167 49 37 Så
1399 2168 56 36 till
1485 2168 171 49 exempel
1683 2168 205 49 uppgifves

290 2225 52 31 att
373 2222 40 34 år
443 2221 98 35 1903
572 2220 353 48 prenumerationen
952 2219 102 37 inom
1081 2219 235 37 Norrvikens
1349 2220 151 49 fögderi
1528 2221 174 36 omfattat
1730 2221 158 49 tillhopa

292 2274 110 45 5,496
424 2272 206 49 exemplar,
652 2272 108 36 däraf
776 2272 129 49 belöpt
923 2275 48 46 på
990 2271 199 49 tidningen
1208 2272 122 36 Norra
1344 2272 190 37 Bohuslän
1556 2274 109 45 1,103
1683 2273 204 49 exemplar,

292 2324 216 49 Göteborgs
550 2324 185 37 Ifandels-
772 2324 68 37 och
870 2323 335 51 Sjöfartstidnings
1233 2324 207 37 veckoblad
1474 2326 119 47 1,095,
1623 2324 264 38 Aftonbladets
