2206 2608
428 211 38 30 16
804 208 411 32 Konstitutionsutskottets
1238 207 168 32 memorial
1429 208 51 32 Nr
1502 209 50 30 17.

385 288 137 37 chefen
553 287 58 37 för
643 287 405 49 civildepartementet,
1078 287 97 35 efter
1200 299 221 36 gemensam
1451 285 213 49 bereduing
1695 286 84 36 med
1806 284 183 37 cheferna

385 339 60 37 för
483 339 265 36 lantförsvars-
788 338 67 36 och
898 336 562 49 sjöförsvarsdepartementen,
1492 336 135 37 bifallit
1659 349 47 23 en
1735 349 45 23 av
1808 335 181 47 telegraf-

386 389 188 50 styrelsen
614 388 111 49 gjord
758 388 296 48 framställning,
1080 388 80 36 vari
1189 387 186 49 styrelsen
1401 387 157 37 anhållit
1586 401 59 22 om
1679 385 309 49 bemyndigande

386 447 56 30 att
479 440 162 49 uppföra
680 438 412 48 radiotelegrafstation
1133 438 62 36 vid
1236 438 213 48 Karlsborg
1475 438 13 36 i
1516 437 172 48 enlighet
1718 437 82 36 med
1828 437 74 36 den
1931 440 57 32 så-

385 491 118 37 lunda
541 490 217 49 uppgjorda
790 490 141 49 planen
966 495 96 31 samt
1098 489 204 45 hemställt,
1332 494 54 31 att
1414 488 188 48 styrelsen
1632 491 115 33 måtte
1776 487 33 49 ej
1840 487 148 36 mindre

386 541 144 37 erhålla
567 540 215 50 upplåtelse
816 554 46 22 av
904 540 76 36 den
1017 540 59 36 för
1114 539 288 48 anläggnivgen
1444 538 264 48 erforderliga,
1742 538 145 36 kronan
1916 537 73 36 till-

385 593 136 47 höriga
562 592 119 46 mark,
723 596 46 31 än
810 596 97 32 även
948 590 210 48 berättigas
1200 595 54 31 att
1291 590 143 49 inköpa
1479 589 102 46 eller,
1627 589 130 36 därest
1800 588 190 48 godvillig

386 642 374 38 överenskommelse
798 642 86 36 med
924 641 288 36 vederbörande
1250 641 33 47 ej
1313 641 129 36 kunde
1470 640 142 46 träffas,
1641 640 247 48 expropriera
1915 639 75 36 den

386 693 175 38 enskilda
587 693 195 47 tillhöriga
808 692 120 46 mark,
959 705 82 23 som
1069 692 58 36 för
1155 690 288 49 anläggningen
1472 691 253 37 erfordrades.

520 744 62 38 Uti
623 743 185 38 skrivelse
846 742 58 37 till
943 742 216 47 Konungen
1200 741 73 36 den
1315 743 46 35 28
1390 742 219 48 september
1638 742 96 35 1915
1762 740 227 37 meddelade

386 795 165 38 därefter
578 793 366 49 telegrafstyrelsen,
974 798 54 32 att
1056 793 46 36 de
1131 805 97 24 ovan
1256 792 251 37 omförmälda
1527 792 241 47 sakkunniga
1787 790 64 37 vid
1870 790 119 37 besök

387 850 20 33 å
448 846 149 49 platsen
638 845 137 46 funnit,
814 850 55 31 att
899 845 60 36 för
985 842 300 38 radiostationen
1309 843 241 36 erfordrades
1578 848 55 31 ett
1661 847 126 42 annat,
1816 846 173 32 närmare

386 897 156 47 angivet
564 896 168 45 område,
756 909 81 23 som
863 894 122 38 delvis
1009 894 120 48 ägdes
1149 906 47 24 av
1215 893 156 48 kronan,
1392 893 122 37 delvis
1534 906 46 23 av
1599 893 176 36 enskilda
1795 906 194 34 personer,

386 953 100 31 samt
523 947 228 37 hemställde
790 960 59 24 om
889 944 308 50 bemyndigande
1226 949 54 31 att
1302 944 65 36 vid
1394 944 117 49 inköp
1538 944 58 36 för
1625 944 251 37 statsverkets
1905 943 84 36 räk-

385 999 95 47 ning
520 1011 47 23 av
595 997 167 48 angivna
785 995 276 51 jordområden
1090 994 36 38 få
1154 997 124 33 såsom
1308 994 196 49 vederlag,
1533 995 164 36 förutom
1721 995 78 36 viss
1828 994 162 36 kontant

387 1048 274 50 köpeskilling,
688 1048 58 36 till
774 1047 164 48 säljarna
966 1045 87 37 med
1078 1044 224 48 äganderätt
1321 1045 169 36 överlåta
1508 1045 102 37 vissa
1629 1046 147 36 kronan
1795 1044 195 47 tillhöriga

380 1098 286 50 jordområden.
712 1096 390 50 Telegrafstyrelsens
1130 1095 175 37 anhållan
1335 1095 128 37 bifölls
1492 1109 45 23 av
1557 1095 140 49 Kungl.
1720 1096 109 48 Maj:t
1847 1108 141 35 genom

389 1150 126 37 beslut
541 1149 75 37 den
644 1151 47 35 23
720 1148 159 37 oktober
909 1149 95 35 1915
1032 1150 48 45 på
1108 1145 274 48 föredragning
1410 1159 47 23 av
1485 1146 138 37 chefen
1641 1146 59 36 för
1722 1145 267 50 civildeparte-

386 1206 156 41 mentet,
571 1199 205 38 statsrådet
803 1212 68 22 von
900 1200 142 44 Sydoiw.

518 1252 58 36 Av
614 1249 232 51 protokollet
874 1249 58 37 för
954 1247 420 38 lantförsvarsärenden
1403 1247 73 37 den
1505 1249 44 35 31
1576 1247 204 37 december
1809 1248 96 35 1915
1932 1247 57 36 in-

385 1302 149 37 hämtas
558 1301 195 47 slutligen,
780 1305 54 32 att
861 1297 588 49 fortifikationsdepartementet,
1478 1298 94 37 efter
1596 1311 46 23 av
1666 1298 324 36 kommendanten

385 1352 12 36 i
441 1352 212 48 Karlsborg
693 1351 112 49 gjord
843 1349 285 47 framställning
1167 1348 12 36 i
1208 1353 138 43 ämnet,
1377 1349 69 36 bos
1470 1348 142 49 Kungl.
1641 1348 113 49 Maj:t
1781 1348 207 48 hemställt,

387 1409 67 43 att,
496 1403 46 37 då
577 1403 76 36 den
684 1402 12 36 i
725 1401 129 48 kungl.
884 1402 133 36 brevet
1046 1400 73 37 den
1149 1400 45 35 26
1223 1412 99 25 mars
1353 1401 95 35 1915
1478 1399 199 48 angående
1705 1399 285 49 skogsfällning

386 1458 21 33 å
447 1454 95 37 visst
576 1452 154 38 område
762 1452 107 37 invid
897 1451 214 49 Karlsborg
1139 1450 57 36 för
1223 1450 239 49 anläggning
1490 1464 46 23 av
1563 1463 47 24 en
1638 1449 353 47 radiotelegrafsta-

386 1505 80 37 tion
494 1503 249 39 omförmälda
770 1503 105 37 mark
902 1503 87 36 icke
1017 1502 118 47 tagits
1163 1500 12 36 i
1204 1502 162 49 anspråk
1395 1501 58 37 för
1481 1501 63 36 det
1571 1500 169 37 avsedda
1764 1500 226 48 ändamålet,

387 1555 65 37 det
477 1554 291 50 ifrågavarande
795 1554 173 37 området
995 1556 115 33 måtte
1138 1551 176 50 upplåtas
1342 1551 57 37 till
1427 1552 165 36 exercis-
1621 1551 71 37 och
1720 1551 150 49 flygfält
1893 1557 98 31 samt

386 1612 56 32 att
483 1606 56 37 för
578 1605 136 37 sådant
752 1605 101 49 syfte
890 1603 170 38 området
1100 1603 104 47 finge
1245 1602 213 38 bibehållas
1487 1607 117 44 öppet
1632 1602 72 37 och
1733 1602 181 49 brytning
1943 1615 46 23 av

386 1657 159 37 stubbar
571 1655 198 38 därstädes
796 1655 205 48 företagas.
1044 1655 132 36 Denna
1192 1653 281 48 framställning
1491 1653 125 37 bifölls
1637 1666 46 23 av
1702 1652 141 47 Kungl.
1865 1652 123 49 Maj:t.

521 1707 47 37 Vi
612 1707 49 36 ha
705 1711 125 32 ansett
874 1704 287 49 behandlingen
1200 1718 46 23 av
1284 1704 106 36 detta
1426 1704 138 36 ärende
1606 1702 383 49 anmärkningsvärd.

385 1759 113 36 Först
537 1758 171 37 befinnes
748 1757 63 36 det
837 1755 241 48 nödvändigt
1105 1761 55 30 att
1187 1756 10 36 i
1227 1760 138 32 största
1393 1754 162 37 brådska
1579 1754 168 37 avverka
1775 1767 47 24 en
1850 1754 141 37 vacker

387 1810 73 36 och
499 1808 201 48 värdefull,
741 1808 146 36 kronan
928 1806 172 48 tillhörig
1128 1807 109 47 skog,
1266 1807 58 35 för
1352 1811 55 30 att
1435 1805 171 36 området
1636 1808 59 33 må
1723 1805 128 36 kunna
1878 1810 111 42 tagas

386 1860 12 36 i
439 1860 164 49 anspråk
643 1859 59 36 för
741 1871 46 24 en
828 1857 261 37 radiostation.
1143 1856 79 37 När
1263 1856 169 37 därefter
1473 1856 287 47 avverkningen
1800 1860 67 43 ägt
1894 1869 95 34 rum,

386 1916 156 32 utrönes
583 1910 64 37 det
687 1914 55 32 att
779 1908 171 37 området
990 1913 40 31 är
1061 1907 200 49 olämpligt
1287 1907 59 36 för
1373 1907 65 36 det
1466 1905 167 38 avsedda
1660 1905 229 47 ändamålet,
1918 1905 73 37 och

387 1961 300 37 radiostationen
728 1962 119 34 måste
886 1958 196 48 förläggas
1121 1958 56 36 till
1216 1971 123 23 annan
1368 1957 112 49 plats.
1535 1956 189 48 Slutligen
1752 1957 123 36 finner
1902 1970 88 23 man

388 2012 67 36 det
481 2014 41 34 så
542 2011 146 47 hastigt
711 2009 216 38 avverkade
952 2008 293 49 skogsområdet
1272 2007 241 51 användbart
1540 2007 56 36 till
1624 2007 163 37 exercis-
1805 2007 73 37 och
1895 2007 96 49 flyg-

387 2062 80 46 fält,
496 2062 71 37 och
594 2062 11 36 i
633 2061 134 37 sådant
794 2060 100 49 syfte
923 2060 195 48 företages
1147 2058 327 48 stubb-brytning.

520 2111 315 50 Uppenbarligen
881 2111 69 36 har
990 2109 228 37 ekonomisk
1262 2109 134 37 förlust
1436 2109 186 47 tillfogats
1665 2108 235 37 statsverket
1939 2111 49 45 på

389 2162 125 48 grund
543 2176 45 23 av
617 2163 105 36 detta
749 2162 374 47 tillvägagångssätt,
1151 2160 71 37 och
1251 2165 95 31 även
1375 2173 44 22 ur
1447 2159 117 36 andra
1592 2158 240 49 synpunkter
1856 2163 64 32 äro
1945 2159 47 36 de

388 2226 278 36 ogynnsamma
703 2212 189 48 följderna
931 2226 47 22 av
1010 2211 74 37 den
1111 2210 264 38 brådstörtade
1404 2210 411 48 skogsavverkningen
1843 2215 55 31 att
1927 2209 64 37 be-

388 2264 124 48 klaga.
565 2263 105 37 Enär
705 2263 159 37 sålunda
892 2262 159 37 ärendet
1073 2262 83 37 icke
1185 2274 115 36 synes
1329 2261 48 36 ha
1405 2260 108 37 blivit
1542 2260 86 37 med
1656 2259 226 50 erforderlig
1911 2273 79 24 om-
