<?xml version="1.0" encoding="UTF-8"?>
<alto xmlns="http://www.loc.gov/standards/alto/ns-v3#" xmlns:xlink="http://www.w3.org/1999/xlink" xmlns:xsi="http://www.w3.org/2001/XMLSchema-instance" xsi:schemaLocation="http://www.loc.gov/standards/alto/ns-v3# http://www.loc.gov/alto/v3/alto-3-0.xsd">
	<Description>
		<MeasurementUnit>pixel</MeasurementUnit>
		<sourceImageInformation>
			<fileName>/tmp/tess__bv4bmbq_input.PNG</fileName>
		</sourceImageInformation>
		<OCRProcessing ID="OCR_0">
			<ocrProcessingStep>
				<processingSoftware>
					<softwareName>tesseract 5.3.0</softwareName>
				</processingSoftware>
			</ocrProcessingStep>
		</OCRProcessing>
	</Description>
	<Layout>
		<Page WIDTH="1848" HEIGHT="2790" PHYSICAL_IMG_NR="0" ID="page_0">
			<PrintSpace HPOS="0" VPOS="0" WIDTH="1848" HEIGHT="2790">
				<ComposedBlock ID="cblock_0" HPOS="548" VPOS="162" WIDTH="1044" HEIGHT="37">
					<TextBlock ID="block_0" HPOS="548" VPOS="162" WIDTH="1044" HEIGHT="37">
						<TextLine ID="line_0" HPOS="548" VPOS="162" WIDTH="1044" HEIGHT="37">
							<String ID="string_0" HPOS="548" VPOS="162" WIDTH="253" HEIGHT="28" WC="0.91" CONTENT="Statsutskottets"/><SP WIDTH="24" VPOS="162" HPOS="801"/>
							<String ID="string_1" HPOS="825" VPOS="164" WIDTH="162" HEIGHT="27" WC="0.96" CONTENT="utlåtande"/><SP WIDTH="23" VPOS="164" HPOS="987"/>
							<String ID="string_2" HPOS="1010" VPOS="173" WIDTH="39" HEIGHT="18" WC="0.96" CONTENT="nr"/><SP WIDTH="23" VPOS="173" HPOS="1049"/>
							<String ID="string_3" HPOS="1072" VPOS="165" WIDTH="65" HEIGHT="27" WC="0.83" CONTENT="152."/><SP WIDTH="436" VPOS="165" HPOS="1137"/>
							<String ID="string_4" HPOS="1573" VPOS="170" WIDTH="19" HEIGHT="29" WC="0.62" CONTENT="3"/>
						</TextLine>
					</TextBlock>
				</ComposedBlock>
				<ComposedBlock ID="cblock_1" HPOS="101" VPOS="237" WIDTH="1491" HEIGHT="256">
					<TextBlock ID="block_1" HPOS="101" VPOS="237" WIDTH="1491" HEIGHT="256">
						<TextLine ID="line_1" HPOS="101" VPOS="237" WIDTH="1491" HEIGHT="48">
							<String ID="string_5" HPOS="101" VPOS="237" WIDTH="127" HEIGHT="29" WC="0.92" CONTENT="blemet"/><SP WIDTH="36" VPOS="237" HPOS="228"/>
							<String ID="string_6" HPOS="264" VPOS="239" WIDTH="96" HEIGHT="29" WC="0.87" CONTENT="inom"/><SP WIDTH="36" VPOS="239" HPOS="360"/>
							<String ID="string_7" HPOS="396" VPOS="240" WIDTH="288" HEIGHT="39" WC="0.87" CONTENT="åldringsvården"/><SP WIDTH="38" VPOS="240" HPOS="684"/>
							<String ID="string_8" HPOS="722" VPOS="252" WIDTH="103" HEIGHT="29" WC="0.96" CONTENT="synes"/><SP WIDTH="38" VPOS="252" HPOS="825"/>
							<String ID="string_9" HPOS="863" VPOS="244" WIDTH="120" HEIGHT="29" WC="0.96" CONTENT="därför"/><SP WIDTH="26" VPOS="244" HPOS="983"/>
							<String ID="string_10" HPOS="1009" VPOS="254" WIDTH="83" HEIGHT="20" WC="0.96" CONTENT="vara"/><SP WIDTH="26" VPOS="254" HPOS="1092"/>
							<String ID="string_11" HPOS="1118" VPOS="245" WIDTH="124" HEIGHT="39" WC="0.96" CONTENT="frågan"/><SP WIDTH="27" VPOS="245" HPOS="1242"/>
							<String ID="string_12" HPOS="1269" VPOS="255" WIDTH="57" HEIGHT="20" WC="0.96" CONTENT="om"/><SP WIDTH="26" VPOS="255" HPOS="1326"/>
							<String ID="string_13" HPOS="1352" VPOS="248" WIDTH="240" HEIGHT="37" WC="0.96" CONTENT="avvägningen"/>
						</TextLine>
						<TextLine ID="line_2" HPOS="101" VPOS="291" WIDTH="1490" HEIGHT="48">
							<String ID="string_14" HPOS="101" VPOS="291" WIDTH="148" HEIGHT="29" WC="0.96" CONTENT="emellan"/><SP WIDTH="30" VPOS="291" HPOS="249"/>
							<String ID="string_15" HPOS="279" VPOS="292" WIDTH="94" HEIGHT="30" WC="0.93" CONTENT="olika"/><SP WIDTH="29" VPOS="292" HPOS="373"/>
							<String ID="string_16" HPOS="402" VPOS="293" WIDTH="229" HEIGHT="31" WC="0.91" CONTENT="vårdformer."/><SP WIDTH="41" VPOS="293" HPOS="631"/>
							<String ID="string_17" HPOS="672" VPOS="296" WIDTH="122" HEIGHT="29" WC="0.95" CONTENT="Denna"/><SP WIDTH="30" VPOS="296" HPOS="794"/>
							<String ID="string_18" HPOS="824" VPOS="296" WIDTH="99" HEIGHT="39" WC="0.96" CONTENT="fråga"/><SP WIDTH="29" VPOS="296" HPOS="923"/>
							<String ID="string_19" HPOS="952" VPOS="299" WIDTH="101" HEIGHT="37" WC="0.92" CONTENT="utgör"/><SP WIDTH="30" VPOS="299" HPOS="1053"/>
							<String ID="string_20" HPOS="1083" VPOS="299" WIDTH="307" HEIGHT="40" WC="0.92" CONTENT="huvuduppgiften"/><SP WIDTH="31" VPOS="299" HPOS="1390"/>
							<String ID="string_21" HPOS="1421" VPOS="300" WIDTH="54" HEIGHT="29" WC="0.96" CONTENT="för"/><SP WIDTH="33" VPOS="300" HPOS="1475"/>
							<String ID="string_22" HPOS="1508" VPOS="300" WIDTH="83" HEIGHT="29" WC="0.96" CONTENT="1952"/>
						</TextLine>
						<TextLine ID="line_3" HPOS="101" VPOS="344" WIDTH="1490" HEIGHT="49">
							<String ID="string_23" HPOS="101" VPOS="344" WIDTH="56" HEIGHT="29" WC="0.92" CONTENT="års"/><SP WIDTH="22" VPOS="344" HPOS="157"/>
							<String ID="string_24" HPOS="179" VPOS="344" WIDTH="462" HEIGHT="43" WC="0.76" CONTENT="åldringsvårdsutredning."/><SP WIDTH="34" VPOS="344" HPOS="641"/>
							<String ID="string_25" HPOS="675" VPOS="349" WIDTH="112" HEIGHT="29" WC="0.96" CONTENT="Innan"/><SP WIDTH="22" VPOS="349" HPOS="787"/>
							<String ID="string_26" HPOS="809" VPOS="351" WIDTH="183" HEIGHT="29" WC="0.95" CONTENT="resultatet"/><SP WIDTH="21" VPOS="351" HPOS="992"/>
							<String ID="string_27" HPOS="1013" VPOS="361" WIDTH="41" HEIGHT="20" WC="0.94" CONTENT="av"/><SP WIDTH="21" VPOS="361" HPOS="1054"/>
							<String ID="string_28" HPOS="1075" VPOS="351" WIDTH="516" HEIGHT="42" WC="0.91" CONTENT="åldringsvårdsutredningens"/>
						</TextLine>
						<TextLine ID="line_4" HPOS="101" VPOS="398" WIDTH="1491" HEIGHT="49">
							<String ID="string_29" HPOS="101" VPOS="398" WIDTH="116" HEIGHT="29" WC="0.95" CONTENT="arbete"/><SP WIDTH="26" VPOS="398" HPOS="217"/>
							<String ID="string_30" HPOS="243" VPOS="399" WIDTH="194" HEIGHT="39" WC="0.96" CONTENT="föreligger,"/><SP WIDTH="27" VPOS="399" HPOS="437"/>
							<String ID="string_31" HPOS="464" VPOS="401" WIDTH="97" HEIGHT="29" WC="0.96" CONTENT="torde"/><SP WIDTH="27" VPOS="401" HPOS="561"/>
							<String ID="string_32" HPOS="588" VPOS="402" WIDTH="189" HEIGHT="40" WC="0.95" CONTENT="anledning"/><SP WIDTH="25" VPOS="402" HPOS="777"/>
							<String ID="string_33" HPOS="802" VPOS="403" WIDTH="119" HEIGHT="30" WC="0.96" CONTENT="finnas"/><SP WIDTH="26" VPOS="403" HPOS="921"/>
							<String ID="string_34" HPOS="947" VPOS="406" WIDTH="49" HEIGHT="27" WC="0.91" CONTENT="att"/><SP WIDTH="25" VPOS="406" HPOS="996"/>
							<String ID="string_35" HPOS="1021" VPOS="405" WIDTH="155" HEIGHT="39" WC="0.91" CONTENT="iakttaga"/><SP WIDTH="27" VPOS="405" HPOS="1176"/>
							<String ID="string_36" HPOS="1203" VPOS="416" WIDTH="42" HEIGHT="19" WC="0.95" CONTENT="en"/><SP WIDTH="26" VPOS="416" HPOS="1245"/>
							<String ID="string_37" HPOS="1271" VPOS="407" WIDTH="71" HEIGHT="29" WC="0.93" CONTENT="viss"/><SP WIDTH="26" VPOS="407" HPOS="1342"/>
							<String ID="string_38" HPOS="1368" VPOS="407" WIDTH="224" HEIGHT="40" WC="0.96" CONTENT="försiktighet"/>
						</TextLine>
						<TextLine ID="line_5" HPOS="101" VPOS="451" WIDTH="1039" HEIGHT="42">
							<String ID="string_39" HPOS="101" VPOS="452" WIDTH="8" HEIGHT="28" WC="0.96" CONTENT="i"/><SP WIDTH="28" VPOS="452" HPOS="109"/>
							<String ID="string_40" HPOS="137" VPOS="451" WIDTH="98" HEIGHT="40" WC="0.95" CONTENT="fråga"/><SP WIDTH="27" VPOS="451" HPOS="235"/>
							<String ID="string_41" HPOS="262" VPOS="462" WIDTH="56" HEIGHT="19" WC="0.92" CONTENT="om"/><SP WIDTH="28" VPOS="462" HPOS="318"/>
							<String ID="string_42" HPOS="346" VPOS="455" WIDTH="236" HEIGHT="38" WC="0.92" CONTENT="utbyggandet"/><SP WIDTH="27" VPOS="455" HPOS="582"/>
							<String ID="string_43" HPOS="609" VPOS="465" WIDTH="41" HEIGHT="19" WC="0.93" CONTENT="av"/><SP WIDTH="26" VPOS="465" HPOS="650"/>
							<String ID="string_44" HPOS="676" VPOS="456" WIDTH="464" HEIGHT="32" WC="0.88" CONTENT="ålderdomshemsvården.»"/>
						</TextLine>
					</TextBlock>
				</ComposedBlock>
				<ComposedBlock ID="cblock_2" HPOS="99" VPOS="559" WIDTH="1493" HEIGHT="686">
					<TextBlock ID="block_2" HPOS="99" VPOS="559" WIDTH="1493" HEIGHT="686">
						<TextLine ID="line_6" HPOS="155" VPOS="559" WIDTH="1437" HEIGHT="47">
							<String ID="string_45" HPOS="155" VPOS="559" WIDTH="74" HEIGHT="30" WC="0.96" CONTENT="Vad"/><SP WIDTH="22" VPOS="559" HPOS="229"/>
							<String ID="string_46" HPOS="251" VPOS="560" WIDTH="155" HEIGHT="29" WC="0.96" CONTENT="härefter"/><SP WIDTH="23" VPOS="560" HPOS="406"/>
							<String ID="string_47" HPOS="429" VPOS="562" WIDTH="107" HEIGHT="38" WC="0.93" CONTENT="angår"/><SP WIDTH="24" VPOS="562" HPOS="536"/>
							<String ID="string_48" HPOS="560" VPOS="563" WIDTH="456" HEIGHT="41" WC="0.92" CONTENT="statsbidragsfrågan"/><SP WIDTH="24" VPOS="563" HPOS="1016"/>
							<String ID="string_49" HPOS="1040" VPOS="566" WIDTH="144" HEIGHT="34" WC="0.92" CONTENT="erinras,"/><SP WIDTH="24" VPOS="566" HPOS="1184"/>
							<String ID="string_50" HPOS="1208" VPOS="569" WIDTH="49" HEIGHT="27" WC="0.96" CONTENT="att"/><SP WIDTH="23" VPOS="569" HPOS="1257"/>
							<String ID="string_51" HPOS="1280" VPOS="576" WIDTH="124" HEIGHT="30" WC="0.96" CONTENT="genom"/><SP WIDTH="26" VPOS="576" HPOS="1404"/>
							<String ID="string_52" HPOS="1430" VPOS="568" WIDTH="81" HEIGHT="29" WC="0.96" CONTENT="1947"/><SP WIDTH="24" VPOS="568" HPOS="1511"/>
							<String ID="string_53" HPOS="1535" VPOS="568" WIDTH="57" HEIGHT="30" WC="0.96" CONTENT="års"/>
						</TextLine>
						<TextLine ID="line_7" HPOS="100" VPOS="613" WIDTH="1492" HEIGHT="47">
							<String ID="string_54" HPOS="100" VPOS="613" WIDTH="278" HEIGHT="39" WC="0.95" CONTENT="riksdagsbeslut"/><SP WIDTH="26" VPOS="613" HPOS="378"/>
							<String ID="string_55" HPOS="404" VPOS="615" WIDTH="63" HEIGHT="29" WC="0.96" CONTENT="har"/><SP WIDTH="26" VPOS="615" HPOS="467"/>
							<String ID="string_56" HPOS="493" VPOS="615" WIDTH="204" HEIGHT="40" WC="0.96" CONTENT="fastslagits,"/><SP WIDTH="28" VPOS="615" HPOS="697"/>
							<String ID="string_57" HPOS="725" VPOS="619" WIDTH="51" HEIGHT="27" WC="0.96" CONTENT="att"/><SP WIDTH="26" VPOS="619" HPOS="776"/>
							<String ID="string_58" HPOS="802" VPOS="618" WIDTH="211" HEIGHT="40" WC="0.96" CONTENT="statsbidrag"/><SP WIDTH="28" VPOS="618" HPOS="1013"/>
							<String ID="string_59" HPOS="1041" VPOS="620" WIDTH="89" HEIGHT="29" WC="0.96" CONTENT="skall"/><SP WIDTH="27" VPOS="620" HPOS="1130"/>
							<String ID="string_60" HPOS="1157" VPOS="621" WIDTH="121" HEIGHT="29" WC="0.96" CONTENT="kunna"/><SP WIDTH="26" VPOS="621" HPOS="1278"/>
							<String ID="string_61" HPOS="1304" VPOS="621" WIDTH="83" HEIGHT="39" WC="0.95" CONTENT="utgå"/><SP WIDTH="28" VPOS="621" HPOS="1387"/>
							<String ID="string_62" HPOS="1415" VPOS="622" WIDTH="52" HEIGHT="29" WC="0.93" CONTENT="till"/><SP WIDTH="27" VPOS="622" HPOS="1467"/>
							<String ID="string_63" HPOS="1494" VPOS="623" WIDTH="98" HEIGHT="28" WC="0.92" CONTENT="kom-"/>
						</TextLine>
						<TextLine ID="line_8" HPOS="100" VPOS="667" WIDTH="1491" HEIGHT="47">
							<String ID="string_64" HPOS="100" VPOS="675" WIDTH="125" HEIGHT="20" WC="0.95" CONTENT="muner"/><SP WIDTH="24" VPOS="675" HPOS="225"/>
							<String ID="string_65" HPOS="249" VPOS="667" WIDTH="83" HEIGHT="29" WC="0.95" CONTENT="eller"/><SP WIDTH="23" VPOS="667" HPOS="332"/>
							<String ID="string_66" HPOS="355" VPOS="668" WIDTH="362" HEIGHT="31" WC="0.96" CONTENT="kommunalförbund"/><SP WIDTH="26" VPOS="668" HPOS="717"/>
							<String ID="string_67" HPOS="743" VPOS="671" WIDTH="54" HEIGHT="29" WC="0.96" CONTENT="för"/><SP WIDTH="25" VPOS="671" HPOS="797"/>
							<String ID="string_68" HPOS="822" VPOS="672" WIDTH="208" HEIGHT="39" WC="0.96" CONTENT="nybyggnad"/><SP WIDTH="27" VPOS="672" HPOS="1030"/>
							<String ID="string_69" HPOS="1057" VPOS="675" WIDTH="90" HEIGHT="27" WC="0.93" CONTENT="samt"/><SP WIDTH="25" VPOS="675" HPOS="1147"/>
							<String ID="string_70" HPOS="1172" VPOS="683" WIDTH="72" HEIGHT="20" WC="0.92" CONTENT="om-"/><SP WIDTH="24" VPOS="683" HPOS="1244"/>
							<String ID="string_71" HPOS="1268" VPOS="675" WIDTH="82" HEIGHT="29" WC="0.95" CONTENT="eller"/><SP WIDTH="26" VPOS="675" HPOS="1350"/>
							<String ID="string_72" HPOS="1376" VPOS="675" WIDTH="215" HEIGHT="39" WC="0.95" CONTENT="tillbyggnad"/>
						</TextLine>
						<TextLine ID="line_9" HPOS="101" VPOS="719" WIDTH="1490" HEIGHT="43">
							<String ID="string_73" HPOS="101" VPOS="729" WIDTH="41" HEIGHT="20" WC="0.96" CONTENT="av"/><SP WIDTH="29" VPOS="729" HPOS="142"/>
							<String ID="string_74" HPOS="171" VPOS="719" WIDTH="291" HEIGHT="32" WC="0.93" CONTENT="ålderdomshem."/><SP WIDTH="43" VPOS="719" HPOS="462"/>
							<String ID="string_75" HPOS="505" VPOS="722" WIDTH="216" HEIGHT="40" WC="0.91" CONTENT="Statsbidrag"/><SP WIDTH="31" VPOS="722" HPOS="721"/>
							<String ID="string_76" HPOS="752" VPOS="725" WIDTH="89" HEIGHT="29" WC="0.96" CONTENT="skall"/><SP WIDTH="29" VPOS="725" HPOS="841"/>
							<String ID="string_77" HPOS="870" VPOS="726" WIDTH="88" HEIGHT="28" WC="0.96" CONTENT="även"/><SP WIDTH="29" VPOS="726" HPOS="958"/>
							<String ID="string_78" HPOS="987" VPOS="726" WIDTH="121" HEIGHT="30" WC="0.96" CONTENT="kunna"/><SP WIDTH="30" VPOS="726" HPOS="1108"/>
							<String ID="string_79" HPOS="1138" VPOS="727" WIDTH="147" HEIGHT="34" WC="0.96" CONTENT="lämnas,"/><SP WIDTH="30" VPOS="727" HPOS="1285"/>
							<String ID="string_80" HPOS="1315" VPOS="729" WIDTH="117" HEIGHT="29" WC="0.96" CONTENT="därest"/><SP WIDTH="30" VPOS="729" HPOS="1432"/>
							<String ID="string_81" HPOS="1462" VPOS="730" WIDTH="57" HEIGHT="28" WC="0.96" CONTENT="det"/><SP WIDTH="30" VPOS="730" HPOS="1519"/>
							<String ID="string_82" HPOS="1549" VPOS="738" WIDTH="42" HEIGHT="20" WC="0.96" CONTENT="ur"/>
						</TextLine>
						<TextLine ID="line_10" HPOS="100" VPOS="773" WIDTH="1491" HEIGHT="48">
							<String ID="string_83" HPOS="100" VPOS="773" WIDTH="147" HEIGHT="30" WC="0.95" CONTENT="allmänt"/><SP WIDTH="28" VPOS="773" HPOS="247"/>
							<String ID="string_84" HPOS="275" VPOS="774" WIDTH="229" HEIGHT="31" WC="0.96" CONTENT="ekonomiska"/><SP WIDTH="31" VPOS="774" HPOS="504"/>
							<String ID="string_85" HPOS="535" VPOS="777" WIDTH="219" HEIGHT="39" WC="0.93" CONTENT="synpunkter"/><SP WIDTH="29" VPOS="777" HPOS="754"/>
							<String ID="string_86" HPOS="783" VPOS="778" WIDTH="162" HEIGHT="30" WC="0.91" CONTENT="befinnes"/><SP WIDTH="29" VPOS="778" HPOS="945"/>
							<String ID="string_87" HPOS="974" VPOS="780" WIDTH="197" HEIGHT="39" WC="0.96" CONTENT="uppenbart"/><SP WIDTH="28" VPOS="780" HPOS="1171"/>
							<String ID="string_88" HPOS="1199" VPOS="781" WIDTH="227" HEIGHT="40" WC="0.96" CONTENT="fördelaktigt"/><SP WIDTH="29" VPOS="781" HPOS="1426"/>
							<String ID="string_89" HPOS="1455" VPOS="784" WIDTH="50" HEIGHT="28" WC="0.96" CONTENT="att"/><SP WIDTH="31" VPOS="784" HPOS="1505"/>
							<String ID="string_90" HPOS="1536" VPOS="782" WIDTH="55" HEIGHT="30" WC="0.96" CONTENT="för"/>
						</TextLine>
						<TextLine ID="line_11" HPOS="100" VPOS="826" WIDTH="1491" HEIGHT="50">
							<String ID="string_91" HPOS="100" VPOS="826" WIDTH="282" HEIGHT="31" WC="0.96" CONTENT="ålderdomshem"/><SP WIDTH="30" VPOS="826" HPOS="382"/>
							<String ID="string_92" HPOS="412" VPOS="831" WIDTH="78" HEIGHT="37" WC="0.96" CONTENT="taga"/><SP WIDTH="29" VPOS="831" HPOS="490"/>
							<String ID="string_93" HPOS="519" VPOS="830" WIDTH="10" HEIGHT="28" WC="0.96" CONTENT="i"/><SP WIDTH="31" VPOS="830" HPOS="529"/>
							<String ID="string_94" HPOS="560" VPOS="830" WIDTH="154" HEIGHT="40" WC="0.95" CONTENT="anspråk"/><SP WIDTH="29" VPOS="830" HPOS="714"/>
							<String ID="string_95" HPOS="743" VPOS="832" WIDTH="207" HEIGHT="30" WC="0.96" CONTENT="kommunal"/><SP WIDTH="29" VPOS="832" HPOS="950"/>
							<String ID="string_96" HPOS="979" VPOS="833" WIDTH="161" HEIGHT="40" WC="0.96" CONTENT="byggnad"/><SP WIDTH="30" VPOS="833" HPOS="1140"/>
							<String ID="string_97" HPOS="1170" VPOS="835" WIDTH="82" HEIGHT="29" WC="0.93" CONTENT="eller"/><SP WIDTH="30" VPOS="835" HPOS="1252"/>
							<String ID="string_98" HPOS="1282" VPOS="845" WIDTH="118" HEIGHT="20" WC="0.96" CONTENT="annan"/><SP WIDTH="30" VPOS="845" HPOS="1400"/>
							<String ID="string_99" HPOS="1430" VPOS="836" WIDTH="161" HEIGHT="40" WC="0.96" CONTENT="befintlig"/>
						</TextLine>
						<TextLine ID="line_12" HPOS="99" VPOS="880" WIDTH="1492" HEIGHT="48">
							<String ID="string_100" HPOS="99" VPOS="880" WIDTH="170" HEIGHT="39" WC="0.96" CONTENT="byggnad."/><SP WIDTH="39" VPOS="880" HPOS="269"/>
							<String ID="string_101" HPOS="308" VPOS="881" WIDTH="121" HEIGHT="30" WC="0.96" CONTENT="Såsom"/><SP WIDTH="27" VPOS="881" HPOS="429"/>
							<String ID="string_102" HPOS="456" VPOS="882" WIDTH="253" HEIGHT="41" WC="0.96" CONTENT="förutsättning"/><SP WIDTH="27" VPOS="882" HPOS="709"/>
							<String ID="string_103" HPOS="736" VPOS="885" WIDTH="54" HEIGHT="30" WC="0.96" CONTENT="för"/><SP WIDTH="27" VPOS="885" HPOS="790"/>
							<String ID="string_104" HPOS="817" VPOS="886" WIDTH="211" HEIGHT="40" WC="0.96" CONTENT="statsbidrag"/><SP WIDTH="28" VPOS="886" HPOS="1028"/>
							<String ID="string_105" HPOS="1056" VPOS="888" WIDTH="89" HEIGHT="29" WC="0.95" CONTENT="skall"/><SP WIDTH="27" VPOS="888" HPOS="1145"/>
							<String ID="string_106" HPOS="1172" VPOS="889" WIDTH="101" HEIGHT="39" WC="0.96" CONTENT="gälla,"/><SP WIDTH="27" VPOS="889" HPOS="1273"/>
							<String ID="string_107" HPOS="1300" VPOS="891" WIDTH="51" HEIGHT="28" WC="0.93" CONTENT="att"/><SP WIDTH="27" VPOS="891" HPOS="1351"/>
							<String ID="string_108" HPOS="1378" VPOS="889" WIDTH="213" HEIGHT="30" WC="0.91" CONTENT="ålderdoms-"/>
						</TextLine>
						<TextLine ID="line_13" HPOS="99" VPOS="933" WIDTH="1492" HEIGHT="48">
							<String ID="string_109" HPOS="99" VPOS="933" WIDTH="349" HEIGHT="40" WC="0.91" CONTENT="hemsbyggnaderna"/><SP WIDTH="24" VPOS="933" HPOS="448"/>
							<String ID="string_110" HPOS="472" VPOS="936" WIDTH="177" HEIGHT="40" WC="0.96" CONTENT="uppfyller"/><SP WIDTH="26" VPOS="936" HPOS="649"/>
							<String ID="string_111" HPOS="675" VPOS="938" WIDTH="41" HEIGHT="29" WC="0.96" CONTENT="de"/><SP WIDTH="26" VPOS="938" HPOS="716"/>
							<String ID="string_112" HPOS="742" VPOS="946" WIDTH="125" HEIGHT="31" WC="0.96" CONTENT="genom"/><SP WIDTH="28" VPOS="946" HPOS="867"/>
							<String ID="string_113" HPOS="895" VPOS="939" WIDTH="82" HEIGHT="30" WC="0.96" CONTENT="1947"/><SP WIDTH="27" VPOS="939" HPOS="977"/>
							<String ID="string_114" HPOS="1004" VPOS="940" WIDTH="56" HEIGHT="30" WC="0.96" CONTENT="års"/><SP WIDTH="26" VPOS="940" HPOS="1060"/>
							<String ID="string_115" HPOS="1086" VPOS="941" WIDTH="279" HEIGHT="40" WC="0.96" CONTENT="riksdagsbeslut"/><SP WIDTH="25" VPOS="941" HPOS="1365"/>
							<String ID="string_116" HPOS="1390" VPOS="943" WIDTH="201" HEIGHT="31" WC="0.96" CONTENT="fastställda"/>
						</TextLine>
						<TextLine ID="line_14" HPOS="101" VPOS="988" WIDTH="1489" HEIGHT="47">
							<String ID="string_117" HPOS="101" VPOS="988" WIDTH="312" HEIGHT="30" WC="0.90" CONTENT="standardkraven."/><SP WIDTH="42" VPOS="988" HPOS="413"/>
							<String ID="string_118" HPOS="455" VPOS="989" WIDTH="155" HEIGHT="30" WC="0.96" CONTENT="Beslutet"/><SP WIDTH="30" VPOS="989" HPOS="610"/>
							<String ID="string_119" HPOS="640" VPOS="991" WIDTH="146" HEIGHT="30" WC="0.96" CONTENT="innebär"/><SP WIDTH="32" VPOS="991" HPOS="786"/>
							<String ID="string_120" HPOS="818" VPOS="993" WIDTH="174" HEIGHT="39" WC="0.96" CONTENT="slutligen,"/><SP WIDTH="32" VPOS="993" HPOS="992"/>
							<String ID="string_121" HPOS="1024" VPOS="996" WIDTH="51" HEIGHT="27" WC="0.96" CONTENT="att"/><SP WIDTH="32" VPOS="996" HPOS="1075"/>
							<String ID="string_122" HPOS="1107" VPOS="995" WIDTH="211" HEIGHT="40" WC="0.95" CONTENT="statsbidrag"/><SP WIDTH="31" VPOS="995" HPOS="1318"/>
							<String ID="string_123" HPOS="1349" VPOS="997" WIDTH="89" HEIGHT="28" WC="0.96" CONTENT="skall"/><SP WIDTH="30" VPOS="997" HPOS="1438"/>
							<String ID="string_124" HPOS="1468" VPOS="997" WIDTH="122" HEIGHT="30" WC="0.96" CONTENT="kunna"/>
						</TextLine>
						<TextLine ID="line_15" HPOS="101" VPOS="1040" WIDTH="1489" HEIGHT="50">
							<String ID="string_125" HPOS="101" VPOS="1040" WIDTH="82" HEIGHT="39" WC="0.96" CONTENT="utgå"/><SP WIDTH="20" VPOS="1040" HPOS="183"/>
							<String ID="string_126" HPOS="203" VPOS="1041" WIDTH="51" HEIGHT="29" WC="0.93" CONTENT="till"/><SP WIDTH="20" VPOS="1041" HPOS="254"/>
							<String ID="string_127" HPOS="274" VPOS="1042" WIDTH="327" HEIGHT="41" WC="0.90" CONTENT="byggnadsföretag,"/><SP WIDTH="23" VPOS="1042" HPOS="601"/>
							<String ID="string_128" HPOS="624" VPOS="1053" WIDTH="74" HEIGHT="20" WC="0.96" CONTENT="som"/><SP WIDTH="22" VPOS="1053" HPOS="698"/>
							<String ID="string_129" HPOS="720" VPOS="1045" WIDTH="181" HEIGHT="40" WC="0.96" CONTENT="påbörjats"/><SP WIDTH="22" VPOS="1045" HPOS="901"/>
							<String ID="string_130" HPOS="923" VPOS="1047" WIDTH="87" HEIGHT="29" WC="0.96" CONTENT="efter"/><SP WIDTH="21" VPOS="1047" HPOS="1010"/>
							<String ID="string_131" HPOS="1031" VPOS="1049" WIDTH="67" HEIGHT="28" WC="0.96" CONTENT="den"/><SP WIDTH="23" VPOS="1049" HPOS="1098"/>
							<String ID="string_132" HPOS="1121" VPOS="1048" WIDTH="13" HEIGHT="29" WC="0.96" CONTENT="1"/><SP WIDTH="23" VPOS="1048" HPOS="1134"/>
							<String ID="string_133" HPOS="1157" VPOS="1049" WIDTH="67" HEIGHT="39" WC="0.96" CONTENT="juli"/><SP WIDTH="23" VPOS="1049" HPOS="1224"/>
							<String ID="string_134" HPOS="1247" VPOS="1049" WIDTH="93" HEIGHT="30" WC="0.96" CONTENT="1946."/><SP WIDTH="34" VPOS="1049" HPOS="1340"/>
							<String ID="string_135" HPOS="1374" VPOS="1050" WIDTH="137" HEIGHT="40" WC="0.96" CONTENT="Frågan"/><SP WIDTH="22" VPOS="1050" HPOS="1511"/>
							<String ID="string_136" HPOS="1533" VPOS="1060" WIDTH="57" HEIGHT="20" WC="0.96" CONTENT="om"/>
						</TextLine>
						<TextLine ID="line_16" HPOS="100" VPOS="1094" WIDTH="1490" HEIGHT="49">
							<String ID="string_137" HPOS="100" VPOS="1094" WIDTH="452" HEIGHT="40" WC="0.91" CONTENT="statsbidragsgrundernas"/><SP WIDTH="24" VPOS="1094" HPOS="552"/>
							<String ID="string_138" HPOS="576" VPOS="1097" WIDTH="220" HEIGHT="41" WC="0.96" CONTENT="utformning"/><SP WIDTH="26" VPOS="1097" HPOS="796"/>
							<String ID="string_139" HPOS="822" VPOS="1100" WIDTH="180" HEIGHT="30" WC="0.96" CONTENT="lämnades"/><SP WIDTH="26" VPOS="1100" HPOS="1002"/>
							<String ID="string_140" HPOS="1028" VPOS="1101" WIDTH="83" HEIGHT="29" WC="0.96" CONTENT="1947"/><SP WIDTH="27" VPOS="1101" HPOS="1111"/>
							<String ID="string_141" HPOS="1138" VPOS="1102" WIDTH="70" HEIGHT="30" WC="0.96" CONTENT="tills"/><SP WIDTH="25" VPOS="1102" HPOS="1208"/>
							<String ID="string_142" HPOS="1233" VPOS="1102" WIDTH="119" HEIGHT="30" WC="0.96" CONTENT="vidare"/><SP WIDTH="24" VPOS="1102" HPOS="1352"/>
							<String ID="string_143" HPOS="1376" VPOS="1104" WIDTH="128" HEIGHT="39" WC="0.96" CONTENT="öppen;"/><SP WIDTH="30" VPOS="1104" HPOS="1504"/>
							<String ID="string_144" HPOS="1534" VPOS="1104" WIDTH="56" HEIGHT="29" WC="0.96" CONTENT="det"/>
						</TextLine>
						<TextLine ID="line_17" HPOS="99" VPOS="1147" WIDTH="1491" HEIGHT="50">
							<String ID="string_145" HPOS="99" VPOS="1147" WIDTH="192" HEIGHT="39" WC="0.95" CONTENT="väsentliga"/><SP WIDTH="20" VPOS="1147" HPOS="291"/>
							<String ID="string_146" HPOS="311" VPOS="1149" WIDTH="127" HEIGHT="39" WC="0.96" CONTENT="ansågs"/><SP WIDTH="18" VPOS="1149" HPOS="438"/>
							<String ID="string_147" HPOS="456" VPOS="1159" WIDTH="93" HEIGHT="25" WC="0.96" CONTENT="vara,"/><SP WIDTH="21" VPOS="1159" HPOS="549"/>
							<String ID="string_148" HPOS="570" VPOS="1152" WIDTH="51" HEIGHT="28" WC="0.96" CONTENT="att"/><SP WIDTH="19" VPOS="1152" HPOS="621"/>
							<String ID="string_149" HPOS="640" VPOS="1151" WIDTH="258" HEIGHT="32" WC="0.96" CONTENT="kommunerna"/><SP WIDTH="19" VPOS="1151" HPOS="898"/>
							<String ID="string_150" HPOS="917" VPOS="1153" WIDTH="73" HEIGHT="30" WC="0.96" CONTENT="fick"/><SP WIDTH="20" VPOS="1153" HPOS="990"/>
							<String ID="string_151" HPOS="1010" VPOS="1154" WIDTH="199" HEIGHT="31" WC="0.96" CONTENT="kännedom"/><SP WIDTH="21" VPOS="1154" HPOS="1209"/>
							<String ID="string_152" HPOS="1230" VPOS="1165" WIDTH="57" HEIGHT="20" WC="0.95" CONTENT="om"/><SP WIDTH="21" VPOS="1165" HPOS="1287"/>
							<String ID="string_153" HPOS="1308" VPOS="1158" WIDTH="51" HEIGHT="28" WC="0.96" CONTENT="att"/><SP WIDTH="20" VPOS="1158" HPOS="1359"/>
							<String ID="string_154" HPOS="1379" VPOS="1158" WIDTH="211" HEIGHT="39" WC="0.96" CONTENT="statsbidrag"/>
						</TextLine>
						<TextLine ID="line_18" HPOS="99" VPOS="1201" WIDTH="1134" HEIGHT="44">
							<String ID="string_155" HPOS="99" VPOS="1201" WIDTH="118" HEIGHT="29" WC="0.93" CONTENT="kunde"/><SP WIDTH="22" VPOS="1201" HPOS="217"/>
							<String ID="string_156" HPOS="239" VPOS="1201" WIDTH="178" HEIGHT="40" WC="0.91" CONTENT="påräknas"/><SP WIDTH="25" VPOS="1201" HPOS="417"/>
							<String ID="string_157" HPOS="442" VPOS="1205" WIDTH="90" HEIGHT="27" WC="0.95" CONTENT="samt"/><SP WIDTH="25" VPOS="1205" HPOS="532"/>
							<String ID="string_158" HPOS="557" VPOS="1204" WIDTH="41" HEIGHT="29" WC="0.96" CONTENT="de"/><SP WIDTH="25" VPOS="1204" HPOS="598"/>
							<String ID="string_159" HPOS="623" VPOS="1205" WIDTH="258" HEIGHT="40" WC="0.95" CONTENT="huvudsakliga"/><SP WIDTH="24" VPOS="1205" HPOS="881"/>
							<String ID="string_160" HPOS="905" VPOS="1207" WIDTH="173" HEIGHT="30" WC="0.95" CONTENT="villkoren"/><SP WIDTH="25" VPOS="1207" HPOS="1078"/>
							<String ID="string_161" HPOS="1103" VPOS="1209" WIDTH="130" HEIGHT="30" WC="0.96" CONTENT="därför."/>
						</TextLine>
					</TextBlock>
				</ComposedBlock>
				<ComposedBlock ID="cblock_3" HPOS="98" VPOS="1263" WIDTH="1492" HEIGHT="201">
					<TextBlock ID="block_3" HPOS="98" VPOS="1263" WIDTH="1492" HEIGHT="201">
						<TextLine ID="line_19" HPOS="156" VPOS="1263" WIDTH="1434" HEIGHT="49">
							<String ID="string_162" HPOS="156" VPOS="1263" WIDTH="225" HEIGHT="31" WC="0.95" CONTENT="Sistnämnda"/><SP WIDTH="19" VPOS="1263" HPOS="381"/>
							<String ID="string_163" HPOS="400" VPOS="1265" WIDTH="98" HEIGHT="39" WC="0.96" CONTENT="fråga"/><SP WIDTH="19" VPOS="1265" HPOS="498"/>
							<String ID="string_164" HPOS="517" VPOS="1266" WIDTH="64" HEIGHT="29" WC="0.96" CONTENT="har"/><SP WIDTH="19" VPOS="1266" HPOS="581"/>
							<String ID="string_165" HPOS="600" VPOS="1268" WIDTH="197" HEIGHT="30" WC="0.96" CONTENT="sedermera"/><SP WIDTH="18" VPOS="1268" HPOS="797"/>
							<String ID="string_166" HPOS="815" VPOS="1270" WIDTH="127" HEIGHT="29" WC="0.96" CONTENT="utretts"/><SP WIDTH="19" VPOS="1270" HPOS="942"/>
							<String ID="string_167" HPOS="961" VPOS="1279" WIDTH="41" HEIGHT="20" WC="0.96" CONTENT="av"/><SP WIDTH="21" VPOS="1279" HPOS="1002"/>
							<String ID="string_168" HPOS="1023" VPOS="1270" WIDTH="83" HEIGHT="30" WC="0.96" CONTENT="1949"/><SP WIDTH="20" VPOS="1270" HPOS="1106"/>
							<String ID="string_169" HPOS="1126" VPOS="1271" WIDTH="57" HEIGHT="30" WC="0.96" CONTENT="års"/><SP WIDTH="19" VPOS="1271" HPOS="1183"/>
							<String ID="string_170" HPOS="1202" VPOS="1272" WIDTH="388" HEIGHT="40" WC="0.90" CONTENT="statsbidragssakkun-"/>
						</TextLine>
						<TextLine ID="line_20" HPOS="99" VPOS="1317" WIDTH="1491" HEIGHT="49">
							<String ID="string_171" HPOS="99" VPOS="1317" WIDTH="80" HEIGHT="39" WC="0.92" CONTENT="niga"/><SP WIDTH="28" VPOS="1317" HPOS="179"/>
							<String ID="string_172" HPOS="207" VPOS="1317" WIDTH="54" HEIGHT="29" WC="0.96" CONTENT="för"/><SP WIDTH="28" VPOS="1317" HPOS="261"/>
							<String ID="string_173" HPOS="289" VPOS="1317" WIDTH="282" HEIGHT="32" WC="0.89" CONTENT="ålderdomshem"/><SP WIDTH="28" VPOS="1317" HPOS="571"/>
							<String ID="string_174" HPOS="599" VPOS="1330" WIDTH="45" HEIGHT="20" WC="0.89" CONTENT="m."/><SP WIDTH="29" VPOS="1330" HPOS="644"/>
							<String ID="string_175" HPOS="673" VPOS="1330" WIDTH="55" HEIGHT="25" WC="0.92" CONTENT="m.,"/><SP WIDTH="29" VPOS="1330" HPOS="728"/>
							<String ID="string_176" HPOS="757" VPOS="1322" WIDTH="114" HEIGHT="30" WC="0.96" CONTENT="vilkas"/><SP WIDTH="30" VPOS="1322" HPOS="871"/>
							<String ID="string_177" HPOS="901" VPOS="1323" WIDTH="130" HEIGHT="40" WC="0.96" CONTENT="förslag"/><SP WIDTH="27" VPOS="1323" HPOS="1031"/>
							<String ID="string_178" HPOS="1058" VPOS="1324" WIDTH="109" HEIGHT="39" WC="0.96" CONTENT="jämte"/><SP WIDTH="30" VPOS="1324" HPOS="1167"/>
							<String ID="string_179" HPOS="1197" VPOS="1326" WIDTH="41" HEIGHT="29" WC="0.96" CONTENT="de"/><SP WIDTH="30" VPOS="1326" HPOS="1238"/>
							<String ID="string_180" HPOS="1268" VPOS="1326" WIDTH="145" HEIGHT="30" WC="0.96" CONTENT="däröver"/><SP WIDTH="30" VPOS="1326" HPOS="1413"/>
							<String ID="string_181" HPOS="1443" VPOS="1328" WIDTH="147" HEIGHT="38" WC="0.96" CONTENT="avgivna"/>
						</TextLine>
						<TextLine ID="line_21" HPOS="98" VPOS="1370" WIDTH="1492" HEIGHT="51">
							<String ID="string_182" HPOS="98" VPOS="1370" WIDTH="337" HEIGHT="39" WC="0.91" CONTENT="remissyttrandena"/><SP WIDTH="25" VPOS="1370" HPOS="435"/>
							<String ID="string_183" HPOS="460" VPOS="1372" WIDTH="11" HEIGHT="29" WC="0.96" CONTENT="i"/><SP WIDTH="27" VPOS="1372" HPOS="471"/>
							<String ID="string_184" HPOS="498" VPOS="1373" WIDTH="53" HEIGHT="29" WC="0.95" CONTENT="sin"/><SP WIDTH="26" VPOS="1373" HPOS="551"/>
							<String ID="string_185" HPOS="577" VPOS="1375" WIDTH="57" HEIGHT="28" WC="0.95" CONTENT="tur"/><SP WIDTH="26" VPOS="1375" HPOS="634"/>
							<String ID="string_186" HPOS="660" VPOS="1376" WIDTH="186" HEIGHT="37" WC="0.95" CONTENT="granskats"/><SP WIDTH="27" VPOS="1376" HPOS="846"/>
							<String ID="string_187" HPOS="873" VPOS="1386" WIDTH="42" HEIGHT="19" WC="0.96" CONTENT="av"/><SP WIDTH="29" VPOS="1386" HPOS="915"/>
							<String ID="string_188" HPOS="944" VPOS="1376" WIDTH="82" HEIGHT="30" WC="0.95" CONTENT="1952"/><SP WIDTH="27" VPOS="1376" HPOS="1026"/>
							<String ID="string_189" HPOS="1053" VPOS="1378" WIDTH="57" HEIGHT="29" WC="0.95" CONTENT="års"/><SP WIDTH="27" VPOS="1378" HPOS="1110"/>
							<String ID="string_190" HPOS="1137" VPOS="1378" WIDTH="453" HEIGHT="43" WC="0.91" CONTENT="åldringsvårdsutredning"/>
						</TextLine>
						<TextLine ID="line_22" HPOS="98" VPOS="1423" WIDTH="830" HEIGHT="41">
							<String ID="string_191" HPOS="98" VPOS="1423" WIDTH="9" HEIGHT="29" WC="0.96" CONTENT="i"/><SP WIDTH="24" VPOS="1423" HPOS="107"/>
							<String ID="string_192" HPOS="131" VPOS="1424" WIDTH="78" HEIGHT="29" WC="0.95" CONTENT="dess"/><SP WIDTH="23" VPOS="1424" HPOS="209"/>
							<String ID="string_193" HPOS="232" VPOS="1433" WIDTH="46" HEIGHT="20" WC="0.96" CONTENT="nu"/><SP WIDTH="23" VPOS="1433" HPOS="278"/>
							<String ID="string_194" HPOS="301" VPOS="1425" WIDTH="237" HEIGHT="39" WC="0.96" CONTENT="föreliggande"/><SP WIDTH="24" VPOS="1425" HPOS="538"/>
							<String ID="string_195" HPOS="562" VPOS="1426" WIDTH="110" HEIGHT="31" WC="0.96" CONTENT="första"/><SP WIDTH="23" VPOS="1426" HPOS="672"/>
							<String ID="string_196" HPOS="695" VPOS="1428" WIDTH="233" HEIGHT="31" WC="0.96" CONTENT="betänkande."/>
						</TextLine>
					</TextBlock>
				</ComposedBlock>
				<ComposedBlock ID="cblock_4" HPOS="95" VPOS="1486" WIDTH="1496" HEIGHT="1011">
					<TextBlock ID="block_4" HPOS="95" VPOS="1486" WIDTH="1496" HEIGHT="731">
						<TextLine ID="line_23" HPOS="153" VPOS="1486" WIDTH="1438" HEIGHT="46">
							<String ID="string_197" HPOS="153" VPOS="1486" WIDTH="67" HEIGHT="29" WC="0.96" CONTENT="För"/><SP WIDTH="22" VPOS="1486" HPOS="220"/>
							<String ID="string_198" HPOS="242" VPOS="1494" WIDTH="85" HEIGHT="31" WC="0.96" CONTENT="egen"/><SP WIDTH="22" VPOS="1494" HPOS="327"/>
							<String ID="string_199" HPOS="349" VPOS="1488" WIDTH="54" HEIGHT="28" WC="0.96" CONTENT="del"/><SP WIDTH="22" VPOS="1488" HPOS="403"/>
							<String ID="string_200" HPOS="425" VPOS="1488" WIDTH="102" HEIGHT="29" WC="0.93" CONTENT="anför"/><SP WIDTH="22" VPOS="1488" HPOS="527"/>
							<String ID="string_201" HPOS="549" VPOS="1489" WIDTH="388" HEIGHT="39" WC="0.91" CONTENT="departementschefen"/><SP WIDTH="22" VPOS="1489" HPOS="937"/>
							<String ID="string_202" HPOS="959" VPOS="1492" WIDTH="51" HEIGHT="29" WC="0.96" CONTENT="till"/><SP WIDTH="22" VPOS="1492" HPOS="1010"/>
							<String ID="string_203" HPOS="1032" VPOS="1502" WIDTH="43" HEIGHT="20" WC="0.96" CONTENT="en"/><SP WIDTH="21" VPOS="1502" HPOS="1075"/>
							<String ID="string_204" HPOS="1096" VPOS="1493" WIDTH="136" HEIGHT="39" WC="0.96" CONTENT="början,"/><SP WIDTH="24" VPOS="1493" HPOS="1232"/>
							<String ID="string_205" HPOS="1256" VPOS="1496" WIDTH="50" HEIGHT="28" WC="0.96" CONTENT="att"/><SP WIDTH="21" VPOS="1496" HPOS="1306"/>
							<String ID="string_206" HPOS="1327" VPOS="1496" WIDTH="57" HEIGHT="29" WC="0.95" CONTENT="det"/><SP WIDTH="21" VPOS="1496" HPOS="1384"/>
							<String ID="string_207" HPOS="1405" VPOS="1497" WIDTH="79" HEIGHT="29" WC="0.93" CONTENT="med"/><SP WIDTH="21" VPOS="1497" HPOS="1484"/>
							<String ID="string_208" HPOS="1505" VPOS="1496" WIDTH="86" HEIGHT="29" WC="0.92" CONTENT="hän-"/>
						</TextLine>
						<TextLine ID="line_24" HPOS="98" VPOS="1540" WIDTH="1492" HEIGHT="47">
							<String ID="string_209" HPOS="98" VPOS="1548" WIDTH="64" HEIGHT="30" WC="0.96" CONTENT="syn"/><SP WIDTH="20" VPOS="1548" HPOS="162"/>
							<String ID="string_210" HPOS="182" VPOS="1540" WIDTH="51" HEIGHT="29" WC="0.96" CONTENT="till"/><SP WIDTH="22" VPOS="1540" HPOS="233"/>
							<String ID="string_211" HPOS="255" VPOS="1541" WIDTH="179" HEIGHT="29" WC="0.93" CONTENT="allmänna"/><SP WIDTH="22" VPOS="1541" HPOS="434"/>
							<String ID="string_212" HPOS="456" VPOS="1542" WIDTH="484" HEIGHT="40" WC="0.91" CONTENT="statsbidragsutredningens"/><SP WIDTH="22" VPOS="1542" HPOS="940"/>
							<String ID="string_213" HPOS="962" VPOS="1545" WIDTH="115" HEIGHT="30" WC="0.97" CONTENT="arbete"/><SP WIDTH="21" VPOS="1545" HPOS="1077"/>
							<String ID="string_214" HPOS="1098" VPOS="1547" WIDTH="136" HEIGHT="29" WC="0.97" CONTENT="kunnat"/><SP WIDTH="20" VPOS="1547" HPOS="1234"/>
							<String ID="string_215" HPOS="1254" VPOS="1547" WIDTH="168" HEIGHT="40" WC="0.96" CONTENT="föreligga"/><SP WIDTH="22" VPOS="1547" HPOS="1422"/>
							<String ID="string_216" HPOS="1444" VPOS="1550" WIDTH="75" HEIGHT="29" WC="0.95" CONTENT="skäl"/><SP WIDTH="21" VPOS="1550" HPOS="1519"/>
							<String ID="string_217" HPOS="1540" VPOS="1551" WIDTH="50" HEIGHT="28" WC="0.95" CONTENT="att"/>
						</TextLine>
						<TextLine ID="line_25" HPOS="97" VPOS="1593" WIDTH="1492" HEIGHT="48">
							<String ID="string_218" HPOS="97" VPOS="1593" WIDTH="199" HEIGHT="38" WC="0.93" CONTENT="ytterligare"/><SP WIDTH="30" VPOS="1593" HPOS="296"/>
							<String ID="string_219" HPOS="326" VPOS="1595" WIDTH="195" HEIGHT="38" WC="0.90" CONTENT="uppskjuta"/><SP WIDTH="31" VPOS="1595" HPOS="521"/>
							<String ID="string_220" HPOS="552" VPOS="1596" WIDTH="352" HEIGHT="40" WC="0.91" CONTENT="ställningstagandet"/><SP WIDTH="29" VPOS="1596" HPOS="904"/>
							<String ID="string_221" HPOS="933" VPOS="1599" WIDTH="51" HEIGHT="28" WC="0.96" CONTENT="till"/><SP WIDTH="31" VPOS="1599" HPOS="984"/>
							<String ID="string_222" HPOS="1015" VPOS="1599" WIDTH="124" HEIGHT="39" WC="0.96" CONTENT="frågan"/><SP WIDTH="29" VPOS="1599" HPOS="1139"/>
							<String ID="string_223" HPOS="1168" VPOS="1610" WIDTH="56" HEIGHT="20" WC="0.96" CONTENT="om"/><SP WIDTH="29" VPOS="1610" HPOS="1224"/>
							<String ID="string_224" HPOS="1253" VPOS="1601" WIDTH="266" HEIGHT="40" WC="0.96" CONTENT="utformningen"/><SP WIDTH="28" VPOS="1601" HPOS="1519"/>
							<String ID="string_225" HPOS="1547" VPOS="1613" WIDTH="42" HEIGHT="20" WC="0.96" CONTENT="av"/>
						</TextLine>
						<TextLine ID="line_26" HPOS="96" VPOS="1646" WIDTH="1494" HEIGHT="49">
							<String ID="string_226" HPOS="96" VPOS="1646" WIDTH="269" HEIGHT="39" WC="0.95" CONTENT="ifrågavarande"/><SP WIDTH="27" VPOS="1646" HPOS="365"/>
							<String ID="string_227" HPOS="392" VPOS="1648" WIDTH="221" HEIGHT="39" WC="0.95" CONTENT="statsbidrag."/><SP WIDTH="38" VPOS="1648" HPOS="613"/>
							<String ID="string_228" HPOS="651" VPOS="1650" WIDTH="123" HEIGHT="30" WC="0.96" CONTENT="Denna"/><SP WIDTH="26" VPOS="1650" HPOS="774"/>
							<String ID="string_229" HPOS="800" VPOS="1651" WIDTH="188" HEIGHT="39" WC="0.96" CONTENT="utredning"/><SP WIDTH="27" VPOS="1651" HPOS="988"/>
							<String ID="string_230" HPOS="1015" VPOS="1652" WIDTH="63" HEIGHT="30" WC="0.96" CONTENT="har"/><SP WIDTH="26" VPOS="1652" HPOS="1078"/>
							<String ID="string_231" HPOS="1104" VPOS="1654" WIDTH="10" HEIGHT="28" WC="0.96" CONTENT="i"/><SP WIDTH="28" VPOS="1654" HPOS="1114"/>
							<String ID="string_232" HPOS="1142" VPOS="1654" WIDTH="180" HEIGHT="30" WC="0.96" CONTENT="december"/><SP WIDTH="30" VPOS="1654" HPOS="1322"/>
							<String ID="string_233" HPOS="1352" VPOS="1655" WIDTH="82" HEIGHT="30" WC="0.96" CONTENT="1952"/><SP WIDTH="28" VPOS="1655" HPOS="1434"/>
							<String ID="string_234" HPOS="1462" VPOS="1657" WIDTH="128" HEIGHT="38" WC="0.96" CONTENT="avgivit"/>
						</TextLine>
						<TextLine ID="line_27" HPOS="96" VPOS="1700" WIDTH="1493" HEIGHT="45">
							<String ID="string_235" HPOS="96" VPOS="1700" WIDTH="361" HEIGHT="39" WC="0.92" CONTENT="principbetänkande"/><SP WIDTH="27" VPOS="1700" HPOS="457"/>
							<String ID="string_236" HPOS="484" VPOS="1702" WIDTH="178" HEIGHT="38" WC="0.93" CONTENT="angående"/><SP WIDTH="28" VPOS="1702" HPOS="662"/>
							<String ID="string_237" HPOS="690" VPOS="1704" WIDTH="210" HEIGHT="40" WC="0.92" CONTENT="driftbidrag"/><SP WIDTH="27" VPOS="1704" HPOS="900"/>
							<String ID="string_238" HPOS="927" VPOS="1706" WIDTH="50" HEIGHT="28" WC="0.93" CONTENT="till"/><SP WIDTH="28" VPOS="1706" HPOS="977"/>
							<String ID="string_239" HPOS="1005" VPOS="1707" WIDTH="355" HEIGHT="38" WC="0.91" CONTENT="primärkommuner."/><SP WIDTH="39" VPOS="1707" HPOS="1360"/>
							<String ID="string_240" HPOS="1399" VPOS="1709" WIDTH="47" HEIGHT="29" WC="0.93" CONTENT="På"/><SP WIDTH="27" VPOS="1709" HPOS="1446"/>
							<String ID="string_241" HPOS="1473" VPOS="1711" WIDTH="116" HEIGHT="29" WC="0.89" CONTENT="utred-"/>
						</TextLine>
						<TextLine ID="line_28" HPOS="98" VPOS="1754" WIDTH="1491" HEIGHT="49">
							<String ID="string_242" HPOS="98" VPOS="1754" WIDTH="146" HEIGHT="38" WC="0.96" CONTENT="ningens"/><SP WIDTH="26" VPOS="1754" HPOS="244"/>
							<String ID="string_243" HPOS="270" VPOS="1762" WIDTH="163" HEIGHT="31" WC="0.96" CONTENT="program"/><SP WIDTH="27" VPOS="1762" HPOS="433"/>
							<String ID="string_244" HPOS="460" VPOS="1756" WIDTH="70" HEIGHT="28" WC="0.96" CONTENT="står"/><SP WIDTH="27" VPOS="1756" HPOS="530"/>
							<String ID="string_245" HPOS="557" VPOS="1765" WIDTH="46" HEIGHT="20" WC="0.96" CONTENT="nu"/><SP WIDTH="28" VPOS="1765" HPOS="603"/>
							<String ID="string_246" HPOS="631" VPOS="1758" WIDTH="157" HEIGHT="28" WC="0.96" CONTENT="närmast"/><SP WIDTH="27" VPOS="1758" HPOS="788"/>
							<String ID="string_247" HPOS="815" VPOS="1757" WIDTH="124" HEIGHT="40" WC="0.96" CONTENT="frågan"/><SP WIDTH="26" VPOS="1757" HPOS="939"/>
							<String ID="string_248" HPOS="965" VPOS="1768" WIDTH="55" HEIGHT="20" WC="0.93" CONTENT="om"/><SP WIDTH="28" VPOS="1768" HPOS="1020"/>
							<String ID="string_249" HPOS="1048" VPOS="1761" WIDTH="160" HEIGHT="38" WC="0.91" CONTENT="specielia"/><SP WIDTH="27" VPOS="1761" HPOS="1208"/>
							<String ID="string_250" HPOS="1235" VPOS="1762" WIDTH="354" HEIGHT="41" WC="0.90" CONTENT="anläggningsbidrag"/>
						</TextLine>
						<TextLine ID="line_29" HPOS="97" VPOS="1806" WIDTH="1492" HEIGHT="49">
							<String ID="string_251" HPOS="97" VPOS="1806" WIDTH="52" HEIGHT="29" WC="0.96" CONTENT="till"/><SP WIDTH="26" VPOS="1806" HPOS="149"/>
							<String ID="string_252" HPOS="175" VPOS="1806" WIDTH="269" HEIGHT="31" WC="0.96" CONTENT="kommunerna."/><SP WIDTH="37" VPOS="1806" HPOS="444"/>
							<String ID="string_253" HPOS="481" VPOS="1809" WIDTH="65" HEIGHT="28" WC="0.96" CONTENT="Det"/><SP WIDTH="27" VPOS="1809" HPOS="546"/>
							<String ID="string_254" HPOS="573" VPOS="1810" WIDTH="38" HEIGHT="28" WC="0.96" CONTENT="är"/><SP WIDTH="26" VPOS="1810" HPOS="611"/>
							<String ID="string_255" HPOS="637" VPOS="1810" WIDTH="75" HEIGHT="29" WC="0.96" CONTENT="icke"/><SP WIDTH="27" VPOS="1810" HPOS="712"/>
							<String ID="string_256" HPOS="739" VPOS="1810" WIDTH="108" HEIGHT="29" WC="0.96" CONTENT="heller"/><SP WIDTH="27" VPOS="1810" HPOS="847"/>
							<String ID="string_257" HPOS="874" VPOS="1812" WIDTH="166" HEIGHT="30" WC="0.96" CONTENT="uteslutet"/><SP WIDTH="27" VPOS="1812" HPOS="1040"/>
							<String ID="string_258" HPOS="1067" VPOS="1814" WIDTH="50" HEIGHT="28" WC="0.97" CONTENT="att"/><SP WIDTH="25" VPOS="1814" HPOS="1117"/>
							<String ID="string_259" HPOS="1142" VPOS="1815" WIDTH="183" HEIGHT="29" WC="0.96" CONTENT="resultatet"/><SP WIDTH="27" VPOS="1815" HPOS="1325"/>
							<String ID="string_260" HPOS="1352" VPOS="1823" WIDTH="41" HEIGHT="22" WC="0.95" CONTENT="av"/><SP WIDTH="26" VPOS="1823" HPOS="1393"/>
							<String ID="string_261" HPOS="1419" VPOS="1816" WIDTH="170" HEIGHT="39" WC="0.91" CONTENT="åldrings-"/>
						</TextLine>
						<TextLine ID="line_30" HPOS="95" VPOS="1859" WIDTH="1493" HEIGHT="49">
							<String ID="string_262" HPOS="95" VPOS="1859" WIDTH="359" HEIGHT="40" WC="0.92" CONTENT="vårdsutredningens"/><SP WIDTH="27" VPOS="1859" HPOS="454"/>
							<String ID="string_263" HPOS="481" VPOS="1862" WIDTH="163" HEIGHT="30" WC="0.95" CONTENT="fortsatta"/><SP WIDTH="26" VPOS="1862" HPOS="644"/>
							<String ID="string_264" HPOS="670" VPOS="1864" WIDTH="264" HEIGHT="37" WC="0.96" CONTENT="överväganden"/><SP WIDTH="26" VPOS="1864" HPOS="934"/>
							<String ID="string_265" HPOS="960" VPOS="1865" WIDTH="69" HEIGHT="29" WC="0.96" CONTENT="kan"/><SP WIDTH="27" VPOS="1865" HPOS="1029"/>
							<String ID="string_266" HPOS="1056" VPOS="1867" WIDTH="142" HEIGHT="29" WC="0.96" CONTENT="komma"/><SP WIDTH="27" VPOS="1867" HPOS="1198"/>
							<String ID="string_267" HPOS="1225" VPOS="1869" WIDTH="49" HEIGHT="27" WC="0.96" CONTENT="att"/><SP WIDTH="26" VPOS="1869" HPOS="1274"/>
							<String ID="string_268" HPOS="1300" VPOS="1868" WIDTH="151" HEIGHT="39" WC="0.96" CONTENT="påverka"/><SP WIDTH="28" VPOS="1868" HPOS="1451"/>
							<String ID="string_269" HPOS="1479" VPOS="1879" WIDTH="109" HEIGHT="29" WC="0.96" CONTENT="synen"/>
						</TextLine>
						<TextLine ID="line_31" HPOS="95" VPOS="1912" WIDTH="1494" HEIGHT="49">
							<String ID="string_270" HPOS="95" VPOS="1913" WIDTH="44" HEIGHT="38" WC="0.96" CONTENT="på"/><SP WIDTH="24" VPOS="1913" HPOS="139"/>
							<String ID="string_271" HPOS="163" VPOS="1912" WIDTH="124" HEIGHT="39" WC="0.96" CONTENT="frågan"/><SP WIDTH="24" VPOS="1912" HPOS="287"/>
							<String ID="string_272" HPOS="311" VPOS="1922" WIDTH="57" HEIGHT="20" WC="0.96" CONTENT="om"/><SP WIDTH="25" VPOS="1922" HPOS="368"/>
							<String ID="string_273" HPOS="393" VPOS="1914" WIDTH="211" HEIGHT="39" WC="0.95" CONTENT="statsbidrag"/><SP WIDTH="23" VPOS="1914" HPOS="604"/>
							<String ID="string_274" HPOS="627" VPOS="1916" WIDTH="51" HEIGHT="28" WC="0.96" CONTENT="till"/><SP WIDTH="25" VPOS="1916" HPOS="678"/>
							<String ID="string_275" HPOS="703" VPOS="1917" WIDTH="228" HEIGHT="30" WC="0.95" CONTENT="anordnande"/><SP WIDTH="25" VPOS="1917" HPOS="931"/>
							<String ID="string_276" HPOS="956" VPOS="1927" WIDTH="41" HEIGHT="20" WC="0.96" CONTENT="av"/><SP WIDTH="24" VPOS="1927" HPOS="997"/>
							<String ID="string_277" HPOS="1021" VPOS="1918" WIDTH="291" HEIGHT="32" WC="0.96" CONTENT="ålderdomshem."/><SP WIDTH="37" VPOS="1918" HPOS="1312"/>
							<String ID="string_278" HPOS="1349" VPOS="1921" WIDTH="76" HEIGHT="30" WC="0.96" CONTENT="Med"/><SP WIDTH="26" VPOS="1921" HPOS="1425"/>
							<String ID="string_279" HPOS="1451" VPOS="1922" WIDTH="138" HEIGHT="39" WC="0.96" CONTENT="hänsyn"/>
						</TextLine>
						<TextLine ID="line_32" HPOS="97" VPOS="1966" WIDTH="1491" HEIGHT="48">
							<String ID="string_280" HPOS="97" VPOS="1966" WIDTH="51" HEIGHT="29" WC="0.96" CONTENT="till"/><SP WIDTH="27" VPOS="1966" HPOS="148"/>
							<String ID="string_281" HPOS="175" VPOS="1966" WIDTH="66" HEIGHT="29" WC="0.96" CONTENT="den"/><SP WIDTH="27" VPOS="1966" HPOS="241"/>
							<String ID="string_282" HPOS="268" VPOS="1966" WIDTH="102" HEIGHT="39" WC="0.95" CONTENT="långa"/><SP WIDTH="27" VPOS="1966" HPOS="370"/>
							<String ID="string_283" HPOS="397" VPOS="1968" WIDTH="59" HEIGHT="32" WC="0.96" CONTENT="tid,"/><SP WIDTH="28" VPOS="1968" HPOS="456"/>
							<String ID="string_284" HPOS="484" VPOS="1976" WIDTH="74" HEIGHT="20" WC="0.96" CONTENT="som"/><SP WIDTH="27" VPOS="1976" HPOS="558"/>
							<String ID="string_285" HPOS="585" VPOS="1968" WIDTH="153" HEIGHT="30" WC="0.95" CONTENT="förflutit"/><SP WIDTH="28" VPOS="1968" HPOS="738"/>
							<String ID="string_286" HPOS="766" VPOS="1970" WIDTH="107" HEIGHT="29" WC="0.93" CONTENT="sedan"/><SP WIDTH="26" VPOS="1970" HPOS="873"/>
							<String ID="string_287" HPOS="899" VPOS="1971" WIDTH="288" HEIGHT="39" WC="0.92" CONTENT="principbeslutet"/><SP WIDTH="26" VPOS="1971" HPOS="1187"/>
							<String ID="string_288" HPOS="1213" VPOS="1982" WIDTH="55" HEIGHT="20" WC="0.94" CONTENT="om"/><SP WIDTH="29" VPOS="1982" HPOS="1268"/>
							<String ID="string_289" HPOS="1297" VPOS="1974" WIDTH="211" HEIGHT="40" WC="0.94" CONTENT="statsbidrag"/><SP WIDTH="26" VPOS="1974" HPOS="1508"/>
							<String ID="string_290" HPOS="1534" VPOS="1976" WIDTH="54" HEIGHT="29" WC="0.96" CONTENT="för"/>
						</TextLine>
						<TextLine ID="line_33" HPOS="96" VPOS="2020" WIDTH="1493" HEIGHT="38">
							<String ID="string_291" HPOS="96" VPOS="2020" WIDTH="94" HEIGHT="28" WC="0.96" CONTENT="detta"/><SP WIDTH="26" VPOS="2020" HPOS="190"/>
							<String ID="string_292" HPOS="216" VPOS="2020" WIDTH="165" HEIGHT="29" WC="0.94" CONTENT="ändamål"/><SP WIDTH="27" VPOS="2020" HPOS="381"/>
							<String ID="string_293" HPOS="408" VPOS="2021" WIDTH="161" HEIGHT="33" WC="0.95" CONTENT="fattades,"/><SP WIDTH="28" VPOS="2021" HPOS="569"/>
							<String ID="string_294" HPOS="597" VPOS="2024" WIDTH="89" HEIGHT="26" WC="0.96" CONTENT="samt"/><SP WIDTH="25" VPOS="2024" HPOS="686"/>
							<String ID="string_295" HPOS="711" VPOS="2022" WIDTH="146" HEIGHT="30" WC="0.96" CONTENT="behovet"/><SP WIDTH="28" VPOS="2022" HPOS="857"/>
							<String ID="string_296" HPOS="885" VPOS="2023" WIDTH="94" HEIGHT="30" WC="0.96" CONTENT="såväl"/><SP WIDTH="28" VPOS="2023" HPOS="979"/>
							<String ID="string_297" HPOS="1007" VPOS="2024" WIDTH="53" HEIGHT="29" WC="0.96" CONTENT="för"/><SP WIDTH="27" VPOS="2024" HPOS="1060"/>
							<String ID="string_298" HPOS="1087" VPOS="2027" WIDTH="131" HEIGHT="28" WC="0.96" CONTENT="statens"/><SP WIDTH="28" VPOS="2027" HPOS="1218"/>
							<String ID="string_299" HPOS="1246" VPOS="2036" WIDTH="74" HEIGHT="20" WC="0.95" CONTENT="som"/><SP WIDTH="28" VPOS="2036" HPOS="1320"/>
							<String ID="string_300" HPOS="1348" VPOS="2027" WIDTH="54" HEIGHT="29" WC="0.93" CONTENT="för"/><SP WIDTH="27" VPOS="2027" HPOS="1402"/>
							<String ID="string_301" HPOS="1429" VPOS="2028" WIDTH="160" HEIGHT="30" WC="0.92" CONTENT="kommu-"/>
						</TextLine>
						<TextLine ID="line_34" HPOS="96" VPOS="2074" WIDTH="1491" HEIGHT="43">
							<String ID="string_302" HPOS="96" VPOS="2082" WIDTH="126" HEIGHT="19" WC="0.92" CONTENT="nernas"/><SP WIDTH="24" VPOS="2082" HPOS="222"/>
							<String ID="string_303" HPOS="246" VPOS="2074" WIDTH="54" HEIGHT="28" WC="0.95" CONTENT="del"/><SP WIDTH="24" VPOS="2074" HPOS="300"/>
							<String ID="string_304" HPOS="324" VPOS="2075" WIDTH="51" HEIGHT="27" WC="0.95" CONTENT="att"/><SP WIDTH="23" VPOS="2075" HPOS="375"/>
							<String ID="string_305" HPOS="398" VPOS="2074" WIDTH="130" HEIGHT="29" WC="0.96" CONTENT="erhålla"/><SP WIDTH="25" VPOS="2074" HPOS="528"/>
							<String ID="string_306" HPOS="553" VPOS="2075" WIDTH="138" HEIGHT="29" WC="0.96" CONTENT="klarhet"/><SP WIDTH="22" VPOS="2075" HPOS="691"/>
							<String ID="string_307" HPOS="713" VPOS="2075" WIDTH="223" HEIGHT="31" WC="0.96" CONTENT="beträffande"/><SP WIDTH="25" VPOS="2075" HPOS="936"/>
							<String ID="string_308" HPOS="961" VPOS="2077" WIDTH="243" HEIGHT="40" WC="0.96" CONTENT="fördelningen"/><SP WIDTH="23" VPOS="2077" HPOS="1204"/>
							<String ID="string_309" HPOS="1227" VPOS="2089" WIDTH="42" HEIGHT="20" WC="0.96" CONTENT="av"/><SP WIDTH="24" VPOS="2089" HPOS="1269"/>
							<String ID="string_310" HPOS="1293" VPOS="2081" WIDTH="41" HEIGHT="29" WC="0.96" CONTENT="de"/><SP WIDTH="25" VPOS="2081" HPOS="1334"/>
							<String ID="string_311" HPOS="1359" VPOS="2081" WIDTH="228" HEIGHT="31" WC="0.96" CONTENT="ekonomiska"/>
						</TextLine>
						<TextLine ID="line_35" HPOS="96" VPOS="2126" WIDTH="1491" HEIGHT="46">
							<String ID="string_312" HPOS="96" VPOS="2126" WIDTH="284" HEIGHT="38" WC="0.90" CONTENT="förpliktelserna"/><SP WIDTH="27" VPOS="2126" HPOS="380"/>
							<String ID="string_313" HPOS="407" VPOS="2136" WIDTH="100" HEIGHT="19" WC="0.96" CONTENT="anses"/><SP WIDTH="26" VPOS="2136" HPOS="507"/>
							<String ID="string_314" HPOS="533" VPOS="2128" WIDTH="191" HEIGHT="29" WC="0.96" CONTENT="emellertid"/><SP WIDTH="26" VPOS="2128" HPOS="724"/>
							<String ID="string_315" HPOS="750" VPOS="2130" WIDTH="200" HEIGHT="38" WC="0.96" CONTENT="ytterligare"/><SP WIDTH="26" VPOS="2130" HPOS="950"/>
							<String ID="string_316" HPOS="976" VPOS="2131" WIDTH="159" HEIGHT="39" WC="0.96" CONTENT="uppskov"/><SP WIDTH="25" VPOS="2131" HPOS="1135"/>
							<String ID="string_317" HPOS="1160" VPOS="2142" WIDTH="56" HEIGHT="19" WC="0.96" CONTENT="om"/><SP WIDTH="25" VPOS="2142" HPOS="1216"/>
							<String ID="string_318" HPOS="1241" VPOS="2134" WIDTH="138" HEIGHT="38" WC="0.96" CONTENT="möjligt"/><SP WIDTH="25" VPOS="2134" HPOS="1379"/>
							<String ID="string_319" HPOS="1404" VPOS="2135" WIDTH="75" HEIGHT="29" WC="0.96" CONTENT="icke"/><SP WIDTH="25" VPOS="2135" HPOS="1479"/>
							<String ID="string_320" HPOS="1504" VPOS="2135" WIDTH="83" HEIGHT="30" WC="0.96" CONTENT="böra"/>
						</TextLine>
						<TextLine ID="line_36" HPOS="95" VPOS="2179" WIDTH="312" HEIGHT="38">
							<String ID="string_321" HPOS="95" VPOS="2179" WIDTH="141" HEIGHT="29" WC="0.96" CONTENT="komma"/><SP WIDTH="27" VPOS="2179" HPOS="236"/>
							<String ID="string_322" HPOS="263" VPOS="2180" WIDTH="8" HEIGHT="27" WC="0.96" CONTENT="i"/><SP WIDTH="28" VPOS="2180" HPOS="271"/>
							<String ID="string_323" HPOS="299" VPOS="2180" WIDTH="108" HEIGHT="37" WC="0.96" CONTENT="fråga."/>
						</TextLine>
					</TextBlock>
					<TextBlock ID="block_5" HPOS="96" VPOS="2241" WIDTH="1491" HEIGHT="256">
						<TextLine ID="line_37" HPOS="152" VPOS="2241" WIDTH="1434" HEIGHT="45">
							<String ID="string_324" HPOS="152" VPOS="2241" WIDTH="73" HEIGHT="27" WC="0.95" CONTENT="Den"/><SP WIDTH="29" VPOS="2241" HPOS="225"/>
							<String ID="string_325" HPOS="254" VPOS="2241" WIDTH="186" HEIGHT="37" WC="0.95" CONTENT="viktigaste"/><SP WIDTH="30" VPOS="2241" HPOS="440"/>
							<String ID="string_326" HPOS="470" VPOS="2242" WIDTH="122" HEIGHT="37" WC="0.96" CONTENT="frågan"/><SP WIDTH="30" VPOS="2242" HPOS="592"/>
							<String ID="string_327" HPOS="622" VPOS="2243" WIDTH="9" HEIGHT="28" WC="0.96" CONTENT="i"/><SP WIDTH="30" VPOS="2243" HPOS="631"/>
							<String ID="string_328" HPOS="661" VPOS="2244" WIDTH="93" HEIGHT="28" WC="0.96" CONTENT="detta"/><SP WIDTH="31" VPOS="2244" HPOS="754"/>
							<String ID="string_329" HPOS="785" VPOS="2245" WIDTH="256" HEIGHT="38" WC="0.95" CONTENT="sammanhang"/><SP WIDTH="30" VPOS="2245" HPOS="1041"/>
							<String ID="string_330" HPOS="1071" VPOS="2247" WIDTH="37" HEIGHT="28" WC="0.93" CONTENT="är"/><SP WIDTH="31" VPOS="2247" HPOS="1108"/>
							<String ID="string_331" HPOS="1139" VPOS="2247" WIDTH="275" HEIGHT="39" WC="0.92" CONTENT="statsbidragens"/><SP WIDTH="32" VPOS="2247" HPOS="1414"/>
							<String ID="string_332" HPOS="1446" VPOS="2250" WIDTH="140" HEIGHT="28" WC="0.95" CONTENT="storlek."/>
						</TextLine>
						<TextLine ID="line_38" HPOS="97" VPOS="2293" WIDTH="1489" HEIGHT="46">
							<String ID="string_333" HPOS="97" VPOS="2293" WIDTH="90" HEIGHT="28" WC="0.87" CONTENT="Både"/><SP WIDTH="26" VPOS="2293" HPOS="187"/>
							<String ID="string_334" HPOS="213" VPOS="2293" WIDTH="455" HEIGHT="39" WC="0.67" CONTENT="statsbidragssakkunniga"/><SP WIDTH="26" VPOS="2293" HPOS="668"/>
							<String ID="string_335" HPOS="694" VPOS="2297" WIDTH="62" HEIGHT="27" WC="0.93" CONTENT="och"/><SP WIDTH="28" VPOS="2297" HPOS="756"/>
							<String ID="string_336" HPOS="784" VPOS="2297" WIDTH="497" HEIGHT="40" WC="0.91" CONTENT="åldringsvårdsutredningen"/><SP WIDTH="27" VPOS="2297" HPOS="1281"/>
							<String ID="string_337" HPOS="1308" VPOS="2301" WIDTH="63" HEIGHT="29" WC="0.95" CONTENT="har"/><SP WIDTH="26" VPOS="2301" HPOS="1371"/>
							<String ID="string_338" HPOS="1397" VPOS="2301" WIDTH="189" HEIGHT="38" WC="0.96" CONTENT="föreslagit,"/>
						</TextLine>
						<TextLine ID="line_39" HPOS="96" VPOS="2346" WIDTH="1491" HEIGHT="47">
							<String ID="string_339" HPOS="96" VPOS="2347" WIDTH="49" HEIGHT="26" WC="0.93" CONTENT="alt"/><SP WIDTH="19" VPOS="2347" HPOS="145"/>
							<String ID="string_340" HPOS="164" VPOS="2346" WIDTH="245" HEIGHT="38" WC="0.95" CONTENT="statsbidraget"/><SP WIDTH="21" VPOS="2346" HPOS="409"/>
							<String ID="string_341" HPOS="430" VPOS="2347" WIDTH="87" HEIGHT="29" WC="0.96" CONTENT="skall"/><SP WIDTH="21" VPOS="2347" HPOS="517"/>
							<String ID="string_342" HPOS="538" VPOS="2349" WIDTH="163" HEIGHT="35" WC="0.96" CONTENT="graderas"/><SP WIDTH="19" VPOS="2349" HPOS="701"/>
							<String ID="string_343" HPOS="720" VPOS="2349" WIDTH="88" HEIGHT="29" WC="0.95" CONTENT="efter"/><SP WIDTH="22" VPOS="2349" HPOS="808"/>
							<String ID="string_344" HPOS="830" VPOS="2350" WIDTH="274" HEIGHT="30" WC="0.93" CONTENT="kommunernas"/><SP WIDTH="22" VPOS="2350" HPOS="1104"/>
							<String ID="string_345" HPOS="1126" VPOS="2352" WIDTH="285" HEIGHT="39" WC="0.92" CONTENT="skatteunderlag"/><SP WIDTH="20" VPOS="2352" HPOS="1411"/>
							<String ID="string_346" HPOS="1431" VPOS="2356" WIDTH="156" HEIGHT="37" WC="0.96" CONTENT="uttryckt"/>
						</TextLine>
						<TextLine ID="line_40" HPOS="96" VPOS="2399" WIDTH="1491" HEIGHT="44">
							<String ID="string_347" HPOS="96" VPOS="2399" WIDTH="6" HEIGHT="27" WC="0.90" CONTENT="i"/><SP WIDTH="29" VPOS="2399" HPOS="102"/>
							<String ID="string_348" HPOS="131" VPOS="2399" WIDTH="130" HEIGHT="28" WC="0.90" CONTENT="antalet"/><SP WIDTH="28" VPOS="2399" HPOS="261"/>
							<String ID="string_349" HPOS="289" VPOS="2399" WIDTH="246" HEIGHT="29" WC="0.96" CONTENT="skattekronor"/><SP WIDTH="27" VPOS="2399" HPOS="535"/>
							<String ID="string_350" HPOS="562" VPOS="2410" WIDTH="60" HEIGHT="29" WC="0.96" CONTENT="per"/><SP WIDTH="27" VPOS="2410" HPOS="622"/>
							<String ID="string_351" HPOS="649" VPOS="2402" WIDTH="175" HEIGHT="29" WC="0.92" CONTENT="invånare."/><SP WIDTH="40" VPOS="2402" HPOS="824"/>
							<String ID="string_352" HPOS="864" VPOS="2404" WIDTH="460" HEIGHT="39" WC="0.90" CONTENT="Statsbidragssakkunniga"/><SP WIDTH="28" VPOS="2404" HPOS="1324"/>
							<String ID="string_353" HPOS="1352" VPOS="2407" WIDTH="63" HEIGHT="29" WC="0.91" CONTENT="har"/><SP WIDTH="29" VPOS="2407" HPOS="1415"/>
							<String ID="string_354" HPOS="1444" VPOS="2408" WIDTH="143" HEIGHT="29" WC="0.91" CONTENT="föresla-"/>
						</TextLine>
						<TextLine ID="line_41" HPOS="96" VPOS="2451" WIDTH="1490" HEIGHT="46">
							<String ID="string_355" HPOS="96" VPOS="2451" WIDTH="47" HEIGHT="37" WC="0.61" CONTENT="sit"/><SP WIDTH="20" VPOS="2451" HPOS="143"/>
							<String ID="string_356" HPOS="163" VPOS="2461" WIDTH="40" HEIGHT="19" WC="0.96" CONTENT="en"/><SP WIDTH="22" VPOS="2461" HPOS="203"/>
							<String ID="string_357" HPOS="225" VPOS="2452" WIDTH="77" HEIGHT="28" WC="0.95" CONTENT="från"/><SP WIDTH="21" VPOS="2452" HPOS="302"/>
							<String ID="string_358" HPOS="323" VPOS="2453" WIDTH="39" HEIGHT="28" WC="0.94" CONTENT="25"/><SP WIDTH="24" VPOS="2453" HPOS="362"/>
							<String ID="string_359" HPOS="386" VPOS="2453" WIDTH="47" HEIGHT="28" WC="0.96" CONTENT="till"/><SP WIDTH="24" VPOS="2453" HPOS="433"/>
							<String ID="string_360" HPOS="457" VPOS="2453" WIDTH="37" HEIGHT="28" WC="0.92" CONTENT="75"/><SP WIDTH="20" VPOS="2453" HPOS="494"/>
							<String ID="string_361" HPOS="514" VPOS="2457" WIDTH="23" HEIGHT="26" WC="0.85" CONTENT="Z"/><SP WIDTH="23" VPOS="2457" HPOS="537"/>
							<String ID="string_362" HPOS="560" VPOS="2455" WIDTH="168" HEIGHT="36" WC="0.96" CONTENT="graderad"/><SP WIDTH="23" VPOS="2455" HPOS="728"/>
							<String ID="string_363" HPOS="751" VPOS="2456" WIDTH="108" HEIGHT="32" WC="0.96" CONTENT="skala,"/><SP WIDTH="21" VPOS="2456" HPOS="859"/>
							<String ID="string_364" HPOS="880" VPOS="2457" WIDTH="115" HEIGHT="28" WC="0.96" CONTENT="vilken"/><SP WIDTH="22" VPOS="2457" HPOS="995"/>
							<String ID="string_365" HPOS="1017" VPOS="2458" WIDTH="106" HEIGHT="37" WC="0.96" CONTENT="enligt"/><SP WIDTH="20" VPOS="2458" HPOS="1123"/>
							<String ID="string_366" HPOS="1143" VPOS="2459" WIDTH="40" HEIGHT="28" WC="0.93" CONTENT="de"/><SP WIDTH="22" VPOS="2459" HPOS="1183"/>
							<String ID="string_367" HPOS="1205" VPOS="2459" WIDTH="241" HEIGHT="38" WC="0.92" CONTENT="sakkunnigas"/><SP WIDTH="22" VPOS="2459" HPOS="1446"/>
							<String ID="string_368" HPOS="1468" VPOS="2462" WIDTH="118" HEIGHT="29" WC="0.92" CONTENT="uträk-"/>
						</TextLine>
					</TextBlock>
				</ComposedBlock>
			</PrintSpace>
		</Page>
	</Layout>
</alto>
