2236 2640
432 223 19 31 4
949 225 230 38 Lagutskottets
1206 226 161 31 Utlåtande
1389 226 59 30 N:o
1471 226 53 29 21.

575 301 126 38 Sedan
742 302 90 37 dess
874 303 68 36 har
983 302 135 49 frågan
1161 316 60 23 om
1265 302 220 50 skyldighet
1526 303 58 37 för
1627 308 147 32 statens
1809 304 228 48 jordbruks-

433 352 184 37 domäner
652 358 55 32 att
745 352 78 38 lika
860 353 85 37 med
987 366 126 24 annan
1136 353 399 49 jordbruksfastighet
1563 353 157 50 deltaga
1747 354 12 36 i
1787 355 251 48 skjutsentre-

432 402 336 50 prenadbidragen
792 403 72 38 fått
891 403 112 38 hvila.
1057 404 153 49 Frågan
1237 404 12 36 i
1272 404 118 48 öfrigt
1416 404 83 37 blef
1523 404 170 38 deremot
1712 411 106 31 snart
1831 418 77 36 nog
1925 408 20 34 å
1962 419 75 36 nyo

433 454 146 49 dragen
618 453 122 38 under
780 454 241 50 Riksdagens
1058 455 194 49 pröfning.
1304 454 72 37 Vid
1416 457 96 36 1888
1564 459 61 34 års
1663 455 161 50 riksdag
1867 456 171 49 föreslog

432 504 194 49 nemligen
664 505 88 36 herr
794 505 35 37 J.
858 505 210 37 Rundbäck
1110 506 55 37 uti
1193 519 48 23 en
1268 505 100 37 inom
1398 506 131 37 Andra
1556 506 234 37 Kammaren
1819 507 112 37 väckt
1959 520 79 24 mo-

431 555 92 48 tion,
563 561 55 31 att
656 555 276 50 förordningen
972 569 60 24 om
1068 556 198 48 landsting
1294 559 117 34 måtte
1439 560 43 33 så
1510 557 152 48 ändras,
1692 563 55 31 att
1775 557 74 37 den
1874 557 162 49 skilnad,

432 619 80 23 som
537 606 12 35 1
576 605 252 39 förevarande
858 606 180 38 afseende
1070 607 139 37 funnes
1238 607 139 37 mellan
1405 607 292 38 föreskrifterna
1724 608 11 36 i
1764 608 168 37 nämnda
1960 608 75 38 för-

432 656 164 49 ordning
634 657 70 36 och
743 657 276 49 förordningen
1059 671 58 23 om
1148 658 385 49 kommunalstyrelse
1564 662 20 33 å
1616 658 143 49 landet,
1788 658 126 38 blefve
1941 672 96 36 upp-

431 706 104 38 häfd.
588 707 18 37 I
645 707 178 38 häröfver
862 707 163 50 afgifvet
1065 708 209 49 utlåtande,
1310 722 60 23 n:o
1408 711 60 47 45,
1498 709 159 38 anförde
1681 709 270 49 lagutskottet,
1979 710 57 37 dit

432 757 163 38 berörda
631 758 143 37 motion
816 759 209 48 hänvisats,
1067 759 96 36 huru
1206 773 80 23 som
1324 760 187 37 utskottet
1534 760 59 38 för
1621 760 58 37 sin
1707 760 63 37 del
1797 760 83 37 icke
1907 760 128 38 kunde

431 808 104 37 finna
561 811 119 46 något
707 809 131 50 giltigt
866 810 83 37 skäl
978 809 58 38 för
1078 809 74 37 den
1181 809 161 47 skilnad,
1373 824 80 23 som
1482 811 12 36 i
1521 810 47 38 de
1597 811 191 37 särskilda
1816 810 218 39 författnin-

431 872 121 35 garne
593 859 125 37 blifvit
754 860 13 36 1
795 874 50 23 nu
873 860 294 49 ifrågavarande
1197 860 182 38 afseende
1406 861 114 49 gjord
1548 861 238 38 beträffande
1814 862 221 48 grunderna

431 911 59 36 för
517 910 214 48 utgörande
761 911 41 37 af
826 911 423 49 kommunalutskylder
1294 911 70 37 och
1402 912 335 49 landstingsskatt,
1766 912 155 38 hvilken
1949 913 87 36 sist-

430 961 167 37 nämnda
620 961 43 48 ju
692 961 115 37 äfven
833 961 58 37 till
919 962 58 37 sin
1005 968 111 31 natur
1144 975 90 23 vore
1262 976 47 23 en
1337 962 338 48 kommunalskatt,
1704 964 120 36 ehuru
1840 964 194 48 utgående

430 1011 60 38 för
517 1025 48 24 en
592 1017 121 32 större
742 1012 203 37 kommuns
972 1012 128 47 behof,
1142 1012 70 37 och
1242 1019 55 31 att
1325 1013 186 37 utskottet
1540 1013 112 50 förty,
1681 1014 77 37 lika
1787 1014 85 37 med
1903 1015 132 36 motio-

429 1067 131 43 nären,
588 1065 144 45 ansåge
761 1068 55 32 att
840 1063 162 49 ändring
1028 1063 12 36 i
1067 1062 180 49 gällande
1275 1063 290 38 bestämmelser
1593 1064 119 37 borde
1739 1064 68 37 ske
1820 1065 57 37 till
1895 1068 139 45 åväga-

429 1112 213 50 bringande
671 1113 41 37 af
736 1112 264 48 likformighet
1027 1113 241 38 härutinnan.
1322 1114 330 38 Arrendatorerna
1682 1114 351 50 afifrågavarande

430 1163 234 49 egendomar
706 1163 124 38 skulle
868 1164 227 49 visserligen
1134 1164 223 49 härigenom
1397 1164 39 37 få
1475 1164 59 50 sig
1573 1165 139 49 ålagda
1752 1165 168 50 afgifter,
1949 1166 85 37 från

429 1214 129 37 hvilka
586 1214 47 37 de
662 1213 102 39 förut
794 1215 153 48 åtnjutit
974 1214 195 47 befrielse;
1200 1228 87 24 men
1314 1214 375 50 landstingsskatten
1717 1229 90 24 vore
1835 1216 12 37 i
1875 1216 159 38 allmän-

428 1265 66 36 het
531 1265 83 37 icke
654 1264 42 37 af
733 1265 75 37 den
848 1265 245 50 betydenhet,
1124 1272 54 30 att
1206 1265 106 38 detta
1339 1265 239 38 förhållande
1608 1267 117 37 borde
1754 1267 121 37 väcka
1903 1271 129 45 någon

429 1315 266 49 betänklighet
735 1321 79 32 mot
851 1316 75 37 den
966 1316 220 49 föreslagna
1228 1316 222 49 ändringen.
1504 1317 204 37 Dessutom
1749 1331 91 24 vore
1880 1318 63 36 väl
1983 1322 49 46 på

429 1369 142 46 många
610 1366 151 49 ställen,
814 1369 124 35 såsom
987 1367 237 37 motionären
1265 1367 145 50 antydt,
1452 1367 113 37 dessa
1605 1368 267 38 arrendatorer
1912 1368 119 38 redan

428 1416 182 38 taxerade
639 1416 58 38 för
724 1417 168 37 inkomst
917 1417 41 38 af
994 1417 176 38 arrendet
1209 1418 71 37 och
1308 1418 153 49 deltoge
1490 1421 49 46 på
1566 1418 125 37 denna
1718 1419 124 49 grund
1871 1419 12 37 i
1905 1419 128 38 lands-

429 1467 272 49 tingsskatten,
730 1468 146 37 hvilket
903 1467 224 50 emellertid,
1156 1468 130 38 derest
1314 1469 257 37 motionärens
1598 1469 148 50 förslag
1775 1470 126 38 blefve
1935 1484 96 36 upp-

428 1518 110 49 höjdt
565 1518 56 37 till
648 1518 77 50 lag,
754 1519 34 49 ej
818 1519 129 37 vidare
976 1519 122 37 skulle
1126 1532 74 36 ega
1228 1533 95 24 rum.

571 1569 53 37 På
665 1569 114 37 dessa
807 1570 83 36 skäl
918 1569 213 38 hemstälde
1158 1570 200 49 utskottet,
1388 1576 54 32 att
1469 1570 222 50 Riksdagen
1719 1571 100 49 ville,
1849 1572 84 37 med
1965 1586 64 24 an-

427 1618 158 50 ledning
613 1619 41 37 af
679 1620 203 48 motionen,
910 1620 11 36 i
950 1620 199 37 skrifvelse
1178 1620 163 49 anhålla,
1378 1621 64 37 det
1474 1622 149 36 täcktes
1650 1622 141 49 Kongl.
1820 1623 107 48 Maj:t
1954 1623 78 38 låta

426 1670 177 37 utarbeta
642 1670 71 37 och
754 1670 59 38 för
848 1670 221 50 Riksdagen
1110 1670 217 50 framlägga
1355 1671 146 50 förslag
1528 1672 56 37 till
1613 1672 144 38 sådana
1785 1673 207 49 ändringar
2019 1675 12 36 i

427 1720 181 49 gällande
649 1721 257 49 lagstiftning,
950 1727 54 32 att
1024 1721 408 50 jordbruksfastighet,
1473 1723 59 36 för
1572 1723 155 38 hvilken
1756 1723 210 50 bevillning
1994 1726 34 47 ej

427 1771 192 49 erlägges,
658 1772 98 36 skall
795 1772 154 49 påföras
990 1772 324 49 landstingsskatt
1356 1773 97 37 efter
1493 1773 66 38 det
1598 1774 152 50 belopp,
1779 1788 94 35 som,
1901 1775 129 38 derest

427 1821 210 50 bevillning
666 1822 58 37 för
753 1822 236 50 fastigheten
1017 1823 122 37 skulle
1166 1827 106 45 utgå,
1300 1827 49 46 på
1375 1824 125 49 grund
1531 1824 42 37 af
1596 1825 335 49 taxeringsvärdet
1950 1832 80 32 mot

427 1871 120 38 sådan
575 1872 211 50 bevillning
814 1887 142 35 svarar,
985 1873 198 38 hvaremot
1210 1874 168 38 inkomst
1406 1875 42 37 af
1468 1875 161 37 arrende
1658 1876 59 37 för
1745 1876 119 37 sådan
1893 1876 137 50 fastig-

426 1922 66 37 het
521 1923 33 49 ej
585 1923 97 37 skall
710 1924 63 37 vid
803 1923 199 38 åsättande
1031 1924 41 37 af
1096 1924 323 50 landstingsskatt
1446 1931 113 43 tagas
1586 1926 12 36 i
1626 1926 225 49 beräkning.

577 1974 134 38 Denna
750 1975 208 37 utskottets
999 1975 228 37 hemställan
1256 1976 83 37 blef
1364 1976 41 37 af
1428 1976 131 37 Andra
1586 1976 235 38 Kammaren
1848 1983 91 33 utan
1964 1992 65 24 vo-

425 2024 127 49 tering
580 2024 168 49 bifallen,
777 2039 87 23 men
893 2026 146 48 afslogs
1068 2026 41 37 af
1133 2026 137 38 Första
1297 2026 231 38 Kammaren
1557 2027 85 37 med
1671 2029 46 36 47
1735 2033 122 32 röster
1874 2035 78 31 mot
1967 2032 59 35 39.

576 2075 72 37 Vid
678 2076 170 48 följande
875 2076 159 49 riksdag
1062 2077 185 49 förnyade
1274 2077 209 38 emellertid
1501 2078 88 37 herr
1607 2078 212 38 Rundbäck
1836 2080 57 36 sin
1910 2079 116 38 fram-

426 2125 194 49 ställning,
662 2140 82 23 som
783 2140 49 22 nu
875 2126 179 49 åtföljdes
1094 2127 41 36 af
1159 2128 146 49 förslag
1328 2128 57 37 till
1413 2128 144 37 ändrad
1586 2129 146 49 lydelse
1763 2130 41 37 af
1829 2133 21 33 2
1875 2143 111 24 mom.
2016 2131 11 36 i

426 2174 22 46 $
477 2176 46 35 47
555 2176 41 36 af
630 2176 276 49 förordningen
940 2190 59 24 om
1029 2176 207 50 landsting.
1290 2178 214 49 Förslaget,
1527 2179 144 49 jemväl
1700 2180 49 37 då
1775 2180 184 50 tillstyrkt
1988 2181 43 36 af

424 2225 200 49 utskottet,
665 2226 83 38 blef
783 2227 125 38 denna
949 2231 106 46 gång
1094 2227 41 38 af
1171 2228 100 37 båda
1309 2230 201 37 kamrarne
1542 2248 49 7 —
1619 2231 136 36 Första
1793 2231 234 37 Kammaren

426 2276 98 38 efter
562 2278 250 49 omröstning,
853 2277 131 39 dervid
1014 2282 46 35 53
1088 2284 124 33 röster
1240 2279 177 50 afgåfvos
1444 2280 60 38 för
1532 2281 69 37 och
1631 2283 47 35 38
1707 2286 79 32 mot
1813 2280 214 40 detsamma
