2212 2622
740 146 235 42 Lagutskottets
997 146 164 33 utlåtande
1184 146 53 32 Nr
1259 148 52 31 31.
1741 148 33 31 11

827 538 396 40 Reservationer:

354 642 74 35 dels
458 654 46 22 av
533 641 85 35 herr
649 642 203 46 Holmdahl,
882 654 82 23 som
995 641 141 36 anfört:

353 692 96 48 »Jag
496 692 67 36 har
604 692 58 36 för
700 693 77 35 min
806 693 59 36 del
894 692 82 36 icke
1004 693 146 35 kunnat
1178 692 144 36 biträda
1351 693 71 36 den
1451 692 162 49 ändring
1640 694 11 35 i
1680 694 138 48 Kungl.

224 743 126 49 Maj:ts
379 744 155 48 förslag,
568 756 81 24 som
679 746 69 46 går
776 750 40 30 ut
844 746 48 46 på
920 749 52 31 att
1001 744 224 36 tillerkänna
1256 744 138 49 Kungl.
1426 744 105 48 Maj:t
1550 749 73 31 rätt
1656 750 54 31 att
1724 746 96 47 jäm-

223 796 61 35 väl
327 795 118 36 under
486 808 47 23 nu
568 795 196 50 pågående
791 795 157 50 riksdag
975 795 149 36 utfärda
1153 810 50 35 ny
1232 796 266 48 moratorielag
1513 801 102 46 utan
1644 802 54 31 att
1725 797 94 35 riks-

222 847 123 49 dagen
387 851 138 45 prövar
565 847 71 36 och
682 847 165 37 beslutar
888 861 61 23 om
992 847 124 36 denna
1157 848 83 48 lags
1268 847 176 36 innehåll.
1502 847 223 50 Ändringen
1753 848 68 36 har

223 898 196 37 föranletts
460 898 127 48 därav,
631 904 53 31 att
724 899 122 48 enligt
882 899 165 49 uppgift,
1076 899 324 48 riksdagsarbetet
1429 899 11 35 i
1468 899 206 49 anledning
1702 913 45 22 av
1776 900 44 36 de

221 950 237 37 förestående
495 950 432 49 rikgsdagsmannavalen
955 950 121 37 skulle
1104 951 153 36 komma
1285 956 51 30 att
1363 951 119 36 under
1510 951 101 36 tiden
1641 952 79 35 från
1749 951 68 36 och

222 1001 84 37 med
335 1002 72 36 den
439 1004 17 34 1
489 1002 53 36 till
571 1002 70 36 den
674 1004 21 34 38
725 1002 313 37 nästkommande
1066 1002 213 49 september
1306 1002 170 36 inställas
1504 1002 70 36 och
1603 1009 55 30 att
1686 1003 10 35 i
1724 1002 93 49 följd

222 1053 115 36 därav
365 1053 63 36 det
458 1054 149 48 företag
635 1054 55 35 till
719 1054 66 48 lag
812 1067 60 22 om
902 1059 84 43 nytt
1015 1054 255 46 moratorium,
1299 1054 133 35 räknat
1460 1054 82 36 från
1571 1054 70 36 den
1671 1056 20 33 6
1713 1060 106 30 nästa

221 1105 223 49 september,
487 1118 81 23 som
611 1105 142 49 Kungl.
796 1105 108 48 Maj:t
945 1105 81 36 haft
1069 1106 58 35 för
1168 1105 123 37 avsikt
1319 1111 53 30 att
1400 1105 215 49 framlägga
1643 1106 53 35 till
1724 1105 95 36 riks-

221 1156 145 49 dagens
394 1157 230 49 avgörande,
653 1157 82 37 icke
764 1157 119 36 skulle
911 1157 130 35 kunna
1070 1171 46 22 av
1143 1157 206 49 riksdagen
1378 1156 216 37 behandlas.

349 1209 77 48 Jag
467 1209 75 35 kan
584 1208 82 37 icke
710 1209 114 47 finna,
866 1214 54 31 att
959 1208 205 49 riksdagen
1206 1209 67 36 har
1312 1214 73 30 rätt
1421 1214 52 30 att
1502 1222 45 22 av
1576 1209 133 36 sådant
1737 1209 80 36 skäl

220 1260 251 48 undandraga
512 1260 62 49 sig
615 1265 55 31 att
703 1260 11 36 i
742 1260 316 49 grundlagsenlig
1086 1260 163 48 ordning
1279 1260 184 36 behandla
1491 1260 157 36 berörda
1677 1261 142 48 förslag

220 1311 56 36 till
304 1325 51 35 ny
397 1312 279 49 moratorielag.
747 1312 81 35 Den
857 1311 320 49 utomordentliga
1205 1311 192 49 betydelse
1425 1312 123 35 denna
1576 1312 64 49 lag
1668 1312 66 36 har
1764 1312 56 36 för

220 1362 84 37 hela
344 1366 86 33 vårt
470 1363 245 37 ekonomiska
749 1363 51 36 liv
828 1363 114 37 borde
969 1363 60 36 väl
1058 1377 89 22 vara
1176 1362 202 50 tillräcklig
1406 1363 206 49 anledning
1639 1364 57 36 för
1723 1363 95 37 riks-

220 1414 144 49 dagens
392 1415 205 36 ledamöter
625 1421 55 30 att
707 1415 205 36 inskränka
941 1415 161 37 ferierna
1126 1419 40 33 så
1188 1420 54 32 att
1261 1415 101 36 detta
1381 1415 210 49 lagförslag
1610 1418 60 33 må
1690 1416 128 35 kunna

219 1466 120 37 under
367 1467 129 49 loppet
524 1480 45 23 av
598 1467 313 37 nästkommande
939 1467 118 37 vecka
1085 1481 48 22 av
1160 1468 204 47 riksdagen
1393 1466 239 38 behandlas.»

349 1571 75 35 dels
462 1584 46 22 av
551 1570 126 37 herrar
721 1572 139 35 Schotte
901 1570 71 37 och
1012 1572 89 44 Igel,
1144 1571 102 36 vilka
1279 1571 11 36 i
1319 1570 198 36 huvudsak
1546 1570 153 36 instämt
1732 1571 84 36 med

218 1622 87 35 herr
346 1621 204 37 Holmdahl
593 1622 71 36 och
706 1622 190 36 dessutom
930 1622 136 36 uttalat
1094 1622 304 49 betänkligheter
1427 1628 77 30 mot
1531 1627 56 30 att
1615 1622 200 48 riksdagen

219 1673 237 36 överlämnar
498 1676 37 33 åt
578 1674 205 48 konungen
817 1678 55 31 att
898 1673 158 49 vidtaga
1084 1674 206 48 ändringar
1318 1674 11 35 i
1358 1687 47 22 av
1433 1673 166 49 Konung
1626 1673 69 36 och
1724 1674 93 35 riks-

218 1724 76 49 dag
322 1730 238 43 gemensamt
588 1725 129 37 stiftad
741 1725 75 49 lag.

348 1829 75 36 dels
452 1831 62 34 ock
543 1842 47 22 av
619 1829 86 36 herr
731 1830 227 46 Lindhagen,
988 1842 81 23 som
1100 1829 138 36 anfört:

351 1880 104 36 »Den
484 1894 50 22 nu
563 1881 177 48 gällande
768 1880 314 49 moratorielagen
1113 1880 85 37 blev
1226 1883 49 47 på
1302 1880 267 50 lagutskottete
1594 1881 222 36 hemställan

218 1945 46 23 av
306 1932 203 48 riksdagen
551 1932 186 37 utsträckt
778 1939 52 30 att
871 1932 11 36 i
925 1933 109 48 fråga
1075 1946 60 22 om
1183 1933 169 48 åtskillig
1389 1933 88 48 gäld
1506 1933 101 48 gälla
1635 1933 96 36 ända
1760 1934 56 35 till

217 1983 72 36 den
316 1985 18 33 7
366 1983 156 36 oktober
553 1985 109 34 1914.
718 1984 80 36 Mot
825 1984 112 36 bland
969 1988 116 32 annat
1113 1984 101 36 detta
1243 1983 122 37 beslut
1392 1984 236 37 reserverade
1649 1985 68 47 jag
1736 1985 81 48 mig

217 2035 103 35 inom
349 2035 185 35 utskottet
562 2035 119 36 under
710 2035 283 40 framhållande,
1023 2040 53 31 att
1103 2035 63 36 det
1193 2041 130 43 syntes
1352 2040 181 44 tryggare
1561 2041 53 30 att
1641 2036 72 35 låta
1735 2036 81 35 där-

217 2085 86 37 med
333 2089 106 33 anstå
469 2086 57 36 för
555 2092 53 30 att
639 2087 94 35 fram
761 2091 101 32 emot
889 2086 74 36 den
992 2087 151 36 kortare
1172 2087 323 36 moratorietidens
1524 2090 144 46 utgång
1694 2087 121 36 bättre

218 2137 129 37 kunna
375 2137 208 37 överskåda
611 2138 172 37 behovet.
839 2138 55 36 De
921 2138 151 50 yppade
1100 2138 71 37 och
1200 2138 252 48 överklagade
1473 2141 138 46 många
1631 2139 185 36 bristerna

219 2190 12 35 i
259 2189 124 36 denna
412 2190 64 48 lag
504 2190 105 36 torde
636 2189 109 49 visat,
774 2195 54 31 att
856 2190 123 36 denna
1007 2190 246 49 uppfattning
1279 2190 82 36 icke
1389 2191 133 35 saknat
1551 2191 74 48 fog.

347 2241 57 36 Då
432 2254 50 23 nu
511 2240 240 51 ifrågasättes
780 2247 53 31 ett
861 2241 168 50 förlängt
1070 2242 256 47 moratorium,
1355 2255 80 23 som
1465 2242 94 36 skall
1587 2247 138 31 ersätta
1753 2242 63 36 det
