1888 2804
328 193 38 29 12
794 198 230 29 Statsutskottets
1045 200 150 28 utlåtande
1216 211 37 18 nr
1274 203 65 26 210.

324 272 77 31 sökt
421 272 45 40 på
487 273 98 31 bästa
607 276 67 29 sätt
694 276 235 38 upprätthålla
951 279 151 38 reguljär
1120 280 108 30 trafik
1249 280 45 40 på
1316 282 108 31 öarna
1447 282 95 31 såväl
1564 293 153 22 sommar
1739 295 74 20 som

324 316 119 37 vinter,
463 318 11 29 i
494 318 108 31 första
622 319 96 31 hand
737 320 63 31 bör
819 321 264 39 ifrågakomma,
1105 325 65 29 när
1190 325 56 30 det
1265 326 66 29 blir
1350 326 99 39 fråga
1470 336 57 21 om
1547 338 42 20 en
1609 329 203 40 utvidgning

324 370 42 21 av
389 362 151 31 trafiken
563 365 68 29 med
665 365 128 38 statligt
816 367 85 29 stöd.
938 367 64 30 Det
1026 369 110 29 skulle
1160 369 192 39 säkerligen
1375 380 43 21 ur
1438 371 55 31 det
1516 373 195 31 allmännas
1734 384 77 29 syn-

323 406 111 38 punkt
453 416 82 22 vara
555 408 157 39 billigare
730 411 78 29 med
826 412 189 30 understöd
1034 411 35 31 åt
1087 422 42 21 en
1149 414 113 38 privat
1281 415 82 38 linje
1382 415 80 31 från
1483 416 131 39 Hjuvik
1633 418 50 29 till
1704 419 107 30 öarna

322 451 45 29 än
386 452 79 29 med
485 452 112 39 statlig
618 453 116 31 trafik,
766 455 120 30 Trafik
907 465 42 21 av
968 456 215 32 sistnämnda
1204 459 106 38 slaget
1331 460 110 30 skulle
1462 461 166 36 medföra,
1651 466 49 26 att
1720 463 91 38 inget

322 504 43 20 av
391 494 286 41 trafikföretagen
703 498 109 31 skulle
837 499 36 31 få
898 499 189 32 inkomster
1113 503 66 29 och
1206 502 139 38 utgifter
1371 508 49 26 att
1448 504 42 39 gå
1515 504 92 40 ihop.
1637 506 100 31 Detta
1764 507 48 30 bli

321 538 38 38 ju
379 540 11 29 i
410 540 81 31 sista
511 541 96 30 hand
626 542 253 33 trafikanterna
900 545 139 31 lidande
1058 546 54 39 på.
1147 547 14 29 I
1184 547 149 39 enlighet
1353 549 79 30 med
1450 550 67 29 vad
1537 551 33 29 vi
1590 550 94 31 förut
1705 551 105 31 fram-

321 582 99 33 hållit
438 585 109 31 skulle
565 587 90 29 dock
675 588 66 29 den
759 589 123 30 största
900 589 252 40 förbättringen
1171 592 10 29 i
1199 592 160 37 trafiken,
1380 594 139 30 särskilt
1533 594 277 38 vintertrafiken,

322 637 82 22 vara
426 629 248 33 anskaffandet
696 642 42 20 av
761 637 45 26 ett
826 633 144 39 kraftigt
990 634 200 39 isbrytande
1210 636 124 40 fartyg.

366 726 185 40 Göteborgs
578 729 122 38 Trafik
725 731 204 39 aktiebolag,
954 743 76 20 som
1052 733 159 32 bedriver
1235 734 266 39 passbåtstrafik
1526 738 127 30 mellan
1679 738 131 38 Hjuvik

320 782 67 29 och
410 783 106 30 öarna
538 783 10 30 i
573 778 135 36 Öckerö
729 785 168 39 skärgård
920 787 65 30 har
1006 788 182 36 meddelat,
1213 792 49 27 att
1284 790 153 38 bolagets
1459 790 100 31 båtar
1581 792 110 31 under
1714 792 93 30 tiden

320 833 67 30 den
409 836 14 28 1
447 833 241 34 februari-—25
709 847 92 21 mars
825 840 82 29 1945
930 839 177 32 befordrat
1128 842 20 28 9
1162 842 64 30 423
1247 850 232 31 passagerare,
1501 845 66 29 och
1587 845 11 29 i
1619 845 111 39 övrigt
1750 855 58 20 an-

318 885 70 32 fört
410 888 163 39 följande.

363 958 82 31 Som
472 959 155 40 framgår
656 971 44 21 av
730 963 65 29 den
823 964 162 30 lämnade
1014 965 182 38 uppgiften
1223 966 66 30 har
1318 968 351 31 resandefrekvensen
1698 971 111 29 under

318 1001 95 32 hand
435 1003 91 39 stigit
547 1006 64 29 och
633 1005 158 32 kommer
811 1007 192 39 säkerligen
1025 1013 50 26 att
1097 1013 130 35 stegras
1249 1011 195 38 ytterligare
1466 1014 66 29 vad
1553 1014 56 29 det
1631 1014 86 30 lider
1736 1018 72 27 mot

318 1056 204 22 sommaren.
559 1050 49 30 De
631 1049 210 40 svårigheter
863 1053 33 29 vi
919 1053 77 30 haft
1017 1058 49 26 att
1087 1054 130 40 kämpa
1240 1060 71 26 mot
1332 1057 111 30 under
1465 1057 206 39 föregående
1694 1058 38 31 år
1755 1058 51 31 så-

317 1101 75 21 som
411 1093 133 31 mindre
563 1095 90 38 goda
673 1096 186 31 drivmedel
879 1102 89 26 samt
985 1099 42 29 de
1045 1099 11 29 i
1075 1100 172 30 samband
1264 1101 146 30 härmed
1429 1100 284 33 återkommande
1735 1113 71 20 om-

316 1137 250 39 ställningarna
594 1149 42 20 av
665 1144 196 28 motorerna
888 1142 46 30 ha
962 1143 139 37 givetvis
1130 1145 143 38 menligt
1299 1145 158 31 inverkat
1482 1146 46 39 på
1555 1148 251 30 allmänhetens

316 1181 207 37 förtroende,
543 1193 79 20 men
641 1188 53 26 tro
714 1186 33 29 vi
765 1195 54 21 oss
838 1195 57 27 nu,
917 1188 106 29 sedan
1042 1196 69 30 nya
1131 1192 152 27 motorer
1301 1190 235 37 inmonterats,
1555 1192 121 30 kunna
1695 1193 110 30 räkna

316 1227 78 29 med
420 1227 135 30 alltmer
581 1230 157 37 stegrade
762 1232 352 37 passageraresiffror.
1143 1233 286 38 Representanter
1455 1234 55 31 för
1538 1236 41 29 de
1606 1236 93 30 olika
1728 1237 76 29 öbe-

315 1269 246 40 folkningarna
583 1273 45 30 ha
652 1274 58 29 vid
733 1275 198 38 upprepade
954 1275 158 31 tillfällen
1136 1277 83 38 givit
1241 1279 138 37 uttryck
1403 1278 34 31 åt
1460 1280 56 30 sitt
1539 1284 92 26 stora
1656 1280 150 38 gillande

315 1323 43 21 av
380 1315 61 30 vår
462 1318 200 37 nystartade
683 1318 106 30 trafik
811 1324 88 26 samt
921 1322 152 37 uttryckt
1095 1322 67 29 den
1183 1322 280 40 förhoppningen
1485 1328 49 26 att
1556 1325 32 29 vi
1609 1325 76 30 icke
1707 1326 98 29 skola

314 1359 168 39 nedlägga
505 1361 160 32 trafiken.
