2224 2604
219 536 156 29 Utskottets

222 572 141 33 yttrande.

442 138 20 33 4
927 137 246 33 Statsutskottets
1197 137 158 32 utlåtande
1378 137 53 31 Nr
1455 138 50 31 31.

407 227 130 43 medel,
567 239 80 23 som
676 228 131 44 inflyta
835 228 84 34 från
947 228 272 44 fastigheterna
1246 228 10 33 i
1284 227 252 44 Köpenhamn
1565 227 69 34 och
1658 227 247 44 Helsingfors,
1922 227 92 46 böra

408 279 56 34 till
493 290 44 22 en
568 279 132 43 början
728 278 39 35 få
795 279 137 34 anlitas
959 278 58 35 för
1045 278 187 44 gäldande
1260 290 47 22 av
1335 277 161 35 sålunda
1524 277 236 44 erforderligt
1787 278 135 44 belopp
1947 278 67 34 och

407 328 166 35 därefter
613 330 130 34 ställas
782 330 56 33 till
879 329 139 43 Kungl.
1060 328 130 44 Maj:ts
1232 328 232 44 förfogande,
1498 328 58 35 för
1583 331 57 31 att
1666 328 12 33 i
1706 328 86 34 mån
1820 339 47 23 av
1894 329 121 34 behov

406 379 194 35 användas
641 380 56 34 till
739 380 194 43 ändrings-
974 380 68 34 och
1082 379 390 45 reparationsarbeten
1514 379 21 34 å
1575 378 166 36 nämnda
1781 379 88 34 eller
1896 379 118 35 andra

403 433 142 32 statens
572 430 221 44 fastigheter
821 430 242 35 utomlands.»

539 531 269 35 Kostnaderna
849 532 58 34 för
946 531 364 44 iordningställande
1343 543 47 22 av
1418 531 290 44 ifrågavarande
1736 531 278 44 beskicknings-

404 582 68 34 och
513 582 251 34 konsulathus
805 593 114 32 synas
950 582 220 43 visserligen
1203 582 192 40 utskottet,
1425 582 150 34 särskilt
1602 582 75 34 vad
1705 581 117 44 angår
1849 581 166 35 beskick-

408 633 223 43 ningshuset
672 633 11 33 i
723 633 248 43 Helsingfors,
1012 633 61 33 väl
1115 633 109 43 höga,
1266 644 83 23 men
1379 632 69 35 har
1475 633 184 34 utskottet
1687 632 62 34 det
1778 632 129 34 oaktat
1933 632 79 34 icke

406 683 101 34 velat
534 686 179 31 motsätta
744 684 55 43 sig
825 684 140 43 Kungl.
990 683 128 43 Maj:ts
1138 682 152 44 förslag.
1344 683 193 34 Utskottet
1555 683 221 34 förutsätter
1794 682 144 42 härvid,
1959 685 57 32 att

406 745 47 22 av
480 733 139 44 Kungl.
649 734 109 42 Maj:t
786 734 172 44 vidtagas
987 734 174 43 åtgärder
1189 733 57 35 för
1264 733 282 44 nedbringande
1566 734 11 33 i
1597 736 136 32 största
1752 732 157 44 möjliga
1927 732 87 35 mån

406 795 46 23 av
480 784 264 35 kostnaderna.

540 834 133 44 Enligt
701 835 200 34 utskottets
926 836 152 43 mening
1097 846 115 32 synas
1232 835 206 34 emellertid
1459 834 45 34 de
1524 834 245 44 hyresmedel,
1791 845 78 23 som
1888 834 129 34 kunna

407 884 133 44 inflyta
566 885 85 34 från
681 888 141 32 statens
850 886 221 43 fastigheter
1105 886 4 32 i
1138 886 251 43 Köpenhamn
1419 885 69 34 och
1506 884 248 44 Helsingfors,
1776 884 133 34 endast
1926 884 90 34 böra

410 935 94 35 efter
530 935 282 45 framställning
838 937 56 33 till
919 936 200 44 riksdagen
1154 936 194 34 användas
1384 936 59 34 för
1462 935 196 44 ändrings-
1679 935 68 42 och
1766 935 251 43 reparations-

409 986 151 34 arbeten
598 986 22 34 å
662 989 142 32 statens
845 987 222 44 fastigheter
1095 988 11 32 i
1134 986 183 35 utlandet.
1371 986 74 34 Det
1472 997 46 23 av
1546 986 142 43 Kungl.
1717 985 110 43 Maj:t
1854 985 163 43 begärda

406 1036 322 44 bemyndigandet
755 1040 55 31 att
837 1040 91 31 utan
948 1037 221 43 riksdagens
1189 1037 166 34 hörande
1376 1036 200 43 disponera
1596 1035 46 35 de
1661 1035 208 43 inflytande
1888 1036 128 43 hyres-

406 1086 146 35 medlen
581 1087 69 34 har
677 1088 182 33 utskottet
886 1087 239 44 följaktligen
1153 1087 80 33 icke
1261 1090 124 31 ansett
1411 1087 90 33 böra
1528 1087 159 33 lämnas.

540 1137 52 34 På
617 1137 123 43 grund
769 1149 46 22 av
842 1137 74 35 vad
945 1138 183 34 utskottet
1156 1137 158 35 sålunda
1343 1136 136 43 anfört,
1508 1136 58 35 får
1593 1137 182 34 utskottet
1804 1137 208 43 hemställa,

938 1242 55 31 att
1020 1239 201 43 riksdagen
1250 1238 60 34 må
1868 1274 2 3 .

938 1285 37 48 a)
1016 1289 187 43 medgiva,
1244 1292 55 31 att
1331 1289 62 35 det
1422 1289 21 34 å
1470 1290 230 43 tilläggsstat
1727 1290 57 33 till
1812 1289 201 34 riksstaten

807 1340 58 35 för
895 1340 41 34 år
967 1340 93 34 1920
1089 1339 181 35 anvisade
1298 1340 387 43 reservationsanslag
1712 1339 21 34 å
1754 1340 159 41 351,600
1932 1340 83 33 kro-

809 1402 68 23 nor
911 1391 56 34 till
995 1390 363 43 iordningställande
1387 1402 47 22 av
1462 1390 336 43 beskickningshus
1825 1390 12 33 i
1864 1390 152 43 Köpen-

808 1442 116 33 hamn
967 1441 60 34 må
1068 1441 118 43 enligt
1226 1441 138 42 Kungl.
1394 1440 128 42 Maj:ts
1554 1439 239 44 beprövande
1821 1439 195 36 användas

807 1491 57 34 till
907 1491 229 34 bekostande
1177 1502 48 22 av
1264 1490 138 43 nödiga
1444 1490 196 43 ändrings-
1669 1490 68 45 och
1765 1491 250 43 reparations-

810 1542 151 34 arbeten
990 1540 433 44 å-beskickningshusen
1452 1541 11 33 i
1482 1540 251 44 Köpenhamn
1754 1541 67 34 och
1841 1541 175 44 Helsing-

805 1592 78 34 fors
912 1595 177 31 ävensom
1118 1592 288 34 konsulathuset
1433 1592 12 33 i
1472 1591 197 44 Hamburg
1696 1595 97 31 samt
1820 1592 56 34 till
1901 1594 114 32 stäm-

806 1643 59 43 pel
907 1642 21 35 å
968 1642 399 44 lagfartshandlingar,
1410 1641 302 35 arkitektarvode
1753 1641 83 35 med
1881 1641 90 35 dera
2003 1643 48 33 i:

806 1693 182 34 samband
1029 1692 85 35 med
1155 1692 290 44 ifrågavarande
1485 1692 241 44 fastigheters
1764 1692 250 35 förvärvande

807 1744 67 34 och
903 1743 363 43 iordningställande
1294 1742 155 35 stående
1477 1742 167 44 utgifter,

938 1791 39 46 b)
1017 1794 177 41 förklara,
1224 1796 54 32 att
1305 1793 84 34 från
1417 1792 220 45 riksdagens
1666 1794 82 33 sida
1776 1794 133 33 hinder
1935 1794 79 34 icke

805 1848 119 31 möter
955 1847 66 40 att,
1051 1844 126 34 därest
1205 1844 144 34 danska
1377 1844 211 43 respektive
1615 1843 122 35 finska
1765 1847 123 31 staten
1916 1843 96 35 åter-

805 1895 125 34 betala
970 1894 213 35 motvärdet
1223 1894 94 35 efter
1356 1894 65 34 vid
1461 1894 103 34 tiden
1600 1894 59 34 för
1693 1894 320 44 återbetalningen

806 1945 174 45 gällande
1023 1945 184 43 dagskurs
1249 1957 46 22 av
1337 1948 54 31 ett
1431 1945 135 43 belopp
1608 1956 47 22 av
1698 1945 132 43 12,608
1868 1945 145 34 danska

806 1997 136 33 kronor
968 1996 211 43 respektive
1210 1996 157 42 135,000
1395 1995 121 34 finska
1543 1995 117 43 mark,
1691 2007 77 23 som
1797 1996 12 33 i
1836 1996 177 42 stämpel-

807 2047 69 33 och
916 2046 118 34 andra
1062 2046 164 44 avgifter
1252 2046 58 34 till
1338 2045 85 35 dem
1452 2046 138 43 erlagts
1619 2045 85 35 med
1733 2045 205 45 anledning
1965 2057 48 23 av

806 2097 151 34 förvärv
997 2108 47 23 av
1084 2095 486 45 beskickningsfastigheter
1610 2096 12 33 i
1663 2096 251 44 Köpenhamn
1943 2097 69 33 och

805 2147 248 44 Helsingfors,
1100 2146 84 35 från
1230 2147 135 35 svensk
1411 2146 82 35 sida
1536 2146 160 35 utfästes
1741 2146 170 35 befrielse
1955 2146 58 34 för

806 2198 145 34 danska
985 2197 211 46 respektive
1224 2197 121 35 finska
1365 2199 123 34 staten
1517 2197 58 35 för
1602 2197 46 35 de
1677 2197 334 45 stämpelavgifter,
