1886 2846
288 184 112 29 Första
422 185 193 28 kammarens
630 188 120 26 andra
774 181 166 35 tillfälliga
961 181 137 28 utskotts
1122 179 164 29 utlåtande
1309 178 47 28 Nr
1376 182 47 25 11.
1583 176 18 29 5

139 273 55 32 Nu
213 272 177 33 anmärkta
408 271 233 33 förhållanden
658 270 89 32 hava
765 268 184 34 emellertid
966 266 155 33 beaktats
1140 265 74 33 icke
1230 264 88 33 blott
1333 264 13 32 i
1365 261 231 40 föreliggande

96 324 133 33 motion.
269 323 209 33 Hithörande
494 322 163 39 spörsmål
674 321 89 32 hava
777 319 168 38 nämligen
960 319 128 32 berörts
1106 317 11 31 i
1134 316 206 33 motionerna
1354 314 11 32 i
1382 314 109 32 första
1506 312 90 33 kam-

97 387 112 21 maren
231 387 39 19 nr
293 376 39 31 63
354 386 41 20 av
416 374 115 31 herrar
554 372 151 33 Theodor
726 369 138 34 Nilsson
885 370 61 32 och
967 369 187 38 Sundberg,
1178 379 39 20 nr
1240 368 62 31 249
1326 378 42 20 av
1390 365 75 32 herr
1485 364 113 32 Johan

96 426 173 33 Bernhard
293 426 190 32 Johansson
508 425 60 32 och
589 436 38 20 nr
651 425 62 31 250
738 434 41 21 av
801 422 75 32 herr
901 420 166 34 Velander
1090 431 41 20 m.
1156 419 39 31 fl.
1219 421 89 29 samt
1328 416 12 32 i
1364 415 204 34 motionerna
1588 413 12 31 i

98 478 106 32 andra
222 477 193 32 kammaren
434 488 38 20 nr
492 477 40 31 22
553 488 42 20 av
613 475 76 32 herr
710 475 121 38 Lovén,
852 485 38 20 nr
912 473 61 32 129
994 484 41 20 av
1054 471 76 32 herr
1151 469 188 39 Lundqvist
1359 479 42 21 m.
1421 466 40 33 fl.
1481 465 60 33 och
1560 476 40 20 nr

96 531 63 31 459
179 541 42 20 av
239 529 76 32 herr
333 528 160 38 Hagberg
514 527 12 32 i
545 527 133 33 Malmö.

142 581 18 32 I
186 580 204 32 motionerna
414 580 33 32 I:
475 580 39 31 63
540 578 60 33 och
624 578 55 32 II:
705 578 52 37 22,
782 576 94 33 vilka
901 580 57 28 äro
983 572 230 40 likalydande,
1239 571 62 33 har
1325 569 200 39 hemställts,
1551 570 51 30 att

97 631 181 39 riksdagen
301 631 102 32 måtte
424 629 132 33 besluta
578 628 127 33 sådana
728 627 183 38 ändringar
932 626 12 33 i
965 625 100 39 lagen
1086 636 52 21 om
1160 622 197 38 utlännings
1380 624 69 29 rätt
1470 622 51 31 att
1540 618 62 33 här

98 683 11 32 i
131 682 88 33 riket
238 682 117 38 vistas,
378 682 19 32 3
418 681 79 38 kap.
521 681 38 32 15
582 679 61 33 och
665 680 41 32 16
729 677 50 40 8$,
802 681 51 30 att
871 677 13 33 i
905 677 192 32 densamma
1117 674 185 39 preciseras
1323 675 51 30 att
1392 671 93 38 varje
1508 673 93 30 ansö-

98 733 67 33 kan
193 745 52 21 om
274 733 119 32 inrese-
421 732 61 33 och
509 729 269 35 arbetstillstånd
807 729 53 32 för
887 726 184 35 utländska
1098 725 242 39 yrkesutövare
1367 720 235 39 ovillkorligen

100 784 88 33 skall
211 784 188 32 remitteras
423 782 54 33 till
499 793 85 27 resp.
610 778 348 41 fackorganisationer
981 777 54 33 för
1057 775 192 40 yttranden,
1273 774 60 33 och
1356 776 51 30 att
1429 772 11 32 i
1465 771 39 33 de
1527 770 75 38 fall,

100 835 42 33 då
162 835 98 33 dessa
279 833 365 40 fackorganissationer
663 831 114 33 kunna
796 829 119 40 påvisa
935 827 292 38 förefintligheten
1246 837 43 21 av
1308 824 60 33 och
1387 822 149 34 offerera
1554 821 48 33 in-

99 886 117 33 hemsk
238 885 133 39 fullgod
392 883 209 34 arbetskraft
622 883 44 38 på
688 893 86 27 resp.
796 880 166 38 områden,
984 879 120 33 inrese-
1126 877 61 33 och
1208 873 268 36 arbetstillstånd
1495 873 37 32 åt
1552 875 50 30 ut-

98 937 123 33 ländsk
241 936 240 39 yrkesutövare
503 934 73 33 icke
595 934 55 32 må
672 945 43 21 av
738 930 270 40 socialstyrelsen
1029 928 153 39 beviljas,
1204 927 165 38 varjämte
1390 923 212 34 motionärer-

101 1000 42 21 na
170 987 153 39 anhållit,
352 990 51 29 att
428 984 246 35 vederbörande
701 983 132 33 utskott
857 982 81 32 ville
965 985 82 34 göra
1074 979 62 33 den
1162 976 276 38 omformulering
1465 986 42 21 av
1533 974 69 38 lag-

100 1042 112 30 texten
235 1039 12 32 i
269 1050 85 21 ovan
377 1037 147 39 angivna
547 1034 212 41 paragrafer,
783 1046 68 21 som
874 1031 224 35 erfordrades.

145 1090 18 33 I
180 1089 205 33 motionerna
403 1089 34 32 I:
456 1088 62 32 249
538 1087 60 33 och
616 1087 54 32 II:
689 1086 75 38 459,
782 1084 94 33 vilka
895 1088 57 28 äro
971 1080 230 40 likalydande,
1221 1079 62 33 har
1301 1077 129 40 yrkats,
1451 1079 51 30 att
1520 1074 83 34 rikg-

102 1141 108 39 dagen
235 1141 102 32 måtte
362 1140 12 32 i
399 1138 160 34 skrivelse
584 1137 54 33 till
664 1136 129 39 Kungl.
819 1135 103 38 Maj:t
947 1132 137 34 anhålla
1108 1143 52 21 om
1184 1129 181 38 utredning
1390 1126 140 34 rörande
1555 1126 49 32 så-

101 1192 87 32 dana
211 1191 183 38 ändringar
416 1191 11 31 i
450 1186 505 41 näringsfrihetsförordningen
978 1196 69 21 som
1069 1183 115 33 kunna
1206 1181 156 33 befinnas
1383 1177 223 38 erforderliga

103 1243 53 32 för
183 1246 52 29 att
261 1242 132 33 förläna
420 1240 66 33 full
513 1239 211 33 effektivitet
749 1238 36 32 åt
812 1235 220 34 föreskriften
1059 1237 51 29 att
1136 1231 180 39 utlänning
1343 1230 72 33 icke
1443 1229 53 33 må
1523 1231 82 30 utan

102 1294 128 38 Kungl.
252 1293 119 38 Maj:ts
391 1291 154 34 tillstånd
564 1291 62 32 här
645 1290 11 32 i
676 1289 88 32 riket
782 1288 81 33 idka
880 1286 153 34 handels-
1053 1285 81 32 eller
1154 1281 267 38 fabriksrörelse,
1440 1277 166 36 hantverk

102 1345 81 32 eller
209 1356 110 20 annan
344 1342 188 39 hantering,
560 1346 155 28 ävensom
742 1352 52 20 om
819 1336 259 40 framläggande
1104 1335 54 33 för
1184 1333 182 39 riksdagen
1392 1343 41 21 av
1459 1330 56 34 det
1539 1329 66 33 för-

103 1396 84 38 slag,
208 1395 117 32 vartill
344 1393 221 38 utredningen
584 1391 68 33 kan
674 1390 184 33 föranleda.
945 1405 14 5 -

147 1445 168 39 Slutligen
336 1445 62 32 har
418 1445 12 31 i
452 1443 204 33 motionerna
678 1442 33 32 I:
734 1442 63 32 250
819 1440 60 33 och
900 1439 54 33 IT:
979 1438 72 39 129,
1073 1436 95 33 vilka
1189 1440 57 28 äro
1269 1432 229 40 likalydande,
1522 1431 84 34 före-

103 1497 131 39 slagits,
265 1499 50 30 att
343 1495 181 38 riksdagen
552 1493 103 32 måtte
682 1492 133 32 besluta
841 1494 51 29 att
920 1490 12 32 i
962 1488 161 33 skrivelse
1151 1487 54 32 till
1233 1484 129 40 Kungl.
1389 1483 103 38 Maj:t
1518 1482 88 32 hem-

104 1547 101 32 ställa
229 1546 70 33 dels
322 1557 52 21 om
395 1544 119 39 skärpt
536 1542 217 39 tillämpning
776 1553 42 20 av
840 1540 93 33 vissa
957 1550 41 21 av
1019 1535 296 35 bestämmelserna
1338 1545 51 22 om
1412 1531 197 40 utlännings

102 1603 69 29 rätt
192 1602 51 29 att
263 1599 61 32 här
344 1598 12 32 i
376 1597 87 32 riket
481 1596 107 33 vistas
609 1595 61 32 och
690 1593 165 33 innehava
876 1592 112 33 arbete
1010 1595 155 28 ävensom
1185 1600 51 21 om
1257 1586 88 34 ökad
1364 1584 146 34 kontroll
1531 1588 77 28 över

102 1650 62 32 här
190 1648 180 34 arbetande
396 1646 182 34 utländska
603 1643 291 39 handelsresande,
922 1642 70 33 dels
1018 1640 62 34 ock
1106 1640 124 38 därom,
1258 1641 51 30 att
1334 1637 11 32 i
1372 1636 62 33 den
1460 1635 76 32 mån
1562 1645 46 27 ny

103 1700 80 33 eller
205 1699 166 39 utvidgad
393 1697 220 40 lagstiftning
634 1696 93 32 visar
749 1695 52 38 sig
824 1692 200 39 erforderlig
1048 1691 53 33 för
1123 1687 261 41 tillgodoseende
1407 1699 42 20 av
1469 1686 62 32 här
1553 1696 55 21 av-

104 1754 65 29 sett
192 1749 94 39 syfte
310 1749 127 38 Kungl.
461 1747 103 39 Maj:t
586 1746 114 38 måtte,
724 1744 104 34 såvitt
851 1743 133 38 möjligt
1009 1741 102 33 redan
1136 1740 54 32 för
1214 1740 89 31 årets
1329 1736 150 39 riksdag,
1505 1735 103 32 fram-

102 1803 103 38 lägga
227 1802 130 38 förslag
378 1801 10 32 i
411 1800 146 33 ärendet.

149 1852 217 34 Sistnämnda
390 1864 57 20 sex
471 1851 158 31 motioner
653 1848 200 33 hänvisades
877 1846 55 33 till
956 1845 105 33 andra
1084 1842 234 40 lagutskottet,
1345 1852 67 20 som
1436 1839 12 31 1
1472 1838 61 32 sitt
1554 1840 50 29 ut-

105 1903 136 32 låtande
262 1901 212 33 hemställde:
498 1903 51 29 att
569 1899 206 32 motionerna
795 1898 34 31 I:
853 1898 39 31 63
916 1896 60 32 och
997 1895 55 32 II:
1074 1895 39 31 22
1137 1893 73 32 icke
1232 1892 104 32 måtte
1359 1888 174 34 föranleda
1554 1886 54 33 till

104 1956 109 37 någon
234 1953 198 38 riksdagens
453 1951 134 38 åtgärd;
608 1953 52 30 att
679 1949 191 38 riksdagen,
890 1948 12 31 i
923 1945 179 38 anledning
1123 1957 42 20 av
1185 1943 205 32 motionerna
1408 1940 34 32 I:
1463 1940 63 31 250
1547 1938 60 33 och

104 2005 53 32 II:
181 2005 73 37 129,
277 2003 78 32 ville
377 2003 11 30 i
409 2001 161 33 skrivelse
592 2000 53 32 till
669 1999 127 38 Kungl.
819 1998 103 38 Maj:t
942 1995 189 37 hemställa,
1155 1997 50 29 att
1227 1992 129 38 Kungl.
1379 1990 103 38 Maj:t
1503 1989 104 32 måtte

106 2056 68 32 låta
198 2053 187 34 verkställa
407 2051 180 39 utredning
611 2051 44 38 på
678 2050 66 32 vad
769 2052 69 29 sätt
861 2048 39 32 de
924 2045 259 37 bestämmelser,
1209 2056 69 20 som
1303 2043 12 31 i
1338 2041 117 39 kungl.
1479 2040 127 38 kungö-

107 2106 106 32 relgen
237 2105 61 32 den
323 2105 38 30 11
386 2102 173 33 november
584 2101 83 32 1927
696 2098 52 40 (S.
772 2099 38 33 F.
835 2097 34 34 S.
892 2093 182 43 411/1927)
1104 2099 87 29 samt
1214 2094 105 32 andra
1343 2090 266 35 administrativt

106 2155 183 33 utfärdade
313 2152 244 34 förordnanden
582 2150 168 33 meddelas
776 2148 171 39 angående
971 2144 359 41 uppgiftsskyldighet
1355 2143 52 32 för
1431 2141 178 37 utlänning

107 2206 60 31 och
189 2204 146 33 kontroll
357 2209 76 26 över
456 2201 227 38 utlänningar,
707 2212 69 20 som
798 2199 106 32 vistas
928 2198 10 31 i
963 2197 95 38 riket,
1083 2196 60 31 och
1168 2196 95 31 deras
1287 2192 212 34 verksamhet
1523 2194 87 29 samt

108 2254 217 32 beträffande
347 2251 294 39 myndigheternas
663 2249 198 33 samverkan
882 2248 57 31 vid
960 2246 183 32 utövandet
1166 2257 41 19 av
1229 2244 106 32 denna
1354 2241 155 39 kontroll,
1531 2241 82 31 böra

109 2306 121 32 ändras
250 2305 10 31 i
280 2305 92 37 syfte
392 2307 51 29 att
460 2302 232 33 åstadkomma
712 2300 86 32 ökad
818 2298 211 33 effektivitet
1048 2297 58 32 och
1128 2294 293 38 arbetsbesparing
1441 2292 57 33 vid
1519 2297 89 27 över-

108 2355 205 38 vakningen;
335 2356 87 29 samt
441 2356 51 29 att
511 2351 191 38 riksdagen,
723 2350 11 31 i
754 2348 180 38 anledning
955 2359 41 20 av
1017 2346 204 32 motionerna
1241 2345 33 31 I:
1297 2344 61 31 249
1380 2343 60 32 och
1459 2341 54 33 II:
1535 2341 74 37 459,

109 2406 79 31 ville
213 2404 12 31 i
250 2403 161 33 skrivelse
435 2402 53 31 till
514 2400 127 39 Kungl.
668 2399 103 38 Maj:t
796 2397 187 38 hemställa,
1010 2400 51 28 att
1087 2395 128 38 Kungl.
1242 2394 103 37 Maj:t
1371 2393 102 31 måtte
1499 2391 111 32 föran-

111 2456 103 32 stalta
237 2466 51 21 om
309 2453 189 37 utredning,
521 2450 167 33 huruvida
711 2449 60 32 och
794 2449 11 31 i
826 2448 66 32 vad
916 2448 74 31 mån
1015 2443 519 40 näringsfrihetsförordningens
1557 2441 53 32 be-

112 2505 206 33 stämmelser
338 2515 50 20 om
406 2501 195 38 utlännings
623 2503 69 29 rätt
710 2502 51 29 att
779 2499 61 31 här
859 2498 10 31 i
891 2497 88 33 riket
998 2496 79 32 idka
1098 2495 120 32 handel
1239 2495 79 32 eller
1339 2496 102 30 annat
1460 2492 151 38 närings-

1664 1843 40 26 IT
1722 1842 57 34 lag-

1647 1877 148 26 utskottet.
