2111 2642
622 172 266 44 Lag-Utskottets
916 175 168 34 Utlåtande
1107 176 65 34 N:o
1195 180 48 30 40.
1772 186 17 32 7

189 255 55 31 att
285 249 47 37 de
368 251 173 37 enskilda
576 253 383 50 samlingslokalerna
986 269 90 25 vore
1104 257 215 51 öfverfylda
1348 259 41 38 af
1413 261 230 48 menniskor,
1670 264 122 38 under

188 300 66 37 det
284 306 55 32 att
375 301 193 50 kyrkorna
609 306 298 49 mångenstädes
948 307 108 38 stode
1084 314 136 32 nästan
1248 316 159 42 tomma;
1450 315 73 40 3:0)
1554 320 54 31 att
1635 315 56 36 till
1720 317 71 36 och

189 352 87 36 med
305 352 58 50 de,
393 367 80 23 som
503 354 158 39 besökte
686 358 165 37 svenska
878 358 168 49 kyrkans
1074 359 317 53 predikolokaler,
1415 363 12 36 i
1461 364 110 38 flesta
1605 365 67 37 fall
1695 367 93 37 lem-

190 403 98 37 nade
317 404 149 49 kyrkan
492 412 139 42 genast
659 407 98 38 efter
784 409 290 49 gudstjenstens
1104 411 75 37 slut
1207 413 70 36 och
1306 414 82 37 icke
1415 414 204 38 inväntade
1640 417 148 50 kungö-

189 454 191 38 relsernas
407 456 251 50 uppläsande,
687 459 151 37 hvadan
867 460 65 37 det
959 461 80 36 ofta
1066 462 136 50 hände,
1232 469 55 32 att
1307 464 74 37 den
1398 465 289 50 tjenstgörande
1703 482 84 36 pre-

189 510 85 31 sten
297 505 120 49 jemte
444 507 374 52 kyrkobetjeningen
844 524 89 23 vore
962 511 46 37 de
1037 513 107 49 ende,
1174 527 79 24 som
1282 529 90 23 vore
1400 529 93 36 qvar
1519 517 9 36 1
1552 517 147 50 kyrkan
1719 533 68 23 un-

187 555 66 37 der
280 556 289 49 publicerandet
598 560 41 35 af
662 561 167 37 nämnda
856 562 261 49 kungörelser.
1173 564 189 39 BSärskildt
1381 580 90 23 vore
1502 567 105 38 detta
1630 569 156 38 händel-

187 620 68 23 sen
281 608 13 35 i
322 607 190 38 städerna.
541 628 49 5 —
616 610 74 37 Det
717 612 108 37 torde
854 612 97 37 dock
978 627 91 23 vara
1098 621 144 32 statens
1271 617 202 49 oafvisliga
1501 618 97 49 pligt
1619 626 55 31 att
1694 627 93 32 utan

185 657 151 50 hänsyn
376 659 57 36 till
461 660 178 49 kyrkliga
667 662 71 36 och
765 663 179 48 religiösa
971 664 268 39 förhållanden
1265 667 112 49 tillse,
1406 674 55 31 att
1489 669 89 37 dess
1606 671 181 37 medlem-

186 722 81 23 mar
306 709 104 49 finge
452 710 62 37 del
543 711 41 36 af
609 711 113 38 dessa
750 717 166 45 mången
942 718 105 46 gång
1074 716 147 49 vigtiga
1249 718 291 49 publikationer,
1565 720 129 39 hvilka
1723 736 63 23 an-

185 759 117 48 ginge
340 760 74 36 den
454 761 220 50 borgerliga
713 769 136 44 rätten,
888 768 50 45 på
979 771 55 31 ett
1064 771 87 43 sätt,
1181 781 79 23 som
1289 770 185 49 uppfylde
1503 771 65 36 sitt
1596 772 189 38 ändamål.

184 809 137 38 Kunde
350 810 65 37 det
441 811 141 49 tydligt
610 814 161 49 bevisas,
801 821 54 31 att
883 816 63 36 det
974 816 133 37 hittills
1140 817 177 50 brukliga
1352 825 116 32 sättet
1497 820 58 38 för
1581 817 206 59 kungörel-

186 873 80 24 serg
307 861 271 49 publicerande
619 878 51 22 nu
707 864 83 38 icke
827 879 104 24 mera
957 867 185 50 uppfylde
1171 868 65 38 sitt
1264 870 187 50 ändamål,
1477 875 42 34 så
1546 873 108 37 torde
1682 874 102 37 tiden

184 924 92 25 vara
302 912 100 48 inne,
433 919 55 31 att
515 919 55 32 ett
596 914 226 50 lämpligare
851 922 75 32 sätt
953 918 131 49 väljes.

383 963 54 37 På
476 965 126 47 grund
631 966 41 36 af
695 966 100 37 hvad
824 968 236 38 motionären
1089 969 160 38 sålunda
1277 972 126 38 anfört
1426 973 160 38 föreslår
1614 975 86 49 han,
1731 982 55 31 att

184 1013 221 49 Riksdagen
433 1014 88 37 ville
548 1015 12 36 i
587 1016 240 51 underdånig
855 1018 201 39 skrifvelse
1086 1020 162 50 anhålla,
1278 1027 54 32 att
1360 1024 139 49 Kongl.
1515 1025 107 49 Maj:t
1637 1027 149 36 täcktes

184 1063 158 50 vidtaga
370 1064 46 37 de
446 1066 189 49 åtgärder,
665 1080 80 24 som
776 1068 203 50 erfordras,
1004 1074 48 45 på
1080 1071 64 37 det
1173 1078 54 31 att
1248 1073 288 48 publicerandet
1558 1076 42 36 af
1612 1072 174 57 myndig-

184 1115 180 37 heternas
391 1116 251 48 kungörelser
670 1119 71 36 och
770 1119 41 37 af
835 1120 125 48 öfriga
988 1121 195 50 offentliga
1210 1123 241 51 handlingar,
1474 1139 80 23 som
1577 1126 102 38 förut
1701 1127 85 36 blif-

184 1165 54 37 vit
267 1166 84 36 från
377 1166 302 49 predikstolarne
707 1169 12 36 i
745 1170 192 49 kyrkorna
965 1172 190 49 upplästa,
1185 1177 116 34 måtte
1330 1175 67 37 ske
1424 1179 49 46 på
1502 1183 115 31 annat
1642 1183 75 32 sätt
1739 1183 47 32 än

184 1216 146 50 hittills,
359 1220 42 34 så
430 1224 55 31 att
513 1219 258 38 allmänheten
800 1225 116 34 måtte
940 1222 128 37 derom
1099 1224 39 36 få
1171 1225 117 49 nödig
1315 1226 227 39 kännedom.

387 1319 134 38 Såsom
551 1321 238 39 motionären
819 1323 119 49 anför,
968 1324 117 46 skola,
1104 1325 120 49 enligt
1251 1326 178 49 gällande
1458 1328 250 50 föreskrifter,
1734 1333 53 34 åt-

186 1369 154 49 skilliga
368 1369 141 50 Kongl.
538 1371 127 50 Maj:ts
693 1372 269 51 förordningar
990 1375 70 36 och
1089 1376 118 37 andra
1232 1378 287 48 myndigheters
1536 1379 251 49 kungörelser

186 1420 184 48 uppläsas
410 1420 83 37 från
521 1422 321 48 predikstolarne;
884 1424 211 49 hvarjemte
1124 1427 172 37 enskilda
1322 1428 398 50 tillkännagifvanden
1749 1432 42 36 af

185 1470 203 37 allehanda
429 1471 84 49 slag
555 1476 49 45 på
645 1487 145 24 samma
828 1480 75 32 sätt
945 1476 195 37 meddelas
1182 1478 267 39 allmänheten.
1516 1480 134 50 Enligt
1687 1482 99 36 före-

185 1520 205 38 skrifterna
417 1522 13 36 i
457 1524 21 34 2
507 1523 87 49 kap.
624 1526 20 35 5
674 1521 21 50 $
727 1525 41 36 af
793 1527 95 36 1686
918 1529 60 34 års
1006 1526 189 51 kyrkolag
1223 1535 98 30 samt
1349 1532 45 34 32
1424 1527 20 50 $
1474 1530 41 37 af
1530 1531 139 49 Kongl.
1683 1545 103 24 reso-

183 1571 172 37 lutionen
381 1575 50 46 på
458 1573 312 51 Presterskapets
798 1576 137 37 besvär
963 1576 73 37 den
1063 1580 44 34 10
1124 1578 102 37 Mars
1250 1581 94 35 1719
1365 1581 122 36 skulle
1502 1581 140 49 Kongl.
1658 1582 127 49 Maj:ts

184 1622 72 36 och
295 1622 99 37 Dess
434 1623 455 50 Befallningshafvandes
930 1627 250 49 kungörelser
1221 1629 196 38 äfvensom
1459 1631 198 50 lysningar
1689 1633 97 37 efter

184 1672 250 49 borttappadt
462 1674 70 36 och
561 1676 114 37 stulet
703 1677 98 48 gods
829 1677 182 50 uppläsas
1039 1678 84 37 från
1149 1679 270 51 predikstolen,
1450 1682 141 37 »sedan
1618 1683 167 37 bönerne

185 1727 64 32 äro
278 1723 242 50 förrättade»,
549 1725 35 37 d.
607 1740 77 23 v.s.
715 1728 116 36 innan
858 1728 271 49 gudstjensten
1148 1730 124 37 blifvit
1288 1731 182 48 afslutad;
1500 1733 198 37 hvaremot
1713 1735 73 36 alla

186 1774 118 37 andra
331 1774 210 50 verldsliga
569 1777 111 37 saker
709 1778 122 37 skulle
858 1782 50 46 på
935 1779 248 48 kyrkovallen
1207 1781 92 37 eller
1317 1782 13 35 i
1350 1783 283 50 socknestugan
1650 1784 136 37 afkun-

184 1838 80 24 nag.
318 1825 18 36 I
365 1825 239 39 sistnämnda
631 1828 269 39 bestämmelse
928 1830 156 49 gjordes
1112 1844 140 34 genom
1280 1832 140 50 Kongl.
1450 1835 259 36 resolutionen
1736 1839 50 45 på

186 1875 213 49 allmogens
427 1877 138 37 besvär
593 1878 74 38 den
696 1882 20 34 9
744 1880 208 38 December
984 1882 107 48 1766,
1121 1879 18 50 $
1159 1884 56 47 10,
1232 1882 74 38 den
1335 1884 173 49 ändring,
1531 1891 55 31 att
1602 1886 73 37 alla
1691 1886 95 36 kun-

184 1926 171 49 görelser
400 1928 71 36 och
517 1928 292 51 publikationer,
858 1945 80 23 som
981 1931 84 37 från
1111 1932 139 49 Kongl.
1294 1934 127 48 Maj:ts
1461 1935 325 50 Befallningshaf-

184 1977 136 48 vande,
342 1978 237 37 embetsmän
609 1980 91 37 eller
728 1984 127 46 någon
882 1982 204 37 undersåte
1116 1983 200 37 ankomme
1331 1985 56 36 till
1400 1985 204 49 kyrkorna,
1619 1987 122 36 skulle
1766 1991 20 32 å

185 2027 316 51 predikstolarne,
541 2043 87 24 men
668 2031 82 37 icke
791 2035 20 33 å
850 2032 249 49 kyrkovallen
1131 2034 192 48 uppläsas.
1377 2035 58 37 Då
1475 2036 64 37 det
1575 2037 210 37 emellertid

187 2081 141 45 ansågs
370 2079 190 49 störande,
603 2087 54 31 att
697 2082 271 49 gudstjensten
1009 2082 148 38 afbröts
1195 2097 138 35 genom
1362 2086 256 49 uppläsandet
1646 2087 42 37 af
1713 2088 73 36 alla

186 2128 114 37 dessa
327 2128 409 52 tillkännagifvanden,
768 2133 251 37 förordnades
1047 2134 74 36 den
1146 2137 20 34 8
1194 2134 75 48 Maj
1301 2137 107 48 1849,
1432 2143 65 42 att,
1527 2138 86 36 med
1640 2138 146 37 undan-

185 2184 68 42 tag
296 2179 41 36 af
374 2179 344 52 bönedagsplakat,
760 2183 140 49 hvilka,
942 2188 124 33 såsom
1094 2185 169 37 varande
1306 2186 41 36 af
1383 2187 155 49 religiös
1576 2188 208 49 egenskap,

185 2229 98 36 efter
325 2230 186 48 predikan
554 2232 69 37 och
664 2238 87 32 näst
784 2233 96 37 efter
908 2235 125 37 bönen
1059 2235 145 37 »Fader
1230 2239 86 34 vår»
1344 2237 118 37 borde
1489 2239 193 48 uppläsas,
1712 2238 74 38 alla
