2230 2646
716 222 237 34 Statsutskottets
982 222 153 34 Utlåtande
1157 226 59 30 N:o
1240 226 51 31 47.
1781 222 39 38 17

228 300 420 53 arrendehandlingarne
690 303 163 39 förvaras
881 305 68 36 och
978 305 70 37 den
1076 305 116 38 andra
1219 305 57 38 för
1304 312 56 32 att
1396 308 59 36 till
1483 308 187 37 boställets
1702 322 120 25 arren-

229 356 104 36 dator
361 358 257 45 öfverlemnas;

334 411 68 36 och
432 411 65 36 har
524 411 135 50 Kongl.
703 412 100 49 Maj:t
841 413 122 36 tillika
999 412 191 51 föreslagit
1218 415 208 49 Riksdagen
1454 421 55 31 att
1536 416 201 50 medgifva,
1767 423 55 32 att

227 464 268 50 löseskillingen
537 463 55 38 för
634 464 279 51 ifrågavarande
950 467 234 48 jordområde
1226 469 108 49 finge,
1375 468 46 50 på
1461 482 142 24 samma
1646 477 73 31 sätt
1745 484 77 24 som

229 518 333 50 köpeskillingarne
595 517 58 38 för
681 518 159 38 försålda
869 520 140 37 mindre
1038 521 349 49 kronoegendomar,
1415 524 183 37 användas
1626 525 58 36 till
1711 525 112 49 inköp

228 570 56 36 för
311 572 158 36 kronans
497 572 157 47 räkning
682 572 39 37 af
746 573 254 49 skogbärande
1028 575 93 36 eller
1148 576 60 35 till
1236 575 200 50 skogsbörd
1465 578 132 49 tjenlig
1624 579 117 36 mark.

333 679 111 36 Emot
473 679 132 49 Kongl.
635 680 120 49 Maj:ts
783 680 239 37 förevarande
1045 681 277 51 framställning
1349 683 68 37 har
1446 685 179 37 utskottet
1644 686 79 37 icke
1742 686 82 38 haft

228 731 110 50 något
363 739 54 29 att
444 734 131 44 erinra,
605 734 145 36 hvadan
780 735 183 36 utskottet
990 735 224 47 hemställer,

761 846 55 32 att
856 842 98 37 hvad
995 843 134 50 Kongl.
1173 845 108 48 Maj:t
1317 845 4 35 i
1349 844 245 38 omförmälda
1623 847 202 38 hänseende

654 894 190 51 föreslagit
872 895 61 37 må
960 895 40 37 af
1024 897 210 50 Riksdagen
1263 897 159 38 bifallas.

334 1000 214 38 Stockholm
578 1001 71 37 den
685 1004 43 36 14
758 1003 97 49 april
888 1005 110 37 1899.

748 1163 52 37 På
833 1165 285 37 statsutskottets
1147 1173 155 43 vägnar:

801 1324 109 38 CHR.
941 1325 308 40 LUNDEBERG.

322 2368 66 32 Bih.
416 2371 46 30 vill
486 2369 99 31 Riksd.
617 2371 76 30 Prot.
722 2374 84 29 1899.
830 2374 18 28 4
875 2372 92 31 Saml.
1018 2376 12 27 1
1057 2373 67 39 Afd.
1177 2377 40 28 29
1244 2374 82 41 Häft.
1759 2378 19 32 3
