2200 2616
439 158 17 30 8
812 154 388 31 Konstitutionsutskottets
1221 152 162 30 utlåtande
1405 154 46 28 Nr
1471 151 50 30 37.

396 248 128 33 kunna
551 244 226 43 hänskjutas
804 244 57 34 till
889 243 135 34 folkets
1052 241 207 43 utlåtande,
1274 240 192 43 verkligen
1493 239 201 34 framkalla
1713 250 44 23 en
1777 239 114 35 såvitt
1910 239 95 43 möj-

396 298 69 43 ligt
492 296 111 34 exakt
630 295 78 34 bild
737 306 46 23 av
811 294 201 44 opinionen
1037 292 114 34 bland
1171 292 46 34 de
1235 290 176 35 röstande
1431 289 251 45 ådagalägges
1702 289 58 34 för
1778 290 124 43 övrigt
1920 289 85 35 med

397 348 70 34 full
503 346 187 44 tydlighet
731 357 47 22 av
805 343 304 36 erfarenheterna
1137 342 85 34 från
1249 342 48 33 bl.
1326 352 32 23 a.
1387 342 92 32 våra
1505 340 255 43 grannländer
1785 340 123 43 Norge
1936 341 69 33 och

396 397 203 35 Danmark.

533 447 185 43 Slutligen
746 446 69 33 har
841 447 79 31 mot
948 443 62 34 det
1037 443 214 43 föreslagna
1277 442 190 33 institutet
1485 440 204 42 anmärkts,
1718 443 56 32 att
1797 440 210 35 detsamma

398 499 119 34 skulle
543 497 182 34 innebära
751 494 217 35 införandet
995 505 46 22 av
1060 496 71 31 »ett
1149 496 86 40 nytt
1258 492 328 43 agitationsämne>
1605 491 13 33 i
1645 490 85 34 vårt
1747 491 177 42 politiska
1943 491 63 42 liv,

399 549 79 33 dels
530 547 116 35 redan
689 547 229 42 därigenom,
961 547 55 31 att
1055 543 143 43 förslag
1238 554 59 23 om
1342 542 232 34 konsultativ
1614 541 233 43 omröstning
1887 541 119 34 skulle

398 600 151 33 komma
589 600 56 32 att
685 597 101 34 föras
827 595 97 34 fram
952 595 12 33 i
991 594 115 44 parti-
1134 594 91 33 eller
1252 591 357 45 propagandasyfte,
1638 594 25 31 t.
1694 602 32 23 o.
1755 603 47 21 m.
1832 601 65 24 »av
1923 595 84 30 rent

399 650 176 42 okynne>,
605 649 69 33 och
703 649 55 32 att
789 649 109 39 även,
927 645 126 34 därest
1080 644 145 34 sådana
1251 643 142 43 förslag
1419 641 250 42 förkastades,
1699 641 45 34 de
1772 641 120 34 skulle
1920 642 87 42 giva

399 699 344 43 förslagsställarna
783 696 200 43 möjlighet
1023 697 56 32 att
1118 694 195 34 stimulera
1352 693 137 34 folkets
1530 692 143 34 önskan
1715 694 55 31 att
1801 691 114 44 vidga
1943 692 65 33 sitt

398 750 221 43 inflytande,
649 749 81 33 dels
758 746 111 35 också
898 746 230 43 därigenom,
1156 748 57 31 att
1244 745 14 32 i
1283 743 67 34 fall
1379 755 45 22 en
1453 742 117 35 sådan
1599 742 233 43 omröstning
1859 742 148 33 komme

400 802 56 33 till
497 800 123 42 stånd,
662 798 73 34 den
780 797 119 34 måste
939 796 201 34 framkalla
1168 807 46 22 en
1242 794 159 35 särskild
1430 794 182 43 agitation
1639 792 82 43 just
1747 793 12 33 i
1787 792 72 34 den
1887 792 119 43 fråga,

400 863 79 22 som
507 849 162 35 sålunda
696 849 199 42 framlagts
926 847 58 34 till
1012 846 243 42 omröstning.
1308 844 85 34 Vad
1425 843 117 43 angår
1569 843 237 34 sistnämnda
1835 843 173 33 anmärk-

400 902 92 42 ning
518 901 65 33 vill
612 900 185 34 utskottet
823 898 57 34 till
909 909 46 22 en
982 896 134 43 början
1144 895 159 44 påpeka,
1333 897 56 31 att
1417 894 71 34 den
1516 893 79 34 åter
1622 896 43 31 är
1693 896 53 31 ett
1765 904 47 23 av
1832 893 45 34 de
1897 904 111 32 argu-

399 954 113 38 ment,
546 962 79 23 som
665 951 12 32 i
710 949 123 43 själva
859 948 130 34 verket
1014 947 158 33 innebär
1199 948 53 31 ett
1279 943 365 44 ställningstagande
1674 946 77 32 mot
1777 943 106 43 varje
1910 943 98 34 form

400 1014 48 22 av
475 1000 325 42 folkomröstning,
830 998 142 34 decisiv
1000 996 103 35 såväl
1131 1008 81 23 som
1244 995 247 41 konsultativ;
1512 994 63 34 det
1593 997 42 31 är
1654 994 189 42 nämligen
1862 1004 145 32 uppen-

399 1053 94 41 bart,
540 1055 55 30 att
634 1050 65 35 vid
740 1049 142 34 decisiv
918 1047 233 43 omröstning
1177 1046 13 33 i
1218 1049 101 31 ännu
1346 1046 114 43 högre
1488 1044 93 44 grad
1608 1047 48 31 än
1684 1044 64 34 vid
1776 1044 233 34 konsultativ

400 1102 118 34 måste
558 1102 225 33 förutsättas
824 1111 44 22 en
910 1098 104 43 dylik
1042 1098 183 43 agitation
1252 1096 59 34 för
1338 1096 68 34 och
1435 1098 99 31 emot
1560 1095 63 34 det
1650 1094 141 43 förslag
1822 1106 80 22 som
1931 1106 77 22 om-

399 1153 221 42 röstningen
661 1152 127 43 gäller,
831 1149 47 34 då
909 1149 44 42 ju
980 1148 64 34 vid
1072 1148 141 33 decisiv
1241 1147 233 42 omröstning
1500 1145 136 34 folkets
1664 1145 196 34 uttalande
1889 1145 119 33 skulle

400 1204 101 33 bliva
541 1202 189 34 definitivt
761 1199 214 44 avgörande
1002 1199 59 34 för
1087 1198 147 43 frågan.
1288 1197 54 34 De
1370 1208 80 23 som
1477 1196 79 34 icke
1584 1196 132 33 avvisa
1744 1195 71 34 den
1844 1195 166 34 decisiva

401 1253 294 43 omröstningen,
724 1252 128 33 kunna
880 1249 112 35 alltså
1019 1249 155 33 alldeles
1201 1248 81 33 icke
1302 1247 131 34 avvisa
1452 1246 72 34 den
1543 1246 256 34 konsultativa
1818 1245 49 44 på
1887 1245 122 44 grund

401 1316 48 22 av
477 1304 71 34 den
576 1303 196 43 agitation,
802 1312 79 23 som
915 1299 154 35 därmed
1098 1309 110 24 anses
1235 1309 92 23 vara
1344 1297 223 34 förbunden.
1613 1296 196 42 Därjämte
1828 1297 66 33 bör
1914 1296 96 33 erin-

400 1366 73 31 ras,
515 1356 56 32 att
598 1365 45 22 en
673 1352 118 44 fråga,
825 1363 79 22 som
933 1351 73 33 kan
1034 1350 135 34 tänkas
1197 1349 101 33 bliva
1325 1347 156 35 föremål
1508 1347 58 34 för
1592 1347 233 33 konsultativ
1851 1346 159 34 folkom-

400 1405 181 42 röstning,
621 1402 298 44 uppenbarligen
960 1400 118 34 måste
1117 1410 93 23 vara
1252 1410 47 22 av
1343 1398 71 34 den
1439 1398 216 42 synnerliga
1682 1397 92 41 vikt,
1803 1399 57 31 att
1885 1396 127 34 därest

402 1456 219 33 densamma
647 1454 81 34 icke
768 1452 119 34 skulle
915 1451 253 33 underställas
1197 1449 104 43 dylik
1329 1448 241 42 omröstning,
1599 1447 73 34 den
1700 1448 13 33 i
1740 1447 126 34 stället
1893 1446 119 34 måste

402 1506 104 43 spela
545 1516 46 23 en
632 1503 201 34 huvudroll
872 1502 65 33 vid
978 1502 110 32 valen
1128 1500 57 34 till
1212 1499 200 43 riksdagen
1440 1499 69 33 och
1541 1497 71 34 den
1646 1497 154 34 därmed
1832 1497 181 34 förbund-

402 1567 49 22 na
479 1555 244 43 agitationen.
777 1553 59 33 En
864 1551 232 35 konsultativ
1123 1549 315 42 folkomröstning
1466 1548 118 34 skulle
1612 1547 111 34 alltså
1751 1548 152 33 alldeles
1931 1548 80 33 icke

402 1606 200 34 framkalla
630 1616 46 22 en
704 1603 195 43 agitation,
930 1613 79 23 som
1037 1603 92 31 utan
1158 1599 118 35 sådan
1305 1599 233 43 omröstning
1564 1598 120 34 skulle
1712 1598 177 42 utebliva,
1918 1601 92 31 utan

403 1657 134 34 endast
576 1655 173 42 förlägga
777 1653 220 34 densamma
1023 1651 56 34 till
1107 1653 54 32 ett
1188 1650 148 34 särskilt
1348 1649 165 34 -tillfälle
1541 1648 58 34 för
1625 1648 137 34 folkets
1794 1648 220 43 ställnings-

402 1707 164 43 tagande
593 1706 13 33 i
634 1705 71 34 den
734 1703 175 44 speciella
936 1702 118 43 fråga,
1084 1712 80 23 som
1192 1700 281 43 omröstningen
1489 1698 148 44 avsåge,
1658 1699 116 33 vilket
1791 1698 49 43 på
1860 1701 76 31 sätt
1955 1701 57 31 ut-

403 1758 139 33 skottet
568 1756 103 34 förut
696 1754 209 34 framhållit
932 1764 45 22 ur
1004 1752 190 43 åtskilliga
1222 1750 234 44 synpunkter
1483 1749 123 34 kunde
1634 1750 181 33 innebära
1842 1760 45 23 en
1907 1748 107 35 verk-

401 1808 53 43 lig
486 1807 131 34 fördel.

536 1857 95 33 Lika
657 1856 83 34 litet
767 1855 74 33 kan
869 1854 184 34 utskottet
1078 1852 164 34 tillmäta
1268 1850 123 44 någon
1418 1851 82 33 vikt
1526 1849 39 35 åt
1591 1849 198 44 farhågan,
1815 1852 57 32 att
1890 1849 124 43 själva

403 1907 211 35 väekandet
641 1918 48 23 av
716 1905 142 44 förslag
885 1916 58 22 om
963 1903 234 34 konsultativ
1216 1901 233 43 omröstning
1468 1901 117 34 skulle
1605 1900 170 34 medföra
1794 1900 220 43 agitations-

404 1962 146 30 ämnen.
605 1957 185 34 Motioner
828 1956 13 33 i
881 1955 116 43 parti-
1036 1954 70 34 och
1146 1951 348 45 propagandasyfte
1531 1951 88 33 eller
1647 1961 65 23 >av
1738 1953 84 31 rent
1849 1950 166 43 okynne>

404 2010 128 33 kunna
560 2007 213 43 naturligen
801 2006 243 41 förekomma,
1072 2014 90 24 vare
1190 2003 58 43 sig
1276 2002 44 34 de
1347 2001 195 35 förbindas
1569 2001 86 33 med
1683 2000 142 44 förslag
1844 2012 60 22 om
1924 2000 91 34 kon-

404 2059 156 34 sultativ
598 2057 314 42 folkomröstning
952 2055 88 34 eller
1071 2054 135 34 endast
1236 2055 183 40 utmynna
1446 2053 13 32 i
1485 2051 196 44 yrkanden
1709 2051 158 34 rörande
1895 2049 122 47 själva

406 2110 71 34 den
519 2109 67 34 sak
622 2108 190 34 motionen
840 2105 129 45 angår,
999 2105 68 34 och
1094 2104 206 43 riksdagen
1329 2103 68 33 har
1423 2101 206 45 ingalunda
1658 2112 46 23 en
1732 2112 155 32 svagare
1916 2101 102 34 ställ-

404 2161 93 42 ning
522 2159 64 34 vid
614 2157 224 35 avvisandet
866 2168 47 23 av
941 2155 143 35 sådana
1112 2155 185 34 motioner
1323 2154 13 33 i
1367 2153 63 34 det
1448 2153 101 34 förra
1567 2152 108 34 fallet
1694 2155 48 31 än
1761 2152 12 33 i
1792 2151 63 34 det
1873 2162 143 23 senare.

404 2211 178 34 Tvärtom
624 2208 118 35 måste
782 2207 107 43 varje
921 2206 127 35 försök
1074 2208 56 32 att
1158 2204 211 35 missbruka
1398 2204 72 34 den
1498 2203 257 34 konsultativa
1781 2202 237 34 folkomröst-
