2115 2642
636 214 212 44 Bevillnings-
860 194 164 69 Utskottets
1047 219 214 35 Betänkande
1284 220 62 35 N:o
1371 222 27 33 4.
1726 226 38 32 17

214 291 162 38 bränvin
418 294 11 36 i
471 295 147 37 mindre
660 296 153 49 partier,
857 300 41 34 så
939 298 69 36 har
1041 298 74 38 den
1142 300 67 36 allt
1238 315 79 23 mer
1346 302 70 37 och
1446 316 81 24 mer
1555 305 169 48 upphört
1753 312 55 31 att

214 345 117 49 lägga
374 346 99 38 band
511 350 49 47 på
590 347 46 38 de
666 348 250 39 ekonomiska
945 350 174 38 vilkoren
1143 352 59 37 för
1230 353 301 52 tillverkningen
1561 357 70 36 och
1661 357 145 47 erkänt,

215 403 56 31 att
312 397 172 47 bränvin,
523 401 164 36 likasom
730 401 118 37 andra
893 416 121 29 varor,
1053 405 69 36 bör
1151 405 36 36 få
1215 406 198 37 tillverkas
1442 411 48 46 på
1516 408 63 37 det
1607 414 88 44 sätt,
1726 424 81 23 som

214 449 147 37 lemnar
389 451 252 38 tillverkaren
671 453 65 37 det
764 453 317 50 fördelaktigaste
1111 457 168 37 resultat.

342 503 73 37 Det
457 504 122 37 skulle
622 519 91 23 vara
748 519 47 23 en
832 508 205 49 väsentlig,
1080 512 48 46 på
1170 509 281 51 handteringen
1487 511 11 37 i
1523 512 78 49 hög
1628 514 96 48 grad
1752 514 55 38 in-

213 554 197 38 verkande
453 556 185 38 afvikelse
674 558 179 49 härifrån,
889 572 61 24 om
985 560 402 40 bränvinsbrännaren
1411 577 141 36 genom
1581 565 77 50 hög
1688 567 71 36 tull
1787 570 20 34 å

213 619 47 23 en
302 607 58 36 för
401 608 304 50 tillverkningen
746 611 161 50 lämplig
947 615 134 35 råvara
1122 614 124 37 skulle
1288 615 216 38 förhindras
1537 623 56 31 att
1626 618 180 49 begagna

214 659 222 38 densamma
466 662 70 36 och
565 662 155 48 tvingas
750 668 54 32 att
824 664 123 49 nyttja
968 678 46 23 en
1035 679 139 35 annan,
1196 680 81 23 som
1297 668 176 49 fördyrar
1492 669 313 50 tillverkningen.

377 714 163 47 tgärden
584 714 122 37 skulle
739 715 177 49 vidtagas
951 716 58 37 till
1037 717 149 38 förmån
1214 719 59 37 för
1301 720 47 36 de
1378 725 114 44 orter,
1522 722 66 36 der
1616 729 150 43 potates
1795 725 12 36 i

213 769 80 31 stor
320 766 271 49 utsträckning
620 766 107 38 odlas
756 767 58 37 för
842 774 56 31 att
926 770 196 37 användas
1151 771 58 36 till
1237 772 391 51 bränvinsbränning.
1683 775 123 49 Ingen

206 816 90 48 Jord
325 816 11 36 i
364 820 86 34 vårt
475 818 88 37 land
592 823 41 32 är
662 819 98 37 dock
790 822 40 34 så
859 820 209 50 beskaffad,
1094 828 55 31 att
1178 823 73 37 den
1281 825 136 36 endast
1445 826 77 35 kan
1549 826 58 36 till
1635 833 170 43 potates-

212 868 133 49 odling
388 871 207 47 användas,
639 871 70 36 och
752 872 73 36 den
858 872 297 50 ifrågavarande
1189 875 71 37 kan
1292 881 93 32 utan
1413 877 134 37 tvifvel
1577 879 112 37 äfven
1720 881 86 36 med

211 925 53 31 ett
294 928 118 30 annat
439 922 296 49 brukningssätt
763 924 127 37 lemna
918 926 287 49 vinstgifvande
1235 928 238 50 afkastning.
1516 930 140 49 Många
1686 932 119 38 andra

213 973 332 49 omständigheter
574 980 47 31 än
650 975 253 50 möjligheten
928 983 55 31 att
1011 979 136 49 utbyta
1171 985 150 44 potates
1348 987 103 31 emot
1475 983 96 48 majs
1600 984 63 36 vid
1691 985 114 36 brän-

210 1024 283 51 vinsbränning
536 1027 123 36 skulle
702 1028 114 36 också
857 1029 130 37 kunna
1029 1032 135 47 tvinga
1203 1032 138 49 dertill,
1372 1034 70 36 och
1473 1034 87 48 med
1589 1035 83 37 skäl
1697 1037 108 37 torde

210 1076 66 36 det
303 1076 130 38 kunna
458 1078 245 49 ifrågasättas
733 1093 59 23 om
823 1084 64 33 två
912 1087 114 40 stora,
1054 1083 103 37 inom
1187 1084 87 37 hela
1302 1085 130 37 landet
1451 1086 156 49 spridda
1625 1087 181 39 industri-

211 1141 152 36 grenar,
404 1130 355 49 ladugårdsskötsel
801 1133 70 36 och
904 1133 390 52 bränvinsbränning,
1324 1137 92 37 böra
1444 1137 190 51 betungas
1663 1140 59 37 för
1751 1146 55 32 att

211 1183 38 33 åt
277 1181 102 37 vissa
409 1187 101 32 orter
538 1183 142 37 bevara
708 1185 253 48 möjligheten
991 1192 55 31 att
1073 1187 235 38 fortfarande
1337 1190 271 38 företrädesvis
1634 1193 86 37 odla
1740 1207 65 36 po-

210 1237 112 33 tates.
379 1234 132 37 Skulle
541 1236 186 48 åtgärden
756 1238 118 35 verka
900 1238 56 36 till
985 1243 56 32 ett
1070 1240 157 37 allmänt
1247 1241 230 49 fördyrande
1499 1243 42 36 af
1557 1244 124 37 denna
1701 1259 103 34 vara,

211 1287 40 33 så
279 1286 125 47 gäller
430 1286 128 38 derom
584 1288 12 36 1
624 1288 140 49 högsta
792 1290 95 48 grad
917 1290 101 37 hvad
1047 1305 80 23 som
1158 1293 113 37 ofvan
1297 1293 125 38 blifvit
1441 1296 148 48 yttradt
1609 1303 102 31 emot
1730 1298 74 37 för-

210 1337 172 49 dyrande
408 1339 42 36 af
473 1339 47 37 de
545 1340 120 37 första
693 1341 429 40 lifsförnödenheterna.

339 1390 134 37 Såsom
502 1392 84 36 skäl
614 1392 59 36 för
701 1398 56 32 att
785 1393 167 50 belägga
981 1404 52 28 ost
1061 1396 86 37 med
1175 1397 70 37 tull
1269 1398 70 37 har
1366 1398 114 38 bland
1502 1406 117 31 annat
1644 1402 159 49 anförts,

210 1446 55 32 att
294 1442 73 37 den
397 1450 71 42 ost,
499 1458 80 23 som
609 1444 154 50 införes,
794 1460 156 23 numera
979 1448 329 50 hufvudsakligen
1336 1457 156 43 utgöres
1522 1453 42 36 af
1585 1455 218 47 sötmjölks-

210 1499 71 43 ost,
311 1508 82 23 som
422 1509 92 24 vore
545 1502 55 31 att
629 1511 91 23 anse
749 1501 124 34 såsom
900 1513 47 23 en
976 1500 312 39 öfverflödsvara.
1329 1503 137 49 Någon
1496 1505 152 49 verklig
1675 1508 128 37 utred-

210 1545 95 50 ning
349 1547 41 36 af
426 1547 315 39 beskaffenheten
784 1551 41 36 af
862 1551 73 37 den
977 1558 71 42 ost,
1083 1566 80 24 som
1194 1554 153 49 införes,
1383 1556 69 36 har
1480 1557 210 38 emellertid
1718 1559 85 37 icko

211 1599 292 37 åstadkommits
546 1601 70 36 och
647 1601 100 37 lärer
774 1602 12 36 i
816 1603 146 37 saknad
992 1604 42 36 af
1053 1605 230 38 materialier
1310 1607 85 37 icke
1425 1608 130 37 kunna
1584 1610 218 38 åstadkom-

210 1663 93 35 mas,
346 1665 88 22 men
475 1653 179 48 ostridigt
692 1658 52 44 är,
780 1660 55 31 att
867 1655 195 49 betydliga
1095 1658 142 47 partier
1271 1659 110 48 billig
1409 1665 60 32 ost
1496 1661 194 38 inkomma
1718 1663 84 37 från

209 1702 166 37 Iolland
416 1704 71 36 och
526 1705 207 48 Danmark,
776 1712 99 32 samt
910 1713 55 31 att
994 1709 125 38 denna
1146 1710 255 50 importerade
1430 1726 90 24 vara
1548 1713 111 49 ingår
1686 1714 11 37 i
1727 1715 75 37 den

210 1754 178 54 fattigare
413 1755 296 50 befolkningens
734 1758 265 51 förbrukning.

333 1810 34 33 ÅA
409 1808 118 37 andra
569 1809 110 37 sidan
720 1810 69 37 har
831 1811 300 50 tillverkningen
1172 1814 103 37 inom
1309 1815 131 37 landet
1468 1817 41 36 af
1534 1818 268 49 sötmjölksost

207 1858 136 37 vunnit
383 1860 73 36 den
498 1861 248 50 betydenhet,
791 1869 55 31 att
887 1864 262 49 afsättningen
1185 1867 69 36 och
1288 1867 120 49 priset
1449 1873 64 32 äro
1555 1871 247 49 väsentligen

206 1909 191 39 beroende
439 1912 42 37 af
517 1914 209 49 utlandets,
755 1915 122 37 under
905 1917 65 36 det
994 1922 56 31 att
1075 1918 73 36 den
1176 1918 69 37 här
1272 1919 228 38 tillverkade
1529 1922 272 49 skummjölks-

207 1968 109 31 osten
345 1977 105 24 mera
478 1966 245 37 uteslutande
753 1972 40 32 är
821 1968 157 37 föremål
1006 1969 58 36 för
1093 1970 253 50 förbrukning
1366 1972 102 38 inom
1489 1973 142 38 landet.
1674 1975 126 38 Priset

206 2017 20 33 å
269 2015 74 36 den
375 2016 208 49 dyrbarare
620 2025 122 42 osten,
773 2033 80 24 som
885 2021 137 36 endast
1049 2022 11 36 i
1090 2023 148 37 mindre
1268 2024 141 49 partier
1438 2026 76 36 kan
1541 2026 102 37 inom
1670 2028 131 37 landet

205 2067 173 49 afsättas,
413 2073 41 32 är
488 2070 117 37 också
638 2072 70 36 här
736 2072 121 49 högre
886 2078 48 32 än
963 2074 102 36 hvad
1089 2075 11 36 i
1128 2075 175 38 utlandet
1331 2077 64 37 vid
1419 2082 122 33 större
1570 2079 231 50 försäljning

205 2118 74 37 kan
325 2120 179 49 betingas
546 2123 59 36 för
647 2137 145 24 samma
830 2139 103 31 vara,
962 2126 71 36 och
1062 2128 197 36 åsättande
1289 2128 42 37 af
1354 2129 68 36 tull
1451 2132 20 34 å
1500 2131 73 36 den
1596 2131 203 39 utländska

205 2177 111 30 osten
357 2172 122 38 skulle
522 2175 120 36 under
680 2176 112 37 dessa
834 2177 266 38 förhållanden
1133 2179 82 37 icke
1248 2180 119 37 verka
1396 2182 57 36 till
1481 2185 129 46 någon
1638 2183 58 37 för
1724 2185 75 36 till-

204 2224 190 37 verkaren
439 2225 217 50 betydande
698 2229 259 49 prisstegring
998 2231 103 49 derå,
1136 2231 146 38 hvilket
1311 2233 172 37 deremot
1511 2235 288 50 otvifvelaktigt

203 2274 124 37 blefve
356 2276 106 37 fallet
490 2279 86 36 med
604 2279 73 37 den
708 2280 185 49 billigare,
923 2282 102 36 inom
1055 2283 132 37 landet
1215 2284 324 50 hufvudsakligen
1567 2287 231 38 förbrukade

205 2332 120 44 osten,
351 2328 12 36 i
392 2329 181 38 afseende
602 2331 146 51 hvarpå
776 2334 202 37 tullsatsen
1010 2335 149 37 således
1188 2336 152 38 komme
1371 2342 56 33 att
1454 2339 119 37 verka
1602 2342 123 35 såsom
1751 2354 46 23 en

204 2379 231 49 skyddstull.

290 2439 72 32 DBih.
387 2440 49 32 till
461 2442 111 33 Riksd.
599 2443 86 32 Prot.
710 2446 92 31 1881.
849 2446 19 30 5
892 2446 99 32 Saml.
1024 2448 9 29 1
1058 2447 77 39 Afd.
1159 2449 21 29 3
1204 2442 97 53 Häft.
1735 2452 19 30 3
