2119 2656
183 944 84 35 Majs.

391 231 18 31 6
755 226 217 42 Bevillnings-
980 224 167 34 Utskottets
1169 222 213 34 Betänkande
1405 221 62 33 N:o
1491 224 29 29 4.

348 310 240 38 motionären
625 308 90 50 sjelf
742 307 185 51 upplyser
955 327 48 7 —
1031 304 293 50 ifrågavarande
1353 302 139 38 artikel
1521 301 198 49 samtidigt
1747 301 99 37 varit
1873 300 64 37 vid

347 363 158 38 införsel
533 365 99 34 åsatt
661 375 48 23 en
736 361 81 48 hög
844 358 197 50 tullafgift.

474 416 53 36 På
555 414 127 50 grund
718 413 42 37 af
783 413 103 37 hvad
909 411 199 39 Utskottet
1136 409 161 38 sålunda
1326 408 126 38 anfört
1480 407 71 37 och
1579 407 12 36 i
1619 405 253 38 betraktande
1901 405 42 37 af

348 474 55 32 att
444 469 76 37 den
561 481 51 23 nu
654 465 187 50 stadgade
875 464 239 38 tullfriheten
1143 462 126 38 blifvit
1296 462 12 36 i
1337 460 250 38 förevarande
1615 459 67 37 fall
1710 461 42 34 så
1780 458 159 50 nyligen

347 522 137 48 införd,
513 525 56 33 att
596 522 120 47 några
745 519 88 37 dess
862 518 235 48 verkningar
1125 538 41 4 —
1193 528 91 24 vare
1309 514 61 49 sig
1391 512 169 50 menliga
1577 512 92 37 eller
1684 511 256 37 helsosamma

347 598 50 5 —
426 579 100 33 ännu
555 573 84 37 icke
667 572 147 37 kunnat
841 570 220 48 framträda,
1091 568 221 38 hemställer
1340 566 199 39 Utskottet

878 680 56 32 att
975 675 98 36 Herr
1114 674 97 36 Jöns
1252 672 217 37 Pehrssons
1510 670 251 38 förevarande
1797 667 143 38 motion

746 730 116 35 måtte
892 726 41 38 af
955 726 223 48 Riksdagen
1206 725 147 36 lemnas
1381 727 93 32 utan
1503 722 191 37 afseende.

1112 852 69 33 D:0.

478 940 66 39 Uti
584 953 47 24 en
672 938 103 38 inom
817 938 137 37 Första
981 937 233 37 Kammaren
1246 934 126 47 väckt,
1401 932 57 37 till
1485 930 460 49 Bevillnings-Utskottet

350 993 189 38 hänvisad
581 991 145 38 motion
764 991 85 49 (N:o
889 990 60 50 11)
979 990 69 37 har
1075 989 98 37 Herr
1201 987 118 37 Ludv.
1349 985 161 37 Kockum
1539 983 201 49 föreslagit
1767 983 87 47 dels,
1891 987 55 32 att

349 1046 163 38 artikeln
540 1046 102 49 Majs
671 1046 118 35 måtte
818 1043 188 37 förklaras
1035 1042 47 36 fri
1110 1042 84 36 från
1222 1038 198 49 tullafgift,
1449 1037 74 37 dels
1552 1036 72 36 ock
1644 1039 56 33 att
1720 1035 225 48 Riksdagen

350 1099 91 37 ville
470 1098 59 37 för
557 1097 59 37 sin
644 1097 63 37 del
734 1096 162 48 besluta,
926 1100 56 32 att
1010 1095 73 36 den
1112 1093 122 49 enligt
1261 1090 180 51 gällande
1470 1089 161 36 tulltaxa
1655 1087 59 37 för
1743 1086 121 50 sagda
1889 1100 57 23 ar-

349 1152 95 36 tikel
487 1164 51 23 nu
579 1149 188 48 stadgade
805 1148 112 48 afgift
953 1150 117 34 måtte
1098 1147 84 36 från
1210 1144 70 37 och
1309 1143 87 37 med
1425 1143 72 36 den
1530 1143 17 35 1
1578 1140 75 49 Maj
1683 1139 263 37 innevarande

350 1207 41 34 år
418 1203 176 49 upphöra
623 1205 55 33 att
707 1202 104 47 utgå.

452 1255 75 36 Till
571 1254 86 37 stöd
685 1253 59 36 för
772 1252 66 37 sitt
866 1251 146 49 förslag
1036 1250 69 37 har
1132 1250 98 36 Herr
1258 1247 176 37 Kockum
1463 1245 137 47 anfört,
1630 1249 56 31 att
1714 1243 103 37 hvad
1848 1245 97 35 1880

350 1312 59 33 års
433 1306 174 49 Riksdag
634 1304 209 38 framhållit
870 1307 127 34 såsom
1027 1308 55 31 ett
1111 1302 41 37 af
1175 1302 46 37 de
1248 1300 211 37 förnämsta
1479 1298 136 36 skälen
1631 1296 59 37 för
1706 1295 241 50 majstullens

350 1358 213 45 införande,
606 1357 195 48 nemligen
842 1362 56 31 att
925 1356 73 36 den
1028 1355 107 49 majs,
1166 1367 81 23 som
1275 1353 12 36 i
1315 1352 130 36 landet
1473 1350 181 47 infördes,
1683 1347 264 39 hufvudsakli-

351 1418 89 44 gast
476 1411 197 37 användes
706 1410 12 36 i
747 1409 71 37 och
847 1408 58 37 för
932 1405 451 48 bränvinstillverkning,
1412 1402 128 38 blifvit
1568 1402 41 36 af
1632 1401 95 36 sista
1757 1403 101 34 årets
1887 1413 58 24 er-

352 1464 176 39 farenhet
554 1462 239 48 vederlagdt,
822 1461 12 37 i
862 1461 65 37 det
955 1459 233 51 ojemförligt
1216 1462 141 32 största
1385 1456 114 37 delen
1519 1454 42 37 af
1578 1457 99 33 årets
1697 1453 140 49 import
1861 1452 85 36 fun-

352 1518 57 37 nit
450 1517 59 37 sin
550 1514 251 48 användning
843 1517 126 33 såsom
997 1510 303 46 kreatursfoder;
1329 1507 251 39 förmenande
1609 1505 252 48 motionären,
1892 1509 55 32 att

352 1571 64 36 det
457 1568 64 37 vid
563 1567 135 37 sådant
739 1566 240 36 förhållande
1014 1567 120 34 måste
1163 1576 91 24 vara
1282 1562 13 36 i
1323 1561 74 37 allo
1427 1559 212 50 olämpligt,
1669 1563 56 32 att
1753 1557 86 37 med
1869 1557 79 48 hög

351 1620 186 49 tullafgift
564 1620 165 48 belägga
758 1618 104 37 detta
890 1617 134 49 billiga
1051 1617 232 45 foderämne,
1313 1613 88 38 med
1425 1613 115 36 hvars
1570 1610 104 50 hjelp
1703 1609 75 38 den
1800 1609 147 37 inhem-

354 1675 68 36 ske
445 1672 282 51 jordbrukaren
755 1670 127 37 kunde
911 1674 120 32 sättas
1059 1669 12 36 i
1099 1667 148 37 tillfälle
1277 1671 55 32 att
1360 1666 12 35 i
1399 1663 277 38 vidsträcktare
1698 1665 88 33 mån
1807 1666 48 32 än
1875 1661 73 36 hit-

353 1726 78 37 tills
474 1725 86 36 med
598 1724 83 36 sina
705 1721 422 50 ladugårdsprodukter
1154 1718 190 51 uppträda
1372 1715 166 39 täflande
1566 1718 48 46 på
1643 1715 74 36 den
1740 1713 209 37 utländska

356 1778 249 37 marknaden.

482 1829 17 37 I
541 1828 59 38 sin
640 1826 262 49 underdåniga
927 1825 203 38 skrifvelse
1161 1824 74 37 den
1267 1825 46 35 14
1336 1822 74 49 Maj
1445 1821 109 48 1880,
1584 1819 199 50 angående
1812 1817 137 38 tullbe-

355 1882 220 48 villningar,
595 1885 130 43 antog
752 1878 236 49 Riksdagen,
1018 1883 56 31 att
1102 1881 141 33 största
1273 1875 111 36 delen
1413 1874 41 36 af
1478 1874 75 35 den
1581 1871 199 50 betydliga
1808 1871 141 48 impor-

354 1940 66 31 ten
461 1934 42 36 af
539 1933 95 49 majs
678 1934 125 46 åtgått
834 1931 58 36 till
920 1927 502 48 bränvinstillverkningen,
1451 1924 228 50 uppgående
1708 1923 121 36 under
1857 1926 93 33 åren

357 1987 252 37 1874—1878
648 1983 148 48 årligen
833 1983 12 36 i
875 1982 178 37 medeltal
1077 1982 57 36 till
1166 1981 226 47 17,589,000
1421 1978 147 36 kannor
1597 1976 71 37 och
1697 1975 59 37 för
1784 1978 41 34 år
1852 1976 95 35 1879

354 2039 60 36 till
459 2037 225 49 13,750,000
722 2036 161 46 kannor,
927 2040 99 30 samt
1066 2033 153 50 yttrade
1254 2030 154 38 härvid:
1442 2029 170 37 »Genom
1643 2028 74 36 den
1746 2027 202 36 inhemska

356 2088 465 40 bränvinsfabrikationen
865 2087 82 47 har,
985 2089 124 34 såsom
1156 2085 124 36 denna
1308 2082 233 38 fabrikation
1569 2080 136 37 hittills
1734 2078 214 48 bedrifvits,

356 2141 250 48 användning
634 2140 152 37 beredts
814 2140 59 35 för
902 2139 196 47 åtskilliga
1122 2134 432 52 jordbruksprodukter,
1584 2132 132 37 hvilka
1743 2132 103 36 inom
1869 2131 80 36 lan-

357 2195 63 37 det
460 2193 257 48 frambringas
754 2192 12 36 i
803 2196 123 33 större
956 2190 141 49 mängd
1127 2194 48 32 än
1204 2193 55 33 att
1284 2188 193 37 desamma
1505 2186 129 36 kunna
1662 2183 200 38 härstädes
1891 2182 59 37 för

357 2251 118 33 annat
517 2245 177 37 ändamål
736 2244 116 36 vinna
884 2243 125 49 skälig
1043 2241 213 49 afsättning
1284 2245 100 32 samt
1412 2239 184 48 derjemte
1625 2242 64 31 äro
1719 2236 41 36 af
1785 2236 72 36 den
1889 2235 61 36 be-

357 2298 278 47 skaffenheten,
678 2302 55 30 att
776 2297 47 36 de
864 2295 84 37 icke
990 2297 126 47 Jämpa
1158 2294 60 48 sig
1246 2293 58 36 för
1332 2291 171 37 utförsel.
1559 2290 72 36 Det
1655 2289 210 36 förnämsta
1892 2289 58 34 rå-

358 2350 213 37 materialet
604 2349 58 36 för
686 2349 73 36 den
786 2347 202 37 inhemska
1016 2344 491 47 bränvinstillverkningen
1535 2346 158 44 utgöres
1721 2340 42 36 af
1785 2344 164 45 potates.

488 2401 83 49 Om,
600 2404 126 34 såsom
755 2400 223 48 Riksdagen
1006 2399 84 37 icke
1119 2397 121 38 håller
1268 2397 58 37 för
1355 2393 228 50 osannolikt,
1612 2394 73 36 den
1710 2397 123 32 större
1854 2391 96 50 pris-
