1910 2838
543 160 296 35 Statsutskottets
863 162 186 34 utlåtande
1072 162 55 34 Nr
1149 164 54 32 98.
1581 168 40 29 19

129 239 300 43 elevintagningen
456 240 11 33 i
494 240 228 34 Landskrona
748 240 64 33 och
838 240 191 43 Strängnäs
1056 242 206 34 seminarier.
1288 243 209 34 Erfarenhet
1522 245 62 33 har
1611 245 10 33 i

131 284 112 42 själva
265 284 121 33 verket
406 284 106 33 redan
532 284 154 34 erhållits
707 296 45 22 av
772 285 70 33 viss
861 285 180 42 knapphet
1060 287 46 41 på
1125 287 109 33 lärare
1253 287 80 34 med
1354 288 267 34 småskolekom-

130 333 122 38 petens
272 329 10 33 i
302 328 102 34 södra
423 328 149 42 Sverige.
592 329 171 34 Däremot
782 329 69 33 kan
869 329 59 42 jag
946 330 74 33 icke
1040 342 82 22 anse
1141 331 243 42 övervägande
1404 333 218 33 sannolikhet

129 373 74 33 tala
223 373 55 33 för
298 377 53 29 att
372 372 459 35 småskolläraröverskottet
852 374 38 33 år
914 377 85 31 1945
1020 375 157 33 kommer
1197 380 53 29 att
1272 388 84 21 vara
1376 376 88 35 hävt
1484 377 11 33 i
1515 377 106 34 Norr-

130 417 93 40 land,
244 417 63 34 och
327 417 62 33 har
410 417 74 33 icke
505 417 99 34 blivit
624 418 192 42 övertygad
837 430 58 21 om
915 419 245 42 lämpligheten
1181 431 45 22 av
1247 424 54 30 att
1322 420 44 34 då
1386 422 236 33 utexaminera

130 463 65 32 två
211 462 128 33 klasser
356 462 342 33 småskollärarinnor
713 463 12 32 i
741 465 42 30 de
800 463 62 33 två
879 463 68 39 län,
964 464 63 32 där
1043 464 187 42 tillgången
1246 465 45 41 på
1307 465 261 34 småskollärare
1584 469 38 30 är

131 506 145 34 relativt
299 509 109 31 störst
430 506 66 33 och
519 506 501 43 anställningsförhållandena
1042 507 55 34 för
1120 509 43 33 de
1187 508 85 34 sista
1295 509 84 35 åren
1403 510 215 34 utexamine-

127 552 89 33 rade
236 551 112 33 lärare
368 550 95 34 varit
484 551 245 42 exceptionellt
750 551 126 43 dåliga.
897 552 70 33 För
989 557 54 29 att
1065 553 128 34 bereda
1215 553 91 43 goda
1328 554 292 43 läraraspiranter

128 596 13 33 1
164 599 85 30 övre
270 595 193 40 Norrland,
485 596 95 33 vilka
606 608 46 21 nu
676 596 11 33 i
711 597 62 32 två
796 597 38 33 år
858 597 130 34 saknat
1010 597 184 43 möjlighet
1217 603 55 29 att
1293 598 99 34 inom
1415 599 204 34 landsdelen

130 640 109 34 vinna
268 640 464 43 småskollärarutbildning,
760 640 135 35 tillfälle
922 642 52 32 till
1005 642 121 40 sådan,
1155 653 104 32 synes
1288 643 185 43 intagning
1501 655 45 22 av
1575 655 42 23 en

128 685 289 42 klassavdelning
437 685 47 42 på
507 685 129 42 treårig
658 685 84 42 linje
765 697 86 22 vara
873 685 186 43 tillfyllest.

170 729 68 43 Jag
259 729 143 35 föreslår
425 729 128 41 därför,
577 735 56 28 att
654 742 44 21 en
721 730 284 43 klassavdelning
1026 743 58 21 om
1107 735 43 29 24
1173 732 113 33 elever
1308 731 55 34 för
1384 732 237 34 instundande

129 774 95 33 läsår
253 774 135 42 intages
419 773 61 34 vid
510 779 82 28 vart
619 774 67 33 och
718 779 52 29 ett
800 787 45 21 av
876 775 429 34 småskoleseminarierna
1332 777 10 33 i
1372 776 247 41 Landskrona,

129 819 196 42 Strängnäs
350 818 66 34 och
440 818 181 43 Lycksele,
644 830 82 22 men
752 819 159 33 däremot
937 820 75 33 icke
1037 820 60 34 vid
1123 821 203 34 seminariet
1350 821 12 34 i
1387 821 231 43 Haparanda.

128 864 172 42 Lycksele
322 863 226 34 seminarimwm
571 875 103 31 synes
697 864 175 43 nämligen
897 877 45 21 av
962 865 230 34 ekonomiska
1215 865 66 34 och
1301 865 317 44 rekryteringsskäl

128 909 87 33 böra
230 908 73 34 före
321 909 195 34 seminariet
532 909 11 32 i
559 908 214 43 Haparanda
789 910 252 41 itrågakomma
1057 909 54 34 för
1127 910 312 42 elevintagningen.

175 1015 68 33 Till
266 1015 77 34 stöd
366 1015 54 33 för
441 1015 59 34 det
521 1015 11 33 i
552 1015 218 34 motionerna
790 1015 30 33 I:
833 1017 67 32 207
922 1015 64 33 och
1007 1016 51 33 II:
1070 1018 68 32 277
1158 1016 121 43 gjorda
1300 1017 174 43 yrkandet
1494 1030 57 21 om
1572 1017 49 33 in-

126 1069 147 43 tagning
307 1071 105 31 nästa
446 1068 93 34 läsår
573 1080 46 22 av
654 1069 112 33 elever
790 1069 11 33 i
823 1069 422 42 Haparandaseminariet
1268 1069 65 35 har
1355 1069 137 35 anförts
1515 1070 107 34 bland

124 1127 123 29 annat:

173 1186 73 33 Det
273 1185 106 34 borde
405 1184 137 41 erinras,
569 1189 54 29 att
651 1185 538 35 småskolelärarinneseminariet
1222 1188 4 33 i
1255 1187 214 42 Haparanda
1498 1188 124 42 avsåge

129 1234 54 29 att
202 1229 133 34 utbilda
354 1241 41 21 en
414 1229 134 42 speciell
566 1234 73 28 sort
657 1242 45 21 av
720 1230 350 42 småskollärarinnor,
1087 1231 173 42 nämligen
1278 1232 131 33 sådana
1425 1231 54 34 för
1496 1232 124 41 tjänst-

125 1274 123 42 göring
274 1274 11 33 i
312 1273 220 34 Tornedalen
559 1274 65 33 och
652 1273 112 34 andra
789 1273 258 44 finskspråkiga
1074 1275 97 34 delar
1198 1288 45 21 av
1270 1275 233 36 Norrbotten.
1529 1276 92 34 Man

124 1319 115 34 måste
258 1318 118 34 därför
394 1322 85 39 göra
496 1318 93 34 klart
608 1318 55 34 för
681 1319 61 42 sig,
761 1324 55 29 att
834 1331 57 22 om
910 1331 83 22 man
1011 1320 79 33 med
1109 1320 166 42 förslaget
1293 1325 56 29 att
1367 1320 123 43 intaga
1507 1321 113 33 elever

124 1363 62 34 vid
213 1364 169 42 Lycksele
409 1363 400 34 småskoleseminarium
839 1365 128 42 avsåge
995 1369 56 29 att
1078 1365 181 42 tillgodose
1287 1368 91 31 även
1406 1365 43 34 de
1476 1365 143 43 bygder,

123 1421 76 22 som
221 1408 110 34 under
353 1408 142 42 vanliga
516 1408 244 33 förhållanden
783 1408 127 35 erhölle
932 1409 77 34 sina
1030 1409 348 34 småskollärarinnor
1398 1409 81 35 från
1498 1410 120 43 Hapa-

125 1453 124 40 randa,
271 1454 38 33 så
331 1464 83 22 vore
437 1453 100 33 detta
558 1465 42 22 en
623 1452 146 43 felaktig
792 1453 203 42 beräkning,
1017 1454 118 33 därför
1157 1459 57 29 att
1235 1454 331 43 Lyckseleeleverna
1587 1455 30 42 ej

124 1498 179 34 inhämtat
321 1497 81 34 eller
420 1497 88 42 ägde
525 1498 108 42 några
651 1498 202 42 kunskaper
869 1498 11 33 i
898 1498 115 34 finska
1031 1499 154 42 språket.
1205 1499 69 34 För
1291 1499 236 43 tjänstgöring
1544 1511 76 22 som

124 1542 351 34 småskollärarinnor
496 1543 94 32 inom
612 1542 156 33 nämnda
789 1543 259 42 finskspråkiga
1070 1543 135 43 bygder
1226 1543 181 34 fordrades
1430 1544 188 34 emellertid

123 1587 108 43 enligt
269 1587 161 42 gällande
467 1587 274 40 bestämmelser,
778 1592 55 29 att
869 1587 241 34 lärarinnorna
1147 1588 111 34 skulle
1294 1588 176 34 behärska
1504 1588 116 34 finska

123 1632 155 49 språket.

169 1682 102 29 Även
295 1676 111 34 andra
429 1676 75 34 skäl
527 1676 120 34 kunde
670 1676 141 34 anföras
833 1682 76 29 mot
932 1677 132 43 Kungl.
1087 1677 130 43 Maj:ts
1239 1677 140 44 förslag.
1402 1678 68 34 Ett
1492 1678 127 34 sådant

125 1734 95 31 vore,
244 1727 56 28 att
322 1721 53 34 för
397 1721 221 34 närvarande
640 1742 47 4 —
710 1722 106 42 enligt
840 1722 224 43 upplysning,
1088 1735 75 21 som
1188 1722 154 35 erhållits
1366 1722 79 35 från
1468 1723 152 34 sakkun-

124 1767 76 42 nigt
221 1767 70 33 håll
311 1766 94 34 inom
424 1766 219 34 Norrbotten
660 1787 47 4 —
725 1767 38 33 så
781 1772 78 36 gott
878 1779 75 21 som
972 1767 100 42 ingen
1093 1767 79 34 från
1192 1768 220 42 Ilaparanda
1432 1768 186 34 småskole-

125 1812 224 33 seminarium
367 1811 265 33 utexaminerad
650 1812 75 33 elev
741 1824 82 21 vore
839 1816 89 29 utan
945 1812 130 34 arbete.
1092 1813 74 33 Det
1183 1812 192 34 existerade
1392 1813 104 34 alltså
1512 1811 107 35 bland

129 1856 98 34 detta
250 1856 155 42 speciella
429 1856 71 42 slag
522 1868 44 21 av
588 1856 342 33 småskollärarinnor
952 1862 53 28 ett
1026 1857 71 33 helt
1119 1862 109 29 annat
1249 1856 214 35 förhållande
1485 1861 45 30 än
1551 1858 69 33 vad

128 1912 75 21 som
227 1913 83 20 vore
333 1899 94 34 fallet
452 1900 106 33 bland
582 1900 341 33 småskollärarinnor
946 1901 10 32 i
981 1901 187 33 allmänhet
1192 1901 10 33 i
1226 1902 117 32 landet
1367 1902 10 32 i
1401 1902 124 41 övrigt.
1548 1902 70 33 En-

123 1945 63 41 ligt
208 1944 71 34 vad
300 1956 76 21 som
397 1956 83 21 vore
501 1944 132 33 bekant
654 1944 66 33 och
741 1944 138 33 kunnat
899 1944 234 40 konstateras,
1154 1945 142 34 komme
1318 1945 107 34 också
1445 1945 111 34 under
1576 1945 43 34 de

125 1993 176 29 närmaste
338 1989 80 32 åren
456 1993 51 29 ett
543 1988 130 42 ganska
710 1989 171 41 betydligl
918 1990 94 32 antal
1049 1989 343 34 småskollärarinnor
1428 1990 94 33 inom
1556 1990 63 33 här

123 2033 159 34 nämnda
303 2032 134 43 bygder
458 2037 55 29 att
534 2033 89 42 avgå
645 2032 78 34 från
745 2033 74 34 sina
840 2032 240 43 befattningar
1099 2034 47 41 på
1167 2033 114 42 grund
1302 2046 45 21 av
1367 2033 251 43 pensionering.

123 2078 119 34 Skulle
264 2090 46 21 nu
333 2077 167 43 förslaget
521 2090 57 21 om
599 2077 211 34 inställande
832 2090 45 21 av
897 2077 184 43 intagning
1102 2090 45 21 av
1169 2077 114 35 elever
1304 2078 60 34 vid
1385 2078 232 43 Haparanda-

124 2123 199 33 seminariet
345 2121 232 43 genomföras,
598 2134 83 21 vore
704 2122 60 34 det
785 2122 167 42 tämligen
975 2122 128 41 säkert,
1124 2128 56 29 att
1201 2122 87 34 efter
1308 2124 110 41 några
1438 2124 39 33 år
1498 2135 41 22 en
1560 2123 58 34 be-

129 2167 111 42 tydlig
267 2167 86 33 brist
379 2168 45 41 på
451 2167 342 33 småskollärarinnor
819 2167 92 33 inom
939 2167 98 33 detta
1063 2168 142 33 område
1231 2168 140 33 komme
1398 2173 55 29 att
1480 2169 139 41 uppstå,

122 2211 11 33 1
157 2211 191 42 synnerhet
371 2223 75 21 som
470 2211 183 42 intagning
676 2223 45 21 av
745 2211 111 33 elever
880 2211 58 33 vid
964 2211 199 34 seminariet
1185 2211 10 33 1
1219 2211 98 42 fråga
1341 2215 91 31 även
1454 2212 93 33 varit
1568 2212 48 33 in-

123 2256 106 33 ställd
251 2256 110 33 under
384 2258 88 30 1940
495 2255 64 33 och
582 2258 100 31 1941.

459 2368 840 42 Seminarieorganisationen.

168 2438 340 43 Skolöverstyrelsen
529 2439 63 33 har
614 2439 186 34 verkställt
822 2439 189 43 utredning
1032 2440 148 33 rörande
1203 2439 267 43 möjligheterna
1494 2441 51 33 till
1567 2441 50 32 in-

123 2493 217 41 skränkning
363 2504 46 22 av
433 2492 639 42 småskoleseminarieorganisationen
1096 2493 66 33 och
1186 2492 152 34 kommit
1361 2493 53 33 till
1440 2493 67 34 den
1531 2505 86 31 upp-
