1846 2780
273 162 19 29 6
651 167 122 32 Andra
793 168 245 40 lagutskottets
1060 172 178 32 utlåtande
1258 183 43 21 nr
1322 175 49 30 10.

313 242 52 30 En
386 247 180 28 reservant
586 246 104 31 bland
714 248 41 30 de
779 249 222 40 sakkunniga
1023 251 106 40 ansåg
1151 254 203 35 emellertid,
1377 257 50 29 att
1450 256 68 30 den
1540 266 74 21 som
1637 258 116 30 färda-

269 295 59 30 des
348 296 36 29 in
404 297 45 39 på
470 297 175 32 huvudled
667 301 112 29 under
800 302 67 30 alla
888 302 245 32 förhållanden
1154 306 106 30 borde
1282 316 82 21 vara
1386 308 137 40 skyldig
1545 311 50 29 att
1616 312 136 29 stanna.

313 348 13 30 I
348 351 217 39 proposition
590 353 81 30 1951
697 363 44 20 nr
763 356 51 36 30,
838 356 75 30 vari
937 356 131 41 förslag
1091 358 52 30 till
1168 368 47 31 ny
1237 361 383 42 vägtrafikförordning
1645 364 107 30 fram-

268 401 93 31 lades
388 403 55 30 för
470 404 196 41 riksdagen,
694 408 115 30 anslöt
835 409 51 40 sig
913 409 251 41 föredragande
1192 413 386 39 departementschefen
1604 417 51 30 till
1684 418 67 29 den

268 455 218 40 ståndpunkt
509 458 41 30 de
574 459 582 45 trafikförfattningssakkunnigas
1181 466 179 39 majoritet
1382 468 88 39 tagit
1494 469 10 29 i
1529 469 133 40 frågan.

310 508 118 32 Andra
450 510 228 40 lagutskottet
698 513 217 33 behandlade
936 517 264 39 propositionen
1221 519 11 30 i
1255 519 59 30 sitt
1336 521 180 31 utlåtande
1540 522 79 31 1951
1645 533 42 20 nr
1709 524 40 30 30

266 562 64 29 och
353 563 88 30 hade
466 564 121 31 därvid
610 566 88 30 även
722 569 50 28 att
795 569 79 39 taga
898 570 166 40 ställning
1088 571 51 30 till
1164 572 182 36 motioner,
1372 574 28 30 I:
1427 574 61 30 321
1515 577 64 28 och
1603 576 46 30 II:
1675 576 74 35 419,

265 615 73 29 vari
360 616 226 32 hemställdes
610 628 57 21 om
692 619 192 37 föreskrift,
910 624 51 28 att
986 622 113 32 förare
1124 634 42 20 av
1190 626 242 31 motorfordon
1457 628 57 30 vid
1538 630 211 38 passerande

265 677 42 20 av
329 669 169 41 korsning
521 672 78 29 med
621 672 178 32 huvudled
823 675 113 31 skulle
960 677 100 30 växla
1084 678 66 30 ned
1174 679 83 29 eller
1281 681 135 29 stanna.
1442 681 176 31 Utskottet
1642 683 107 30 fram-

264 721 81 35 höll,
366 724 50 28 att
436 723 59 30 det
514 724 12 29 i
546 724 175 41 åtskilliga
743 727 61 30 fall
825 728 78 30 med
925 729 139 40 hänsyn
1084 730 52 30 till
1158 731 70 31 sikt
1249 733 65 29 och
1335 734 357 32 trafikförhållanden
1714 737 31 39 ej

264 783 79 21 vore
364 775 220 41 erforderligt
604 780 50 28 att
677 781 126 29 stanna
824 781 81 30 eller
927 783 102 29 växla
1050 784 65 29 ned
1137 784 75 31 före
1233 785 168 41 korsning
1423 788 80 29 med
1524 788 187 31 huvudled.
1735 790 12 29 I

264 827 131 31 sådana
416 829 62 30 fall
499 830 116 31 kunde
635 832 58 30 det
714 833 106 39 enligt
841 835 189 30 utskottets
1052 837 140 40 mening
1212 838 176 40 knappast
1409 840 191 36 förväntas,
1622 844 50 29 att
1692 843 56 30 be-

264 882 218 30 stämmelser
504 893 57 20 om
582 885 198 40 skyldighet
802 889 50 28 att
874 889 103 30 växla
999 890 66 29 ned
1087 890 82 30 eller
1192 893 127 29 stanna
1342 893 112 30 skulle
1477 894 48 29 bli
1547 895 199 31 efterlevda.

262 934 211 39 Härigenom
500 936 110 32 skulle
634 939 187 39 respekten
845 940 55 30 för
925 950 45 21 en
993 942 244 32 bestämmelse
1262 955 57 20 om
1344 946 98 39 dylik
1468 947 197 40 skyldighet
1691 959 56 20 av-

262 988 152 30 trubbas.
444 990 176 30 Utskottet
647 991 80 31 ville
756 993 119 30 därför
904 995 31 39 ej
969 995 139 31 förorda
1137 997 116 40 någon
1281 1000 149 37 generell
1459 1002 92 38 regel
1579 1011 42 20 av
1649 1002 58 30 det
1735 1002 11 29 i

260 1041 220 31 motionerna
508 1043 148 40 angivna
683 1045 200 31 innehållet.

305 1094 64 30 Vid
394 1095 84 31 1953
501 1096 56 30 års
580 1097 143 41 riksdag
746 1107 107 31 avgav
876 1101 112 30 andra
1010 1101 228 40 lagutskottet
1261 1105 190 35 utlåtande,
1476 1116 42 20 nr
1541 1107 29 35 8,
1594 1108 11 29 i
1628 1108 118 31 anled-

261 1146 82 41 ning
362 1157 42 22 av
420 1149 95 30 vissa
533 1151 170 30 motioner
723 1152 177 39 angående
919 1154 423 43 trafiksäkerhetsfrågor.
1362 1159 14 29 I
1395 1159 197 32 utlåtandet
1609 1179 44 3 —
1670 1162 75 30 vari

260 1201 169 30 utskottet
450 1202 45 30 bl.
517 1212 29 20 a.
569 1204 165 32 framhöll
756 1207 50 28 att
828 1216 43 20 en
893 1207 124 40 skärpt
1038 1209 346 42 trafikövervakning
1405 1222 82 21 vore
1509 1214 235 40 oundgänglig

256 1271 45 3 -—
324 1255 211 31 underströk
561 1257 170 31 utskottet
756 1259 295 40 angelägenheten
1075 1272 42 21 av
1141 1265 51 28 att
1216 1265 305 40 stoppskyldighet
1546 1267 197 31 föreskrevs

257 1307 146 30 medelst
432 1310 233 38 uppsättande
695 1321 43 20 av
767 1313 238 39 stopptecken,
1034 1315 62 30 där
1124 1317 156 39 terräng-
1309 1319 64 29 och
1403 1318 340 33 siktförhållandena

256 1359 183 39 påkallade
460 1361 68 31 det.

301 1440 129 31 Chefen
464 1442 56 30 för
553 1443 604 44 kommunikationsdepartementet
1190 1451 65 29 har
1288 1451 142 39 jämlikt
1464 1453 278 40 bemyndigande

256 1493 68 30 den
346 1494 39 30 25
411 1496 195 38 september
631 1497 83 31 1953
739 1498 123 31 tillsatt
885 1509 44 21 en
952 1503 347 40 enmansutredning,
1325 1505 82 30 1953
1432 1506 58 30 års
1516 1507 225 40 trafiksäker-

255 1546 278 43 hetsutredning,
554 1549 54 31 för
628 1553 50 27 att
700 1552 158 31 utarbeta
880 1553 132 41 förslag
1033 1555 51 30 till
1105 1555 162 40 åtgärder
1289 1558 53 30 för
1363 1558 314 33 åstadkommande
1699 1570 43 21 av

255 1599 195 32 förbättrad
476 1602 285 32 trafiksäkerhet.
787 1605 67 31 Till
880 1607 291 40 utredningsman
1196 1610 65 30 har
1287 1613 125 29 utsetts
1439 1613 302 41 landshövdingen

255 1653 37 29 E.
319 1654 188 40 Mossberg.
534 1656 110 30 Bland
671 1657 42 31 de
742 1659 171 39 spörsmål
941 1661 232 40 utredningen
1200 1663 107 40 enligt
1334 1664 196 32 direktiven
1556 1667 61 29 bör
1645 1668 95 29 över-

254 1707 86 38 väga
358 1708 38 29 är
415 1707 135 41 frågan,
569 1710 176 32 huruvida
763 1721 44 21 en
824 1714 151 38 generell
994 1715 91 39 regel
1103 1725 57 20 om
1180 1716 197 40 skyldighet
1397 1720 51 29 att
1468 1721 126 30 stanna
1613 1720 126 31 fordon

254 1759 74 30 före
352 1759 110 32 infart
486 1762 45 39 på
555 1763 178 31 huvudled
757 1765 62 30 bör
843 1765 147 32 införas.
1017 1768 238 41 Utredningen
1279 1771 64 29 har
1367 1772 12 28 i
1403 1771 143 40 januari
1574 1774 82 30 1954
1683 1784 56 20 av-

253 1812 84 39 givit
356 1813 221 33 betänkande
597 1817 79 30 med
698 1817 130 41 förslag
849 1819 52 30 till
923 1820 171 31 förstärkt
1113 1822 349 42 trafikövervakning
1484 1835 44 20 m.
1550 1836 44 20 m.
1617 1828 122 29 Utred-

254 1866 145 39 ningens
420 1868 117 30 arbete
557 1869 11 30 i
587 1870 111 39 övrigt
718 1871 172 31 beräknas
911 1882 84 22 vara
1016 1874 141 31 slutfört
1178 1876 234 32 innevarande
1434 1878 49 30 år.

893 2019 205 37 Utskottet.

295 2106 98 31 Såväl
423 2108 58 30 vid
511 2109 66 30 den
606 2119 68 31 nya
703 2112 448 42 vägtrafikförordningens
1182 2116 172 32 tillkomst
1385 2128 75 20 som
1491 2120 151 30 därefter
1672 2122 64 29 har

250 2159 94 30 olika
360 2161 182 40 meningar
559 2162 146 32 hävdats
723 2164 221 32 beträffande
963 2167 123 39 frågan
1102 2169 176 31 huruvida
1295 2171 57 30 det
1370 2181 41 20 ur
1429 2172 308 32 trafiksäkerhets-

250 2214 179 38 synpunkt
459 2216 40 29 är
528 2216 199 40 lämpligast
757 2220 50 28 att
835 2219 71 31 låta
937 2220 243 40 skyldigheten
1211 2225 50 29 att
1291 2226 126 29 stanna
1448 2226 73 29 före
1552 2227 109 30 infart
1691 2228 44 39 på

249 2267 176 30 huvudled
446 2269 91 38 gälla
557 2271 165 37 generellt
742 2272 92 35 eller,
855 2273 11 29 i
886 2273 154 40 enlighet
1059 2276 79 29 med
1158 2277 67 29 vad
1247 2286 46 21 nu
1316 2279 38 29 är
1375 2278 108 36 fallet,
1505 2280 146 31 allenast
1672 2281 62 30 där

249 2319 39 30 så
313 2328 103 31 anges
443 2329 125 31 genom
594 2324 143 30 särskilt
762 2326 198 38 vägmärke.
986 2327 103 31 Detta
1114 2330 173 38 spörsmål
1313 2331 160 30 kommer
1499 2342 47 20 nu
1572 2336 50 28 att
1648 2344 87 30 upp-

248 2374 97 38 tagas
371 2374 52 30 till
449 2376 230 40 omprövning
706 2386 42 22 av
776 2378 82 31 1953
886 2379 57 31 års
970 2380 493 44 trafiksäkerhetsutredning.
1492 2386 77 30 Med
1595 2388 138 39 hänsyn

247 2426 118 30 härtill
384 2437 103 21 anser
507 2429 179 36 utskottet,
706 2432 51 29 att
776 2433 47 28 ett
842 2432 142 41 förnyat
1004 2434 333 42 ställningstagande
1357 2447 43 21 av
1417 2438 187 40 riksdagen
1624 2441 110 39 lämp-

248 2479 91 40 ligen
358 2480 61 30 bör
440 2482 102 30 anstå
562 2482 9 30 i
593 2484 175 30 avvaktan
787 2486 44 39 på
853 2486 250 41 utredningens
1124 2490 157 30 resultat.
