2152 2661
318 201 39 28 42

823 200 241 43 Lag-Utskottets
1091 200 159 33 Utlåtande
1271 201 63 32 N:o
1358 203 52 30 23.
1561 212 6 10 /

720 281 179 44 oräknad,
930 283 102 45 eller,
1063 296 60 23 om
1156 283 162 50 helgdag
1351 284 47 37 då
1433 283 159 47 infaller,
1622 288 20 33 å
1669 284 253 50 nästföljande

718 311 227 71 söckendag.

819 406 31 33 2.
905 403 191 37 Besvären
1133 404 106 36 skola
1275 405 190 36 innehålla
1502 405 172 37 bestämd
1707 406 154 49 uppgift
1889 408 31 47 ej

717 454 147 36 mindre
906 468 60 22 om
1009 455 99 36 hvad
1149 468 79 23 som
1271 461 113 44 utgör
1423 455 159 38 föremål
1613 456 58 37 för
1699 458 148 47 klagan,
1877 465 46 29 än

717 504 110 37 äfven
857 519 59 23 om
946 507 46 35 de
1021 507 146 35 vittnen
1197 507 69 36 och
1297 488 116 55 andra
1442 508 116 45 bevis,
1585 522 79 23 som
1684 510 57 35 till
1761 510 83 36 stöd
1866 509 58 36 för

717 557 216 37 densamma
962 558 198 48 åberopas;
1203 559 69 36 och
1304 562 58 33 må
1397 538 175 58 afseende
1612 564 19 32 &
1671 560 180 37 besvären
1889 562 31 47 ej

716 608 116 37 fästas
874 610 10 34 i
926 610 45 35 de
1013 610 116 45 delar,
1167 610 67 36 der
1271 611 108 36 dessa
1416 611 237 37 föreskrifter
1686 613 81 36 icke
1796 612 127 38 blifvit

718 661 206 47 iakttagna.

1264 759 19 50 $
1312 765 57 35 33.

818 864 157 37 Pröfvar
1003 865 303 48 domkapitlet,
1296 860 22 58 i
1332 866 205 48 anledning
1557 866 40 36 af
1612 867 155 36 anförda
1788 868 135 36 besvär

718 916 105 36 öfver
851 918 177 46 prestval,
1058 917 144 48 nödigt,
1233 923 56 30 att
1316 918 147 35 vittnen
1494 896 110 58 höras
1633 922 70 39 må,
1732 919 94 36 skall
1846 920 78 35 der-

717 968 62 35 vid
808 967 160 37 förfaras
997 971 46 45 på
1072 974 75 30 sätt
1174 969 10 35 i
1209 969 207 36 allmänhet
1436 970 193 46 angående
1650 970 273 36 vittnesförhör

717 1020 10 35 i
757 1019 45 36 de
831 1020 62 36 vid
924 1020 251 48 domkapitlet
1208 1020 325 49 anhängiggjorda
1563 1021 74 36 mål
1666 1029 40 28 är
1734 1022 188 48 stadgadt.

1264 1153 18 49 $
1311 1159 58 34 34.

820 1261 30 32 1.
904 1257 136 37 Finnes
1077 1258 62 36 vid
1178 1257 178 49 pröfning
1394 1258 39 36 af
1464 1258 158 37 anförda
1653 1259 134 37 besvär
1816 1260 105 36 öfver

717 1309 178 47 prestval,
924 1315 56 30 att
1007 1309 289 36 valförrättaren
1326 1311 99 35 varit
1449 1310 121 47 jäfvig
1593 1312 92 34 eller
1706 1312 107 47 eljest
1834 1312 86 35 obe-

718 1360 118 47 hörig,
867 1361 90 34 eller
986 1367 55 29 att
1069 1361 225 46 vallängden
1333 1361 32 47 ej
1395 1361 126 36 blifvit
1544 1363 172 56 Justerad
1746 1362 91 35 eller
1866 1369 55 29 att

717 1423 149 35 upprop
902 1410 40 36 af
974 1411 46 35 de
1057 1391 226 68 röstegande
1321 1412 62 35 vid
1412 1412 101 36 valet
1541 1413 31 46 ej
1602 1413 112 44 skett,
1744 1414 93 35 eller
1865 1421 56 28 att

716 1461 291 37 valförrättaren
1041 1463 82 35 icke
1157 1441 177 69 jakttagit
1369 1463 98 36 hvad
1502 1464 10 34 i
1542 1460 39 49 $$
1611 1466 57 43 25,
1698 1442 44 58 27
1774 1465 70 35 och
1875 1467 43 33 29

716 1513 163 48 stadgas,
921 1527 88 23 vare
1051 1514 101 35 valet
1193 1495 122 66 ogildt
1352 1515 70 35 och
1458 1514 179 37 förordne
1661 1493 259 71 "domkapitlet

718 1577 60 22 om
808 1570 84 42 nytt
920 1565 69 35 val.

818 1635 31 33 2.
904 1632 78 36 Har
1022 1638 79 30 röst
1142 1632 167 49 afgifvits
1351 1633 39 36 af
1423 1634 187 48 obehörig
1644 1647 149 35 person,
1828 1636 92 35 eller

716 1686 122 45 någon
869 1684 38 34 af
938 1684 45 35 de
1017 1685 8 34 i
1064 1685 244 47 röstlängden
1346 1691 193 42 upptagna
1576 1686 83 35 icke
1696 1685 125 37 blifvit
1857 1687 61 36 vid

717 1735 99 34 valet
852 1735 178 47 behörigen
1068 1736 211 47 uppropad,
1318 1736 91 35 eller
1445 1742 159 30 rösträtt
1636 1736 126 37 blifvit
1796 1740 123 46 någon

716 1786 188 47 olagligen
932 1786 153 47 vägrad,
1115 1786 69 35 och
1216 1787 66 35 har
1310 1787 120 36 valets
1459 1791 144 44 utgång
1630 1788 144 36 kunnat
1803 1788 39 35 af
1857 1792 62 32 nå-

715 1849 74 35 gon
819 1836 39 35 af
883 1837 107 35 dessa
1019 1837 324 48 omständigheter
1373 1838 101 45 bero,
1504 1841 88 33 vare
1621 1839 101 36 valet
1750 1839 131 48 ogildt.

817 1906 32 34 3.
902 1895 59 45 Är
994 1910 89 41 röst,
1119 1917 79 23 som
1233 1904 168 49 afgifvits
1434 1905 38 37 af
1498 1906 157 49 behörig
1683 1920 149 34 person,
1860 1907 59 36 för

716 1955 92 47 högt
837 1955 91 35 eller
956 1954 96 36 för
1032 1950 22 57 1
1043 1933 78 70 lågt
1150 1936 204 65 beräknad,
1383 1964 89 41 göre
1494 1938 251 68 domkapitlet
1764 1959 154 35 rättelse

715 2006 10 34 i
754 1986 157 55 röstber:
906 1988 197 66 äkningen.

816 2077 31 32 4.
902 2074 187 36 Innefatta
1117 2075 181 36 besvären
1319 2075 250 49 anmärkning
1589 2082 102 30 emot
1710 2077 207 48 behörigen

711 2125 171 47 justerad
920 2125 190 48 vallängd,
1149 2129 59 32 må
1243 2127 45 35 de
1326 2127 10 35 i
1372 2127 122 36 denna
1531 2128 60 35 del
1624 2128 82 35 icke
1735 2129 57 35 till
1821 2128 98 48 pröf-

715 2176 91 47 ning
836 2185 196 38 upptagas,
1062 2177 126 36 derest
1217 2178 30 47 ej
1278 2184 78 29 mot
1389 2178 63 36 det
1488 2178 124 36 beslut
1649 2178 40 37 af
1719 2178 198 37 valförrät-

715 2221 118 49 taren,
864 2228 199 35 hvaröfver
1093 2228 133 47 klagan
1258 2228 111 48 föres,
1399 2230 176 47 missnöje
1603 2229 126 38 blifvit
1749 2230 170 36 anmäldt

716 2278 57 35 till
803 2279 62 34 det
895 2280 203 46 protokoll,
1128 2292 79 23 som
1238 2280 209 36 innehåller
1476 2281 175 36 beslutet.
