2204 2624
344 153 18 30 2
556 151 117 31 Andra
698 152 202 30 kammarens
923 151 105 31 undra
1053 151 167 40 tillfälliga
1244 152 132 31 utskotts
1399 152 165 31 utlåtande
1587 152 52 31 Nr
1663 153 55 30 12.

342 243 57 36 till
441 243 90 35 fullo
570 241 199 47 ådagalagt.
829 241 100 35 Skall
966 242 99 34 detta
1092 241 118 35 behov
1239 241 124 35 kunna
1391 241 208 47 tillgodoses
1626 242 13 35 i
1668 243 71 35 den
1767 243 177 36 utsträck-

342 297 101 47 ning,
483 308 74 24 som
597 301 39 29 är
673 307 45 24 av
755 295 130 43 nöden,
926 300 38 29 är
1002 307 46 22 en
1083 295 223 46 utvidgning
1334 306 43 23 av
1405 296 401 36 tandläkareinstitutet
1833 298 111 35 ound-

341 350 160 47 gänglig.
559 349 140 35 Endast
736 360 128 35 genom
903 360 45 23 en
985 348 153 48 höjning
1175 360 45 23 av
1258 348 134 35 antalet
1430 349 129 45 elever,
1600 362 75 23 som
1711 350 66 34 där
1804 350 140 47 årligen

341 403 172 44 utbildas,
535 402 73 35 kan
636 402 183 46 nämligen
847 402 70 35 den
945 402 212 35 nuvarande
1186 401 189 35 kännbara
1403 401 141 37 bristen
1572 406 46 44 på
1645 403 217 36 tandläkare
1889 404 55 36 för

343 456 196 36 framtiden
567 459 127 32 väntas
723 455 53 35 bli
803 455 217 47 undanröjd.

449 510 59 35 Då
545 510 61 34 det
643 508 124 36 vidare
810 514 39 29 är
889 508 146 48 tydligt,
1066 511 53 33 att
1146 508 401 36 tandläkareinstitutet
1575 510 54 36 för
1657 510 224 37 närvarande
1909 511 31 46 ej

342 564 75 35 kan
453 563 114 36 utöka
603 562 65 36 sitt
696 562 180 36 elevantal
903 564 46 45 på
976 562 119 46 grund
1123 574 45 23 av
1196 561 94 36 brist
1318 563 46 45 på
1391 562 231 47 erforderligt
1649 565 292 46 lokalutrymme,

341 629 110 36 synes
480 617 71 35 den
589 617 96 34 enda
721 619 160 43 utvägen
909 617 103 34 bestå
1040 615 13 35 i
1081 615 254 36 anskaffandet
1354 628 44 23 av
1426 615 198 47 utvidgade
1652 618 139 35 lokaler
1818 619 36 33 åt
1891 616 52 36 in-

341 670 157 37 stitutet.
556 670 71 36 För
654 682 46 23 en
730 669 112 36 sådan
874 668 221 48 utvidgning
1123 674 50 39 är,
1205 671 115 33 såsom
1349 669 267 35 motionärerna
1642 672 171 45 påpekat,
1843 670 100 36 tiden

341 724 56 36 för
438 724 226 35 närvarande
706 723 13 35 i
757 726 40 32 så
835 725 111 33 måtto
983 722 160 47 lämplig,
1184 734 75 23 som
1296 734 127 34 genom
1453 722 218 48 riksdagens
1698 726 118 34 under
1844 725 96 35 förra

341 781 77 33 året
456 777 189 36 beslutade
678 776 114 47 inköp
830 789 44 24 av
912 777 71 34 den
1012 776 436 46 vetenskapsakademien
1478 776 97 36 förut
1602 776 186 49 tillhöriga
1820 778 122 47 fastig-

341 833 110 34 heten
479 831 14 35 i
521 831 186 35 kvarteret
750 830 227 36 Grönlandet
1017 830 117 35 Norra
1166 829 138 36 lokaler
1333 830 55 35 för
1416 830 204 35 ändamålet
1647 843 153 23 numera
1826 832 117 35 finnas

341 888 54 33 att
431 884 114 47 tillgå.
603 883 228 47 Visserligen
873 895 119 36 synes,
1036 883 114 47 enligt
1191 883 72 35 vad
1304 883 417 36 tandläkareinstitutets
1764 884 179 37 lärareråd

341 938 148 44 erinrat,
520 950 45 23 av
594 937 131 36 hittills
754 936 202 49 uppgjorda
985 936 245 47 beräkningar
1258 936 66 36 och
1351 936 182 48 ritningar
1560 937 56 36 för
1643 938 233 47 ombyggnad
1896 950 44 24 av

340 993 62 35 det
430 994 20 33 å
478 991 153 36 berörda
665 990 175 48 fastighet
868 990 180 48 uppförda
1076 990 68 35 hus
1174 990 150 47 framgå,
1355 992 52 33 att
1435 989 97 37 inom
1562 992 70 34 den
1660 991 59 35 del
1747 1004 45 24 av
1820 992 117 43 huset,

340 1058 74 23 som
435 1045 119 36 skulle
574 1044 86 37 falla
679 1047 47 45 på
754 1043 408 45 tandläkareinstitutet,
1191 1044 45 35 de
1256 1043 192 48 planlagda
1467 1044 253 36 lokaliteterna
1740 1044 31 48 ej
1800 1045 141 36 komme

340 1103 55 32 att
430 1099 84 48 giva
541 1102 182 44 utrymme
752 1098 57 35 för
837 1110 98 23 mera
963 1103 46 30 än
1038 1098 105 46 högst
1172 1100 55 33 ett
1255 1098 116 35 45-tal
1399 1097 234 36 examinandi
1662 1098 57 36 för
1747 1101 50 33 år.
1854 1099 87 35 Men

339 1165 68 32 om,
452 1155 115 33 såsom
605 1152 180 36 utskottet
825 1151 14 36 i
873 1151 64 36 sitt
980 1152 186 35 utlåtande
1208 1163 45 23 nr
1298 1153 43 33 11
1386 1151 197 47 föreslagit,
1623 1151 318 37 statsmedicinska

340 1207 182 36 anstalten
563 1205 81 36 icke
686 1206 150 35 beredes
864 1205 136 36 lokaler
1027 1205 13 35 i
1067 1205 159 35 nämnda
1254 1205 186 46 egendom,
1485 1205 102 35 torde
1629 1206 44 34 de
1702 1205 237 47 svårigheter,

339 1272 74 24 som
443 1260 132 35 hindra
603 1272 46 23 en
677 1258 222 48 utvidgning
927 1271 44 24 av
999 1257 400 37 tandläkareinstitutet
1425 1258 5 35 i
1450 1271 45 24 av
1515 1258 268 36 motionärerna
1803 1259 137 36 önskad

339 1313 179 47 riktning,
548 1312 83 36 icke
660 1325 101 23 mera
790 1313 206 35 förefinnas.

445 1367 75 36 Vid
560 1367 129 36 sådant
717 1367 224 35 förhållande
969 1366 68 35 och
1065 1366 45 35 då
1137 1365 181 36 utskottet
1346 1377 44 24 av
1419 1366 71 35 vad
1517 1365 13 36 i
1558 1366 43 35 de
1629 1365 211 36 infordrade
1868 1369 70 45 ytt-

339 1421 161 35 randena
528 1420 138 36 anförts
695 1420 92 35 känt
815 1420 57 48 sig
901 1423 191 44 övertygat
1119 1420 135 43 därom,
1276 1423 52 32 att
1348 1420 71 34 den
1437 1419 214 47 ifrågasatta
1669 1419 271 47 utvidgningen

340 1486 44 24 av
412 1473 414 46 tandläkareinstitutet,
862 1476 46 44 på
936 1478 73 31 sätt
1037 1485 92 23 ovan
1157 1473 165 35 bemälda
1350 1472 233 47 sakkunniga
1609 1474 145 43 uttalat,
1785 1474 64 35 bör
1877 1473 65 35 ske

346 1528 33 35 >
419 1529 108 34 minst
571 1529 66 34 den
688 1527 252 46 omfattning»,
985 1539 75 24 som
1090 1538 45 24 av
1164 1526 265 36 motionärerna
1458 1526 189 47 påkallats,
1679 1527 57 35 får
1763 1527 180 36 utskottet

340 1582 81 35 med
462 1580 225 49 hänvisning
724 1581 136 48 jämväl
901 1581 56 36 till
998 1581 71 36 vad
1108 1580 180 36 utskottet
1329 1583 114 44 yttrat
1470 1580 13 35 i
1512 1579 64 37 sitt
1603 1581 188 35 utlåtande
1818 1593 45 22 nr
1893 1583 44 32 11

342 1636 198 43 hemställa,

877 1743 53 34 att
973 1742 112 35 andra
1125 1741 211 35 kammaren
1378 1743 112 33 måtte
1533 1741 54 35 för
1615 1740 58 36 sin
1702 1741 59 35 del
1789 1741 151 44 besluta,

769 1798 55 33 att
865 1795 198 47 riksdagen
1090 1794 14 36 i
1131 1794 178 36 skrivelse
1349 1794 56 36 till
1447 1795 139 46 Kungl.
1625 1793 109 49 Moj:t
1768 1794 85 36 ville
1881 1806 61 23 an-

770 1849 106 43 hålla,
921 1849 64 35 det
1026 1848 135 47 Kungl.
1206 1847 108 49 Maj:t
1355 1848 141 35 täcktes
1531 1852 140 31 snarast
1700 1847 142 48 möjligt
1868 1848 73 36 låta

768 1903 167 35 utarbeta
976 1903 68 34 och
1085 1902 57 35 för
1175 1901 194 48 riksdagen
1399 1902 200 46 framlägga
1626 1901 138 48 förslag
1790 1902 151 35 rörande

769 1955 419 36 tandläkareinstitutets
1218 1955 231 47 förflyttning
1476 1955 57 35 till
1561 1956 44 34 de
1633 1955 221 35 statsverket
1872 1955 69 35 till-

770 2009 128 44 höriga
947 2009 263 47 fastigheterna
1251 2008 14 36 i
1306 2009 185 35 kvarteret
1537 2008 227 36 Grönlandet
1812 2009 127 44 Norra,

773 2063 221 44 Stockholm,
1035 2068 166 30 ävensom
1245 2063 153 35 rörande
1434 2061 204 36 institutets
1679 2061 263 48 utvidgning
1919 2057 26 57 i

772 2117 175 35 samband
990 2117 80 35 med
1111 2115 223 49 fyttningen
1376 2116 57 36 till
1475 2116 112 35 sådan
1628 2116 230 47 omfattning,
1888 2118 54 33 att
