2196 2624
342 156 40 29 10
567 155 117 31 Andra
707 155 203 31 kammarens
933 155 103 31 andra
1062 154 166 42 tillfälliga
1252 156 134 32 utskotts
1408 157 165 31 utlåtande
1596 158 52 31 Nr
1672 160 52 30 12.

338 244 124 33 mande
497 244 63 32 och
584 243 133 32 rättvist
741 243 147 31 bedöma
916 243 275 42 arvodesfrågan.
1240 244 202 33 Lärarrådet
1474 246 124 33 tillåter
1630 247 51 41 sig
1704 247 88 33 dock
1816 252 49 29 att
1889 249 51 32 be-

339 290 117 31 märka
492 291 115 36 några,
644 287 199 41 visserligen
879 287 30 41 ej
945 287 41 32 de
1011 287 96 37 enda,
1133 290 43 39 på
1199 288 113 31 denna
1336 289 221 34 ekonomiska
1582 292 96 40 fråga
1702 293 108 32 starkt
1833 293 106 34 inver-

338 334 110 32 kande
484 331 247 34 förhållanden.
782 333 106 31 Dessa
922 336 72 28 äro:
1035 334 50 30 1:o
1121 336 48 28 att
1201 333 225 32 tandläkarna
1460 335 51 33 till
1546 336 167 41 väsentlig
1744 336 56 33 del
1824 337 45 32 ha
1892 342 47 30 att

338 379 108 40 själva
482 378 140 31 bekosta
658 376 52 32 sin
743 376 249 42 undervisning
1027 376 95 33 såväl
1157 377 10 31 i
1202 377 262 42 studieavgifter
1499 391 74 22 som
1609 381 11 31 i
1655 381 282 42 arbetsmaterial;

338 425 53 30 2:o
426 426 49 28 att
510 422 66 31 den
611 421 60 38 tid,
707 421 110 31 under
853 421 113 32 vilken
1000 421 41 32 de
1077 421 78 32 med
1178 422 64 30 full
1266 422 206 33 arbetskraft
1495 425 119 33 kunna
1637 430 87 37 ägna
1747 425 55 42 sig
1825 428 36 31 åt
1884 428 56 32 sitt

337 468 93 40 yrke,
465 477 72 21 som
573 466 178 41 påfordrar
782 469 48 29 ett
864 466 129 41 ganska
1028 466 252 41 ansträngande
1312 467 158 32 »stående
1495 470 58 30 vid
1578 470 125 33 stolen»
1732 470 11 31 i
1767 470 171 33 inomhus-

336 512 124 37 arbete,
487 516 36 26 är
547 510 133 32 kortare
706 515 43 27 än
773 510 67 32 vad
865 521 73 21 som
963 521 123 21 annars
1110 511 11 30 i
1145 511 188 33 allmänhet
1357 512 67 31 kan
1447 522 99 23 anses
1570 515 152 32 ordinärt
1744 515 63 32 och
1833 519 50 29 att
1898 515 40 32 de

336 557 55 31 för
415 556 66 32 den
505 555 90 32 skull
619 555 104 32 redan
747 555 165 41 tämligen
936 555 99 41 tidigt
1059 556 106 32 måste
1190 556 136 32 minska
1349 556 51 32 sin
1418 557 149 41 praktik;
1593 564 89 28 samt
1704 561 54 31 3:o
1781 563 50 29 att
1846 560 92 32 tand-

336 601 150 37 läkarna,
512 610 74 22 som
623 600 78 32 med
725 600 61 32 lätt
810 599 149 33 räknade
983 599 177 42 undantag
1184 600 72 33 icke
1280 600 91 32 hava
1394 601 106 32 utsikt
1524 602 52 32 till
1599 605 140 39 pension
1764 615 44 22 av
1833 605 102 41 något

336 646 82 38 slag,
443 645 45 31 ha
512 648 49 29 att
585 645 108 31 under
717 645 74 31 sina
817 644 273 33 verksamhetsår
1113 645 107 31 samla
1244 646 105 40 något
1372 645 50 32 till
1446 646 58 33 sitt
1528 648 179 40 uppehälle
1732 650 56 31 för
1803 649 134 32 ålderns

336 690 114 41 dagar.
500 689 50 32 De
583 689 45 32 ha
659 689 144 32 sålunda
836 693 48 28 att
909 689 107 32 under
1038 689 251 41 jämförelsevis
1313 690 76 32 kort
1412 690 49 32 tid
1485 697 168 27 amortera
1676 694 260 37 studieskulder,

335 746 73 21 som
445 735 200 41 uppskattas
680 734 50 32 till
755 733 10 31 i
790 734 208 41 genomsnitt
1021 733 48 32 kr.
1098 734 127 38 10,000:
1242 753 51 19 —,
1319 734 285 34 studentexamen
1628 738 196 38 oberäknat,
1849 743 87 28 samt

334 783 49 28 att
408 779 291 41 självpensionera
723 778 60 42 sig.
832 778 154 32 Härmed
1010 783 37 27 är
1070 788 44 22 av
1138 779 185 32 lärarrådet
1347 779 72 33 icke
1443 783 125 39 utsagt,
1593 784 49 29 att
1658 782 71 32 icke
1746 783 190 33 tandläkar-

334 824 172 32 arvodena
542 824 204 31 åtminstone
784 824 43 40 på
863 823 99 38 vissa,
998 823 129 32 kanske
1163 825 125 39 många
1324 824 69 31 håll
1418 824 97 33 ställa
1539 825 52 42 sig
1615 827 37 31 så
1674 826 99 42 höga,
1798 832 50 28 att
1871 828 65 32 den

334 868 132 32 mindre
492 867 198 33 bemedlade
716 867 99 32 delen
840 878 43 21 av
907 869 75 31 vårt
1006 867 72 32 folk
1102 868 54 31 får
1179 868 174 41 svårighet
1376 873 49 28 att
1449 869 104 32 redan
1576 870 55 32 för
1654 870 65 32 den
1744 872 90 31 skull
1855 873 81 32 söka

333 913 207 32 tandläkare.
591 912 216 32 Lärarrådets
845 912 199 42 påpekande
1080 912 104 41 gäller
1218 913 87 32 blott
1340 913 265 33 framhävandet
1639 925 43 22 av
1706 915 102 39 vissa,
1833 917 102 32 oftast

333 957 196 33 förbisedda
554 957 158 37 faktorer,
739 967 74 22 som
838 957 140 41 bidraga
1003 956 51 32 till
1077 957 387 33 tandläkarearvodenas
1489 958 132 43 belopp.

443 1002 174 41 Viktigare
653 1002 77 31 från
765 1001 208 32 läroverkets
1009 1002 175 41 synpunkt
1217 1007 37 27 är
1290 1002 65 32 den
1387 1002 208 33 framhållna
1623 1004 127 33 bristen
1774 1006 45 40 på
1842 1005 93 32 tand-

333 1047 124 37 läkare,
482 1046 116 32 vilken
623 1046 84 32 brist
732 1046 185 32 lärarrådet
941 1046 113 32 finner
1078 1046 149 42 påtaglig
1252 1047 63 32 och
1340 1047 231 42 otvivelaktig.

440 1091 201 32 Lärarrådet
664 1091 212 32 konstaterar
899 1091 120 32 därvid
1043 1091 79 31 med
1146 1091 302 39 tillfredsställelse,
1473 1095 49 29 att
1545 1093 189 33 läroverket
1757 1094 32 41 ej
1806 1094 129 33 lämnat

332 1138 115 39 någon
483 1136 102 32 möda
621 1136 143 41 osparad
800 1140 49 28 att
885 1135 102 42 vidga
1018 1141 184 36 gränserna
1225 1137 55 31 för
1304 1137 51 31 sin
1380 1137 219 32 verksamhet
1623 1138 108 32 under
1754 1138 42 32 de
1821 1139 43 32 20
1888 1141 45 37 år,

332 1192 72 21 som
432 1181 190 31 läroverket
639 1180 116 32 verkat
779 1182 112 30 såsom
916 1191 41 21 en
981 1191 43 21 av
1048 1184 110 28 staten
1183 1181 130 31 ordnad
1338 1181 63 32 och
1425 1181 209 33 understödd
1658 1183 276 42 undervisnings-

332 1226 132 32 anstalt.
514 1225 65 32 Det
614 1225 94 32 torde
743 1225 125 32 tillåtas
904 1224 183 33 lärarrådet
1121 1229 49 28 att
1193 1225 122 33 därvid
1340 1226 109 32 erinra
1474 1237 66 27 om,
1566 1230 50 29 att
1639 1227 108 32 under
1769 1228 101 32 dessa
1892 1229 42 31 20

333 1272 37 30 år
404 1270 62 31 har
501 1270 57 31 det
592 1269 94 42 varje
720 1271 36 30 år
781 1269 279 33 utexaminerade
1084 1270 126 32 antalet
1233 1270 197 33 tandläkare
1455 1271 94 40 stigit
1572 1272 52 32 till
1647 1272 56 32 det
1726 1272 130 33 dubbla
1880 1283 53 21 an-

331 1314 90 33 talet.
470 1314 119 32 Under
625 1314 56 32 det
705 1318 48 28 att
777 1314 42 32 de
844 1314 294 33 utexaminerades
1162 1315 92 32 antal
1279 1315 41 32 de
1345 1326 117 22 senare
1486 1316 72 32 fem
1582 1318 80 31 åren
1686 1327 43 22 av
1756 1317 178 33 1890-talet

331 1370 62 22 var
417 1359 159 41 omkring
613 1359 50 39 15,
700 1363 73 37 steg
808 1359 127 32 antalet
970 1359 96 31 sakta
1099 1359 109 32 under
1234 1360 229 38 1900—1909,
1488 1360 106 33 vilket
1617 1372 116 21 senare
1757 1363 38 30 år
1819 1361 42 33 de
1886 1366 46 28 ut-

331 1404 257 32 examinerades
628 1404 92 32 antal
756 1414 61 21 var
855 1406 49 30 19.
952 1403 96 33 Efter
1072 1403 112 33 denna
1207 1404 48 32 tid
1281 1408 73 38 steg
1378 1404 127 33 antalet
1528 1406 193 41 ytterligare
1746 1406 65 32 och
1834 1410 99 38 utgör

331 1449 42 32 de
398 1449 80 32 sista
503 1450 80 30 åren
608 1448 11 31 i
644 1448 159 32 medeltal
833 1449 43 31 30
900 1448 197 32 tandläkare
1122 1459 54 21 om
1201 1450 45 30 år.
1296 1448 17 32 I
1337 1449 250 43 sammanhang
1611 1450 139 33 härmed
1775 1451 64 31 har
1862 1452 70 38 ock,

330 1494 77 31 tack
431 1504 80 21 vare
536 1493 280 32 statsmakternas
841 1493 193 41 beviljande
1059 1503 43 22 av
1127 1493 148 41 begärda
1299 1494 120 37 medel,
1445 1494 127 33 antalet
1595 1494 106 33 lärare
1717 1495 216 34 fördubblats

331 1538 62 32 och
419 1542 188 37 utrymmet
642 1538 53 31 för
730 1537 394 42 undervisningslokaler
1158 1538 94 32 inom
1288 1538 67 32 den
1391 1539 132 42 knappt
1557 1539 158 33 tillmätta
1747 1550 120 22 ramen
1890 1551 43 22 av

331 1583 284 41 materialanslag,
647 1582 51 33 till
722 1586 123 29 största
869 1582 98 33 delen
991 1582 41 32 de
1056 1582 224 33 studerandes
1305 1593 87 31 egna
1415 1584 148 41 avgifter
1587 1584 64 33 och
1674 1584 41 33 de
1739 1585 194 32 besökande

331 1627 228 42 patienternas
597 1627 119 42 bidrag
749 1627 11 31 i
795 1627 175 42 betalning
1004 1627 53 32 för
1081 1627 136 32 utförda
1241 1628 149 37 arbeten,
1416 1628 181 33 ävenledes
1621 1629 134 41 vidgats
1779 1631 37 30 så
1839 1629 94 42 långt

330 1682 74 22 som
440 1671 261 33 förhållandena
736 1672 94 32 inom
867 1672 57 32 det
957 1682 43 22 av
1035 1672 190 33 läroverket
1258 1673 164 41 förhyrda
1447 1673 134 41 privata
1606 1673 249 42 boningshuset
1878 1674 55 33 det

329 1716 176 32 medgivit.

411 1738 129 69 ”Detta
564 1765 172 37 utrymme
760 1761 64 32 har
847 1761 186 32 emellertid
1057 1761 99 42 länge
1181 1761 87 32 varit
1291 1761 139 33 alldeles
1453 1763 55 31 för
1531 1762 130 42 knappt
1680 1762 63 33 och
1760 1763 172 33 lokalerna

331 1805 174 32 dessutom
530 1806 10 31 i
565 1806 67 31 alla
664 1806 107 31 andra
799 1805 193 33 avseenden
1017 1805 333 33 otillfredsställande
1375 1807 53 31 för
1451 1810 48 29 ett
1515 1808 37 30 så
1576 1811 84 28 stort
1682 1807 249 42 lärjungeantal

331 1860 74 22 som
430 1850 56 32 det
510 1850 209 39 nuvarande,
745 1851 160 41 omkring
929 1850 41 32 90
995 1851 242 41 praktikanter,
1263 1851 64 32 och
1351 1851 54 32 för
1427 1850 58 33 det
1510 1855 90 29 stora
1625 1851 182 40 klientelet,
1825 1852 10 32 i
1853 1856 79 29 runt

330 1894 47 32 tal
402 1894 159 42 omkring
584 1895 120 38 35,000
729 1896 104 31 besök
859 1896 54 31 för
928 1897 37 30 år
981 1895 109 32 under
1106 1895 41 32 de
1165 1900 82 27 nära
1263 1896 20 30 9
1300 1895 485 43 undervisningsmånaderna.
1811 1897 120 32 Denna

330 1939 254 41 trångboddhet
608 1939 62 32 har
694 1940 62 32 ock
780 1940 89 32 varit
893 1940 56 32 det
972 1940 194 41 avgörande
1191 1940 116 37 skälet,
1334 1951 56 21 om
1415 1940 101 33 också
1539 1941 73 32 icke
1636 1940 57 33 det
1707 1941 89 32 enda
1813 1941 117 39 skälet,

330 1984 116 32 varför
470 1983 186 33 lärarrådet
679 1984 73 33 icke
775 1984 194 42 ytterligare
993 1985 133 32 kunnat
1149 1985 114 31 lämna
1286 1984 147 33 tillträde
1462 1985 50 32 till
1536 1985 189 33 läroverket
1747 1987 55 31 för
1825 1991 105 28 större

330 2028 92 32 antal
446 2033 42 26 än
514 2029 43 31 30
581 2039 69 31 nya
673 2029 206 32 studerande
903 2029 54 32 för
980 2031 46 36 år,
1052 2029 109 32 under
1184 2029 58 33 det
1265 2033 49 29 att
1338 2029 41 33 de
1403 2030 185 39 studenter,
1606 2041 72 21 som
1696 2031 74 32 sökt
1788 2024 141 50 inträde,

330 2073 176 41 överstigit
532 2073 156 33 100-talet
711 2074 41 32 de
779 2078 132 28 senaste
936 2075 90 35 åren,
1052 2074 11 31 i
1087 2075 36 30 år
1147 2074 51 32 88.

435 2117 48 32 På
506 2118 114 41 grund
644 2129 42 21 av
711 2118 98 33 dessa
833 2118 238 33 förhållanden
1094 2118 211 33 framställde
1322 2118 184 33 lärarrådet
1522 2119 105 32 redan
1643 2120 54 31 för
1715 2120 40 32 10
1771 2121 39 30 år
1826 2119 103 33 sedan

329 2162 53 32 sin
406 2162 130 32 önskan
562 2173 56 21 om
643 2162 206 34 inrättandet
874 2174 43 21 av
941 2167 47 28 ett
1011 2167 76 37 nytt
1110 2163 239 33 läroverkshus
1372 2164 55 31 för
1450 2163 377 34 tandläkareinstitutet.
1858 2163 71 33 Och

329 2207 85 31 fann
439 2207 376 42 departementschefen
841 2208 55 32 för
918 2207 115 43 kungl.
1052 2208 483 42 ecklesiastikdepartementet
1550 2208 185 42 anledning
1751 2213 51 28 att
1817 2209 11 31 i
1845 2219 84 22 sam-

329 2251 175 42 manhang
529 2252 79 32 med
632 2252 236 43 underdåniga
891 2252 292 42 framställningar
1206 2254 77 31 från
1307 2253 169 33 institutet
1492 2253 51 33 till
1562 2254 83 31 1907
1663 2255 53 31 års
1732 2253 196 34 statsverks-
