1856 2782
544 177 297 34 Statsutskottets
858 176 186 34 utlåtande
1061 188 42 22 nr
1121 179 73 30 112.
1570 178 42 30 35

117 258 309 43 granskningsråd,
451 270 58 22 om
533 257 148 43 höjning
705 269 46 22 av
773 257 93 33 vissa
890 256 296 34 censorsarvoden
1212 260 93 29 samt
1329 267 60 22 om
1412 255 197 43 grunderna

118 312 55 34 för
192 324 44 22 en
257 312 151 34 revision
428 324 46 22 av
494 311 418 43 filmgranskningstaxan
933 310 64 33 har
1018 310 72 33 inte
1111 309 89 43 givit
1221 309 179 34 utskottet
1422 309 189 42 anledning

120 367 54 33 till
202 366 148 34 erinran.
378 365 274 43 Utformningen
681 377 46 22 av
754 363 433 45 departementsförslaget
1214 375 58 22 om
1300 363 150 42 ändring
1477 362 11 34 i
1517 363 92 33 vissa

120 420 97 34 delar
235 432 45 21 av
298 419 387 44 biografförordningen
705 419 63 33 har
786 419 30 42 ej
840 418 169 34 föranlett
1029 417 180 34 utskottet
1227 417 53 34 till
1298 417 140 34 erinran
1458 417 11 33 i
1490 417 121 34 vidare

119 475 85 33 mån
223 477 45 30 än
286 478 56 29 att
359 474 11 33 i
387 473 250 44 paragraferna
655 477 32 36 3,
705 477 31 35 5,
756 477 18 30 6
792 472 66 35 och
878 476 32 36 7,
928 472 111 34 såvitt
1056 472 182 33 desamma
1255 471 109 43 angår
1381 471 229 33 barntillåten

121 528 78 33 film
225 527 66 35 och
317 528 106 33 barns
451 527 155 34 tillträde
633 527 55 33 till
713 525 432 44 biografföreställningar,
1173 525 64 34 bör
1264 524 164 43 vidtagas
1455 524 43 34 de
1526 524 85 34 änd-

120 582 118 42 ringar
267 593 76 23 som
371 581 197 35 föranledes
596 593 46 22 av
670 580 196 35 utskottets
895 579 326 43 avståndstagande
1249 578 79 36 från
1355 578 168 43 förslaget
1551 590 59 22 om

121 636 214 33 alternativa
351 636 267 42 åldersgränser.

165 689 70 35 Vid
261 689 98 34 bifall
385 689 55 34 till
464 689 196 34 utskottets
686 688 240 43 avstyrkande
953 700 46 21 av
1024 687 168 43 förslaget
1216 699 58 22 om
1300 686 239 34 anställandet
1565 698 46 21 av

119 744 204 42 ytterligare
339 756 44 21 en
399 743 200 34 filmcensor
615 743 101 34 torde
732 743 61 33 det
809 742 55 34 för
882 745 105 30 nästa
1002 741 175 43 budgetår
1193 740 201 35 beräknade
1412 740 198 42 avlönings-

120 798 159 42 anslaget
312 797 54 34 till
399 796 252 44 biografbyrån
684 797 120 33 kunna
839 796 188 43 begränsas
1061 795 54 34 till
1152 795 161 42 (150100
1334 815 47 4 —
1405 797 41 31 16
1462 798 66 30 000
1552 795 56 38 =)

121 855 65 31 134
203 855 65 31 100
289 852 141 39 kronor,
452 851 176 43 varjämte
649 851 112 34 under
782 850 188 34 enahanda
991 849 258 43 förutsättning
1270 849 64 34 bör
1356 848 162 43 vidtagas
1543 848 68 34 den

120 905 150 43 ändring
289 905 11 34 i
320 905 69 34 den
408 905 195 43 föreslagna
622 905 315 42 avlöningsstaten,
959 915 75 22 som
1054 902 155 43 framgår
1227 915 46 22 av
1292 902 197 34 utskottets
1508 901 103 34 efter-

120 959 156 42 följande
295 959 223 33 hemställan.
548 958 85 34 Mot
651 958 238 42 beräkningen
911 970 46 21 av
975 956 393 43 omkostnadsanslaget
1387 955 54 34 till
1461 954 151 44 biograf-

121 1013 115 42 byrån
252 1013 63 34 har
332 1013 180 34 utskottet
528 1012 76 34 icke
621 1013 109 41 något
748 1017 55 29 att
818 1012 125 33 erinra.
959 1011 190 34 Utskottet
1166 1010 194 43 tillstyrker
1376 1010 120 34 vidare
1513 1009 99 34 bifall

121 1067 55 33 till
198 1067 43 33 de
262 1067 11 33 i
294 1066 264 44 propositionen
580 1065 222 35 framställda
823 1065 142 43 förslag,
987 1064 96 34 vilka
1104 1064 76 34 icke
1204 1064 140 34 särskilt
1366 1063 136 34 berörts
1524 1063 11 34 i
1557 1067 57 30 ut-

121 1121 155 33 skottets
292 1119 231 35 förevarande
539 1119 201 43 yttrande.»

166 1174 75 34 dels
260 1174 65 34 ock
346 1178 56 29 att
421 1173 196 34 utskottets
637 1173 211 33 hemställan
868 1172 82 34 bort
970 1171 47 34 ha
1037 1170 157 44 följande
1213 1171 142 43 lydelse:

488 1231 76 29 »att
584 1226 186 43 riksdagen
789 1226 70 40 må,
879 1226 11 34 i
911 1224 189 44 anledning
1120 1237 47 22 av
1186 1225 131 42 Kungl.
1335 1223 130 44 Maj:ts
1485 1223 131 42 förslag

441 1285 94 29 samt
551 1281 82 33 med
651 1281 122 42 avslag
790 1281 21 33 å
827 1280 223 34 motionerna
1068 1279 50 33 II:
1134 1282 65 31 392
1218 1278 65 35 och
1301 1278 50 34 II:
1367 1282 78 36 593,

485 1334 30 34 I.
538 1334 166 40 förklara,
728 1339 55 29 att
806 1333 187 43 riksdagen
1016 1333 61 34 vid
1100 1332 215 44 granskning
1338 1344 47 22 av
1408 1332 43 34 de
1474 1331 11 35 i
1509 1336 105 29 stats-

442 1388 296 43 rådsprotokollet
754 1391 83 30 över
853 1386 377 35 ecklesiastikärenden
1245 1385 53 34 för
1315 1386 69 34 den
1403 1389 41 30 12
1462 1385 153 34 februari

442 1444 87 31 19354
567 1441 186 34 förordade
791 1441 157 33 ändrade
984 1440 201 42 grunderna
1210 1439 54 34 för
1289 1439 325 43 filmgransknings-

442 1494 285 34 verksamhetens
751 1493 193 40 utövande,
968 1498 56 29 att
1047 1493 179 43 tillämpas
1249 1492 79 34 från
1352 1492 66 34 och
1442 1492 80 34 med
1545 1492 69 33 den

444 1552 15 29 1
479 1548 64 42 juli
562 1551 99 37 19534,
680 1548 74 33 icke
772 1547 120 34 funnit
910 1547 189 42 anledning
1116 1547 53 33 till
1188 1558 117 22 annan
1323 1546 139 34 erinran
1480 1549 45 31 än
1544 1546 69 33 vad

441 1602 11 33 i
472 1601 195 34 utskottets
687 1601 184 34 utlåtande
892 1600 165 42 angivits;

487 1656 49 33 II.
560 1656 190 42 godkänna
771 1655 157 42 följande
950 1654 260 42 avlöningsstat
1231 1653 53 34 för
1306 1658 136 29 statens
1464 1652 150 44 biograf-

440 1709 99 42 byrå,
566 1714 55 29 att
648 1709 177 43 tillämpas
852 1707 71 35 tills
951 1708 120 34 vidare
1097 1707 78 34 från
1202 1707 65 34 och
1293 1708 82 34 med
1402 1707 210 43 budgetåret

442 1762 167 44 1954/55:

817 1806 417 41 Avlöningsstat.

442 1873 30 30 1.
496 1869 216 42 Avlöningar
740 1869 53 33 till
820 1868 174 34 ordinarie
1022 1867 230 42 tjänstemän,
1279 1868 163 42 förslags-

496 1923 54 33 VÅG
586 1948 848 7 mereeerrrrerere
926 1918 57 50 rer
995 1918 57 50 ere
1063 1918 36 50 rr
1110 1918 32 50 rr
1154 1918 35 50 re
1201 1918 32 50 rr
1248 1918 32 50 tr
1292 1918 32 50 rr
1335 1918 32 50 rr
1382 1918 54 50 era
1490 1926 41 30 59
1549 1926 64 30 100

440 1979 31 30 2.
496 1976 165 34 Arvoden
689 1976 65 33 och
782 1975 172 33 särskilda
981 1975 247 42 ersättningar,
1255 1974 187 35 bestämda

496 2042 45 21 av
561 2030 132 42 Kungl.
715 2029 120 42 Maj:t,
856 2029 203 42 förslagsvis
1086 2056 347 6 ....ssssssseser
1400 2025 36 51 ra
1488 2032 42 31 43
1545 2033 67 30 200

440 2087 31 29 3.
496 2083 217 42 Avlöningar
734 2083 51 33 till
807 2083 100 42 övrig
928 2082 266 34 icke-ordinarie
1215 2083 161 42 personal
1405 2110 29 5 ..
1546 2086 66 30 500

438 2140 33 30 4,
495 2136 138 42 Rörligt
656 2137 131 41 tillägg,
808 2136 204 42 förslaägsVis
1040 2163 393 6 sssssssserrrrr
1380 2132 58 50 rna
1489 2140 38 29 31
1545 2140 66 30 300

1146 2198 145 33 Summa
1310 2198 130 34 kronor
1467 2202 62 30 134
1547 2202 65 30 100

485 2261 68 33 TII.
578 2261 52 33 till
654 2262 144 32 Statens
823 2260 238 42 biografbyrå:
1084 2260 217 41 Avlöningar
1323 2260 55 34 för
1401 2261 212 41 budgetåret

441 2314 154 43 1934/55
621 2315 110 32 under
755 2314 147 33 åttonde
927 2313 227 33 huvudtiteln
1180 2313 122 33 anvisa
1325 2318 55 29 ett
1403 2313 208 43 förslagsan-

441 2368 73 41 slag
531 2380 45 20 av
597 2370 64 30 134
678 2371 64 29 100
759 2367 140 38 kronor;

485 2421 61 33 IV.
572 2421 51 32 till
640 2421 144 32 Statens
799 2419 237 43 biografbyrå:
1054 2419 260 34 Omkostnader
1330 2419 54 34 för
1401 2420 209 41 budgetåret

442 2474 153 42 1934/55
622 2474 109 32 under
755 2474 147 33 åttonde
927 2472 227 33 huvudtiteln
1180 2472 122 34 anvisa
1325 2477 54 29 ett
1403 2473 207 42 förslagsan-

442 2528 72 41 slag
531 2540 43 20 av
592 2532 43 28 20
651 2532 64 28 000
732 2527 159 33 kronor.»

167 2611 33 39 2)
230 2622 43 19 av
292 2609 77 32 herr
389 2608 132 33 Widén.
