2230 2646
447 240 39 29 90
896 236 262 32 Statsutskottets
1189 235 175 32 Utlåtande
1389 235 63 30 N:o
1476 237 28 29 5.

405 325 109 48 giska
553 325 88 47 läge
683 329 52 32 ett
770 333 115 27 annat
921 328 47 32 än
1000 324 64 35 det
1092 322 131 37 hittills
1252 323 109 45 varit,
1393 321 112 49 följde
1536 321 81 46 ock,
1646 325 53 31 att
1726 320 46 36 de
1801 319 193 46 anstalter,

406 389 79 24 som
526 379 49 47 på
616 376 121 48 grund
778 375 112 37 häraf
926 377 162 47 ansåges
1125 374 91 37 böra
1243 374 175 47 vidtagas
1446 373 55 36 till
1530 372 276 48 landgränsens
1835 371 159 47 försvar,

407 428 117 36 skulle
560 441 91 23 vara
693 428 40 35 af
765 428 73 36 den
869 432 139 31 största
1037 426 195 49 betydelse
1263 425 58 37 för
1349 425 147 37 landets
1525 424 149 36 försvar
1700 424 12 36 i
1740 424 88 36 dess
1857 423 137 36 helhet.

407 479 428 49 Departementschefen
850 478 118 38 tilläte
988 479 85 47 sig
1058 471 20 61 i
1090 478 103 36 detta
1213 478 179 36 afseende
1412 476 158 36 hänvisa
1595 476 111 36 äfven
1722 475 56 37 till
1794 475 204 36 statsrådet

408 532 69 36 och
523 532 156 36 chefens
719 531 58 37 för
819 530 598 48 landtförsvarsdepartementets
1459 528 208 37 anförande
1703 527 55 36 till
1797 526 198 37 statsråds-

405 584 232 49 protokollet
691 583 57 37 för
794 583 73 36 den
914 585 44 33 13
1000 582 149 49 januari
1198 583 94 35 1899
1342 581 62 36 vid
1448 579 276 49 föredragning
1769 579 42 36 af
1855 578 139 48 Kongl.

406 636 124 49 Maj:ts
559 635 235 49 proposition
823 635 57 36 till
908 648 141 23 samma
1078 637 59 34 års
1166 633 179 49 Riksdag,
1375 633 65 36 der
1467 633 76 35 han
1570 636 131 45 yttrat,
1731 636 55 31 att
1820 644 60 22 om
1917 630 80 36 öfre

406 687 186 37 Norrland
622 700 45 23 en
696 690 102 45 gång
826 687 41 36 af
892 699 45 24 en
966 686 248 49 anfallscorps
1243 685 158 47 besatts,
1431 687 132 44 måste,
1585 687 47 45 på
1647 683 121 48 grund
1788 682 42 37 af
1845 682 152 36 militär-

406 738 242 50 geografiska
676 739 68 37 och
773 738 230 49 strategiska
1031 737 273 46 förhållanden,
1330 737 186 36 försvaret
1537 735 43 36 af
1595 736 71 36 den
1688 735 122 46 öfriga
1830 734 109 36 delen
1961 734 41 35 af

407 791 186 37 Norrland
622 796 100 32 möta
749 791 45 36 de
824 790 91 37 allra
944 795 139 31 största
1113 789 247 49 svårigheter,
1386 789 118 46 »och»,
1535 787 95 37 hade
1651 787 62 36 det
1732 786 128 37 vidare
1881 787 117 45 hetat,

406 843 116 37 »hvad
550 843 187 37 förlusten
765 842 41 37 af
831 855 71 24 ena
930 842 144 36 hälften
1104 841 43 36 af
1170 845 81 32 vårt
1278 840 88 37 land
1394 840 169 45 innebär,
1593 839 107 36 torde
1720 839 103 48 ligga
1841 839 11 35 i
1873 843 125 44 öppen

407 896 103 49 dag».
567 895 16 36 I
623 895 274 48 sammanhang
931 894 155 36 härmed
1115 893 94 37 hade
1238 893 114 36 äfven
1383 892 161 36 bemötts
1574 890 155 37 chefens
1760 890 58 36 för
1845 889 152 36 flottans

408 948 81 36 stab
516 947 257 50 uppfattning,
802 946 10 35 i
842 946 94 36 hans
968 945 177 48 yttrande
1174 945 105 36 öfver
1307 944 189 36 komiténs
1524 942 251 47 betänkande,
1805 941 193 49 angående

407 1000 63 36 det
497 999 159 37 relativa
683 999 132 36 värdet
843 998 41 36 af
909 1011 44 23 en
984 998 169 47 fästning
1182 997 61 36 vid
1307 995 336 50 Angermanelfvens
1670 994 185 48 mynning
1874 997 123 33 såsom

408 1051 217 50 replipunkt
668 1051 59 36 för
768 1050 144 47 flottan,
954 1049 152 37 hvilken
1149 1047 481 50 befästningsanläggning
1658 1046 72 37 han
1759 1051 125 31 ansett
1912 1045 89 36 böra

408 1103 130 49 föregå
580 1103 257 49 anläggandet
866 1102 40 36 af
931 1114 45 24 en
1004 1101 263 48 landfästning
1293 1100 12 36 i
1333 1100 200 36 Norrland.
1581 1099 16 35 I
1616 1098 163 36 nämnda
1799 1097 200 37 statsråds-

407 1154 189 51 protokoll
624 1154 95 37 hade
747 1154 193 48 nemligen
967 1153 114 36 bland
1111 1158 112 31 annat
1250 1157 156 44 yttrats:
1437 1151 75 36 »Då
1542 1156 55 30 ett
1625 1150 113 36 anfall
1769 1150 108 36 öfver
1895 1149 105 36 land-

407 1212 177 44 gränsen,
615 1210 122 33 såsom
768 1205 149 49 möjligt
944 1210 53 31 att
1023 1205 126 36 utföra
1177 1205 117 35 under
1323 1205 77 35 alla
1429 1202 273 47 förhållanden,
1731 1207 40 30 är
1790 1205 48 45 på
1859 1214 142 23 samma

407 1262 103 46 gång
525 1259 151 49 mycket
692 1258 237 37 sannolikare
946 1257 82 47 och,
1046 1260 125 33 såsom
1188 1256 39 37 af
1239 1256 188 36 komiténs
1442 1254 240 38 betänkande
1698 1254 110 35 äfven
1822 1253 178 47 framgår,

408 1311 86 37 vida
535 1311 179 48 farligare
755 1315 46 31 än
844 1322 46 24 en
932 1309 276 48 sjöexpedition
1248 1308 86 36 med
1376 1307 191 36 mellersta
1609 1305 110 37 delen
1747 1305 41 36 af
1813 1304 185 37 Norrland

410 1367 123 33 såsom
576 1363 85 46 mål,
703 1375 114 36 synes
860 1362 95 36 intet
994 1360 135 38 tvifvel
1171 1374 118 35 gerna
1329 1360 126 36 kunna
1495 1358 91 37 råda
1627 1358 142 46 derom,
1812 1361 55 31 att
1894 1362 105 44 tryg-

407 1415 142 49 gandet
577 1415 41 36 af
643 1414 265 48 landgränsen,
948 1427 78 22 som
1060 1412 126 49 ligger
1213 1412 78 36 helt
1321 1412 70 36 och
1420 1410 115 37 hållet
1564 1415 125 44 öppen
1717 1410 59 35 för
1804 1408 127 46 anfall,
1961 1413 40 31 är

410 1481 46 23 en
493 1466 288 49 angelägenhet,
820 1466 113 36 hvars
970 1465 192 36 ordnande
1190 1465 67 35 bör
1286 1464 133 48 föregå
1446 1461 288 50 ifrågavarande
1763 1461 238 48 replipunkts

409 1519 265 48 anläggning.»
727 1517 245 49 Fullkomligt
1007 1516 160 37 delande
1209 1516 123 36 denna
1375 1514 163 49 mening,
1568 1516 140 45 ansåge
1751 1527 49 21 nu
1829 1512 172 49 departe-

410 1571 261 37 mentschefen
712 1570 58 49 sig
811 1570 91 35 böra
935 1570 150 46 betona,
1120 1569 176 35 hurusom
1335 1567 40 36 af
1408 1566 255 37 betänkandet
1691 1564 227 48 framginge,
1947 1569 55 31 att

404 1624 81 48 just
524 1623 168 48 insigten
734 1636 59 22 om
836 1622 74 35 den
942 1621 40 36 af
1008 1620 167 36 komitén
1203 1619 218 47 föreslagna
1449 1618 242 48 fästningens
1720 1615 195 49 betydelse
1944 1616 59 35 för

411 1675 145 37 landets
586 1675 147 35 försvar
759 1674 10 35 i
799 1673 90 36 dess
917 1672 128 37 helhet
1073 1672 99 36 varit
1199 1672 40 36 af
1263 1671 210 48 afgörande
1500 1669 208 50 inflytande
1733 1668 63 36 vid
1817 1668 185 36 fattandet

411 1727 41 37 af
476 1727 87 36 dess
593 1726 132 36 beslut.

511 1778 300 36 Vidkommande
830 1776 146 49 platsen
994 1776 59 36 för
1069 1776 74 36 den
1157 1775 222 47 ifrågasatta
1390 1774 232 48 fästningen,
1634 1772 107 47 hade,
1753 1772 117 36 redan
1883 1771 119 37 första

409 1834 152 45 gången
580 1831 133 47 frågan
734 1842 57 23 om
813 1828 257 49 anläggandet
1088 1827 43 36 af
1147 1841 43 22 en
1212 1826 221 48 befästning
1450 1826 12 36 i
1482 1826 81 35 öfre
1579 1823 188 38 Norrland
1782 1824 158 36 kommit
1956 1826 47 45 på

411 1882 63 48 tal,
503 1882 220 36 densamma
750 1880 217 48 föreslagits
989 1884 55 31 att
1062 1879 197 48 förläggas
1279 1878 64 36 vid
1363 1879 133 44 Boden,
1518 1877 71 36 och
1609 1876 56 36 till
1685 1889 140 23 samma
1845 1875 158 36 resultat

410 1935 95 36 hade
543 1934 113 36 äfven
691 1932 159 37 kommit
887 1931 101 37 såväl
1030 1931 177 48 samtliga
1248 1930 277 48 myndigheter,
1555 1928 128 37 hvilka
1709 1932 119 44 yttrat
1856 1927 59 47 sig
1943 1940 58 23 om

412 1986 162 36 nämnda
602 1984 191 38 landsdels
823 1984 160 46 försvar,
1013 1996 80 23 som
1125 1983 80 47 ock,
1229 1982 99 36 efter
1349 1995 48 22 en
1417 1980 244 50 synnerligen
1681 1979 179 49 grundlig
1878 1978 124 37 utred-

411 2039 103 48 ning,
543 2036 421 49 befästningskomitén.
1021 2035 57 35 Då
1105 2037 124 45 någon
1258 2047 124 23 annan
1416 2033 204 48 strategisk
1649 2032 118 49 punkt
1795 2031 41 36 af
1862 2044 141 23 samma

412 2089 197 49 betydelse
652 2103 78 22 som
771 2089 73 35 den
887 2088 61 36 vid
989 2087 252 36 Norrbottens
1283 2086 206 47 vigtigaste
1516 2083 271 47 försvarslinie,
1817 2082 93 37 Lule
1940 2082 61 45 elf,

412 2142 161 48 belägna
606 2142 201 48 jernvägs-
845 2139 70 36 och
948 2138 351 48 landsvägsknuten
1331 2137 129 36 Boden
1488 2137 84 35 icke
1602 2136 147 45 funnes,
1781 2135 70 36 och
1879 2135 123 35 denna

412 2193 125 37 dertill
574 2206 138 36 genom
750 2206 58 32 en,
847 2204 84 23 man
962 2194 59 33 må
1050 2190 60 36 väl
1140 2194 101 43 säga,
1271 2188 143 49 lycklig
1442 2188 122 49 slump
1593 2188 12 35 i
1633 2187 158 36 taktiskt
1819 2185 183 38 afseende

413 2246 153 48 erbjöde
596 2243 244 51 synnerligen
870 2247 100 32 stora
998 2241 178 46 fördelar,
1206 2246 130 44 syntes
1366 2240 31 48 ej
1428 2239 117 37 heller
1570 2242 124 45 någon
1716 2238 141 37 tvekan
1878 2238 125 36 kunna

412 2300 136 46 uppstå
576 2310 61 24 om
666 2296 239 48 fästningens
934 2294 239 49 lämpligaste
1203 2293 93 47 läge.

514 2349 87 35 Med
644 2348 177 36 afseende
864 2349 47 46 på
951 2346 239 47 fästningens
1231 2345 155 47 omfång
1414 2343 68 36 och
1511 2342 261 37 beskaffenhet
1799 2342 60 35 för
1887 2340 117 49 öfrigt

413 2400 324 37 öfverensstämde
766 2400 45 36 de
842 2398 264 38 förutnämnda
1135 2396 157 37 militära
1321 2395 317 49 myndigheterna
1666 2394 69 36 och
1759 2392 246 48 komiterade,
