2220 2646
458 214 59 46 128
904 220 260 34 Statsutskottets
1194 221 176 34 Utlåtande
1393 223 66 32 N:o
1483 227 28 29 5.

410 305 67 36 het
504 305 11 36 i
543 306 102 36 såväl
682 307 217 37 militäriskt
936 322 79 22 som
1051 309 159 37 sanitärt
1245 310 216 37 hänseende
1498 316 96 32 samt
1620 311 146 50 förslag
1793 312 209 37 framstälts

411 370 61 23 om
500 363 257 43 regementets
785 359 244 50 förflyttning
1055 361 57 35 till
1141 375 126 23 annan
1295 367 68 31 ort.

513 409 16 36 I
578 410 200 37 skrifvelse
823 411 73 37 den
941 414 45 34 13
1028 412 158 37 oktober
1229 415 96 35 1893
1354 414 97 36 hade
1481 415 133 37 chefen
1642 416 59 36 för
1730 416 115 36 femte
1882 416 119 36 armé-

409 461 269 49 fördelningen
710 462 206 37 framhållit
944 464 46 36 de
1019 464 256 49 olägenheter,
1306 479 79 23 som
1413 480 91 23 vore
1532 467 180 37 förenade
1741 468 85 36 med
1858 467 141 49 ifråga-

409 513 166 36 varande
610 514 233 49 mötesplats,
881 518 123 34 såsom
1042 516 84 36 dess
1164 521 101 32 stora
1297 518 163 48 afstånd,
1493 518 69 37 17/2
1591 519 76 48 mil,
1697 519 84 36 från
1810 525 190 31 närmaste

403 564 340 50 jernvägsstation,
773 566 71 37 den
873 567 374 38 otillfredsställande
1275 569 309 38 beskaffenheten
1613 571 42 36 af
1680 571 133 49 sjelfva
1839 572 160 36 exercis-

408 616 121 48 fältet,
566 616 145 38 hvilket
746 631 90 24 vore
873 619 155 49 sandigt
1064 620 68 36 och
1169 621 156 49 gropigt
1362 626 97 32 samt
1486 623 177 36 nedemot
1695 622 129 50 Sagån
1851 628 148 32 vatten-

409 667 113 49 sjukt,
552 669 243 48 svårigheten
823 675 56 31 att
906 671 126 36 utföra
1059 672 131 36 strids-
1218 672 69 37 och
1307 673 372 50 fälttjenstöfningar
1698 675 104 36 såväl
1833 678 9 33 å
1861 680 138 32 mötes-

407 720 150 49 platsen
592 734 80 23 som
704 721 13 36 i
750 722 236 37 densammas
1019 724 269 49 omgifningar,
1328 730 91 31 enär
1455 728 21 33 å
1512 726 255 37 exercisfältet
1799 727 198 36 afstånden

407 785 92 23 vore
535 772 58 36 för
629 775 80 34 små
741 773 12 36 i
780 774 237 37 förhållande
1044 775 57 36 till
1129 776 47 36 de
1205 776 129 37 nutida
1362 790 171 36 vapnens
1561 778 237 37 skottvidder
1827 779 69 36 och
1926 779 72 36 den

407 824 265 48 angränsande
709 825 226 37 beträdbara
971 831 206 45 terrängen
1215 828 319 49 hufvudsakligen
1570 831 197 48 utgjordes
1799 830 41 37 af
1865 831 133 48 skogs-

407 876 108 35 mark
544 876 68 36 och
642 889 127 24 annan
797 877 146 37 mindre
972 879 136 49 tjenlig
1136 884 166 44 terräng.

509 927 85 37 Med
635 928 208 50 anledning
875 930 42 36 af
955 930 109 37 dessa
1090 931 264 37 förhållanden
1382 932 97 36 hade
1516 933 482 49 arméfördelningschefen

405 978 205 37 framhållit
646 980 308 38 önskvärdheten
991 983 40 36 af
1063 987 55 31 att
1145 982 293 38 Vestmanlands
1466 990 220 43 regemente
1722 985 177 49 flyttades
1940 986 58 36 till

405 1043 127 24 annan
564 1036 68 43 ort,
671 1032 72 36 och
779 1033 45 36 då
865 1033 123 49 enligt
1026 1036 95 35 1892
1165 1038 60 33 års
1265 1036 136 36 urtima
1433 1036 188 49 Riksdags
1662 1037 123 37 beslut
1825 1037 172 50 Lifrege-

405 1087 163 32 mentets
595 1084 314 50 grenadiercorps
938 1085 148 37 komme
1114 1091 56 32 att
1199 1088 245 36 sammanslås
1472 1089 84 36 med
1588 1089 163 37 Nerikes
1774 1094 222 44 regemente

403 1134 60 36 till
499 1134 301 50 Lifregementet
835 1137 58 35 till
930 1137 57 36 fot
1015 1143 95 31 samt
1138 1139 74 36 den
1242 1139 100 37 förra
1361 1152 180 37 corpsens
1569 1141 222 49 mötesplats
1818 1141 179 37 Utnäslöt

405 1186 220 49 derigenom
653 1187 126 37 blefve
808 1188 59 36 för
895 1189 217 37 densamma
1140 1190 201 50 obehöflig,
1370 1192 97 36 hade
1496 1192 74 36 han
1598 1193 190 48 hemstält,
1812 1198 56 31 att
1886 1207 109 36 rege-

404 1243 145 32 mentet
575 1242 117 33 måtte
724 1239 128 49 flyttas
879 1241 59 35 till
967 1241 233 38 sistnämnda
1228 1243 109 49 plats,
1366 1244 168 48 hvilken,
1564 1258 59 22 om
1653 1245 33 49 ej
1716 1245 12 36 i
1757 1245 72 36 alla
1848 1245 147 37 afseen-

403 1289 76 37 den
505 1290 349 38 tillfredsställande
882 1292 60 37 för
969 1299 258 43 regementets
1255 1295 190 49 öfningar,
1475 1296 95 36 dock
1599 1296 154 49 erbjöde
1776 1297 219 37 företräden

402 1341 159 37 framför
588 1342 200 38 Salbohed.

507 1393 127 38 Under
675 1395 106 37 tiden
821 1396 60 36 för
917 1396 103 37 detta
1048 1398 160 36 ärendes
1235 1399 208 49 utredning
1470 1399 101 37 inom
1600 1399 394 51 arméförvaltningen

403 1445 71 37 och
501 1446 115 37 innan
644 1448 272 48 mötesplatsen
946 1448 174 37 Utnäslöt
1138 1450 128 37 blifvit
1284 1451 40 36 af
1338 1450 322 50 Lifregementets
1679 1453 315 49 grenadiercorps

400 1497 242 50 fullständigt
670 1500 162 48 utrymd,
861 1500 97 36 hade
987 1501 208 37 emellertid
1224 1506 54 32 ett
1305 1507 86 43 nytt
1419 1503 162 49 uppslag
1607 1503 12 36 i
1646 1503 138 49 frågan
1811 1504 181 49 inträffat,

401 1549 12 36 i
443 1549 64 36 det
530 1554 54 32 att
616 1551 177 36 städerna
822 1551 87 37 Sala
938 1553 69 36 och
1034 1552 189 49 Vesterås,
1253 1554 128 36 hvilka
1409 1554 97 37 båda
1534 1559 100 32 orter
1663 1558 161 46 ansåges
1852 1570 45 23 ur
1925 1557 67 36 mi-

400 1601 148 36 litärisk
576 1603 194 48 synpunkt
799 1603 155 50 erbjuda
979 1604 98 37 vissa
1104 1605 165 37 fördelar
1297 1605 157 37 framför
1480 1606 187 49 Utnäslöt,
1694 1606 184 51 försports
1902 1622 91 23 vara

400 1653 133 48 villiga
561 1658 54 32 att
633 1654 267 37 kostnadsfritt
928 1656 60 36 för
1016 1656 144 37 kronan
1188 1657 153 50 upplåta
1368 1658 107 36 mark
1499 1658 58 36 till
1576 1659 221 49 mötesplats
1825 1663 39 33 åt
1882 1660 111 37 Vest-

400 1705 197 37 manlands
625 1711 231 44 regemente.

505 1757 56 36 Då
602 1758 158 37 sålunda
793 1759 137 48 frågan
967 1760 142 37 inträdt
1144 1761 12 35 i
1194 1765 55 32 ett
1284 1766 85 44 nytt
1406 1762 127 48 skede,
1571 1762 96 37 hade
1705 1763 139 49 Kongl.
1883 1763 108 51 Maj:t

399 1811 103 47 uppå
534 1809 127 37 derom
690 1810 112 48 gjord
829 1811 282 50 framställning
1139 1813 76 36 den
1237 1815 16 34 1
1275 1813 94 49 april
1392 1815 96 35 1896
1509 1814 88 36 stält
1615 1815 123 36 medel
1757 1815 58 36 till
1835 1816 155 36 chefens

400 1861 61 36 för
488 1860 114 37 femte
631 1862 376 50 arméfördelningen
1035 1864 228 49 förfogande
1292 1867 59 34 för
1369 1866 281 36 verkställande
1670 1867 42 35 af
1727 1867 118 49 nödig
1863 1868 133 36 utred-

399 1912 98 49 ning
533 1917 95 32 samt
664 1915 249 48 uppgörande
951 1915 43 36 af
1026 1915 249 50 erforderliga
1303 1916 145 50 förslag
1475 1932 47 21 m.
1551 1932 47 22 m.
1628 1918 60 36 för
1725 1931 46 24 en
1813 1920 175 36 eventuel

398 1963 245 51 förflyttning
680 1966 42 36 af
755 1966 292 37 Vestmanlands
1082 1972 221 45 regemente
1337 1969 57 35 till
1423 1968 178 38 Vesterås
1629 1970 92 37 eller
1750 1969 97 38 Sala.
1904 1971 84 36 Den

400 2016 157 37 sålunda
597 2017 201 37 anbefalda
838 2019 267 49 utredningen,
1148 2033 92 35 som,
1283 2021 121 48 enligt
1442 2021 502 50 arméfördelningschefens
1976 2024 12 35 i

399 2072 130 33 ämnet
572 2069 173 37 lemnade
792 2070 250 48 föreskrifter,
1092 2072 180 36 särskildt
1316 2072 120 37 skulle
1478 2073 158 37 omfatta
1682 2074 45 37 de
1769 2074 218 50 föreslagna

398 2120 370 49 öfningsplatsernas
804 2122 86 49 läge
927 2123 86 36 med
1040 2123 146 49 hänsyn
1215 2124 57 35 till
1300 2124 163 36 militära
1491 2125 68 36 och
1589 2125 165 37 sanitära
1782 2126 204 37 förhållan-

398 2171 75 37 den
506 2172 194 37 äfvensom
733 2173 45 37 de
807 2174 84 36 med
920 2188 48 23 en
996 2174 182 49 flyttning
1205 2176 179 36 förenade
1413 2176 215 48 kostnader,
1658 2177 96 37 hade
1782 2178 138 37 utförts
1949 2179 41 36 af

397 2225 505 49 regementsförvaltningen
931 2227 70 36 och
1030 2227 269 37 öfverlemnats
1326 2228 42 36 af
1392 2228 479 50 arméfördelningschefen
1899 2231 86 36 med

398 2280 91 43 eget
515 2277 176 47 yttrande
720 2277 12 35 i
760 2277 136 49 frågan
924 2278 58 36 till
1012 2278 136 49 Kongl.
1179 2278 107 50 Maj:t
1314 2280 72 36 den
1419 2282 42 33 17
1492 2281 205 36 november
1729 2283 107 35 1896.

502 2327 53 37 Af
579 2328 124 37 denna
731 2329 207 50 utredning
965 2330 247 48 inhemtades,
1242 2331 112 37 bland
1383 2336 128 44 annat,
1540 2337 55 32 att
1623 2333 74 36 den
1715 2333 58 36 till
1792 2334 193 36 mötesfält
