2216 2646
215 903 135 30 Angående

212 939 87 28 anslag
317 937 41 22 till

182 973 140 28 ersättning
345 972 39 21 för

188 1007 195 28 försträckning.

238 1040 93 48 [37.]

218 1981 135 30 Angående

219 2017 86 28 anslag
324 2017 38 22 till

190 2052 198 29 dyrtidstillägg.

446 228 59 31 144
894 229 263 31 Statsutskottets
1186 229 177 32 Utlåtande
1387 229 63 32 N:o
1474 232 28 29 5.

403 315 59 36 för
490 315 209 36 utrönande
727 315 204 37 af»härens
958 315 334 49 krigsberedskap,
1323 321 98 31 samt
1450 316 75 49 (n:o
1556 315 62 49 35)
1646 316 84 36 med
1756 316 148 49 förslag
1930 316 57 36 till

402 366 64 49 lag
506 367 197 48 angående
744 368 214 48 mönstring
998 368 122 36 under
1156 371 40 33 år
1235 369 97 35 1900
1361 368 41 36 af
1426 368 129 36 hästar
1584 368 69 36 och
1682 368 135 36 fordon
1846 368 59 36 för
1930 373 57 31 ut-

403 419 166 36 rönande
611 419 41 36 af
677 419 134 36 härens
839 419 339 50 krigsberedskap;
1207 419 145 37 hvilket
1379 420 184 36 utskottet
1592 420 154 36 härmed
1775 420 125 36 skolat
1927 420 60 36 för

402 470 220 49 Riksdagen

901 539 158 38 anmäla.

960 779 201 50 Ersättning
1189 780 55 39 för
1270 779 161 41 förskott.

507 885 97 34 38:o.
661 883 134 48 Kongl.
839 883 106 49 Maj:t
985 883 68 37 har
1089 883 199 49 föreslagit
1324 884 217 48 Riksdagen
1569 889 55 32 att
1652 884 56 37 till
1736 884 187 47 gäldande
1951 884 42 36 af

404 939 55 32 ett
485 935 84 36 utaf
599 935 274 37 statskontoret
900 935 165 49 utgifvet
1093 936 164 36 förskott
1283 939 50 46 på
1361 941 105 31 extra
1495 941 75 32 stat
1597 936 57 36 för
1673 940 39 33 år
1734 938 93 35 1901
1851 936 138 48 bevilja

403 988 111 44 4,719
542 987 152 36 kronor.

506 1038 429 50 Departementschefen
963 1039 68 36 har
1058 1038 56 37 till
1141 1039 415 49 statsrådsprotokollet
1576 1039 200 48 meddelat,
1802 1045 55 31 att
1877 1045 113 32 stats-

404 1090 175 37 kontoret
616 1090 55 37 uti
704 1089 199 38 skrifvelse
931 1090 73 37 den
1034 1093 20 33 9
1085 1091 197 37 december
1313 1093 96 35 1899
1440 1091 54 36 till
1523 1092 215 36 ersättande
1768 1092 141 36 anmält
1936 1097 55 31 ett

405 1142 203 49 förskjutet
641 1142 137 50 belopp
814 1143 42 36 af
880 1144 112 45 4,719
1020 1142 153 47 kronor,
1201 1143 209 48 utgörande
1439 1143 289 36 resekostnads-
1756 1144 70 36 och
1850 1143 140 37 trakta-

404 1194 337 49 mentsersättning
759 1197 36 33 åt
819 1194 226 37 ordförande
1074 1195 72 36 och
1172 1195 208 36 ledamöter
1407 1195 10 36 i
1447 1195 71 37 den
1547 1195 151 47 nämnd,
1729 1209 78 22 som
1838 1196 63 36 det
1928 1209 63 22 en-

403 1245 71 49 ligt
499 1245 111 49 lagen
636 1246 74 36 den
734 1249 20 33 2
774 1246 200 37 december
995 1248 98 35 1892
1122 1247 194 48 angående
1345 1246 168 50 lindring
1539 1247 11 36 i
1571 1247 213 48 rustnings-
1803 1247 71 36 och
1894 1253 98 30 rote-

404 1297 291 49 ringsbesvären
737 1297 123 49 ålegat
896 1298 205 37 verkställa
1141 1298 203 48 utredning
1386 1312 58 22 om
1482 1299 135 36 värdet
1649 1302 20 33 å
1697 1299 117 48 sagda
1842 1299 148 46 besvär,

405 1349 194 37 äfvensom
628 1349 155 50 upplyst
810 1355 56 31 att
893 1349 123 38 medel
1044 1350 57 36 till
1129 1351 234 36 betäckande
1397 1351 42 36 af
1463 1351 102 36 detta
1596 1351 163 36 förskott
1800 1351 32 49 ej
1868 1351 123 36 kunde

405 1401 43 41 af
471 1401 45 37 de
543 1402 122 36 under
692 1401 118 50 fjerde
852 1401 254 37 hufvudtiteln
1147 1402 188 50 uppförda
1372 1402 204 49 tillgångar
1611 1403 169 36 beredas.

507 1453 197 37 Utskottet
730 1453 230 48 hemställer,

904 1562 54 31 att
995 1556 218 50 Riksdagen
1244 1560 60 33 må
1339 1557 56 36 till
1423 1557 188 49 gäldande
1640 1557 41 36 af
1703 1557 288 49 ifrågavarande

799 1609 166 36 förskott
992 1612 47 46 på
1067 1615 106 31 extra
1202 1614 74 31 stat
1303 1609 61 36 för
1383 1612 40 34 år
1445 1611 92 35 1901
1556 1608 140 50 bevilja
1711 1611 112 45 4,719
1840 1610 150 36 kronor.

1065 1866 269 52 Dyrtidstillägg.

511 1971 97 35 39:o.
666 1970 137 49 Kongl.
833 1970 108 50 Maj:t
968 1971 68 36 har
1062 1971 121 37 under
1211 1971 123 37 denna
1362 1972 227 37 hufvudtitel
1608 1972 12 37 i
1639 1973 169 48 punkten
1829 1974 46 35 38
1896 1972 97 37 före-

409 2020 113 49 slagit
548 2021 216 49 Riksdagen
792 2027 57 32 att
876 2023 58 36 till
961 2022 226 49 beredande,
1216 2023 12 36 i
1256 2023 172 49 enlighet
1455 2024 85 36 med
1568 2024 46 37 de
1643 2024 12 36 i
1683 2024 309 49 statsrådsproto-

408 2073 117 36 kollet
561 2073 74 37 den
673 2075 21 35 8
721 2073 148 50 januari
897 2074 257 37 innevarande
1183 2078 39 33 år
1249 2075 158 49 angifna
1435 2076 178 48 grunder,
1643 2075 40 37 af
1708 2076 286 49 dyrtidstillägg

407 2124 59 36 för
493 2138 143 23 samma
664 2128 41 34 år
732 2129 37 33 åt
792 2139 48 23 en
864 2126 60 36 del
948 2126 40 36 af
1008 2126 74 37 den
1105 2127 186 48 personal,
1317 2140 80 23 som
1426 2128 143 49 åtnjöte
1590 2127 169 49 aflöning
1773 2128 85 36 från
1873 2128 120 49 fjerde

408 2176 275 37 hufvudtitelns
711 2177 132 47 medel,
873 2180 21 33 å
922 2183 105 31 extra
1056 2183 75 31 stat
1149 2178 59 36 för
1227 2182 40 33 år
1290 2181 94 34 1901
1403 2179 130 37 anvisa
1552 2182 123 34 såsom
1694 2179 301 49 förslagsanslag

408 2233 55 31 ett
490 2228 138 50 belopp
657 2229 41 36 af
723 2231 163 46 985,000
916 2229 150 37 kronor.
