1920 2824
310 150 19 30 2
471 151 119 31 Andra
613 151 204 32 kammarens
835 151 144 40 fjärde
1004 152 174 41 tillfälliga
1201 154 135 31 utskotts
1359 155 169 31 utlåtande
1552 155 53 31 Nr
1629 159 28 27 6.

312 243 57 29 äro
394 246 49 27 att
467 241 147 32 hänföra
639 242 57 31 till
720 243 89 31 vissa
833 243 159 32 hemman
1019 249 81 26 utan
1126 244 96 32 torde
1247 256 81 21 vara
1353 245 133 32 kronan
1510 245 192 42 tillhöriga,
1728 247 76 31 icke

311 305 98 27 synes
432 297 63 37 äga
517 295 106 32 sådan
645 295 282 41 tillförlitlighet,
951 301 50 27 att
1023 298 222 31 osäkerheten
1268 298 201 39 därigenom
1491 299 69 31 kan
1583 311 97 20 anses
1702 300 99 31 hävd.

354 347 78 33 Den
457 350 172 31 närmaste
655 350 234 39 anledningen
913 351 57 31 till
997 356 49 26 att
1071 362 42 20 en
1139 351 149 39 förnyad
1314 352 191 39 utredning
1530 364 48 20 nu
1604 353 196 39 föreslagits

312 401 221 32 beträffande
553 401 268 40 ifrågavarande
842 403 463 39 äganderättsförhållanden
1327 407 37 29 är
1385 405 65 32 den
1472 417 42 20 av
1534 408 84 29 1928
1640 407 54 31 års
1716 406 85 32 riks-

312 455 67 39 dag
400 455 11 31 i
433 455 164 32 samband
617 456 77 32 med
715 456 88 32 vissa
826 456 190 40 ändringar
1039 458 11 31 i
1074 459 84 30 1896
1181 459 55 31 års
1256 458 59 40 lag
1334 470 55 20 om
1411 460 70 31 rätt
1503 458 57 33 till
1580 459 93 33 fiske
1693 460 108 32 beslu-

311 509 78 32 tade
410 509 102 40 lagen
532 521 55 20 om
609 511 195 39 ersättning
825 522 41 21 av
889 511 194 33 statsmedel
1105 512 55 32 för
1184 523 41 21 av
1247 512 250 40 strandägarna
1521 513 152 34 förlorad
1697 513 103 33 fiske-

312 564 79 31 rätt.
432 562 263 34 Motionärerna
724 575 79 21 anse
834 565 56 31 det
920 564 214 41 nödvändigt
1163 572 61 34 att,
1255 566 108 32 innan
1394 568 235 38 ersättningar
1661 568 139 39 jämlikt

312 616 206 31 sistberörda
547 616 58 39 lag
633 616 143 40 lämnas,
806 617 126 39 frågan
961 628 56 20 om
1046 619 249 38 äganderätten
1324 621 97 36 göres
1452 619 85 32 fullt
1565 619 89 41 klar,
1684 621 36 31 så
1750 625 50 27 att

312 668 195 40 ersättning
527 669 32 40 ej
583 669 168 33 utbetalas
774 671 11 31 i
808 670 128 32 sådana
956 670 76 42 fall,
1055 671 42 31 då
1119 671 134 32 kronan
1275 672 90 40 själv
1387 674 37 29 är
1447 673 234 39 strandägare.
1717 673 83 32 Men

312 722 128 40 jämväl
470 723 89 31 vissa
591 723 108 32 andra
730 723 242 33 förhållanden
1002 725 169 31 motivera
1201 725 111 39 enligt
1342 726 274 32 motionärernas
1647 726 154 39 mening,

311 781 52 27 att
385 787 42 21 en
451 788 47 27 ny
523 777 190 39 utredning
737 778 11 31 i
774 779 114 31 ämnet
912 778 210 32 verkställes.
1158 777 68 33 Det
1251 778 201 32 framhålles
1478 779 143 32 sålunda
1647 781 12 31 i
1683 780 118 31 motio-

314 840 78 29 nen,
408 834 52 27 att
475 830 338 39 granitavverkning
830 832 81 37 äger
928 842 78 21 rum
1022 832 44 38 på
1082 832 89 31 vissa
1190 834 68 38 öar,
1275 831 94 32 vilka
1387 833 96 31 torde
1500 832 138 32 tillhöra
1656 832 146 40 kronan,

314 887 84 26 utan
420 886 50 28 att
493 887 111 27 staten
627 882 119 32 härför
770 883 135 40 uppbär
927 884 112 38 någon
1062 884 170 39 berglega.

356 935 54 32 Av
427 935 43 33 de
490 935 220 41 handlingar,
732 948 69 20 som
822 936 167 33 utskottet
1008 936 232 34 införskaffat
1259 939 11 31 i
1292 937 226 33 förevarande
1540 939 135 41 ärende,
1697 938 105 34 fram-

311 990 63 39 går
403 995 50 27 att
480 989 221 33 beträffande
730 996 50 27 ett
809 991 75 32 icke
913 992 101 39 ringa
1044 992 95 31 antal
1169 991 133 32 holmar
1330 993 61 31 och
1421 992 78 32 skär
1529 994 44 39 på
1602 993 199 32 västkusten

312 1043 177 34 osäkerhet
515 1045 37 30 är
576 1044 162 40 rådande,
761 1044 173 33 huruvida
960 1045 39 32 de
1024 1047 80 37 ägas
1129 1057 41 20 av
1193 1045 135 32 kronan
1351 1046 82 31 eller
1459 1057 42 20 av
1524 1046 167 32 enskilda.
1728 1045 74 33 Och

313 1097 11 30 i
347 1096 110 32 likhet
480 1097 76 31 med
579 1097 255 32 motionärerna
858 1109 99 20 anser
982 1098 176 40 utskottet,
1183 1104 51 26 att
1257 1099 57 32 det
1337 1099 110 32 skulle
1471 1110 84 21 vara
1577 1099 224 39 synnerligen

312 1149 163 32 önskvärt
495 1149 93 32 såväl
606 1150 77 31 med
703 1150 135 39 hänsyn
858 1151 55 32 till
932 1156 130 26 statens
1082 1152 169 31 intressen
1272 1163 70 20 som
1362 1151 57 32 för
1438 1152 40 31 de
1500 1163 41 21 av
1562 1152 240 39 föreliggande

313 1203 165 39 spörsmål
501 1203 141 32 berörda
669 1203 156 33 enskilda
851 1204 221 42 jordägarna,
1097 1216 54 21 om
1177 1204 111 33 denna
1315 1205 177 33 osäkerhet
1518 1205 116 33 kunde
1659 1206 144 39 bringas

313 1262 50 27 att
386 1257 166 40 upphöra.

356 1310 139 32 Härvid
525 1311 123 31 tänker
680 1311 166 32 utskottet
877 1311 83 32 dock
991 1311 136 32 mindre
1158 1313 43 38 på
1232 1312 117 32 risken
1381 1313 54 31 för
1467 1318 51 27 att
1549 1317 111 27 staten
1693 1312 110 32 skulle

312 1363 135 31 komma
473 1369 50 26 att
546 1364 12 31 i
584 1374 41 20 en
649 1364 54 31 del
727 1364 66 31 fall
817 1364 151 32 utbetala
992 1365 197 39 ersättning
1212 1365 53 32 för
1289 1366 128 31 mistad
1442 1365 174 40 fiskerätt,
1640 1371 86 26 trots
1751 1371 51 26 att

313 1417 70 31 rätt
395 1416 56 32 till
466 1416 98 39 dylik
577 1416 196 39 ersättning
786 1416 76 32 icke
873 1417 102 31 borde
989 1428 81 20 vara
1085 1417 54 32 för
1153 1417 146 41 handen,
1314 1418 42 32 då
1368 1430 81 20 man
1474 1419 55 31 väl
1556 1419 10 31 i
1592 1418 110 33 likhet
1727 1417 76 32 med

316 1469 244 40 länsstyrelsen
578 1471 12 31 i
609 1469 186 41 Göteborgs
812 1471 62 31 och
891 1471 116 32 Bohus
1025 1471 58 32 län
1101 1472 95 32 torde
1213 1471 120 33 kunna
1351 1472 197 40 förutsätta,
1568 1477 51 28 att
1635 1472 167 32 kammar-

313 1523 190 40 kollegium
523 1524 74 32 icke
617 1524 152 32 kommer
789 1530 52 27 att
861 1524 154 33 förklara
1037 1526 113 39 någon
1171 1526 194 39 berättigad
1386 1526 56 32 till
1463 1527 205 39 ersättning,
1690 1527 113 31 därest

315 1577 68 32 han
411 1577 75 32 icke
511 1577 70 32 kan
609 1577 118 39 styrka
757 1578 248 39 äganderätten
1033 1578 55 32 till
1117 1578 65 32 den
1210 1579 130 40 strand,
1369 1579 62 31 där
1459 1579 69 32 han
1556 1585 113 26 ansett
1696 1579 107 32 fisket

314 1630 112 39 enligt
447 1630 95 32 äldre
561 1631 59 38 lag
640 1631 43 31 ha
705 1631 93 32 varit
819 1631 123 31 honom
963 1631 214 32 förbehållet.
1212 1631 85 32 Man
1319 1632 96 32 torde
1437 1633 33 39 ej
1494 1632 106 32 heller
1624 1632 42 32 ha
1690 1632 114 34 anled-

315 1684 88 38 ning
424 1688 137 36 antaga,
585 1689 49 27 att
656 1684 99 39 olaga
778 1684 293 40 stenavverkning
1093 1685 18 31 å
1134 1684 134 32 kronan
1290 1684 182 40 tillhöriga
1494 1687 58 30 öar
1575 1685 228 32 förekommer

316 1737 11 31 i
351 1737 113 39 någon
487 1739 109 30 större
619 1737 252 39 utsträckning.
908 1737 62 33 Att
993 1737 99 39 dylik
1117 1737 217 41 avverkning
1356 1740 58 37 ägt
1439 1750 79 20 rum
1541 1739 19 31 å
1583 1739 90 31 vissa
1698 1750 41 21 av
1764 1738 40 32 de

316 1790 11 31 i
346 1791 173 31 motionen
538 1790 149 32 nämnda
706 1790 178 32 holmarna
904 1791 168 31 vitsordas
1092 1791 83 31 dock
1195 1803 43 19 av
1255 1791 255 41 länsstyrelsen,
1530 1803 69 20 som
1618 1792 186 39 meddelar,

315 1848 51 27 att
390 1843 112 32 denna
529 1843 60 32 sak
615 1843 110 40 gjorts
751 1843 57 32 till
833 1843 146 32 föremål
1004 1843 54 32 för
1086 1844 270 40 undersökning,
1383 1844 104 32 sedan
1514 1845 65 31 den
1607 1844 88 34 först
1721 1856 83 28 upp-

316 1896 105 40 tagits
444 1896 11 32 i
477 1907 42 21 en
541 1896 183 32 insändare
747 1898 11 31 i
780 1908 43 20 en
843 1896 214 40 ortstidning
1078 1908 42 20 av
1142 1897 65 32 den
1230 1899 40 29 15
1292 1908 92 21 mars
1407 1899 95 29 1928.
1536 1897 178 33 Utskottet
1734 1897 69 32 kan

319 1950 9 30 i
352 1950 91 32 detta
467 1950 248 40 sammanhang
738 1949 74 33 icke
837 1950 181 32 underlåta
1042 1955 51 27 att
1116 1950 197 42 framhålla,
1338 1955 51 29 att
1412 1951 167 33 utskottet
1602 1951 123 33 funnit
1747 1952 57 31 det

317 2003 223 39 synnerligen
560 2003 340 42 anmärkningsvärt,
921 2009 51 27 att
992 2004 111 32 denna
1125 2004 291 40 stenavverkning
1438 2004 69 33 fått
1526 2005 131 39 opåtalt
1678 2004 127 41 fortgå,

317 2057 87 32 ända
430 2057 57 32 till
514 2057 73 32 dess
614 2063 51 26 att
691 2057 127 39 frågan
843 2057 134 39 dragits
1005 2057 92 32 fram
1124 2058 12 31 i
1163 2058 308 39 tidningspressen.
1509 2057 69 34 Det
1605 2058 98 33 torde
1727 2058 76 32 med

318 2110 132 38 hänsyn
471 2110 121 32 härtill
614 2111 32 38 ej
669 2121 82 21 vara
774 2110 173 40 uteslutet,
971 2116 49 26 att
1042 2110 166 32 liknande
1229 2111 218 39 avverkning
1469 2111 230 32 förekommer
1720 2112 84 40 jäm-

319 2163 51 33 väl
392 2164 45 38 på
460 2163 107 32 andra
590 2162 82 41 håll,
695 2168 85 27 utan
804 2168 50 27 att
875 2163 290 39 myndigheterna
1189 2163 102 32 blivit
1315 2164 83 32 därå
1422 2164 381 40 uppmärksamgjorda.

360 2215 83 33 Men
469 2218 85 30 även
579 2227 54 21 om
658 2216 262 32 förhållandena
946 2216 12 31 i
984 2227 87 22 ovan
1095 2217 143 32 berörda
1265 2218 189 31 avseenden
1481 2218 76 32 icke
1583 2220 58 30 äro
1667 2218 138 39 sådana,

317 2275 52 27 att
384 2270 41 32 de
443 2272 122 37 utgöra
584 2269 193 40 tillräcklig
795 2270 210 39 motivering
1023 2270 57 31 för
1096 2270 226 39 vidtagandet
1341 2282 41 20 av
1402 2271 160 39 åtgärder
1583 2272 12 31 i
1614 2272 192 31 motionens

317 2322 101 41 syfte,
441 2323 107 32 måste
572 2322 58 33 det
651 2323 149 39 givetvis
824 2334 96 21 anses
945 2324 12 32 i
981 2323 61 32 och
1066 2323 55 32 för
1147 2323 53 40 sig
1224 2323 173 40 önskvärt,
1423 2329 50 27 att
1498 2324 151 33 rådande
1673 2324 132 32 osäker-

317 2376 233 33 hetstillstånd
571 2376 77 33 med
670 2376 165 33 avseende
856 2377 44 38 på
923 2376 248 39 äganderätten
1193 2377 142 39 bringas
1358 2383 51 26 att
1432 2377 166 40 upphöra.

360 2429 20 34 I
407 2429 101 40 frågå
535 2441 54 21 om
616 2429 273 35 önskvärdheten
917 2441 42 20 av
985 2434 50 28 att
1062 2429 63 32 här
1152 2429 227 36 förevarande
1407 2432 165 38 spörsmål
1599 2431 93 32 bliva
1720 2430 84 34 fullt

316 2483 182 40 klarlagda
517 2483 86 35 hava
624 2482 255 35 motionärerna
902 2485 84 31 även
1007 2483 68 35 fått
1097 2483 72 33 stöd
1192 2494 41 21 av
1254 2483 41 33 de
1316 2495 41 22 av
1377 2484 348 41 kammarkollegium
1744 2484 61 33 och
