2240 2610
217 523 147 24 Utskottets

229 558 128 29 yttrande.

196 1280 201 24 Polisväsendet

221 1315 40 30 på
279 1315 88 24 lands-

192 1350 100 31 bygden
310 1357 32 16 m.
363 1358 32 15 m.

242 1392 94 46 [16.]

414 185 39 30 14
912 181 259 33 Statsutskottets
1192 180 169 33 utlåtande
1384 180 53 32 Nr
1461 182 20 29 6
1493 179 40 32 Å.

412 272 128 34 såsom
568 267 245 50 kronofogde
842 289 41 4 —
915 267 143 49 jämväl
1088 265 203 50 tjänstetid
1321 265 83 36 från
1435 265 70 37 och
1535 264 85 36 med
1660 263 73 37 den
1772 265 47 34 29
1859 267 167 45 septem-

412 322 67 36 ber
524 322 98 35 1905
664 319 57 37 till
764 319 74 37 den
882 321 47 35 24
972 319 209 37 november
1221 320 95 35 1911
1348 319 127 35 såsom
1503 317 334 36 lanträntmästare
1865 315 11 35 i
1904 315 122 36 Jämt-

411 373 111 37 lands
551 372 74 36 län.

516 423 268 49 Utredningen
813 423 12 36 i
854 427 129 32 ämnet
1012 423 211 36 återfinnes
1252 425 21 33 å
1293 421 69 38 sid.
1386 423 152 34 77—80
1558 421 13 35 i
1591 417 434 51 statsrådsprotokollet.

516 510 58 37 Då
602 510 186 37 utskottet
816 512 48 46 på
892 509 46 36 de
967 508 188 37 särskilda
1185 507 94 47 skäl,
1297 520 80 23 som
1406 507 11 35 i
1447 506 251 38 förevarande
1728 505 64 37 fall
1821 504 113 37 blivit
1961 517 66 23 an-

411 562 122 47 förda,
563 562 122 37 finner
714 562 61 48 sig
803 561 93 36 böra
925 560 148 37 biträda
1101 560 75 36 vad
1204 559 140 48 Kungl.
1374 558 109 49 Maj:t
1512 558 214 48 föreslagit,
1742 557 67 36 vill
1837 556 191 36 utskottet

413 614 214 37 emellertid
656 614 131 46 uttala,
817 618 56 31 att
900 612 188 37 utskottet
1117 611 224 49 härigenom
1362 610 83 36 icke
1465 611 57 35 får
1552 622 112 24 anses
1685 609 97 36 hava
1801 608 101 48 tagit
1923 608 105 37 ställ-

412 667 96 48 ning
536 665 56 37 till
622 666 132 48 frågor
782 665 11 36 i
822 664 209 38 allmänhet
1060 678 47 22 av
1135 663 183 36 liknande
1348 661 271 38 beskaffenhet
1648 674 81 23 som
1759 660 137 37 denna.

517 717 201 39 Utskottet
746 716 235 47 hemställer,

921 807 55 31 att
1012 801 211 49 riksdagen
1255 804 60 33 må
1344 800 191 48 medgiva,
1566 804 55 32 att
1653 798 334 37 häradsskrivaren
2016 798 12 35 i

818 854 117 50 Sjöbo
975 853 153 50 fögderi
1171 867 46 22 av
1258 852 212 37 Malmöhus
1507 852 63 35 län
1598 851 147 36 Anders
1774 849 255 37 Wettermark

817 909 62 34 må
920 906 56 37 för
1016 911 75 31 rätt
1123 905 57 36 till
1221 904 222 50 åtnjutande
1480 917 48 23 av
1556 902 86 37 med
1679 903 95 36 hans
1812 901 218 48 befattning

819 958 177 37 förenade
1034 957 265 49 ålderstillägg
1329 956 81 37 från
1439 956 72 36 och
1539 955 86 37 med
1654 957 40 33 år
1724 956 98 34 1918
1852 953 176 49 tillgodo-

818 1011 118 36 räkna
954 1011 61 48 sig
1034 1031 51 5 —
1105 1010 167 35 förutom
1292 1008 263 49 tjänstgöring
1576 1010 125 33 såsom
1722 1005 237 49 kronofogde
1978 1027 51 3 —

813 1063 145 48 jämväl
985 1061 197 49 tjänstetid
1211 1061 84 35 från
1324 1061 70 35 och
1422 1059 85 37 med
1533 1059 74 36 den
1628 1061 47 34 29
1696 1057 212 51 september
1930 1058 97 35 1905

818 1114 56 35 till
915 1114 72 35 den
1029 1115 49 34 24
1120 1112 203 37 november
1362 1113 95 35 1911
1498 1114 123 34 såsom
1659 1109 370 38 lanträntmästare
2010 1105 23 60 i

817 1164 214 38 Jämtlands
1059 1165 76 36 län.
1543 1187 3 3 :

522 1269 98 49 17:0)
675 1269 142 37 Vidare
845 1269 69 36 har
941 1268 142 49 Kungl.
1114 1268 108 49 Maj:t
1251 1266 201 49 föreslagit
1480 1265 208 49 riksdagen
1717 1265 137 50 (punkt
1886 1264 59 50 16)
1974 1269 57 32 att

414 1325 49 47 på
505 1327 109 31 extra
656 1326 78 32 stat
767 1321 59 36 för
854 1324 40 33 år
925 1322 97 35 1920
1053 1319 114 38 ställa
1194 1319 59 36 till
1281 1319 139 48 Kungl.
1451 1318 129 50 Maj:ts
1609 1317 232 49 förfogande
1870 1321 55 32 ett
1953 1317 76 36 för-

415 1374 242 49 slagsanslag
688 1386 47 23 av
765 1374 166 45 600,000
960 1373 141 35 kronor
1129 1376 67 42 att,
1226 1371 304 48 huvudsakligen
1560 1370 120 36 under
1709 1370 46 36 de
1785 1369 11 36 i
1826 1369 203 37 statsråds-

415 1425 234 50 protokollet
690 1430 91 32 över
809 1424 259 37 civilärenden
1097 1423 75 36 den
1202 1425 45 34 21
1279 1423 168 36 februari
1479 1424 97 35 1908
1607 1421 168 49 angivna
1803 1421 139 36 villkor
1969 1421 61 36 för

416 1477 224 50 åtnjutande
669 1490 47 23 av
744 1476 138 48 bidrag
909 1477 85 35 från
1023 1475 191 49 anslaget,
1243 1474 196 37 användas
1459 1474 57 37 till
1537 1473 184 48 avlöning
1741 1473 70 37 och
1831 1472 199 37 underhåll

416 1543 46 23 av
504 1528 166 38 särskild
710 1528 236 50 polisstyrka
973 1530 48 47 på
1048 1527 144 46 landet,
1223 1526 67 37 där
1319 1527 119 35 sådan
1467 1527 77 35 kan
1573 1539 47 23 av
1651 1525 287 37 förhållandena
1966 1527 64 47 på-

414 1582 133 47 kallas,
590 1581 121 36 under
753 1580 254 49 medgivande
1050 1579 135 47 tillika,
1227 1580 71 35 dels
1327 1583 55 31 att
1409 1591 48 23 av
1486 1577 105 38 detta
1621 1577 135 48 anslag
1783 1576 248 49 erforderligt

415 1634 141 49 belopp
586 1636 61 34 må
675 1632 195 37 användas
900 1632 57 36 till
986 1631 179 49 åtgärder
1193 1630 11 36 i
1234 1630 188 37 särskilda
1450 1629 66 37 fall
1544 1630 60 36 för
1632 1634 139 44 grövre
1792 1629 124 36 brotts
1936 1642 94 36 upp-

416 1685 188 37 täckande
634 1685 71 36 och
735 1684 230 36 misstänkta
992 1696 207 37 personers
1227 1681 294 50 efterspanande
1550 1681 71 37 och
1651 1681 200 49 gripande,
1872 1681 75 36 dels
1970 1681 62 36 ock

415 1743 56 31 att
498 1737 146 49 Kungl.
674 1736 108 50 Maj:t
811 1739 61 33 må
900 1749 47 23 av
975 1736 178 48 anslaget
1182 1734 175 37 använda
1384 1734 176 48 lämpligt
1589 1732 139 50 belopp
1748 1733 58 36 till
1827 1732 203 37 årsarvode

416 1793 37 33 åt
495 1789 73 37 den
612 1789 344 49 polistjänsteman,
991 1801 82 23 som
1102 1787 201 37 förordnas
1333 1791 56 31 att
1416 1786 102 36 inom
1549 1785 398 48 civildepartementet
1976 1784 54 37 bi-

416 1841 109 36 träda
554 1841 32 49 ej
618 1840 147 37 mindre
794 1840 64 36 vid
890 1840 158 36 förande
1077 1852 48 23 av
1153 1838 168 49 register
1350 1843 92 31 över
1471 1838 75 35 den
1575 1837 249 49 polisstyrka,
1846 1850 81 23 som
1955 1836 75 37 kan

416 1894 152 36 komma
611 1898 56 31 att
707 1906 45 22 ur
786 1892 102 36 vissa
916 1891 148 37 städers
1093 1890 214 50 poliskårer
1336 1890 132 36 ställas
1496 1888 57 37 till
1581 1888 343 49 länsstyrelsernas
1955 1888 76 36 för-

417 1944 170 50 fogande
617 1945 59 36 för
705 1944 216 36 beredande
950 1957 46 22 av
1024 1942 229 50 polisskydd
1281 1942 63 36 vid
1366 1941 234 49 oroligheter
1620 1944 21 34 å
1659 1941 121 36 rikets
1799 1940 230 50 landsbygd,

418 2004 48 30 än
508 1997 73 36 ock
617 1996 65 37 vid
709 1996 215 48 beredning
951 1996 104 36 inom
1085 1995 306 49 departementet
1418 2007 46 23 av
1493 1993 132 49 frågor
1654 2006 60 23 om
1744 2006 144 23 samma
1916 1992 115 49 polis-

419 2049 153 49 styrkas
602 2048 252 48 användning
881 2048 13 36 i
922 2046 315 38 förekommande
1265 2045 77 37 fall.

521 2134 74 37 Vid
637 2134 174 37 anmälan
855 2147 46 23 av
942 2133 104 37 detta
1084 2133 141 36 ärende
1254 2132 68 37 har
1351 2131 427 50 departementschefen
1807 2131 127 37 anfört
1962 2130 69 36 föl-

415 2187 132 48 jande:

522 2238 245 49 »Riksdagen
795 2238 69 37 har
892 2237 118 37 under
1039 2250 46 23 en
1116 2236 95 50 följd
1240 2250 45 23 av
1319 2239 41 34 år
1379 2235 160 48 beviljat
1559 2234 306 50 förslagsanslag
1884 2237 20 33 å
1925 2239 107 32 extra

419 2295 76 33 stat
523 2291 59 36 till
612 2291 181 48 avlöning
822 2290 72 37 och
921 2288 201 40 underhåll
1152 2302 46 24 av
1228 2288 161 37 särskild
1420 2287 238 51 polisstyrka
1685 2290 49 47 på
1762 2287 139 39 landet,
1956 2286 76 38 För
