2244 2612
188 696 151 23 Utskottets

200 731 128 29 yttrande.

387 185 42 32 50
895 187 258 33 Statsutskottets
1176 189 167 32 utlåtande
1367 190 53 31 Nr
1445 193 21 29 6
1481 191 41 30 ÅA.

491 270 76 36 För
595 271 225 48 åtnjutande
850 285 46 22 av
926 272 109 37 dessa
1063 273 237 49 statsbidrag
1320 274 121 38 skulle
1460 275 12 36 i
1492 274 200 37 huvudsak
1712 275 103 48 gälla
1837 277 168 49 tidigare

388 321 216 37 fastställda
644 323 150 36 villkor.
850 323 243 37 Beträffande
1136 325 47 36 de
1226 338 98 23 ovan
1360 327 123 36 under
1510 326 37 48 4)
1576 332 197 44 upptagna
1802 328 205 37 kustsana-

388 374 168 36 torierna
584 374 69 36 har
681 375 426 49 departementschefen
1137 377 98 36 dock
1263 377 216 49 föreslagit,
1510 385 54 30 att
1588 379 61 36 för
1670 379 111 36 deras
1802 379 64 36 del
1886 379 119 38 borde

388 425 57 36 till
473 425 192 37 vinnande
694 440 47 22 av
769 432 124 31 större
922 428 241 47 enhetlighet
1192 428 11 36 i
1233 428 111 37 dessa
1364 442 47 24 av
1431 431 172 36 enskilda
1623 431 226 48 föreningar
1869 431 138 37 drivna

389 476 206 38 anstalters
624 478 239 48 förvaltning
892 479 70 36 och
991 480 181 37 ekonomi
1203 480 158 49 stadgas
1391 481 224 49 skyldighet
1643 488 57 30 att
1728 483 142 36 inrätta
1892 496 46 23 en
1959 496 46 24 av

389 528 434 51 föreningsstyrelserna
866 531 139 36 utsedd
1047 532 346 36 centralkommitté
1435 533 61 36 för
1537 534 138 48 högsta
1717 534 212 49 ledningen
1957 548 48 23 av

388 581 247 36 anstalterna.

491 683 88 37 Med
621 684 150 49 hänsyn
813 684 58 37 till
913 685 75 37 den
1028 686 13 35 i
1082 686 426 49 statsrådsprotokollet
1539 687 177 38 lämnade
1745 689 259 48 utredningen

388 735 164 36 rörande
593 736 196 48 ökningen
832 737 11 35 i
886 737 47 36 de
961 736 191 39 allmänna
1182 738 322 37 omkostnaderna
1532 739 63 36 vid
1624 739 144 37 driften
1796 754 47 23 av
1872 740 132 37 tuber-

387 787 556 48 kulossjukvårdsanstalterna
981 789 71 36 och
1090 790 11 35 i
1131 789 253 37 betraktande
1407 790 147 49 jämväl
1581 804 48 23 av
1658 791 111 37 dessa
1798 792 206 37 anstalters

387 838 61 37 för
476 838 131 37 landet
634 839 297 49 betydelsefulla
960 841 247 37 verksamhet
1235 842 69 36 har
1333 842 189 36 utskottet
1550 842 126 37 funnit
1705 856 48 24 en
1772 844 166 48 höjning
1956 857 48 23 av

388 890 65 36 det
480 890 56 36 till
568 890 191 38 desamma
787 892 195 48 utgående
1011 892 275 49 statsbidraget
1315 906 90 23 vara
1434 894 224 37 motiverad.

492 942 56 36 De
587 943 155 50 belopp,
782 957 83 24 som
896 944 121 49 enligt
1044 945 449 49 departementschefens
1522 946 147 50 förslag
1698 946 122 37 skulle
1849 947 156 37 komma

386 998 56 32 att
482 996 92 47 utgå
615 994 56 37 till
714 996 269 36 ovannämnda
1024 997 121 36 under
1189 996 125 49 1)—3)
1358 1003 199 43 upptagna
1598 998 185 39 anstalter
1815 998 188 50 (sjukhus,

387 1045 224 49 sjukstugor
653 1047 71 36 och
766 1048 463 49 lasarettsavdelningar),
1264 1049 67 36 har
1359 1050 189 36 utskottet
1577 1050 126 37 funnit
1732 1051 178 48 lämpligt
1938 1065 65 23 av-

386 1097 127 49 vägda
542 1098 71 36 och
641 1098 103 48 förty
772 1104 129 31 ansett
930 1100 60 47 sig
1019 1100 91 36 böra
1138 1101 167 36 förorda.

489 1149 85 36 Vad
603 1152 81 34 åter
711 1151 355 36 kustsanatorierna
1094 1151 192 48 beträffar,
1315 1152 75 36 kan
1418 1153 188 36 utskottet
1635 1153 85 36 icke
1747 1153 151 37 biträda
1927 1154 75 36 den

385 1201 55 35 uti
482 1201 423 49 statsrådsprotokollet
933 1203 59 36 för
1020 1203 111 36 derag
1160 1203 62 37 del
1250 1203 222 49 föreslagna
1501 1204 426 49 beräkningsgrunden.
1984 1206 18 36 I

386 1252 223 49 anslutning
636 1253 58 36 till
722 1254 304 37 motionärernas
1054 1255 12 36 i
1095 1259 130 32 ämnet
1248 1255 139 50 gjorda
1408 1256 284 49 framställning
1724 1257 69 36 har
1813 1258 190 36 utskottet

385 1305 197 48 nämligen
619 1305 125 37 funnit
773 1306 274 49 statsbidraget
1075 1307 59 36 till
1163 1307 115 36 dessa
1306 1308 215 36 sanatorier
1548 1308 85 36 icke
1661 1309 91 36 böra
1780 1312 93 44 utgå
1902 1309 99 37 efter

387 1356 194 37 storleken
623 1370 48 23 av
713 1357 45 37 de
800 1358 58 35 till
900 1358 130 36 siffran
1075 1359 332 37 svårbestämbara
1440 1360 71 36 och
1539 1360 171 36 alltefter
1738 1360 45 37 de
1813 1361 190 37 särskilda

384 1409 255 36 anstalternas
682 1422 81 23 mer
804 1409 94 37 eller
927 1410 146 37 mindre
1102 1410 201 37 rationella
1333 1411 147 37 skötsel
1509 1412 187 36 växlande
1726 1412 275 49 förvaltnings-

384 1460 261 36 kostnaderna
674 1465 89 32 utan
792 1460 12 36 i
834 1461 130 36 stället
992 1465 125 33 såsom
1146 1462 59 36 till
1234 1463 135 48 övriga
1398 1463 186 36 anstalter
1613 1464 85 36 med
1727 1464 96 36 visst
1862 1465 138 49 belopp

383 1524 69 36 per
493 1511 185 50 vårddag.
735 1512 134 48 Enligt
909 1513 190 36 utskottet
1137 1514 332 37 tillhandakomna
1498 1515 198 49 uppgifter
1725 1516 124 36 skulle
1878 1516 124 36 under

385 1566 41 33 år
457 1565 97 35 1918
585 1563 290 49 dagutgifterna
905 1564 60 37 för
993 1565 46 36 de
1067 1571 57 30 tre
1147 1566 357 36 kustsanatorierna
1523 1567 12 35 i
1555 1567 227 48 Apelviken,
1803 1568 198 37 Barkåkra

385 1615 69 36 och
498 1618 20 33 å
561 1614 134 50 Styrsö
737 1616 98 36 hava
873 1619 164 46 uppgått
1064 1617 58 36 till
1151 1618 218 48 respektive
1399 1620 21 34 3
1451 1618 141 37 kronor
1620 1620 48 35 46
1700 1624 76 43 öre,
1807 1621 22 34 4
1858 1619 145 37 kronor

385 1669 46 34 37
472 1671 66 32 öre
568 1667 70 36 och
667 1670 23 33 4
720 1667 142 37 kronor
892 1671 47 34 98
969 1673 75 32 öre.
1100 1668 90 37 Med
1219 1670 150 48 hänsyn
1398 1669 130 37 härtill
1554 1670 70 36 har
1652 1671 191 37 utskottet
1873 1671 128 36 funnit

384 1718 278 49 statsbidraget
702 1719 213 50 lämpligen
956 1720 91 37 böra
1089 1725 121 32 sättas
1252 1721 56 36 till
1353 1724 17 33 1
1415 1722 121 36 krona
1568 1724 44 34 75
1643 1727 64 32 öre
1735 1723 60 36 för
1824 1723 76 48 dag
1929 1724 71 36 och

383 1770 159 50 patient.

488 1821 133 37 Såsom
658 1822 139 37 villkor
824 1823 61 36 för
915 1823 47 36 de
991 1823 100 37 olika
1121 1824 306 49 statsbidragens
1456 1826 191 47 utgående
1676 1826 108 36 torde
1812 1826 13 36 i
1854 1827 147 36 huvud-

383 1874 69 36 sak
494 1874 92 36 böra
628 1873 102 49 gälla
771 1874 47 37 de
855 1874 304 49 bestämmelser,
1190 1889 81 23 som
1301 1876 210 49 riksdagen
1539 1877 165 49 tidigare
1733 1878 12 35 i
1773 1877 104 37 detta
1906 1878 92 36 hän-

383 1925 141 37 seende
553 1925 185 49 godkänt.

486 1977 82 37 Den
598 1990 46 23 av
673 1978 424 48 departementschefen
1127 1979 200 37 förordade
1357 1979 267 50 anordningen
1657 1980 85 37 med
1767 1994 47 23 en
1835 1981 165 37 särskild

382 2028 347 37 centralkommitté
771 2030 58 36 för
857 2030 357 37 kustsanatorierna
1243 2031 68 36 har
1340 2032 191 36 utskottet
1558 2033 12 34 i
1598 2032 121 37 likhet
1748 2033 84 36 med
1864 2033 136 36 motio-

380 2085 164 32 närerna
585 2081 84 36 icke
711 2087 127 31 ansett
872 2095 90 23 vara
991 2085 42 33 så
1060 2082 191 49 påkallad,
1280 2088 56 31 att
1364 2083 238 37 tillkomsten
1632 2087 45 33 av
1706 2097 46 24 en
1782 2085 119 36 sådan
1929 2085 71 37 bör

381 2132 212 48 uppställas
636 2136 126 33 såsom
805 2133 139 37 villkor
985 2134 60 36 för
1086 2134 259 49 statsbidrags
1388 2135 231 37 erhållande.
1676 2136 17 35 I
1722 2137 128 35 stället
1880 2137 119 36 förut-

382 2189 116 31 sätter
539 2184 199 48 utskottet,
768 2190 55 31 att
863 2185 59 36 till
955 2185 192 38 vinnande
1178 2200 48 22 av
1255 2186 64 37 det
1347 2186 87 37 med
1463 2200 47 24 en
1539 2187 116 37 sådan
1684 2188 221 48 anordning
1934 2202 64 22 av-

381 2236 118 36 sedda
541 2236 121 49 syftet
704 2242 54 31 ett
799 2241 175 33 närmare
1017 2238 217 37 samarbete
1277 2239 235 37 anstalterna
1554 2239 160 37 emellan
1743 2242 48 47 på
1820 2239 179 50 frivillig-

380 2288 136 36 hetens
545 2293 79 44 väg
651 2289 172 36 kommer
851 2288 57 37 till
938 2290 124 36 stånd.
