1888 2840
106 1213 128 26 Utskottet.

283 173 37 29 14
668 178 121 30 Första
809 178 239 36 lagutskottets
1067 177 176 30 utlåtande
1264 177 46 30 Nr
1335 177 48 30 42.

287 261 57 31 må
363 262 91 29 dock
473 261 10 29 i
504 261 89 30 vissa
611 261 149 36 angivna
779 261 62 30 fall
858 261 151 36 lastning
1027 262 65 29 och
1111 261 153 36 lossning
1284 270 41 21 av
1345 260 84 36 gods
1447 260 65 36 äga
1532 270 78 20 rum
1628 260 10 29 i
1659 260 130 30 utrikes

287 313 106 29 hamn
417 315 85 27 utan
524 312 122 30 hinder
668 321 43 21 av
735 312 172 30 förbudet.

332 362 129 30 Genom
481 363 19 30 3
520 363 18 36 8
557 363 191 30 utsträckes
768 362 163 30 förbudet
950 362 51 30 till
1020 365 49 27 att
1089 371 80 21 avse
1190 362 87 29 även
1296 370 95 22 resor
1410 361 11 30 i
1440 361 131 30 barlast
1591 364 91 27 samt
1703 370 86 27 upp-

285 413 171 36 läggning,
479 413 199 36 avrustning
699 414 81 29 eller
802 412 238 37 avmönstring
1062 422 41 21 av
1123 412 115 39 fartyg
1259 411 20 31 å
1298 412 131 30 utrikes
1450 414 53 28 ort
1524 411 55 30 för
1602 414 107 28 annat
1729 412 59 29 än-

287 462 114 31 damål
429 464 45 29 än
503 463 198 36 nödvändig
726 463 207 36 reparation.
972 462 292 31 Erfarenheterna
1291 462 79 31 från
1400 462 228 36 världskriget
1656 462 46 30 ha
1730 472 59 20 an-

287 517 79 26 setts
387 514 77 35 giva
485 517 46 26 ett
551 514 90 30 klart
661 514 120 38 belägg
800 513 56 31 för
874 513 263 36 behövligheten
1158 516 49 27 att
1225 513 176 30 utsträcka
1421 512 368 36 fraktfartsreglering-

287 573 41 21 en
347 567 49 27 att
414 564 91 36 gälla
522 565 86 29 även
625 565 236 29 barlastresor.

331 614 96 30 Brott
450 618 72 27 mot
547 615 114 35 lagens
687 615 260 30 bestämmelser
971 614 187 30 bestraffas
1183 614 105 36 enligt
1310 615 19 28 4
1354 614 18 36 8
1399 614 79 29 med
1501 613 184 36 dagsböter
1709 614 82 29 eller

287 665 153 36 fängelse
457 666 9 29 i
485 666 99 35 högst
600 669 47 27 ett
664 665 47 31 år.
743 665 201 30 Domstolen
964 665 80 36 äger
1060 665 87 29 även
1165 665 67 30 rätt
1250 667 48 27 att
1316 664 144 30 utdöma
1478 663 156 31 fraktens
1651 664 137 36 belopp.

331 716 99 30 Vissa
457 715 450 37 Övergångsbestämmelser
934 716 47 30 ha
1009 715 175 36 upptagits
1214 715 11 29 i
1255 716 108 34 lagen.
1406 714 14 30 I
1447 714 343 30 överensstämmelse

286 769 77 29 med
388 769 48 27 ett
460 776 43 21 av
528 766 363 36 kommerskollegium
916 766 186 30 framställt
1125 765 131 36 förslag
1280 765 87 30 skall
1395 764 147 31 sålunda
1568 764 222 31 beträffande

287 816 123 37 fartyg,
430 827 75 20 som
523 817 58 30 vid
598 817 66 30 den
682 817 174 36 tidpunkt,
876 816 46 31 då
940 816 235 30 förordnande
1195 816 103 36 enligt
1320 816 14 29 1
1357 816 19 36 8
1396 815 117 30 träder
1529 815 12 30 i
1559 815 230 36 tillämpning,

286 868 38 29 är
342 867 156 36 upplåtet
513 868 50 30 till
579 867 182 37 utlänning
778 875 123 28 genom
921 868 92 29 avtal
1031 876 57 21 om
1104 866 294 36 tidsbefraktning
1413 866 83 30 eller
1510 865 193 37 nyttjande,
1723 866 67 30 vad

286 918 9 29 i
321 919 98 35 lagen
445 919 137 35 stadgas
604 918 74 30 icke
700 918 175 36 tillämpas
900 917 38 31 så
960 918 100 35 länge
1082 917 127 30 avtalet
1232 917 39 30 är
1292 917 168 36 gällande.
1499 916 73 30 Har
1596 916 125 37 fartyg,
1746 916 45 31 då

286 968 453 31 förbudsbestämmelserna
762 969 99 30 träda
882 969 11 29 i
915 968 229 36 tillämpning,
1168 968 107 30 redan
1297 966 115 37 avgått
1433 966 80 31 från
1535 970 62 33 ort,
1623 966 63 31 där
1705 967 84 35 gods

284 1019 167 36 inlastats,
475 1019 81 30 eller
577 1019 159 30 befinner
757 1019 50 36 sig
830 1018 150 38 fartyget
1003 1018 58 30 vid
1083 1019 155 29 nämnda
1260 1018 163 36 tidpunkt
1444 1017 47 37 på
1513 1027 75 21 resa
1613 1017 10 30 i
1646 1017 141 35 barlast,

284 1069 57 31 må
365 1070 120 36 godset
510 1069 206 31 fortskaffas
745 1069 50 31 till
820 1069 341 30 bestämmelseorten
1187 1069 82 29 eller
1294 1078 100 20 resan
1422 1067 50 31 dit
1497 1067 178 31 fortsättas
1703 1070 85 28 utan

284 1120 124 30 hinder
427 1129 43 21 av
487 1120 56 30 det
561 1120 202 30 meddelade
783 1119 260 31 förordnandet.

330 1212 172 30 Utskottet
526 1213 64 29 har
613 1212 57 30 vid
693 1212 53 30 sin
770 1211 214 37 granskning
1005 1221 42 20 av
1068 1212 56 29 det
1148 1211 195 35 framlagda
1367 1210 221 36 lagförslaget
1613 1210 75 30 icke
1711 1210 77 30 fun-

285 1263 49 30 nit
357 1263 187 35 anledning
568 1263 50 29 till
640 1262 139 30 erinran
801 1265 73 27 mot
896 1263 194 29 detsamma
1111 1262 66 29 och
1200 1261 55 31 får
1277 1260 99 31 alltså
1398 1261 193 35 hemställa,

639 1349 49 27 att
716 1345 230 31 förevarande
974 1344 215 37 proposition
1219 1344 105 31 måtte
1352 1354 43 21 av
1424 1344 185 36 riksdagen
1638 1344 149 31 bifallas.

328 1439 202 31 Stockholm
550 1439 66 30 den
636 1439 42 30 26
698 1437 72 37 maj
795 1438 93 30 1939.

739 1538 49 31 På
807 1538 110 30 första
936 1538 239 36 lagutskottets
1196 1538 141 35 vägnar:

882 1630 37 31 K.
950 1629 242 31 SCHLYTER.

321 1957 52 24 Vid
394 1957 78 24 detta
493 1956 118 25 ärendes
632 1956 174 31 behandling
829 1955 74 25 hava
924 1955 137 24 närvarit:

320 2006 64 25 från
430 2007 113 24 första
566 2006 177 24 kammaren:
765 2005 99 25 herrar
886 2004 138 33 Schlyter,
1047 2005 67 25 Karl
1135 2005 74 25 Emil
1232 2005 158 30 Johanson,
1415 2004 129 31 Eskhult,
1566 2004 133 31 Ewerlöf,
1721 2004 68 26 Karl

285 2049 146 29 Karlsson,
453 2049 99 30 Gärde,
572 2048 67 25 Karl
658 2048 96 25 Johan
774 2047 103 26 Olsson
900 2047 55 25 och
974 2047 120 30 Brandt;

321 2107 65 26 från
414 2108 127 24 andra
567 2107 178 25 kammaren:
775 2106 98 25 herrar
902 2106 159 31 Bergquist,
1088 2104 156 33 Lindqvist,
1272 2105 134 25 Hedlund
1436 2105 8 25 i
1473 2102 165 33 Östersund,
1670 2106 118 32 Ryberg,

286 2150 103 25 Olsson
410 2150 8 24 i
441 2149 145 30 Mellerud,
610 2149 124 25 Larsson
756 2149 9 24 i
789 2148 86 29 Hede,
898 2147 142 33 Lindberg
1061 2148 8 24 i
1092 2147 165 25 Stockholm
1281 2147 54 25 och
1359 2148 135 25 Hansson
1518 2148 8 24 i
1549 2147 182 33 Vännäsby”.

321 2226 14 15 +
356 2226 34 31 Ej
409 2225 180 25 närvarande
607 2225 47 25 vid
672 2224 175 25 utlåtandets
866 2223 147 33 justering.

523 2486 107 22 398024.
670 2484 175 29 Stockholm,
867 2484 80 25 Isaac
958 2483 113 25 Marcus
1082 2462 375 57 Boktryckeri-Aktiebolag,
1481 2484 73 24 1939.
