2223 2641
685 196 266 34 Statsutlskottets
980 195 179 34 Utlåtande
1181 196 64 32 N:o
1269 200 55 29 97.
1735 197 37 31 21

220 285 250 50 bemyndigat
498 285 214 37 dåvarande
741 285 136 37 chefen
905 285 59 36 för
986 284 581 49 landtförsvarsdepartementet
1586 288 53 32 att
1658 282 159 38 tillkalia

222 339 241 49 sakkunniga
499 351 183 37 personer
711 338 59 37 för
797 343 56 32 att
880 338 102 36 inom
1011 337 304 50 departementet
1343 336 148 37 biträda
1519 336 86 37 med
1633 335 184 38 verkstäl-

219 392 112 37 lande
352 391 41 36 af
408 392 208 47 utredning
635 390 69 37 och
724 390 145 48 afgifva
886 390 179 49 yttrande
1086 390 172 46 rörande,
1281 389 112 37 bland
1414 389 116 36 andra
1550 389 142 48 frågor,
1712 394 106 31 ären-

221 444 74 36 den
316 443 199 49 angående
534 442 229 50 byggnader
783 443 58 36 för
861 442 130 36 armén
1011 455 47 23 m.
1076 456 61 33 m.,
1157 441 129 37 hvilka
1304 441 127 36 kunde
1450 441 151 36 komma
1620 445 56 32 att
1694 440 57 36 till
1772 440 47 37 de

222 496 260 49 sakkunnigas
524 495 235 37 bedömande
801 495 237 49 hänskjutas,
1077 494 68 36 har
1186 494 193 49 nämligen
1421 493 77 36 min
1539 493 234 37 företrädare
1806 493 12 36 i

221 548 166 37 ämbetet
428 548 179 36 anmodat
651 547 215 37 ledamoten
896 547 40 36 af
960 546 239 49 Riksdagens
1235 547 135 35 Första
1411 545 202 47 kammare,
1647 545 173 48 general-

221 601 170 49 majoren
433 614 48 22 m.
520 613 47 23 m.
605 600 88 36 herr
734 599 159 37 friherre
929 599 47 36 N.
1006 600 43 35 A.
1080 599 45 35 H.
1156 598 253 37 Palmstierna
1438 602 97 32 samt
1562 597 257 37 ledamöterna

222 653 41 37 af
288 653 241 48 Riksdagens
571 652 130 37 Andra
737 652 205 47 kammare,
971 651 340 47 hemmansägaren
1341 664 46 22 m.
1419 664 47 22 m.
1497 649 86 37 Carl
1612 649 166 37 Persson
1807 649 11 36 i

225 704 221 38 Stallerhult
487 705 70 36 och
598 704 234 37 rådmannen
874 717 47 23 m.
965 717 47 23 m.
1056 703 42 36 T.
1134 702 262 38 Zetterstrand
1426 707 53 31 att
1507 702 11 36 i
1547 702 104 36 detta
1679 701 140 37 ärende

223 758 144 49 afgifva
393 757 191 48 yttrande.
640 756 113 37 Detta
787 756 191 49 yttrande,
1009 755 257 49 dagtecknadt
1295 755 73 36 den
1400 757 44 33 13
1475 754 200 37 december
1707 755 111 45 1907,

223 815 41 31 är
292 809 236 37 beträffande
559 808 44 37 de
631 809 223 47 ifrågasatta
883 807 482 50 förplägnadsanstalterna
1384 807 41 35 af
1451 806 168 48 följande
1640 806 176 36 innehåll.

326 873 18 24 »
363 861 18 36 I
400 861 121 37 likhet
539 861 87 37 med
645 859 391 50 arméförvaltningen
1056 859 101 37 finna
1176 859 37 37 vi
1231 859 235 36 inrättandet
1485 858 42 36 af
1544 857 105 37 såväl
1668 858 153 36 militär-

223 914 176 49 bagerier
428 926 81 24 som
537 913 282 47 hafremagasin
846 912 103 36 inom
978 912 46 36 de
1054 911 186 37 särskilda
1269 910 418 49 arméfördelningarna
1716 909 105 37 såväl

224 966 84 37 med
338 966 179 36 afseende
547 968 20 33 å
595 964 288 37 förhållandena
910 963 119 37 under
1057 963 83 37 fred
1169 977 81 23 som
1279 963 69 37 ock
1377 962 181 37 särskildt
1576 963 59 35 för
1654 961 167 50 höjande

225 1018 40 37 af
290 1019 148 35 arméns
466 1017 324 49 kriggberedskap
819 1030 90 23 vara
937 1016 41 37 af
1004 1020 79 33 stor
1111 1015 213 50 betydelse;
1355 1015 70 37 och
1453 1015 38 36 få
1515 1014 37 37 vi
1572 1013 248 48 fördenskull,

227 1070 118 37 ehuru
378 1070 37 36 vi
442 1070 84 36 icke
554 1074 65 32 äro
649 1069 264 49 öfvertygade,
943 1073 67 43 att,
1051 1071 126 34 såsom
1206 1067 390 49 arméförvaltningen
1624 1066 198 47 beräknat,

225 1125 129 46 någon
383 1126 120 33 större
532 1122 225 36 ekonomisk
785 1122 102 35 vinst
914 1121 59 36 för
1002 1125 123 32 staten
1155 1120 110 37 däraf
1290 1119 96 38 skall
1415 1122 148 47 uppstå,
1593 1118 230 50 principiellt

226 1174 192 49 tillstyrka
446 1174 231 36 inrättandet
704 1173 40 37 af
770 1173 128 50 dylika
927 1173 192 36 anstalter.

330 1226 402 49 Arméförvaltningen
759 1226 69 36 har
855 1225 214 49 föreslagit,
1099 1229 54 32 att
1171 1223 436 50 förplägnadsanstalter
1626 1223 102 36 inom
1748 1222 74 37 den

227 1284 191 32 närmaste
459 1278 204 38 framtiden
705 1278 119 37 skulle
865 1278 181 49 uppföras
1095 1278 102 35 inom
1233 1277 145 43 Första,
1408 1275 149 49 Tredje,
1586 1275 137 49 Fjärde
1753 1274 69 37 och

230 1331 120 50 Sjätte
382 1331 321 48 fördelningarna,
733 1330 197 36 hvaremot
958 1329 85 37 med
1064 1329 245 36 anordnande
1339 1328 42 36 af
1406 1327 140 37 sådana
1573 1327 103 36 inom
1692 1326 131 36 Andra

228 1384 71 36 och
326 1383 132 37 Femte
499 1383 312 48 fördelningarna
852 1381 120 37 skulle
1001 1382 38 36 få
1066 1381 77 37 tills
1171 1381 129 37 vidare
1329 1383 119 34 anstå.
1504 1379 223 37 Emellertid
1756 1379 68 35 har

229 1435 402 49 arméförvaltningen,
670 1435 59 37 för
759 1439 55 32 att
842 1437 47 46 på
931 1447 47 23 en
1005 1436 106 46 gång
1139 1434 126 35 kunna
1294 1432 213 48 framlägga
1535 1445 49 23 en
1610 1431 215 48 beräkning

229 1488 41 36 af
307 1488 256 36 kostnaderna
605 1487 59 36 för
705 1486 85 37 hela
827 1486 207 48 förslagets
1062 1485 311 49 genomförande,
1402 1488 194 45 upprättat
1625 1483 200 36 kostnads-

228 1540 258 48 beräkningar
523 1539 145 49 jämväl
709 1538 234 37 beträffande
985 1538 233 37 anstalterna
1255 1538 101 35 inom
1394 1535 232 38 sistnämnda
1658 1538 64 33 två
1750 1536 76 35 för-

230 1592 209 48 delningar.

334 1643 75 37 Det
451 1656 114 36 synes
607 1642 113 37 äfven
763 1655 62 23 oss
866 1641 188 50 lämpligt,
1097 1646 55 31 att
1196 1641 131 49 hvarje
1357 1639 140 37 anstalt
1523 1639 189 37 beräknas
1741 1638 85 37 med

230 1696 150 49 hänsyn
420 1695 58 36 till
519 1694 183 38 behofvet
738 1694 102 36 inom
870 1705 47 26 en
945 1693 336 49 arméfördelning.
1339 1692 82 37 Och
1449 1692 118 36 eburu
1596 1691 37 36 vi
1663 1691 41 36 af
1730 1690 95 47 skäl,

232 1761 81 23 som
353 1748 69 36 här
463 1748 126 35 nedan
625 1747 151 36 komma
804 1751 57 32 att
888 1747 165 46 anföras,
1084 1759 101 35 anse,
1215 1750 55 32 att
1298 1745 133 48 början
1459 1744 87 37 med
1573 1744 255 36 anstalternas

231 1800 255 49 upprättande
528 1800 69 36 bör
633 1805 113 43 göras
774 1799 12 36 i
814 1799 190 48 betydligt
1033 1798 145 36 mindre
1207 1797 241 48 omfattning,
1491 1801 48 32 än
1567 1796 260 37 arméförvalt-

232 1854 144 47 ningen
403 1852 214 49 ifrågasatt,
647 1851 102 37 finna
776 1851 39 36 vi
843 1851 64 36 det
934 1851 98 36 dock
1060 1850 248 50 synnerligen
1335 1849 175 49 lämpligt
1534 1853 54 32 att
1607 1848 118 37 redan
1745 1848 83 36 från

232 1905 138 48 början
411 1904 228 36 öfverskåda
680 1903 323 49 kostnadsfrågan
1031 1903 10 35 i
1070 1902 85 37 hela
1184 1902 88 36 dess
1301 1901 237 49 omfattning.
1594 1900 48 37 Vi
1670 1900 159 48 öfvergå

233 1957 129 36 därför
390 1956 58 36 till
477 1960 55 32 att
559 1956 121 49 punkt
708 1956 59 36 för
795 1955 121 49 punkt
943 1955 167 49 granska
1139 1953 408 49 arméförvaltningens
1575 1952 156 49 förslag.

337 2008 243 37 Beträffande
623 2008 45 36 de
711 2007 219 48 föreslagna
970 2006 266 50 bagerierna
1277 2006 112 36 hafva
1417 2006 37 36 vi
1483 2006 32 49 ej
1546 2005 127 36 funnit
1702 2004 125 36 anled-

234 2061 95 48 ning
365 2060 57 37 till
450 2064 56 33 att
534 2059 208 37 framställa
770 2062 120 46 några
919 2059 211 49 erinringar
1158 2072 89 23 vare
1277 2058 61 48 sig
1365 2062 80 31 mot
1472 2057 238 48 ritningarna
1739 2056 91 37 eller

235 2118 78 32 mot
341 2112 391 48 kostnadsförslagen.
790 2112 57 36 Då
873 2111 63 36 det
955 2110 209 38 emellertid
1185 2110 120 37 skulle
1324 2110 126 36 kunna
1468 2109 149 45 tänkas,
1639 2113 55 31 att
1713 2108 117 49 bage-

234 2165 125 36 rierna
400 2164 64 37 vid
501 2164 109 37 deras
638 2163 255 49 begagnande
922 2164 33 48 ej
985 2163 12 36 i
1037 2163 73 36 alla
1143 2162 207 37 afseenden
1379 2162 149 36 komma
1557 2166 53 31 att
1639 2165 191 32 motsvara

236 2217 46 36 de
311 2216 177 50 anspråk,
519 2229 87 23 man
636 2216 103 36 ställt
766 2218 48 46 på
843 2215 204 47 desamma,
1077 2215 96 36 lärer
1192 2214 294 47 försiktigheten
1508 2213 140 47 fordra,
1669 2217 56 32 att
1743 2225 87 23 man

236 2269 83 37 icke
361 2272 48 45 på
451 2282 47 23 en
539 2271 105 46 gång
684 2268 139 49 uppför
865 2267 72 37 alla
979 2267 45 36 de
1064 2272 58 31 tre
1151 2267 119 36 under
1298 2266 120 37 första
1448 2265 132 38 skedet
1607 2265 224 49 ifrågasatta
