1894 2784
556 144 267 29 Statsutskottets
846 144 167 30 utlåtande
1037 154 37 20 nr
1102 146 69 29 165.
1604 142 17 31 7

416 216 39 34 b)
486 216 207 35 föreskriva,
715 218 52 29 att
787 217 157 30 nämnda
963 217 149 40 järnväg
1133 218 68 29 den
1224 217 14 30 1
1263 217 66 40 juli
1353 216 84 31 1952
1460 217 89 30 skall
1570 217 52 30 in-

373 268 145 30 förlivas
543 269 81 29 med
650 269 133 29 statens
808 268 205 40 järnvägar;

416 321 34 33 ec)
481 320 53 30 till
553 320 155 30 Förvärv
727 330 43 21 av
789 320 716 40 Köping—Uttersberg—Riddarhyttans
1524 320 98 41 järn-

374 372 63 40 väg
461 379 47 23 m.
533 381 47 21 m.
605 372 56 31 för
685 372 209 40 budgetåret
920 372 142 32 1952/53
1089 373 112 30 under
1228 374 134 29 statens
1388 372 234 31 affärsverks-

374 424 137 35 fonder,
545 426 134 28 statens
711 425 203 39 järnvägar,
949 425 121 30 anvisa
1104 426 48 29 ett
1183 425 363 39 investeringsanslag
1579 434 42 21 av

374 477 15 29 1
406 476 64 30 350
484 476 65 31 000
573 477 142 30 kronor.

161 544 203 32 Stockholm
390 546 67 29 den
485 546 40 28 16
550 546 72 39 maj
652 545 95 31 1952.

597 631 48 30 På
671 632 282 30 statsutskottets
978 633 147 39 vägnar:

634 718 175 31 MARTIN
835 718 248 31 SKOGLUND.

163 1071 64 30 Vid
255 1071 224 39 förestående
510 1071 148 30 ärendes
689 1071 291 40 slutbehandling
1009 1072 95 29 inom
1137 1072 172 30 utskottet
1338 1073 90 30 hava
1459 1073 158 30 närvarit

160 1131 82 30 från
274 1132 142 29 första
449 1132 225 30 kammaren:
711 1132 123 30 herrar
858 1132 84 29 Karl
966 1132 214 34 Andersson,
1204 1133 91 29 Iwar
1317 1133 195 34 Anderson,
1535 1134 85 29 Näs-

104 1174 95 39 gård,
229 1174 127 35 Ohlon,
385 1174 127 30 fröken
541 1174 214 35 Andersson,
785 1175 123 30 herrar
935 1175 169 34 Leander,
1133 1174 192 35 Gillström,
1352 1176 82 29 Eric
1461 1175 158 35 Ericson,

104 1217 158 35 Pålsson,
283 1218 194 34 Näsström,
499 1218 180 34 Sundelin,
700 1218 209 40 Lundqvist,
930 1218 120 39 Birger
1071 1218 214 34 Andersson,
1308 1219 140 39 Ragnar
1469 1219 151 30 Persson

104 1261 64 29 och
189 1261 190 39 Bergman;
401 1263 93 28 samt

160 1320 80 30 från
277 1321 136 30 andra
448 1321 225 29 kammaren:
701 1321 124 29 herrar
852 1321 182 39 Skoglund
1058 1321 12 29 i
1096 1322 225 39 Doverstorp,
1348 1322 121 33 Ward,
1497 1321 122 30 Malm-

104 1364 85 38 borg
204 1364 10 29 i
233 1363 147 35 Skövde,
398 1364 177 29 Svensson
591 1363 12 30 1
620 1363 166 35 Grönvik,
804 1364 135 29 Boman
957 1364 11 29 i
986 1364 140 39 Kieryd,
1144 1363 224 30 Mårtensson
1386 1364 12 29 i
1416 1363 202 34 Uddevalla,

102 1406 200 34 Lindholm,
344 1406 163 40 Staxäng,
549 1406 215 34 Äkerström,
805 1406 201 30 Johansson
1034 1406 10 29 i
1074 1406 168 39 Mysinge,
1282 1406 154 30 Jansson
1464 1406 11 29 i
1505 1406 112 33 Kalix,

103 1449 138 33 Widén,
262 1449 58 30 fru
341 1449 167 29 Eriesson
528 1449 10 29 i
560 1448 117 33 Luleå,
700 1449 124 29 herrar
846 1449 169 29 Karlsson
1036 1449 11 29 i
1070 1448 195 30 Olofström
1288 1449 64 29 och
1374 1448 210 30 Gustafsson
1608 1449 9 29 i

103 1491 198 31 Skellefteå.
