2210 2626
382 206 116 34 Andra
520 206 217 34 Kammarens
763 207 183 41 Tillfälliga
976 207 135 33 Utskotts
1133 207 83 41 (N:o
1239 208 37 40 4)
1304 207 171 34 Utlåtande
1497 207 63 35 N:o
1583 209 53 33 17.
1760 209 16 31 7

221 285 188 37 besannas
448 291 41 44 ty
529 291 84 31 värr
650 286 33 48 ej
728 286 41 37 af
804 286 279 37 erfarenheten.
1137 287 88 48 Dag
1252 287 96 37 efter
1375 287 76 48 dag
1479 287 156 49 bringar
1660 301 158 37 pressen

220 336 78 37 bud
326 349 60 23 om
414 350 76 35 nya
517 336 268 50 tilldragelser,
814 351 80 23 som
923 337 122 38 vittna
1072 351 59 23 om
1161 351 48 23 en
1237 338 286 48 »affärsmoral»,
1552 339 156 37 hvilken
1727 339 92 37 hän-

221 386 170 49 synslöst
430 392 119 32 sätter
588 388 60 49 sig
688 388 107 37 öfver
833 388 74 37 den
948 388 175 49 verkliga
1151 388 188 38 moralens
1367 388 89 37 kraf
1479 389 71 37 och
1577 389 59 37 för
1663 390 157 39 hvilken

220 438 254 48 framgången
515 438 56 37 för
610 438 166 38 tillfället
817 444 41 32 är
893 439 75 37 den
1008 439 96 37 enda
1131 439 290 39 bestämmande
1449 453 169 25 normen.
1675 440 82 38 Och
1784 441 42 37 af

221 488 74 38 alla
322 488 47 37 de
398 502 29 23 s.
456 489 35 36 k.
521 489 318 49 oegentligheter,
864 503 83 24 som
976 503 73 36 ega
1075 503 94 34 rum,
1198 495 41 31 är
1267 491 65 36 det
1359 490 99 37 dock
1478 491 77 37 helt
1572 491 97 38 visst
1685 492 135 37 endast

221 539 253 47 mindretalet,
491 552 81 24 som
588 543 67 34 når
669 540 302 49 offentligheten.
1014 541 198 37 Utskottet
1227 541 74 37 kan
1316 540 128 38 derför
1460 542 33 48 ej
1516 548 115 31 annat
1658 547 48 32 än
1735 542 84 37 dela

222 590 257 37 motionärens
520 590 110 49 åsigt,
670 596 55 31 att
764 591 250 49 vidtagandet
1053 592 42 36 af
1129 592 176 47 åtgärder
1330 592 59 37 för
1415 592 190 37 vinnande
1635 593 42 40 af
1700 598 119 32 större

221 641 183 49 trygghet
444 646 79 32 mot
561 641 216 49 oredlighet
804 647 41 32 är
872 655 48 24 en
948 642 296 49 angelägenhet,
1273 656 79 23 som
1380 643 13 36 i
1420 642 79 50 hög
1526 643 93 49 grad
1648 644 173 50 påkallar

222 697 319 43 statsmagternas
567 693 341 49 uppmärksamhet
936 693 73 37 och
1037 692 103 39 detta
1167 693 86 38 icke
1281 694 97 37 blott
1405 707 44 23 ur
1477 694 228 39 ekonomisk
1729 700 90 34 utan

222 747 99 32 ännu
350 756 81 24 mer
458 757 44 24 ur
530 743 155 39 allmänt
712 743 182 38 moralisk
922 744 205 49 synpunkt.
1266 767 2 2 |

353 794 17 36 I
397 793 121 38 likhet
545 793 86 38 med
658 794 240 37 motionären
925 795 122 37 finner
1073 795 189 37 utskottet
1288 794 65 38 det
1379 795 114 37 äfven
1516 796 149 48 ganska
1684 809 137 24 sanno-

221 844 81 47 likt,
331 849 55 32 att
413 844 66 37 det
507 844 170 49 åsyftade
706 845 238 37 önskemålet
971 845 121 37 skulle
1111 846 13 37 i
1144 846 34 49 ej
1200 846 215 48 oväsentlig
1436 849 86 34 mån
1542 847 127 37 kunna
1687 847 134 37 vinnas

220 908 139 35 genom
400 895 104 37 vissa
542 895 206 49 ändringar
788 896 12 36 i
827 910 49 23 nu
904 896 179 48 gällande
1106 896 289 37 bestämmelser
1422 898 162 37 rörande
1612 897 210 50 bokföring

222 951 99 31 samt
347 945 170 38 revision
545 946 71 37 och
644 946 179 37 kontroll.

354 1047 82 37 Hos
465 1060 63 24 oss
556 1047 179 48 gällande
764 1047 238 38 föreskrifter
1030 1062 58 25 om
1117 1049 253 49 obligatorisk
1388 1049 207 51 bokföring
1615 1052 205 37 återfinnas

221 1098 12 36 i
273 1098 129 48 kongl.
444 1098 276 50 förordningen
761 1099 199 48 angående
1000 1099 309 38 handelsböcker
1346 1100 72 37 och
1451 1101 370 50 handelsräkningar

222 1148 75 37 den
337 1151 22 34 4
402 1149 72 48 maj
517 1151 94 35 1855
651 1155 100 31 samt
789 1150 12 36 i
840 1150 223 48 strafflagen
1101 1150 87 50 kap.
1223 1153 46 35 23
1296 1150 44 46 $$
1373 1154 31 44 1,
1433 1154 21 34 3
1483 1152 72 37 och
1582 1154 34 35 4.
1672 1152 147 38 Genom

221 1199 165 37 nämnda
413 1199 227 51 förordning
667 1201 211 48 redogöres
905 1201 12 36 i
945 1198 44 49 $8
1021 1203 16 34 1
1068 1200 70 37 och
1167 1204 21 33 2
1218 1202 57 36 för
1302 1202 45 37 de
1375 1215 198 36 personer,
1602 1216 82 24 som
1713 1204 108 38 skola

222 1263 91 25 vara
338 1250 421 50 bokföringsskyldiga,
789 1257 97 32 samt
913 1251 12 36 i
954 1248 45 50 $$
1028 1253 96 35 3—9
1152 1251 58 39 för
1234 1252 47 37 de
1301 1252 155 47 böcker,
1477 1266 81 24 som
1578 1254 109 40 skola
1706 1254 113 39 föras.

222 1300 148 38 Genom
409 1301 243 49 strafflagens
691 1301 293 39 bestämmelser
1023 1305 79 34 åter
1140 1302 175 48 angifvas
1347 1303 46 38 de
1422 1303 198 49 påföljder,
1648 1304 132 38 hvilka
1807 1305 12 36 i

222 1351 184 37 händelse
439 1351 42 37 af
510 1351 168 37 konkurs
707 1352 129 37 kunna
862 1352 145 38 drabba
1034 1352 86 47 den,
1148 1366 82 24 som
1260 1353 185 38 åsidosatt
1472 1354 56 36 sin
1558 1355 226 50 skyldighet
1809 1356 13 36 i

221 1402 250 37 förevarande
500 1402 230 38 hänseende.

355 1503 198 38 Utskottet
580 1504 73 37 kan
681 1504 86 38 icke
797 1504 87 37 dela
904 1504 257 39 motionärens
1181 1505 258 51 uppfattning,
1460 1512 55 32 att
1533 1507 288 40 föreskrifterna

223 1568 61 23 om
325 1556 65 36 den
433 1556 229 48 lagstadgade
701 1556 250 49 bokföringens
991 1557 230 48 beskaffenhet
1261 1557 122 37 skulle
1424 1571 90 24 vara
1552 1559 169 48 afgjordt
1747 1558 75 38 för-

225 1604 153 37 åldrade
407 1606 72 36 och
507 1606 121 36 tarfva
647 1606 232 49 revidering.
919 1606 316 48 Anmärkningen
1255 1613 54 31 att
1327 1608 124 37 denna
1471 1608 207 50 bokföring
1697 1609 124 37 skulle

223 1668 92 24 vara
346 1655 127 37 alltför
499 1655 250 49 ofullständig
776 1670 115 35 synes
919 1669 90 24 vara
1036 1660 47 44 på
1102 1662 55 31 ett
1176 1658 260 37 uttömmande
1456 1659 72 36 och
1547 1659 275 50 öfvertygande

225 1711 76 32 sätt
340 1706 148 36 bemött
525 1706 116 37 redan
681 1707 11 35 i
734 1707 65 36 det
839 1707 240 36 betänkande
1120 1704 76 49 (n:o
1236 1705 73 49 49),
1350 1722 82 23 som
1474 1709 256 49 lagutskottet
1757 1710 63 37 vid

227 1758 195 35 1853—54
462 1759 58 34 års
552 1756 159 49 riksdag
738 1756 108 49 afgaf
867 1757 13 36 i
907 1757 211 49 anledning
1148 1758 41 36 af
1213 1757 47 37 då
1286 1759 263 49 föreliggande
1578 1760 130 49 kongl.
1737 1774 84 35 pro-

223 1807 167 49 position
418 1806 87 37 med
525 1807 144 48 förslag
688 1807 56 36 till
765 1807 225 48 förordning
1009 1808 200 48 angående
1229 1808 306 38 handelsböcker
1554 1811 71 36 och
1643 1811 176 37 handels-

223 1857 216 48 räkningar.
493 1857 16 36 I
552 1858 102 36 detta
696 1858 481 49 lagutskottsbetänkande
1220 1859 257 49 meddelades,
1506 1866 54 32 att
1587 1862 47 36 de
1662 1862 156 47 åsigter,

224 1922 82 22 som
348 1908 104 48 legat
479 1908 56 36 till
563 1908 123 49 grund
715 1909 60 37 för
803 1909 208 48 förslagets
1040 1909 290 39 bestämmelser
1357 1924 61 24 om
1446 1911 129 37 hvilka
1603 1912 141 37 böcker
1772 1926 46 23 en

224 1958 199 38 affärsman
464 1959 11 35 i
517 1959 64 37 det
620 1959 210 37 allmännas
858 1960 72 36 och
959 1959 66 37 sitt
1053 1966 88 42 eget
1168 1960 162 38 intresse
1359 1961 117 39 borde
1505 1962 99 37 hålla
1631 1968 100 32 samt
1758 1976 59 24 om

224 2014 116 31 sättet
371 2010 96 35 huru
501 2009 59 46 de,
587 2009 58 37 för
674 2015 54 31 att
757 2023 71 34 ega
856 2010 158 46 vitsord,
1042 2010 118 37 borde
1190 2011 114 46 föras,
1333 2011 124 37 blifvit
1484 2012 41 37 af
1548 2013 138 48 högsta
1714 2013 104 37 dom-

224 2059 122 36 stolen
384 2060 156 47 gillade,
573 2073 85 23 men
687 2065 55 31 att
769 2060 120 36 under
917 2060 346 49 öfverläggningen
1291 2062 102 36 inom
1420 2063 186 36 utskottet
1633 2063 186 48 förslaget

223 2109 98 36 varit
346 2110 11 35 i
387 2110 125 37 denna
539 2109 61 36 del
627 2110 159 37 föremål
815 2110 56 36 för
899 2111 262 47 anmärkning.

357 2182 62 30 Det
452 2182 55 32 har
540 2182 163 41 nemligen
739 2200 40 6 —
811 2183 127 41 yttrade
963 2182 212 42 lagutskottet
1198 2202 40 4 —
1262 2184 108 32 blifvit
1393 2185 155 38 anmärkt,
1572 2185 69 32 dels
1665 2191 45 26 att
1733 2185 83 32 hvad

224 2235 50 19 om
310 2223 127 42 dagbok
472 2230 32 25 är
527 2224 91 41 sagdt
641 2224 106 31 skulle
772 2224 53 31 vid
849 2224 286 42 verkställigheten
1160 2231 85 26 möta
1268 2227 207 41 svårigheter,
1500 2227 67 31 dels
1592 2227 59 31 ock
1675 2233 46 26 att
1743 2228 72 31 icke

224 2265 166 42 dagboken
426 2270 75 27 utan
536 2278 37 19 en
602 2277 23 20 sg
656 2266 29 31 k.
709 2266 191 31 hufvudbok
927 2266 78 31 eller
1029 2267 57 30 ock
1113 2268 158 31 kassabok
1296 2268 98 31 borde
1419 2279 74 20 vara
1517 2269 60 31 den
1601 2269 213 40 handelsbok,

1841 1047 180 34 Bokförings-

1874 1079 115 37 tvånget.

1857 1503 150 34 Bokförin-

1873 1547 66 24 gens
1959 1538 36 26 be-

1848 1571 162 36 skaffenhet.
