2218 2650
710 213 242 36 Statsutskottets
973 215 171 35 Memorial
1165 216 65 35 N:o
1250 218 53 31 48.
1763 215 47 36 15

957 319 20 40 8
1001 320 51 30 52.

331 400 223 43 Fullmäktige
588 404 59 30 äro
683 401 189 34 förbundne
908 405 50 30 att
986 402 55 33 vid
1067 401 330 43 Riksgäldskontorets
1411 400 205 43 förvaltning
1643 401 100 33 ställa
1762 402 50 41 sig

200 450 50 32 till
284 451 224 34 efterrättelse
541 453 29 41 ej
598 453 128 33 mindre
753 454 97 32 rikets
873 454 198 42 grundlagar
1094 457 42 29 än
1160 453 95 33 äfven
1280 453 93 33 detta
1393 452 179 43 reglemente
1595 455 86 30 samt
1704 452 108 41 öfriga

199 502 140 33 rörande
362 502 338 42 Riksgäldskontoret
721 505 156 41 gällande
901 504 225 41 föreskrifter;
1150 504 151 33 börande
1321 503 219 41 Fullmäktige
1561 503 94 33 doldt
1668 503 63 33 och
1745 503 65 33 för-

198 553 119 42 tegadt
339 553 100 41 hålla,
463 554 88 34 hvad
574 555 55 33 vid
652 555 184 34 Kontorets
858 556 204 41 förvaltning
1084 555 184 40 förefaller,
1291 566 72 23 som
1385 558 68 40 tyst
1473 565 78 23 vara
1578 554 73 33 bör.

953 675 21 41 8
997 676 52 32 53.

330 758 71 33 Blir
434 757 203 43 Fullmäktig
658 758 151 34 ledamot
841 758 37 34 af
907 758 195 34 Statsrådet
1128 758 85 34 eller
1238 757 150 34 kommer
1408 757 12 33 i
1443 757 66 34 den
1530 757 210 43 författning,
1763 760 50 31 att

197 808 77 40 han,
292 808 132 43 jemlikt
446 811 104 40 något
576 810 36 33 af
631 821 98 22 mom.
755 821 30 29 a,
808 809 33 41 b,
870 821 28 29 c,
922 809 20 33 d
965 810 60 33 och
1051 821 17 22 e
1092 810 49 33 uti
1163 812 40 31 26
1229 809 17 42 $&
1272 809 367 41 Riksdagsordningen,
1660 809 74 33 icke
1756 811 56 31 må

198 863 111 30 såsom
331 861 230 41 riksdagsman
595 861 206 41 godkännas,
834 861 85 33 skall
945 861 68 34 han
1036 864 121 39 genast
1173 859 181 44 frånträda
1367 859 446 44 fullmäktigs-befattningen,

199 911 63 33 och
286 911 179 43 suppleant
486 912 135 33 inträda
643 913 11 31 i
676 912 86 33 hans
787 912 109 33 ställe.

955 999 21 39 8
998 999 51 30 54.

330 1081 114 34 Jemte
474 1084 175 41 noggrant
668 1080 226 45 iakttagande
916 1080 38 34 af
977 1080 90 35 hvad
1088 1080 13 34 i
1123 1080 158 35 afseende
1302 1079 46 47 på
1368 1080 259 45 förvaltningen
1649 1080 40 35 af
1711 1080 100 35 Riks-

196 1131 266 44 gäldskontoret
488 1133 62 34 och
584 1132 53 34 dit
672 1133 169 43 anslagna
862 1131 108 35 medel
993 1134 39 32 är
1054 1131 175 44 stadgadt,
1263 1133 118 43 åligger
1415 1133 205 44 Fullmäktige
1654 1134 55 32 att
1741 1143 68 23 om-

198 1184 185 42 sorgsfullt
404 1183 108 34 vårda
535 1183 62 35 och
618 1183 167 45 befrämja
807 1183 97 35 detta
925 1183 102 34 verks
1050 1185 84 38 rätt,
1159 1183 162 34 säkerhet
1343 1183 60 34 och
1426 1183 130 34 förmån
1579 1185 89 32 samt
1690 1183 55 34 för
1763 1184 48 33 öf-

197 1234 74 43 rigt
292 1234 143 44 vidtaga
457 1235 71 33 alla
549 1234 45 45 på
615 1234 239 44 Fullmäktige
877 1234 243 34 ankommande
1144 1233 164 44 åtgärder
1328 1234 13 32 i
1360 1233 61 35 och
1432 1234 55 34 för
1497 1234 311 44 verkställigheten

197 1285 38 33 af
252 1285 41 34 de
307 1286 13 33 i
334 1285 123 34 sådant
472 1285 157 34 afseende
644 1285 194 34 meddelade
852 1285 115 34 beslut
979 1288 88 30 samt
1089 1285 237 43 Fullmäktige
1347 1284 97 44 gifna
1462 1284 171 45 uppdrag;
1659 1285 150 34 börande

196 1336 238 44 Fullmäktige
466 1336 131 34 således
621 1336 28 44 ej
675 1336 140 40 mindre,
846 1348 53 21 om
922 1335 185 43 anledning
1129 1335 118 34 dertill
1269 1336 123 43 gifves,
1417 1336 84 33 söka
1522 1336 202 44 förebygga,
1755 1339 55 31 att

196 1387 75 34 med
294 1387 147 34 statslån
468 1387 207 34 understödt
700 1387 285 45 jernvägsbolags
1011 1386 199 41 inkomster,
1234 1386 75 34 med
1331 1385 257 35 åsidosättande
1603 1387 38 33 af
1651 1387 157 43 bolagets

197 1437 201 45 skyldighet
421 1440 55 32 att
492 1438 143 43 erlägga
663 1438 230 34 föreskrifven
915 1437 219 44 inbetalning
1155 1438 58 33 till
1242 1437 363 44 Riksgäldskontoret,
1632 1437 176 35 användas

196 1489 58 33 till
268 1488 218 35 bestridande
498 1489 38 34 af
545 1489 109 34 andra
675 1490 147 43 utgifter
845 1491 44 32 än
913 1488 135 41 sådana,
1075 1500 70 22 som
1169 1491 59 31 äro
1251 1488 218 44 nödvändiga
1490 1489 55 34 för
1560 1488 249 46 jernvägsdrif-

196 1541 77 32 tens
296 1539 260 46 uppehållande,
582 1542 44 32 än
650 1541 113 40 äfven,
787 1540 114 35 derest
919 1539 337 45 tvångsförsäljning
1270 1540 79 33 sker
1363 1540 39 33 af
1409 1540 289 44 jernvägsbolags
1710 1552 97 32 egen-

197 1590 85 41 dom,
320 1591 53 34 uti
399 1591 141 34 hvilken
562 1591 354 44 Riksgäldskontoret
938 1591 64 33 har
1022 1591 202 43 inteckning
1251 1591 58 33 till
1332 1591 162 33 säkerhet
1515 1591 55 34 för
1592 1591 152 40 fordran,
1770 1590 39 35 så

196 1642 142 41 förfara,
362 1645 55 31 att
439 1642 99 45 dylik
560 1643 209 44 försäljning
791 1642 29 45 ej
844 1643 52 33 må
918 1642 61 34 ske
1000 1642 60 33 till
1083 1642 98 44 lägre
1202 1641 84 46 pris,
1308 1644 43 32 än
1365 1644 55 33 att
1436 1641 372 45 Riksgäldskontorets

196 1692 142 35 fordran
360 1694 40 33 af
418 1693 281 45 köpeskillingen
721 1693 124 36 varder
866 1692 149 36 betäckt.

958 1797 20 40 8
1000 1797 50 31 55.

329 1878 236 45 Fullmäktige
601 1882 78 32 utse
713 1879 92 34 inom
828 1878 63 45 sig,
915 1879 43 44 på
981 1881 74 32 sätt
1078 1878 86 35 sista
1185 1878 155 46 punkten
1363 1878 40 35 af
1420 1882 21 39 8
1462 1880 41 32 64
1525 1877 205 42 innehåller,
1755 1883 52 31 två

196 1930 206 42 Deputerade,
437 1931 119 34 hvilka
583 1930 57 35 det
664 1930 134 45 åligger
821 1934 53 30 att
897 1930 189 44 ombesörja
1121 1929 206 36 lånemedels
1359 1929 219 45 indragning,
1613 1929 194 35 verkställa

195 1981 42 34 de
258 1982 54 33 för
334 1981 371 44 Riksgäldskontorets
738 1981 149 43 räkning
922 1981 225 43 erforderliga
1173 1981 189 34 utländska
1388 1980 155 46 liqvider,
1569 1981 152 34 anordna
1743 1993 63 22 me-

196 2032 56 34 del
284 2032 57 33 till
376 2032 94 34 vissa
504 2032 38 34 af
567 2033 236 42 Fullmäktige
836 2032 178 33 beslutade
1048 2032 84 33 eller
1163 2032 100 44 eljest
1285 2032 227 42 ovilkorligen
1542 2032 175 33 bestämda
1756 2035 50 30 ut-

197 2083 217 43 betalningar
435 2083 75 33 med
533 2094 100 29 mera,
659 2083 67 33 allt
748 2083 12 33 i
782 2082 354 35 öfverensstämmelse
1148 2082 75 33 med
1236 2082 40 33 de
1289 2082 114 34 beslut
1418 2082 60 34 och
1490 2082 230 40 föreskrifter,
1735 2094 70 21 som

195 2133 233 42 Fullmäktige
451 2133 166 40 meddela;
654 2134 127 42 egande
803 2132 218 44 Deputerade
1044 2136 54 30 att
1125 2133 52 43 sig
1200 2133 145 33 emellan
1374 2139 155 27 närmare
1552 2132 133 34 fördela
1707 2132 99 34 dessa

195 2184 74 33 dem
291 2187 209 39 gemensamt
522 2184 208 33 tillhörande
752 2182 162 45 göromål.
961 2183 68 33 Vid
1050 2184 120 43 hvarje
1196 2183 265 34 sammankomst
1485 2184 85 33 böra
1587 2183 218 44 Deputerade

195 2235 165 43 redogöra
382 2234 54 34 för
458 2234 77 34 sina
557 2234 163 44 åtgärder
738 2234 108 35 under
871 2233 65 35 den
970 2234 90 34 efter
1092 2234 254 45 Fullmäktiges
1378 2236 81 32 näst
1491 2233 207 45 föregående
1720 2245 83 23 sam-

197 2286 190 35 mankomst
407 2285 165 35 förflutna
593 2285 60 33 tid.
