1908 2804
264 142 44 45 34
713 152 264 28 Stalsutskottets
999 153 167 28 utlåtande
1188 162 39 19 nr
1252 155 47 28 63.

264 222 161 41 skjutmål
464 222 126 42 (10000
624 224 137 42 kronor)
802 227 87 29 samt
922 225 122 32 bostad
1080 226 54 32 för
1157 227 339 43 militärmeteorolog
1520 240 39 20 av
1586 231 25 29 1.
1638 230 128 41 graden

269 275 51 41 (35
333 275 61 31 000
416 275 151 42 kronor).

314 328 52 31 De
394 339 41 20 av
462 328 325 42 flygförvaltningen
814 329 187 41 framlagda
1027 328 172 43 förslagen
1227 331 62 31 har
1314 332 376 42 departementschefen
1717 346 47 19 nu

263 378 114 31 funnit
403 378 53 41 sig
481 378 128 31 beredd
636 378 172 42 tillstyrka
835 379 121 32 endast
983 380 103 31 såvitt
1112 382 104 39 angår
1242 381 299 42 målanordningar
1567 385 89 29 samt
1682 394 82 30 upp-

263 427 141 32 förande
431 439 41 20 av
500 428 253 41 tjänstebostad
779 429 53 31 för
860 428 345 44 militärmeteorolog,
1235 431 62 31 och
1325 431 230 32 kostnaderna
1580 432 55 31 för
1663 433 100 31 dessa

262 477 139 32 arbeten
421 478 86 31 hava
528 489 39 20 av
588 478 375 41 departementschefen
983 479 180 32 beräknats
1185 480 54 32 till
1259 481 38 31 47
1312 481 61 31 500
1394 481 134 38 kronor,
1549 493 101 20 varav
1670 483 19 30 2
1702 484 64 31 500

262 525 125 33 kronor
403 527 180 32 beräknats
601 529 55 31 för
673 528 303 32 administrations-
994 540 40 20 m.
1053 530 36 30 fl.
1108 529 193 33 kostnader.

313 627 138 33 Skånska
484 630 223 41 flygflottiljen,
740 628 151 40 Bråvalla,
925 632 152 37 Hallands,
1114 632 150 40 Upplands
1296 634 54 30 och
1374 634 142 40 Blekinge
1540 635 222 41 flygflottiljer.

262 679 67 31 För
355 679 155 32 Skånska
534 680 241 41 flygflottiljen
800 682 86 29 samt
912 680 54 31 för
990 681 167 38 Bråvalla,
1185 681 180 39 Hallands,
1392 682 181 42 Upplands
1600 683 63 31 och
1688 683 75 32 Ble-

261 730 100 42 kinge
385 731 233 42 flygflottiljer
641 731 62 32 har
724 733 326 41 flygförvaltningen
1073 733 54 31 för
1149 735 98 29 nästa
1270 733 168 42 budgetår
1461 734 178 42 föreslagit
1661 735 102 42 bygg-

262 782 226 32 nadsarbeten
508 794 41 20 m.
571 794 41 21 m.
634 783 55 31 till
709 794 42 21 en
769 783 172 33 beräknad
962 785 231 41 sammanlagd
1213 785 147 31 kostnad
1380 796 40 21 av
1441 786 19 30 2
1473 786 60 31 018
1546 786 61 31 000
1626 786 138 38 kronor,

262 845 100 21 varav
380 834 53 32 för
451 846 58 20 var
527 835 62 31 och
608 846 42 20 en
669 846 41 20 av
728 835 203 42 flottiljerna
949 838 49 29 ett
1014 836 126 42 belopp
1158 847 41 20 av
1219 837 39 31 10
1270 837 62 31 000
1350 837 125 32 kronor
1493 838 150 31 förutom
1661 839 102 31 admi-

261 886 388 32 nistrationskostnader
665 887 54 31 för
734 887 228 42 anordningar
978 887 54 32 för
1048 887 178 43 skjutning
1242 891 71 29 mot
1329 889 126 41 rörliga
1471 889 66 32 mål
1554 892 43 39 på
1614 890 147 31 marken.

261 937 145 33 Motivet
430 938 116 31 härför
569 938 61 31 har
655 938 134 32 berörts
814 939 12 31 i
850 941 103 29 annat
978 939 250 42 sammanhang.
1265 940 223 31 Beträffande
1514 941 248 42 motiveringen

260 990 54 32 till
333 991 344 42 flygförvaltningens
698 992 115 41 övriga
832 992 172 31 äskanden
1022 992 98 32 torde
1140 993 36 31 få
1193 993 160 31 hänvisas
1372 993 55 31 till
1445 993 257 42 handlingarna.

311 1041 386 40 Departementschefen
719 1042 62 31 har
802 1041 165 42 tillstyrkt
988 1042 123 41 jämväl
1134 1042 59 32 vid
1215 1054 46 19 nu
1283 1043 148 31 nämnda
1453 1043 235 42 flygflottiljer
1709 1056 54 20 an-

261 1090 174 32 ordnande
458 1102 41 20 av
521 1091 126 41 rörliga
670 1091 162 41 skjutmål
855 1092 63 31 och
940 1092 62 31 har
1023 1093 54 30 för
1100 1092 193 32 ändamålet
1315 1093 55 31 för
1392 1095 99 29 nästa
1512 1093 168 42 budgetår
1702 1106 63 30 per

260 1140 118 41 flottilj
405 1141 163 32 beräknat
593 1144 49 29 ett
666 1141 128 42 belopp
819 1152 39 21 av
885 1142 111 31 10500
1021 1142 133 38 kronor,
1182 1142 169 32 inklusive
1377 1143 385 33 administrationskost-

259 1190 105 32 nader
386 1202 41 20 m.
453 1202 41 20 m.
529 1191 359 42 Flygförvaltningens
913 1191 115 42 övriga
1050 1192 146 31 berörda
1219 1192 172 32 äskanden
1414 1193 61 31 har
1498 1193 266 41 departements-

260 1240 120 33 chefen
396 1241 115 31 funnit
526 1241 52 41 sig
593 1242 55 30 för
661 1241 208 32 närvarande
885 1241 73 32 icke
973 1242 114 31 kunna
1100 1241 144 32 biträda.

308 1334 288 41 Flygkadettskolan
618 1334 120 41 (Gamla
762 1334 155 43 Uppsala).
963 1335 61 32 Ett
1046 1347 39 20 av
1108 1335 322 43 flygförvaltningen
1453 1337 158 41 framlagt
1633 1337 132 42 förslag

261 1395 53 20 om
330 1386 49 30 att
395 1385 78 31 med
489 1385 173 31 anlitande
679 1396 41 20 av
736 1384 194 42 uppkomna
945 1384 222 43 besparingar
1183 1387 20 29 å
1218 1385 53 31 för
1287 1385 182 42 Upplands
1485 1386 194 42 flygflottilj
1698 1387 63 31 och

260 1434 310 42 flygkadettskolan
589 1435 193 31 beräknade
803 1446 247 30 gemensamma
1069 1435 119 42 anslag
1207 1437 103 30 måtte
1331 1435 35 31 få
1385 1436 163 41 uppföras
1568 1437 57 30 två
1644 1436 119 41 flygel-

258 1482 197 43 byggnader
474 1485 55 30 till
549 1484 215 33 kanslihuset
783 1485 60 31 har
865 1485 374 41 departementschefen
1260 1485 114 32 funnit
1395 1486 54 41 sig
1468 1485 72 32 icke
1561 1485 114 32 kunna
1696 1486 65 31 till-

259 1533 123 41 styrka,
405 1534 43 31 då
469 1534 145 35 behovet
635 1545 41 21 av
699 1535 41 31 de
762 1535 193 41 föreslagna
976 1534 287 42 nybyggnaderna
1284 1535 73 31 icke
1379 1537 130 29 ansetts
1531 1535 232 32 tillfredsstäl-

259 1583 99 32 lande
383 1584 111 41 styrkt
517 1595 121 30 genom
662 1584 59 33 det
743 1584 187 42 framlagda
953 1585 170 41 förslaget.

306 1676 204 32 Norrbottens
534 1675 179 43 flygbaskår
734 1677 145 43 (Kallax).
924 1678 329 41 Flygförvaltningen
1275 1678 62 31 har
1358 1678 54 31 för
1434 1678 232 31 Norrbottens
1682 1677 81 41 flyg-

259 1725 122 32 baskår
401 1726 54 31 för
475 1728 98 30 nästa
591 1726 168 42 budgetår
780 1726 156 42 upptagit
958 1727 58 30 115
1029 1727 61 31 000
1110 1726 126 31 kronor
1256 1726 53 31 för
1328 1725 325 42 skyddsplantering
1672 1726 89 30 samt

260 1778 40 31 65
312 1778 61 31 000
398 1778 126 32 kronor
549 1779 54 32 för
628 1779 93 32 vissa
747 1780 435 42 skjutbaneanläggningar,
1209 1780 172 42 nämligen
1407 1779 178 42 skjutgård
1612 1778 77 32 med
1716 1778 47 31 in-

258 1830 286 41 skjutningsbana
562 1832 55 30 för
635 1831 373 42 flygplanskulsprutor
1027 1834 87 29 samt
1133 1831 265 41 komplettering
1417 1841 40 20 av
1478 1829 161 42 befintlig
1658 1828 103 32 hand-

259 1880 294 42 vapenskjutbana
575 1881 78 32 med
676 1882 228 41 anordningar
926 1882 54 31 för
1002 1882 125 41 rörliga
1150 1882 171 41 skjutmål.

310 1932 19 31 I
351 1932 146 32 särskild
521 1933 164 32 skrivelse
708 1934 66 31 den
795 1935 19 30 4
837 1933 177 32 december
1036 1934 80 31 1944
1137 1934 62 31 har
1221 1933 326 42 flygförvaltningen
1570 1933 192 32 sedermera

260 1984 126 32 anmält
414 1986 59 36 att,
503 1985 105 31 sedan
636 1985 181 42 riksdagen
850 1985 176 42 (skrivelse
1056 1985 159 42 1941:57)
1250 1987 19 30 å
1296 1986 209 41 tilläggsstat
1532 1985 38 31 II
1598 1985 54 31 till
1680 1985 82 31 riks-

258 2037 111 30 staten
386 2036 53 30 för
455 2035 202 42 budgetåret
675 2035 135 31 1940/41
828 2035 132 32 anvisat
977 2037 48 30 ett
1041 2035 349 41 reservationsanslag
1403 2045 41 20 av
1456 2034 19 31 2
1487 2034 62 31 000
1560 2034 61 31 000
1634 2034 126 32 kronor

259 2087 54 32 för
335 2087 257 34 etablissement
615 2089 55 31 för
692 2089 296 41 basorganisation
1011 2089 11 31 i
1048 2088 88 33 Övre
1158 2089 181 38 Norrland,
1363 2088 127 42 Kungl.
1515 2088 102 42 Maj:t
1639 2099 122 31 genom

258 2138 114 33 beslut
395 2140 65 31 den
483 2140 40 32 26
545 2140 194 42 september
761 2141 79 31 1941
863 2141 96 32 ställt
980 2143 49 29 ett
1049 2140 128 43 belopp
1199 2152 41 20 av
1261 2141 39 31 63
1313 2141 61 31 600
1395 2140 126 33 kronor
1542 2140 54 32 till
1619 2140 143 32 ämbets-

259 2191 134 32 verkets
422 2192 202 41 förfogande
653 2192 55 31 för
735 2192 218 32 anordnande
982 2192 57 32 vid
1066 2192 230 32 Norrbottens
1325 2192 197 42 flygbaskår
1549 2203 41 21 av
1619 2192 143 42 inskjut-

256 2242 191 42 ningsbana
469 2244 63 31 och
554 2243 179 42 skjutgård
755 2245 54 30 för
830 2243 380 42 flygplanskulsprutor.
1244 2243 19 31 I
1285 2243 165 32 skrivelse
1472 2243 54 31 till
1550 2242 210 42 flygförvalt-

259 2291 125 42 ningen
410 2293 66 31 den
500 2294 40 30 22
564 2294 194 41 september
783 2294 78 31 1941
886 2294 88 31 hade
999 2294 190 32 emellertid
1214 2294 120 32 chefen
1359 2294 54 31 för
1438 2294 194 41 flygstaben
1656 2293 105 32 bland

259 2346 102 29 annat
383 2345 136 37 anmält,
541 2347 50 30 att
612 2345 59 32 vid
692 2344 229 34 Norrbottens
944 2345 196 42 flygbaskår
1160 2345 112 32 behov
1294 2357 40 20 av
1357 2345 183 42 skjutbana
1562 2347 54 30 för
1638 2344 123 33 utbild-

258 2395 82 42 ning
364 2397 77 31 med
466 2397 260 42 eldhandvapen
751 2397 158 41 förelåge,
934 2398 114 31 varför
1071 2408 42 21 en
1138 2397 211 42 provisorisk
1373 2397 389 42 handvapenskjutbana

259 2449 133 30 snarast
411 2447 109 33 borde
540 2449 179 31 anordnas.
752 2449 53 31 Då
826 2448 57 32 det
904 2449 87 31 varit
1012 2448 132 42 mycket
1165 2449 178 42 angeläget
1364 2451 50 30 att
1435 2449 264 42 iordningställa
1719 2457 41 22 en
