1904 2810
593 159 264 29 Statsutskottets
879 159 167 29 utlåtande
1069 168 39 20 nr
1136 160 48 29 63.
1612 158 40 31 39

537 337 210 36 Försvarets
777 337 494 47 bostadsanskaffningsfond.

202 428 63 42 8:o)
288 429 215 34 Anordnande
518 438 41 25 av
576 429 163 34 bostäder.
764 430 127 42 Kungl.
908 430 99 42 Maj:t
1023 430 62 32 har
1099 431 178 41 föreslagit
1293 430 182 42 riksdagen
1491 430 122 42 (punkt
1625 431 28 39 8,

148 491 27 20 s.
194 480 176 41 113—121)
391 482 50 30 att
457 480 73 32 dels
547 480 53 31 till
616 480 230 32 Anordnande
862 491 40 20 av
917 480 164 32 bostäder
1095 481 54 30 för
1163 480 202 42 budgetåret
1383 480 135 32 1945/46
1534 481 119 31 anvisa

149 532 49 30 ett
223 530 349 42 investeringsanslag
596 541 40 20 av
662 531 19 30 2
694 530 61 31 000
768 531 61 31 000
855 530 133 38 kronor,
1015 531 77 31 med
1118 533 68 29 rätt
1210 531 54 31 för
1288 531 185 31 försvarets
1498 531 154 31 bostads-

149 581 366 42 anskaffningsnämnd
531 583 58 36 att,
608 592 55 20 om
681 581 62 32 och
761 581 12 30 i
790 581 67 31 den
874 583 77 29 mån
968 581 127 42 Kungl.
1114 581 101 41 Maj:t
1231 583 39 30 så
1285 582 122 41 prövar
1424 581 227 42 erforderligt,

147 632 181 42 planlägga
342 631 366 42 bostadsanskaffning
723 632 93 31 inom
833 642 114 21 ramen
964 632 54 31 för
1034 635 51 28 ett
1099 631 126 42 belopp
1236 642 40 21 av
1286 631 196 41 ytterligare
1496 633 85 29 1000
1596 632 56 31 000

147 682 134 39 kronor,
307 683 73 31 dels
404 682 62 32 ock
487 682 207 42 bemyndiga
716 682 127 42 Kungl.
868 681 102 42 Maj:t
991 684 51 31 att
1064 682 124 41 jämväl
1212 684 54 30 för
1288 682 203 41 budgetåret
1515 682 136 32 1945/46

149 733 155 42 medgiva
324 733 205 42 försäljning
548 733 84 32 eller
651 732 192 43 upplåtelse
864 732 76 32 med
960 734 157 30 tomträtt
1136 733 63 31 och
1212 732 11 31 i
1236 732 164 31 samband
1414 732 139 32 därmed
1564 732 89 32 belå-

147 785 83 42 ning
247 797 39 20 av
305 785 41 32 de
364 784 211 42 fastigheter,
592 796 76 21 som
686 785 163 32 förvaltas
868 796 40 20 av
928 785 185 32 försvarets
1132 785 519 41 bostadsanskaffningsnämnd,

147 836 108 42 enligt
276 836 11 31 i
308 836 260 42 propositionen
592 836 92 31 1944:
700 836 59 31 175
781 836 146 41 angivna
948 836 158 41 grunder.

203 939 200 32 Sedermera
423 939 61 31 har
504 938 128 41 Kungl.
654 937 102 42 Maj:t
776 938 12 31 i
809 938 261 41 propositionen
1092 949 40 19 nr
1154 938 68 37 140,
1245 937 108 32 under
1373 937 216 42 åberopande
1610 949 41 20 av

149 990 108 41 bilagt
275 990 123 41 utdrag
415 1001 40 20 av
474 988 379 42 statsrådsprotokollet
869 990 81 30 över
968 989 301 31 försvarsärenden
1288 989 53 31 för
1359 988 65 32 den
1444 989 39 31 16
1502 988 150 33 februari

149 1041 81 31 1945
253 1060 43 4 —
320 1041 78 31 med
422 1039 145 43 ändring
592 1039 205 32 därutinnan
822 1051 42 20 av
887 1039 126 41 Kungl.
1040 1039 103 41 Maj:t
1166 1039 10 31 i
1203 1038 449 42 statsverkspropositionen

148 1092 109 31 under
281 1091 312 42 kapitalbudgeten,
619 1090 114 42 bilaga
757 1091 28 37 2,
813 1090 152 42 punkten
991 1090 18 31 8
1035 1090 120 42 gjorda
1179 1090 203 31 hemställan
1406 1108 44 4 —
1473 1090 179 41 föreslagit

149 1143 182 41 riksdagen
368 1145 49 29 att
454 1141 206 42 bemyndiga
697 1141 126 41 Kungl.
862 1140 103 42 Maj:t
990 1143 51 29 att
1066 1140 91 32 intill
1184 1142 170 40 utgången
1382 1151 41 20 av
1449 1140 204 42 budgetåret

150 1193 145 39 1945/46,
321 1194 12 30 i
358 1192 229 42 huvudsaklig
613 1191 339 32 överensstämmelse
978 1192 78 31 med
1081 1189 66 33 vad
1172 1202 40 20 av
1238 1191 375 41 departementschefen
1640 1191 12 31 i

147 1244 211 32 sistberörda
395 1242 341 43 statsrådsprotokoll
773 1242 141 37 anförts,
952 1241 157 42 medgiva
1133 1242 76 32 dels
1233 1241 205 42 försäljning
1463 1241 84 32 eller
1571 1253 81 30 upp-

148 1295 120 32 låtelse
289 1295 78 31 med
387 1296 157 31 tomträtt
565 1294 63 31 och
651 1294 12 31 i
685 1293 165 32 samband
873 1292 138 32 därmed
1032 1292 162 41 belåning
1216 1303 41 20 av
1278 1292 42 31 de
1343 1292 210 41 fastigheter,
1578 1303 74 20 som

149 1346 162 32 förvaltas
340 1357 40 20 av
408 1347 186 30 försvarets
622 1342 520 43 bostadsanskaffningsnämnd,
1172 1344 75 31 dels
1275 1344 61 31 ock
1364 1342 219 32 utlämnande
1611 1354 41 20 av

148 1396 209 42 fyllnadslån
382 1397 53 30 för
458 1395 214 42 uppförande
698 1406 40 20 av
763 1395 54 30 för
841 1394 185 31 försvarets
1050 1393 159 41 personal
1234 1392 150 32 avsedda
1406 1392 245 42 bostadsbygg-

145 1447 114 33 nader.

200 1548 52 30 Av
280 1546 450 42 statsverkspropositionen
759 1545 169 31 inhämtas
958 1545 11 31 i
997 1544 179 32 huvudsak
1204 1543 161 41 följande.

199 1598 100 31 Efter
330 1598 12 30 i
376 1597 261 42 propositionen
671 1597 147 31 1943:70
852 1596 158 41 framlagt
1045 1595 128 42 förslag
1194 1595 114 32 beslöt
1332 1595 80 31 1943
1435 1596 55 30 års
1513 1594 139 42 riksdag

151 1649 179 40 (skrivelse
347 1660 44 19 nr
413 1648 86 41 129),
522 1650 50 29 att
594 1646 42 34 de
658 1648 77 31 med
755 1647 367 41 bostadsanskaffning
1144 1647 54 31 för
1220 1646 158 42 personal
1401 1646 59 31 vid
1483 1646 170 31 försvaret

146 1699 330 42 sammanhängande
504 1699 160 41 frågorna
690 1700 160 29 ävensom
878 1697 252 41 förvaltningen
1159 1708 40 20 av
1226 1697 41 31 de
1294 1696 356 42 bostadsfastigheter,

148 1761 72 22 som
243 1750 164 42 uppföras
431 1760 121 31 genom
575 1751 132 30 statens
732 1749 135 40 försorg
891 1748 97 32 skola
1010 1748 198 31 handhavas
1233 1759 40 20 av
1299 1749 48 30 ett
1372 1747 138 32 särskilt
1536 1757 115 31 organ,

147 1802 185 31 försvarets
357 1799 521 42 bostadsanskaffningsnämnd.

200 1852 229 41 Riktlinjerna
450 1852 53 30 för
522 1851 190 31 nämndens
732 1850 116 31 arbete
870 1850 113 31 finnas
1005 1850 146 41 angivna
1170 1849 11 31 i
1203 1860 42 21 en
1266 1860 40 20 av
1326 1848 126 42 Kungl.
1475 1848 102 42 Maj:t
1598 1848 55 32 för

147 1903 168 31 nämnden
335 1902 68 31 den
420 1902 17 30 7
457 1902 65 40 maj
545 1901 81 31 1943
650 1900 53 41 (nr
720 1900 73 40 230)
818 1900 174 31 fastställd
1011 1900 218 31 instruktion.

200 1953 68 31 För
286 1952 213 42 uppförande
520 1963 40 20 av
579 1951 162 31 bostäder
760 1951 12 30 i
792 1950 188 32 nämndens
1000 1950 72 41 regi
1091 1950 62 31 har
1172 1949 125 32 hittills
1318 1949 145 42 tillhopa
1483 1949 19 32 5
1515 1949 63 32 660
1590 1949 62 31 500

147 2004 124 31 kronor
289 2003 113 31 ställts
421 2002 54 31 till
495 2001 212 42 förfogande.
739 2001 18 31 I
777 2001 96 41 fråga
892 2012 53 19 om
966 2002 104 30 sättet
1090 2001 53 30 för
1162 2000 247 32 kostnadernas
1429 1999 224 32 bestridande

145 2055 62 31 har
224 2065 41 20 en
283 2056 152 29 närmare
453 2052 217 42 redogörelse
689 2052 144 32 lämnats
853 2051 53 32 till
925 2051 386 42 statsrådsprotokollet,
1331 2051 62 31 och
1413 2051 52 31 får
1484 2050 169 32 utskottet

146 2105 61 31 här
229 2104 142 31 hänvisa
394 2104 54 30 till
472 2103 120 31 denna.

199 2155 18 31 I
250 2154 164 32 skrivelse
447 2154 65 31 den
534 2154 20 31 5
576 2153 193 42 september
792 2153 81 31 1944
894 2153 62 31 har
980 2150 552 40 bostadsanskaffningsnämnden
1555 2151 97 31 fram-

147 2204 69 41 lagt
239 2204 75 31 sina
336 2204 305 31 medelsäskanden
665 2204 53 30 för
739 2203 204 41 budgetåret
967 2203 137 31 1945/46
1128 2203 63 31 och
1215 2202 119 32 därvid
1357 2202 163 41 åberopat
1545 2213 41 20 en
1611 2212 40 20 av

146 2255 169 31 nämnden
350 2254 65 31 den
449 2255 40 30 30
523 2254 75 41 juni
623 2254 80 31 1943
727 2253 218 32 överlämnad
971 2253 216 41 redogörelse
1213 2253 53 31 för
1289 2252 65 31 den
1378 2252 195 31 beräknade
1598 2251 54 32 ök-

146 2305 126 41 ningen
292 2316 40 20 av
352 2305 185 31 försvarets
558 2304 255 31 bostadsbehov
834 2303 108 32 under
962 2305 81 29 åren
1065 2302 144 32 1944/47.
1243 2303 18 30 I
1282 2302 198 41 anslutning
1500 2302 54 31 till
1576 2301 76 32 sist-

147 2355 146 33 nämnda
315 2354 163 33 skrivelse
500 2354 63 31 har
585 2354 169 31 nämnden
777 2354 165 31 beräknat
964 2353 321 41 byggnadsarbeten
1308 2352 12 31 i
1343 2352 200 41 Karlsborg,
1568 2352 84 31 Vax-

147 2406 228 37 holm-Rindö,
398 2405 180 31 Fårösund
602 2404 63 31 och
689 2404 144 31 Såtenäs
858 2404 53 31 för
933 2415 41 20 en
998 2403 231 41 sammanlagd
1252 2402 146 32 kostnad
1422 2413 39 20 av
1486 2404 15 30 1
1516 2403 62 31 489
1590 2403 62 31 000

147 2458 133 31 kronor.
318 2456 176 40 Därjämte
519 2455 88 31 hade
633 2454 255 32 bostadsbehov
914 2454 145 32 anmälts
1087 2465 39 20 av
1153 2453 236 41 vederbörliga
1415 2453 239 41 myndigheter
