1902 2812
570 164 265 29 Statsutskottets
857 163 167 29 utlåtande
1047 171 39 20 nr
1112 162 48 29 63.
1604 156 19 31 9

1509 234 116 24 Kronor

120 282 231 42 Omläggning
373 293 39 20 av
435 281 241 42 avloppsnätet
698 280 12 31 i
733 279 191 41 Karlsborg
959 303 469 7 —«.sssssssrssesrersrererrerer
1491 276 57 31 181
1562 275 63 31 000

120 333 303 41 Matinrättningar
441 353 988 11 s.ssssseessrsresesrserererrrrrerere
1043 327 46 51 ere
1097 327 43 51 rer
1151 327 30 51 rr
1187 327 7 51 r
1202 327 27 51 tr
1244 327 33 51 rr
1298 327 68 51 rett
1371 327 62 51 ent
1491 326 60 31 165
1562 325 64 32 000

120 384 103 32 Vissa
246 382 346 43 sjukhusbyggnader
614 393 43 20 m.
682 393 42 20 m.
748 382 12 31 i
783 381 158 41 Uppsala
958 404 471 7 ..ssssssssessrererersrerr
1390 377 43 52 rna
1489 377 59 31 226
1569 372 60 50 000

118 435 196 32 Elektriska
336 434 254 32 installationer
615 455 815 9 =.ssssssosesrseseresrsrererereerr
1182 428 45 50 rer
1235 428 26 50 sr
1273 428 57 50 rese
1339 428 25 50 rr
1370 428 63 50 read
1490 428 62 31 235
1563 427 64 31 000

1297 488 141 32 Summa
1460 488 19 31 2
1491 487 59 31 201
1564 487 64 31 000

174 578 157 43 Angivna
353 576 364 44 byggnadskostnader
738 575 145 32 hänföra
906 575 53 42 sig
982 574 54 32 till
1060 573 165 43 prisläget
1249 573 65 32 den
1339 573 17 30 1
1381 572 63 42 juli
1470 572 91 31 1941.

174 630 124 32 Oaktat
331 628 42 32 de
406 639 46 20 nu
474 627 158 33 anmälda
652 625 287 33 medelsbehoven
961 624 74 32 icke
1057 622 277 33 tillnärmelsevis
1356 623 114 40 uppgå
1491 621 54 31 till
1568 621 57 31 det

122 682 250 42 inledningsvis
408 683 53 30 för
496 680 222 33 förevarande
754 680 120 41 anslag
908 679 146 41 angivna
1078 678 173 41 beloppet,
1277 677 40 31 24
1330 677 135 31 000000
1490 676 135 37 kronor,

119 734 64 33 bör
207 734 107 41 enligt
338 732 384 43 departementschefen,
748 732 12 31 i
785 731 340 32 överensstämmelse
1151 730 76 32 med
1252 729 172 41 anslagets
1449 727 178 33 konstruk-

121 786 82 38 tion,
224 786 154 41 anslaget
398 787 168 40 upptagas
587 784 54 31 till
662 783 214 32 sistnämnda
893 781 128 43 belopp
1043 782 77 31 med
1142 783 67 30 rätt
1231 781 54 31 för
1304 780 126 41 Kungl.
1454 779 102 42 Maj:t
1578 780 49 31 att

121 837 108 42 enligt
251 836 146 42 tidigare
419 834 172 33 meddelat
613 833 275 43 bemyndigande
909 833 157 41 medgiva
1090 832 172 41 anslagets
1286 830 275 33 överskridande.

173 931 53 32 De
263 929 296 43 anslagstekniska
595 928 172 43 principer
801 927 216 32 beträffande
1055 925 313 42 medelsanvisning
1405 925 54 32 för
1496 935 132 32 genom-

122 982 143 32 förande
305 993 41 20 av
386 981 186 32 försvarets
613 978 320 44 byggnadsarbeten
975 978 109 31 under
1114 977 300 42 femårsperioden,
1445 986 74 21 som
1550 975 79 32 fast-

120 1033 144 32 ställdes
285 1044 41 20 av
347 1032 80 32 1943
448 1034 55 29 års
525 1031 146 41 riksdag,
693 1030 166 32 innebära
878 1030 11 31 i
910 1029 180 32 huvudsak
1113 1028 162 41 följande.
1308 1028 68 31 För
1397 1029 74 29 vart
1494 1026 63 32 och
1580 1028 49 30 ett

121 1095 42 21 av
183 1083 212 42 budgetåren
417 1082 207 32 1943—1947
648 1091 97 22 avses
768 1081 55 31 för
845 1091 103 21 envar
969 1091 41 21 av
1033 1080 318 40 försvarsgrenarna
1374 1078 96 31 skola
1493 1077 135 32 anvisas

123 1137 49 29 ett
204 1133 358 42 investeringsanslag,
597 1144 72 20 som
703 1132 54 31 till
790 1131 163 42 beloppet
975 1133 190 29 motsvarar
1187 1130 143 41 ungefär
1352 1128 214 43 fjärdedelen
1589 1139 41 20 av

123 1185 58 32 det
204 1185 136 42 belopp,
365 1195 73 21 som
462 1184 54 31 för
540 1184 101 32 dessa
664 1183 74 41 fyra
763 1185 37 29 år
823 1184 128 30 återstå
974 1184 51 29 att
1049 1181 119 32 anvisa
1191 1181 92 31 inom
1309 1191 114 20 ramen
1448 1180 54 31 för
1527 1179 65 32 vad
1618 1179 11 31 i

125 1237 80 31 1942
221 1238 54 30 års
292 1235 266 33 försvarsbeslut
573 1234 182 33 beräknats
773 1234 53 31 för
843 1234 298 40 försvarsgrenens
1158 1231 330 43 byggnadsarbeten.
1518 1230 112 32 Dessa

125 1288 119 40 anslag
267 1306 43 4 —
334 1286 201 41 kvotanslag
559 1304 43 4 —
627 1295 73 21 som
726 1284 12 31 i
764 1284 93 41 regel
883 1283 35 31 få
943 1286 95 38 tagas
1065 1282 13 31 i
1104 1281 146 42 anspråk
1276 1281 121 31 endast
1422 1280 54 32 för
1502 1280 128 31 sådana

123 1338 328 42 byggnadsarbeten,
469 1348 74 21 som
559 1348 41 20 av
615 1336 183 42 riksdagen
815 1335 178 42 godkänts,
1012 1336 54 30 må
1083 1333 215 33 överskridas
1318 1333 73 32 dels
1409 1332 77 32 med
1502 1332 128 42 belopp

124 1400 73 21 som
216 1389 92 31 inom
328 1387 320 33 försvarsbeslutets
667 1386 238 32 kostnadsram
925 1387 129 30 återstå
1073 1387 50 29 att
1143 1384 126 38 anvisa,
1291 1384 73 31 dels
1386 1383 70 38 ock,
1479 1383 43 31 då
1541 1383 89 31 kost-

122 1440 203 31 nadsramen
347 1439 182 31 beräknats
552 1438 76 31 med
652 1436 256 43 utgångspunkt
931 1436 75 31 från
1030 1435 165 42 prisläget
1218 1435 66 31 den
1309 1436 16 29 1
1350 1434 63 41 juli
1438 1434 91 38 1941,
1553 1433 78 32 med

123 1491 127 41 belopp
268 1501 74 21 som
363 1489 170 32 erfordras
553 1489 54 31 för
625 1488 159 31 mötande
805 1499 41 20 av
864 1487 237 41 prisstegring.
1135 1486 80 31 1943
1235 1487 55 30 års
1310 1485 138 41 riksdag
1467 1484 163 32 anvisade

124 1542 12 31 i
158 1541 151 42 enlighet
330 1540 140 32 härmed
492 1539 119 42 anslag
632 1538 109 32 under
762 1537 375 41 arméförvaltningens,
1161 1535 381 41 marinförvaltningens
1567 1534 64 32 och

125 1591 344 43 flygförvaltningens
497 1590 180 32 delfonder
704 1601 40 20 av
771 1588 335 32 försvarsväsendets
1135 1586 268 42 fastighetsfond
1430 1597 41 21 av
1499 1586 132 42 respek-

124 1643 70 32 tive
216 1643 40 31 24
269 1643 61 31 000
343 1642 61 32 000
426 1641 135 37 kronor,
586 1641 39 31 10
638 1641 60 31 000
711 1640 62 32 000
795 1640 127 32 kronor
944 1639 64 32 och
1031 1639 40 31 25
1085 1639 61 31 000
1159 1638 61 32 000
1243 1638 125 31 kronor
1392 1637 63 32 och
1478 1637 152 41 medgav,

125 1696 50 30 att
198 1694 162 41 anslagen
385 1693 93 41 finge
503 1691 215 33 överskridas
742 1710 44 4 —
809 1691 149 31 förutom
983 1690 77 31 med
1084 1689 127 42 belopp
1237 1700 73 21 som
1336 1688 215 32 erfordrades
1578 1688 54 31 för

124 1745 222 32 bestridande
370 1755 40 20 av
434 1742 257 33 merkostnader
713 1744 44 40 på
781 1741 110 42 grund
915 1752 41 21 av
979 1740 266 42 prisstegringar
1267 1759 43 4 —
1334 1740 91 30 inom
1450 1750 114 20 ramen
1591 1749 40 21 av

126 1796 53 31 för
202 1795 212 41 budgetåren
438 1793 207 32 1943—1947
670 1793 54 31 för
747 1792 314 42 byggnadsföretag
1086 1803 42 19 m.
1154 1802 41 20 m.
1221 1790 192 32 beräknade
1438 1790 128 41 belopp
1592 1801 40 20 av

126 1847 40 31 93
179 1847 61 31 988
253 1846 61 31 000
333 1846 133 37 kronor,
488 1845 40 31 33
541 1845 61 31 623
616 1844 60 31 000
696 1844 126 31 kronor
842 1843 63 32 och
925 1843 40 31 98
978 1843 61 31 800
1053 1843 61 30 000
1134 1842 125 31 kronor
1280 1842 54 31 för
1354 1840 192 42 respektive
1568 1841 64 31 för-

126 1907 188 31 svarsgren.
349 1895 190 32 Enahanda
562 1894 114 32 beslut
699 1894 219 31 meddelades
942 1904 41 20 av
1008 1893 81 31 1944
1113 1894 55 30 års
1192 1892 138 41 riksdag
1355 1892 85 31 dock
1464 1891 77 31 med
1566 1891 66 31 den

126 1947 198 41 ändringen,
347 1948 50 30 att
417 1945 156 41 anslaget
595 1945 53 31 för
669 1944 217 42 flygvapnets
909 1943 55 32 del
986 1943 124 41 höjdes
1133 1942 54 32 till
1209 1943 39 30 27
1262 1943 61 30 000
1337 1942 61 31 000
1420 1942 135 37 kronor,
1578 1942 54 31 be-

126 1998 127 32 roende
268 1999 42 40 på
324 1999 49 30 att
388 1996 64 32 den
468 1997 54 30 för
536 1996 278 40 försvarsgrenen
831 1993 196 33 fastställda
1040 1993 283 32 kostnadsramen
1339 1992 106 42 enligt
1461 1992 115 32 beslut
1591 2003 41 20 av

127 2049 81 31 1943
243 2050 54 29 års
332 2047 137 41 riksdag
492 2046 98 32 ökats
614 2047 75 30 från
714 2045 60 32 145
787 2045 62 32 000
862 2045 61 31 000
946 2044 127 32 kronor
1097 2044 54 31 till
1177 2044 59 31 152
1249 2044 62 31 945
1324 2043 61 32 000
1409 2043 134 32 kronor.
1580 2043 52 31 Av

125 2099 106 32 bland
255 2101 101 29 annat
380 2098 111 32 denna
515 2097 186 40 anledning
723 2096 195 32 bestämdes
943 2097 50 30 att
1017 2095 66 32 den
1108 2106 80 26 ram,
1213 2095 92 31 inom
1330 2094 114 32 vilken
1469 2094 163 32 överskri-

127 2150 111 31 dande
275 2150 54 30 för
365 2149 217 41 flygvapnets
621 2147 55 32 del
714 2147 93 40 finge
845 2147 69 37 ske,
954 2146 126 31 ökades
1108 2146 74 31 från
1210 2146 40 31 98
1264 2146 61 31 800
1338 2145 60 31 000
1425 2145 127 31 kronor
1578 2144 54 31 till

128 2200 60 32 105
201 2200 61 31 760
275 2200 61 31 000
371 2199 133 31 kronor.
541 2197 386 42 Departementschefen
963 2197 63 31 har
1050 2196 162 38 förordat,
1239 2197 50 30 att
1313 2195 146 32 nämnda
1485 2195 147 41 anslags-

127 2250 156 32 tekniska
303 2249 172 42 principer
495 2248 172 42 tillämpas
688 2248 125 41 jämväl
835 2248 108 31 under
963 2247 205 41 budgetåret
1192 2246 145 32 1945/46.
1371 2246 179 31 Utskottet
1571 2246 63 31 har

128 2302 72 31 icke
221 2302 103 39 något
346 2302 49 29 att
416 2300 112 31 erinra
548 2299 162 31 häremot.
745 2299 116 30 Härav
883 2297 111 41 följer,
1018 2300 50 28 att
1091 2298 53 30 för
1165 2297 202 41 budgetåret
1391 2296 136 31 1945/46
1550 2296 82 31 böra

129 2353 53 31 för
219 2352 132 31 arméns
391 2350 63 31 och
492 2349 171 31 marinens
701 2348 313 42 byggnadsföretag
1052 2347 136 31 anvisas
1216 2346 348 41 investeringsanslag
1593 2357 40 20 av

130 2413 127 22 samma
281 2400 128 32 storlek
432 2410 73 21 som
531 2400 53 30 för
609 2397 228 32 innevarande
860 2397 176 41 budgetår.
1063 2397 69 30 För
1156 2396 216 41 flygvapnets
1396 2395 55 32 del
1476 2397 73 29 åter
1571 2395 63 31 bör

129 2453 55 31 till
207 2451 87 41 följd
316 2462 40 20 av
380 2450 80 31 1944
483 2451 54 29 års
561 2448 155 41 riksdags
739 2448 115 31 beslut
876 2458 54 20 om
953 2446 229 42 uppsättande
1205 2457 40 20 av
1267 2445 196 42 ytterligare
1487 2456 41 20 en
1551 2444 82 42 jakt

1690 933 134 24 Utskottet.
