2172 2666
736 203 86 27 Stats-
831 202 142 30 Utskottets
1001 204 144 29 Utlåtande
1166 205 55 28 N:o
1244 204 30 30 2.
1735 211 11 27 1

913 922 88 40 N:o
1033 924 42 38 2.

728 1078 78 28 Ank.
830 1078 48 28 till
902 1079 102 29 Riksd.
1031 1080 93 28 kansli
1151 1082 54 27 den
1232 1083 16 26 2
1273 1082 75 28 febr.
1375 1083 89 35 1887,
1489 1083 40 29 kl.
1556 1085 36 26 12
1618 1084 90 28 midd.

1292 1187 7 9 4

396 1222 203 47 Memorial,
630 1225 183 47 angående
841 1238 39 23 en
912 1226 53 35 till
993 1228 247 36 statsutskottet
1266 1229 201 36 remitterad
1496 1231 128 35 motion
1654 1244 55 23 om
1736 1231 56 47 af-

595 1276 146 36 låtande
769 1277 55 35 till
851 1278 130 48 Kongl.
1011 1279 111 48 Maj:t
1149 1281 46 45 af
1218 1281 225 49 underdånig
1471 1283 182 48 skrifvelse
1678 1284 112 48 angå-

595 1329 85 34 ende
709 1330 232 48 förändrade
967 1332 158 47 grunder
1146 1331 64 47 för
1238 1333 158 49 aflöning
1424 1335 47 48 af
1493 1342 129 28 statens
1651 1336 139 35 embets-

595 1381 61 34 och
687 1381 215 48 tjenstemän.

1450 1437 74 49 (1:a
1551 1438 44 37 U.
1625 1438 59 49 AJ)

299 1585 73 36 Till
416 1587 290 36 statsutskottet
748 1588 68 36 har
858 1589 82 36 från
983 1590 240 48 Riksdagens
1265 1592 128 36 Andra
1434 1592 201 37 Kammare
1664 1594 126 37 blifvit

196 1636 221 39 remitterad
447 1651 46 22 en
523 1639 200 37 derstädes
754 1641 41 35 af
819 1641 88 36 herr
935 1642 43 36 A.
1009 1642 43 36 E.
1083 1642 207 37 Petersson
1318 1644 12 35 i
1358 1644 140 37 Hamra
1528 1659 45 22 m.
1609 1646 36 36 fl.
1674 1647 116 36 väckt

196 1689 145 36 motion
385 1691 85 48 (N:o
515 1691 72 47 56),
631 1691 150 37 hvaruti
818 1694 233 48 föreslagits,
1087 1700 55 31 att
1169 1695 220 49 Riksdagen
1418 1700 114 33 måtte
1561 1698 56 36 till
1646 1699 141 48 Kongl.

196 1740 108 48 Maj:t
346 1743 111 36 aflåta
498 1756 46 22 en
587 1744 238 49 underdånig
863 1746 201 36 skrifvelse
1106 1747 85 36 med
1220 1748 179 48 begäran,
1429 1754 54 31 att
1512 1750 139 48 Kongl.
1683 1751 106 48 Maj:t

196 1792 149 38 täcktes
374 1794 58 37 till
461 1799 110 32 nästa
599 1795 159 49 riksdag
786 1797 75 36 låta
888 1798 134 36 utreda
1052 1798 70 37 och
1141 1805 174 43 uppgöra
1336 1813 45 23 en
1401 1801 196 50 reglering
1616 1802 41 36 af
1675 1808 113 31 samt-

196 1843 76 49 lige
303 1851 145 32 statens
479 1847 166 36 embets-
677 1849 70 35 och
776 1848 254 49 tjenstemäns
1059 1850 118 49 löner,
1207 1852 132 48 byggd
1367 1855 48 46 på
1442 1854 346 47 grundernaaf
1726 1839 67 66 nu-

195 1898 166 36 varande
404 1899 185 36 kontanta
618 1899 242 51 lönebelopp,
892 1908 140 30 omsatt
1059 1902 13 36 i
1106 1904 344 48 naturaprodukter
1478 1905 57 36 till
1567 1905 34 40 '/;
1628 1909 79 45 råg,
1751 1906 36 39 '/a

195 1948 96 37 korn
322 1950 71 36 och
424 1950 36 40 '/s
489 1956 103 31 smör
622 1951 98 37 efter
749 1958 55 31 ett
832 1954 210 49 tjuguårigt
1070 1955 462 51 medelmarkegångspris
1576 1957 82 37 från
1690 1960 96 35 1866

195 2000 56 36 till
282 2002 71 36 och
382 2002 87 37 med
500 2005 111 46 1886,
643 2010 98 30 samt
771 2011 55 30 att
856 2005 103 36 såväl
1001 2007 180 36 särskildt
1209 2008 190 47 utgående
1414 2008 375 51 tjenstgöringspen-

194 2052 149 49 ningar,
374 2055 275 49 ålderstillägg,
680 2057 186 37 arfvoden
896 2058 71 36 och
995 2059 206 48 pensioner
1229 2060 117 36 blifva
1375 2061 98 36 efter
1501 2075 143 23 samma
1671 2076 115 35 grun-

196 2104 67 36 der
291 2106 229 49 beräknade,
551 2107 61 36 för
642 2113 54 31 att
727 2109 260 37 alltsammans
1018 2111 217 37 sedermera
1261 2115 91 45 utgå
1381 2113 99 36 efter
1513 2117 99 33 årets
1642 2115 146 36 marke-

195 2159 223 49 gångspris;
462 2173 88 23 men
593 2160 46 36 då
667 2160 104 37 detta
799 2162 152 48 ärende,
983 2176 60 23 om
1078 2168 46 32 än
1155 2169 53 31 ett
1237 2164 105 37 bifall
1370 2165 57 36 till
1456 2166 64 36 det
1547 2167 136 36 väckta
1711 2167 77 37 för-

197 2209 125 49 slaget
363 2212 74 35 kan
464 2211 12 36 i
506 2224 46 23 en
592 2212 154 37 framtid
788 2214 198 37 föranleda
1017 2216 214 48 statsutgift
1260 2217 92 36 eller
1380 2217 224 50 förändring
1632 2219 12 36 i
1672 2224 117 32 sättet

195 2260 62 37 för
286 2263 279 49 statsutgifters
594 2266 227 48 utgörande,
852 2272 108 43 synts
991 2268 188 36 utskottet
1206 2268 83 37 icke
1318 2269 152 37 tillhöra
1499 2271 88 36 dess
1622 2271 167 37 behand-

280 2324 64 28 Bih.
368 2325 46 28 till
435 2326 96 27 Riksd.
556 2327 77 27 Prot.
659 2325 90 30 1887.
795 2326 20 29 4
839 2328 85 28 Saml.
976 2328 13 28 1
1013 2330 68 37 Afd.
1127 2328 22 29 2
1171 2330 85 37 Häft.
1690 2334 14 26 1
