1864 2790
415 158 125 40 Tredje
562 156 246 41 lagutskottets
831 153 178 32 utlåtande
1031 162 43 21 nr
1097 152 39 30 10
1157 152 40 30 år
1219 151 85 30 1955
1585 146 19 30 5

117 242 84 31 ernå
218 250 43 22 en
281 240 110 31 snabb
410 237 215 42 anpassning
644 245 41 21 av
703 235 170 41 planerna
892 233 87 31 efter
999 232 41 31 de
1061 230 229 32 ekonomiska
1311 226 293 41 förändringarna

117 295 64 32 och
204 291 414 40 arbetsmarknadsläget.

163 399 228 32 Beträffande
414 398 58 31 det
495 398 11 30 i
530 396 218 31 motionerna
773 395 29 30 1:
818 393 64 31 218
906 393 64 30 och
996 392 45 30 II:
1057 391 62 30 283
1145 393 91 28 samt
1260 389 30 31 1:
1306 388 63 31 409
1393 388 65 30 och
1482 387 46 30 II:
1544 385 63 31 505

119 454 196 31 framförda
340 451 219 32 önskemålet
584 459 57 21 om
665 448 91 31 ökad
782 448 84 30 kvot
891 447 55 30 för
971 446 68 30 den
1064 443 161 41 kyrkliga
1249 440 359 42 byggnadsverksam-

117 509 104 29 heten
239 508 59 30 må
317 506 199 34 anmärkas,
537 506 51 29 att
607 505 10 29 i
637 503 66 30 den
723 502 97 30 förut
841 501 154 30 nämnda
1014 497 354 39 tillståndsbudgeten
1389 495 53 30 för
1462 494 39 30 år
1525 492 82 31 1955

118 563 55 30 för
188 562 143 40 kyrkor,
348 558 308 40 församlingshem
673 557 64 30 och
753 554 231 32 krematorier
1002 552 177 41 upptagits
1196 553 48 29 ett
1262 550 81 30 från
1359 549 38 31 år
1416 547 83 31 1954
1517 546 92 31 oför-

121 614 125 32 ändrat
265 613 125 41 belopp
411 613 21 30 å
453 612 38 31 10
512 611 164 40 miljoner
695 610 143 30 kronor.
859 607 116 40 Enligt
995 615 44 22 en
1058 606 97 30 inom
1175 600 435 41 arbetsmarknadsstyrel-

120 678 61 21 sen
206 666 201 42 upprättad,
432 665 52 31 till
510 664 170 31 utskottet
705 661 226 32 överlämnad
957 657 329 40 sammanställning
1311 657 81 30 över
1417 654 193 41 byggnads-

121 720 334 32 tillståndsärenden
478 719 55 30 för
556 716 240 41 nyssnämnda
820 715 73 39 slag
916 724 42 22 av
980 712 199 41 byggnader
1201 712 65 29 har
1290 719 42 21 av
1355 708 125 40 Kungl.
1504 706 109 40 Maj:t

121 775 64 31 och
204 784 42 21 av
264 770 484 40 arbetsmarknadsstyrelsen
767 769 112 30 under
897 768 84 30 åren
1001 764 216 32 1951—1954
1236 763 162 40 beviljats
1416 760 195 42 byggnads-

121 827 159 32 tillstånd
301 827 56 30 för
376 824 267 41 ifrågavarande
665 822 164 31 ändamål
850 822 20 30 å
892 820 81 31 1951
997 820 52 34 5,3
1070 818 174 40 miljoner,
1268 816 83 31 1952
1375 816 36 30 11
1435 814 175 40 miljoner,

125 881 82 31 1953
230 881 40 30 16
290 879 165 40 miljoner
475 879 65 30 och
564 876 82 32 1954
669 877 39 30 19
728 875 166 40 miljoner
914 874 141 30 kronor.
1077 871 126 31 Härtill
1222 871 160 30 kommer
1402 868 210 31 länsarbets-

122 934 238 31 nämndernas
384 930 330 41 tillståndsgivning,
740 938 76 22 som
842 928 54 30 för
920 928 39 30 år
985 926 84 31 1954
1094 925 209 40 uppskattas
1327 924 52 29 till
1404 922 19 30 6
1448 921 165 40 miljoner

123 988 141 30 kronor.
312 986 126 31 Medan
463 985 111 30 under
599 983 145 40 tidigare
769 982 39 31 år
833 980 117 41 avslag
975 980 20 30 å
1020 978 238 40 ansökningar
1283 986 58 22 om
1365 974 248 42 byggnadstill-

124 1040 103 31 stånd
248 1039 223 31 beträffande
492 1036 229 32 förevarande
744 1036 73 39 slag
840 1045 42 21 av
903 1034 142 30 arbeten
1068 1030 226 33 förekommit
1315 1030 11 30 i
1348 1030 69 30 viss
1440 1027 173 32 utsträck-

126 1094 93 40 ning,
240 1094 65 31 har
328 1093 38 30 så
386 1092 76 30 icke
484 1091 90 30 varit
597 1090 96 30 fallet
716 1089 110 30 under
849 1088 84 31 åren
957 1086 83 31 1953
1062 1086 65 30 och
1151 1084 95 31 1954.

659 1265 424 60 Departementschefen

169 1361 132 31 Chefen
327 1360 55 30 för
408 1358 395 40 socialdepartementet,
830 1355 188 32 statsrådet
1045 1354 135 40 Sträng,
1207 1352 147 32 anförde
1379 1351 57 31 vid
1463 1350 153 41 lagråds-

124 1414 170 31 remissen
314 1413 106 31 bland
442 1414 109 28 annat
571 1411 168 40 följande.

173 1467 65 30 Vid
261 1466 144 40 frågans
428 1464 213 40 behandling
664 1464 39 30 år
728 1462 85 32 1954
836 1461 155 32 uttalade
1013 1461 70 40 jag,
1107 1461 51 29 att
1181 1459 133 31 varken
1338 1458 58 30 det
1418 1455 199 32 dåvarande

128 1519 230 32 ekonomiska
378 1518 91 40 läget
489 1518 84 31 eller
592 1517 183 40 hänsynen
795 1516 54 30 till
868 1514 93 32 vissa
982 1514 110 30 andra
1112 1521 96 22 mera
1228 1510 211 41 långsiktiga
1460 1509 157 30 faktorer

127 1575 118 39 syntes
270 1573 84 40 göra
377 1572 58 30 det
458 1570 140 41 möjligt
621 1572 51 29 att
695 1569 45 31 då
764 1567 166 32 avveckla
952 1565 409 42 byggnadsregleringen.
1387 1564 49 30 De
1462 1561 154 33 aktuella

129 1626 122 32 skälen
276 1626 56 31 för
355 1624 237 41 regleringens
615 1622 244 31 bibehållande
884 1622 39 29 är
947 1629 48 22 nu
1021 1621 45 29 än
1092 1618 168 31 starkare.
1287 1618 81 30 Som
1394 1615 156 41 framgår
1575 1623 42 22 av

129 1679 251 41 finansplanen
398 1679 12 30 i
430 1678 92 30 årets
544 1673 411 43 statsverksproposition
976 1672 185 41 föreligger
1180 1681 43 21 en
1244 1670 147 31 tendens
1412 1669 51 31 till
1485 1678 44 21 en
1550 1667 68 31 till-

130 1733 180 40 spetsning
341 1741 42 21 av
413 1729 349 42 högkonjunkturen.
794 1728 99 30 Inom
924 1726 118 31 landet
1072 1726 86 30 ökar
1188 1723 216 40 efterfrågan
1436 1722 55 31 för
1522 1720 95 32 såväl

128 1785 264 31 konsumtions-
421 1793 75 22 som
525 1780 409 42 investeringsändamål.
973 1778 313 40 Nödvändigheten
1315 1786 41 21 av
1385 1785 43 21 en
1457 1774 163 31 återhåll-

131 1848 76 22 sam
237 1837 209 32 ekonomisk
477 1836 126 41 politik
634 1835 11 30 i
676 1835 130 40 dagens
838 1834 75 39 läge
945 1833 38 30 är
1014 1830 224 40 oomtvistlig.
1271 1829 66 31 Vid
1370 1828 100 31 sidan
1502 1837 43 21 av
1576 1827 42 30 de

131 1892 133 30 finans-
283 1891 66 30 och
367 1888 284 42 kreditpolitiska
670 1887 210 40 åtgärderna
899 1887 73 29 mot
991 1894 43 20 en
1055 1882 306 41 överkonjunktur
1382 1881 113 40 spelar
1515 1880 104 40 bygg-

131 1943 307 41 nadsregleringen
464 1951 43 21 en
534 1941 109 39 viktig
669 1940 65 30 roll
760 1940 12 29 i
797 1935 473 41 investeringsbegränsande
1298 1934 101 40 syfte.
1425 1934 64 39 Jag
1517 1941 102 22 anser

131 1998 57 30 det
212 1996 149 32 sålunda
385 1994 214 40 nödvändigt
622 1995 50 29 att
695 1990 398 42 byggnadsregleringen
1116 1988 71 31 tills
1210 1987 119 31 vidare
1352 1985 200 32 bibehålles.

176 2050 78 31 Med
274 2050 139 39 hänsyn
435 2048 52 30 till
509 2047 58 30 det
588 2046 148 31 anförda
755 2044 196 40 tillstyrker
972 2043 69 40 jag,
1064 2043 50 29 att
1134 2041 100 40 lagen
1256 2049 58 22 om
1335 2037 284 40 tillståndstvång

130 2104 54 30 för
205 2101 299 43 byggnadsarbete
527 2099 148 31 erhåller
698 2098 163 39 förlängd
884 2096 166 40 giltighet,
1075 2094 188 40 lämpligen
1286 2092 52 31 till
1362 2092 64 31 och
1450 2091 79 30 med
1552 2091 65 30 den

129 2157 41 30 30
192 2156 80 41 juni
297 2155 94 30 1956.
415 2154 121 40 Någon
560 2152 148 41 ändring
731 2151 11 30 i
765 2151 102 40 lagen
891 2158 102 32 synes
1016 2149 12 30 i
1052 2147 228 31 förevarande
1306 2145 255 40 sammanhang
1585 2144 31 39 ej

132 2209 175 41 påkallad.

132 2314 171 40 Lagrådet

178 2375 172 40 Lagrådet
379 2375 64 29 har
473 2374 134 30 lämnat
637 2372 57 30 det
724 2379 125 32 genom
880 2368 261 42 propositionen
1174 2365 194 41 framlagda
1399 2364 223 41 lagförslaget

135 2430 84 29 utan
243 2428 152 30 erinran.
