2186 2616
664 222 116 32 Andra
804 223 219 41 lagutskottets
1047 226 167 33 utlåtande
1236 228 53 31 Nr
1309 231 52 30 24.
1785 233 20 31 5

311 305 17 36 I
353 306 106 49 fråga
483 319 59 24 om
563 306 45 38 de
623 313 290 34 samvetsömma
932 312 275 51 värnpliktigas
1226 315 181 50 ställning
1425 316 11 37 i
1456 316 178 39 händelse
1654 332 47 23 av
1716 319 88 50 krig

210 357 164 49 föreslog
397 358 236 50 majoriteten
658 374 46 23 av
728 361 44 37 de
800 362 12 35 i
840 367 124 33 ämnet
993 364 205 39 tillkallade
1218 367 250 51 sakkunniga,
1489 370 121 37 vilkas
1630 370 142 51 förslag
1791 372 11 36 i

208 410 178 49 samtliga
412 411 162 49 punkter
596 414 197 48 upptagits
818 427 46 23 av
889 415 154 38 friherre
1067 417 185 50 Fleming,
1282 425 54 31 att
1354 421 186 37 meddelat
1559 423 167 37 tillstånd
1746 429 56 31 att

208 461 164 50 fullgöra
412 463 469 53 värnpliktstjänstgöring
921 468 11 36 i
974 469 160 37 särskild
1177 471 164 50 ordning
1369 472 119 38 skulle
1515 474 102 48 gälla
1645 475 157 37 allenast

207 513 118 38 under
359 515 169 49 fredstid,
557 524 167 30 varemot
757 518 119 37 under
903 520 159 49 krigstid
1091 522 306 51 tjänstgöringen
1426 525 119 37 skulle
1573 526 227 38 bestämmas

207 566 157 37 allenast
406 580 45 23 av
492 566 173 50 behovet,
703 569 93 37 efter
822 572 191 50 prövning
1041 587 46 22 av
1114 574 280 39 vederbörande
1422 577 250 38 militärbefäl.
1726 580 73 36 Det

206 631 51 23 nu
298 619 210 49 framlagda
549 620 181 50 förslaget
771 627 70 44 gör
881 624 114 49 ingen
1027 625 162 38 skillnad
1217 628 136 37 mellan
1382 629 116 37 freds-
1526 630 70 37 och
1623 631 175 50 krigstid,

205 675 90 31 utan
336 671 112 48 lagen
489 671 95 37 skall
611 673 100 49 gälla
739 679 94 32 även
861 675 12 36 i
902 676 233 38 sistnämnda
1163 679 74 36 fall.
1292 681 127 48 Något
1446 683 225 49 uttryckligt
1699 684 100 37 stad-

205 722 124 49 gande
370 736 59 24 om
472 729 54 31 att
565 725 113 49 lagen
718 731 95 32 även
842 727 94 37 skall
964 730 101 48 gälla
1092 731 119 37 under
1238 731 160 51 krigstid
1425 734 104 37 torde
1558 734 127 38 därför
1712 750 88 22 vara

205 774 229 49 obehövligt.
490 776 59 36 Av
577 776 432 51 departementschefens
1037 783 195 37 uttalande
1261 784 174 49 framgår,
1464 791 54 32 att
1547 792 105 31 arten
1671 801 47 23 av
1737 788 62 37 det

203 827 160 36 militära
404 828 88 36 eller
519 829 108 36 civila
656 829 137 50 arbete,
824 844 78 24 som
933 833 45 37 de
1006 834 102 37 olika
1135 835 265 49 kategorierna
1426 835 372 58 värnpliktsvägrare

203 878 151 37 komma
381 884 55 32 att
462 880 134 48 utföra,
618 881 75 37 kan
713 882 151 38 komma
883 890 53 31 att
955 887 110 36 växla
1084 887 118 37 under
1221 888 160 50 krigstid
1401 890 70 37 och
1490 891 170 48 fredstid,
1680 892 118 37 vilket

204 930 182 38 utskottet
413 932 121 37 finner
561 934 191 49 naturligt.

955 1025 21 34 2
995 1023 43 50 8.

303 1104 171 38 Friherre
514 1106 161 51 Fleming
712 1107 213 38 hemställer
952 1109 12 36 i
992 1110 57 37 sin
1077 1112 156 49 motion,
1263 1119 53 31 att
1344 1116 225 49 paragrafen
1598 1120 114 34 måtte
1741 1131 54 24 er-

200 1155 98 37 hålla
326 1157 164 49 följande
517 1158 157 50 lydelse:

961 1220 21 42 g
1005 1222 27 31 2.

286 1284 45 31 »1.
356 1283 169 33 Tillstånd
549 1287 49 30 att
619 1286 147 42 fullgöra
787 1288 461 45 värnpliktstjänstgöringen
1272 1294 44 40 på
1338 1295 68 30 sätt
1428 1293 11 32 i
1461 1293 22 43 8
1506 1296 15 30 I
1546 1306 101 22 mom.
1674 1298 14 30 1
1706 1299 86 40 sägs,

198 1325 174 33 meddelas
396 1337 40 21 av
458 1326 383 44 inskrivningsrevision
889 1332 19 30 på
930 1330 116 33 därom
1070 1343 41 21 av
1134 1333 66 32 den
1223 1335 225 42 värnpliktige
1471 1337 98 42 gjord
1592 1339 200 42 ansökning.

199 1366 114 33 Sådan
336 1369 192 42 ansökning
550 1370 87 32 skall
659 1382 80 20 vara
761 1372 94 42 åtföljd
905 1384 40 20 av

302 1410 29 42 a)
354 1410 105 43 intyg,
482 1412 151 32 utfärdat
656 1424 40 20 av
718 1416 96 39 präst
836 1415 12 30 i
871 1414 66 32 den
960 1415 208 44 församling,
1194 1418 61 32 där
1278 1419 175 33 sökanden
1475 1423 37 30 är
1527 1422 264 42 kyrkobokförd,

351 1453 83 32 eller
467 1464 55 21 om
550 1455 176 32 sökanden
759 1456 118 32 tillhör
910 1457 105 33 sådan
1049 1459 210 44 församling,
1295 1473 73 21 som
1392 1464 217 33 omförmäles
1632 1466 12 31 i
1666 1466 127 33 förord-

329 1527 3 4 .
351 1495 126 43 ningen
500 1497 175 41 angående
698 1498 209 33 främmande
930 1501 267 33 trosbekännare
1224 1503 65 32 och
1305 1504 99 33 deras
1419 1506 292 44 religionsövning
1726 1509 66 33 den

350 1538 39 31 31
415 1538 143 33 oktober
581 1540 90 36 1873,
689 1551 40 21 av
741 1541 254 34 vederbörande
1011 1543 463 44 församlingsföreståndare,
1492 1549 92 40 eller,
1602 1561 55 21 om
1674 1552 117 32 sökan-

328 1579 89 43 [den
440 1583 37 29 är
499 1582 149 31 mosaisk
672 1583 275 41 trosbekännare,
972 1597 39 20 av
1033 1587 258 33 vederbörande
1314 1590 281 42 religionslärare,
1619 1593 104 32 vilket
1745 1594 47 32 in-

350 1624 60 72 tyg
442 1624 86 31 skall
561 1624 172 33 innehålla
767 1637 42 21 en
843 1627 157 32 bestimd
1022 1628 187 44 förklaring
1229 1631 11 31 i
1263 1631 126 43 frågan,
1413 1633 168 33 huruvida
1604 1636 185 39 sökanden,

350 1665 107 42 enligt
489 1666 274 42 intygsgivarens
790 1669 230 42 uppfattning,
1044 1671 104 42 hyser
1169 1673 183 43 allvarliga,
1377 1677 44 39 på
1443 1676 151 42 kristligt
1618 1678 83 31 eller
1723 1689 67 21 mo-

350 1707 108 32 saiskt
479 1708 138 42 religiös
641 1711 211 40 övertygelse
875 1712 175 41 grundade
1067 1715 421 43 samvetsbetinkligheter
1503 1722 72 28 mot
1591 1720 199 41 värnplikts-

349 1749 288 43 tjänstgöringens
660 1752 214 41 fullgörande
896 1754 12 30 i
932 1754 142 42 stadgad
1097 1756 160 42 ordning;

346 1791 106 48 intyg,
490 1793 150 32 utfärdat
672 1796 45 39 på
738 1794 106 32 heder
867 1796 63 31 och
954 1799 149 30 samvete
1127 1810 40 19 av
1190 1801 55 29 två
1268 1800 106 32 andra
1395 1812 174 30 personer,
1593 1803 108 33 vilkas
1725 1807 64 30 tro-

348 1834 177 41 värdighet
547 1836 37 30 är
599 1846 39 20 av
654 1836 425 43 inskrivningsrevisionen
1096 1840 90 32 känd
1203 1841 83 32 eller
1301 1843 99 42 eljest
1416 1844 239 44 tillförlitligen
1669 1848 118 41 styrkt,

347 1876 168 32 avseende
539 1888 129 22 samma
690 1879 100 41 fråga,
815 1891 74 20 som
913 1881 108 32 under
1043 1884 30 38 a)
1097 1884 226 33 omförmäles.

297 1918 28 31 2.
370 1918 204 42 Ansökning
596 1920 96 39 skall,
716 1921 52 31 för
791 1924 49 29 att
862 1923 114 31 kunna
999 1924 52 31 till
1075 1926 169 42 prövning
1267 1930 177 39 upptagas,
1467 1931 100 40 göras
1590 1931 58 31 vid
1671 1932 117 32 sökan-

192 1959 85 32 dens
300 1960 226 42 inskrivning;
550 1962 87 32 dock
660 1965 59 37 att,
743 1964 61 31 där
821 1966 204 42 värnpliktig
1040 1967 86 31 efter
1141 1939 408 73 påbörjadjtjänstgöring
1564 1973 90 32 visar
1670 1985 117 22 sanno-

191 2001 69 31 lika
283 2002 72 31 skäl
378 2003 52 31 för
453 2006 49 29 att
524 2004 66 31 han
614 2004 103 43 hyser
741 2006 126 31 sådana
890 2009 431 42 samvetsbetänkligheter,
1345 2023 73 21 som
1442 2014 11 30 1
1476 2025 99 21 mom.
1603 2017 15 29 1
1644 2018 86 39 Sägs,
1747 2028 41 20 av

191 2044 127 31 honom
340 2044 98 42 gjord
462 2046 192 43 ansökning
681 2049 62 37 må,
768 2048 115 39 sedan,
907 2049 11 31 i
942 2050 65 31 den
1031 2051 147 42 ordning
1201 2053 196 42 Konungen
1420 2055 215 41 bestämmer,
1659 2058 126 32 honom

191 2086 157 41 beviljats
372 2087 157 41 uppskov
552 2088 77 31 med
652 2089 282 43 tjänstgöringen,
959 2103 39 20 av
1021 2092 514 45 inskrivningsmyndigheterna
1551 2099 52 31 till
1619 2100 168 42 prövning

191 2128 64 31 och
279 2129 191 40 avgörande
494 2132 197 39 upptagas.»

288 1790 22 32 b

312 1791 11 39 ud

296 2223 187 37 Utskottet
525 2224 102 37 delar
662 2225 431 50 departementschefens
1121 2231 257 49 uppfattning,
1408 2238 53 31 att
1490 2233 60 38 det
1579 2235 201 50 lämpligen

189 2273 68 36 bör
297 2275 187 36 anförtros
518 2280 36 32 åt
582 2276 141 49 Kungl.
754 2278 106 49 Maj:t
887 2286 53 29 att
968 2281 149 36 utfärda
1145 2283 243 48 erforderliga
1417 2285 281 39 bestämmelser
1725 2294 57 31 rö-

188 2326 116 36 rande
332 2327 302 41 beskaffenheten
666 2343 46 24 av
740 2329 45 37 de
814 2331 122 49 intyg,
965 2345 79 24 som
1066 2333 106 37 skola
1192 2335 99 36 inför
1309 2336 469 51 inskrivningsrevisionen

1853 1131 122 23 Friherre

1848 1165 133 31 Flemings

1860 1200 104 24 motion.

1839 2248 133 25 Utskottet.
