<?xml version="1.0" encoding="UTF-8"?>
<alto xmlns="http://www.loc.gov/standards/alto/ns-v3#" xmlns:xlink="http://www.w3.org/1999/xlink" xmlns:xsi="http://www.w3.org/2001/XMLSchema-instance" xsi:schemaLocation="http://www.loc.gov/standards/alto/ns-v3# http://www.loc.gov/alto/v3/alto-3-0.xsd">
	<Description>
		<MeasurementUnit>pixel</MeasurementUnit>
		<sourceImageInformation>
			<fileName>/tmp/tess_9d6jgxyx_input.PNG</fileName>
		</sourceImageInformation>
		<OCRProcessing ID="OCR_0">
			<ocrProcessingStep>
				<processingSoftware>
					<softwareName>tesseract 5.3.0</softwareName>
				</processingSoftware>
			</ocrProcessingStep>
		</OCRProcessing>
	</Description>
	<Layout>
		<Page WIDTH="2210" HEIGHT="2612" PHYSICAL_IMG_NR="0" ID="page_0">
			<PrintSpace HPOS="0" VPOS="0" WIDTH="2210" HEIGHT="2612">
				<ComposedBlock ID="cblock_0" HPOS="399" VPOS="223" WIDTH="1149" HEIGHT="42">
					<TextBlock ID="block_0" HPOS="399" VPOS="223" WIDTH="1149" HEIGHT="42">
						<TextLine ID="line_0" HPOS="399" VPOS="223" WIDTH="1149" HEIGHT="42">
							<String ID="string_0" HPOS="399" VPOS="229" WIDTH="38" HEIGHT="30" WC="0.96" CONTENT="14"/><SP WIDTH="418" VPOS="229" HPOS="437"/>
							<String ID="string_1" HPOS="855" VPOS="226" WIDTH="118" HEIGHT="31" WC="0.90" CONTENT="Andra"/><SP WIDTH="23" VPOS="226" HPOS="973"/>
							<String ID="string_2" HPOS="996" VPOS="225" WIDTH="219" HEIGHT="40" WC="0.90" CONTENT="lagutskottets"/><SP WIDTH="22" VPOS="225" HPOS="1215"/>
							<String ID="string_3" HPOS="1237" VPOS="223" WIDTH="164" HEIGHT="32" WC="0.96" CONTENT="utlåtande"/><SP WIDTH="22" VPOS="223" HPOS="1401"/>
							<String ID="string_4" HPOS="1423" VPOS="223" WIDTH="54" HEIGHT="31" WC="0.96" CONTENT="Nr"/><SP WIDTH="21" VPOS="223" HPOS="1477"/>
							<String ID="string_5" HPOS="1498" VPOS="225" WIDTH="50" HEIGHT="28" WC="0.94" CONTENT="24."/>
						</TextLine>
					</TextBlock>
				</ComposedBlock>
				<ComposedBlock ID="cblock_1" HPOS="1156" VPOS="326" WIDTH="87" HEIGHT="49">
					<TextBlock ID="block_1" HPOS="1156" VPOS="326" WIDTH="87" HEIGHT="49">
						<TextLine ID="line_1" HPOS="1156" VPOS="326" WIDTH="87" HEIGHT="49">
							<String ID="string_6" HPOS="1156" VPOS="326" WIDTH="21" HEIGHT="49" WC="0.30" CONTENT="8"/><SP WIDTH="32" VPOS="326" HPOS="1177"/>
							<String ID="string_7" HPOS="1209" VPOS="328" WIDTH="34" HEIGHT="35" WC="0.92" CONTENT="1."/>
						</TextLine>
					</TextBlock>
				</ComposedBlock>
				<ComposedBlock ID="cblock_2" HPOS="395" VPOS="410" WIDTH="1613" HEIGHT="417">
					<TextBlock ID="block_2" HPOS="395" VPOS="410" WIDTH="1610" HEIGHT="107">
						<TextLine ID="line_2" HPOS="500" VPOS="410" WIDTH="1505" HEIGHT="55">
							<String ID="string_8" HPOS="500" VPOS="415" WIDTH="254" HEIGHT="50" WC="0.96" CONTENT="Värnpliktig,"/><SP WIDTH="42" VPOS="415" HPOS="754"/>
							<String ID="string_9" HPOS="796" VPOS="428" WIDTH="81" HEIGHT="23" WC="0.96" CONTENT="som"/><SP WIDTH="43" VPOS="428" HPOS="877"/>
							<String ID="string_10" HPOS="920" VPOS="415" WIDTH="113" HEIGHT="48" WC="0.96" CONTENT="hyser"/><SP WIDTH="26" VPOS="415" HPOS="1033"/>
							<String ID="string_11" HPOS="1059" VPOS="412" WIDTH="201" HEIGHT="49" WC="0.93" CONTENT="allvarliga"/><SP WIDTH="27" VPOS="412" HPOS="1260"/>
							<String ID="string_12" HPOS="1287" VPOS="410" WIDTH="472" HEIGHT="50" WC="0.91" CONTENT="samvetsbetänkligheter"/><SP WIDTH="27" VPOS="410" HPOS="1759"/>
							<String ID="string_13" HPOS="1786" VPOS="415" WIDTH="80" HEIGHT="31" WC="0.93" CONTENT="mot"/><SP WIDTH="28" VPOS="415" HPOS="1866"/>
							<String ID="string_14" HPOS="1894" VPOS="414" WIDTH="111" HEIGHT="31" WC="0.92" CONTENT="värn-"/>
						</TextLine>
						<TextLine ID="line_3" HPOS="395" VPOS="462" WIDTH="1605" HEIGHT="55">
							<String ID="string_15" HPOS="395" VPOS="468" WIDTH="378" HEIGHT="49" WC="0.90" CONTENT="pliktstjänstgöring"/><SP WIDTH="36" VPOS="468" HPOS="773"/>
							<String ID="string_16" HPOS="809" VPOS="467" WIDTH="12" HEIGHT="36" WC="0.96" CONTENT="i"/><SP WIDTH="29" VPOS="467" HPOS="821"/>
							<String ID="string_17" HPOS="850" VPOS="466" WIDTH="72" HEIGHT="37" WC="0.96" CONTENT="den"/><SP WIDTH="30" VPOS="466" HPOS="922"/>
							<String ID="string_18" HPOS="952" VPOS="466" WIDTH="174" HEIGHT="48" WC="0.96" CONTENT="ordning,"/><SP WIDTH="28" VPOS="466" HPOS="1126"/>
							<String ID="string_19" HPOS="1154" VPOS="463" WIDTH="175" HEIGHT="50" WC="0.93" CONTENT="gällande"/><SP WIDTH="28" VPOS="463" HPOS="1329"/>
							<String ID="string_20" HPOS="1357" VPOS="462" WIDTH="281" HEIGHT="50" WC="0.91" CONTENT="värnpliktslag"/><SP WIDTH="27" VPOS="462" HPOS="1638"/>
							<String ID="string_21" HPOS="1665" VPOS="462" WIDTH="233" HEIGHT="47" WC="0.95" CONTENT="förutsätter,"/><SP WIDTH="30" VPOS="462" HPOS="1898"/>
							<String ID="string_22" HPOS="1928" VPOS="464" WIDTH="72" HEIGHT="44" WC="0.96" CONTENT="må,"/>
						</TextLine>
					</TextBlock>
					<TextBlock ID="block_3" HPOS="396" VPOS="513" WIDTH="1611" HEIGHT="160">
						<TextLine ID="line_4" HPOS="499" VPOS="513" WIDTH="1505" HEIGHT="55">
							<String ID="string_23" HPOS="499" VPOS="519" WIDTH="35" HEIGHT="49" WC="0.95" CONTENT="a)"/><SP WIDTH="30" VPOS="519" HPOS="534"/>
							<String ID="string_24" HPOS="564" VPOS="519" WIDTH="125" HEIGHT="37" WC="0.96" CONTENT="därest"/><SP WIDTH="40" VPOS="519" HPOS="689"/>
							<String ID="string_25" HPOS="729" VPOS="519" WIDTH="94" HEIGHT="36" WC="0.93" CONTENT="hans"/><SP WIDTH="28" VPOS="519" HPOS="823"/>
							<String ID="string_26" HPOS="851" VPOS="516" WIDTH="472" HEIGHT="49" WC="0.91" CONTENT="samvetsbetänkligheter"/><SP WIDTH="27" VPOS="516" HPOS="1323"/>
							<String ID="string_27" HPOS="1350" VPOS="528" WIDTH="91" HEIGHT="24" WC="0.96" CONTENT="avse"/><SP WIDTH="27" VPOS="528" HPOS="1441"/>
							<String ID="string_28" HPOS="1468" VPOS="514" WIDTH="261" HEIGHT="50" WC="0.95" CONTENT="tjänstgöring"/><SP WIDTH="26" VPOS="514" HPOS="1729"/>
							<String ID="string_29" HPOS="1755" VPOS="513" WIDTH="86" HEIGHT="37" WC="0.96" CONTENT="med"/><SP WIDTH="28" VPOS="513" HPOS="1841"/>
							<String ID="string_30" HPOS="1869" VPOS="526" WIDTH="135" HEIGHT="36" WC="0.96" CONTENT="vapen,"/>
						</TextLine>
						<TextLine ID="line_5" HPOS="396" VPOS="565" WIDTH="1611" HEIGHT="56">
							<String ID="string_31" HPOS="396" VPOS="572" WIDTH="164" HEIGHT="49" WC="0.96" CONTENT="fullgöra"/><SP WIDTH="28" VPOS="572" HPOS="560"/>
							<String ID="string_32" HPOS="588" VPOS="572" WIDTH="61" HEIGHT="36" WC="0.96" CONTENT="sin"/><SP WIDTH="28" VPOS="572" HPOS="649"/>
							<String ID="string_33" HPOS="677" VPOS="570" WIDTH="191" HEIGHT="50" WC="0.95" CONTENT="värnplikt"/><SP WIDTH="27" VPOS="570" HPOS="868"/>
							<String ID="string_34" HPOS="895" VPOS="570" WIDTH="65" HEIGHT="36" WC="0.95" CONTENT="vid"/><SP WIDTH="27" VPOS="570" HPOS="960"/>
							<String ID="string_35" HPOS="987" VPOS="569" WIDTH="263" HEIGHT="50" WC="0.95" CONTENT="krigsmakten"/><SP WIDTH="28" VPOS="569" HPOS="1250"/>
							<String ID="string_36" HPOS="1278" VPOS="573" WIDTH="92" HEIGHT="32" WC="0.96" CONTENT="utan"/><SP WIDTH="28" VPOS="573" HPOS="1370"/>
							<String ID="string_37" HPOS="1398" VPOS="573" WIDTH="54" HEIGHT="31" WC="0.96" CONTENT="att"/><SP WIDTH="28" VPOS="573" HPOS="1452"/>
							<String ID="string_38" HPOS="1480" VPOS="572" WIDTH="91" HEIGHT="32" WC="0.96" CONTENT="övas"/><SP WIDTH="28" VPOS="572" HPOS="1571"/>
							<String ID="string_39" HPOS="1599" VPOS="567" WIDTH="13" HEIGHT="36" WC="0.91" CONTENT="1"/><SP WIDTH="19" VPOS="567" HPOS="1612"/>
							<String ID="string_40" HPOS="1631" VPOS="579" WIDTH="144" HEIGHT="36" WC="0.91" CONTENT="vapens"/><SP WIDTH="21" VPOS="579" HPOS="1775"/>
							<String ID="string_41" HPOS="1796" VPOS="565" WIDTH="98" HEIGHT="37" WC="0.96" CONTENT="bruk"/><SP WIDTH="20" VPOS="565" HPOS="1894"/>
							<String ID="string_42" HPOS="1914" VPOS="565" WIDTH="93" HEIGHT="37" WC="0.95" CONTENT="eller"/>
						</TextLine>
						<TextLine ID="line_6" HPOS="398" VPOS="622" WIDTH="776" HEIGHT="51">
							<String ID="string_43" HPOS="398" VPOS="624" WIDTH="89" HEIGHT="37" WC="0.96" CONTENT="bära"/><SP WIDTH="27" VPOS="624" HPOS="487"/>
							<String ID="string_44" HPOS="514" VPOS="637" WIDTH="125" HEIGHT="36" WC="0.95" CONTENT="vapen"/><SP WIDTH="29" VPOS="637" HPOS="639"/>
							<String ID="string_45" HPOS="668" VPOS="623" WIDTH="88" HEIGHT="37" WC="0.95" CONTENT="eller"/><SP WIDTH="27" VPOS="623" HPOS="756"/>
							<String ID="string_46" HPOS="783" VPOS="622" WIDTH="262" HEIGHT="47" WC="0.95" CONTENT="ammunition,"/><SP WIDTH="30" VPOS="622" HPOS="1045"/>
							<String ID="string_47" HPOS="1075" VPOS="626" WIDTH="99" HEIGHT="32" WC="0.95" CONTENT="samt"/>
						</TextLine>
					</TextBlock>
					<TextBlock ID="block_4" HPOS="397" VPOS="669" WIDTH="1611" HEIGHT="158">
						<TextLine ID="line_7" HPOS="500" VPOS="669" WIDTH="1506" HEIGHT="55">
							<String ID="string_48" HPOS="500" VPOS="675" WIDTH="38" HEIGHT="49" WC="0.92" CONTENT="b)"/><SP WIDTH="30" VPOS="675" HPOS="538"/>
							<String ID="string_49" HPOS="568" VPOS="676" WIDTH="128" HEIGHT="36" WC="0.93" CONTENT="därest"/><SP WIDTH="27" VPOS="676" HPOS="696"/>
							<String ID="string_50" HPOS="723" VPOS="673" WIDTH="524" HEIGHT="49" WC="0.91" CONTENT="samvetsbetänkligheterna"/><SP WIDTH="27" VPOS="673" HPOS="1247"/>
							<String ID="string_51" HPOS="1274" VPOS="685" WIDTH="87" HEIGHT="24" WC="0.96" CONTENT="avse"/><SP WIDTH="27" VPOS="685" HPOS="1361"/>
							<String ID="string_52" HPOS="1388" VPOS="671" WIDTH="104" HEIGHT="49" WC="0.95" CONTENT="varje"/><SP WIDTH="28" VPOS="671" HPOS="1492"/>
							<String ID="string_53" HPOS="1520" VPOS="670" WIDTH="261" HEIGHT="50" WC="0.96" CONTENT="tjänstgöring"/><SP WIDTH="18" VPOS="670" HPOS="1781"/>
							<String ID="string_54" HPOS="1799" VPOS="669" WIDTH="64" HEIGHT="36" WC="0.93" CONTENT="vid"/><SP WIDTH="20" VPOS="669" HPOS="1863"/>
							<String ID="string_55" HPOS="1883" VPOS="669" WIDTH="123" HEIGHT="48" WC="0.92" CONTENT="krigs-"/>
						</TextLine>
						<TextLine ID="line_8" HPOS="397" VPOS="721" WIDTH="1611" HEIGHT="55">
							<String ID="string_56" HPOS="397" VPOS="728" WIDTH="166" HEIGHT="48" WC="0.95" CONTENT="makten,"/><SP WIDTH="29" VPOS="728" HPOS="563"/>
							<String ID="string_57" HPOS="592" VPOS="728" WIDTH="12" HEIGHT="36" WC="0.96" CONTENT="i"/><SP WIDTH="29" VPOS="728" HPOS="604"/>
							<String ID="string_58" HPOS="633" VPOS="727" WIDTH="122" HEIGHT="37" WC="0.96" CONTENT="stället"/><SP WIDTH="28" VPOS="727" HPOS="755"/>
							<String ID="string_59" HPOS="783" VPOS="727" WIDTH="58" HEIGHT="36" WC="0.96" CONTENT="för"/><SP WIDTH="28" VPOS="727" HPOS="841"/>
							<String ID="string_60" HPOS="869" VPOS="727" WIDTH="140" HEIGHT="36" WC="0.93" CONTENT="honom"/><SP WIDTH="29" VPOS="727" HPOS="1009"/>
							<String ID="string_61" HPOS="1038" VPOS="724" WIDTH="203" HEIGHT="51" WC="0.90" CONTENT="åliggande"/><SP WIDTH="27" VPOS="724" HPOS="1241"/>
							<String ID="string_62" HPOS="1268" VPOS="722" WIDTH="478" HEIGHT="52" WC="0.91" CONTENT="värnpliktstjänstgöring"/><SP WIDTH="19" VPOS="722" HPOS="1746"/>
							<String ID="string_63" HPOS="1765" VPOS="721" WIDTH="124" HEIGHT="37" WC="0.96" CONTENT="utföra"/><SP WIDTH="15" VPOS="721" HPOS="1889"/>
							<String ID="string_64" HPOS="1904" VPOS="721" WIDTH="104" HEIGHT="36" WC="0.96" CONTENT="civilt"/>
						</TextLine>
						<TextLine ID="line_9" HPOS="399" VPOS="778" WIDTH="587" HEIGHT="49">
							<String ID="string_65" HPOS="399" VPOS="780" WIDTH="124" HEIGHT="36" WC="0.96" CONTENT="arbete"/><SP WIDTH="28" VPOS="780" HPOS="523"/>
							<String ID="string_66" HPOS="551" VPOS="780" WIDTH="59" HEIGHT="36" WC="0.96" CONTENT="för"/><SP WIDTH="29" VPOS="780" HPOS="610"/>
							<String ID="string_67" HPOS="639" VPOS="784" WIDTH="142" HEIGHT="32" WC="0.96" CONTENT="statens"/><SP WIDTH="29" VPOS="784" HPOS="781"/>
							<String ID="string_68" HPOS="810" VPOS="778" WIDTH="176" HEIGHT="49" WC="0.96" CONTENT="räkning."/>
						</TextLine>
					</TextBlock>
				</ComposedBlock>
				<ComposedBlock ID="cblock_3" HPOS="398" VPOS="862" WIDTH="1612" HEIGHT="330">
					<TextBlock ID="block_5" HPOS="398" VPOS="862" WIDTH="1612" HEIGHT="330">
						<TextLine ID="line_10" HPOS="1160" VPOS="862" WIDTH="86" HEIGHT="49">
							<String ID="string_69" HPOS="1160" VPOS="862" WIDTH="21" HEIGHT="49" WC="0.78" CONTENT="8"/><SP WIDTH="31" VPOS="862" HPOS="1181"/>
							<String ID="string_70" HPOS="1212" VPOS="864" WIDTH="34" HEIGHT="34" WC="0.95" CONTENT="3."/>
						</TextLine>
						<TextLine ID="line_11" HPOS="500" VPOS="927" WIDTH="1510" HEIGHT="57">
							<String ID="string_71" HPOS="500" VPOS="934" WIDTH="259" HEIGHT="50" WC="0.95" CONTENT="Värnpliktig,"/><SP WIDTH="29" VPOS="934" HPOS="759"/>
							<String ID="string_72" HPOS="788" VPOS="933" WIDTH="120" HEIGHT="37" WC="0.96" CONTENT="vilket"/><SP WIDTH="28" VPOS="933" HPOS="908"/>
							<String ID="string_73" HPOS="936" VPOS="932" WIDTH="146" HEIGHT="37" WC="0.96" CONTENT="erhållit"/><SP WIDTH="28" VPOS="932" HPOS="1082"/>
							<String ID="string_74" HPOS="1110" VPOS="931" WIDTH="170" HEIGHT="37" WC="0.96" CONTENT="tillstånd"/><SP WIDTH="29" VPOS="931" HPOS="1280"/>
							<String ID="string_75" HPOS="1309" VPOS="935" WIDTH="53" HEIGHT="32" WC="0.96" CONTENT="att"/><SP WIDTH="29" VPOS="935" HPOS="1362"/>
							<String ID="string_76" HPOS="1391" VPOS="929" WIDTH="165" HEIGHT="50" WC="0.96" CONTENT="fullgöra"/><SP WIDTH="28" VPOS="929" HPOS="1556"/>
							<String ID="string_77" HPOS="1584" VPOS="927" WIDTH="244" HEIGHT="51" WC="0.96" CONTENT="värnplikten"/><SP WIDTH="29" VPOS="927" HPOS="1828"/>
							<String ID="string_78" HPOS="1857" VPOS="930" WIDTH="48" HEIGHT="47" WC="0.96" CONTENT="på"/><SP WIDTH="29" VPOS="930" HPOS="1905"/>
							<String ID="string_79" HPOS="1934" VPOS="933" WIDTH="76" HEIGHT="31" WC="0.96" CONTENT="sätt"/>
						</TextLine>
						<TextLine ID="line_12" HPOS="398" VPOS="980" WIDTH="1612" HEIGHT="56">
							<String ID="string_80" HPOS="398" VPOS="988" WIDTH="12" HEIGHT="36" WC="0.93" CONTENT="i"/><SP WIDTH="28" VPOS="988" HPOS="410"/>
							<String ID="string_81" HPOS="438" VPOS="987" WIDTH="21" HEIGHT="49" WC="0.91" CONTENT="8"/><SP WIDTH="32" VPOS="987" HPOS="459"/>
							<String ID="string_82" HPOS="491" VPOS="989" WIDTH="17" HEIGHT="35" WC="0.91" CONTENT="1"/><SP WIDTH="31" VPOS="989" HPOS="508"/>
							<String ID="string_83" HPOS="539" VPOS="986" WIDTH="35" HEIGHT="50" WC="0.93" CONTENT="a)"/><SP WIDTH="42" VPOS="986" HPOS="574"/>
							<String ID="string_84" HPOS="616" VPOS="986" WIDTH="157" HEIGHT="50" WC="0.91" CONTENT="angives"/><SP WIDTH="42" VPOS="986" HPOS="773"/>
							<String ID="string_85" HPOS="815" VPOS="986" WIDTH="90" HEIGHT="36" WC="0.96" CONTENT="eller"/><SP WIDTH="27" VPOS="986" HPOS="905"/>
							<String ID="string_86" HPOS="932" VPOS="990" WIDTH="66" HEIGHT="42" WC="0.96" CONTENT="att,"/><SP WIDTH="30" VPOS="990" HPOS="998"/>
							<String ID="string_87" HPOS="1028" VPOS="984" WIDTH="119" HEIGHT="48" WC="0.96" CONTENT="enligt"/><SP WIDTH="27" VPOS="984" HPOS="1147"/>
							<String ID="string_88" HPOS="1174" VPOS="983" WIDTH="74" HEIGHT="37" WC="0.96" CONTENT="vad"/><SP WIDTH="28" VPOS="983" HPOS="1248"/>
							<String ID="string_89" HPOS="1276" VPOS="983" WIDTH="12" HEIGHT="36" WC="0.92" CONTENT="i"/><SP WIDTH="28" VPOS="983" HPOS="1288"/>
							<String ID="string_90" HPOS="1316" VPOS="982" WIDTH="21" HEIGHT="49" WC="0.77" CONTENT="&amp;"/><SP WIDTH="33" VPOS="982" HPOS="1337"/>
							<String ID="string_91" HPOS="1370" VPOS="984" WIDTH="18" HEIGHT="34" WC="0.91" CONTENT="1"/><SP WIDTH="30" VPOS="984" HPOS="1388"/>
							<String ID="string_92" HPOS="1418" VPOS="981" WIDTH="39" HEIGHT="49" WC="0.91" CONTENT="b)"/><SP WIDTH="30" VPOS="981" HPOS="1457"/>
							<String ID="string_93" HPOS="1487" VPOS="986" WIDTH="103" HEIGHT="44" WC="0.96" CONTENT="sägs,"/><SP WIDTH="29" VPOS="986" HPOS="1590"/>
							<String ID="string_94" HPOS="1619" VPOS="981" WIDTH="11" HEIGHT="36" WC="0.77" CONTENT="i"/><SP WIDTH="30" VPOS="981" HPOS="1630"/>
							<String ID="string_95" HPOS="1660" VPOS="981" WIDTH="125" HEIGHT="37" WC="0.96" CONTENT="stället"/><SP WIDTH="28" VPOS="981" HPOS="1785"/>
							<String ID="string_96" HPOS="1813" VPOS="980" WIDTH="59" HEIGHT="37" WC="0.93" CONTENT="för"/><SP WIDTH="28" VPOS="980" HPOS="1872"/>
							<String ID="string_97" HPOS="1900" VPOS="985" WIDTH="110" HEIGHT="31" WC="0.92" CONTENT="värn-"/>
						</TextLine>
						<TextLine ID="line_13" HPOS="399" VPOS="1031" WIDTH="1611" HEIGHT="58">
							<String ID="string_98" HPOS="399" VPOS="1039" WIDTH="382" HEIGHT="50" WC="0.92" CONTENT="pliktstjänstgöring"/><SP WIDTH="27" VPOS="1039" HPOS="781"/>
							<String ID="string_99" HPOS="808" VPOS="1038" WIDTH="126" HEIGHT="36" WC="0.96" CONTENT="utföra"/><SP WIDTH="27" VPOS="1038" HPOS="934"/>
							<String ID="string_100" HPOS="961" VPOS="1036" WIDTH="103" HEIGHT="38" WC="0.96" CONTENT="civilt"/><SP WIDTH="27" VPOS="1036" HPOS="1064"/>
							<String ID="string_101" HPOS="1091" VPOS="1035" WIDTH="139" HEIGHT="48" WC="0.96" CONTENT="arbete,"/><SP WIDTH="30" VPOS="1035" HPOS="1230"/>
							<String ID="string_102" HPOS="1260" VPOS="1039" WIDTH="41" HEIGHT="32" WC="0.96" CONTENT="är"/><SP WIDTH="28" VPOS="1039" HPOS="1301"/>
							<String ID="string_103" HPOS="1329" VPOS="1034" WIDTH="156" HEIGHT="48" WC="0.96" CONTENT="skyldig"/><SP WIDTH="28" VPOS="1034" HPOS="1485"/>
							<String ID="string_104" HPOS="1513" VPOS="1038" WIDTH="55" HEIGHT="31" WC="0.96" CONTENT="att"/><SP WIDTH="27" VPOS="1038" HPOS="1568"/>
							<String ID="string_105" HPOS="1595" VPOS="1033" WIDTH="122" HEIGHT="37" WC="0.96" CONTENT="under"/><SP WIDTH="28" VPOS="1033" HPOS="1717"/>
							<String ID="string_106" HPOS="1745" VPOS="1031" WIDTH="159" HEIGHT="38" WC="0.96" CONTENT="fredstid"/><SP WIDTH="28" VPOS="1031" HPOS="1904"/>
							<String ID="string_107" HPOS="1932" VPOS="1033" WIDTH="12" HEIGHT="36" WC="0.88" CONTENT="i"/><SP WIDTH="19" VPOS="1033" HPOS="1944"/>
							<String ID="string_108" HPOS="1963" VPOS="1044" WIDTH="47" HEIGHT="24" WC="0.88" CONTENT="en"/>
						</TextLine>
						<TextLine ID="line_14" HPOS="401" VPOS="1084" WIDTH="1609" HEIGHT="56">
							<String ID="string_109" HPOS="401" VPOS="1091" WIDTH="92" HEIGHT="49" WC="0.96" CONTENT="följd"/><SP WIDTH="29" VPOS="1091" HPOS="493"/>
							<String ID="string_110" HPOS="522" VPOS="1091" WIDTH="217" HEIGHT="49" WC="0.96" CONTENT="tjänstgöra"/><SP WIDTH="18" VPOS="1091" HPOS="739"/>
							<String ID="string_111" HPOS="757" VPOS="1103" WIDTH="144" HEIGHT="24" WC="0.94" CONTENT="samma"/><SP WIDTH="28" VPOS="1103" HPOS="901"/>
							<String ID="string_112" HPOS="929" VPOS="1089" WIDTH="101" HEIGHT="36" WC="0.96" CONTENT="antal"/><SP WIDTH="28" VPOS="1089" HPOS="1030"/>
							<String ID="string_113" HPOS="1058" VPOS="1087" WIDTH="130" HEIGHT="50" WC="0.96" CONTENT="dagar,"/><SP WIDTH="30" VPOS="1087" HPOS="1188"/>
							<String ID="string_114" HPOS="1218" VPOS="1100" WIDTH="80" HEIGHT="23" WC="0.96" CONTENT="som"/><SP WIDTH="28" VPOS="1100" HPOS="1298"/>
							<String ID="string_115" HPOS="1326" VPOS="1086" WIDTH="76" HEIGHT="37" WC="0.96" CONTENT="han"/><SP WIDTH="28" VPOS="1086" HPOS="1402"/>
							<String ID="string_116" HPOS="1430" VPOS="1085" WIDTH="120" HEIGHT="38" WC="0.96" CONTENT="skulle"/><SP WIDTH="28" VPOS="1085" HPOS="1550"/>
							<String ID="string_117" HPOS="1578" VPOS="1085" WIDTH="99" HEIGHT="36" WC="0.95" CONTENT="hava"/><SP WIDTH="19" VPOS="1085" HPOS="1677"/>
							<String ID="string_118" HPOS="1696" VPOS="1084" WIDTH="232" HEIGHT="50" WC="0.95" CONTENT="tjänstgjort,"/><SP WIDTH="21" VPOS="1084" HPOS="1928"/>
							<String ID="string_119" HPOS="1949" VPOS="1097" WIDTH="61" HEIGHT="23" WC="0.95" CONTENT="om"/>
						</TextLine>
						<TextLine ID="line_15" HPOS="400" VPOS="1138" WIDTH="977" HEIGHT="54">
							<String ID="string_120" HPOS="400" VPOS="1143" WIDTH="75" HEIGHT="37" WC="0.95" CONTENT="han"/><SP WIDTH="29" VPOS="1143" HPOS="475"/>
							<String ID="string_121" HPOS="504" VPOS="1142" WIDTH="176" HEIGHT="50" WC="0.96" CONTENT="fullgjort"/><SP WIDTH="27" VPOS="1142" HPOS="680"/>
							<String ID="string_122" HPOS="707" VPOS="1142" WIDTH="244" HEIGHT="49" WC="0.96" CONTENT="värnplikten"/><SP WIDTH="28" VPOS="1142" HPOS="951"/>
							<String ID="string_123" HPOS="979" VPOS="1141" WIDTH="11" HEIGHT="35" WC="0.96" CONTENT="i"/><SP WIDTH="28" VPOS="1141" HPOS="990"/>
							<String ID="string_124" HPOS="1018" VPOS="1140" WIDTH="135" HEIGHT="48" WC="0.96" CONTENT="vanlig"/><SP WIDTH="28" VPOS="1140" HPOS="1153"/>
							<String ID="string_125" HPOS="1181" VPOS="1138" WIDTH="196" HEIGHT="48" WC="0.96" CONTENT="ordning.»"/>
						</TextLine>
					</TextBlock>
				</ComposedBlock>
				<ComposedBlock ID="cblock_4" HPOS="401" VPOS="1240" WIDTH="1611" HEIGHT="193">
					<TextBlock ID="block_6" HPOS="401" VPOS="1240" WIDTH="1611" HEIGHT="193">
						<TextLine ID="line_16" HPOS="504" VPOS="1240" WIDTH="1508" HEIGHT="55">
							<String ID="string_126" HPOS="504" VPOS="1245" WIDTH="39" HEIGHT="49" WC="0.95" CONTENT="4)"/><SP WIDTH="29" VPOS="1245" HPOS="543"/>
							<String ID="string_127" HPOS="572" VPOS="1260" WIDTH="48" HEIGHT="22" WC="0.95" CONTENT="av"/><SP WIDTH="28" VPOS="1260" HPOS="620"/>
							<String ID="string_128" HPOS="648" VPOS="1246" WIDTH="128" HEIGHT="36" WC="0.95" CONTENT="herrar"/><SP WIDTH="29" VPOS="1246" HPOS="776"/>
							<String ID="string_129" HPOS="805" VPOS="1245" WIDTH="131" HEIGHT="50" WC="0.96" CONTENT="Alfred"/><SP WIDTH="28" VPOS="1245" HPOS="936"/>
							<String ID="string_130" HPOS="964" VPOS="1244" WIDTH="134" HEIGHT="45" WC="0.96" CONTENT="Petrén,"/><SP WIDTH="30" VPOS="1244" HPOS="1098"/>
							<String ID="string_131" HPOS="1128" VPOS="1243" WIDTH="146" HEIGHT="45" WC="0.96" CONTENT="Linder,"/><SP WIDTH="35" VPOS="1243" HPOS="1274"/>
							<String ID="string_132" HPOS="1309" VPOS="1241" WIDTH="170" HEIGHT="39" WC="0.96" CONTENT="Carlsson"/><SP WIDTH="29" VPOS="1241" HPOS="1479"/>
							<String ID="string_133" HPOS="1508" VPOS="1241" WIDTH="10" HEIGHT="36" WC="0.92" CONTENT="i"/><SP WIDTH="21" VPOS="1241" HPOS="1518"/>
							<String ID="string_134" HPOS="1539" VPOS="1240" WIDTH="205" HEIGHT="37" WC="0.92" CONTENT="Frosterud"/><SP WIDTH="21" VPOS="1240" HPOS="1744"/>
							<String ID="string_135" HPOS="1765" VPOS="1240" WIDTH="70" HEIGHT="36" WC="0.93" CONTENT="och"/><SP WIDTH="18" VPOS="1240" HPOS="1835"/>
							<String ID="string_136" HPOS="1853" VPOS="1240" WIDTH="159" HEIGHT="37" WC="0.90" CONTENT="Johans-"/>
						</TextLine>
						<TextLine ID="line_17" HPOS="401" VPOS="1296" WIDTH="446" HEIGHT="51">
							<String ID="string_137" HPOS="401" VPOS="1312" WIDTH="64" HEIGHT="23" WC="0.96" CONTENT="son"/><SP WIDTH="26" VPOS="1312" HPOS="465"/>
							<String ID="string_138" HPOS="491" VPOS="1298" WIDTH="12" HEIGHT="36" WC="0.88" CONTENT="1"/><SP WIDTH="27" VPOS="1298" HPOS="503"/>
							<String ID="string_139" HPOS="530" VPOS="1298" WIDTH="187" HEIGHT="49" WC="0.96" CONTENT="Vittinge,"/><SP WIDTH="28" VPOS="1298" HPOS="717"/>
							<String ID="string_140" HPOS="745" VPOS="1296" WIDTH="102" HEIGHT="37" WC="0.96" CONTENT="vilka"/>
						</TextLine>
						<TextLine ID="line_18" HPOS="610" VPOS="1384" WIDTH="335" HEIGHT="49">
							<String ID="string_141" HPOS="610" VPOS="1384" WIDTH="224" HEIGHT="49" WC="0.88" CONTENT="beträffande"/><SP WIDTH="27" VPOS="1384" HPOS="834"/>
							<String ID="string_142" HPOS="861" VPOS="1386" WIDTH="23" HEIGHT="42" WC="0.93" CONTENT="$"/><SP WIDTH="28" VPOS="1386" HPOS="884"/>
							<String ID="string_143" HPOS="912" VPOS="1384" WIDTH="33" HEIGHT="46" WC="0.94" CONTENT="1,"/>
						</TextLine>
					</TextBlock>
				</ComposedBlock>
				<ComposedBlock ID="cblock_5" HPOS="402" VPOS="1447" WIDTH="1612" HEIGHT="108">
					<TextBlock ID="block_7" HPOS="402" VPOS="1447" WIDTH="1612" HEIGHT="108">
						<TextLine ID="line_19" HPOS="504" VPOS="1447" WIDTH="1510" HEIGHT="55">
							<String ID="string_144" HPOS="504" VPOS="1454" WIDTH="13" HEIGHT="35" WC="0.96" CONTENT="i"/><SP WIDTH="37" VPOS="1454" HPOS="517"/>
							<String ID="string_145" HPOS="554" VPOS="1453" WIDTH="171" HEIGHT="49" WC="0.96" CONTENT="enlighet"/><SP WIDTH="27" VPOS="1453" HPOS="725"/>
							<String ID="string_146" HPOS="752" VPOS="1452" WIDTH="86" HEIGHT="36" WC="0.91" CONTENT="med"/><SP WIDTH="28" VPOS="1452" HPOS="838"/>
							<String ID="string_147" HPOS="866" VPOS="1451" WIDTH="225" HEIGHT="37" WC="0.91" CONTENT="motionsvis"/><SP WIDTH="29" VPOS="1451" HPOS="1091"/>
							<String ID="string_148" HPOS="1120" VPOS="1449" WIDTH="204" HEIGHT="37" WC="0.96" CONTENT="framställt"/><SP WIDTH="27" VPOS="1449" HPOS="1324"/>
							<String ID="string_149" HPOS="1351" VPOS="1448" WIDTH="171" HEIGHT="50" WC="0.96" CONTENT="yrkande"/><SP WIDTH="28" VPOS="1448" HPOS="1522"/>
							<String ID="string_150" HPOS="1550" VPOS="1452" WIDTH="138" HEIGHT="43" WC="0.96" CONTENT="ansett,"/><SP WIDTH="30" VPOS="1452" HPOS="1688"/>
							<String ID="string_151" HPOS="1718" VPOS="1452" WIDTH="53" HEIGHT="31" WC="0.96" CONTENT="att"/><SP WIDTH="29" VPOS="1452" HPOS="1771"/>
							<String ID="string_152" HPOS="1800" VPOS="1447" WIDTH="117" HEIGHT="37" WC="0.93" CONTENT="orden"/><SP WIDTH="28" VPOS="1447" HPOS="1917"/>
							<String ID="string_153" HPOS="1945" VPOS="1449" WIDTH="69" HEIGHT="47" WC="0.92" CONTENT="»på"/>
						</TextLine>
						<TextLine ID="line_20" HPOS="402" VPOS="1500" WIDTH="1374" HEIGHT="55">
							<String ID="string_154" HPOS="402" VPOS="1506" WIDTH="154" HEIGHT="49" WC="0.96" CONTENT="religiös"/><SP WIDTH="29" VPOS="1506" HPOS="556"/>
							<String ID="string_155" HPOS="585" VPOS="1504" WIDTH="240" HEIGHT="50" WC="0.96" CONTENT="övertygelse"/><SP WIDTH="28" VPOS="1504" HPOS="825"/>
							<String ID="string_156" HPOS="853" VPOS="1503" WIDTH="216" HEIGHT="50" WC="0.96" CONTENT="grundade»"/><SP WIDTH="29" VPOS="1503" HPOS="1069"/>
							<String ID="string_157" HPOS="1098" VPOS="1502" WIDTH="88" HEIGHT="37" WC="0.96" CONTENT="bort"/><SP WIDTH="27" VPOS="1502" HPOS="1186"/>
							<String ID="string_158" HPOS="1213" VPOS="1515" WIDTH="45" HEIGHT="23" WC="0.96" CONTENT="ur"/><SP WIDTH="26" VPOS="1515" HPOS="1258"/>
							<String ID="string_159" HPOS="1284" VPOS="1500" WIDTH="225" HEIGHT="50" WC="0.96" CONTENT="paragrafen"/><SP WIDTH="29" VPOS="1500" HPOS="1509"/>
							<String ID="string_160" HPOS="1538" VPOS="1501" WIDTH="108" HEIGHT="47" WC="0.96" CONTENT="utgå;"/><SP WIDTH="31" VPOS="1501" HPOS="1646"/>
							<String ID="string_161" HPOS="1677" VPOS="1504" WIDTH="99" HEIGHT="32" WC="0.95" CONTENT="samt"/>
						</TextLine>
					</TextBlock>
				</ComposedBlock>
				<ComposedBlock ID="cblock_6" HPOS="612" VPOS="1590" WIDTH="325" HEIGHT="50">
					<TextBlock ID="block_8" HPOS="612" VPOS="1590" WIDTH="325" HEIGHT="50">
						<TextLine ID="line_21" HPOS="612" VPOS="1590" WIDTH="325" HEIGHT="50">
							<String ID="string_162" HPOS="612" VPOS="1591" WIDTH="223" HEIGHT="49" WC="0.93" CONTENT="beträffande"/><SP WIDTH="25" VPOS="1591" HPOS="835"/>
							<String ID="string_163" HPOS="860" VPOS="1593" WIDTH="23" HEIGHT="42" WC="0.92" CONTENT="$"/><SP WIDTH="28" VPOS="1593" HPOS="883"/>
							<String ID="string_164" HPOS="911" VPOS="1590" WIDTH="26" HEIGHT="36" WC="0.96" CONTENT="3"/>
						</TextLine>
					</TextBlock>
				</ComposedBlock>
				<ComposedBlock ID="cblock_7" HPOS="405" VPOS="1653" WIDTH="1609" HEIGHT="108">
					<TextBlock ID="block_9" HPOS="405" VPOS="1653" WIDTH="1609" HEIGHT="108">
						<TextLine ID="line_22" HPOS="506" VPOS="1653" WIDTH="1508" HEIGHT="56">
							<String ID="string_165" HPOS="506" VPOS="1660" WIDTH="112" HEIGHT="49" WC="0.96" CONTENT="yrkat"/><SP WIDTH="40" VPOS="1660" HPOS="618"/>
							<String ID="string_166" HPOS="658" VPOS="1659" WIDTH="105" HEIGHT="37" WC="0.96" CONTENT="bifall"/><SP WIDTH="41" VPOS="1659" HPOS="763"/>
							<String ID="string_167" HPOS="804" VPOS="1659" WIDTH="57" HEIGHT="36" WC="0.96" CONTENT="till"/><SP WIDTH="33" VPOS="1659" HPOS="861"/>
							<String ID="string_168" HPOS="894" VPOS="1658" WIDTH="63" HEIGHT="37" WC="0.96" CONTENT="det"/><SP WIDTH="41" VPOS="1658" HPOS="957"/>
							<String ID="string_169" HPOS="998" VPOS="1658" WIDTH="12" HEIGHT="36" WC="0.96" CONTENT="i"/><SP WIDTH="27" VPOS="1658" HPOS="1010"/>
							<String ID="string_170" HPOS="1037" VPOS="1658" WIDTH="130" HEIGHT="36" WC="0.93" CONTENT="herrar"/><SP WIDTH="32" VPOS="1658" HPOS="1167"/>
							<String ID="string_171" HPOS="1199" VPOS="1656" WIDTH="179" HEIGHT="37" WC="0.91" CONTENT="Hamrins"/><SP WIDTH="29" VPOS="1656" HPOS="1378"/>
							<String ID="string_172" HPOS="1407" VPOS="1655" WIDTH="72" HEIGHT="37" WC="0.93" CONTENT="och"/><SP WIDTH="30" VPOS="1655" HPOS="1479"/>
							<String ID="string_173" HPOS="1509" VPOS="1654" WIDTH="190" HEIGHT="38" WC="0.92" CONTENT="Leanders"/><SP WIDTH="28" VPOS="1654" HPOS="1699"/>
							<String ID="string_174" HPOS="1727" VPOS="1654" WIDTH="145" HEIGHT="36" WC="0.93" CONTENT="motion"/><SP WIDTH="31" VPOS="1654" HPOS="1872"/>
							<String ID="string_175" HPOS="1903" VPOS="1653" WIDTH="111" HEIGHT="36" WC="0.90" CONTENT="fram-"/>
						</TextLine>
						<TextLine ID="line_23" HPOS="405" VPOS="1708" WIDTH="961" HEIGHT="53">
							<String ID="string_176" HPOS="405" VPOS="1712" WIDTH="135" HEIGHT="37" WC="0.96" CONTENT="ställda"/><SP WIDTH="26" VPOS="1712" HPOS="540"/>
							<String ID="string_177" HPOS="566" VPOS="1711" WIDTH="189" HEIGHT="50" WC="0.96" CONTENT="yrkandet"/><SP WIDTH="26" VPOS="1711" HPOS="755"/>
							<String ID="string_178" HPOS="781" VPOS="1710" WIDTH="162" HEIGHT="37" WC="0.93" CONTENT="rörande"/><SP WIDTH="28" VPOS="1710" HPOS="943"/>
							<String ID="string_179" HPOS="971" VPOS="1708" WIDTH="395" HEIGHT="51" WC="0.90" CONTENT="tjänstgöringstiden."/>
						</TextLine>
					</TextBlock>
				</ComposedBlock>
			</PrintSpace>
		</Page>
	</Layout>
</alto>
