2186 2618
665 210 117 32 Andra
804 211 220 40 lagutskottets
1045 211 168 31 utlåtande
1236 210 52 31 Nr
1309 213 50 29 24.
1792 211 19 31 3

316 289 138 37 Herrar
503 289 136 36 Werner
679 288 68 37 och
788 289 171 37 Hansson
999 289 12 36 1
1053 288 153 37 Rättvik
1243 288 96 37 hava
1366 289 12 35 i
1407 288 142 37 motion
1578 288 233 38 beträffande
1840 301 101 24 Herrar
1954 302 68 22 Wer-

213 341 243 37 förevarande
498 341 181 49 paragraf
717 341 103 49 gjort
848 341 197 36 enahanda
1073 341 223 36 hemställan
1325 354 80 24 som
1434 341 127 37 herrar
1589 340 221 50 Sandegård

214 393 69 37 och
312 392 145 50 Sigfrid
485 393 188 37 Hansson.

317 496 95 38 Herr
453 498 92 35 Karl
585 497 145 50 August
768 497 136 36 Nilson
943 497 69 36 har
1045 497 11 36 i
1085 497 57 37 sin
1171 497 143 36 motion
1342 497 203 47 hemställt,
1575 502 55 32 att
1657 497 12 36 i
1697 497 113 50 lagen

213 552 114 34 måtte
355 549 151 49 infogas
535 562 47 23 en
609 563 52 36 ny
688 549 182 49 paragraf
894 548 82 37 med
1005 548 262 38 bestämmelse
1297 562 72 34 om,
1400 554 54 31 att
1482 549 73 37 vad
1584 550 58 36 för
1665 550 12 36 i
1697 550 114 48 lagen

215 601 139 37 avsedd
391 601 231 50 värnpliktig
663 601 120 49 gäller
810 600 64 37 vid
903 601 373 49 fredstjänstgöring,
1306 602 119 48 gäller
1453 602 113 36 också
1593 602 12 35 i
1632 601 178 37 händelse

215 667 45 23 av
288 653 96 49 krig.

317 757 82 37 Vad
442 757 93 37 först
577 760 119 46 angår
737 757 533 49 samvetsbetänkligheternas
1313 763 56 31 art
1410 757 121 37 finner
1570 758 193 47 utskottet,
1798 758 12 36 i

215 809 118 37 likhet
374 809 84 37 med
500 809 426 50 departementschefen,
970 810 181 47 förslaget
1193 815 54 31 att
1288 809 186 49 begränsa
1511 810 73 36 den
1611 823 123 36 grupp
1765 823 45 23 av

216 862 267 49 värnpliktiga,
513 875 81 23 som
623 862 119 36 skulle
770 867 111 43 göras
909 862 54 35 till
982 861 157 37 föremål
1159 861 58 37 för
1237 862 449 49 specialbestämmelser
1669 857 22 58 i
1707 875 102 24 avse-

215 913 94 37 ende
325 916 20 34 å
356 913 528 50 värnpliktstjänstgöringen,
899 914 53 35 till
967 914 158 36 allenast
1140 914 276 46 sådana,vilkas
1432 913 378 50 samvetsbetänklig-

215 966 104 36 heter
337 966 97 36 hava
453 966 57 36 sin
525 966 123 49 grund
664 967 11 35 i
691 967 128 36 kristen
834 966 82 36 eller
929 967 156 35 mosaisk
1099 966 305 49 trosåskådning,
1424 966 82 37 icke
1526 971 116 44 ägnat
1658 972 55 30 att
1728 966 82 37 leda

214 1018 57 36 till
286 1023 54 32 ett
354 1032 45 22 ur
412 1018 202 36 rättvisans
630 1018 70 37 och
715 1018 241 49 billighetens
972 1017 195 50 synpunkt
1183 1018 84 36 fullt
1281 1018 346 37 tillfredsställande
1641 1018 167 37 resultat.

215 1071 64 35 Att
308 1073 20 33 å
357 1070 117 36 andra
501 1070 107 36 sidan
637 1073 106 34 avstå
772 1071 83 36 från
883 1070 164 47 fordran,
1068 1076 55 30 att
1152 1070 523 49 samvetsbetänkligheterna
1703 1071 106 36 skola

213 1136 89 22 vara
330 1122 196 49 grundade
553 1125 48 46 på
629 1123 152 48 religiös
811 1123 247 48 övertygelse,
1088 1122 119 37 finner
1234 1123 180 36 utskottet
1441 1136 91 23 vara
1559 1123 144 36 mindre
1731 1123 79 36 väl-

214 1174 169 37 betänkt.
438 1174 102 36 Ifrån
581 1174 202 49 teologiskt
824 1175 75 36 håll
936 1179 109 44 göres
1075 1175 221 48 visserligen
1325 1175 187 49 gällande,
1543 1180 53 31 att
1624 1180 185 31 samvetet

214 1226 56 37 för
311 1226 71 37 den
424 1226 143 37 kristna
607 1227 293 49 uppfattningen
942 1226 105 36 alltid
1089 1232 41 30 är
1159 1240 46 23 en
1237 1227 154 49 religiös
1421 1227 153 46 storhet,
1614 1227 195 37 vittnande

213 1291 60 23 om
315 1291 47 24 en
402 1278 217 36 människas
661 1278 183 37 samband
885 1279 12 35 i
939 1279 64 35 sitt
1044 1283 135 31 väsens
1222 1278 90 49 djup
1345 1279 85 36 med
1459 1291 45 23 en
1532 1279 121 48 högre
1681 1279 129 49 andlig

212 1330 116 36 makt.
392 1330 97 36 Från
532 1330 122 36 denna
695 1330 193 49 synpunkt
930 1335 69 31 sett
1041 1330 118 36 skulle
1200 1330 62 36 det
1303 1331 11 35 i
1351 1330 67 37 sak
1454 1344 89 22 vara
1579 1331 230 49 fullkomligt

213 1382 182 49 likgiltigt
424 1395 71 34 om,
526 1385 124 33 såsom
679 1382 223 48 föreslagits,
932 1381 114 37 orden
1075 1385 68 46 »på
1162 1382 152 48 religiös
1334 1383 239 48 övertygelse
1592 1383 214 48 grundade»

212 1434 180 36 uteslötes
430 1434 90 36 eller
548 1435 45 45 ej.
650 1434 215 36 Emellertid
895 1433 104 37 torde
1028 1434 11 35 i
1069 1433 63 37 det
1160 1435 152 48 vanliga
1340 1434 253 49 språkbruket
1620 1435 187 49 uttrycket

212 1492 166 31 samvete
418 1486 82 37 icke
541 1486 104 36 alltid
688 1487 112 36 fattas
832 1487 10 35 1
872 1499 97 23 ovan
999 1486 165 48 angivna
1191 1487 175 48 religiösa
1394 1486 243 37 bemärkelse.
1695 1487 112 36 Såväl

211 1538 127 37 herrar
366 1537 220 50 Sandegård
615 1538 69 37 och
714 1538 141 49 Sigfrid
884 1538 177 36 Hansson
1089 1551 80 24 com
1198 1538 125 37 herrar
1352 1538 153 37 Werner
1533 1539 69 36 och
1631 1540 175 36 FEansson

212 1590 11 36 1
251 1591 155 36 Rättvik
435 1603 88 23 avse
551 1591 301 48 uppenbarligen
882 1596 53 30 att
962 1590 186 49 inrymma
1176 1590 118 37 under
1323 1591 71 36 den
1422 1605 46 22 av
1488 1591 83 36 dem
1592 1591 214 48 föreslagna

211 1642 296 50 formuleringen
535 1643 218 48 »allvarliga
794 1642 490 49 samvetsbetänkligheter»
1315 1643 139 36 sådana
1492 1643 312 49 betänkligheter,

211 1694 100 36 vilka
351 1694 82 37 icke
472 1694 148 48 grunda
661 1695 60 47 sig
761 1697 48 46 på
848 1694 176 48 religiösa
1052 1695 116 35 motiv
1199 1700 88 30 utan
1315 1697 48 46 på
1391 1695 130 47 etiska,
1551 1695 137 36 sociala
1716 1696 89 36 eller

212 1746 114 36 andra
354 1746 92 36 skäl.
502 1746 194 36 Utskottet
723 1746 64 36 vill
817 1746 81 36 icke
920 1746 167 46 förneka,
1108 1751 53 31 att
1186 1746 64 36 fall
1271 1760 45 22 av
1336 1747 469 48 samvetsbetänkligheter

211 1811 46 22 av
299 1798 123 36 denna
462 1811 129 23 senare
629 1804 56 30 art
727 1798 128 36 kunna
882 1798 161 45 inträffa,
1073 1797 67 36 där
1168 1802 142 32 statens
1339 1798 260 37 efterlåtenhet
1628 1799 83 36 med
1741 1813 63 22 av-

210 1849 135 37 seende
386 1852 47 46 på
473 1849 253 37 utkrävandet
767 1863 46 22 av
854 1849 293 49 medborgarens
1185 1849 217 49 skyldighet
1430 1851 119 49 enligt
1577 1850 227 50 värnplikts-

211 1901 111 49 lagen
363 1901 124 37 kunde
527 1915 89 22 vara
657 1902 74 36 lika
773 1902 59 36 väl
874 1901 200 36 motiverat
1101 1915 80 23 som
1211 1902 46 36 då
1286 1902 518 50 samvetsbetänkligheterna

210 1954 147 46 grunda
398 1954 59 48 sig
498 1956 47 46 på
585 1953 153 49 religiös
776 1954 247 48 övertygelse.
1079 1953 84 37 Men
1195 1954 179 36 utskottet
1403 1955 119 36 finner
1551 1955 60 48 sig
1640 1968 46 22 av
1715 1955 88 36 flera

210 2005 82 36 skäl
334 2006 31 48 ej
410 2006 128 35 kunna
579 2019 46 22 av
654 2006 121 36 denna
803 2005 204 49 anledning
1036 2008 106 33 avstå
1172 2005 82 36 från
1282 2006 133 36 kravet
1442 2009 48 46 på
1517 2006 151 48 religiös
1698 2012 104 31 över-

210 2058 144 47 tygelse
383 2070 79 23 som
491 2057 125 47 grund
645 2058 59 35 för
731 2057 158 36 berörda
916 2057 480 48 samvetsbetänkligheter.

311 2108 88 36 Dels
428 2108 102 37 torde
558 2122 46 22 en
633 2109 157 36 särskild
818 2109 148 47 hänsyn
994 2109 92 35 böra
1106 2108 115 36 fästas
1241 2109 61 35 vid
1323 2109 478 48 samvetsbetänkligheter,

209 2174 79 23 som
329 2160 12 35 1
370 2159 44 37 de
442 2160 106 36 flesta
590 2160 65 36 fall
696 2160 91 36 söka
815 2160 60 48 sig
903 2160 154 36 tillbaka
1086 2160 55 35 till
1170 2173 45 23 en
1244 2160 131 48 möjlig
1404 2174 60 23 om
1493 2166 48 30 än
1570 2174 47 22 av
1645 2161 158 36 flertalet

210 2225 79 23 som
332 2212 150 47 orimlig
522 2211 140 36 ansedd
705 2211 174 48 tolkning
920 2225 44 22 av
992 2211 383 49 religionsurkunder,
1405 2226 78 23 som
1513 2218 64 31 äro
1606 2226 46 23 av
1682 2218 120 31 staten

209 2264 164 36 erkända
401 2263 69 37 och
498 2262 101 37 inom
628 2263 72 36 den
732 2263 144 48 åtnjuta
904 2276 45 23 en
978 2263 159 36 särskild
1167 2263 123 49 helgd.
1347 2264 89 36 Dels
1465 2264 79 48 har,
1575 2267 40 33 så
1644 2264 71 37 vitt
1743 2270 57 30 ut-

209 2315 138 37 skottet
384 2315 143 37 kunnat
554 2320 147 45 utröna,
731 2315 198 36 cirkuläret
956 2328 46 23 av
1031 2314 69 37 den
1133 2317 42 34 21
1209 2315 161 37 februari
1403 2317 108 47 1902,
1542 2330 78 23 som
1651 2317 150 49 möjlig-

1875 344 59 15 ners
1955 336 45 23 och

1846 371 140 23 Hanssons
2007 370 10 23 i

1874 406 108 23 Rättvik

1874 440 106 24 motion.

1854 510 69 24 Herr
1941 510 68 24 Karl

1879 546 104 31 August

1873 580 108 24 Nilsons

1879 615 105 23 motion.

1866 771 130 24 Utskottet.
