2222 2640
427 163 19 31 2
844 160 346 33 Jordbruksutskottets
1212 160 164 32 utlåtande
1398 159 54 32 Nr
1474 160 52 32 96.

381 241 62 35 län
471 240 128 36 hållen
626 238 282 50 uppskattning
935 239 60 35 för
1021 238 251 49 uppgörande
1299 251 48 22 av
1375 237 145 47 förslag
1548 237 57 35 till
1634 237 162 48 förnyad
1821 242 163 30 utarren-

380 291 134 47 dering
541 290 85 37 från
654 290 73 36 den
759 292 46 34 14
833 302 101 24 mars
964 291 97 34 1916
1092 302 47 23 av
1166 288 124 37 denna
1318 288 198 49 egendom,
1538 300 81 24 som
1639 301 51 22 nu
1708 288 146 36 lämnar
1872 289 109 46 1,805

381 343 139 36 kronor
560 342 12 36 i
614 342 112 50 årligt
769 341 168 48 arrende,
981 346 97 31 samt
1110 340 63 37 vid
1207 354 58 34 en,
1294 340 12 37 i
1334 339 210 50 anledning
1573 353 47 23 av
1648 339 192 49 åtskilliga
1867 339 114 37 fram-

380 395 225 48 ställningar
632 407 61 24 om
722 393 239 50 uppdelning
989 407 47 23 av
1063 393 72 37 den
1164 393 56 36 till
1239 393 217 37 hemmanet
1476 391 174 50 Grytaby
1669 392 167 36 hörande
1856 396 126 44 ängen

380 447 142 35 Törnet
550 446 57 36 till
635 446 444 48 egnahemslägenheter,
1109 447 40 33 år
1180 446 95 34 1911
1306 444 207 36 verkställd
1538 443 230 48 förrättning
1788 443 57 36 för
1864 443 118 36 sådan

379 497 238 49 uppdelning
644 497 99 35 hava
771 496 144 48 förslag
941 496 133 36 väckts
1102 508 61 23 om
1194 495 228 49 försäljning
1449 508 47 22 av
1522 494 222 48 lägenheter
1763 494 85 36 från
1865 506 116 35 egen-

378 549 148 36 domen.
582 548 16 36 I
640 548 180 36 skrivelse
849 547 73 36 den
953 549 45 34 16
1036 560 101 23 mars
1178 548 98 35 1914
1303 547 69 35 har
1400 545 330 49 domänstyrelsen
1758 544 225 37 underställt

378 600 109 36 dessa
527 599 145 49 förslag
713 598 141 49 Kungl.
896 599 127 48 Maj:ts
1061 598 195 49 prövning
1296 603 97 31 samt
1424 598 60 35 för
1512 597 137 36 sådant
1676 596 176 37 ändamål
1880 601 101 32 över-

377 652 144 36 lämnat
574 651 155 36 ärendet
781 650 226 37 tillhörande
1061 650 240 48 handlingar,
1357 648 197 37 däribland
1602 662 47 23 en
1699 662 48 22 av
1788 647 192 37 distrikts-

379 704 252 35 lantmätaren
667 702 49 36 M.
751 702 169 35 Mörtsell
952 704 41 33 år
1030 703 96 34 1912
1155 700 203 50 upprättad
1386 701 106 35 karta
1519 705 90 31 över
1637 700 259 48 egendomens
1924 700 57 35 in-

378 759 106 44 ägor,
517 767 46 23 en
597 767 47 23 av
676 753 167 36 Mörtsell
872 756 41 32 år
943 754 98 35 1913
1071 752 202 49 upprättad
1302 752 109 36 karta
1439 757 91 31 över
1559 751 219 36 hemskiftet
1806 756 98 31 samt
1932 764 47 22 en

378 819 47 23 av
452 806 86 36 Ivar
564 805 202 50 Rydeberg
794 807 40 34 år
864 807 97 34 1912
989 804 205 50 upprättad
1223 803 200 50 plankarta
1451 808 89 31 över
1568 807 126 45 ängen
1722 803 151 36 Törnet.

506 858 86 36 Med
631 857 182 37 skrivelse
855 857 72 36 den
972 858 43 35 17
1061 856 95 49 april
1187 857 98 35 1914
1316 855 66 37 har
1410 855 329 49 domänstyrelsen
1767 854 214 37 sedermera

377 910 236 36 överlämnat
647 922 47 23 en
728 909 56 36 till
812 908 187 49 styrelsen
1028 908 110 36 ställd
1169 907 217 49 ansökning
1414 907 82 36 från
1526 906 41 37 OC.
1597 907 35 36 J.
1662 907 40 36 P.
1732 906 165 48 Norling
1925 911 55 30 att

378 961 37 35 få
443 961 140 48 inköpa
611 974 47 23 en
687 974 46 22 av
762 960 45 36 de
836 960 57 35 till
922 959 227 48 försäljning
1177 959 218 48 föreslagna
1422 958 281 48 lägenheterna.

506 1012 61 36 Av
595 1011 278 47 handlingarna
901 1011 189 35 inhämtas
1119 1009 113 37 bland
1261 1015 114 30 annat
1398 1009 182 49 följande.

506 1063 269 49 Egendomens
808 1062 201 37 hemskifte
1038 1067 41 31 är
1107 1061 152 49 beläget
1287 1061 64 36 vid
1414 1061 190 36 Orsundaån
1633 1060 177 49 omkring
1841 1062 18 34 1
1889 1059 90 37 kilo-

377 1121 117 31 meter
521 1116 83 35 från
632 1115 191 35 allmänna
850 1114 235 47 landsvägen
1113 1114 139 35 mellan
1280 1112 209 49 Enköping
1516 1112 70 36 och
1616 1112 180 49 Uppsala,
1826 1114 58 34 2.3
1912 1111 66 37 mil

376 1166 84 36 från
494 1166 234 50 sistnämnda
763 1165 82 37 stad
874 1166 72 35 och
975 1168 58 48 2.5
1064 1165 199 35 kilometer
1290 1164 84 36 från
1401 1164 248 48 lastageplats
1678 1163 69 36 och
1773 1164 204 47 järnvägs-

377 1218 141 36 station
559 1218 64 35 vid
665 1216 250 38 Örsundsbro.
971 1219 139 45 Ängen
1153 1216 142 35 Törnet
1336 1220 41 31 är
1414 1215 161 48 belägen
1603 1214 104 37 invid
1737 1206 240 45 Örsundsbro

376 1269 87 36 mitt
492 1275 99 31 emot
618 1269 310 48 lastageplatsen.

506 1321 269 48 Egendomens
804 1320 85 37 hela
917 1320 100 36 areal
1045 1325 104 30 utom
1178 1324 126 42 ängen
1331 1318 141 37 Törnet
1499 1323 115 44 utgör
1642 1317 122 50 enligt
1782 1317 196 50 uppskatt-

376 1373 301 49 ningsmännens
704 1372 155 49 uppgift
890 1374 70 34 135
990 1372 134 36 hektar
1152 1373 110 34 37.15
1294 1384 52 34 ar,
1376 1371 115 36 därav
1521 1372 46 34 74
1595 1369 137 37 hektar
1752 1372 47 34 29
1821 1383 41 22 ar
1880 1375 97 31 tomt

376 1425 70 36 och
475 1425 99 47 åker,
607 1426 45 34 13
682 1424 134 36 hektar
845 1425 46 34 89
921 1437 40 22 ar
990 1428 88 43 äng,
1108 1425 49 49 43
1186 1423 135 35 hektar
1349 1424 111 34 42.05
1484 1435 40 23 ar
1544 1421 315 49 avrösningsjord
1880 1427 98 30 samt

377 1478 20 34 3
427 1476 134 36 hektar
590 1478 110 34 77.10
732 1489 40 22 ar
799 1475 257 48 impediment.
1113 1476 140 46 ÅAngen
1281 1474 141 36 Törnet
1449 1474 68 35 har
1545 1486 45 23 en
1610 1473 103 36 areal
1734 1487 46 22 av
1801 1474 20 35 5
1843 1472 135 36 hektar

378 1529 46 35 16
454 1541 51 34 ar,
535 1527 203 37 bestående
768 1540 46 23 av
844 1526 184 49 åkerjord.

566 1579 238 48 egendomen
831 1578 124 36 finnas
975 1578 59 49 sju
1055 1577 84 36 med
1159 1577 259 36 innehavarna
1438 1576 139 36 enskilt
1596 1576 194 48 tillhöriga
1809 1576 168 36 bostads-

375 1631 71 35 hus
490 1631 176 35 försedda
706 1630 232 48 lägenheter,
981 1643 46 22 av
1058 1629 103 35 vilka
1188 1629 270 47 lägenheterna
1484 1627 300 45 Johanneslund,
1814 1627 162 37 Petters-

375 1682 108 48 borg,
517 1681 183 36 Bromsbo
734 1681 71 36 och
838 1681 244 46 Bäckstugan
1110 1679 108 49 ligga
1245 1682 48 45 på
1321 1679 220 36 hemskiftet
1569 1679 70 35 och
1668 1679 45 35 de
1742 1684 56 30 tre
1827 1678 148 48 övriga,

375 1746 78 23 som
484 1733 209 36 innehavas
723 1745 46 23 av
798 1732 177 48 färgaren
1004 1732 41 35 F.
1076 1730 46 37 G.
1154 1731 185 46 Boström,
1369 1731 190 35 slaktaren
1586 1729 44 36 E.
1653 1729 45 37 G.
1722 1729 169 49 Sjöstedt
1905 1729 71 37 och

375 1785 279 49 kronojägaren
690 1784 46 36 K.
775 1784 35 37 J.
845 1783 187 48 Hedbom,
1060 1785 49 47 på
1137 1787 125 44 ängen
1290 1783 155 36 Törnet.
1500 1781 476 49 Uppskattningsmännen

375 1837 98 36 hava
501 1837 207 47 föreslagit,
733 1841 55 31 att
816 1836 80 36 dels
924 1835 166 37 nämnda
1117 1835 85 48 fyra
1231 1837 20 33 å
1280 1835 220 36 hemskiftet
1529 1834 197 48 befintliga
1753 1833 224 48 lägenheter

375 1889 86 36 med
493 1889 109 36 deras
630 1887 219 37 nuvarande
878 1888 165 36 innehav
1072 1901 46 22 av
1142 1886 87 48 jord
1258 1892 98 30 samt
1385 1887 61 35 det
1474 1886 56 36 till
1558 1885 214 36 hemmanet
1801 1884 175 49 Grytaby

375 1940 168 36 hörande
572 1939 388 48 allmänningsskiftet
987 1938 244 49 Rymningen
1260 1951 46 22 nr
1335 1939 33 45 5,
1387 1938 79 35 dels
1482 1937 70 36 ock
1571 1941 126 44 ängen
1713 1937 152 47 Törnet,
1881 1950 94 35 upp-

375 1991 109 36 delad
512 1992 12 34 i
552 1992 78 35 tolv
657 1996 148 41 tomter,
834 1993 117 33 måtte
977 1990 176 49 upplåtas
1182 1989 56 35 till
1267 2001 98 35 egna
1394 1989 96 35 hem.
1528 1987 73 37 Vid
1630 1987 346 48 tomtindelningen

374 2045 48 46 på
446 2047 124 43 ängen
599 2042 142 36 Törnet
768 2041 96 37 hade
891 2041 175 37 Boström
1086 2040 70 37 och
1177 2038 167 51 Sjöstedt
1361 2043 49 46 på
1428 2039 129 37 därom
1577 2038 210 38 framställd
1807 2038 168 49 begäran

375 2094 71 36 fått
487 2095 83 35 sina
611 2099 136 31 tomter
787 2096 119 46 något
941 2093 179 37 tillökade
1156 2096 133 32 utöver
1315 2091 220 37 nuvarande
1563 2091 214 47 innehavet,
1806 2095 169 32 varemot

375 2145 195 37 Hedboms
599 2151 95 30 tomt
722 2144 217 49 föreslagits
969 2151 55 30 att
1051 2143 207 37 bibehållas
1287 2144 63 35 vid
1380 2144 72 35 den
1480 2143 243 47 omfattning,
1744 2142 72 37 den
1837 2144 137 45 ansågs

375 2197 108 36 hava.
523 2197 123 37 Sedan
665 2196 256 37 innehavaren
941 2210 46 23 av
1006 2195 229 50 lägenheten
1254 2194 303 48 Johanneslund,
1578 2193 102 37 förra
1699 2193 275 36 barnmorskan

375 2248 135 37 Emma
551 2248 150 48 Wendt,
746 2254 135 42 avsagt
922 2248 62 50 sig
1015 2253 122 32 rätten
1167 2251 56 32 att
1250 2246 122 37 inlösa
1399 2246 225 49 lägenheten
1653 2245 58 37 till
1738 2245 150 37 förmån
1918 2244 58 37 för
