<?xml version="1.0" encoding="UTF-8"?>
<alto xmlns="http://www.loc.gov/standards/alto/ns-v3#" xmlns:xlink="http://www.w3.org/1999/xlink" xmlns:xsi="http://www.w3.org/2001/XMLSchema-instance" xsi:schemaLocation="http://www.loc.gov/standards/alto/ns-v3# http://www.loc.gov/alto/v3/alto-3-0.xsd">
	<Description>
		<MeasurementUnit>pixel</MeasurementUnit>
		<sourceImageInformation>
			<fileName>/tmp/tess_xx9mjxbe_input.PNG</fileName>
		</sourceImageInformation>
		<OCRProcessing ID="OCR_0">
			<ocrProcessingStep>
				<processingSoftware>
					<softwareName>tesseract 5.3.0</softwareName>
				</processingSoftware>
			</ocrProcessingStep>
		</OCRProcessing>
	</Description>
	<Layout>
		<Page WIDTH="2216" HEIGHT="2604" PHYSICAL_IMG_NR="0" ID="page_0">
			<PrintSpace HPOS="0" VPOS="0" WIDTH="2216" HEIGHT="2604">
				<ComposedBlock ID="cblock_0" HPOS="446" VPOS="190" WIDTH="1128" HEIGHT="43">
					<TextBlock ID="block_0" HPOS="446" VPOS="190" WIDTH="1128" HEIGHT="43">
						<TextLine ID="line_0" HPOS="446" VPOS="190" WIDTH="1128" HEIGHT="43">
							<String ID="string_0" HPOS="446" VPOS="193" WIDTH="19" HEIGHT="29" WC="0.96" CONTENT="4"/><SP WIDTH="378" VPOS="193" HPOS="465"/>
							<String ID="string_1" HPOS="843" VPOS="191" WIDTH="364" HEIGHT="42" WC="0.91" CONTENT="Bevillningsutskottets"/><SP WIDTH="23" VPOS="191" HPOS="1207"/>
							<String ID="string_2" HPOS="1230" VPOS="190" WIDTH="194" HEIGHT="33" WC="0.96" CONTENT="betänkande"/><SP WIDTH="24" VPOS="190" HPOS="1424"/>
							<String ID="string_3" HPOS="1448" VPOS="190" WIDTH="52" HEIGHT="33" WC="0.93" CONTENT="Nr"/><SP WIDTH="22" VPOS="190" HPOS="1500"/>
							<String ID="string_4" HPOS="1522" VPOS="194" WIDTH="52" HEIGHT="30" WC="0.93" CONTENT="26."/>
						</TextLine>
					</TextBlock>
				</ComposedBlock>
				<ComposedBlock ID="cblock_1" HPOS="402" VPOS="268" WIDTH="1604" HEIGHT="1701">
					<TextBlock ID="block_1" HPOS="402" VPOS="268" WIDTH="1598" HEIGHT="348">
						<TextLine ID="line_1" HPOS="532" VPOS="268" WIDTH="1467" HEIGHT="44">
							<String ID="string_5" HPOS="532" VPOS="269" WIDTH="149" HEIGHT="33" WC="0.93" CONTENT="Rörande"/><SP WIDTH="23" VPOS="269" HPOS="681"/>
							<String ID="string_6" HPOS="704" VPOS="268" WIDTH="220" HEIGHT="33" WC="0.92" CONTENT="motionärens"/><SP WIDTH="23" VPOS="268" HPOS="924"/>
							<String ID="string_7" HPOS="947" VPOS="269" WIDTH="155" HEIGHT="41" WC="0.95" CONTENT="yrkande,"/><SP WIDTH="25" VPOS="269" HPOS="1102"/>
							<String ID="string_8" HPOS="1127" VPOS="270" WIDTH="50" HEIGHT="31" WC="0.93" CONTENT="att"/><SP WIDTH="22" VPOS="270" HPOS="1177"/>
							<String ID="string_9" HPOS="1199" VPOS="269" WIDTH="307" HEIGHT="43" WC="0.91" CONTENT="tobaksmonopolet"/><SP WIDTH="22" VPOS="269" HPOS="1506"/>
							<String ID="string_10" HPOS="1528" VPOS="269" WIDTH="103" HEIGHT="32" WC="0.96" CONTENT="skulle"/><SP WIDTH="24" VPOS="269" HPOS="1631"/>
							<String ID="string_11" HPOS="1655" VPOS="269" WIDTH="174" HEIGHT="42" WC="0.96" CONTENT="förpliktas"/><SP WIDTH="23" VPOS="269" HPOS="1829"/>
							<String ID="string_12" HPOS="1852" VPOS="273" WIDTH="52" HEIGHT="31" WC="0.96" CONTENT="att"/><SP WIDTH="26" VPOS="273" HPOS="1904"/>
							<String ID="string_13" HPOS="1930" VPOS="271" WIDTH="69" HEIGHT="33" WC="0.96" CONTENT="före"/>
						</TextLine>
						<TextLine ID="line_2" HPOS="402" VPOS="312" WIDTH="1598" HEIGHT="43">
							<String ID="string_14" HPOS="402" VPOS="315" WIDTH="61" HEIGHT="31" WC="0.96" CONTENT="den"/><SP WIDTH="37" VPOS="315" HPOS="463"/>
							<String ID="string_15" HPOS="500" VPOS="314" WIDTH="14" HEIGHT="31" WC="0.96" CONTENT="1"/><SP WIDTH="30" VPOS="314" HPOS="514"/>
							<String ID="string_16" HPOS="544" VPOS="313" WIDTH="169" HEIGHT="33" WC="0.96" CONTENT="december"/><SP WIDTH="23" VPOS="313" HPOS="713"/>
							<String ID="string_17" HPOS="736" VPOS="315" WIDTH="148" HEIGHT="38" WC="0.96" CONTENT="mottaga"/><SP WIDTH="24" VPOS="315" HPOS="884"/>
							<String ID="string_18" HPOS="908" VPOS="313" WIDTH="43" HEIGHT="31" WC="0.93" CONTENT="all"/><SP WIDTH="22" VPOS="313" HPOS="951"/>
							<String ID="string_19" HPOS="973" VPOS="312" WIDTH="262" HEIGHT="41" WC="0.90" CONTENT="leveransduglig"/><SP WIDTH="22" VPOS="312" HPOS="1235"/>
							<String ID="string_20" HPOS="1257" VPOS="314" WIDTH="109" HEIGHT="39" WC="0.96" CONTENT="tobak,"/><SP WIDTH="25" VPOS="314" HPOS="1366"/>
							<String ID="string_21" HPOS="1391" VPOS="314" WIDTH="59" HEIGHT="32" WC="0.93" CONTENT="vill"/><SP WIDTH="22" VPOS="314" HPOS="1450"/>
							<String ID="string_22" HPOS="1472" VPOS="313" WIDTH="305" HEIGHT="42" WC="0.92" CONTENT="tobaksmonopolet"/><SP WIDTH="23" VPOS="313" HPOS="1777"/>
							<String ID="string_23" HPOS="1800" VPOS="316" WIDTH="124" HEIGHT="39" WC="0.96" CONTENT="anföra,"/><SP WIDTH="26" VPOS="316" HPOS="1924"/>
							<String ID="string_24" HPOS="1950" VPOS="317" WIDTH="50" HEIGHT="31" WC="0.96" CONTENT="att"/>
						</TextLine>
						<TextLine ID="line_3" HPOS="402" VPOS="356" WIDTH="1597" HEIGHT="42">
							<String ID="string_25" HPOS="402" VPOS="359" WIDTH="55" HEIGHT="31" WC="0.96" CONTENT="det"/><SP WIDTH="34" VPOS="359" HPOS="457"/>
							<String ID="string_26" HPOS="491" VPOS="357" WIDTH="72" HEIGHT="32" WC="0.96" CONTENT="icke"/><SP WIDTH="34" VPOS="357" HPOS="563"/>
							<String ID="string_27" HPOS="597" VPOS="367" WIDTH="96" HEIGHT="31" WC="0.96" CONTENT="synes"/><SP WIDTH="34" VPOS="367" HPOS="693"/>
							<String ID="string_28" HPOS="727" VPOS="356" WIDTH="160" HEIGHT="41" WC="0.96" CONTENT="föreligga"/><SP WIDTH="34" VPOS="356" HPOS="887"/>
							<String ID="string_29" HPOS="921" VPOS="357" WIDTH="73" HEIGHT="31" WC="0.96" CONTENT="skäl"/><SP WIDTH="26" VPOS="357" HPOS="994"/>
							<String ID="string_30" HPOS="1020" VPOS="358" WIDTH="50" HEIGHT="30" WC="0.96" CONTENT="att"/><SP WIDTH="23" VPOS="358" HPOS="1070"/>
							<String ID="string_31" HPOS="1093" VPOS="356" WIDTH="146" HEIGHT="32" WC="0.96" CONTENT="meddela"/><SP WIDTH="22" VPOS="356" HPOS="1239"/>
							<String ID="string_32" HPOS="1261" VPOS="358" WIDTH="107" HEIGHT="40" WC="0.96" CONTENT="någon"/><SP WIDTH="23" VPOS="358" HPOS="1368"/>
							<String ID="string_33" HPOS="1391" VPOS="357" WIDTH="229" HEIGHT="33" WC="0.96" CONTENT="bestämmelse"/><SP WIDTH="23" VPOS="357" HPOS="1620"/>
							<String ID="string_34" HPOS="1643" VPOS="356" WIDTH="11" HEIGHT="32" WC="0.96" CONTENT="i"/><SP WIDTH="24" VPOS="356" HPOS="1654"/>
							<String ID="string_35" HPOS="1678" VPOS="357" WIDTH="115" HEIGHT="33" WC="0.96" CONTENT="sådant"/><SP WIDTH="22" VPOS="357" HPOS="1793"/>
							<String ID="string_36" HPOS="1815" VPOS="359" WIDTH="184" HEIGHT="32" WC="0.94" CONTENT="hänseende"/>
						</TextLine>
						<TextLine ID="line_4" HPOS="403" VPOS="400" WIDTH="1597" HEIGHT="42">
							<String ID="string_37" HPOS="403" VPOS="403" WIDTH="116" HEIGHT="31" WC="0.96" CONTENT="utöver"/><SP WIDTH="31" VPOS="403" HPOS="519"/>
							<String ID="string_38" HPOS="550" VPOS="401" WIDTH="63" HEIGHT="31" WC="0.96" CONTENT="vad"/><SP WIDTH="27" VPOS="401" HPOS="613"/>
							<String ID="string_39" HPOS="640" VPOS="400" WIDTH="10" HEIGHT="32" WC="0.96" CONTENT="i"/><SP WIDTH="33" VPOS="400" HPOS="650"/>
							<String ID="string_40" HPOS="683" VPOS="401" WIDTH="38" HEIGHT="30" WC="0.96" CONTENT="13"/><SP WIDTH="33" VPOS="401" HPOS="721"/>
							<String ID="string_41" HPOS="754" VPOS="400" WIDTH="17" HEIGHT="41" WC="0.51" CONTENT="8"/><SP WIDTH="33" VPOS="400" HPOS="771"/>
							<String ID="string_42" HPOS="804" VPOS="401" WIDTH="19" HEIGHT="30" WC="0.95" CONTENT="3"/><SP WIDTH="32" VPOS="401" HPOS="823"/>
							<String ID="string_43" HPOS="855" VPOS="402" WIDTH="41" HEIGHT="30" WC="0.95" CONTENT="st."/><SP WIDTH="37" VPOS="402" HPOS="896"/>
							<String ID="string_44" HPOS="933" VPOS="411" WIDTH="41" HEIGHT="21" WC="0.93" CONTENT="av"/><SP WIDTH="31" VPOS="411" HPOS="974"/>
							<String ID="string_45" HPOS="1005" VPOS="400" WIDTH="501" HEIGHT="42" WC="0.90" CONTENT="tobaksmonopolförordningen"/><SP WIDTH="34" VPOS="400" HPOS="1506"/>
							<String ID="string_46" HPOS="1540" VPOS="401" WIDTH="99" HEIGHT="32" WC="0.93" CONTENT="redan"/><SP WIDTH="34" VPOS="401" HPOS="1639"/>
							<String ID="string_47" HPOS="1673" VPOS="402" WIDTH="160" HEIGHT="40" WC="0.92" CONTENT="stadgats."/><SP WIDTH="55" VPOS="402" HPOS="1833"/>
							<String ID="string_48" HPOS="1888" VPOS="403" WIDTH="112" HEIGHT="32" WC="0.89" CONTENT="Ehuru"/>
						</TextLine>
						<TextLine ID="line_5" HPOS="403" VPOS="443" WIDTH="1597" HEIGHT="43">
							<String ID="string_49" HPOS="403" VPOS="445" WIDTH="229" HEIGHT="32" WC="0.92" CONTENT="avlämnandet"/><SP WIDTH="23" VPOS="445" HPOS="632"/>
							<String ID="string_50" HPOS="655" VPOS="454" WIDTH="41" HEIGHT="22" WC="0.96" CONTENT="av"/><SP WIDTH="23" VPOS="454" HPOS="696"/>
							<String ID="string_51" HPOS="719" VPOS="443" WIDTH="142" HEIGHT="33" WC="0.96" CONTENT="tobaken"/><SP WIDTH="23" VPOS="443" HPOS="861"/>
							<String ID="string_52" HPOS="884" VPOS="443" WIDTH="10" HEIGHT="32" WC="0.96" CONTENT="i"/><SP WIDTH="26" VPOS="443" HPOS="894"/>
							<String ID="string_53" HPOS="920" VPOS="444" WIDTH="176" HEIGHT="31" WC="0.96" CONTENT="allmänhet"/><SP WIDTH="23" VPOS="444" HPOS="1096"/>
							<String ID="string_54" HPOS="1119" VPOS="448" WIDTH="78" HEIGHT="36" WC="0.95" CONTENT="äger"/><SP WIDTH="23" VPOS="448" HPOS="1197"/>
							<String ID="string_55" HPOS="1220" VPOS="455" WIDTH="70" HEIGHT="20" WC="0.96" CONTENT="rum"/><SP WIDTH="23" VPOS="455" HPOS="1290"/>
							<String ID="string_56" HPOS="1313" VPOS="445" WIDTH="99" HEIGHT="31" WC="0.96" CONTENT="redan"/><SP WIDTH="24" VPOS="445" HPOS="1412"/>
							<String ID="string_57" HPOS="1436" VPOS="445" WIDTH="139" HEIGHT="41" WC="0.96" CONTENT="tidigare"/><SP WIDTH="23" VPOS="445" HPOS="1575"/>
							<String ID="string_58" HPOS="1598" VPOS="449" WIDTH="41" HEIGHT="27" WC="0.96" CONTENT="än"/><SP WIDTH="24" VPOS="449" HPOS="1639"/>
							<String ID="string_59" HPOS="1663" VPOS="444" WIDTH="62" HEIGHT="32" WC="0.96" CONTENT="den"/><SP WIDTH="15" VPOS="444" HPOS="1725"/>
							<String ID="string_60" HPOS="1740" VPOS="455" WIDTH="41" HEIGHT="21" WC="0.96" CONTENT="av"/><SP WIDTH="16" VPOS="455" HPOS="1781"/>
							<String ID="string_61" HPOS="1797" VPOS="445" WIDTH="203" HEIGHT="33" WC="0.96" CONTENT="motionären"/>
						</TextLine>
						<TextLine ID="line_6" HPOS="403" VPOS="487" WIDTH="1597" HEIGHT="43">
							<String ID="string_62" HPOS="403" VPOS="488" WIDTH="142" HEIGHT="41" WC="0.96" CONTENT="angivna"/><SP WIDTH="27" VPOS="488" HPOS="545"/>
							<String ID="string_63" HPOS="572" VPOS="487" WIDTH="192" HEIGHT="42" WC="0.96" CONTENT="tidpunkten"/><SP WIDTH="34" VPOS="487" HPOS="764"/>
							<String ID="string_64" HPOS="798" VPOS="488" WIDTH="62" HEIGHT="31" WC="0.95" CONTENT="den"/><SP WIDTH="26" VPOS="488" HPOS="860"/>
							<String ID="string_65" HPOS="886" VPOS="489" WIDTH="13" HEIGHT="30" WC="0.95" CONTENT="1"/><SP WIDTH="28" VPOS="489" HPOS="899"/>
							<String ID="string_66" HPOS="927" VPOS="488" WIDTH="177" HEIGHT="37" WC="0.96" CONTENT="december,"/><SP WIDTH="25" VPOS="488" HPOS="1104"/>
							<String ID="string_67" HPOS="1129" VPOS="488" WIDTH="65" HEIGHT="31" WC="0.96" CONTENT="kan"/><SP WIDTH="24" VPOS="488" HPOS="1194"/>
							<String ID="string_68" HPOS="1218" VPOS="487" WIDTH="54" HEIGHT="32" WC="0.96" CONTENT="det"/><SP WIDTH="21" VPOS="487" HPOS="1272"/>
							<String ID="string_69" HPOS="1293" VPOS="487" WIDTH="104" HEIGHT="33" WC="0.96" CONTENT="likväl"/><SP WIDTH="22" VPOS="487" HPOS="1397"/>
							<String ID="string_70" HPOS="1419" VPOS="489" WIDTH="44" HEIGHT="40" WC="0.96" CONTENT="på"/><SP WIDTH="22" VPOS="489" HPOS="1463"/>
							<String ID="string_71" HPOS="1485" VPOS="489" WIDTH="103" HEIGHT="39" WC="0.96" CONTENT="grund"/><SP WIDTH="23" VPOS="489" HPOS="1588"/>
							<String ID="string_72" HPOS="1611" VPOS="499" WIDTH="42" HEIGHT="21" WC="0.96" CONTENT="av"/><SP WIDTH="24" VPOS="499" HPOS="1653"/>
							<String ID="string_73" HPOS="1677" VPOS="488" WIDTH="238" HEIGHT="42" WC="0.93" CONTENT="exceptionella"/><SP WIDTH="23" VPOS="488" HPOS="1915"/>
							<String ID="string_74" HPOS="1938" VPOS="489" WIDTH="62" HEIGHT="32" WC="0.90" CONTENT="kli-"/>
						</TextLine>
						<TextLine ID="line_7" HPOS="402" VPOS="531" WIDTH="1598" HEIGHT="43">
							<String ID="string_75" HPOS="402" VPOS="532" WIDTH="145" HEIGHT="33" WC="0.92" CONTENT="matiska"/><SP WIDTH="22" VPOS="532" HPOS="547"/>
							<String ID="string_76" HPOS="569" VPOS="531" WIDTH="224" HEIGHT="33" WC="0.96" CONTENT="förhållanden"/><SP WIDTH="22" VPOS="531" HPOS="793"/>
							<String ID="string_77" HPOS="815" VPOS="531" WIDTH="142" HEIGHT="39" WC="0.96" CONTENT="inträffa,"/><SP WIDTH="25" VPOS="531" HPOS="957"/>
							<String ID="string_78" HPOS="982" VPOS="533" WIDTH="50" HEIGHT="30" WC="0.93" CONTENT="att"/><SP WIDTH="23" VPOS="533" HPOS="1032"/>
							<String ID="string_79" HPOS="1055" VPOS="531" WIDTH="159" HEIGHT="32" WC="0.90" CONTENT="tobakens"/><SP WIDTH="24" VPOS="531" HPOS="1214"/>
							<String ID="string_80" HPOS="1238" VPOS="531" WIDTH="212" HEIGHT="32" WC="0.90" CONTENT="avlämnande"/><SP WIDTH="24" VPOS="531" HPOS="1450"/>
							<String ID="string_81" HPOS="1474" VPOS="531" WIDTH="73" HEIGHT="33" WC="0.96" CONTENT="icke"/><SP WIDTH="22" VPOS="531" HPOS="1547"/>
							<String ID="string_82" HPOS="1569" VPOS="532" WIDTH="176" HEIGHT="42" WC="0.96" CONTENT="lämpligen"/><SP WIDTH="22" VPOS="532" HPOS="1745"/>
							<String ID="string_83" HPOS="1767" VPOS="532" WIDTH="65" HEIGHT="32" WC="0.96" CONTENT="kan"/><SP WIDTH="16" VPOS="532" HPOS="1832"/>
							<String ID="string_84" HPOS="1848" VPOS="537" WIDTH="64" HEIGHT="36" WC="0.96" CONTENT="äga"/><SP WIDTH="18" VPOS="537" HPOS="1912"/>
							<String ID="string_85" HPOS="1930" VPOS="543" WIDTH="70" HEIGHT="22" WC="0.96" CONTENT="rum"/>
						</TextLine>
						<TextLine ID="line_8" HPOS="403" VPOS="574" WIDTH="566" HEIGHT="42">
							<String ID="string_86" HPOS="403" VPOS="577" WIDTH="112" HEIGHT="32" WC="0.96" CONTENT="förrän"/><SP WIDTH="23" VPOS="577" HPOS="515"/>
							<String ID="string_87" HPOS="538" VPOS="576" WIDTH="83" HEIGHT="32" WC="0.96" CONTENT="efter"/><SP WIDTH="23" VPOS="576" HPOS="621"/>
							<String ID="string_88" HPOS="644" VPOS="575" WIDTH="140" HEIGHT="31" WC="0.96" CONTENT="nämnda"/><SP WIDTH="21" VPOS="575" HPOS="784"/>
							<String ID="string_89" HPOS="805" VPOS="574" WIDTH="164" HEIGHT="42" WC="0.96" CONTENT="tidpunkt."/>
						</TextLine>
					</TextBlock>
					<TextBlock ID="block_2" HPOS="402" VPOS="618" WIDTH="1602" HEIGHT="733">
						<TextLine ID="line_9" HPOS="533" VPOS="618" WIDTH="1468" HEIGHT="42">
							<String ID="string_90" HPOS="533" VPOS="620" WIDTH="15" HEIGHT="31" WC="0.96" CONTENT="I"/><SP WIDTH="23" VPOS="620" HPOS="548"/>
							<String ID="string_91" HPOS="571" VPOS="618" WIDTH="164" HEIGHT="33" WC="0.93" CONTENT="motionen"/><SP WIDTH="22" VPOS="618" HPOS="735"/>
							<String ID="string_92" HPOS="757" VPOS="618" WIDTH="101" HEIGHT="42" WC="0.92" CONTENT="yrkas"/><SP WIDTH="23" VPOS="618" HPOS="858"/>
							<String ID="string_93" HPOS="881" VPOS="618" WIDTH="122" HEIGHT="40" WC="0.96" CONTENT="vidare,"/><SP WIDTH="25" VPOS="618" HPOS="1003"/>
							<String ID="string_94" HPOS="1028" VPOS="620" WIDTH="51" HEIGHT="30" WC="0.96" CONTENT="att"/><SP WIDTH="22" VPOS="620" HPOS="1079"/>
							<String ID="string_95" HPOS="1101" VPOS="618" WIDTH="249" HEIGHT="39" WC="0.96" CONTENT="Kristianstads,"/><SP WIDTH="25" VPOS="618" HPOS="1350"/>
							<String ID="string_96" HPOS="1375" VPOS="618" WIDTH="185" HEIGHT="32" WC="0.96" CONTENT="Malmöhus"/><SP WIDTH="23" VPOS="618" HPOS="1560"/>
							<String ID="string_97" HPOS="1583" VPOS="619" WIDTH="60" HEIGHT="32" WC="0.96" CONTENT="och"/><SP WIDTH="20" VPOS="619" HPOS="1643"/>
							<String ID="string_98" HPOS="1663" VPOS="619" WIDTH="156" HEIGHT="41" WC="0.96" CONTENT="Blekinge"/><SP WIDTH="16" VPOS="619" HPOS="1819"/>
							<String ID="string_99" HPOS="1835" VPOS="620" WIDTH="55" HEIGHT="31" WC="0.96" CONTENT="län"/><SP WIDTH="18" VPOS="620" HPOS="1890"/>
							<String ID="string_100" HPOS="1908" VPOS="620" WIDTH="93" HEIGHT="33" WC="0.96" CONTENT="skola"/>
						</TextLine>
						<TextLine ID="line_10" HPOS="403" VPOS="662" WIDTH="1596" HEIGHT="43">
							<String ID="string_101" HPOS="403" VPOS="666" WIDTH="118" HEIGHT="39" WC="0.96" CONTENT="utgöra"/><SP WIDTH="35" VPOS="666" HPOS="521"/>
							<String ID="string_102" HPOS="556" VPOS="665" WIDTH="49" HEIGHT="30" WC="0.91" CONTENT="ett"/><SP WIDTH="22" VPOS="665" HPOS="605"/>
							<String ID="string_103" HPOS="627" VPOS="662" WIDTH="370" HEIGHT="43" WC="0.91" CONTENT="prissättningsdistrikt"/><SP WIDTH="23" VPOS="662" HPOS="997"/>
							<String ID="string_104" HPOS="1020" VPOS="662" WIDTH="61" HEIGHT="32" WC="0.96" CONTENT="och"/><SP WIDTH="23" VPOS="662" HPOS="1081"/>
							<String ID="string_105" HPOS="1104" VPOS="662" WIDTH="203" HEIGHT="32" WC="0.93" CONTENT="motionären"/><SP WIDTH="23" VPOS="662" HPOS="1307"/>
							<String ID="string_106" HPOS="1330" VPOS="662" WIDTH="161" HEIGHT="42" WC="0.92" CONTENT="uppgiver"/><SP WIDTH="23" VPOS="662" HPOS="1491"/>
							<String ID="string_107" HPOS="1514" VPOS="662" WIDTH="51" HEIGHT="32" WC="0.96" CONTENT="till"/><SP WIDTH="23" VPOS="662" HPOS="1565"/>
							<String ID="string_108" HPOS="1588" VPOS="663" WIDTH="74" HEIGHT="32" WC="0.96" CONTENT="stöd"/><SP WIDTH="24" VPOS="663" HPOS="1662"/>
							<String ID="string_109" HPOS="1686" VPOS="663" WIDTH="51" HEIGHT="32" WC="0.96" CONTENT="för"/><SP WIDTH="22" VPOS="663" HPOS="1737"/>
							<String ID="string_110" HPOS="1759" VPOS="663" WIDTH="60" HEIGHT="32" WC="0.96" CONTENT="sitt"/><SP WIDTH="22" VPOS="663" HPOS="1819"/>
							<String ID="string_111" HPOS="1841" VPOS="664" WIDTH="158" HEIGHT="40" WC="0.96" CONTENT="yrkande,"/>
						</TextLine>
						<TextLine ID="line_11" HPOS="403" VPOS="705" WIDTH="1598" HEIGHT="42">
							<String ID="string_112" HPOS="403" VPOS="710" WIDTH="52" HEIGHT="30" WC="0.96" CONTENT="att"/><SP WIDTH="22" VPOS="710" HPOS="455"/>
							<String ID="string_113" HPOS="477" VPOS="718" WIDTH="39" HEIGHT="21" WC="0.96" CONTENT="en"/><SP WIDTH="23" VPOS="718" HPOS="516"/>
							<String ID="string_114" HPOS="539" VPOS="706" WIDTH="101" HEIGHT="33" WC="0.96" CONTENT="sådan"/><SP WIDTH="23" VPOS="706" HPOS="640"/>
							<String ID="string_115" HPOS="663" VPOS="706" WIDTH="180" HEIGHT="41" WC="0.95" CONTENT="anordning"/><SP WIDTH="23" VPOS="706" HPOS="843"/>
							<String ID="string_116" HPOS="866" VPOS="716" WIDTH="80" HEIGHT="22" WC="0.96" CONTENT="vore"/><SP WIDTH="23" VPOS="716" HPOS="946"/>
							<String ID="string_117" HPOS="969" VPOS="705" WIDTH="193" HEIGHT="41" WC="0.96" CONTENT="erforderlig"/><SP WIDTH="23" VPOS="705" HPOS="1162"/>
							<String ID="string_118" HPOS="1185" VPOS="706" WIDTH="51" HEIGHT="31" WC="0.93" CONTENT="för"/><SP WIDTH="23" VPOS="706" HPOS="1236"/>
							<String ID="string_119" HPOS="1259" VPOS="706" WIDTH="190" HEIGHT="41" WC="0.91" CONTENT="uppnående"/><SP WIDTH="25" VPOS="706" HPOS="1449"/>
							<String ID="string_120" HPOS="1474" VPOS="716" WIDTH="41" HEIGHT="22" WC="0.96" CONTENT="av"/><SP WIDTH="24" VPOS="716" HPOS="1515"/>
							<String ID="string_121" HPOS="1539" VPOS="708" WIDTH="48" HEIGHT="30" WC="0.93" CONTENT="ett"/><SP WIDTH="20" VPOS="708" HPOS="1587"/>
							<String ID="string_122" HPOS="1607" VPOS="707" WIDTH="186" HEIGHT="40" WC="0.92" CONTENT="jämförligt"/><SP WIDTH="16" VPOS="707" HPOS="1793"/>
							<String ID="string_123" HPOS="1809" VPOS="707" WIDTH="60" HEIGHT="32" WC="0.93" CONTENT="och"/><SP WIDTH="18" VPOS="707" HPOS="1869"/>
							<String ID="string_124" HPOS="1887" VPOS="708" WIDTH="114" HEIGHT="32" WC="0.92" CONTENT="enhet-"/>
						</TextLine>
						<TextLine ID="line_12" HPOS="402" VPOS="749" WIDTH="1599" HEIGHT="43">
							<String ID="string_125" HPOS="402" VPOS="752" WIDTH="63" HEIGHT="40" WC="0.95" CONTENT="ligt"/><SP WIDTH="34" VPOS="752" HPOS="465"/>
							<String ID="string_126" HPOS="499" VPOS="751" WIDTH="76" HEIGHT="41" WC="0.93" CONTENT="pris."/><SP WIDTH="46" VPOS="751" HPOS="575"/>
							<String ID="string_127" HPOS="621" VPOS="750" WIDTH="232" HEIGHT="32" WC="0.95" CONTENT="Förhållandet"/><SP WIDTH="34" VPOS="750" HPOS="853"/>
							<String ID="string_128" HPOS="887" VPOS="753" WIDTH="38" HEIGHT="29" WC="0.95" CONTENT="är"/><SP WIDTH="34" VPOS="753" HPOS="925"/>
							<String ID="string_129" HPOS="959" VPOS="749" WIDTH="191" HEIGHT="39" WC="0.94" CONTENT="emellertid,"/><SP WIDTH="31" VPOS="749" HPOS="1150"/>
							<String ID="string_130" HPOS="1181" VPOS="751" WIDTH="51" HEIGHT="31" WC="0.96" CONTENT="att"/><SP WIDTH="23" VPOS="751" HPOS="1232"/>
							<String ID="string_131" HPOS="1255" VPOS="749" WIDTH="59" HEIGHT="32" WC="0.96" CONTENT="den"/><SP WIDTH="24" VPOS="749" HPOS="1314"/>
							<String ID="string_132" HPOS="1338" VPOS="750" WIDTH="88" HEIGHT="32" WC="0.95" CONTENT="inom"/><SP WIDTH="24" VPOS="750" HPOS="1426"/>
							<String ID="string_133" HPOS="1450" VPOS="750" WIDTH="89" HEIGHT="32" WC="0.96" CONTENT="olika"/><SP WIDTH="22" VPOS="750" HPOS="1539"/>
							<String ID="string_134" HPOS="1561" VPOS="750" WIDTH="135" HEIGHT="32" WC="0.96" CONTENT="distrikt"/><SP WIDTH="24" VPOS="750" HPOS="1696"/>
							<String ID="string_135" HPOS="1720" VPOS="751" WIDTH="113" HEIGHT="32" WC="0.96" CONTENT="odlade"/><SP WIDTH="24" VPOS="751" HPOS="1833"/>
							<String ID="string_136" HPOS="1857" VPOS="751" WIDTH="144" HEIGHT="32" WC="0.96" CONTENT="tobaken"/>
						</TextLine>
						<TextLine ID="line_13" HPOS="404" VPOS="793" WIDTH="1597" HEIGHT="41">
							<String ID="string_137" HPOS="404" VPOS="799" WIDTH="37" HEIGHT="29" WC="0.96" CONTENT="är"/><SP WIDTH="35" VPOS="799" HPOS="441"/>
							<String ID="string_138" HPOS="476" VPOS="806" WIDTH="41" HEIGHT="21" WC="0.95" CONTENT="av"/><SP WIDTH="34" VPOS="806" HPOS="517"/>
							<String ID="string_139" HPOS="551" VPOS="793" WIDTH="179" HEIGHT="41" WC="0.94" CONTENT="väsentligt"/><SP WIDTH="34" VPOS="793" HPOS="730"/>
							<String ID="string_140" HPOS="764" VPOS="794" WIDTH="88" HEIGHT="31" WC="0.96" CONTENT="olika"/><SP WIDTH="34" VPOS="794" HPOS="852"/>
							<String ID="string_141" HPOS="886" VPOS="793" WIDTH="170" HEIGHT="32" WC="0.93" CONTENT="karaktär."/><SP WIDTH="47" VPOS="793" HPOS="1056"/>
							<String ID="string_142" HPOS="1103" VPOS="793" WIDTH="43" HEIGHT="32" WC="0.77" CONTENT="Så"/><SP WIDTH="34" VPOS="793" HPOS="1146"/>
							<String ID="string_143" HPOS="1180" VPOS="793" WIDTH="50" HEIGHT="32" WC="0.96" CONTENT="till"/><SP WIDTH="29" VPOS="793" HPOS="1230"/>
							<String ID="string_144" HPOS="1259" VPOS="794" WIDTH="147" HEIGHT="40" WC="0.96" CONTENT="exempel"/><SP WIDTH="24" VPOS="794" HPOS="1406"/>
							<String ID="string_145" HPOS="1430" VPOS="804" WIDTH="59" HEIGHT="30" WC="0.96" CONTENT="ger"/><SP WIDTH="23" VPOS="804" HPOS="1489"/>
							<String ID="string_146" HPOS="1512" VPOS="793" WIDTH="60" HEIGHT="32" WC="0.96" CONTENT="den"/><SP WIDTH="23" VPOS="793" HPOS="1572"/>
							<String ID="string_147" HPOS="1595" VPOS="793" WIDTH="88" HEIGHT="32" WC="0.96" CONTENT="inom"/><SP WIDTH="24" VPOS="793" HPOS="1683"/>
							<String ID="string_148" HPOS="1707" VPOS="794" WIDTH="183" HEIGHT="32" WC="0.95" CONTENT="Malmöhus"/><SP WIDTH="24" VPOS="794" HPOS="1890"/>
							<String ID="string_149" HPOS="1914" VPOS="795" WIDTH="87" HEIGHT="32" WC="0.96" CONTENT="län"/><SP WIDTH="-18" VPOS="795" HPOS="2001"/>
							<String ID="string_150" HPOS="1983" VPOS="789" WIDTH="22" HEIGHT="49" WC="0.96" CONTENT="i"/>
						</TextLine>
						<TextLine ID="line_14" HPOS="404" VPOS="837" WIDTH="1597" HEIGHT="42">
							<String ID="string_151" HPOS="404" VPOS="838" WIDTH="179" HEIGHT="33" WC="0.96" CONTENT="allmänhet"/><SP WIDTH="35" VPOS="838" HPOS="583"/>
							<String ID="string_152" HPOS="618" VPOS="838" WIDTH="114" HEIGHT="31" WC="0.96" CONTENT="odlade"/><SP WIDTH="34" VPOS="838" HPOS="732"/>
							<String ID="string_153" HPOS="766" VPOS="837" WIDTH="143" HEIGHT="32" WC="0.96" CONTENT="tobaken"/><SP WIDTH="35" VPOS="837" HPOS="909"/>
							<String ID="string_154" HPOS="944" VPOS="837" WIDTH="122" HEIGHT="31" WC="0.96" CONTENT="mindre"/><SP WIDTH="24" VPOS="837" HPOS="1066"/>
							<String ID="string_155" HPOS="1090" VPOS="837" WIDTH="199" HEIGHT="42" WC="0.96" CONTENT="avkastning"/><SP WIDTH="23" VPOS="837" HPOS="1289"/>
							<String ID="string_156" HPOS="1312" VPOS="837" WIDTH="9" HEIGHT="31" WC="0.95" CONTENT="i"/><SP WIDTH="24" VPOS="837" HPOS="1321"/>
							<String ID="string_157" HPOS="1345" VPOS="837" WIDTH="74" HEIGHT="32" WC="0.96" CONTENT="vikt"/><SP WIDTH="24" VPOS="837" HPOS="1419"/>
							<String ID="string_158" HPOS="1443" VPOS="847" WIDTH="58" HEIGHT="31" WC="0.96" CONTENT="per"/><SP WIDTH="23" VPOS="847" HPOS="1501"/>
							<String ID="string_159" HPOS="1524" VPOS="837" WIDTH="118" HEIGHT="32" WC="0.96" CONTENT="hektar"/><SP WIDTH="24" VPOS="837" HPOS="1642"/>
							<String ID="string_160" HPOS="1666" VPOS="841" WIDTH="40" HEIGHT="28" WC="0.96" CONTENT="än"/><SP WIDTH="25" VPOS="841" HPOS="1706"/>
							<String ID="string_161" HPOS="1731" VPOS="838" WIDTH="60" HEIGHT="32" WC="0.96" CONTENT="den"/><SP WIDTH="23" VPOS="838" HPOS="1791"/>
							<String ID="string_162" HPOS="1814" VPOS="838" WIDTH="87" HEIGHT="32" WC="0.92" CONTENT="inom"/><SP WIDTH="25" VPOS="838" HPOS="1901"/>
							<String ID="string_163" HPOS="1926" VPOS="838" WIDTH="75" HEIGHT="31" WC="0.92" CONTENT="Kri-"/>
						</TextLine>
						<TextLine ID="line_15" HPOS="405" VPOS="880" WIDTH="1598" HEIGHT="35">
							<String ID="string_164" HPOS="405" VPOS="882" WIDTH="181" HEIGHT="33" WC="0.92" CONTENT="stianstads"/><SP WIDTH="34" VPOS="882" HPOS="586"/>
							<String ID="string_165" HPOS="620" VPOS="881" WIDTH="54" HEIGHT="32" WC="0.96" CONTENT="län"/><SP WIDTH="38" VPOS="881" HPOS="674"/>
							<String ID="string_166" HPOS="712" VPOS="880" WIDTH="114" HEIGHT="33" WC="0.95" CONTENT="odlade"/><SP WIDTH="38" VPOS="880" HPOS="826"/>
							<String ID="string_167" HPOS="864" VPOS="881" WIDTH="152" HEIGHT="32" WC="0.93" CONTENT="tobaken."/><SP WIDTH="46" VPOS="881" HPOS="1016"/>
							<String ID="string_168" HPOS="1062" VPOS="880" WIDTH="30" HEIGHT="31" WC="0.71" CONTENT="Å"/><SP WIDTH="35" VPOS="880" HPOS="1092"/>
							<String ID="string_169" HPOS="1127" VPOS="880" WIDTH="102" HEIGHT="32" WC="0.96" CONTENT="andra"/><SP WIDTH="22" VPOS="880" HPOS="1229"/>
							<String ID="string_170" HPOS="1251" VPOS="880" WIDTH="91" HEIGHT="32" WC="0.96" CONTENT="sidan"/><SP WIDTH="23" VPOS="880" HPOS="1342"/>
							<String ID="string_171" HPOS="1365" VPOS="880" WIDTH="139" HEIGHT="33" WC="0.96" CONTENT="besitter"/><SP WIDTH="23" VPOS="880" HPOS="1504"/>
							<String ID="string_172" HPOS="1527" VPOS="881" WIDTH="60" HEIGHT="32" WC="0.97" CONTENT="den"/><SP WIDTH="23" VPOS="881" HPOS="1587"/>
							<String ID="string_173" HPOS="1610" VPOS="881" WIDTH="225" HEIGHT="32" WC="0.96" CONTENT="förstnämnda"/><SP WIDTH="23" VPOS="881" HPOS="1835"/>
							<String ID="string_174" HPOS="1858" VPOS="881" WIDTH="145" HEIGHT="33" WC="0.96" CONTENT="tobaken"/>
						</TextLine>
						<TextLine ID="line_16" HPOS="405" VPOS="923" WIDTH="1597" HEIGHT="43">
							<String ID="string_175" HPOS="405" VPOS="926" WIDTH="212" HEIGHT="40" WC="0.96" CONTENT="egenskaper,"/><SP WIDTH="36" VPOS="926" HPOS="617"/>
							<String ID="string_176" HPOS="653" VPOS="935" WIDTH="69" HEIGHT="22" WC="0.96" CONTENT="som"/><SP WIDTH="34" VPOS="935" HPOS="722"/>
							<String ID="string_177" HPOS="756" VPOS="928" WIDTH="59" HEIGHT="37" WC="0.96" CONTENT="gör"/><SP WIDTH="31" VPOS="928" HPOS="815"/>
							<String ID="string_178" HPOS="846" VPOS="924" WIDTH="60" HEIGHT="32" WC="0.96" CONTENT="den"/><SP WIDTH="24" VPOS="924" HPOS="906"/>
							<String ID="string_179" HPOS="930" VPOS="923" WIDTH="189" HEIGHT="33" WC="0.96" CONTENT="användbar"/><SP WIDTH="23" VPOS="923" HPOS="1119"/>
							<String ID="string_180" HPOS="1142" VPOS="924" WIDTH="55" HEIGHT="32" WC="0.96" CONTENT="vid"/><SP WIDTH="23" VPOS="924" HPOS="1197"/>
							<String ID="string_181" HPOS="1220" VPOS="923" WIDTH="213" HEIGHT="42" WC="0.95" CONTENT="tillverkning"/><SP WIDTH="23" VPOS="923" HPOS="1433"/>
							<String ID="string_182" HPOS="1456" VPOS="935" WIDTH="42" HEIGHT="21" WC="0.96" CONTENT="av"/><SP WIDTH="29" VPOS="935" HPOS="1498"/>
							<String ID="string_183" HPOS="1527" VPOS="925" WIDTH="86" HEIGHT="31" WC="0.96" CONTENT="vissa"/><SP WIDTH="24" VPOS="925" HPOS="1613"/>
							<String ID="string_184" HPOS="1637" VPOS="924" WIDTH="227" HEIGHT="41" WC="0.96" CONTENT="tobaksvaror,"/><SP WIDTH="25" VPOS="924" HPOS="1864"/>
							<String ID="string_185" HPOS="1889" VPOS="925" WIDTH="113" HEIGHT="33" WC="0.96" CONTENT="vartill"/>
						</TextLine>
						<TextLine ID="line_17" HPOS="406" VPOS="967" WIDTH="1596" HEIGHT="43">
							<String ID="string_186" HPOS="406" VPOS="970" WIDTH="62" HEIGHT="32" WC="0.96" CONTENT="den"/><SP WIDTH="23" VPOS="970" HPOS="468"/>
							<String ID="string_187" HPOS="491" VPOS="969" WIDTH="102" HEIGHT="32" WC="0.96" CONTENT="andra"/><SP WIDTH="22" VPOS="969" HPOS="593"/>
							<String ID="string_188" HPOS="615" VPOS="969" WIDTH="142" HEIGHT="31" WC="0.96" CONTENT="tobaken"/><SP WIDTH="23" VPOS="969" HPOS="757"/>
							<String ID="string_189" HPOS="780" VPOS="968" WIDTH="74" HEIGHT="32" WC="0.96" CONTENT="icke"/><SP WIDTH="24" VPOS="968" HPOS="854"/>
							<String ID="string_190" HPOS="878" VPOS="972" WIDTH="36" HEIGHT="28" WC="0.96" CONTENT="är"/><SP WIDTH="23" VPOS="972" HPOS="914"/>
							<String ID="string_191" HPOS="937" VPOS="968" WIDTH="144" HEIGHT="41" WC="0.95" CONTENT="lämplig,"/><SP WIDTH="26" VPOS="968" HPOS="1081"/>
							<String ID="string_192" HPOS="1107" VPOS="967" WIDTH="112" HEIGHT="32" WC="0.93" CONTENT="varför"/><SP WIDTH="24" VPOS="967" HPOS="1219"/>
							<String ID="string_193" HPOS="1243" VPOS="967" WIDTH="307" HEIGHT="42" WC="0.91" CONTENT="tobaksmonopolet"/><SP WIDTH="16" VPOS="967" HPOS="1550"/>
							<String ID="string_194" HPOS="1566" VPOS="968" WIDTH="126" HEIGHT="32" WC="0.97" CONTENT="kunnat"/><SP WIDTH="16" VPOS="968" HPOS="1692"/>
							<String ID="string_195" HPOS="1708" VPOS="968" WIDTH="109" HEIGHT="32" WC="0.96" CONTENT="betala"/><SP WIDTH="17" VPOS="968" HPOS="1817"/>
							<String ID="string_196" HPOS="1834" VPOS="971" WIDTH="50" HEIGHT="30" WC="0.96" CONTENT="ett"/><SP WIDTH="16" VPOS="971" HPOS="1884"/>
							<String ID="string_197" HPOS="1900" VPOS="969" WIDTH="102" HEIGHT="41" WC="0.94" CONTENT="högre"/>
						</TextLine>
						<TextLine ID="line_18" HPOS="405" VPOS="1011" WIDTH="1596" HEIGHT="44">
							<String ID="string_198" HPOS="405" VPOS="1013" WIDTH="67" HEIGHT="42" WC="0.96" CONTENT="pris"/><SP WIDTH="22" VPOS="1013" HPOS="472"/>
							<String ID="string_199" HPOS="494" VPOS="1013" WIDTH="51" HEIGHT="32" WC="0.96" CONTENT="för"/><SP WIDTH="24" VPOS="1013" HPOS="545"/>
							<String ID="string_200" HPOS="569" VPOS="1012" WIDTH="60" HEIGHT="32" WC="0.96" CONTENT="den"/><SP WIDTH="24" VPOS="1012" HPOS="629"/>
							<String ID="string_201" HPOS="653" VPOS="1011" WIDTH="225" HEIGHT="33" WC="0.96" CONTENT="förstnämnda"/><SP WIDTH="23" VPOS="1011" HPOS="878"/>
							<String ID="string_202" HPOS="901" VPOS="1012" WIDTH="152" HEIGHT="32" WC="0.96" CONTENT="tobaken."/><SP WIDTH="48" VPOS="1012" HPOS="1053"/>
							<String ID="string_203" HPOS="1101" VPOS="1011" WIDTH="75" HEIGHT="32" WC="0.85" CONTENT="Som"/><SP WIDTH="25" VPOS="1011" HPOS="1176"/>
							<String ID="string_204" HPOS="1201" VPOS="1011" WIDTH="60" HEIGHT="31" WC="0.96" CONTENT="den"/><SP WIDTH="23" VPOS="1011" HPOS="1261"/>
							<String ID="string_205" HPOS="1284" VPOS="1011" WIDTH="88" HEIGHT="32" WC="0.96" CONTENT="olika"/><SP WIDTH="23" VPOS="1011" HPOS="1372"/>
							<String ID="string_206" HPOS="1395" VPOS="1011" WIDTH="201" HEIGHT="33" WC="0.96" CONTENT="karaktären"/><SP WIDTH="24" VPOS="1011" HPOS="1596"/>
							<String ID="string_207" HPOS="1620" VPOS="1022" WIDTH="41" HEIGHT="22" WC="0.96" CONTENT="av"/><SP WIDTH="17" VPOS="1022" HPOS="1661"/>
							<String ID="string_208" HPOS="1678" VPOS="1012" WIDTH="142" HEIGHT="32" WC="0.96" CONTENT="tobaken"/><SP WIDTH="17" VPOS="1012" HPOS="1820"/>
							<String ID="string_209" HPOS="1837" VPOS="1012" WIDTH="164" HEIGHT="42" WC="0.96" CONTENT="svårligen"/>
						</TextLine>
						<TextLine ID="line_19" HPOS="404" VPOS="1055" WIDTH="1597" HEIGHT="42">
							<String ID="string_210" HPOS="404" VPOS="1057" WIDTH="85" HEIGHT="32" WC="0.96" CONTENT="låter"/><SP WIDTH="23" VPOS="1057" HPOS="489"/>
							<String ID="string_211" HPOS="512" VPOS="1056" WIDTH="50" HEIGHT="41" WC="0.96" CONTENT="sig"/><SP WIDTH="23" VPOS="1056" HPOS="562"/>
							<String ID="string_212" HPOS="585" VPOS="1056" WIDTH="148" HEIGHT="32" WC="0.96" CONTENT="tekniskt"/><SP WIDTH="23" VPOS="1056" HPOS="733"/>
							<String ID="string_213" HPOS="756" VPOS="1055" WIDTH="179" HEIGHT="39" WC="0.96" CONTENT="beskrivas,"/><SP WIDTH="26" VPOS="1055" HPOS="935"/>
							<String ID="string_214" HPOS="961" VPOS="1056" WIDTH="60" HEIGHT="31" WC="0.96" CONTENT="har"/><SP WIDTH="23" VPOS="1056" HPOS="1021"/>
							<String ID="string_215" HPOS="1044" VPOS="1055" WIDTH="54" HEIGHT="32" WC="0.96" CONTENT="det"/><SP WIDTH="24" VPOS="1055" HPOS="1098"/>
							<String ID="string_216" HPOS="1122" VPOS="1056" WIDTH="135" HEIGHT="37" WC="0.96" CONTENT="ansetts,"/><SP WIDTH="26" VPOS="1056" HPOS="1257"/>
							<String ID="string_217" HPOS="1283" VPOS="1057" WIDTH="50" HEIGHT="30" WC="0.95" CONTENT="att"/><SP WIDTH="23" VPOS="1057" HPOS="1333"/>
							<String ID="string_218" HPOS="1356" VPOS="1055" WIDTH="258" HEIGHT="42" WC="0.96" CONTENT="prissättningen"/><SP WIDTH="25" VPOS="1055" HPOS="1614"/>
							<String ID="string_219" HPOS="1639" VPOS="1056" WIDTH="57" HEIGHT="31" WC="0.96" CONTENT="bör"/><SP WIDTH="16" VPOS="1056" HPOS="1696"/>
							<String ID="string_220" HPOS="1712" VPOS="1056" WIDTH="58" HEIGHT="32" WC="0.93" CONTENT="ske"/><SP WIDTH="16" VPOS="1056" HPOS="1770"/>
							<String ID="string_221" HPOS="1786" VPOS="1056" WIDTH="215" HEIGHT="32" WC="0.92" CONTENT="distriktsvis."/>
						</TextLine>
						<TextLine ID="line_20" HPOS="404" VPOS="1098" WIDTH="1599" HEIGHT="35">
							<String ID="string_222" HPOS="404" VPOS="1101" WIDTH="16" HEIGHT="32" WC="0.96" CONTENT="I"/><SP WIDTH="34" VPOS="1101" HPOS="420"/>
							<String ID="string_223" HPOS="454" VPOS="1102" WIDTH="86" HEIGHT="31" WC="0.96" CONTENT="stort"/><SP WIDTH="34" VPOS="1102" HPOS="540"/>
							<String ID="string_224" HPOS="574" VPOS="1102" WIDTH="66" HEIGHT="30" WC="0.96" CONTENT="sett"/><SP WIDTH="35" VPOS="1102" HPOS="640"/>
							<String ID="string_225" HPOS="675" VPOS="1099" WIDTH="59" HEIGHT="32" WC="0.96" CONTENT="har"/><SP WIDTH="30" VPOS="1099" HPOS="734"/>
							<String ID="string_226" HPOS="764" VPOS="1099" WIDTH="114" HEIGHT="32" WC="0.96" CONTENT="därvid"/><SP WIDTH="24" VPOS="1099" HPOS="878"/>
							<String ID="string_227" HPOS="902" VPOS="1101" WIDTH="50" HEIGHT="30" WC="0.96" CONTENT="ett"/><SP WIDTH="23" VPOS="1101" HPOS="952"/>
							<String ID="string_228" HPOS="975" VPOS="1098" WIDTH="133" HEIGHT="32" WC="0.93" CONTENT="distrikt"/><SP WIDTH="24" VPOS="1098" HPOS="1108"/>
							<String ID="string_229" HPOS="1132" VPOS="1099" WIDTH="235" HEIGHT="32" WC="0.91" CONTENT="sammanfallit"/><SP WIDTH="24" VPOS="1099" HPOS="1367"/>
							<String ID="string_230" HPOS="1391" VPOS="1099" WIDTH="73" HEIGHT="32" WC="0.96" CONTENT="med"/><SP WIDTH="24" VPOS="1099" HPOS="1464"/>
							<String ID="string_231" HPOS="1488" VPOS="1100" WIDTH="104" HEIGHT="31" WC="0.94" CONTENT="länen."/><SP WIDTH="47" VPOS="1100" HPOS="1592"/>
							<String ID="string_232" HPOS="1639" VPOS="1100" WIDTH="64" HEIGHT="31" WC="0.95" CONTENT="För"/><SP WIDTH="24" VPOS="1100" HPOS="1703"/>
							<String ID="string_233" HPOS="1727" VPOS="1101" WIDTH="50" HEIGHT="30" WC="0.96" CONTENT="att"/><SP WIDTH="23" VPOS="1101" HPOS="1777"/>
							<String ID="string_234" HPOS="1800" VPOS="1100" WIDTH="119" HEIGHT="32" WC="0.95" CONTENT="bereda"/><SP WIDTH="25" VPOS="1100" HPOS="1919"/>
							<String ID="string_235" HPOS="1944" VPOS="1100" WIDTH="59" HEIGHT="31" WC="0.96" CONTENT="full"/>
						</TextLine>
						<TextLine ID="line_21" HPOS="403" VPOS="1142" WIDTH="1601" HEIGHT="39">
							<String ID="string_236" HPOS="403" VPOS="1144" WIDTH="143" HEIGHT="32" WC="0.96" CONTENT="rättvisa"/><SP WIDTH="22" VPOS="1144" HPOS="546"/>
							<String ID="string_237" HPOS="568" VPOS="1143" WIDTH="35" HEIGHT="32" WC="0.96" CONTENT="åt"/><SP WIDTH="24" VPOS="1143" HPOS="603"/>
							<String ID="string_238" HPOS="627" VPOS="1143" WIDTH="133" HEIGHT="32" WC="0.96" CONTENT="odlarna"/><SP WIDTH="23" VPOS="1143" HPOS="760"/>
							<String ID="string_239" HPOS="783" VPOS="1143" WIDTH="87" HEIGHT="31" WC="0.96" CONTENT="inom"/><SP WIDTH="24" VPOS="1143" HPOS="870"/>
							<String ID="string_240" HPOS="894" VPOS="1142" WIDTH="88" HEIGHT="39" WC="0.96" CONTENT="vissa"/><SP WIDTH="23" VPOS="1142" HPOS="982"/>
							<String ID="string_241" HPOS="1005" VPOS="1142" WIDTH="140" HEIGHT="32" WC="0.96" CONTENT="socknar"/><SP WIDTH="23" VPOS="1142" HPOS="1145"/>
							<String ID="string_242" HPOS="1168" VPOS="1153" WIDTH="42" HEIGHT="20" WC="0.96" CONTENT="av"/><SP WIDTH="27" VPOS="1153" HPOS="1210"/>
							<String ID="string_243" HPOS="1237" VPOS="1142" WIDTH="240" HEIGHT="33" WC="0.96" CONTENT="Kristianstads"/><SP WIDTH="27" VPOS="1142" HPOS="1477"/>
							<String ID="string_244" HPOS="1504" VPOS="1143" WIDTH="62" HEIGHT="38" WC="0.95" CONTENT="län,"/><SP WIDTH="29" VPOS="1143" HPOS="1566"/>
							<String ID="string_245" HPOS="1595" VPOS="1143" WIDTH="58" HEIGHT="31" WC="0.93" CONTENT="där"/><SP WIDTH="16" VPOS="1143" HPOS="1653"/>
							<String ID="string_246" HPOS="1669" VPOS="1143" WIDTH="160" HEIGHT="32" WC="0.91" CONTENT="tobakens"/><SP WIDTH="12" VPOS="1143" HPOS="1829"/>
							<String ID="string_247" HPOS="1841" VPOS="1144" WIDTH="163" HEIGHT="32" WC="0.96" CONTENT="karaktär"/>
						</TextLine>
						<TextLine ID="line_22" HPOS="404" VPOS="1186" WIDTH="1600" HEIGHT="41">
							<String ID="string_248" HPOS="404" VPOS="1192" WIDTH="132" HEIGHT="28" WC="0.95" CONTENT="närmar"/><SP WIDTH="36" VPOS="1192" HPOS="536"/>
							<String ID="string_249" HPOS="572" VPOS="1187" WIDTH="50" HEIGHT="40" WC="0.95" CONTENT="sig"/><SP WIDTH="38" VPOS="1187" HPOS="622"/>
							<String ID="string_250" HPOS="660" VPOS="1186" WIDTH="60" HEIGHT="32" WC="0.96" CONTENT="den"/><SP WIDTH="24" VPOS="1186" HPOS="720"/>
							<String ID="string_251" HPOS="744" VPOS="1186" WIDTH="9" HEIGHT="31" WC="0.96" CONTENT="i"/><SP WIDTH="23" VPOS="1186" HPOS="753"/>
							<String ID="string_252" HPOS="776" VPOS="1186" WIDTH="183" HEIGHT="31" WC="0.96" CONTENT="Malmöhus"/><SP WIDTH="34" VPOS="1186" HPOS="959"/>
							<String ID="string_253" HPOS="993" VPOS="1186" WIDTH="53" HEIGHT="31" WC="0.96" CONTENT="län"/><SP WIDTH="24" VPOS="1186" HPOS="1046"/>
							<String ID="string_254" HPOS="1070" VPOS="1186" WIDTH="114" HEIGHT="32" WC="0.96" CONTENT="odlade"/><SP WIDTH="24" VPOS="1186" HPOS="1184"/>
							<String ID="string_255" HPOS="1208" VPOS="1186" WIDTH="150" HEIGHT="39" WC="0.96" CONTENT="tobaken,"/><SP WIDTH="26" VPOS="1186" HPOS="1358"/>
							<String ID="string_256" HPOS="1384" VPOS="1186" WIDTH="61" HEIGHT="32" WC="0.96" CONTENT="har"/><SP WIDTH="23" VPOS="1186" HPOS="1445"/>
							<String ID="string_257" HPOS="1468" VPOS="1186" WIDTH="55" HEIGHT="32" WC="0.96" CONTENT="det"/><SP WIDTH="16" VPOS="1186" HPOS="1523"/>
							<String ID="string_258" HPOS="1539" VPOS="1187" WIDTH="51" HEIGHT="31" WC="0.97" CONTENT="för"/><SP WIDTH="22" VPOS="1187" HPOS="1590"/>
							<String ID="string_259" HPOS="1612" VPOS="1186" WIDTH="202" HEIGHT="33" WC="0.96" CONTENT="sistnämnda"/><SP WIDTH="22" VPOS="1186" HPOS="1814"/>
							<String ID="string_260" HPOS="1836" VPOS="1187" WIDTH="53" HEIGHT="32" WC="0.96" CONTENT="län"/><SP WIDTH="25" VPOS="1187" HPOS="1889"/>
							<String ID="string_261" HPOS="1914" VPOS="1189" WIDTH="90" HEIGHT="30" WC="0.96" CONTENT="satta"/>
						</TextLine>
						<TextLine ID="line_23" HPOS="404" VPOS="1229" WIDTH="1600" HEIGHT="44">
							<String ID="string_262" HPOS="404" VPOS="1231" WIDTH="103" HEIGHT="42" WC="0.96" CONTENT="priset"/><SP WIDTH="23" VPOS="1231" HPOS="507"/>
							<String ID="string_263" HPOS="530" VPOS="1231" WIDTH="159" HEIGHT="31" WC="0.95" CONTENT="bestämts"/><SP WIDTH="23" VPOS="1231" HPOS="689"/>
							<String ID="string_264" HPOS="712" VPOS="1229" WIDTH="93" HEIGHT="32" WC="0.96" CONTENT="skola"/><SP WIDTH="23" VPOS="1229" HPOS="805"/>
							<String ID="string_265" HPOS="828" VPOS="1229" WIDTH="99" HEIGHT="43" WC="0.95" CONTENT="gälla"/><SP WIDTH="13" VPOS="1229" HPOS="927"/>
							<String ID="string_266" HPOS="940" VPOS="1233" WIDTH="83" HEIGHT="28" WC="0.95" CONTENT="även"/><SP WIDTH="23" VPOS="1233" HPOS="1023"/>
							<String ID="string_267" HPOS="1046" VPOS="1230" WIDTH="50" HEIGHT="31" WC="0.96" CONTENT="för"/><SP WIDTH="24" VPOS="1230" HPOS="1096"/>
							<String ID="string_268" HPOS="1120" VPOS="1229" WIDTH="39" HEIGHT="32" WC="0.96" CONTENT="de"/><SP WIDTH="22" VPOS="1229" HPOS="1159"/>
							<String ID="string_269" HPOS="1181" VPOS="1232" WIDTH="147" HEIGHT="30" WC="0.96" CONTENT="närmast"/><SP WIDTH="15" VPOS="1232" HPOS="1328"/>
							<String ID="string_270" HPOS="1343" VPOS="1230" WIDTH="105" HEIGHT="32" WC="0.96" CONTENT="Ystad"/><SP WIDTH="17" VPOS="1230" HPOS="1448"/>
							<String ID="string_271" HPOS="1465" VPOS="1229" WIDTH="150" HEIGHT="42" WC="0.95" CONTENT="liggande"/><SP WIDTH="17" VPOS="1229" HPOS="1615"/>
							<String ID="string_272" HPOS="1632" VPOS="1231" WIDTH="191" HEIGHT="38" WC="0.96" CONTENT="socknarna,"/><SP WIDTH="17" VPOS="1231" HPOS="1823"/>
							<String ID="string_273" HPOS="1840" VPOS="1231" WIDTH="164" HEIGHT="41" WC="0.95" CONTENT="varjämte"/>
						</TextLine>
						<TextLine ID="line_24" HPOS="405" VPOS="1273" WIDTH="1598" HEIGHT="42">
							<String ID="string_274" HPOS="405" VPOS="1276" WIDTH="51" HEIGHT="31" WC="0.93" CONTENT="för"/><SP WIDTH="23" VPOS="1276" HPOS="456"/>
							<String ID="string_275" HPOS="479" VPOS="1274" WIDTH="216" HEIGHT="41" WC="0.91" CONTENT="tånggödslad"/><SP WIDTH="23" VPOS="1274" HPOS="695"/>
							<String ID="string_276" HPOS="718" VPOS="1274" WIDTH="101" HEIGHT="31" WC="0.96" CONTENT="tobak"/><SP WIDTH="24" VPOS="1274" HPOS="819"/>
							<String ID="string_277" HPOS="843" VPOS="1284" WIDTH="41" HEIGHT="21" WC="0.93" CONTENT="av"/><SP WIDTH="24" VPOS="1284" HPOS="884"/>
							<String ID="string_278" HPOS="908" VPOS="1273" WIDTH="152" HEIGHT="41" WC="0.88" CONTENT="Ahustyp"/><SP WIDTH="25" VPOS="1273" HPOS="1060"/>
							<String ID="string_279" HPOS="1085" VPOS="1275" WIDTH="49" HEIGHT="30" WC="0.96" CONTENT="ett"/><SP WIDTH="23" VPOS="1275" HPOS="1134"/>
							<String ID="string_280" HPOS="1157" VPOS="1273" WIDTH="68" HEIGHT="41" WC="0.96" CONTENT="pris"/><SP WIDTH="24" VPOS="1273" HPOS="1225"/>
							<String ID="string_281" HPOS="1249" VPOS="1273" WIDTH="231" HEIGHT="41" WC="0.96" CONTENT="överstigande"/><SP WIDTH="24" VPOS="1273" HPOS="1480"/>
							<String ID="string_282" HPOS="1504" VPOS="1274" WIDTH="54" HEIGHT="32" WC="0.96" CONTENT="det"/><SP WIDTH="22" VPOS="1274" HPOS="1558"/>
							<String ID="string_283" HPOS="1580" VPOS="1274" WIDTH="51" HEIGHT="32" WC="0.96" CONTENT="för"/><SP WIDTH="23" VPOS="1274" HPOS="1631"/>
							<String ID="string_284" HPOS="1654" VPOS="1274" WIDTH="242" HEIGHT="32" WC="0.96" CONTENT="Kristianstads"/><SP WIDTH="28" VPOS="1274" HPOS="1896"/>
							<String ID="string_285" HPOS="1924" VPOS="1274" WIDTH="79" HEIGHT="32" WC="0.83" CONTENT="län"/><SP WIDTH="-21" VPOS="1274" HPOS="2003"/>
							<String ID="string_286" HPOS="1982" VPOS="1269" WIDTH="26" HEIGHT="50" WC="0.83" CONTENT="i"/>
						</TextLine>
						<TextLine ID="line_25" HPOS="406" VPOS="1317" WIDTH="508" HEIGHT="34">
							<String ID="string_287" HPOS="406" VPOS="1318" WIDTH="180" HEIGHT="33" WC="0.95" CONTENT="allmänhet"/><SP WIDTH="22" VPOS="1318" HPOS="586"/>
							<String ID="string_288" HPOS="608" VPOS="1317" WIDTH="169" HEIGHT="33" WC="0.93" CONTENT="bestämda"/><SP WIDTH="21" VPOS="1317" HPOS="777"/>
							<String ID="string_289" HPOS="798" VPOS="1317" WIDTH="116" HEIGHT="32" WC="0.91" CONTENT="åsatts."/>
						</TextLine>
					</TextBlock>
					<TextBlock ID="block_3" HPOS="407" VPOS="1360" WIDTH="1598" HEIGHT="173">
						<TextLine ID="line_26" HPOS="538" VPOS="1360" WIDTH="1465" HEIGHT="42">
							<String ID="string_290" HPOS="538" VPOS="1362" WIDTH="121" HEIGHT="32" WC="0.95" CONTENT="Genom"/><SP WIDTH="36" VPOS="1362" HPOS="659"/>
							<String ID="string_291" HPOS="695" VPOS="1361" WIDTH="94" HEIGHT="32" WC="0.93" CONTENT="dessa"/><SP WIDTH="33" VPOS="1361" HPOS="789"/>
							<String ID="string_292" HPOS="822" VPOS="1360" WIDTH="235" HEIGHT="41" WC="0.92" CONTENT="anordningars"/><SP WIDTH="33" VPOS="1360" HPOS="1057"/>
							<String ID="string_293" HPOS="1090" VPOS="1360" WIDTH="198" HEIGHT="41" WC="0.91" CONTENT="vidtagande"/><SP WIDTH="23" VPOS="1360" HPOS="1288"/>
							<String ID="string_294" HPOS="1311" VPOS="1361" WIDTH="94" HEIGHT="32" WC="0.96" CONTENT="torde"/><SP WIDTH="24" VPOS="1361" HPOS="1405"/>
							<String ID="string_295" HPOS="1429" VPOS="1361" WIDTH="92" HEIGHT="41" WC="0.96" CONTENT="varje"/><SP WIDTH="23" VPOS="1361" HPOS="1521"/>
							<String ID="string_296" HPOS="1544" VPOS="1361" WIDTH="188" HEIGHT="41" WC="0.96" CONTENT="berättigad"/><SP WIDTH="23" VPOS="1361" HPOS="1732"/>
							<String ID="string_297" HPOS="1755" VPOS="1361" WIDTH="176" HEIGHT="41" WC="0.96" CONTENT="anledning"/><SP WIDTH="22" VPOS="1361" HPOS="1931"/>
							<String ID="string_298" HPOS="1953" VPOS="1361" WIDTH="50" HEIGHT="33" WC="0.96" CONTENT="till"/>
						</TextLine>
						<TextLine ID="line_27" HPOS="407" VPOS="1385" WIDTH="1597" HEIGHT="61">
							<String ID="string_299" HPOS="407" VPOS="1389" WIDTH="139" HEIGHT="57" WC="0.92" CONTENT="farhåga"/><SP WIDTH="23" VPOS="1389" HPOS="546"/>
							<String ID="string_300" HPOS="569" VPOS="1405" WIDTH="10" HEIGHT="31" WC="0.96" CONTENT="i"/><SP WIDTH="24" VPOS="1405" HPOS="579"/>
							<String ID="string_301" HPOS="603" VPOS="1405" WIDTH="61" HEIGHT="31" WC="0.96" CONTENT="den"/><SP WIDTH="23" VPOS="1405" HPOS="664"/>
							<String ID="string_302" HPOS="687" VPOS="1415" WIDTH="40" HEIGHT="21" WC="0.96" CONTENT="av"/><SP WIDTH="24" VPOS="1415" HPOS="727"/>
							<String ID="string_303" HPOS="751" VPOS="1404" WIDTH="204" HEIGHT="32" WC="0.96" CONTENT="motionären"/><SP WIDTH="23" VPOS="1404" HPOS="955"/>
							<String ID="string_304" HPOS="978" VPOS="1384" WIDTH="147" HEIGHT="52" WC="0.96" CONTENT="uttalade"/><SP WIDTH="24" VPOS="1384" HPOS="1125"/>
							<String ID="string_305" HPOS="1149" VPOS="1404" WIDTH="185" HEIGHT="41" WC="0.96" CONTENT="riktningen"/><SP WIDTH="23" VPOS="1404" HPOS="1334"/>
							<String ID="string_306" HPOS="1357" VPOS="1404" WIDTH="35" HEIGHT="32" WC="0.96" CONTENT="få"/><SP WIDTH="23" VPOS="1404" HPOS="1392"/>
							<String ID="string_307" HPOS="1415" VPOS="1414" WIDTH="96" HEIGHT="22" WC="0.96" CONTENT="anses"/><SP WIDTH="23" VPOS="1414" HPOS="1511"/>
							<String ID="string_308" HPOS="1534" VPOS="1405" WIDTH="86" HEIGHT="31" WC="0.96" CONTENT="hava"/><SP WIDTH="16" VPOS="1405" HPOS="1620"/>
							<String ID="string_309" HPOS="1636" VPOS="1405" WIDTH="95" HEIGHT="32" WC="0.96" CONTENT="blivit"/><SP WIDTH="16" VPOS="1405" HPOS="1731"/>
							<String ID="string_310" HPOS="1747" VPOS="1385" WIDTH="184" HEIGHT="61" WC="0.91" CONTENT="undanröjd"/><SP WIDTH="13" VPOS="1385" HPOS="1931"/>
							<String ID="string_311" HPOS="1944" VPOS="1408" WIDTH="60" HEIGHT="29" WC="0.96" CONTENT="och"/>
						</TextLine>
						<TextLine ID="line_28" HPOS="408" VPOS="1447" WIDTH="1597" HEIGHT="43">
							<String ID="string_312" HPOS="408" VPOS="1461" WIDTH="42" HEIGHT="21" WC="0.96" CONTENT="av"/><SP WIDTH="38" VPOS="1461" HPOS="450"/>
							<String ID="string_313" HPOS="488" VPOS="1459" WIDTH="85" HEIGHT="22" WC="0.96" CONTENT="ovan"/><SP WIDTH="33" VPOS="1459" HPOS="573"/>
							<String ID="string_314" HPOS="606" VPOS="1448" WIDTH="136" HEIGHT="32" WC="0.96" CONTENT="anförda"/><SP WIDTH="37" VPOS="1448" HPOS="742"/>
							<String ID="string_315" HPOS="779" VPOS="1448" WIDTH="73" HEIGHT="32" WC="0.95" CONTENT="skäl"/><SP WIDTH="38" VPOS="1448" HPOS="852"/>
							<String ID="string_316" HPOS="890" VPOS="1447" WIDTH="93" HEIGHT="33" WC="0.96" CONTENT="torde"/><SP WIDTH="38" VPOS="1447" HPOS="983"/>
							<String ID="string_317" HPOS="1021" VPOS="1448" WIDTH="166" HEIGHT="31" WC="0.96" CONTENT="dessutom"/><SP WIDTH="35" VPOS="1448" HPOS="1187"/>
							<String ID="string_318" HPOS="1222" VPOS="1447" WIDTH="137" HEIGHT="42" WC="0.95" CONTENT="framgå,"/><SP WIDTH="26" VPOS="1447" HPOS="1359"/>
							<String ID="string_319" HPOS="1385" VPOS="1450" WIDTH="51" HEIGHT="30" WC="0.95" CONTENT="att"/><SP WIDTH="24" VPOS="1450" HPOS="1436"/>
							<String ID="string_320" HPOS="1460" VPOS="1448" WIDTH="61" HEIGHT="32" WC="0.96" CONTENT="den"/><SP WIDTH="24" VPOS="1448" HPOS="1521"/>
							<String ID="string_321" HPOS="1545" VPOS="1459" WIDTH="41" HEIGHT="21" WC="0.96" CONTENT="av"/><SP WIDTH="23" VPOS="1459" HPOS="1586"/>
							<String ID="string_322" HPOS="1609" VPOS="1449" WIDTH="203" HEIGHT="32" WC="0.93" CONTENT="motionären"/><SP WIDTH="23" VPOS="1449" HPOS="1812"/>
							<String ID="string_323" HPOS="1835" VPOS="1449" WIDTH="170" HEIGHT="41" WC="0.91" CONTENT="påyrkade"/>
						</TextLine>
						<TextLine ID="line_29" HPOS="409" VPOS="1490" WIDTH="871" HEIGHT="43">
							<String ID="string_324" HPOS="409" VPOS="1493" WIDTH="195" HEIGHT="40" WC="0.91" CONTENT="ändringens"/><SP WIDTH="23" VPOS="1493" HPOS="604"/>
							<String ID="string_325" HPOS="627" VPOS="1491" WIDTH="196" HEIGHT="41" WC="0.90" CONTENT="vidtagande"/><SP WIDTH="24" VPOS="1491" HPOS="823"/>
							<String ID="string_326" HPOS="847" VPOS="1491" WIDTH="73" HEIGHT="32" WC="0.96" CONTENT="icke"/><SP WIDTH="24" VPOS="1491" HPOS="920"/>
							<String ID="string_327" HPOS="944" VPOS="1491" WIDTH="65" HEIGHT="31" WC="0.96" CONTENT="kan"/><SP WIDTH="23" VPOS="1491" HPOS="1009"/>
							<String ID="string_328" HPOS="1032" VPOS="1501" WIDTH="81" HEIGHT="22" WC="0.96" CONTENT="vara"/><SP WIDTH="22" VPOS="1501" HPOS="1113"/>
							<String ID="string_329" HPOS="1135" VPOS="1490" WIDTH="145" HEIGHT="42" WC="0.96" CONTENT="lämplig."/>
						</TextLine>
					</TextBlock>
					<TextBlock ID="block_4" HPOS="407" VPOS="1534" WIDTH="1599" HEIGHT="348">
						<TextLine ID="line_30" HPOS="538" VPOS="1534" WIDTH="1466" HEIGHT="42">
							<String ID="string_330" HPOS="538" VPOS="1535" WIDTH="207" HEIGHT="33" WC="0.96" CONTENT="Beträffande"/><SP WIDTH="34" VPOS="1535" HPOS="745"/>
							<String ID="string_331" HPOS="779" VPOS="1534" WIDTH="154" HEIGHT="41" WC="0.93" CONTENT="slutligen"/><SP WIDTH="32" VPOS="1534" HPOS="933"/>
							<String ID="string_332" HPOS="965" VPOS="1534" WIDTH="221" HEIGHT="32" WC="0.91" CONTENT="motionärens"/><SP WIDTH="35" VPOS="1534" HPOS="1186"/>
							<String ID="string_333" HPOS="1221" VPOS="1534" WIDTH="204" HEIGHT="39" WC="0.96" CONTENT="hemställan,"/><SP WIDTH="30" VPOS="1534" HPOS="1425"/>
							<String ID="string_334" HPOS="1455" VPOS="1536" WIDTH="52" HEIGHT="30" WC="0.96" CONTENT="att"/><SP WIDTH="23" VPOS="1536" HPOS="1507"/>
							<String ID="string_335" HPOS="1530" VPOS="1535" WIDTH="216" HEIGHT="32" WC="0.96" CONTENT="ordföranden"/><SP WIDTH="23" VPOS="1535" HPOS="1746"/>
							<String ID="string_336" HPOS="1769" VPOS="1536" WIDTH="10" HEIGHT="31" WC="0.96" CONTENT="i"/><SP WIDTH="23" VPOS="1536" HPOS="1779"/>
							<String ID="string_337" HPOS="1802" VPOS="1536" WIDTH="95" HEIGHT="32" WC="0.74" CONTENT="den"/><SP WIDTH="-20" VPOS="1536" HPOS="1897"/>
							<String ID="string_338" HPOS="1877" VPOS="1530" WIDTH="26" HEIGHT="50" WC="0.74" CONTENT="i"/><SP WIDTH="18" VPOS="1530" HPOS="1903"/>
							<String ID="string_339" HPOS="1921" VPOS="1536" WIDTH="17" HEIGHT="40" WC="0.80" CONTENT="8"/><SP WIDTH="28" VPOS="1536" HPOS="1938"/>
							<String ID="string_340" HPOS="1966" VPOS="1537" WIDTH="38" HEIGHT="31" WC="0.95" CONTENT="13"/>
						</TextLine>
						<TextLine ID="line_31" HPOS="407" VPOS="1577" WIDTH="1597" HEIGHT="43">
							<String ID="string_341" HPOS="407" VPOS="1578" WIDTH="501" HEIGHT="42" WC="0.90" CONTENT="tobaksmonopolförordningen"/><SP WIDTH="18" VPOS="1578" HPOS="908"/>
							<String ID="string_342" HPOS="926" VPOS="1577" WIDTH="214" HEIGHT="32" WC="0.90" CONTENT="omförmälda"/><SP WIDTH="16" VPOS="1577" HPOS="1140"/>
							<String ID="string_343" HPOS="1156" VPOS="1577" WIDTH="187" HEIGHT="41" WC="0.81" CONTENT="prisnämnd"/><SP WIDTH="12" VPOS="1577" HPOS="1343"/>
							<String ID="string_344" HPOS="1355" VPOS="1578" WIDTH="99" HEIGHT="32" WC="0.95" CONTENT="borde"/><SP WIDTH="18" VPOS="1578" HPOS="1454"/>
							<String ID="string_345" HPOS="1472" VPOS="1580" WIDTH="89" HEIGHT="30" WC="0.96" CONTENT="utses"/><SP WIDTH="17" VPOS="1580" HPOS="1561"/>
							<String ID="string_346" HPOS="1578" VPOS="1589" WIDTH="40" HEIGHT="21" WC="0.96" CONTENT="av"/><SP WIDTH="17" VPOS="1589" HPOS="1618"/>
							<String ID="string_347" HPOS="1635" VPOS="1579" WIDTH="223" HEIGHT="32" WC="0.93" CONTENT="ledamöterna"/><SP WIDTH="16" VPOS="1579" HPOS="1858"/>
							<String ID="string_348" HPOS="1874" VPOS="1590" WIDTH="130" HEIGHT="30" WC="0.92" CONTENT="gemen-"/>
						</TextLine>
						<TextLine ID="line_32" HPOS="408" VPOS="1621" WIDTH="1596" HEIGHT="43">
							<String ID="string_349" HPOS="408" VPOS="1626" WIDTH="96" HEIGHT="36" WC="0.95" CONTENT="samt,"/><SP WIDTH="35" VPOS="1626" HPOS="504"/>
							<String ID="string_350" HPOS="539" VPOS="1624" WIDTH="102" HEIGHT="31" WC="0.93" CONTENT="finner"/><SP WIDTH="33" VPOS="1624" HPOS="641"/>
							<String ID="string_351" HPOS="674" VPOS="1621" WIDTH="317" HEIGHT="42" WC="0.91" CONTENT="tobaksmonopolet,"/><SP WIDTH="36" VPOS="1621" HPOS="991"/>
							<String ID="string_352" HPOS="1027" VPOS="1623" WIDTH="51" HEIGHT="30" WC="0.96" CONTENT="att"/><SP WIDTH="35" VPOS="1623" HPOS="1078"/>
							<String ID="string_353" HPOS="1113" VPOS="1621" WIDTH="105" HEIGHT="32" WC="0.96" CONTENT="denna"/><SP WIDTH="34" VPOS="1621" HPOS="1218"/>
							<String ID="string_354" HPOS="1252" VPOS="1621" WIDTH="128" HEIGHT="41" WC="0.95" CONTENT="lösning"/><SP WIDTH="23" VPOS="1621" HPOS="1380"/>
							<String ID="string_355" HPOS="1403" VPOS="1622" WIDTH="117" HEIGHT="32" WC="0.96" CONTENT="endast"/><SP WIDTH="23" VPOS="1622" HPOS="1520"/>
							<String ID="string_356" HPOS="1543" VPOS="1622" WIDTH="104" HEIGHT="32" WC="0.96" CONTENT="skulle"/><SP WIDTH="24" VPOS="1622" HPOS="1647"/>
							<String ID="string_357" HPOS="1671" VPOS="1622" WIDTH="87" HEIGHT="33" WC="0.96" CONTENT="vålla"/><SP WIDTH="23" VPOS="1622" HPOS="1758"/>
							<String ID="string_358" HPOS="1781" VPOS="1623" WIDTH="118" HEIGHT="41" WC="0.93" CONTENT="onödig"/><SP WIDTH="24" VPOS="1623" HPOS="1899"/>
							<String ID="string_359" HPOS="1923" VPOS="1623" WIDTH="81" HEIGHT="32" WC="0.92" CONTENT="tids-"/>
						</TextLine>
						<TextLine ID="line_33" HPOS="409" VPOS="1660" WIDTH="1597" HEIGHT="62">
							<String ID="string_360" HPOS="409" VPOS="1667" WIDTH="135" HEIGHT="33" WC="0.92" CONTENT="utdräkt"/><SP WIDTH="25" VPOS="1667" HPOS="544"/>
							<String ID="string_361" HPOS="569" VPOS="1666" WIDTH="52" HEIGHT="32" WC="0.91" CONTENT="vid"/><SP WIDTH="23" VPOS="1666" HPOS="621"/>
							<String ID="string_362" HPOS="644" VPOS="1665" WIDTH="245" HEIGHT="42" WC="0.91" CONTENT="prisnämndens"/><SP WIDTH="24" VPOS="1665" HPOS="889"/>
							<String ID="string_363" HPOS="913" VPOS="1660" WIDTH="249" HEIGHT="62" WC="0.91" CONTENT="konstituering."/><SP WIDTH="47" VPOS="1660" HPOS="1162"/>
							<String ID="string_364" HPOS="1209" VPOS="1665" WIDTH="51" HEIGHT="31" WC="0.96" CONTENT="Då"/><SP WIDTH="23" VPOS="1665" HPOS="1260"/>
							<String ID="string_365" HPOS="1283" VPOS="1665" WIDTH="54" HEIGHT="33" WC="0.96" CONTENT="det"/><SP WIDTH="23" VPOS="1665" HPOS="1337"/>
							<String ID="string_366" HPOS="1360" VPOS="1666" WIDTH="52" HEIGHT="31" WC="0.97" CONTENT="för"/><SP WIDTH="24" VPOS="1666" HPOS="1412"/>
							<String ID="string_367" HPOS="1436" VPOS="1665" WIDTH="109" HEIGHT="41" WC="0.96" CONTENT="övrigt"/><SP WIDTH="22" VPOS="1665" HPOS="1545"/>
							<String ID="string_368" HPOS="1567" VPOS="1665" WIDTH="72" HEIGHT="33" WC="0.96" CONTENT="icke"/><SP WIDTH="24" VPOS="1665" HPOS="1639"/>
							<String ID="string_369" HPOS="1663" VPOS="1666" WIDTH="95" HEIGHT="32" WC="0.96" CONTENT="torde"/><SP WIDTH="23" VPOS="1666" HPOS="1758"/>
							<String ID="string_370" HPOS="1781" VPOS="1677" WIDTH="79" HEIGHT="22" WC="0.96" CONTENT="vara"/><SP WIDTH="17" VPOS="1677" HPOS="1860"/>
							<String ID="string_371" HPOS="1877" VPOS="1667" WIDTH="129" HEIGHT="41" WC="0.96" CONTENT="möjligt"/>
						</TextLine>
						<TextLine ID="line_34" HPOS="408" VPOS="1708" WIDTH="1596" HEIGHT="43">
							<String ID="string_372" HPOS="408" VPOS="1713" WIDTH="52" HEIGHT="30" WC="0.96" CONTENT="att"/><SP WIDTH="35" VPOS="1713" HPOS="460"/>
							<String ID="string_373" HPOS="495" VPOS="1710" WIDTH="124" HEIGHT="33" WC="0.96" CONTENT="erhålla"/><SP WIDTH="34" VPOS="1710" HPOS="619"/>
							<String ID="string_374" HPOS="653" VPOS="1720" WIDTH="38" HEIGHT="21" WC="0.96" CONTENT="en"/><SP WIDTH="35" VPOS="1720" HPOS="691"/>
							<String ID="string_375" HPOS="726" VPOS="1709" WIDTH="188" HEIGHT="40" WC="0.95" CONTENT="anordning,"/><SP WIDTH="36" VPOS="1709" HPOS="914"/>
							<String ID="string_376" HPOS="950" VPOS="1719" WIDTH="69" HEIGHT="21" WC="0.96" CONTENT="som"/><SP WIDTH="35" VPOS="1719" HPOS="1019"/>
							<String ID="string_377" HPOS="1054" VPOS="1708" WIDTH="10" HEIGHT="32" WC="0.95" CONTENT="i"/><SP WIDTH="24" VPOS="1708" HPOS="1064"/>
							<String ID="string_378" HPOS="1088" VPOS="1708" WIDTH="37" HEIGHT="32" WC="0.96" CONTENT="så"/><SP WIDTH="23" VPOS="1708" HPOS="1125"/>
							<String ID="string_379" HPOS="1148" VPOS="1708" WIDTH="65" HEIGHT="41" WC="0.96" CONTENT="hög"/><SP WIDTH="22" VPOS="1708" HPOS="1213"/>
							<String ID="string_380" HPOS="1235" VPOS="1709" WIDTH="81" HEIGHT="40" WC="0.96" CONTENT="grad"/><SP WIDTH="22" VPOS="1709" HPOS="1316"/>
							<String ID="string_381" HPOS="1338" VPOS="1719" WIDTH="71" HEIGHT="22" WC="0.96" CONTENT="som"/><SP WIDTH="24" VPOS="1719" HPOS="1409"/>
							<String ID="string_382" HPOS="1433" VPOS="1709" WIDTH="62" HEIGHT="32" WC="0.96" CONTENT="den"/><SP WIDTH="23" VPOS="1709" HPOS="1495"/>
							<String ID="string_383" HPOS="1518" VPOS="1710" WIDTH="186" HEIGHT="31" WC="0.95" CONTENT="nuvarande"/><SP WIDTH="24" VPOS="1710" HPOS="1704"/>
							<String ID="string_384" HPOS="1728" VPOS="1710" WIDTH="119" HEIGHT="32" WC="0.93" CONTENT="verkar"/><SP WIDTH="23" VPOS="1710" HPOS="1847"/>
							<String ID="string_385" HPOS="1870" VPOS="1710" WIDTH="134" HEIGHT="41" WC="0.92" CONTENT="betryg-"/>
						</TextLine>
						<TextLine ID="line_35" HPOS="408" VPOS="1752" WIDTH="1597" HEIGHT="44">
							<String ID="string_386" HPOS="408" VPOS="1755" WIDTH="105" HEIGHT="41" WC="0.96" CONTENT="gande"/><SP WIDTH="23" VPOS="1755" HPOS="513"/>
							<String ID="string_387" HPOS="536" VPOS="1754" WIDTH="51" HEIGHT="32" WC="0.96" CONTENT="för"/><SP WIDTH="24" VPOS="1754" HPOS="587"/>
							<String ID="string_388" HPOS="611" VPOS="1755" WIDTH="50" HEIGHT="30" WC="0.96" CONTENT="att"/><SP WIDTH="23" VPOS="1755" HPOS="661"/>
							<String ID="string_389" HPOS="684" VPOS="1753" WIDTH="108" HEIGHT="32" WC="0.96" CONTENT="såsom"/><SP WIDTH="23" VPOS="1753" HPOS="792"/>
							<String ID="string_390" HPOS="815" VPOS="1752" WIDTH="194" HEIGHT="33" WC="0.96" CONTENT="ordförande"/><SP WIDTH="23" VPOS="1752" HPOS="1009"/>
							<String ID="string_391" HPOS="1032" VPOS="1763" WIDTH="38" HEIGHT="21" WC="0.96" CONTENT="en"/><SP WIDTH="24" VPOS="1763" HPOS="1070"/>
							<String ID="string_392" HPOS="1094" VPOS="1752" WIDTH="146" HEIGHT="39" WC="0.96" CONTENT="verkligt"/><SP WIDTH="23" VPOS="1752" HPOS="1240"/>
							<String ID="string_393" HPOS="1263" VPOS="1753" WIDTH="148" HEIGHT="53" WC="0.96" CONTENT="opartisk"/><SP WIDTH="24" VPOS="1753" HPOS="1411"/>
							<String ID="string_394" HPOS="1435" VPOS="1753" WIDTH="61" HEIGHT="32" WC="0.96" CONTENT="och"/><SP WIDTH="24" VPOS="1753" HPOS="1496"/>
							<String ID="string_395" HPOS="1520" VPOS="1753" WIDTH="184" HEIGHT="41" WC="0.96" CONTENT="sakkunnig"/><SP WIDTH="23" VPOS="1753" HPOS="1704"/>
							<String ID="string_396" HPOS="1727" VPOS="1764" WIDTH="116" HEIGHT="31" WC="0.96" CONTENT="person"/><SP WIDTH="24" VPOS="1764" HPOS="1843"/>
							<String ID="string_397" HPOS="1867" VPOS="1754" WIDTH="63" HEIGHT="31" WC="0.93" CONTENT="blir"/><SP WIDTH="23" VPOS="1754" HPOS="1930"/>
							<String ID="string_398" HPOS="1953" VPOS="1756" WIDTH="52" HEIGHT="30" WC="0.92" CONTENT="ut-"/>
						</TextLine>
						<TextLine ID="line_36" HPOS="409" VPOS="1795" WIDTH="1594" HEIGHT="44">
							<String ID="string_399" HPOS="409" VPOS="1799" WIDTH="87" HEIGHT="38" WC="0.95" CONTENT="sedd,"/><SP WIDTH="37" VPOS="1799" HPOS="496"/>
							<String ID="string_400" HPOS="533" VPOS="1807" WIDTH="95" HEIGHT="22" WC="0.93" CONTENT="anser"/><SP WIDTH="33" VPOS="1807" HPOS="628"/>
							<String ID="string_401" HPOS="661" VPOS="1796" WIDTH="307" HEIGHT="42" WC="0.91" CONTENT="tobaksmonopolet"/><SP WIDTH="34" VPOS="1796" HPOS="968"/>
							<String ID="string_402" HPOS="1002" VPOS="1796" WIDTH="55" HEIGHT="32" WC="0.96" CONTENT="det"/><SP WIDTH="33" VPOS="1796" HPOS="1057"/>
							<String ID="string_403" HPOS="1090" VPOS="1795" WIDTH="73" HEIGHT="33" WC="0.96" CONTENT="icke"/><SP WIDTH="38" VPOS="1795" HPOS="1163"/>
							<String ID="string_404" HPOS="1201" VPOS="1796" WIDTH="103" HEIGHT="32" WC="0.96" CONTENT="finnas"/><SP WIDTH="33" VPOS="1796" HPOS="1304"/>
							<String ID="string_405" HPOS="1337" VPOS="1796" WIDTH="108" HEIGHT="41" WC="0.95" CONTENT="någon"/><SP WIDTH="24" VPOS="1796" HPOS="1445"/>
							<String ID="string_406" HPOS="1469" VPOS="1796" WIDTH="172" HEIGHT="42" WC="0.96" CONTENT="anledning"/><SP WIDTH="23" VPOS="1796" HPOS="1641"/>
							<String ID="string_407" HPOS="1664" VPOS="1797" WIDTH="51" HEIGHT="32" WC="0.93" CONTENT="till"/><SP WIDTH="24" VPOS="1797" HPOS="1715"/>
							<String ID="string_408" HPOS="1739" VPOS="1797" WIDTH="199" HEIGHT="42" WC="0.90" CONTENT="vidtagande"/><SP WIDTH="24" VPOS="1797" HPOS="1938"/>
							<String ID="string_409" HPOS="1962" VPOS="1808" WIDTH="41" HEIGHT="21" WC="0.96" CONTENT="av"/>
						</TextLine>
						<TextLine ID="line_37" HPOS="410" VPOS="1824" WIDTH="1403" HEIGHT="58">
							<String ID="string_410" HPOS="410" VPOS="1824" WIDTH="137" HEIGHT="58" WC="0.94" CONTENT="ändring"/><SP WIDTH="22" VPOS="1824" HPOS="547"/>
							<String ID="string_411" HPOS="569" VPOS="1841" WIDTH="10" HEIGHT="32" WC="0.96" CONTENT="i"/><SP WIDTH="24" VPOS="1841" HPOS="579"/>
							<String ID="string_412" HPOS="603" VPOS="1852" WIDTH="42" HEIGHT="21" WC="0.95" CONTENT="nu"/><SP WIDTH="27" VPOS="1852" HPOS="645"/>
							<String ID="string_413" HPOS="672" VPOS="1840" WIDTH="149" HEIGHT="41" WC="0.95" CONTENT="gällande"/><SP WIDTH="23" VPOS="1840" HPOS="821"/>
							<String ID="string_414" HPOS="844" VPOS="1840" WIDTH="247" HEIGHT="32" WC="0.96" CONTENT="bestämmelser"/><SP WIDTH="24" VPOS="1840" HPOS="1091"/>
							<String ID="string_415" HPOS="1115" VPOS="1850" WIDTH="52" HEIGHT="21" WC="0.96" CONTENT="om"/><SP WIDTH="25" VPOS="1850" HPOS="1167"/>
							<String ID="string_416" HPOS="1192" VPOS="1841" WIDTH="103" HEIGHT="31" WC="0.96" CONTENT="sättet"/><SP WIDTH="23" VPOS="1841" HPOS="1295"/>
							<String ID="string_417" HPOS="1318" VPOS="1840" WIDTH="51" HEIGHT="31" WC="0.96" CONTENT="för"/><SP WIDTH="23" VPOS="1840" HPOS="1369"/>
							<String ID="string_418" HPOS="1392" VPOS="1840" WIDTH="234" HEIGHT="32" WC="0.96" CONTENT="ordförandens"/><SP WIDTH="24" VPOS="1840" HPOS="1626"/>
							<String ID="string_419" HPOS="1650" VPOS="1842" WIDTH="163" HEIGHT="31" WC="0.96" CONTENT="utseende."/>
						</TextLine>
					</TextBlock>
					<TextBlock ID="block_5" HPOS="410" VPOS="1882" WIDTH="1595" HEIGHT="87">
						<TextLine ID="line_38" HPOS="541" VPOS="1882" WIDTH="1464" HEIGHT="43">
							<String ID="string_420" HPOS="541" VPOS="1884" WIDTH="316" HEIGHT="41" WC="0.92" CONTENT="Tobaksmonopolet"/><SP WIDTH="34" VPOS="1884" HPOS="857"/>
							<String ID="string_421" HPOS="891" VPOS="1883" WIDTH="125" HEIGHT="32" WC="0.96" CONTENT="tillåter"/><SP WIDTH="34" VPOS="1883" HPOS="1016"/>
							<String ID="string_422" HPOS="1050" VPOS="1882" WIDTH="50" HEIGHT="41" WC="0.95" CONTENT="sig"/><SP WIDTH="32" VPOS="1882" HPOS="1100"/>
							<String ID="string_423" HPOS="1132" VPOS="1883" WIDTH="152" HEIGHT="41" WC="0.95" CONTENT="slutligen"/><SP WIDTH="33" VPOS="1883" HPOS="1284"/>
							<String ID="string_424" HPOS="1317" VPOS="1886" WIDTH="50" HEIGHT="30" WC="0.96" CONTENT="att"/><SP WIDTH="30" VPOS="1886" HPOS="1367"/>
							<String ID="string_425" HPOS="1397" VPOS="1884" WIDTH="110" HEIGHT="32" WC="0.96" CONTENT="såsom"/><SP WIDTH="23" VPOS="1884" HPOS="1507"/>
							<String ID="string_426" HPOS="1530" VPOS="1884" WIDTH="109" HEIGHT="41" WC="0.96" CONTENT="bilaga"/><SP WIDTH="24" VPOS="1884" HPOS="1639"/>
							<String ID="string_427" HPOS="1663" VPOS="1885" WIDTH="186" HEIGHT="32" WC="0.96" CONTENT="överlämna"/><SP WIDTH="24" VPOS="1885" HPOS="1849"/>
							<String ID="string_428" HPOS="1873" VPOS="1895" WIDTH="40" HEIGHT="22" WC="0.93" CONTENT="en"/><SP WIDTH="24" VPOS="1895" HPOS="1913"/>
							<String ID="string_429" HPOS="1937" VPOS="1887" WIDTH="68" HEIGHT="30" WC="0.90" CONTENT="sta-"/>
						</TextLine>
						<TextLine ID="line_39" HPOS="410" VPOS="1926" WIDTH="1594" HEIGHT="43">
							<String ID="string_430" HPOS="410" VPOS="1929" WIDTH="113" HEIGHT="33" WC="0.93" CONTENT="tistisk"/><SP WIDTH="14" VPOS="1929" HPOS="523"/>
							<String ID="string_431" HPOS="537" VPOS="1928" WIDTH="146" HEIGHT="33" WC="0.96" CONTENT="översikt"/><SP WIDTH="16" VPOS="1928" HPOS="683"/>
							<String ID="string_432" HPOS="699" VPOS="1932" WIDTH="78" HEIGHT="28" WC="0.93" CONTENT="över"/><SP WIDTH="15" VPOS="1932" HPOS="777"/>
							<String ID="string_433" HPOS="792" VPOS="1927" WIDTH="288" HEIGHT="41" WC="0.91" CONTENT="tobaksodlingens"/><SP WIDTH="16" VPOS="1927" HPOS="1080"/>
							<String ID="string_434" HPOS="1096" VPOS="1926" WIDTH="157" HEIGHT="41" WC="0.96" CONTENT="ställning"/><SP WIDTH="22" VPOS="1926" HPOS="1253"/>
							<String ID="string_435" HPOS="1275" VPOS="1927" WIDTH="100" HEIGHT="32" WC="0.93" CONTENT="under"/><SP WIDTH="16" VPOS="1927" HPOS="1375"/>
							<String ID="string_436" HPOS="1391" VPOS="1928" WIDTH="325" HEIGHT="41" WC="0.92" CONTENT="tobaksmonopolets"/><SP WIDTH="12" VPOS="1928" HPOS="1716"/>
							<String ID="string_437" HPOS="1728" VPOS="1929" WIDTH="276" HEIGHT="32" WC="0.96" CONTENT="verksamhetsår."/>
						</TextLine>
					</TextBlock>
				</ComposedBlock>
				<ComposedBlock ID="cblock_2" HPOS="541" VPOS="2015" WIDTH="550" HEIGHT="33">
					<TextBlock ID="block_6" HPOS="541" VPOS="2015" WIDTH="550" HEIGHT="33">
						<TextLine ID="line_40" HPOS="541" VPOS="2015" WIDTH="550" HEIGHT="33">
							<String ID="string_438" HPOS="541" VPOS="2015" WIDTH="192" HEIGHT="33" WC="0.96" CONTENT="Stockholm"/><SP WIDTH="25" VPOS="2015" HPOS="733"/>
							<String ID="string_439" HPOS="758" VPOS="2015" WIDTH="59" HEIGHT="32" WC="0.95" CONTENT="den"/><SP WIDTH="24" VPOS="2015" HPOS="817"/>
							<String ID="string_440" HPOS="841" VPOS="2016" WIDTH="20" HEIGHT="30" WC="0.96" CONTENT="4"/><SP WIDTH="24" VPOS="2016" HPOS="861"/>
							<String ID="string_441" HPOS="885" VPOS="2025" WIDTH="88" HEIGHT="21" WC="0.96" CONTENT="mars"/><SP WIDTH="28" VPOS="2025" HPOS="973"/>
							<String ID="string_442" HPOS="1001" VPOS="2015" WIDTH="90" HEIGHT="31" WC="0.94" CONTENT="1921."/>
						</TextLine>
					</TextBlock>
				</ComposedBlock>
				<ComposedBlock ID="cblock_3" HPOS="837" VPOS="2101" WIDTH="741" HEIGHT="105">
					<TextBlock ID="block_7" HPOS="837" VPOS="2101" WIDTH="741" HEIGHT="105">
						<TextLine ID="line_41" HPOS="837" VPOS="2101" WIDTH="741" HEIGHT="43">
							<String ID="string_443" HPOS="837" VPOS="2102" WIDTH="233" HEIGHT="41" WC="0.96" CONTENT="Aktiebolaget"/><SP WIDTH="23" VPOS="2102" HPOS="1070"/>
							<String ID="string_444" HPOS="1093" VPOS="2101" WIDTH="142" HEIGHT="32" WC="0.92" CONTENT="svenska"/><SP WIDTH="23" VPOS="2101" HPOS="1235"/>
							<String ID="string_445" HPOS="1258" VPOS="2102" WIDTH="320" HEIGHT="42" WC="0.91" CONTENT="tobaksmonopolet:"/>
						</TextLine>
						<TextLine ID="line_42" HPOS="1075" VPOS="2163" WIDTH="270" HEIGHT="43">
							<String ID="string_446" HPOS="1075" VPOS="2163" WIDTH="34" HEIGHT="32" WC="0.85" CONTENT="0."/><SP WIDTH="32" VPOS="2163" HPOS="1109"/>
							<String ID="string_447" HPOS="1141" VPOS="2163" WIDTH="204" HEIGHT="43" WC="0.96" CONTENT="Wallenberg."/>
						</TextLine>
					</TextBlock>
				</ComposedBlock>
			</PrintSpace>
		</Page>
	</Layout>
</alto>
