1847 2821
422 174 115 30 Andra
554 175 237 39 lagutskottets
809 178 176 31 utlåtande
1002 190 40 20 nr
1059 182 41 29 32
1117 181 38 30 år
1175 183 82 29 1968
1567 188 9 28 1

767 482 65 40 Nr
860 483 52 40 32

301 596 181 30 Utlåtande
505 599 11 28 i
536 599 186 39 anledning
744 610 41 20 av
807 603 168 29 motioner
997 612 56 20 om
1076 604 242 37 kostnadsfritt
1339 606 243 31 tillhandahål-

494 651 101 30 lande
616 662 41 20 av
679 654 89 29 vissa
789 654 199 32 läkemedel.

139 754 117 31 Andra
275 756 222 39 lagutskottet
516 759 64 30 har
598 760 188 32 behandlat
804 766 50 26 tre
873 763 50 29 till
942 764 187 38 lagutskott
1148 766 189 31 hänvisade
1356 769 178 29 motioner.

143 808 27 39 1)
197 809 49 30 De
265 809 222 41 likalydande
506 813 216 32 motionerna
741 815 27 31 I:
784 817 62 30 503
865 826 42 21 av
925 818 80 30 herr
1022 818 148 38 Nilsson,
1188 819 83 39 Nils,
1290 824 89 27 samt
1396 822 45 29 II:
1456 822 64 30 872
1538 832 41 21 av

97 861 120 31 herrar
232 863 196 32 Johansson
444 866 10 29 i
472 866 164 32 Skärstad
652 869 65 29 och
734 869 170 31 Svensson
920 871 9 30 i
946 871 59 30 Vä.

141 915 30 39 2)
195 916 174 32 Motionen
387 919 43 29 II:
447 920 62 30 883
527 930 42 20 av
585 921 119 31 herrar
720 923 188 31 Sundkvist
924 925 64 30 och
1005 926 196 31 Johansson
1217 928 10 30 i
1244 928 175 31 Skärstad.

140 970 13 29 I
174 971 158 39 samtliga
352 973 170 31 motioner
540 975 121 38 begärs
680 976 265 40 komplettering
964 989 42 20 av
1025 980 66 30 den
1109 982 79 29 med
1206 982 77 29 stöd
1300 992 43 20 av
1361 983 217 39 förordning-

95 1032 42 20 en
166 1023 177 40 angående
372 1026 236 33 kostnadsfria
636 1030 81 30 eller
744 1031 230 38 prisnedsatta
1002 1033 191 31 läkemedel
1220 1035 184 31 utfärdade
1432 1037 146 30 förteck-

93 1077 128 39 ningen
241 1080 80 29 över
340 1080 236 32 kostnadsfria
595 1083 201 32 läkemedel.

137 1131 12 29 I
174 1132 220 31 motionerna
418 1135 26 29 I:
460 1136 62 29 503
546 1137 64 29 och
634 1138 43 28 II:
693 1138 61 29 872
777 1139 64 29 har
864 1140 194 31 hemställts
1086 1145 67 26 »att
1176 1143 186 40 riksdagen
1386 1144 106 31 måtte
1515 1146 62 29 hos

93 1184 123 40 Kungl.
239 1186 99 40 Maj:t
358 1188 182 31 hemställa
561 1193 48 27 att
629 1191 41 29 de
690 1192 158 38 speciella
868 1194 303 40 näringspreparat
1192 1206 73 20 som
1286 1197 290 40 PKU-diagnosti-

94 1239 119 30 serade
231 1239 88 31 barn
338 1240 108 31 måste
464 1242 46 30 ha
528 1244 174 38 medtages
720 1245 10 30 i
748 1245 263 41 förteckningen
1029 1248 54 30 för
1100 1249 236 31 kostnadsfria
1354 1251 223 31 läkemedel>.

138 1292 115 39 Enligt
273 1294 176 31 motionen
470 1295 44 30 II:
530 1297 62 30 883
613 1297 63 31 bör
696 1298 10 30 i
727 1298 262 41 förteckningen
1009 1305 51 27 tas
1080 1312 70 29 upp
1170 1303 156 30 kortison
1346 1305 81 30 eller
1447 1305 131 30 derivat

93 1346 108 30 därav
220 1346 50 30 till
290 1349 225 38 astmasjuka,
534 1350 261 41 insprutningar
812 1353 50 30 till
881 1357 124 27 astma-
1025 1356 81 29 eller
1124 1357 222 39 allergisjuka
1364 1363 89 26 samt
1471 1359 105 31 medi-

92 1399 55 29 cin
170 1400 55 29 för
248 1404 48 27 att
320 1402 338 33 tarmfunktionerna
681 1406 88 29 skall
791 1407 252 38 upprätthållas
1065 1409 63 30 hos
1150 1419 162 29 personer
1333 1412 80 29 med
1433 1412 143 30 kronisk

91 1452 85 30 brist
202 1453 45 39 på
273 1455 160 38 magsaft.
470 1456 5 30 I
502 1457 176 31 motionen
704 1459 196 31 hemställes
931 1464 66 27 »att
1023 1462 184 40 riksdagen
1233 1463 105 31 måtte
1363 1465 63 30 hos
1453 1465 122 39 Kungl.

92 1506 101 39 Maj:t
217 1507 140 32 anhålla
382 1514 48 26 att
454 1509 124 40 frågan
602 1521 56 21 om
682 1513 235 31 kostnadsfria
941 1515 81 30 eller
1044 1516 231 38 prisnedsatta
1297 1519 192 30 läkemedel
1511 1520 67 29 blir

93 1560 146 32 föremål
254 1562 55 30 för
324 1564 262 38 överväganden
601 1566 10 29 i
627 1566 149 39 enlighet
791 1568 79 29 med
885 1569 66 29 vad
965 1569 11 29 i
991 1570 176 30 motionen
1182 1570 165 32 anförts».

136 1614 247 41 Motiveringen
401 1617 50 30 till
468 1618 171 38 yrkandet
657 1620 10 29 i
685 1620 216 32 motionerna
919 1622 26 29 I:
962 1623 62 29 503
1042 1623 65 30 och
1125 1623 43 30 II:
1185 1625 62 29 872
1265 1625 38 30 är
1320 1625 139 40 intagen
1476 1627 10 30 i
1503 1636 70 21 mo-

94 1667 114 32 tionen
230 1669 44 30 II:
290 1670 73 30 608.
386 1671 224 31 Beträffande
632 1673 41 30 de
694 1674 75 30 skäl
790 1684 74 20 som
885 1675 137 31 anföres
1044 1677 50 29 till
1114 1678 76 29 stöd
1211 1678 54 30 för
1283 1679 171 38 yrkandet
1473 1681 10 29 i
1504 1690 70 20 mo-

92 1721 116 31 tionen
228 1723 44 30 II:
288 1725 63 29 883
372 1725 162 31 hänvisas
555 1726 50 30 till
626 1727 185 31 motionen.

135 1775 171 32 Utskottet
327 1778 64 29 har
412 1778 10 30 i
445 1779 66 29 den
532 1780 148 39 ordning
700 1781 42 29 46
763 1779 20 40 $
804 1781 351 41 riksdagsordningen
1176 1785 208 31 föreskriver
1404 1787 172 30 inhämtat

90 1830 160 37 yttrande
265 1832 80 29 över
360 1832 176 30 motionen
550 1833 44 30 II:
610 1834 62 30 883
688 1834 79 30 från
782 1836 282 38 socialstyrelsen.

604 1966 168 31 Gällande
797 1968 263 31 bestämmelser

133 2033 115 39 Enligt
274 2035 116 38 kungl.
416 2036 248 39 förordningen
690 2038 66 30 den
781 2040 20 28 4
824 2040 76 37 juni
926 2040 83 30 1954
1034 2041 176 38 angående
1235 2043 235 37 kostnadsfria
1495 2045 80 29 eller

88 2087 232 37 prisnedsatta
348 2089 191 31 läkemedel
565 2091 261 31 tillhandahålls
853 2093 200 37 läkemedel,
1082 2095 82 30 varå
1191 2100 114 35 recept
1331 2097 172 32 utfärdats
1531 2108 42 21 av

89 2140 117 31 läkare
225 2142 81 29 eller
323 2143 213 36 tandläkare,
554 2144 243 32 kostnadsfritt
814 2147 81 29 eller
911 2147 50 30 till
977 2149 135 29 nedsatt
1128 2149 70 39 pris
1215 2149 44 39 på
1276 2147 135 47 apotek.

132 2193 363 34 Kostnadsfria
523 2197 255 32 läkemedel
830 2200 87 30 skall
944 2201 173 31 utlämnas
1145 2202 49 31 till
1222 2204 66 30 den
1314 2214 75 21 som
1415 2206 38 29 är
1480 2206 92 39 sjuk-

88 2248 184 31 försäkrad
291 2250 104 38 enligt
414 2251 100 38 lagen
533 2261 57 20 om
609 2252 130 30 allmän
757 2253 198 40 försäkring
972 2255 65 30 och
1056 2265 74 21 som
1148 2256 85 31 lider
1252 2267 42 21 av
1311 2257 178 41 långvarig
1507 2260 65 29 och

88 2302 156 39 allvarlig
272 2303 173 39 sjukdom,
474 2314 74 21 som
576 2305 123 40 Kungl.
727 2307 100 39 Maj:t
853 2307 170 31 förklarat
1048 2318 83 21 vara
1157 2319 42 21 av
1225 2310 109 32 sådan
1359 2315 62 27 art.
1449 2309 123 47 Kungl.

88 2355 101 40 Maj:t
210 2357 209 32 bestämmer
441 2358 93 31 vilka
556 2359 191 31 läkemedel
769 2370 73 21 som
864 2361 58 31 vid
943 2362 94 40 varje
1059 2362 109 31 sådan
1189 2364 163 39 sjukdom
1374 2365 54 31 får
1448 2367 123 30 utläm-

87 2418 63 21 nas
180 2409 253 32 kostnadsfritt.
465 2412 230 40 Förteckning
725 2415 80 29 över
835 2415 212 39 sjukdomar,
1079 2417 57 30 vid
1165 2418 93 30 vilka
1287 2419 191 31 läkemedel
1507 2420 64 30 till-

87 2463 208 31 handahålls
315 2465 252 37 kostnadsfritt,
589 2471 89 26 samt
698 2468 41 29 de
758 2468 236 31 kostnadsfria
1012 2470 217 31 läkemedlen
1248 2472 94 30 finns
1361 2473 10 29 i
1391 2469 180 46 kungörel-

88 2527 60 20 sen
163 2518 66 30 den
245 2519 19 29 4
278 2519 77 38 juni
371 2520 84 29 1954
469 2520 79 30 med
561 2520 219 40 förteckning
796 2523 79 29 över
890 2523 235 37 kostnadsfria
1140 2524 199 32 läkemedel.

125 2588 11 23 1
175 2586 111 32 Bihang
300 2588 43 25 till
357 2587 166 33 riksdagens
537 2589 146 31 protokoll
698 2590 74 25 1968.
786 2591 15 24 9
816 2591 79 24 saml.
909 2592 16 24 2
939 2591 62 25 avd.
1016 2591 40 25 Nr
1069 2593 41 24 32.
