1906 2780
316 166 18 30 6
633 167 119 30 Andra
770 168 244 37 lagutskottets
1032 169 178 31 utlåtande
1226 180 44 20 nr
1288 171 39 29 15
1343 171 41 29 år
1400 171 84 30 1963

318 253 188 31 hållanden
527 264 56 22 om
605 256 79 30 dess
705 257 441 38 avsättningsmöjligheter
1166 260 10 29 i
1198 259 99 38 fråga
1317 269 59 20 om
1395 260 287 37 nyproducerade
1700 269 104 22 varor

319 307 74 30 icke
413 307 154 31 belastas
585 318 42 21 av
647 311 51 28 att
717 310 108 35 äldre,
845 311 119 30 osålda
983 312 183 37 varulager
1185 313 9 29 i
1213 314 77 28 stor
1308 313 246 39 utsträckning
1573 313 166 37 utbjudes
1758 314 44 37 på

317 361 233 35 marknaden;
577 364 218 36 synpunkter
817 372 42 21 av
878 363 112 31 sådan
1013 365 168 30 innebörd
1204 365 66 30 har
1292 365 182 32 framförts
1497 367 11 29 i
1532 367 169 30 samband
1724 367 78 29 med

318 413 66 30 den
404 423 25 21 s.
443 415 33 29 k.
496 416 229 31 textilkrisen.
744 416 52 30 Av
811 417 176 31 måhända
1005 418 112 30 större
1132 419 176 37 betydelse
1326 420 71 29 kan
1413 420 58 30 det
1487 429 84 21 vara
1588 422 51 29 att
1655 437 44 5 —
1715 421 87 29 även

317 475 56 21 om
396 467 82 37 inga
500 469 155 36 problem
678 478 43 21 av
744 470 215 36 nyssnämnd
983 473 54 28 art
1061 471 184 38 föreligger
1266 472 94 30 inom
1384 473 137 31 landets
1544 482 83 29 egen
1650 473 153 37 produk-

317 520 242 38 tionsapparat
574 539 45 4 —
635 522 172 31 likartade
824 523 155 37 problem
997 524 88 30 dock
1103 525 69 29 kan
1188 526 141 36 skapas,
1347 526 117 31 därest
1481 526 95 30 inom
1592 529 111 29 annat
1720 528 81 29 land

316 575 232 35 uppkommer
570 576 267 31 varuöverskott
858 586 78 20 som
959 577 102 30 söker
1083 578 52 37 sig
1158 578 61 31 hit.
1244 578 66 31 Om
1334 588 42 21 en
1399 579 204 39 minskning
1626 590 42 20 av
1690 580 111 30 utbud

316 635 42 21 av
384 629 49 28 ett
460 628 81 29 från
567 629 95 29 äldre
689 629 49 30 tid
767 630 83 29 eller
876 630 79 30 från
981 631 160 31 utlandet
1166 631 216 31 härrörande
1406 633 268 32 varuöverskott
1699 642 103 21 anses

315 679 186 37 önskvärd,
526 682 40 29 är
589 681 57 32 det
669 683 185 30 motiverat
877 685 51 29 att
952 684 142 30 särskilt
1117 685 125 30 beakta
1268 685 297 32 realisationerna.
1590 688 13 28 I
1629 687 173 30 särskilda

314 733 100 37 lägen
441 734 71 30 kan
540 735 57 30 det
625 735 132 31 således
784 736 164 31 bedömas
974 737 116 31 såsom
1119 747 42 20 ur
1186 738 132 30 allmän
1345 740 179 35 synpunkt
1551 740 174 37 behövligt
1751 741 52 29 att

313 787 204 36 genomföra
544 788 94 31 vissa
666 789 242 30 restriktioner
933 790 222 31 beträffande
1183 791 476 39 realisationsförsäljningar
1684 802 44 22 av
1753 795 50 29 ett

314 839 82 31 eller
422 843 110 28 annat
554 843 172 36 varuslag.
750 860 46 4 —
819 843 91 30 Både
935 843 55 31 för
1015 844 170 31 utövarna
1210 846 64 29 och
1299 845 57 30 för
1379 846 66 30 den
1470 846 161 37 köpande
1655 847 146 30 allmän-

313 893 103 30 heten
446 894 184 38 föreligger
657 895 57 30 vid
745 896 42 30 de
816 896 174 38 tillfälliga
1020 897 341 38 utförsäljningarna
1386 900 67 29 och
1481 900 57 30 vid
1569 899 66 30 den
1663 900 138 31 bofasta

314 946 152 31 handeln
487 947 154 31 fördelar
659 949 11 29 i
689 949 93 30 vissa
804 950 193 30 avseenden
1015 951 64 29 och
1099 952 190 29 nackdelar
1307 953 11 29 i
1338 952 120 31 andra.
1479 953 66 31 Det
1565 953 236 31 förhållandet

314 1001 51 29 att
384 1001 94 30 vissa
500 1001 188 30 nackdelar
708 1002 108 37 ligger
836 1003 43 36 på
900 1003 67 30 den
986 1003 139 32 bofasta
1144 1004 174 31 handelns
1338 1006 74 30 sida
1433 1006 102 37 utgör
1555 1006 76 31 icke
1652 1008 75 29 skäl
1748 1009 52 28 att

312 1053 222 31 beträffande
566 1055 286 31 realisationerna
883 1057 122 37 stadga
1034 1058 252 37 restriktioner,
1317 1068 56 20 om
1403 1059 101 30 dessa
1535 1060 122 31 enbart
1688 1061 113 29 skulle

311 1106 116 37 åsyfta
455 1109 52 29 att
534 1108 180 38 tillgodose
742 1109 67 29 den
836 1110 138 30 bofasta
1000 1111 171 30 handelns
1199 1115 75 34 eget
1301 1112 227 31 ekonomiska
1556 1113 157 32 intresse.
1741 1115 59 28 Att

312 1168 44 21 en
380 1160 46 30 fri
453 1161 221 30 konkurrens
699 1163 11 28 i
736 1163 135 37 princip
898 1172 102 21 anses
1024 1164 174 30 önskvärd
1222 1165 297 38 sammanhänger
1543 1167 78 29 med
1646 1169 51 29 att
1722 1167 77 30 där-

313 1213 137 37 igenom
468 1214 192 37 befrämjas
681 1216 281 38 rationalisering
978 1218 64 28 och
1062 1217 244 38 förbilligande
1325 1228 43 20 av
1384 1219 213 37 produktion
1616 1221 64 29 och
1697 1230 102 20 varu-

313 1266 237 36 distribution,
571 1268 108 30 vilket
699 1270 127 35 ytterst
848 1271 38 28 är
907 1270 52 29 till
982 1270 111 30 fördel
1116 1271 54 29 för
1192 1271 67 30 den
1281 1272 158 37 köpande
1462 1273 246 31 allmänheten.
1732 1274 66 30 Om

312 1320 286 31 realisationerna
617 1321 54 30 får
687 1322 115 30 sådan
818 1323 221 38 omfattning,
1059 1326 50 28 att
1125 1325 76 29 risk
1219 1326 233 36 uppkommer
1469 1326 57 30 för
1543 1327 51 30 att
1610 1327 42 30 de
1670 1327 127 31 utkon-

312 1374 165 29 kurrerar
502 1374 66 30 den
594 1375 92 30 fasta
710 1375 154 31 handeln
887 1377 221 30 beträffande
1131 1378 93 30 vissa
1248 1379 173 37 varuslag,
1444 1380 110 31 vilket
1577 1381 71 30 kan
1671 1382 127 29 tänkas

311 1426 47 29 bli
384 1427 99 31 fallet
507 1428 10 29 i
540 1428 93 30 vissa
656 1430 95 28 orter
774 1429 63 29 där
861 1430 240 31 realisationer
1122 1431 95 31 visar
1238 1433 55 36 sig
1316 1433 218 31 förekomma
1557 1435 10 29 i
1592 1435 110 30 större
1726 1443 72 21 om-

312 1479 153 38 fattning
485 1481 46 29 än
552 1482 240 36 annorstädes,
813 1483 90 30 talar
922 1483 95 31 detta
1038 1484 55 30 för
1111 1487 51 28 att
1184 1486 242 30 restriktioner
1445 1487 64 30 bör
1528 1487 122 31 kunna
1669 1488 128 37 ifråga-

311 1533 152 35 komma,
478 1534 89 30 dock
582 1535 123 30 endast
719 1535 221 32 beträffande
954 1537 93 30 vissa
1061 1539 172 36 varuslag.

353 1586 74 30 Den
457 1588 448 38 näringsrättssakunniges
933 1590 219 31 betänkande
1180 1591 65 30 har
1273 1592 94 30 ännu
1395 1592 76 31 icke
1500 1593 166 32 föranlett
1693 1594 105 38 något

311 1639 130 38 förslag
456 1640 81 30 från
552 1641 124 37 Kungl.
693 1642 124 36 Maj:ts
833 1643 84 30 sida.

353 1693 136 38 Frågan
513 1702 58 21 om
593 1703 41 21 en
657 1704 46 28 ny
726 1696 221 37 lagstiftning
967 1699 74 28 mot
1062 1697 110 37 illojal
1196 1698 222 31 konkurrens
1439 1700 40 29 är
1500 1700 57 30 för
1577 1701 219 31 närvarande

309 1747 112 29 under
438 1747 197 38 utredning.
653 1748 137 37 Frågan
808 1749 115 37 ingick
941 1750 51 30 till
1011 1759 43 21 en
1070 1751 127 36 början
1214 1752 10 29 i
1242 1752 57 30 det
1317 1752 159 39 uppdrag
1493 1763 75 20 som
1586 1755 208 30 anförtrotts

307 1800 243 31 varumärkes-
577 1802 64 29 och
670 1801 350 38 firmautredningen.
1048 1803 74 31 Den
1151 1804 36 30 31
1218 1812 97 23 mars
1343 1806 82 30 1960
1452 1806 112 32 beslöt
1589 1807 125 31 chefen
1741 1808 56 30 för

307 1852 413 39 justitiedepartementet
749 1856 52 29 att
830 1855 230 39 utredningen
1089 1858 10 29 i
1129 1857 273 39 fortsättningen
1431 1860 114 30 skulle
1572 1861 119 30 arbeta
1717 1870 78 22 som

308 1906 56 30 två
387 1906 117 31 skilda
528 1908 230 35 kommittéer,
784 1918 43 21 av
848 1909 93 30 vilka
966 1909 66 31 den
1056 1919 64 22 ena
1144 1911 113 30 skulle
1279 1911 142 32 handha
1444 1913 122 32 enbart
1590 1914 124 38 frågan
1737 1924 57 21 om

308 1959 151 30 revision
480 1969 42 21 av
543 1960 265 38 lagstiftningen
827 1964 72 28 mot
920 1962 110 37 illojal
1051 1963 233 32 konkurrens.
1305 1965 123 31 Denna
1447 1967 183 30 kommitté
1650 1967 66 31 har
1734 1977 59 21 an-

307 2012 85 37 tagit
415 2016 145 28 namnet
582 2014 231 37 utredningen
836 2023 54 21 om
916 2015 111 38 illojal
1049 2016 232 32 konkurrens.
1304 2018 346 38 Utredningsarbetet
1671 2021 123 31 beräk-

307 2074 62 21 nas
384 2066 88 37 pågå
488 2067 112 30 under
613 2067 78 30 hela
704 2068 41 29 år
762 2068 92 30 1963.

779 2249 258 44 Framställning
1055 2251 49 31 till
1122 2251 191 43 Konungen

350 2341 14 29 I
379 2342 170 31 skrivelse
567 2343 51 30 till
637 2343 195 38 Konungen
849 2344 67 30 den
932 2345 40 30 30
989 2346 146 30 oktober
1153 2347 84 30 1958
1254 2347 64 30 har
1334 2347 156 38 Sveriges
1510 2349 282 31 textilhandlare-

303 2393 165 42 förbund,
494 2395 363 38 Textilgrossisternas
880 2398 238 39 riksförbund,
1140 2400 350 31 Handelsanställdas
1512 2402 164 39 förbund,
1699 2404 93 29 Kon-
