1888 2794
564 121 330 30 Utrikesutskottets
917 122 179 30 utlåtande
1118 132 42 19 nr
1180 123 29 29 3.
1621 124 20 29 5

139 206 119 30 téerna
280 206 188 29 behandlat
492 206 124 38 frågan
640 215 56 20 om
721 206 172 29 eventuell
918 206 149 39 ändring
1089 216 41 20 av
1153 207 309 30 bestämmelserna
1486 217 55 20 om
1568 217 73 20 om-

138 256 152 41 räkning
308 265 42 21 av
371 256 220 30 främmande
613 256 176 39 myntslag
809 257 10 29 i
841 257 233 39 kungörelsen
1095 258 67 29 den
1183 258 40 29 29
1244 258 187 30 november
1456 259 83 30 1929
1560 259 80 29 med

138 306 467 40 tillämpningsföreskrifter
624 307 52 29 till
700 306 411 41 tulltaxeförordningen,
1132 308 120 30 varvid
1274 318 43 20 en
1338 309 149 39 ändring
1509 309 132 30 förkla-

138 359 73 28 rats
233 366 82 22 vara
335 357 11 30 i
371 357 135 40 princip
528 358 209 39 nödvändig.
760 357 116 40 Enligt
898 358 271 31 kommittéerna
1192 359 56 30 får
1271 359 192 30 emellertid
1488 360 151 30 artikeln

137 416 103 22 anses
258 408 158 39 medgiva
434 408 149 30 anstånd
603 409 78 29 med
702 417 42 21 en
762 409 151 39 ändring
928 409 52 30 till
998 410 80 29 dess
1097 409 269 31 förhållandena
1383 410 44 40 på
1447 411 193 30 valutaom-

136 458 99 30 rådet
269 458 238 30 stabiliserats.
542 459 281 30 Vidkommande
857 460 194 30 artiklarna
1083 460 141 35 46—54,
1250 470 75 21 som
1352 461 130 30 handla
1507 471 57 20 om
1589 471 51 20 re-

138 508 161 31 striktiva
318 510 279 34 affärsmetoder,
617 510 58 30 må
695 510 217 34 framhållas,
931 512 50 29 att
998 511 58 30 det
1072 511 71 30 kan
1164 512 142 30 komma
1323 514 51 28 att
1392 512 74 31 visa
1486 513 53 39 sig
1555 513 85 30 nöd-

136 559 143 40 vändigt
301 561 50 29 att
371 560 142 39 utvidga
533 561 67 29 den
622 561 150 30 svenska
795 561 266 40 lagstiftningen
1083 571 57 20 om
1162 563 238 39 övervakning
1421 572 42 21 av
1483 564 156 29 konkur-

135 610 319 40 rensbegränsning
485 611 95 29 inom
610 611 226 39 näringslivet
866 611 57 31 för
951 614 50 28 att
1033 613 41 29 de
1105 613 247 40 förpliktelser,
1385 623 75 20 som
1491 614 146 40 stadgan

135 660 139 40 ålägger
300 661 286 34 medlemmarna,
615 662 97 30 skola
737 662 123 30 kunna
887 662 189 41 uppfyllas.
1103 663 153 40 Stadgan
1282 664 208 31 förutsätter
1514 665 124 30 nämli-

136 719 75 31 gen,
230 713 51 28 att
299 712 150 30 medlem
469 712 88 30 skall
575 713 121 29 kunna
716 712 137 41 ingripa
870 716 73 27 mot
961 713 502 41 konkurrensbegränsningar
1484 725 42 21 av
1543 715 95 31 olika

136 761 74 40 slag
231 762 12 29 i
265 762 66 30 den
355 762 281 31 internationella
661 763 163 31 handeln.
849 764 103 30 Detta
975 765 71 29 kan
1070 765 78 30 icke
1172 765 61 30 ske
1256 766 80 30 med
1360 767 77 30 stöd
1465 776 41 20 av
1529 775 110 22 nuva-

135 813 108 30 rande
266 814 150 29 svenska
437 813 221 40 lagstiftning
682 814 46 40 på
748 814 169 35 området,
941 814 117 31 vilken
1083 815 74 31 dels
1179 816 124 30 endast
1329 825 100 22 avser
1451 817 185 31 inhemska

134 864 255 36 förhållanden,
413 864 74 30 dels
510 865 177 38 medgiver
710 865 122 30 enbart
857 865 317 40 offentliggörande
1200 876 43 21 av
1267 867 371 41 konkurrensbegrän-

134 915 108 29 sande
261 915 357 30 överenskommelser
641 916 65 29 och
726 916 265 40 undersökning
1011 926 43 21 av
1073 917 247 31 förhållanden
1343 918 44 40 på
1406 919 95 30 detta
1523 919 114 30 områ-

133 965 42 30 de
194 974 80 21 men
295 965 76 30 icke
390 966 136 30 direkta
545 966 243 40 ingripanden.
810 967 121 30 Såsom
955 967 207 30 framhålles
1180 978 43 20 av
1244 968 315 42 handelspolitiska
1581 970 55 30 be-

133 1015 191 40 redningen
344 1016 65 30 och
435 1016 82 30 1947
538 1016 58 30 års
616 1017 270 30 kommitterade
909 1017 55 30 för
986 1018 405 41 utrikeshandelsfrågor
1413 1021 98 29 torde
1532 1021 105 30 emel-

133 1066 102 30 lertid
260 1066 104 40 något
386 1067 214 30 omedelbart
624 1067 111 30 behov
757 1077 43 21 av
825 1068 152 30 särskild
1000 1069 222 42 lagstiftning
1244 1070 76 30 icke
1343 1070 177 41 föreligga,
1548 1073 87 29 utan

133 1116 63 31 bör
215 1117 58 30 det
296 1126 82 21 vara
401 1117 137 40 möjligt
560 1119 52 28 att
636 1118 111 39 bygga
768 1119 44 39 på
833 1119 219 30 existerande
1074 1121 239 39 anordningar
1335 1121 64 31 och
1422 1122 139 40 vidtaga
1584 1131 51 21 er-

132 1167 190 40 forderliga
343 1167 161 40 åtgärder
526 1168 80 30 från
628 1168 62 30 fall
711 1169 52 30 till
784 1169 73 30 fall.
881 1169 65 30 Det
965 1170 70 30 kan
1059 1170 56 32 för
1134 1171 111 40 övrigt
1267 1171 135 31 erinras
1421 1182 57 20 om
1502 1175 50 28 att
1573 1173 61 30 vår

133 1217 222 41 lagstiftning
375 1219 44 39 på
439 1218 95 31 detta
554 1219 143 31 område
718 1219 55 30 för
793 1220 221 31 närvarande
1035 1222 39 29 är
1093 1221 148 31 föremål
1262 1222 57 30 för
1339 1224 147 38 översyn
1509 1233 44 21 av
1574 1233 60 30 ny-

131 1267 445 41 etableringssakkunniga.

173 1319 78 31 Med
269 1320 137 40 hänsyn
425 1321 53 30 till
497 1322 66 30 vad
584 1322 149 30 sålunda
752 1323 137 30 anförts
909 1332 105 31 synas
1034 1324 31 39 ej
1087 1324 108 30 heller
1214 1325 42 30 de
1275 1334 48 21 nu
1343 1326 154 30 nämnda
1518 1327 115 40 spörs-

127 1370 116 30 målen
262 1371 132 30 behöva
411 1371 127 31 hindra
556 1380 43 22 en
619 1373 127 29 svensk
765 1373 206 40 anslutning
988 1373 52 31 till
1060 1375 157 39 stadgan.

173 1420 120 30 Såsom
317 1421 149 39 angivits
489 1421 10 29 i
522 1422 243 38 redogörelsen
789 1422 55 31 för
866 1423 125 30 artikel
1014 1424 41 30 24
1078 1424 11 29 i
1112 1425 294 39 Havanastadgan
1428 1426 90 30 skall
1541 1427 94 30 med-

131 1469 68 31 lem
221 1479 43 21 av
283 1470 432 40 handelsorganisationen
739 1473 166 39 antingen
927 1482 82 22 vara
1030 1474 151 30 medlem
1203 1484 44 21 av
1268 1475 285 31 Internationella
1575 1486 59 21 va-

131 1520 206 31 lutafonden
362 1521 83 30 eller
471 1522 109 30 träffa
604 1524 48 28 ett
678 1523 142 30 särskilt
846 1523 213 31 valutaavtal
1086 1525 78 30 med
1193 1525 293 40 organisationen.
1512 1527 52 30 En
1591 1537 42 21 av

129 1569 223 41 fullmäktige
379 1571 12 30 i
418 1571 214 31 riksbanken
662 1573 100 39 gjord
788 1573 264 41 framställning
1077 1584 56 21 om
1164 1576 157 40 Sveriges
1346 1577 206 40 anslutning
1579 1578 53 30 till

127 1621 130 31 fonden
274 1623 126 39 prövas
419 1623 23 30 f.
461 1632 32 20 n.
511 1623 97 30 inom
625 1624 408 41 finansdepartementet.
1052 1626 145 41 Förslag
1213 1636 98 22 avses
1326 1630 50 28 att
1390 1637 122 22 senare
1526 1629 108 30 fram-

127 1672 118 39 läggas
265 1673 178 39 angående
464 1674 66 30 den
550 1674 160 40 ordning,
732 1675 11 29 i
763 1675 118 31 vilken
900 1676 269 40 ifrågavarande
1189 1678 255 41 förutsättning
1464 1680 55 30 för
1538 1681 97 29 med-

127 1722 158 41 lemskap
304 1723 11 29 i
335 1724 283 38 organisationen
638 1726 63 29 bör
722 1725 79 31 från
821 1727 129 29 svensk
970 1727 75 30 sida
1065 1728 189 40 uppfyllas.

173 1772 50 29 Av
251 1772 310 32 bestämmelserna
591 1784 55 20 om
678 1776 166 38 stadgans
874 1776 283 31 ikraftträdande
1188 1778 165 40 framgår,
1386 1782 50 27 att
1467 1780 41 30 de
1539 1789 95 31 rege-

127 1821 128 38 ringar,
278 1831 74 21 som
372 1823 192 31 ratificerat
584 1825 158 39 stadgan,
761 1826 99 30 skola
879 1826 163 31 samråda
1063 1827 54 30 för
1137 1830 50 27 att
1206 1829 146 34 besluta,
1372 1829 175 31 huruvida
1566 1831 66 29 och

126 1870 45 39 på
191 1871 93 31 vilka
303 1872 126 31 villkor
447 1874 42 29 de
509 1875 113 30 önska
643 1876 92 29 sätta
756 1876 148 39 stadgan
924 1876 11 29 i
956 1877 106 29 kraft.
1085 1878 152 38 Stadgan
1259 1879 64 29 har
1343 1879 107 39 enligt
1473 1876 159 48 tillgäng-

127 1921 68 39 liga
222 1923 177 38 uppgifter
425 1923 124 31 hittills
578 1925 124 29 endast
728 1925 212 31 ratificerats
967 1936 42 20 av
1036 1927 57 30 två
1121 1927 305 39 signatärmakter,
1454 1930 178 39 nämligen

125 1974 222 29 Australiska
373 1975 279 30 statsförbundet
678 1976 64 29 och
768 1976 147 31 Liberia.
941 1978 66 29 Det
1031 1979 214 30 australiska
1271 1980 271 39 godkännandet
1567 1982 66 29 har

126 2021 93 31 skett
242 2023 111 30 under
375 2023 169 31 förbehåll
569 2025 55 30 för
645 2026 221 30 ratifikation
889 2037 42 20 av
952 2028 184 30 Amerikas
1160 2029 138 30 förenta
1321 2032 107 27 stater
1452 2031 64 30 och
1539 2031 93 30 Stor-

125 2071 210 30 britannien.
359 2073 156 31 Orsaken
542 2074 51 30 till
617 2077 51 28 att
693 2076 38 29 så
755 2076 36 30 få
813 2076 122 30 länder
958 2077 194 31 ratificerat
1177 2079 147 38 stadgan
1349 2081 97 29 torde
1470 2090 83 21 vara
1580 2083 51 28 att

126 2121 87 30 söka
235 2122 10 28 i
267 2123 57 29 det
346 2123 245 35 förhållandet,
614 2127 51 28 att
689 2126 150 29 Förenta
862 2128 165 33 staterna,
1051 2137 75 20 som
1151 2128 125 39 intagit
1299 2139 42 19 en
1367 2130 145 31 ledande
1536 2132 95 29 ställ-

126 2171 83 38 ning
232 2172 10 28 i
265 2172 132 31 arbetet
420 2173 44 39 på
486 2175 166 38 stadgans
677 2175 182 35 tillkomst,
886 2178 95 28 ännu
1005 2178 75 29 icke
1103 2178 194 30 ratificerat
1322 2180 146 38 stadgan
1491 2181 64 29 och
1580 2183 50 27 att

125 2220 117 39 övriga
270 2222 303 37 signatärmakter,
600 2225 93 30 vilka
721 2226 74 28 icke
823 2226 154 39 godtagit
1002 2227 215 35 densamma,
1244 2229 90 29 velat
1363 2230 147 29 avvakta
1538 2232 93 28 stad-

126 2276 85 31 gans
237 2271 254 37 godkännande
516 2283 41 20 av
583 2274 67 29 den
677 2275 247 30 amerikanska
951 2276 224 39 kongressen.
1213 2279 142 38 Förslag
1382 2289 55 20 om
1464 2281 166 38 stadgans

126 2320 229 35 ratifikation,
385 2322 106 30 vilket
521 2323 183 39 framlagts
735 2324 53 30 för
818 2325 214 38 kongressen
1062 2327 56 29 vid
1149 2328 78 28 dess
1258 2328 131 29 session
1420 2329 94 30 förra
1544 2330 85 34 året,

125 2371 64 28 har
210 2370 74 31 icke
305 2371 127 30 hunnit
451 2372 192 31 behandlas
666 2383 42 20 av
730 2374 212 38 kongressen
964 2376 43 38 på
1030 2377 112 37 grund
1164 2387 41 19 av
1226 2378 56 29 det
1304 2378 217 31 omfattande
1544 2380 86 29 kon-

125 2422 333 36 gressprogrammet
478 2423 55 29 vid
554 2424 153 29 nämnda
729 2425 143 30 session.
894 2426 150 38 Stadgan
1067 2426 64 30 har
1151 2428 192 29 emellertid
1364 2428 105 39 enligt
1490 2430 139 39 uppgift
