1914 2844
117 953 68 23 1929
203 953 45 23 års

121 988 121 30 vägssak-

119 1023 125 31 kunniga.

108 1161 139 32 Organisa-

107 1197 161 24 tionsnämn-

96 1233 64 23 dens
175 1239 99 22 prome-

106 1268 85 23 moria
209 1267 45 23 och

105 1303 90 23 utkast
212 1301 47 24 till

100 1336 164 33 lagändring.

347 150 18 29 4
676 148 398 32 Jordbruksutskottets
1101 148 188 31 utlåtande
1315 146 53 34 Nr
1392 149 52 30 61.

305 226 258 36 ursprungliga
590 226 187 36 uppgifter
805 227 168 30 avsevärt
1000 226 179 31 beskurits
1205 226 66 31 och
1299 225 74 32 dels
1400 227 54 30 att
1482 226 84 31 från
1592 227 64 30 och
1683 227 81 31 med
1790 228 18 29 1

302 269 71 36 juli
393 269 77 31 1930
491 269 249 32 innehavarna
760 280 46 21 av
829 270 42 31 de
890 270 233 36 nyinrättade
1144 269 558 36 vägingenjörsbefattningarna
1722 269 13 31 i
1758 270 49 30 lä-

302 323 71 21 nen
394 313 153 31 utövade
569 322 43 22 en
633 313 348 36 ändamålsenligare
1001 312 387 32 kontrollverksamhet
1410 313 54 31 uti
1487 313 238 31 förevarande
1747 323 59 21 av-

306 357 127 31 seende
458 359 47 28 än
530 366 76 21 som
631 357 96 30 varit
752 356 56 32 för
833 356 383 37 vägsynenämnderna
1241 355 136 37 möjlig.
1423 356 56 31 En
1503 356 13 30 i
1542 356 195 36 anledning
1764 367 45 20 av

306 400 157 31 nämnda
482 400 234 36 påpekanden
735 400 97 30 inom
851 399 447 36 organisatlionsnämnden
1319 399 186 36 företagen
1524 399 212 37 preliminär
1757 401 53 30 ut-

302 443 153 36 redning
476 443 91 31 hade
588 443 220 32 omedelbart
828 443 91 36 givit
943 443 61 31 vid
1025 443 152 36 handen,
1199 444 54 30 att
1276 445 237 35 vägsynerna,
1535 443 135 31 sådana
1693 443 42 31 de
1757 452 50 22 nu

305 496 83 22 vore
411 487 215 35 anordnade,
649 488 122 35 syntes
795 487 93 31 hava
911 497 44 21 en
978 487 163 36 skäligen
1162 486 184 37 obetydlig
1370 486 145 37 uppgift
1540 488 54 30 att
1617 486 93 37 fylla
1731 486 13 31 i
1766 486 42 32 de

306 530 78 37 fall,
409 531 65 31 där
500 530 443 36 väghållningsdistriktet
969 530 179 36 övertagit
1175 530 312 36 vägunderhållet,
1513 531 109 35 något
1648 540 75 21 som
1747 539 64 21 nu-

306 584 99 22 mera
425 575 93 30 skett
540 574 12 30 i
572 575 39 30 så
632 576 76 34 gott
728 584 76 21 som
824 574 169 36 samtliga
1014 574 113 31 rikets
1147 574 57 31 379
1226 573 230 37 vägdistrikt.
1497 574 135 32 Vidare
1653 574 92 31 hade
1763 584 47 20 av

306 619 70 31 den
402 617 234 38 preliminära
666 618 241 36 utredningen
937 618 186 36 framgått,
1154 619 55 30 att
1239 617 240 31 kostnaderna
1510 617 55 31 för
1597 617 41 32 de
1669 617 141 37 årligen

305 661 291 33 återkommande
620 664 228 34 vägsynerna
870 662 96 35 stege
988 661 58 31 till
1067 661 76 31 icke
1165 661 225 36 oväsentliga
1412 660 136 37 belopp.
1591 660 139 31 Enbart
1754 661 56 31 för

302 706 212 35 budgetåret
537 704 171 36 1929/1930
729 705 92 31 hade
841 705 152 31 sålunda
1015 704 58 32 till
1096 704 397 36 förrättningsmännen
1515 704 178 36 utgående
1716 714 90 21 rese-

304 749 246 36 ersättningar
570 749 55 30 för
643 748 171 36 samtliga
833 751 177 33 vägsyner
1029 748 12 30 i
1059 747 95 32 riket
1172 749 155 35 uppgått
1345 747 58 32 till
1421 747 240 37 sammanlagt
1681 748 127 35 186,000

304 792 142 36 kronor,
467 793 112 30 därav
602 792 100 31 cirka
724 792 129 35 182,000
874 792 130 30 kronor
1026 792 122 35 utgått
1168 791 117 32 direkt
1308 801 45 21 av
1375 791 207 31 statsmedel
1603 791 66 31 och
1690 792 120 31 resten

306 836 196 32 utbetalats
524 844 126 27 genom
674 836 254 35 vägkassorna.

345 940 58 31 Av
421 939 267 37 propositionen
708 939 163 36 framgår
893 939 123 31 vidare
1038 940 54 30 att
1113 938 446 36 organisationsnämnden
1581 939 12 29 i
1613 937 196 37 anledning

307 993 114 30 härav
448 993 72 30 satt
545 990 56 37 sig
626 991 13 30 i
665 990 219 32 förbindelse
909 990 80 32 med
1015 990 78 30 1929
1120 990 58 30 års
1205 989 311 36 vägsakkunniga,
1543 989 98 31 vilka
1668 989 141 36 angivit

307 1044 95 30 vissa
424 1043 185 36 riktlinjer
634 1043 55 31 för
714 1042 143 36 lösning
882 1052 46 21 av
952 1042 141 36 frågan.

347 1146 102 31 Inom
472 1138 447 44 organisationsnämnden
945 1145 66 30 har
1039 1145 159 31 därefter
1227 1145 207 35 upprättats
1461 1154 44 20 en
1532 1144 238 36 promemoria
1798 1144 12 29 i

306 1199 130 35 ämnet,
458 1197 61 32 vid
539 1197 121 31 vilken
681 1196 122 32 tillika
824 1197 118 35 fogats
962 1198 51 30 ett
1034 1196 123 31 utkast
1177 1195 57 31 till
1254 1195 157 36 ändring
1432 1195 13 31 i
1465 1195 38 31 35
1525 1194 18 36 $
1565 1195 177 36 väglagen
1764 1205 46 21 av

306 1249 161 31 innehåll
491 1251 53 29 att
569 1248 231 32 beträffande
825 1251 80 33 väg,
931 1258 75 21 som
1031 1247 197 37 övertagits
1252 1247 58 31 till
1335 1247 190 31 underhåll
1550 1247 149 31 medelst
1725 1249 85 33 väg-

305 1301 141 34 kassan,
466 1303 139 34 vägsyn
623 1299 91 31 skall
734 1299 117 31 hållas
869 1299 152 30 allenast
1041 1309 57 21 om
1116 1299 65 30 och
1199 1299 12 30 i
1229 1299 68 31 den
1315 1298 252 36 utsträckning
1587 1298 222 36 Konungens

302 1352 397 36 befallningshavande,
721 1352 46 35 på
790 1350 214 32 hemställan
1028 1361 45 20 av
1098 1349 248 38 vägstyrelsen
1368 1349 86 32 eller
1477 1349 263 32 landsfiskalen
1762 1350 46 30 el-

302 1403 55 33 ler
380 1404 140 31 enskild
541 1403 224 35 markägare,
789 1403 12 30 i
823 1402 101 36 varje
947 1401 149 31 särskilt
1119 1401 66 31 fall
1208 1402 125 30 därom
1354 1401 56 31 för
1432 1401 89 31 visst
1544 1402 40 30 år
1607 1401 201 31 förordnar.

304 1456 19 31 I
349 1456 114 31 denna
488 1454 239 37 promemoria
752 1473 41 3 —
816 1453 122 31 vilken
961 1453 145 36 jämlikt
1131 1452 201 37 åtföljande
1358 1452 122 31 utkast
1507 1452 57 31 till
1589 1452 219 37 lagändring

304 1511 40 28 är
368 1507 109 37 fogad
497 1508 117 30 såsom
635 1506 123 36 bilaga
779 1505 58 31 till
859 1505 268 36 propositionen
1146 1523 41 4 —
1208 1504 66 31 har
1297 1504 180 31 nämnden
1497 1504 153 32 anslutit
1671 1504 56 36 sig
1749 1504 57 31 till

304 1560 43 31 de
380 1558 193 36 riktlinjer,
606 1568 75 20 som
710 1557 161 36 angivits
904 1567 44 20 av
982 1556 78 31 1929
1093 1557 59 30 års
1184 1555 311 37 vägsakkunniga.
1546 1555 162 32 Sålunda
1741 1556 66 31 har

305 1611 178 31 nämnden
508 1610 123 31 funnit
656 1610 58 31 det
742 1619 88 21 vara
855 1608 138 31 mindre
1017 1607 168 37 lämpligt
1208 1608 54 31 att
1286 1617 50 21 nu
1363 1607 170 31 avskaffa
1557 1607 86 32 eller
1668 1617 62 21 ens
1754 1607 52 31 in-

302 1662 158 31 skränka
485 1664 229 34 vägsynerna
740 1660 229 31 beträffande
997 1659 137 31 sådana
1160 1658 232 37 vägdistrikt,
1419 1659 65 31 där
1511 1659 295 36 naturaväghåll-

303 1714 89 36 ning
420 1716 96 28 ännu
546 1713 74 31 helt
647 1712 85 31 eller
763 1711 114 32 delvis
906 1711 237 44 tillämpades.
1191 1710 83 31 Men
1302 1710 33 36 ej
1365 1710 111 31 heller
1504 1710 230 32 beträffande
1764 1711 42 31 de

301 1765 157 36 distrikt,
479 1765 65 31 där
567 1763 284 37 väghållningen
873 1763 73 31 helt
969 1762 198 36 övertagits
1189 1772 46 21 av
1259 1762 253 36 vägkassorna,
1536 1762 66 30 har
1624 1762 181 31 nämnden

300 1818 117 30 ansett
438 1819 227 33 vägsynerna
685 1815 124 31 kunna
831 1814 72 32 helt
925 1814 65 30 och
1013 1813 111 32 hållet
1146 1813 198 31 avskaffas.
1386 1813 51 31 De
1460 1813 245 37 tvistefrågor,
1728 1823 76 22 som

303 1869 59 31 det
388 1868 113 36 enligt
525 1866 196 37 väglagens
746 1866 50 36 24,
821 1866 48 36 25,
895 1866 37 30 68
958 1866 65 30 och
1050 1865 37 31 69
1113 1864 39 36 $$
1179 1865 187 30 ankomme
1392 1865 46 36 på
1465 1865 340 36 vägsynenämnden

301 1921 54 30 att
375 1920 12 31 i
408 1918 287 33 förekommande
716 1917 67 31 fall
804 1920 134 33 avgöra
961 1916 197 36 (angående
1178 1916 117 31 beslut
1314 1926 57 21 om
1391 1916 236 36 borttagande
1647 1927 45 20 av
1712 1916 91 35 träd,

304 1972 143 35 buskar,
472 1970 135 37 upplag
632 1970 64 30 och
722 1969 114 31 andra
860 1968 245 36 anordningar
1130 1969 93 29 samt
1248 1978 58 21 om
1329 1968 166 31 tillstånd
1519 1968 58 30 till
1601 1968 205 31 snöskärms

301 2022 240 37 uppsättande
568 2024 168 29 ävensom
762 2021 148 30 härmed
937 2019 355 36 sammanhängande
1320 2018 484 37 skadeersättningsfrågor),

304 2076 122 35 syntes
448 2073 183 36 nämligen
656 2072 76 31 icke
756 2071 196 37 lämpligen
976 2071 87 31 böra
1086 2073 89 29 utan
1197 2070 185 31 avvaktan
1405 2071 46 36 på
1474 2071 67 31 den
1564 2080 72 27 nya
1659 2070 147 37 väglag-

304 2126 217 35 stiftningen
544 2125 125 35 läggas
693 2124 45 36 på
763 2125 108 34 något
898 2123 111 31 annat
1032 2131 122 27 organ.
1181 2130 1 3 '
1198 2122 171 31 Däremot
1393 2122 65 31 har
1480 2123 180 31 nämnden
1684 2123 123 31 funnit

304 2180 52 29 ett
378 2177 161 32 lättande
563 2177 47 36 på
634 2176 66 31 den
724 2175 230 35 ovillkorliga
978 2173 273 32 bestämmelsen
1274 2174 13 30 i
1312 2174 194 36 väglagens
1529 2174 37 31 35
1592 2173 27 37 $,
1645 2175 54 30 att
1724 2177 82 33 väg-

304 2239 69 27 syn
399 2228 91 32 skall
517 2229 116 30 hållas
658 2227 150 36 årligen,
835 2227 122 30 kunna
983 2227 21 29 å
1031 2235 67 22 ena
1124 2225 105 31 sidan
1255 2225 62 31 ske
1344 2226 90 30 utan
1460 2226 118 36 någon
1603 2226 202 31 nämnvärd

303 2281 189 36 olägenhet
515 2280 64 31 och
605 2280 20 30 å
650 2279 115 31 andra
788 2278 104 31 sidan
918 2279 45 34 på
987 2279 51 29 ett
1064 2276 284 36 verkningsfullt
1372 2279 72 29 sätt
1469 2277 187 36 tillgodose
1683 2277 42 31 de
1750 2277 55 31 be-

303 2330 401 39 sparingssynpunkter,
725 2340 75 20 som
821 2329 97 31 varit
938 2328 241 36 anledningen
1200 2328 57 31 till
1279 2328 149 36 frågans
1449 2329 239 36 upptagande.
1711 2329 93 36 Väg-

305 2394 68 26 syn
398 2383 113 32 skulle
538 2382 152 32 sålunda
716 2382 114 35 enligt
857 2380 197 31 nämndens
1081 2379 136 37 förslag
1244 2379 78 31 icke
1348 2379 116 32 hållas
1490 2380 13 30 i
1530 2381 111 30 annat
1666 2380 67 31 fall
1760 2383 47 29 än

304 2436 46 31 då
366 2454 39 3 —
421 2436 46 35 på
485 2434 118 37 grund
621 2444 44 21 av
682 2433 236 36 uppkomsten
935 2442 45 20 av
998 2441 43 21 en
1060 2431 113 31 sådan
1189 2431 185 36 situation,
1392 2441 74 21 som
1483 2431 228 31 omförmäles
1726 2432 13 30 i
1756 2433 48 35 24,
