2168 2640
413 139 38 30 22
891 146 230 42 Lagutskottets
1143 148 161 31 utlåtande
1327 149 54 30 Nr
1401 150 52 30 46.

370 239 67 33 ser,
479 241 77 24 som
597 245 52 22 nu
689 239 63 28 äro
792 235 12 32 i
846 233 113 48 fråga,
998 237 47 45 på
1073 240 50 30 ett
1148 235 343 38 tillfredsställande
1520 243 72 30 sätt
1619 238 169 49 avhjälpa
1814 241 166 36 bostads-

370 278 166 37 behovet.
570 300 48 5 —
644 301 50 4 —

503 329 84 38 Med
626 333 144 49 hänsyn
811 335 56 34 till
895 334 63 36 det
984 348 52 22 nu
1065 335 154 36 anförda
1247 349 110 36 synes
1385 350 85 23 man
1497 352 86 22 vara
1610 338 188 37 nödsakad
1824 347 54 30 att
1904 344 75 34 till-

369 379 106 48 gripa
500 393 74 37 nya
600 383 182 48 åtgärder,
804 384 64 35 där
887 386 204 47 upplåtelse
1110 399 42 22 av
1171 386 220 48 erforderlig
1410 389 102 35 mark
1537 388 57 36 för
1613 402 44 23 en
1677 393 303 47 sammanträngd

369 429 235 51 befolknings
632 433 213 49 bosättning
870 435 80 35 icke
978 437 72 34 kan
1078 439 46 44 på
1150 437 141 47 skäliga
1317 438 132 35 villkor
1476 440 284 36 åstadkommas.
1815 441 11 35 I
1850 442 130 36 sådant

368 481 176 35 avseende
571 483 104 36 torde
699 483 59 36 för
785 485 236 36 anskaffande
1050 499 42 22 av
1119 486 223 50 erforderlig
1368 490 201 35 tomtmark
1587 503 87 22 vara
1692 496 54 30 att
1766 490 148 37 förorda
1932 505 46 23 en

369 531 222 50 utvidgning
617 547 44 22 av
679 536 495 46 expropriationsinstitutet,
1195 537 97 36 blott
1316 537 227 37 förfarandet
1562 540 128 36 därvid
1709 554 99 35 noga
1824 543 155 46 begrän-

368 593 55 23 sas
452 582 68 34 och
548 583 232 38 bestämmes.
1763 635 4 4 |

502 651 48 5 —
576 652 49 6 —
653 654 47 4 —
729 636 68 35 och
824 636 123 35 vidare
975 636 212 45 bestämma,
1216 642 54 31 att
1297 640 417 46 expropriationsrätten
1742 643 125 47 lägges
1885 644 13 33 i
1917 643 61 35 det

367 682 203 37 allmännas
610 685 97 35 hand
748 687 68 34 och
855 691 52 30 att
935 687 139 35 således
1102 687 119 36 denna
1248 693 73 31 rätt
1350 689 69 35 kan
1447 690 163 46 påkallas
1638 703 43 23 av
1708 691 64 36 det
1800 693 177 36 särskilda

368 733 201 45 samhället,
598 736 227 36 kommunen
852 738 88 34 eller
958 742 131 40 staten,
1109 743 41 44 ty
1168 739 129 35 endast
1317 739 215 48 därigenom
1552 747 40 28 är
1610 754 83 22 man
1713 741 262 47 tillförsäkrad,

367 787 53 29 att
459 782 279 39 förhållandena
778 790 46 45 på
851 792 51 30 ett
930 800 44 22 ur
1002 788 70 35 alla
1100 790 235 47 synpunkter
1361 789 341 38 tillfredsställande
1730 797 74 31 sätt
1830 793 143 36 ordnas.

367 832 77 36 Den
473 837 314 47 exproprierande
814 838 261 35 institutionen
1098 839 92 35 hade
1218 840 114 35 sedan
1351 845 53 30 att
1423 853 45 23 av
1486 841 71 35 den
1577 843 284 47 exproprierade
1880 857 96 22 mar-

366 883 70 35 ken
476 888 46 44 på
560 886 171 48 lämpligt
772 892 71 31 sätt
884 888 153 48 upplåta
1076 894 135 31 tomter
1250 890 60 35 till
1343 890 44 35 de
1421 891 176 36 enskilda.
1652 892 66 36 Att
1746 892 230 38 kommunen

366 933 192 49 härvidlag
585 936 66 36 bör
677 938 106 35 träda
812 939 166 43 emellan,
994 940 119 47 ligger
1140 939 112 37 oftast
1279 941 13 35 i
1320 940 82 36 dess
1430 947 82 42 eget
1540 943 163 44 intresse,
1734 944 69 35 och
1831 944 62 36 det
1912 945 66 35 bör

366 983 124 36 därför
516 986 126 36 kunna
668 994 164 42 antagas,
861 994 52 30 att
940 989 212 36 densamma
1179 991 93 35 skall
1299 1003 85 23 vara
1411 993 107 47 villig
1540 997 55 31 att
1615 993 222 37 underkasta
1856 994 56 49 sig
1930 995 45 35 de

365 1035 255 49 uppoffringar
646 1038 13 35 i
687 1039 230 35 ekonomiskt
944 1040 190 44 avseende,
1154 1053 79 23 som
1253 1040 58 36 för
1329 1042 170 47 åtgärder
1518 1055 43 23 av
1579 1042 156 37 berörda
1754 1046 81 47 slag
1852 1046 124 35 kunna

365 1084 192 38 erfordras.
611 1087 121 37 Medel
758 1088 61 37 för
845 1090 346 48 expropriationens
1218 1091 291 48 genomförande
1529 1093 104 35 torde
1652 1099 90 31 utan
1762 1100 116 31 större
1896 1099 79 33 svå-

364 1136 121 45 righet
525 1138 126 35 kunna
690 1139 192 45 anskaffas,
924 1140 95 36 helst
1059 1142 244 35 realsäkerhet
1344 1141 57 37 för
1428 1148 52 30 ett
1508 1149 178 43 upptaget
1712 1146 62 34 lån
1802 1146 174 48 erbjuder

365 1186 57 45 sig
448 1188 11 32 i
487 1186 71 36 den
585 1190 285 47 exproprierade
897 1191 163 35 marken.
1115 1191 16 35 I
1158 1193 71 34 alla
1257 1193 45 34 de
1322 1192 74 44 fall,
1418 1193 66 35 där
1502 1193 279 49 ifrågavarande
1800 1197 175 35 samhälle

364 1242 40 28 är
430 1241 54 30 ett
510 1239 392 48 municipalsamhälle,
931 1242 120 48 ligger
1078 1242 61 35 det
1165 1249 164 30 närmast
1356 1245 57 33 till
1433 1244 117 36 hands
1570 1250 53 30 att
1641 1245 206 36 detsamma
1865 1247 110 46 självt

363 1286 171 47 vidtager
560 1289 156 36 berörda
742 1291 180 48 åtgärder,
951 1292 13 34 i
992 1292 116 35 andra
1134 1292 65 36 fall
1226 1294 97 35 lärer
1343 1293 60 36 det
1418 1295 198 35 ankomma
1634 1298 46 45 på
1697 1296 278 37 vederbörande

364 1337 188 36 kommun.
607 1339 16 35 I
649 1342 97 34 vissa
773 1340 77 45 fall,
879 1341 65 36 där
970 1342 63 35 det
1060 1344 202 35 allmännas
1291 1344 155 36 intresse
1475 1357 44 23 av
1547 1344 149 48 frågans
1724 1346 250 37 tillfredsstäl-

364 1387 107 35 lande
511 1389 147 49 lösning
697 1398 41 28 är
778 1392 146 35 särskilt
951 1394 192 47 påtagligt,
1171 1394 106 35 torde
1306 1400 119 30 staten
1452 1395 107 35 träda
1586 1397 57 34 till
1672 1395 59 37 för
1757 1402 56 30 att
1840 1398 134 35 under-

363 1437 125 49 hjälpa
513 1440 120 35 saken.

497 1508 48 4 —
571 1509 49 4 —
647 1510 50 4 —
723 1491 85 36 Står
847 1493 188 36 dessutom
1076 1496 450 47 expropriationstvånget
1558 1498 13 33 i
1599 1497 126 44 utsikt,
1755 1497 104 37 torde
1887 1512 85 22 man

362 1538 88 35 böra
477 1552 85 23 vara
589 1541 208 48 berättigad
817 1540 208 48 förutsätta,
1045 1549 54 30 att
1117 1544 177 49 frivilliga
1313 1547 375 36 överenskommelser
1708 1549 135 35 mellan
1861 1554 111 30 tomt-

362 1595 107 40 ägare
496 1590 68 35 och
592 1591 72 36 den
692 1594 524 48 expropriationsberättigade
1258 1597 89 34 eller
1374 1596 69 36 den
1471 1597 166 35 enskilda
1663 1600 12 32 i
1703 1598 45 36 de
1776 1599 104 35 flesta
1907 1598 65 37 fall

361 1639 76 35 låta
463 1640 57 47 sig
547 1642 264 36 åstadkomma.

495 1689 198 49 Självklart
719 1694 105 35 torde
851 1707 94 31 vara,
967 1700 53 30 att
1039 1695 71 36 den
1129 1708 50 23 nu
1207 1695 217 50 ifrågasatta
1452 1698 418 48 expropriationsrätten
1905 1699 68 36 bör

361 1739 201 48 begränsas
602 1748 54 30 att
696 1744 183 35 användas
920 1746 155 35 allenast
1101 1747 12 34 i
1140 1746 136 36 sådana
1315 1746 74 46 fall,
1419 1748 48 35 då
1493 1748 63 35 det
1583 1750 115 46 gäller
1720 1754 55 30 att
1802 1749 170 36 förvärva

362 1790 114 49 nödig
502 1793 105 34 mark
634 1792 59 36 för
719 1799 53 30 ett
800 1796 196 35 samhälles
1024 1796 242 49 bebyggande
1294 1816 49 4 -—
1369 1817 41 4 -—
1437 1810 78 23 —>.

495 1841 18 36 I
540 1844 266 46 sammanhang
833 1845 84 35 med
944 1845 130 47 frågan
1102 1859 59 23 om
1189 1849 281 46 expropriation
1497 1849 14 34 i
1538 1848 254 49 föreliggande
1820 1849 76 45 fall,
1926 1850 46 36 då

360 1890 352 52 byggnadsstadgan
753 1894 57 36 för
849 1896 111 35 rikets
1000 1896 123 36 städer
1150 1897 71 36 den
1250 1899 21 34 8
1301 1899 72 46 maj
1406 1900 97 34 1874
1531 1900 144 35 komme
1703 1905 54 30 att
1784 1901 186 47 tillämpas

360 1944 47 44 på
434 1942 67 35 här
526 1942 280 49 ifrågavarande
829 1947 144 46 platser,
1002 1947 106 35 torde
1134 1948 67 35 ock
1230 1961 43 22 en
1304 1949 254 36 modifikation
1588 1963 43 22 av
1657 1951 163 35 nämnda
1842 1952 129 47 stadga

362 1992 20 33 2
412 1991 80 49 kap.
521 1992 23 45 $
574 1996 56 42 13,
660 2008 110 22 mom.
804 1998 31 41 1,
863 1997 189 47 angående
1080 1998 255 47 gatubredden
1363 2012 86 22 vara
1476 2012 45 22 av
1549 2000 131 36 nöden.
1735 2000 127 48 Enligt
1883 2001 88 36 den-

360 2054 140 24 samma
526 2044 119 36 skulle
672 2047 12 33 i
712 2047 133 45 planen
872 2046 58 36 för
956 2047 138 36 sådana
1120 2049 188 35 allmänna
1336 2051 136 46 platser
1502 2051 117 35 under
1636 2052 87 47 inga
1742 2052 228 46 omständig-

360 2092 104 36 heter
504 2093 38 36 få
581 2100 181 43 upptagas
790 2103 111 42 vägar
928 2098 84 35 med
1044 2099 142 35 mindre
1213 2099 120 36 bredd
1361 2107 45 28 än
1433 2101 79 35 tolv
1539 2106 125 31 meter.
1718 2101 57 36 Då
1801 2101 103 49 fråga
1930 2110 40 27 är

360 2155 60 22 om
461 2143 239 50 bebyggande
740 2159 43 22 av
822 2147 154 44 holmar,
1017 2155 65 29 öar
1109 2150 86 35 eller
1235 2150 272 36 strandremsor
1533 2151 102 36 invid
1663 2148 119 47 havet,
1812 2153 118 35 skulle
1957 2153 13 34 i

360 2193 86 35 flera
475 2193 66 37 fall
568 2197 235 47 upptagande
831 2210 44 23 av
902 2201 38 32 så
967 2198 112 36 breda
1107 2206 111 41 vägar
1245 2212 80 24 som
1365 2202 77 34 tolv
1470 2207 117 30 meter
1615 2201 190 37 föranleda
1831 2203 58 35 till
1917 2208 53 30 att
