2172 2650
747 172 226 39 Laqutskottets
999 171 156 30 utlåtande
1181 170 51 30 Nr
1254 171 52 29 46.
1752 170 35 28 13

219 265 118 44 någon
382 261 57 34 del
480 260 142 35 influtit
665 260 8 34 i
718 259 184 47 förslaget.
960 259 75 34 Den
1077 258 210 35 nuvarande
1322 256 247 44 föreskriften,
1600 261 53 30 att
1683 257 147 34 marken

216 313 92 33 skall
339 311 136 35 betalas
503 310 94 35 efter
624 310 67 34 vad
718 309 84 47 jord
831 322 43 22 av
902 309 193 35 enahanda
1123 308 251 35 beskaffenhet
1402 309 10 33 i
1441 312 102 30 orten
1574 307 106 46 högst
1704 307 126 47 gäller,

217 362 93 35 hade
338 367 129 30 ersatts
498 361 81 34 med
608 361 266 42 bestämrnelse,
904 364 54 30 att
978 360 274 45 löseskillingen
1275 358 91 35 skall
1386 364 184 28 motsvara
1588 356 243 47 fastighetens

216 412 120 35 värde.
400 411 132 35 Vidare
561 410 203 48 stadgades,
793 415 54 30 att
874 410 143 48 hänsyn
1045 410 78 34 icke
1153 414 58 29 må
1239 415 103 40 tagas
1360 408 57 35 till
1438 407 248 47 förändring
1675 403 20 59 i
1708 407 122 42 värde,

217 475 79 22 som
338 465 153 44 uppstår
531 462 154 33 allenast
726 460 58 35 till
826 459 96 47 följd
963 473 42 21 av
1039 460 437 46 expropriationsrättens
1504 457 210 46 beviljande
1743 459 90 32 eller

217 512 61 35 det
311 511 158 35 avsedda
496 511 227 34 ändamålets
751 509 298 46 genomförande.
1104 509 108 34 Detta
1240 521 126 22 senare
1393 507 114 35 borde
1535 508 99 46 ligga
1662 509 11 32 i
1702 507 129 34 sakens

217 567 121 37 natur,
381 574 83 22 men
500 560 170 47 gällande
698 562 78 45 lags
803 560 93 34 brist
926 562 45 44 på
1002 559 219 48 uttryckligt
1249 557 203 48 stadgande
1481 558 124 34 härom
1635 558 95 33 lärer
1758 555 74 36 för-

216 613 119 33 anlett
374 610 199 36 vacklande
601 610 136 47 praxis,
767 613 39 31 så
833 614 54 30 att
914 610 96 35 vissa
1037 607 480 49 expropriationsnämnder
1545 608 32 45 ej
1609 607 93 47 tagit
1729 607 103 48 dylik

217 663 154 47 hänsyn,
428 661 115 34 under
593 661 62 34 det
700 660 109 35 andra
856 659 99 47 gjort
999 660 71 34 det.
1126 658 128 35 Denna
1298 658 208 48 otydlighet
1552 658 80 34 blev
1677 656 153 35 sålunda

219 711 217 46 undanröjd.

355 762 71 35 Vid
455 761 104 47 jords
588 761 195 35 avstående
811 761 11 34 i
851 761 125 34 socialt
1006 759 96 50 syfte
1130 760 226 34 tillkommer
1384 771 76 34 som
1490 764 82 41 sagt
1600 757 115 35 andra
1743 757 90 35 hän-

218 826 65 34 syn
326 812 230 35 beträffande
597 813 265 45 ersättningen,
891 823 77 23 som
998 812 30 44 ej
1058 810 36 35 få
1121 810 229 35 åsidosättas.
1406 807 106 37 Aven
1541 809 169 34 officiella
1738 808 95 34 erin-

217 864 128 46 ringar
373 862 124 35 därom
528 862 43 35 ha
598 861 249 43 förekommit,
877 862 108 42 vilka,
1015 860 160 36 förutom
1206 861 129 34 sakens
1365 865 117 37 natur,
1502 859 83 34 bort
1604 859 84 45 giva
1705 857 129 36 veder-

218 913 163 35 börande
408 913 204 47 anledning
639 913 58 33 till
726 915 111 44 något
865 917 167 29 närmare
1061 910 252 46 övervägande
1342 922 43 23 av
1413 910 122 34 saken.

354 962 161 36 Sålunda
555 963 124 34 anhöll
711 963 94 34 1907
835 965 57 32 års
917 961 151 47 riksdag
1094 962 11 33 i
1134 960 157 36 särskild
1319 960 185 42 skrivelse,
1534 964 52 30 att
1614 959 216 47 regeringen

220 1017 110 31 måtte
369 1019 141 29 snarast
549 1013 146 47 möjligt
737 1012 208 47 framlägga
987 1011 137 47 förslag
1162 1011 57 35 till
1261 1010 314 47 ändamålsenliga
1613 1008 221 48 lagbestäm-

218 1065 134 34 melser
392 1065 11 33 i
444 1063 103 48 fråga
587 1076 60 22 om
687 1063 213 47 grunderna
941 1062 65 35 och
1036 1067 110 31 sättet
1173 1061 58 35 för
1258 1060 275 36 bestämmande
1562 1073 41 22 av
1631 1059 45 35 de
1705 1064 129 30 ersätt-

217 1115 259 47 ningsbelopp,
519 1127 79 22 som
639 1114 101 35 skola
781 1114 145 46 utgivas
967 1114 10 34 i
1011 1112 201 47 anledning
1240 1125 44 22 av
1308 1111 105 47 jords
1442 1112 89 34 eller
1557 1109 189 49 lägenhets
1775 1122 59 22 av-

217 1165 152 36 stående
408 1165 59 35 för
507 1166 154 33 allmänt
689 1165 130 34 behov.
875 1164 14 35 I
918 1163 269 48 motiveringen
1216 1163 58 35 till
1303 1163 71 34 den
1404 1163 151 42 motion,
1584 1174 77 22 som
1689 1161 61 46 låg
1777 1161 58 34 till

217 1215 120 48 grund
380 1215 57 35 för
477 1215 384 46 riksdagsskrivelsen,
903 1214 187 36 erinrades
1130 1214 252 47 uttryckligen
1423 1225 58 22 om
1515 1211 44 47 de
1588 1211 245 49 synpunkter,

218 1279 78 23 som
332 1266 62 35 vid
422 1279 42 22 en
494 1266 111 35 social
633 1266 278 46 expropriation
939 1268 115 32 måste
1081 1271 89 39 göra
1197 1264 56 47 sig
1279 1262 182 48 gällande.
1516 1260 107 37 Aven
1653 1261 182 35 utskottet

218 1317 192 34 anmärkte
452 1322 51 29 att
545 1316 61 35 det
647 1328 86 22 vore
773 1316 79 35 icke
880 1327 73 34 nog
981 1315 83 35 med
1092 1320 53 30 att
1171 1313 324 48 värdesättningen
1525 1313 83 34 blev
1632 1312 105 45 jämn
1766 1312 67 34 och

218 1367 175 46 objektiv.
449 1366 70 36 Om
548 1366 213 35 densamma
784 1367 140 45 jämväl
952 1366 119 35 skulle
1098 1366 126 33 kunna
1253 1366 108 33 såvitt
1384 1364 148 46 möjligt
1550 1361 109 37 träffa
1677 1367 53 30 ett
1751 1362 82 35 med

218 1418 171 47 billighet
416 1416 383 36 överensstämmande
826 1416 120 43 värde,
967 1420 127 38 måste,
1115 1415 145 48 yttrade
1280 1414 180 35 utskottet
1479 1413 189 47 enhälligt,
1690 1425 143 35 uppen-

217 1468 169 47 barligen
426 1470 12 32 i
480 1467 102 48 fråga
614 1480 59 22 om
702 1466 213 48 grunderna
942 1465 58 37 för
1027 1466 323 47 värdesättningen
1379 1463 186 36 meddelas
1593 1463 136 35 sådana
1755 1463 78 47 lag-

217 1519 290 42 bestämmelser,
535 1531 79 22 som
642 1517 231 48 berättigade
901 1518 67 34 och
991 1516 225 48 förpliktade
1235 1515 273 36 vederbörande
1527 1513 306 49 uppskattnings-

217 1569 140 35 nämnd
384 1574 54 30 att
466 1575 86 40 taga
578 1570 11 33 i
619 1568 253 48 övervägande
900 1569 71 34 alla
994 1571 46 43 på
1060 1566 293 36 bestämmandet
1373 1579 43 22 av
1434 1564 400 48 ersättningsbeloppet

218 1620 224 35 inverkande
486 1619 314 47 omständigheter
845 1624 89 30 utan
979 1624 52 29 att
1075 1631 81 22 vara
1203 1616 151 36 bunden
1399 1629 43 22 av
1482 1616 290 47 prisstegringen
1814 1618 20 31 å

218 1671 155 46 platsen.

354 1719 163 37 Sålunda
545 1728 39 27 är
612 1721 61 34 det
701 1726 52 29 ett
781 1721 145 47 mycket
955 1720 209 46 överklagat
1192 1717 230 36 förhållande
1451 1721 52 31 att
1527 1717 115 35 arbete
1660 1717 61 35 och
1741 1716 92 35 kost-

218 1772 124 43 nader,
383 1784 74 23 som
498 1772 344 47 besittningshavare
882 1770 147 48 nedlagt
1063 1770 56 47 på
1158 1776 44 29 ett
1222 1769 215 48 jordstycke,
1467 1770 47 44 på
1541 1766 193 36 allehanda
1762 1771 70 29 sätt

218 1822 165 35 kommer
419 1821 220 48 jordägaren
683 1822 55 34 till
777 1821 98 46 godo
918 1826 90 29 utan
1047 1820 218 47 ersättning.
1321 1818 97 36 Skall
1449 1816 144 37 därföre
1621 1818 213 46 expropria-

217 1873 139 43 tionen,
386 1875 118 33 såsom
532 1873 12 33 i
573 1877 52 30 ett
653 1872 89 35 visst
775 1870 66 37 fall
869 1878 89 29 även
986 1878 41 28 är
1056 1870 200 35 händelsen
1284 1870 12 34 i
1325 1869 60 35 det
1412 1868 206 46 framlagda
1645 1866 190 48 förslaget,

219 1936 84 25 avse
344 1928 53 30 att
438 1922 115 36 skaffa
592 1922 381 48 besittningshavaren
1014 1921 214 48 iäganderätt
1270 1921 90 34 eller
1400 1925 111 42 trygg
1543 1918 206 47 besittning
1775 1917 58 35 till

219 1974 164 42 marken,
413 1977 115 32 måste
557 1972 158 36 framför
743 1974 67 34 allt
837 1973 127 42 tillses,
994 1978 54 29 att
1076 1972 71 35 han
1176 1971 31 47 ej
1239 1971 93 35 skall
1360 1970 141 35 behöva
1529 1969 121 36 betala
1677 1967 59 36 för
1763 1968 71 35 vad

218 2025 74 34 han
333 2025 92 46 själv
465 2024 273 35 åstadkommit.
793 2023 320 48 Torpkommittén
1155 2023 64 34 har
1251 2020 127 36 därför
1404 2022 12 33 i
1444 2020 64 35 sitt
1534 2019 138 48 förslag
1700 2019 135 47 intagit

219 2074 165 47 följande
424 2075 272 35 bestämmelse:
739 2074 91 35 »Vid
870 2073 196 48 värdering
1097 2086 42 22 av
1167 2073 173 47 lägenhet
1367 2074 59 32 må
1453 2071 142 48 bänsyn
1622 2070 80 35 icke
1730 2076 104 40 tagas

219 2125 57 35 till
319 2125 70 35 den
430 2125 222 47 förbättring
687 2124 133 47 jorden
857 2125 69 34 kan
955 2124 95 35 hava
1075 2125 134 33 vunnit
1236 2135 132 36 genom
1397 2122 125 35 arbete
1550 2122 89 35 eller
1665 2119 168 39 kostnad,

219 2189 78 22 som
339 2176 168 47 nedlagts
548 2175 88 36 dära
675 2189 44 21 av
750 2174 452 49 nyttjanderättshavaren
1230 2174 90 35 eller
1347 2185 43 23 av
1418 2171 219 48 föregående
1665 2170 168 42 brukare,

219 2227 144 34 vilkens
404 2232 73 30 rätt
517 2229 167 43 övergått
725 2229 20 32 å
785 2225 461 48 nyttjanderättshavaren,
1291 2229 89 29 utan
1421 2223 91 35 skall
1540 2223 58 34 till
1624 2220 123 49 grund
1776 2219 60 36 för
