<?xml version="1.0" encoding="UTF-8"?>
<alto xmlns="http://www.loc.gov/standards/alto/ns-v3#" xmlns:xlink="http://www.w3.org/1999/xlink" xmlns:xsi="http://www.w3.org/2001/XMLSchema-instance" xsi:schemaLocation="http://www.loc.gov/standards/alto/ns-v3# http://www.loc.gov/alto/v3/alto-3-0.xsd">
	<Description>
		<MeasurementUnit>pixel</MeasurementUnit>
		<sourceImageInformation>
			<fileName>/tmp/tess_xlv_6pby_input.PNG</fileName>
		</sourceImageInformation>
		<OCRProcessing ID="OCR_0">
			<ocrProcessingStep>
				<processingSoftware>
					<softwareName>tesseract 5.3.0</softwareName>
				</processingSoftware>
			</ocrProcessingStep>
		</OCRProcessing>
	</Description>
	<Layout>
		<Page WIDTH="2200" HEIGHT="2632" PHYSICAL_IMG_NR="0" ID="page_0">
			<PrintSpace HPOS="0" VPOS="0" WIDTH="2200" HEIGHT="2632">
				<ComposedBlock ID="cblock_0" HPOS="443" VPOS="215" WIDTH="1051" HEIGHT="44">
					<TextBlock ID="block_0" HPOS="443" VPOS="215" WIDTH="1051" HEIGHT="44">
						<TextLine ID="line_0" HPOS="443" VPOS="215" WIDTH="1051" HEIGHT="44">
							<String ID="string_0" HPOS="443" VPOS="216" WIDTH="21" HEIGHT="31" WC="0.96" CONTENT="4"/><SP WIDTH="413" VPOS="216" HPOS="464"/>
							<String ID="string_1" HPOS="877" VPOS="215" WIDTH="241" HEIGHT="44" WC="0.90" CONTENT="Lagutskottets"/><SP WIDTH="33" VPOS="215" HPOS="1118"/>
							<String ID="string_2" HPOS="1151" VPOS="217" WIDTH="175" HEIGHT="35" WC="0.95" CONTENT="Utlåtande"/><SP WIDTH="26" VPOS="217" HPOS="1326"/>
							<String ID="string_3" HPOS="1352" VPOS="219" WIDTH="66" HEIGHT="38" WC="0.95" CONTENT="N:o"/><SP WIDTH="28" VPOS="219" HPOS="1418"/>
							<String ID="string_4" HPOS="1446" VPOS="221" WIDTH="48" HEIGHT="31" WC="0.96" CONTENT="11."/>
						</TextLine>
					</TextBlock>
				</ComposedBlock>
				<ComposedBlock ID="cblock_1" HPOS="1101" VPOS="722" WIDTH="173" HEIGHT="40">
					<TextBlock ID="block_1" HPOS="1101" VPOS="722" WIDTH="173" HEIGHT="40">
						<TextLine ID="line_1" HPOS="1101" VPOS="722" WIDTH="173" HEIGHT="40">
							<String ID="string_5" HPOS="1101" VPOS="722" WIDTH="86" HEIGHT="40" WC="0.95" CONTENT="N:o"/><SP WIDTH="28" VPOS="722" HPOS="1187"/>
							<String ID="string_6" HPOS="1215" VPOS="722" WIDTH="59" HEIGHT="40" WC="0.95" CONTENT="11."/>
						</TextLine>
					</TextBlock>
				</ComposedBlock>
				<ComposedBlock ID="cblock_2" HPOS="866" VPOS="877" WIDTH="1033" HEIGHT="38">
					<TextBlock ID="block_2" HPOS="866" VPOS="877" WIDTH="1033" HEIGHT="38">
						<TextLine ID="line_2" HPOS="866" VPOS="877" WIDTH="1033" HEIGHT="38">
							<String ID="string_7" HPOS="866" VPOS="878" WIDTH="78" HEIGHT="29" WC="0.90" CONTENT="Ank."/><SP WIDTH="23" VPOS="878" HPOS="944"/>
							<String ID="string_8" HPOS="967" VPOS="877" WIDTH="48" HEIGHT="29" WC="0.93" CONTENT="till"/><SP WIDTH="24" VPOS="877" HPOS="1015"/>
							<String ID="string_9" HPOS="1039" VPOS="878" WIDTH="103" HEIGHT="29" WC="0.90" CONTENT="Riksd."/><SP WIDTH="25" VPOS="878" HPOS="1142"/>
							<String ID="string_10" HPOS="1167" VPOS="878" WIDTH="97" HEIGHT="29" WC="0.96" CONTENT="kansli"/><SP WIDTH="23" VPOS="878" HPOS="1264"/>
							<String ID="string_11" HPOS="1287" VPOS="880" WIDTH="58" HEIGHT="27" WC="0.96" CONTENT="den"/><SP WIDTH="27" VPOS="880" HPOS="1345"/>
							<String ID="string_12" HPOS="1372" VPOS="880" WIDTH="37" HEIGHT="28" WC="0.96" CONTENT="10"/><SP WIDTH="23" VPOS="880" HPOS="1409"/>
							<String ID="string_13" HPOS="1432" VPOS="879" WIDTH="135" HEIGHT="29" WC="0.96" CONTENT="februari"/><SP WIDTH="25" VPOS="879" HPOS="1567"/>
							<String ID="string_14" HPOS="1592" VPOS="880" WIDTH="90" HEIGHT="35" WC="0.96" CONTENT="1896,"/><SP WIDTH="24" VPOS="880" HPOS="1682"/>
							<String ID="string_15" HPOS="1706" VPOS="880" WIDTH="41" HEIGHT="28" WC="0.96" CONTENT="kl."/><SP WIDTH="26" VPOS="880" HPOS="1747"/>
							<String ID="string_16" HPOS="1773" VPOS="881" WIDTH="14" HEIGHT="27" WC="0.93" CONTENT="1"/><SP WIDTH="27" VPOS="881" HPOS="1787"/>
							<String ID="string_17" HPOS="1814" VPOS="891" WIDTH="23" HEIGHT="18" WC="0.89" CONTENT="e."/><SP WIDTH="25" VPOS="891" HPOS="1837"/>
							<String ID="string_18" HPOS="1862" VPOS="890" WIDTH="37" HEIGHT="19" WC="0.90" CONTENT="m."/>
						</TextLine>
					</TextBlock>
				</ComposedBlock>
				<ComposedBlock ID="cblock_3" HPOS="700" VPOS="1024" WIDTH="1284" HEIGHT="152">
					<TextBlock ID="block_3" HPOS="700" VPOS="1024" WIDTH="1284" HEIGHT="152">
						<TextLine ID="line_3" HPOS="700" VPOS="1024" WIDTH="1284" HEIGHT="51">
							<String ID="string_19" HPOS="700" VPOS="1024" WIDTH="202" HEIGHT="45" WC="0.74" CONTENT="Utlåtande,"/><SP WIDTH="43" VPOS="1024" HPOS="902"/>
							<String ID="string_20" HPOS="945" VPOS="1025" WIDTH="14" HEIGHT="35" WC="0.85" CONTENT="i"/><SP WIDTH="39" VPOS="1025" HPOS="959"/>
							<String ID="string_21" HPOS="998" VPOS="1025" WIDTH="196" HEIGHT="48" WC="0.93" CONTENT="anledning"/><SP WIDTH="41" VPOS="1025" HPOS="1194"/>
							<String ID="string_22" HPOS="1235" VPOS="1025" WIDTH="47" HEIGHT="48" WC="0.95" CONTENT="af"/><SP WIDTH="37" VPOS="1025" HPOS="1282"/>
							<String ID="string_23" HPOS="1319" VPOS="1025" WIDTH="102" HEIGHT="36" WC="0.92" CONTENT="väckt"/><SP WIDTH="32" VPOS="1025" HPOS="1421"/>
							<String ID="string_24" HPOS="1453" VPOS="1026" WIDTH="132" HEIGHT="35" WC="0.96" CONTENT="motion"/><SP WIDTH="29" VPOS="1026" HPOS="1585"/>
							<String ID="string_25" HPOS="1614" VPOS="1038" WIDTH="54" HEIGHT="23" WC="0.95" CONTENT="om"/><SP WIDTH="30" VPOS="1038" HPOS="1668"/>
							<String ID="string_26" HPOS="1698" VPOS="1026" WIDTH="125" HEIGHT="49" WC="0.95" CONTENT="tillägg"/><SP WIDTH="28" VPOS="1026" HPOS="1823"/>
							<String ID="string_27" HPOS="1851" VPOS="1027" WIDTH="54" HEIGHT="35" WC="0.95" CONTENT="till"/><SP WIDTH="27" VPOS="1027" HPOS="1905"/>
							<String ID="string_28" HPOS="1932" VPOS="1027" WIDTH="52" HEIGHT="36" WC="0.96" CONTENT="35"/>
						</TextLine>
						<TextLine ID="line_4" HPOS="789" VPOS="1076" WIDTH="1195" HEIGHT="50">
							<String ID="string_29" HPOS="789" VPOS="1076" WIDTH="61" HEIGHT="36" WC="0.96" CONTENT="och"/><SP WIDTH="41" VPOS="1076" HPOS="850"/>
							<String ID="string_30" HPOS="891" VPOS="1076" WIDTH="52" HEIGHT="35" WC="0.83" CONTENT="33"/><SP WIDTH="38" VPOS="1076" HPOS="943"/>
							<String ID="string_31" HPOS="981" VPOS="1079" WIDTH="47" HEIGHT="41" WC="0.73" CONTENT="$$"/><SP WIDTH="41" VPOS="1079" HPOS="1028"/>
							<String ID="string_32" HPOS="1069" VPOS="1077" WIDTH="14" HEIGHT="35" WC="0.94" CONTENT="i"/><SP WIDTH="41" VPOS="1077" HPOS="1083"/>
							<String ID="string_33" HPOS="1124" VPOS="1077" WIDTH="101" HEIGHT="48" WC="0.95" CONTENT="lagen"/><SP WIDTH="37" VPOS="1077" HPOS="1225"/>
							<String ID="string_34" HPOS="1262" VPOS="1077" WIDTH="185" HEIGHT="47" WC="0.93" CONTENT="angående"/><SP WIDTH="26" VPOS="1077" HPOS="1447"/>
							<String ID="string_35" HPOS="1473" VPOS="1077" WIDTH="429" HEIGHT="49" WC="0.80" CONTENT="väghållningsbesvärets"/><SP WIDTH="28" VPOS="1077" HPOS="1902"/>
							<String ID="string_36" HPOS="1930" VPOS="1085" WIDTH="54" HEIGHT="29" WC="0.86" CONTENT="ut-"/>
						</TextLine>
						<TextLine ID="line_5" HPOS="786" VPOS="1128" WIDTH="859" HEIGHT="48">
							<String ID="string_37" HPOS="786" VPOS="1129" WIDTH="159" HEIGHT="47" WC="0.92" CONTENT="görande"/><SP WIDTH="21" VPOS="1129" HPOS="945"/>
							<String ID="string_38" HPOS="966" VPOS="1129" WIDTH="58" HEIGHT="47" WC="0.96" CONTENT="på"/><SP WIDTH="27" VPOS="1129" HPOS="1024"/>
							<String ID="string_39" HPOS="1051" VPOS="1128" WIDTH="122" HEIGHT="37" WC="0.96" CONTENT="landet"/><SP WIDTH="26" VPOS="1128" HPOS="1173"/>
							<String ID="string_40" HPOS="1199" VPOS="1129" WIDTH="67" HEIGHT="35" WC="0.96" CONTENT="den"/><SP WIDTH="28" VPOS="1129" HPOS="1266"/>
							<String ID="string_41" HPOS="1294" VPOS="1128" WIDTH="53" HEIGHT="36" WC="0.96" CONTENT="23"/><SP WIDTH="29" VPOS="1128" HPOS="1347"/>
							<String ID="string_42" HPOS="1376" VPOS="1129" WIDTH="135" HEIGHT="36" WC="0.96" CONTENT="oktober"/><SP WIDTH="28" VPOS="1129" HPOS="1511"/>
							<String ID="string_43" HPOS="1539" VPOS="1129" WIDTH="106" HEIGHT="36" WC="0.95" CONTENT="1891."/>
						</TextLine>
					</TextBlock>
				</ComposedBlock>
				<ComposedBlock ID="cblock_4" HPOS="387" VPOS="1281" WIDTH="1633" HEIGHT="1090">
					<TextBlock ID="block_4" HPOS="389" VPOS="1281" WIDTH="1631" HEIGHT="258">
						<TextLine ID="line_6" HPOS="491" VPOS="1281" WIDTH="1493" HEIGHT="53">
							<String ID="string_44" HPOS="491" VPOS="1282" WIDTH="18" HEIGHT="36" WC="0.96" CONTENT="I"/><SP WIDTH="41" VPOS="1282" HPOS="509"/>
							<String ID="string_45" HPOS="550" VPOS="1295" WIDTH="47" HEIGHT="24" WC="0.96" CONTENT="en"/><SP WIDTH="41" VPOS="1295" HPOS="597"/>
							<String ID="string_46" HPOS="638" VPOS="1281" WIDTH="103" HEIGHT="37" WC="0.96" CONTENT="inom"/><SP WIDTH="36" VPOS="1281" HPOS="741"/>
							<String ID="string_47" HPOS="777" VPOS="1282" WIDTH="129" HEIGHT="37" WC="0.91" CONTENT="Andra"/><SP WIDTH="31" VPOS="1282" HPOS="906"/>
							<String ID="string_48" HPOS="937" VPOS="1282" WIDTH="229" HEIGHT="37" WC="0.96" CONTENT="Kammaren"/><SP WIDTH="27" VPOS="1282" HPOS="1166"/>
							<String ID="string_49" HPOS="1193" VPOS="1283" WIDTH="125" HEIGHT="46" WC="0.96" CONTENT="väckt,"/><SP WIDTH="29" VPOS="1283" HPOS="1318"/>
							<String ID="string_50" HPOS="1347" VPOS="1282" WIDTH="57" HEIGHT="37" WC="0.92" CONTENT="till"/><SP WIDTH="36" VPOS="1282" HPOS="1404"/>
							<String ID="string_51" HPOS="1440" VPOS="1282" WIDTH="273" HEIGHT="50" WC="0.92" CONTENT="lagutskottets"/><SP WIDTH="38" VPOS="1282" HPOS="1713"/>
							<String ID="string_52" HPOS="1751" VPOS="1285" WIDTH="233" HEIGHT="49" WC="0.96" CONTENT="behandling"/>
						</TextLine>
						<TextLine ID="line_7" HPOS="389" VPOS="1334" WIDTH="1593" HEIGHT="52">
							<String ID="string_53" HPOS="389" VPOS="1334" WIDTH="185" HEIGHT="36" WC="0.96" CONTENT="hänvisad"/><SP WIDTH="43" VPOS="1334" HPOS="574"/>
							<String ID="string_54" HPOS="617" VPOS="1334" WIDTH="155" HEIGHT="47" WC="0.95" CONTENT="motion,"/><SP WIDTH="42" VPOS="1334" HPOS="772"/>
							<String ID="string_55" HPOS="814" VPOS="1348" WIDTH="61" HEIGHT="23" WC="0.96" CONTENT="n:o"/><SP WIDTH="45" VPOS="1348" HPOS="875"/>
							<String ID="string_56" HPOS="920" VPOS="1336" WIDTH="84" HEIGHT="46" WC="0.95" CONTENT="125,"/><SP WIDTH="43" VPOS="1336" HPOS="1004"/>
							<String ID="string_57" HPOS="1047" VPOS="1334" WIDTH="219" HEIGHT="37" WC="0.96" CONTENT="hemställer"/><SP WIDTH="40" VPOS="1334" HPOS="1266"/>
							<String ID="string_58" HPOS="1306" VPOS="1335" WIDTH="89" HEIGHT="36" WC="0.93" CONTENT="herr"/><SP WIDTH="31" VPOS="1335" HPOS="1395"/>
							<String ID="string_59" HPOS="1426" VPOS="1336" WIDTH="37" HEIGHT="36" WC="0.88" CONTENT="J."/><SP WIDTH="37" VPOS="1336" HPOS="1463"/>
							<String ID="string_60" HPOS="1500" VPOS="1337" WIDTH="206" HEIGHT="35" WC="0.96" CONTENT="Andersson"/><SP WIDTH="36" VPOS="1337" HPOS="1706"/>
							<String ID="string_61" HPOS="1742" VPOS="1336" WIDTH="12" HEIGHT="36" WC="0.92" CONTENT="i"/><SP WIDTH="63" VPOS="1336" HPOS="1754"/>
							<String ID="string_62" HPOS="1817" VPOS="1337" WIDTH="165" HEIGHT="49" WC="0.79" CONTENT="Ohrstorp,"/>
						</TextLine>
						<TextLine ID="line_8" HPOS="390" VPOS="1385" WIDTH="1593" HEIGHT="52">
							<String ID="string_63" HPOS="390" VPOS="1391" WIDTH="55" HEIGHT="31" WC="0.96" CONTENT="att"/><SP WIDTH="26" VPOS="1391" HPOS="445"/>
							<String ID="string_64" HPOS="471" VPOS="1385" WIDTH="219" HEIGHT="49" WC="0.95" CONTENT="Riksdagen"/><SP WIDTH="30" VPOS="1385" HPOS="690"/>
							<String ID="string_65" HPOS="720" VPOS="1386" WIDTH="59" HEIGHT="36" WC="0.95" CONTENT="för"/><SP WIDTH="29" VPOS="1386" HPOS="779"/>
							<String ID="string_66" HPOS="808" VPOS="1386" WIDTH="58" HEIGHT="37" WC="0.96" CONTENT="sin"/><SP WIDTH="28" VPOS="1386" HPOS="866"/>
							<String ID="string_67" HPOS="894" VPOS="1385" WIDTH="61" HEIGHT="38" WC="0.96" CONTENT="del"/><SP WIDTH="28" VPOS="1385" HPOS="955"/>
							<String ID="string_68" HPOS="983" VPOS="1386" WIDTH="88" HEIGHT="37" WC="0.96" CONTENT="ville"/><SP WIDTH="29" VPOS="1386" HPOS="1071"/>
							<String ID="string_69" HPOS="1100" VPOS="1386" WIDTH="147" HEIGHT="37" WC="0.96" CONTENT="besluta"/><SP WIDTH="30" VPOS="1386" HPOS="1247"/>
							<String ID="string_70" HPOS="1277" VPOS="1391" WIDTH="55" HEIGHT="32" WC="0.96" CONTENT="ett"/><SP WIDTH="26" VPOS="1391" HPOS="1332"/>
							<String ID="string_71" HPOS="1358" VPOS="1386" WIDTH="137" HEIGHT="49" WC="0.96" CONTENT="tillägg"/><SP WIDTH="28" VPOS="1386" HPOS="1495"/>
							<String ID="string_72" HPOS="1523" VPOS="1387" WIDTH="58" HEIGHT="36" WC="0.95" CONTENT="till"/><SP WIDTH="29" VPOS="1387" HPOS="1581"/>
							<String ID="string_73" HPOS="1610" VPOS="1389" WIDTH="47" HEIGHT="35" WC="0.93" CONTENT="35"/><SP WIDTH="31" VPOS="1389" HPOS="1657"/>
							<String ID="string_74" HPOS="1688" VPOS="1387" WIDTH="20" HEIGHT="50" WC="0.82" CONTENT="$"/><SP WIDTH="28" VPOS="1387" HPOS="1708"/>
							<String ID="string_75" HPOS="1736" VPOS="1388" WIDTH="13" HEIGHT="36" WC="0.96" CONTENT="i"/><SP WIDTH="27" VPOS="1388" HPOS="1749"/>
							<String ID="string_76" HPOS="1776" VPOS="1388" WIDTH="113" HEIGHT="49" WC="0.93" CONTENT="lagen"/><SP WIDTH="29" VPOS="1388" HPOS="1889"/>
							<String ID="string_77" HPOS="1918" VPOS="1402" WIDTH="65" HEIGHT="24" WC="0.92" CONTENT="an-"/>
						</TextLine>
						<TextLine ID="line_9" HPOS="389" VPOS="1438" WIDTH="1631" HEIGHT="50">
							<String ID="string_78" HPOS="389" VPOS="1438" WIDTH="146" HEIGHT="47" WC="0.91" CONTENT="gående"/><SP WIDTH="29" VPOS="1438" HPOS="535"/>
							<String ID="string_79" HPOS="564" VPOS="1438" WIDTH="467" HEIGHT="49" WC="0.91" CONTENT="väghållningsbesvärets"/><SP WIDTH="28" VPOS="1438" HPOS="1031"/>
							<String ID="string_80" HPOS="1059" VPOS="1439" WIDTH="211" HEIGHT="48" WC="0.96" CONTENT="utgörande"/><SP WIDTH="29" VPOS="1439" HPOS="1270"/>
							<String ID="string_81" HPOS="1299" VPOS="1442" WIDTH="48" HEIGHT="46" WC="0.96" CONTENT="på"/><SP WIDTH="27" VPOS="1442" HPOS="1347"/>
							<String ID="string_82" HPOS="1374" VPOS="1438" WIDTH="129" HEIGHT="37" WC="0.96" CONTENT="landet"/><SP WIDTH="29" VPOS="1438" HPOS="1503"/>
							<String ID="string_83" HPOS="1532" VPOS="1439" WIDTH="73" HEIGHT="37" WC="0.96" CONTENT="den"/><SP WIDTH="30" VPOS="1439" HPOS="1605"/>
							<String ID="string_84" HPOS="1635" VPOS="1441" WIDTH="47" HEIGHT="35" WC="0.96" CONTENT="23"/><SP WIDTH="21" VPOS="1441" HPOS="1682"/>
							<String ID="string_85" HPOS="1703" VPOS="1440" WIDTH="159" HEIGHT="37" WC="0.96" CONTENT="oktober"/><SP WIDTH="22" VPOS="1440" HPOS="1862"/>
							<String ID="string_86" HPOS="1884" VPOS="1443" WIDTH="95" HEIGHT="35" WC="0.93" CONTENT="1891"/><SP WIDTH="38" VPOS="1443" HPOS="1979"/>
							<String ID="string_87" HPOS="2017" VPOS="1463" WIDTH="3" HEIGHT="2" WC="0.35" CONTENT=":"/>
						</TextLine>
						<TextLine ID="line_10" HPOS="389" VPOS="1489" WIDTH="419" HEIGHT="50">
							<String ID="string_88" HPOS="389" VPOS="1491" WIDTH="41" HEIGHT="35" WC="0.96" CONTENT="af"/><SP WIDTH="23" VPOS="1491" HPOS="430"/>
							<String ID="string_89" HPOS="453" VPOS="1489" WIDTH="166" HEIGHT="50" WC="0.96" CONTENT="följande"/><SP WIDTH="28" VPOS="1489" HPOS="619"/>
							<String ID="string_90" HPOS="647" VPOS="1489" WIDTH="161" HEIGHT="49" WC="0.95" CONTENT="lydelse:"/>
						</TextLine>
					</TextBlock>
					<TextBlock ID="block_5" HPOS="388" VPOS="1541" WIDTH="1594" HEIGHT="207">
						<TextLine ID="line_11" HPOS="490" VPOS="1541" WIDTH="1491" HEIGHT="52">
							<String ID="string_91" HPOS="490" VPOS="1542" WIDTH="276" HEIGHT="47" WC="0.96" CONTENT="Nämndeman,"/><SP WIDTH="43" VPOS="1542" HPOS="766"/>
							<String ID="string_92" HPOS="809" VPOS="1555" WIDTH="82" HEIGHT="23" WC="0.95" CONTENT="som"/><SP WIDTH="41" VPOS="1555" HPOS="891"/>
							<String ID="string_93" HPOS="932" VPOS="1541" WIDTH="169" HEIGHT="37" WC="0.96" CONTENT="biträder"/><SP WIDTH="39" VPOS="1541" HPOS="1101"/>
							<String ID="string_94" HPOS="1140" VPOS="1541" WIDTH="64" HEIGHT="37" WC="0.93" CONTENT="vid"/><SP WIDTH="40" VPOS="1541" HPOS="1204"/>
							<String ID="string_95" HPOS="1244" VPOS="1547" WIDTH="161" HEIGHT="44" WC="0.91" CONTENT="vägsyn,"/><SP WIDTH="28" VPOS="1547" HPOS="1405"/>
							<String ID="string_96" HPOS="1433" VPOS="1542" WIDTH="287" HEIGHT="51" WC="0.90" CONTENT="tillgodonjuter"/><SP WIDTH="29" VPOS="1542" HPOS="1720"/>
							<String ID="string_97" HPOS="1749" VPOS="1543" WIDTH="232" HEIGHT="50" WC="0.91" CONTENT="dagarfvode"/>
						</TextLine>
						<TextLine ID="line_12" HPOS="390" VPOS="1593" WIDTH="1592" HEIGHT="52">
							<String ID="string_98" HPOS="390" VPOS="1593" WIDTH="119" HEIGHT="48" WC="0.96" CONTENT="enligt"/><SP WIDTH="42" VPOS="1593" HPOS="509"/>
							<String ID="string_99" HPOS="551" VPOS="1595" WIDTH="20" HEIGHT="34" WC="0.94" CONTENT="5"/><SP WIDTH="43" VPOS="1595" HPOS="571"/>
							<String ID="string_100" HPOS="614" VPOS="1593" WIDTH="154" HEIGHT="38" WC="0.94" CONTENT="klassen"/><SP WIDTH="36" VPOS="1593" HPOS="768"/>
							<String ID="string_101" HPOS="804" VPOS="1594" WIDTH="13" HEIGHT="36" WC="0.96" CONTENT="i"/><SP WIDTH="34" VPOS="1594" HPOS="817"/>
							<String ID="string_102" HPOS="851" VPOS="1593" WIDTH="176" HEIGHT="49" WC="0.93" CONTENT="gällande"/><SP WIDTH="36" VPOS="1593" HPOS="1027"/>
							<String ID="string_103" HPOS="1063" VPOS="1594" WIDTH="321" HEIGHT="48" WC="0.89" CONTENT="resereglemente"/><SP WIDTH="38" VPOS="1594" HPOS="1384"/>
							<String ID="string_104" HPOS="1422" VPOS="1599" WIDTH="97" HEIGHT="32" WC="0.93" CONTENT="samt"/><SP WIDTH="33" VPOS="1599" HPOS="1519"/>
							<String ID="string_105" HPOS="1552" VPOS="1595" WIDTH="338" HEIGHT="50" WC="0.91" CONTENT="skjutsersättning"/><SP WIDTH="28" VPOS="1595" HPOS="1890"/>
							<String ID="string_106" HPOS="1918" VPOS="1597" WIDTH="64" HEIGHT="36" WC="0.92" CONTENT="be-"/>
						</TextLine>
						<TextLine ID="line_13" HPOS="388" VPOS="1645" WIDTH="1592" HEIGHT="53">
							<String ID="string_107" HPOS="388" VPOS="1646" WIDTH="143" HEIGHT="36" WC="0.96" CONTENT="räknad"/><SP WIDTH="29" VPOS="1646" HPOS="531"/>
							<String ID="string_108" HPOS="560" VPOS="1645" WIDTH="98" HEIGHT="37" WC="0.96" CONTENT="efter"/><SP WIDTH="26" VPOS="1645" HPOS="658"/>
							<String ID="string_109" HPOS="684" VPOS="1645" WIDTH="86" HEIGHT="49" WC="0.96" CONTENT="lega"/><SP WIDTH="27" VPOS="1645" HPOS="770"/>
							<String ID="string_110" HPOS="797" VPOS="1646" WIDTH="60" HEIGHT="36" WC="0.96" CONTENT="för"/><SP WIDTH="28" VPOS="1646" HPOS="857"/>
							<String ID="string_111" HPOS="885" VPOS="1658" WIDTH="47" HEIGHT="24" WC="0.97" CONTENT="en"/><SP WIDTH="27" VPOS="1658" HPOS="932"/>
							<String ID="string_112" HPOS="959" VPOS="1645" WIDTH="88" HEIGHT="36" WC="0.95" CONTENT="häst"/><SP WIDTH="27" VPOS="1645" HPOS="1047"/>
							<String ID="string_113" HPOS="1074" VPOS="1645" WIDTH="60" HEIGHT="37" WC="0.95" CONTENT="för"/><SP WIDTH="24" VPOS="1645" HPOS="1134"/>
							<String ID="string_114" HPOS="1158" VPOS="1646" WIDTH="130" HEIGHT="49" WC="0.96" CONTENT="hvarje"/><SP WIDTH="19" VPOS="1646" HPOS="1288"/>
							<String ID="string_115" HPOS="1307" VPOS="1646" WIDTH="199" HEIGHT="37" WC="0.96" CONTENT="kilometer"/><SP WIDTH="18" VPOS="1646" HPOS="1506"/>
							<String ID="string_116" HPOS="1524" VPOS="1651" WIDTH="88" HEIGHT="44" WC="0.96" CONTENT="väg,"/><SP WIDTH="22" VPOS="1651" HPOS="1612"/>
							<String ID="string_117" HPOS="1634" VPOS="1661" WIDTH="81" HEIGHT="23" WC="0.93" CONTENT="som"/><SP WIDTH="20" VPOS="1661" HPOS="1715"/>
							<String ID="string_118" HPOS="1735" VPOS="1648" WIDTH="245" HEIGHT="50" WC="0.91" CONTENT="besigtigats;"/>
						</TextLine>
						<TextLine ID="line_14" HPOS="390" VPOS="1697" WIDTH="1280" HEIGHT="51">
							<String ID="string_119" HPOS="390" VPOS="1702" WIDTH="96" HEIGHT="32" WC="0.96" CONTENT="samt"/><SP WIDTH="29" VPOS="1702" HPOS="486"/>
							<String ID="string_120" HPOS="515" VPOS="1702" WIDTH="54" HEIGHT="32" WC="0.96" CONTENT="ett"/><SP WIDTH="28" VPOS="1702" HPOS="569"/>
							<String ID="string_121" HPOS="597" VPOS="1702" WIDTH="87" HEIGHT="45" WC="0.96" CONTENT="nytt"/><SP WIDTH="26" VPOS="1702" HPOS="684"/>
							<String ID="string_122" HPOS="710" VPOS="1702" WIDTH="169" HEIGHT="32" WC="0.96" CONTENT="moment"/><SP WIDTH="26" VPOS="1702" HPOS="879"/>
							<String ID="string_123" HPOS="905" VPOS="1697" WIDTH="57" HEIGHT="37" WC="0.96" CONTENT="till"/><SP WIDTH="29" VPOS="1697" HPOS="962"/>
							<String ID="string_124" HPOS="991" VPOS="1699" WIDTH="47" HEIGHT="35" WC="0.93" CONTENT="53"/><SP WIDTH="30" VPOS="1699" HPOS="1038"/>
							<String ID="string_125" HPOS="1068" VPOS="1697" WIDTH="21" HEIGHT="49" WC="0.69" CONTENT="$"/><SP WIDTH="28" VPOS="1697" HPOS="1089"/>
							<String ID="string_126" HPOS="1117" VPOS="1697" WIDTH="13" HEIGHT="36" WC="0.95" CONTENT="i"/><SP WIDTH="29" VPOS="1697" HPOS="1130"/>
							<String ID="string_127" HPOS="1159" VPOS="1711" WIDTH="142" HEIGHT="24" WC="0.96" CONTENT="samma"/><SP WIDTH="27" VPOS="1711" HPOS="1301"/>
							<String ID="string_128" HPOS="1328" VPOS="1698" WIDTH="65" HEIGHT="49" WC="0.96" CONTENT="lag"/><SP WIDTH="29" VPOS="1698" HPOS="1393"/>
							<String ID="string_129" HPOS="1422" VPOS="1701" WIDTH="41" HEIGHT="34" WC="0.96" CONTENT="så"/><SP WIDTH="26" VPOS="1701" HPOS="1463"/>
							<String ID="string_130" HPOS="1489" VPOS="1698" WIDTH="181" HEIGHT="50" WC="0.95" CONTENT="lydande:"/>
						</TextLine>
					</TextBlock>
					<TextBlock ID="block_6" HPOS="491" VPOS="1749" WIDTH="457" HEIGHT="50">
						<TextLine ID="line_15" HPOS="491" VPOS="1749" WIDTH="457" HEIGHT="50">
							<String ID="string_131" HPOS="491" VPOS="1749" WIDTH="457" HEIGHT="50" WC="0.91" CONTENT="vägsyningskostnader."/>
						</TextLine>
					</TextBlock>
					<TextBlock ID="block_7" HPOS="492" VPOS="1801" WIDTH="697" HEIGHT="37">
						<TextLine ID="line_16" HPOS="492" VPOS="1801" WIDTH="697" HEIGHT="37">
							<String ID="string_132" HPOS="492" VPOS="1801" WIDTH="74" HEIGHT="36" WC="0.96" CONTENT="Till"/><SP WIDTH="28" VPOS="1801" HPOS="566"/>
							<String ID="string_133" HPOS="594" VPOS="1801" WIDTH="86" HEIGHT="37" WC="0.96" CONTENT="stöd"/><SP WIDTH="27" VPOS="1801" HPOS="680"/>
							<String ID="string_134" HPOS="707" VPOS="1802" WIDTH="60" HEIGHT="36" WC="0.96" CONTENT="för"/><SP WIDTH="28" VPOS="1802" HPOS="767"/>
							<String ID="string_135" HPOS="795" VPOS="1801" WIDTH="193" HEIGHT="37" WC="0.93" CONTENT="motionen"/><SP WIDTH="30" VPOS="1801" HPOS="988"/>
							<String ID="string_136" HPOS="1018" VPOS="1801" WIDTH="171" HEIGHT="37" WC="0.91" CONTENT="anföres:"/>
						</TextLine>
					</TextBlock>
					<TextBlock ID="block_8" HPOS="387" VPOS="1852" WIDTH="1593" HEIGHT="259">
						<TextLine ID="line_17" HPOS="491" VPOS="1852" WIDTH="1488" HEIGHT="49">
							<String ID="string_137" HPOS="491" VPOS="1852" WIDTH="74" HEIGHT="38" WC="0.92" CONTENT="Vid"/><SP WIDTH="29" VPOS="1852" HPOS="565"/>
							<String ID="string_138" HPOS="594" VPOS="1853" WIDTH="172" HEIGHT="37" WC="0.92" CONTENT="sistlidne"/><SP WIDTH="28" VPOS="1853" HPOS="766"/>
							<String ID="string_139" HPOS="794" VPOS="1853" WIDTH="155" HEIGHT="48" WC="0.96" CONTENT="riksdag"/><SP WIDTH="27" VPOS="1853" HPOS="949"/>
							<String ID="string_140" HPOS="976" VPOS="1853" WIDTH="158" HEIGHT="37" WC="0.96" CONTENT="väcktes"/><SP WIDTH="29" VPOS="1853" HPOS="1134"/>
							<String ID="string_141" HPOS="1163" VPOS="1853" WIDTH="41" HEIGHT="36" WC="0.93" CONTENT="af"/><SP WIDTH="25" VPOS="1853" HPOS="1204"/>
							<String ID="string_142" HPOS="1229" VPOS="1852" WIDTH="41" HEIGHT="38" WC="0.89" CONTENT="C."/><SP WIDTH="30" VPOS="1852" HPOS="1270"/>
							<String ID="string_143" HPOS="1300" VPOS="1853" WIDTH="47" HEIGHT="37" WC="0.92" CONTENT="H."/><SP WIDTH="30" VPOS="1853" HPOS="1347"/>
							<String ID="string_144" HPOS="1377" VPOS="1854" WIDTH="164" HEIGHT="37" WC="0.91" CONTENT="Wittsell"/><SP WIDTH="20" VPOS="1854" HPOS="1541"/>
							<String ID="string_145" HPOS="1561" VPOS="1868" WIDTH="47" HEIGHT="22" WC="0.92" CONTENT="m."/><SP WIDTH="23" VPOS="1868" HPOS="1608"/>
							<String ID="string_146" HPOS="1631" VPOS="1854" WIDTH="35" HEIGHT="36" WC="0.40" CONTENT="fl."/><SP WIDTH="23" VPOS="1854" HPOS="1666"/>
							<String ID="string_147" HPOS="1689" VPOS="1868" WIDTH="47" HEIGHT="23" WC="0.95" CONTENT="en"/><SP WIDTH="20" VPOS="1868" HPOS="1736"/>
							<String ID="string_148" HPOS="1756" VPOS="1856" WIDTH="142" HEIGHT="36" WC="0.96" CONTENT="motion"/><SP WIDTH="21" VPOS="1856" HPOS="1898"/>
							<String ID="string_149" HPOS="1919" VPOS="1869" WIDTH="60" HEIGHT="23" WC="0.96" CONTENT="om"/>
						</TextLine>
						<TextLine ID="line_18" HPOS="387" VPOS="1904" WIDTH="1593" HEIGHT="51">
							<String ID="string_150" HPOS="387" VPOS="1904" WIDTH="138" HEIGHT="50" WC="0.95" CONTENT="tillägg"/><SP WIDTH="41" VPOS="1904" HPOS="525"/>
							<String ID="string_151" HPOS="566" VPOS="1905" WIDTH="57" HEIGHT="36" WC="0.94" CONTENT="till"/><SP WIDTH="42" VPOS="1905" HPOS="623"/>
							<String ID="string_152" HPOS="665" VPOS="1907" WIDTH="46" HEIGHT="34" WC="0.96" CONTENT="35"/><SP WIDTH="43" VPOS="1907" HPOS="711"/>
							<String ID="string_153" HPOS="754" VPOS="1905" WIDTH="71" HEIGHT="37" WC="0.96" CONTENT="och"/><SP WIDTH="42" VPOS="1905" HPOS="825"/>
							<String ID="string_154" HPOS="867" VPOS="1907" WIDTH="47" HEIGHT="35" WC="0.94" CONTENT="53"/><SP WIDTH="34" VPOS="1907" HPOS="914"/>
							<String ID="string_155" HPOS="948" VPOS="1904" WIDTH="44" HEIGHT="50" WC="0.63" CONTENT="$$"/><SP WIDTH="28" VPOS="1904" HPOS="992"/>
							<String ID="string_156" HPOS="1020" VPOS="1905" WIDTH="13" HEIGHT="36" WC="0.95" CONTENT="i"/><SP WIDTH="27" VPOS="1905" HPOS="1033"/>
							<String ID="string_157" HPOS="1060" VPOS="1905" WIDTH="114" HEIGHT="48" WC="0.96" CONTENT="lagen"/><SP WIDTH="28" VPOS="1905" HPOS="1174"/>
							<String ID="string_158" HPOS="1202" VPOS="1906" WIDTH="197" HEIGHT="47" WC="0.93" CONTENT="angående"/><SP WIDTH="28" VPOS="1906" HPOS="1399"/>
							<String ID="string_159" HPOS="1427" VPOS="1906" WIDTH="467" HEIGHT="49" WC="0.91" CONTENT="väghållningsbesvärets"/><SP WIDTH="28" VPOS="1906" HPOS="1894"/>
							<String ID="string_160" HPOS="1922" VPOS="1913" WIDTH="58" HEIGHT="31" WC="0.91" CONTENT="ut-"/>
						</TextLine>
						<TextLine ID="line_19" HPOS="388" VPOS="1957" WIDTH="1592" HEIGHT="52">
							<String ID="string_161" HPOS="388" VPOS="1957" WIDTH="168" HEIGHT="48" WC="0.92" CONTENT="görande"/><SP WIDTH="42" VPOS="1957" HPOS="556"/>
							<String ID="string_162" HPOS="598" VPOS="1959" WIDTH="49" HEIGHT="47" WC="0.95" CONTENT="på"/><SP WIDTH="40" VPOS="1959" HPOS="647"/>
							<String ID="string_163" HPOS="687" VPOS="1957" WIDTH="127" HEIGHT="37" WC="0.95" CONTENT="landet"/><SP WIDTH="41" VPOS="1957" HPOS="814"/>
							<String ID="string_164" HPOS="855" VPOS="1957" WIDTH="74" HEIGHT="37" WC="0.95" CONTENT="den"/><SP WIDTH="41" VPOS="1957" HPOS="929"/>
							<String ID="string_165" HPOS="970" VPOS="1959" WIDTH="47" HEIGHT="34" WC="0.95" CONTENT="23"/><SP WIDTH="45" VPOS="1959" HPOS="1017"/>
							<String ID="string_166" HPOS="1062" VPOS="1957" WIDTH="159" HEIGHT="37" WC="0.96" CONTENT="oktober"/><SP WIDTH="39" VPOS="1957" HPOS="1221"/>
							<String ID="string_167" HPOS="1260" VPOS="1959" WIDTH="110" HEIGHT="46" WC="0.96" CONTENT="1891,"/><SP WIDTH="30" VPOS="1959" HPOS="1370"/>
							<String ID="string_168" HPOS="1400" VPOS="1958" WIDTH="180" HEIGHT="37" WC="0.96" CONTENT="afseende"/><SP WIDTH="28" VPOS="1958" HPOS="1580"/>
							<String ID="string_169" HPOS="1608" VPOS="1958" WIDTH="198" HEIGHT="38" WC="0.96" CONTENT="införande"/><SP WIDTH="29" VPOS="1958" HPOS="1806"/>
							<String ID="string_170" HPOS="1835" VPOS="1959" WIDTH="41" HEIGHT="37" WC="0.93" CONTENT="af"/><SP WIDTH="25" VPOS="1959" HPOS="1876"/>
							<String ID="string_171" HPOS="1901" VPOS="1959" WIDTH="79" HEIGHT="50" WC="0.91" CONTENT="lag-"/>
						</TextLine>
						<TextLine ID="line_20" HPOS="387" VPOS="2009" WIDTH="1592" HEIGHT="50">
							<String ID="string_172" HPOS="387" VPOS="2009" WIDTH="175" HEIGHT="36" WC="0.96" CONTENT="bestämd"/><SP WIDTH="40" VPOS="2009" HPOS="562"/>
							<String ID="string_173" HPOS="602" VPOS="2014" WIDTH="76" HEIGHT="32" WC="0.96" CONTENT="rätt"/><SP WIDTH="27" VPOS="2014" HPOS="678"/>
							<String ID="string_174" HPOS="705" VPOS="2009" WIDTH="59" HEIGHT="36" WC="0.96" CONTENT="för"/><SP WIDTH="27" VPOS="2009" HPOS="764"/>
							<String ID="string_175" HPOS="791" VPOS="2009" WIDTH="64" HEIGHT="36" WC="0.92" CONTENT="vid"/><SP WIDTH="28" VPOS="2009" HPOS="855"/>
							<String ID="string_176" HPOS="883" VPOS="2014" WIDTH="150" HEIGHT="44" WC="0.92" CONTENT="vägsyn"/><SP WIDTH="28" VPOS="2014" HPOS="1033"/>
							<String ID="string_177" HPOS="1061" VPOS="2009" WIDTH="221" HEIGHT="37" WC="0.96" CONTENT="biträdande"/><SP WIDTH="28" VPOS="2009" HPOS="1282"/>
							<String ID="string_178" HPOS="1310" VPOS="2009" WIDTH="254" HEIGHT="37" WC="0.96" CONTENT="nämndemän"/><SP WIDTH="28" VPOS="2009" HPOS="1564"/>
							<String ID="string_179" HPOS="1592" VPOS="2014" WIDTH="55" HEIGHT="32" WC="0.96" CONTENT="att"/><SP WIDTH="27" VPOS="2014" HPOS="1647"/>
							<String ID="string_180" HPOS="1674" VPOS="2011" WIDTH="42" HEIGHT="36" WC="0.93" CONTENT="af"/><SP WIDTH="25" VPOS="2011" HPOS="1716"/>
							<String ID="string_181" HPOS="1741" VPOS="2011" WIDTH="238" HEIGHT="48" WC="0.92" CONTENT="vägkassans"/>
						</TextLine>
						<TextLine ID="line_21" HPOS="388" VPOS="2060" WIDTH="1387" HEIGHT="51">
							<String ID="string_182" HPOS="388" VPOS="2060" WIDTH="124" HEIGHT="37" WC="0.96" CONTENT="medel"/><SP WIDTH="28" VPOS="2060" HPOS="512"/>
							<String ID="string_183" HPOS="540" VPOS="2060" WIDTH="147" HEIGHT="49" WC="0.95" CONTENT="åtnjuta"/><SP WIDTH="28" VPOS="2060" HPOS="687"/>
							<String ID="string_184" HPOS="715" VPOS="2060" WIDTH="174" HEIGHT="50" WC="0.93" CONTENT="lämpligt"/><SP WIDTH="27" VPOS="2060" HPOS="889"/>
							<String ID="string_185" HPOS="916" VPOS="2061" WIDTH="233" HEIGHT="49" WC="0.92" CONTENT="dagarfvode"/><SP WIDTH="30" VPOS="2061" HPOS="1149"/>
							<String ID="string_186" HPOS="1179" VPOS="2062" WIDTH="68" HEIGHT="36" WC="0.92" CONTENT="och"/><SP WIDTH="28" VPOS="2062" HPOS="1247"/>
							<String ID="string_187" HPOS="1275" VPOS="2061" WIDTH="500" HEIGHT="50" WC="0.87" CONTENT="resekostnadsersättning."/>
						</TextLine>
					</TextBlock>
					<TextBlock ID="block_9" HPOS="387" VPOS="2112" WIDTH="1592" HEIGHT="259">
						<TextLine ID="line_22" HPOS="491" VPOS="2112" WIDTH="1488" HEIGHT="52">
							<String ID="string_188" HPOS="491" VPOS="2113" WIDTH="136" HEIGHT="36" WC="0.96" CONTENT="Denna"/><SP WIDTH="42" VPOS="2113" HPOS="627"/>
							<String ID="string_189" HPOS="669" VPOS="2112" WIDTH="278" HEIGHT="49" WC="0.96" CONTENT="framställning"/><SP WIDTH="36" VPOS="2112" HPOS="947"/>
							<String ID="string_190" HPOS="983" VPOS="2113" WIDTH="82" HEIGHT="37" WC="0.96" CONTENT="blef"/><SP WIDTH="31" VPOS="2113" HPOS="1065"/>
							<String ID="string_191" HPOS="1096" VPOS="2113" WIDTH="207" HEIGHT="37" WC="0.94" CONTENT="emellertid"/><SP WIDTH="41" VPOS="2113" HPOS="1303"/>
							<String ID="string_192" HPOS="1344" VPOS="2116" WIDTH="48" HEIGHT="47" WC="0.96" CONTENT="på"/><SP WIDTH="41" VPOS="2116" HPOS="1392"/>
							<String ID="string_193" HPOS="1433" VPOS="2113" WIDTH="159" HEIGHT="37" WC="0.96" CONTENT="anförda"/><SP WIDTH="40" VPOS="2113" HPOS="1592"/>
							<String ID="string_194" HPOS="1632" VPOS="2115" WIDTH="167" HEIGHT="48" WC="0.96" CONTENT="grunder"/><SP WIDTH="34" VPOS="2115" HPOS="1799"/>
							<String ID="string_195" HPOS="1833" VPOS="2114" WIDTH="42" HEIGHT="36" WC="0.93" CONTENT="af"/><SP WIDTH="23" VPOS="2114" HPOS="1875"/>
							<String ID="string_196" HPOS="1898" VPOS="2115" WIDTH="81" HEIGHT="49" WC="0.92" CONTENT="lag-"/>
						</TextLine>
						<TextLine ID="line_23" HPOS="387" VPOS="2164" WIDTH="1589" HEIGHT="48">
							<String ID="string_197" HPOS="387" VPOS="2165" WIDTH="188" HEIGHT="36" WC="0.93" CONTENT="utskottet"/><SP WIDTH="29" VPOS="2165" HPOS="575"/>
							<String ID="string_198" HPOS="604" VPOS="2164" WIDTH="175" HEIGHT="48" WC="0.93" CONTENT="afstyrkt,"/><SP WIDTH="29" VPOS="2164" HPOS="779"/>
							<String ID="string_199" HPOS="808" VPOS="2164" WIDTH="71" HEIGHT="37" WC="0.96" CONTENT="och"/><SP WIDTH="27" VPOS="2164" HPOS="879"/>
							<String ID="string_200" HPOS="906" VPOS="2164" WIDTH="220" HEIGHT="48" WC="0.96" CONTENT="Riksdagen"/><SP WIDTH="19" VPOS="2164" HPOS="1126"/>
							<String ID="string_201" HPOS="1145" VPOS="2165" WIDTH="203" HEIGHT="47" WC="0.95" CONTENT="godkände"/><SP WIDTH="22" VPOS="2165" HPOS="1348"/>
							<String ID="string_202" HPOS="1370" VPOS="2166" WIDTH="122" HEIGHT="36" WC="0.96" CONTENT="denna"/><SP WIDTH="20" VPOS="2166" HPOS="1492"/>
							<String ID="string_203" HPOS="1512" VPOS="2165" WIDTH="208" HEIGHT="38" WC="0.96" CONTENT="utskottets"/><SP WIDTH="20" VPOS="2165" HPOS="1720"/>
							<String ID="string_204" HPOS="1740" VPOS="2166" WIDTH="236" HEIGHT="37" WC="0.96" CONTENT="hemställan."/>
						</TextLine>
						<TextLine ID="line_24" HPOS="387" VPOS="2215" WIDTH="1591" HEIGHT="50">
							<String ID="string_205" HPOS="387" VPOS="2215" WIDTH="57" HEIGHT="37" WC="0.96" CONTENT="De"/><SP WIDTH="29" VPOS="2215" HPOS="444"/>
							<String ID="string_206" HPOS="473" VPOS="2216" WIDTH="93" HEIGHT="47" WC="0.95" CONTENT="skäl,"/><SP WIDTH="31" VPOS="2216" HPOS="566"/>
							<String ID="string_207" HPOS="597" VPOS="2229" WIDTH="81" HEIGHT="23" WC="0.96" CONTENT="som"/><SP WIDTH="28" VPOS="2229" HPOS="678"/>
							<String ID="string_208" HPOS="706" VPOS="2216" WIDTH="13" HEIGHT="36" WC="0.93" CONTENT="i"/><SP WIDTH="27" VPOS="2216" HPOS="719"/>
							<String ID="string_209" HPOS="746" VPOS="2216" WIDTH="209" HEIGHT="37" WC="0.92" CONTENT="utlåtandet"/><SP WIDTH="27" VPOS="2216" HPOS="955"/>
							<String ID="string_210" HPOS="982" VPOS="2216" WIDTH="318" HEIGHT="49" WC="0.96" CONTENT="hufvudsakligen"/><SP WIDTH="28" VPOS="2216" HPOS="1300"/>
							<String ID="string_211" HPOS="1328" VPOS="2218" WIDTH="189" HEIGHT="46" WC="0.96" CONTENT="anfördes,"/><SP WIDTH="29" VPOS="2218" HPOS="1517"/>
							<String ID="string_212" HPOS="1546" VPOS="2230" WIDTH="108" HEIGHT="25" WC="0.96" CONTENT="voro:"/><SP WIDTH="31" VPOS="2230" HPOS="1654"/>
							<String ID="string_213" HPOS="1685" VPOS="2217" WIDTH="81" HEIGHT="38" WC="0.96" CONTENT="dels"/><SP WIDTH="29" VPOS="2217" HPOS="1766"/>
							<String ID="string_214" HPOS="1795" VPOS="2223" WIDTH="55" HEIGHT="31" WC="0.95" CONTENT="att"/><SP WIDTH="30" VPOS="2223" HPOS="1850"/>
							<String ID="string_215" HPOS="1880" VPOS="2221" WIDTH="98" HEIGHT="34" WC="0.95" CONTENT="1734"/>
						</TextLine>
						<TextLine ID="line_25" HPOS="388" VPOS="2267" WIDTH="1589" HEIGHT="53">
							<String ID="string_216" HPOS="388" VPOS="2270" WIDTH="59" HEIGHT="33" WC="0.96" CONTENT="års"/><SP WIDTH="41" VPOS="2270" HPOS="447"/>
							<String ID="string_217" HPOS="488" VPOS="2267" WIDTH="64" HEIGHT="49" WC="0.91" CONTENT="lag"/><SP WIDTH="40" VPOS="2267" HPOS="552"/>
							<String ID="string_218" HPOS="592" VPOS="2268" WIDTH="237" HEIGHT="37" WC="0.90" CONTENT="föreskrifvit"/><SP WIDTH="41" VPOS="2268" HPOS="829"/>
							<String ID="string_219" HPOS="870" VPOS="2268" WIDTH="219" HEIGHT="49" WC="0.96" CONTENT="skyldighet"/><SP WIDTH="41" VPOS="2268" HPOS="1089"/>
							<String ID="string_220" HPOS="1130" VPOS="2268" WIDTH="59" HEIGHT="37" WC="0.96" CONTENT="för"/><SP WIDTH="40" VPOS="2268" HPOS="1189"/>
							<String ID="string_221" HPOS="1229" VPOS="2270" WIDTH="251" HEIGHT="36" WC="0.96" CONTENT="nämndemän"/><SP WIDTH="35" VPOS="2270" HPOS="1480"/>
							<String ID="string_222" HPOS="1515" VPOS="2273" WIDTH="55" HEIGHT="32" WC="0.96" CONTENT="att"/><SP WIDTH="28" VPOS="2273" HPOS="1570"/>
							<String ID="string_223" HPOS="1598" VPOS="2269" WIDTH="151" HEIGHT="50" WC="0.96" CONTENT="deltaga"/><SP WIDTH="27" VPOS="2269" HPOS="1749"/>
							<String ID="string_224" HPOS="1776" VPOS="2269" WIDTH="13" HEIGHT="37" WC="0.93" CONTENT="i"/><SP WIDTH="28" VPOS="2269" HPOS="1789"/>
							<String ID="string_225" HPOS="1817" VPOS="2275" WIDTH="160" HEIGHT="45" WC="0.91" CONTENT="vägsyn,"/>
						</TextLine>
						<TextLine ID="line_26" HPOS="387" VPOS="2319" WIDTH="1589" HEIGHT="52">
							<String ID="string_226" HPOS="387" VPOS="2319" WIDTH="82" HEIGHT="37" WC="0.96" CONTENT="dels"/><SP WIDTH="37" VPOS="2319" HPOS="469"/>
							<String ID="string_227" HPOS="506" VPOS="2320" WIDTH="72" HEIGHT="36" WC="0.96" CONTENT="ock"/><SP WIDTH="28" VPOS="2320" HPOS="578"/>
							<String ID="string_228" HPOS="606" VPOS="2325" WIDTH="55" HEIGHT="32" WC="0.96" CONTENT="att"/><SP WIDTH="29" VPOS="2325" HPOS="661"/>
							<String ID="string_229" HPOS="690" VPOS="2320" WIDTH="73" HEIGHT="36" WC="0.96" CONTENT="den"/><SP WIDTH="28" VPOS="2320" HPOS="763"/>
							<String ID="string_230" HPOS="791" VPOS="2334" WIDTH="75" HEIGHT="35" WC="0.96" CONTENT="nya"/><SP WIDTH="31" VPOS="2334" HPOS="866"/>
							<String ID="string_231" HPOS="897" VPOS="2320" WIDTH="190" HEIGHT="49" WC="0.96" CONTENT="väglagen"/><SP WIDTH="28" VPOS="2320" HPOS="1087"/>
							<String ID="string_232" HPOS="1115" VPOS="2334" WIDTH="137" HEIGHT="35" WC="0.96" CONTENT="genom"/><SP WIDTH="28" VPOS="2334" HPOS="1252"/>
							<String ID="string_233" HPOS="1280" VPOS="2321" WIDTH="290" HEIGHT="49" WC="0.96" CONTENT="ifrågavarande"/><SP WIDTH="30" VPOS="2321" HPOS="1570"/>
							<String ID="string_234" HPOS="1600" VPOS="2322" WIDTH="211" HEIGHT="48" WC="0.96" CONTENT="stadgande"/><SP WIDTH="27" VPOS="2322" HPOS="1811"/>
							<String ID="string_235" HPOS="1838" VPOS="2322" WIDTH="13" HEIGHT="36" WC="0.93" CONTENT="i"/><SP WIDTH="28" VPOS="2322" HPOS="1851"/>
							<String ID="string_236" HPOS="1879" VPOS="2322" WIDTH="20" HEIGHT="49" WC="0.32" CONTENT="$"/><SP WIDTH="30" VPOS="2322" HPOS="1899"/>
							<String ID="string_237" HPOS="1929" VPOS="2324" WIDTH="47" HEIGHT="35" WC="0.94" CONTENT="35"/>
						</TextLine>
					</TextBlock>
				</ComposedBlock>
			</PrintSpace>
		</Page>
	</Layout>
</alto>
