1910 2846
271 170 114 32 Andra
411 170 202 32 kammarens
638 170 117 41 fjärde
779 168 166 42 tillfälliga
969 169 133 33 utskotts
1125 168 164 33 utlåtande
1314 168 52 32 Nr
1389 171 30 29 3.
1571 169 14 31 1

783 481 58 39 Nr
869 484 38 38 3.

608 589 113 24 Ankom
742 588 41 26 till
804 588 167 33 riksdagens
992 588 93 25 kansli
1105 588 56 26 den
1181 588 32 26 21
1234 589 70 32 april
1325 588 70 26 1925
1414 588 37 26 kl.
1473 589 13 24 1
1506 596 24 18 e.
1551 597 37 17 m.

367 677 137 37 Andra
534 677 241 37 kammarens
799 677 153 48 fjärde
982 678 195 47 tillfälliga
1201 678 162 37 utskotts
1382 677 205 46 utlåtande,

421 743 48 25 nr
498 732 75 44 3,1
592 731 204 47 anledning
816 744 45 24 av
882 731 108 37 väckt
1009 732 141 37 motion
1171 731 192 48 angående
1382 731 206 48 införande

420 796 46 25 av
496 784 485 48 kyrkoskrivningsböcker.

147 888 12 28 I
182 897 42 20 en
247 888 95 29 inom
366 888 108 30 andra
498 889 204 30 kammaren
726 889 100 30 väckt
850 890 64 29 och
939 890 49 29 till
1014 890 77 29 dess
1117 889 114 39 fjärde
1255 890 174 39 tillfälliga
1454 890 135 29 utskott

101 940 168 29 hänvisad
293 940 142 34 motion,
460 949 40 20 nr
526 940 71 35 197,
621 941 88 29 hava
732 942 79 28 herr
834 941 165 30 Månsson
1023 942 10 28 i
1058 941 189 30 Erlandsro
1269 951 45 19 in.
1338 942 38 38 fl.
1401 941 188 34 hemställt,

102 995 49 28 att
174 993 186 40 riksdagen
384 993 106 30 måtte
514 993 135 30 besluta
675 995 49 28 att
752 994 5 29 i
780 993 216 40 underdånig
1022 993 166 31 skrivelse
1213 993 150 35 anhålla,
1389 996 49 27 att
1463 994 124 39 Kungl.

102 1045 105 39 Maj:t
226 1045 106 31 måtte
352 1046 187 30 verkställa
557 1045 190 40 utredning
766 1046 147 30 rörande
933 1046 249 40 lämpligheten
1202 1056 40 21 av
1263 1047 148 40 ändring
1431 1047 10 29 i
1462 1047 127 39 kyrko-

101 1098 220 40 bokförings-
350 1099 63 29 och
442 1099 607 40 mantalsskrivningsförordningen
1079 1100 9 29 i
1120 1099 89 39 syfte
1240 1101 49 28 att
1317 1100 116 30 införa
1462 1100 127 39 kyrko-

102 1151 328 40 skrivningsböcker
455 1153 89 28 samt
569 1152 51 30 till
647 1152 186 41 riksdagen
858 1152 237 30 framkomma
1118 1152 79 30 med
1223 1153 56 30 det
1307 1152 139 41 förslag,
1473 1152 114 31 vartill

102 1203 95 40 dylik
215 1204 189 40 utredning
424 1204 70 30 kan
516 1204 191 30 föranleda.

146 1257 226 30 Beträffande
395 1257 251 40 motiveringen
669 1257 54 30 får
746 1258 169 30 utskottet
938 1258 145 30 hänvisa
1108 1258 51 30 till
1184 1259 188 30 motionen.

145 1344 68 30 Till
230 1345 169 30 utskottet
413 1346 93 30 hava
523 1346 187 30 inkommit
727 1347 187 38 yttranden
932 1347 9 29 i
959 1347 189 39 anledning
1166 1356 41 21 av
1226 1347 178 30 motionen
1424 1347 78 30 från
1522 1349 67 29 sta-

102 1396 137 31 tistiska
256 1397 255 40 centralbyrån,
528 1399 349 39 pensionsstyrelsen,
896 1399 186 30 Allmänna
1101 1400 148 30 svenska
1267 1400 323 40 prästföreningens

101 1450 290 39 centralstyrelse,
413 1450 168 40 styrelsen
603 1451 53 30 för
678 1451 153 30 Svenska
851 1452 378 30 landskommunernas
1250 1452 152 31 förbund
1424 1453 64 30 och
1508 1453 81 30 För-

102 1503 148 39 eningen
275 1503 154 40 Sveriges
453 1504 134 30 städers
610 1504 521 41 kronouppbördstjänstemän.

147 1591 201 31 Statistiska
368 1592 242 40 centralbyrån
634 1593 63 30 har
718 1593 203 35 framhållit,
943 1595 49 29 att
1011 1603 44 21 en
1077 1594 196 40 anordning
1294 1594 78 30 med
1394 1594 197 40 personliga

104 1644 25 21 s.
155 1636 33 29 k.
214 1635 444 41 kyrkoskrivningsböcker
686 1637 111 30 skulle
823 1637 10 30 i
861 1638 69 29 viss
958 1637 80 30 mån
1067 1639 174 29 motsvara
1269 1638 55 30 det
1352 1638 10 29 i
1390 1638 200 30 Stockholm

104 1679 160 40 brukliga
285 1681 163 38 systemet
470 1681 78 29 med
572 1690 25 21 s.
619 1681 33 29 k.
675 1681 297 40 flyttningsbetyg,
995 1691 73 20 som
1092 1691 41 20 av
1154 1690 212 32 personerna
1390 1682 109 39 själva
1522 1682 70 30 för-

104 1732 110 25 varas,
239 1723 106 31 vilket
369 1725 129 38 system
522 1724 11 29 i
559 1726 87 29 stort
672 1727 65 28 sett
763 1725 164 40 fungerar
952 1726 69 29 rätt
1047 1725 334 30 tillfredsställande.
1431 1726 73 30 Den
1531 1726 61 30 all-

103 1767 184 40 varligaste
310 1768 219 40 invändning
555 1777 81 21 man
662 1769 107 39 enligt
796 1769 193 30 statistiska
1015 1769 264 39 centralbyråns
1305 1770 142 39 mening
1473 1770 118 29 kunde

104 1811 92 30 rikta
213 1814 72 28 mot
303 1812 55 30 det
377 1812 197 39 föreslagna
592 1821 68 31 nya
678 1814 175 38 systemet,
872 1822 79 21 vore
970 1815 49 28 att
1038 1813 56 30 det
1114 1813 111 30 skulle
1243 1813 10 30 i
1273 1814 132 39 ganska
1424 1814 66 38 hög
1507 1814 84 39 grad

103 1856 66 29 öka
194 1856 278 40 prästerskapets
499 1856 251 40 skrivgöromål
778 1857 53 29 för
858 1856 354 40 kyrkobokföringen.
1262 1857 181 30 Huruvida
1469 1857 123 30 motio-

104 1900 167 29 närernas
292 1900 245 40 förhoppning,
558 1902 49 29 att
625 1900 268 40 utskrivningen
914 1910 40 20 av
974 1900 219 41 åldersbetyg
1212 1901 75 30 icke
1309 1901 112 30 skulle
1442 1901 87 31 efter
1550 1901 41 30 de

104 1953 67 29 nya
206 1944 510 40 kyrkoskrivningsböckernas
752 1945 184 30 införande
970 1945 132 30 behöva
1138 1945 74 29 ofta
1247 1945 228 34 förekomma,
1511 1954 80 21 vore

104 1988 116 39 riktig,
244 1987 126 40 ansåge
394 1988 193 30 statistiska
611 1988 243 40 centralbyrån
878 1988 131 40 ganska
1033 1989 123 34 ovisst;
1179 1988 76 30 ifall
1278 1997 81 21 man
1383 1989 10 29 i
1418 1989 92 30 detta
1536 1998 56 21 av-

105 2032 124 30 seende
248 2032 129 39 vågade
397 2032 102 30 döma
517 2032 89 30 efter
626 2033 237 29 erfarenheter
884 2032 77 30 från
983 2032 212 34 Stockholm,
1216 2032 37 30 så
1272 2032 114 30 talade
1407 2033 114 30 denna
1541 2042 51 20 er-

104 2075 160 31 farenhet
285 2078 136 28 snarast
442 2076 10 29 i
474 2085 116 21 annan
612 2076 166 39 riktning.
822 2076 198 30 Statistiska
1041 2076 244 39 centralbyrån
1307 2076 108 31 funne
1438 2076 154 31 emeller-

104 2119 49 30 tid
179 2120 40 29 de
244 2120 182 30 sannolika
452 2120 200 30 fördelarna
677 2129 40 21 av
741 2120 56 30 det
822 2120 195 39 föreslagna
1043 2121 165 38 systemet
1232 2120 11 29 i
1268 2120 67 30 alla
1361 2120 61 30 fall
1449 2120 36 30 så
1510 2129 82 31 pass

106 2165 103 33 stora,
230 2165 49 28 att
301 2163 122 40 frågan
445 2164 53 30 väl
519 2164 199 39 förtjänade
739 2173 42 20 en
803 2164 196 40 utredning,
1022 2164 116 30 vilken
1161 2164 187 39 utredning
1370 2164 89 30 dock
1481 2164 111 30 måste

104 2207 91 30 bliva
218 2208 69 41 rätt
311 2207 227 35 omfattande,
564 2208 43 29 då
632 2207 176 40 åtskilliga
831 2207 94 31 delar
950 2217 41 21 av
1016 2207 94 30 såväl
1136 2208 456 40 kyrkobokföringsförord-

105 2252 128 40 ningen
257 2261 73 20 som
354 2251 607 40 mantalsskrivningsförordningen
985 2252 105 30 därav
1114 2251 173 31 berördes.

149 2341 343 39 Pensionsstyrelsen
512 2341 64 30 har
597 2340 205 35 framhållit,
822 2343 49 28 att
892 2340 77 30 med
990 2341 138 39 hänsyn
1151 2340 52 30 till
1225 2340 40 31 de
1286 2340 306 41 arbetsuppgifter,

106 2394 74 21 som
201 2385 88 30 åvila
309 2385 349 40 pensionsstyrelsen,
679 2384 95 40 varje
795 2384 131 40 åtgärd,
949 2394 72 21 som
1042 2384 70 30 kan
1134 2385 126 30 tänkas
1280 2385 159 30 medföra
1459 2393 43 22 en
1524 2384 69 30 för-

103 2429 155 40 bältring
287 2438 42 21 av
358 2429 266 40 ifrågavarande
655 2428 342 34 missförhållanden,
1027 2428 111 30 måste
1169 2428 117 31 hälsas
1317 2429 79 30 med
1428 2428 165 31 tillfreds-

106 2473 161 30 ställelse.
310 2473 226 30 Beträffande
557 2472 165 40 förslaget
744 2481 55 21 om
820 2472 183 30 införande
1027 2482 40 21 av
1090 2472 150 30 särskild
1264 2481 26 21 s.
1312 2472 34 30 k.
1367 2472 226 40 kyrkoskriv-

105 2517 172 39 ningsbok
296 2517 54 30 för
367 2516 95 40 varje
479 2525 126 32 person
623 2516 101 30 anför
743 2516 167 39 styrelsen
929 2516 163 34 härefter,
1111 2518 50 29 att
1179 2516 56 30 det
1253 2516 201 40 visserligen
1474 2517 118 38 syntes

158 2579 109 33 Bikang
287 2579 41 27 till
330 2579 178 36 riksdagens
521 2578 134 35 protokoll
674 2580 79 26 1925.
793 2580 32 25 13
843 2579 77 26 saml.
959 2579 16 26 4
994 2578 60 27 avd.
1092 2580 17 25 3
1127 2578 70 34 häft.
1237 2578 56 27 (Nr
1312 2579 37 32 3)
1540 2579 14 24 1

1635 891 147 26 Motionen.

1628 1354 158 27 Yttranden.
