1866 2790
491 182 120 31 Andra
632 181 246 41 lagutskottets
901 178 180 32 utlåtande
1101 188 44 20 nr
1167 177 50 30 13.
1583 172 20 30 9

283 263 185 36 (Gällande
494 262 165 40 lydelse:)

111 328 11 29 i
147 328 92 29 form
265 337 43 20 av
333 325 298 40 tilläggspension,
657 323 174 39 änkepen-

115 383 86 33 sion,
267 379 223 32 kommunalt
557 377 275 39 bostadstillägg,

115 434 248 40 hustrutillägg
386 433 82 31 eller
490 432 219 39 blindtillägg
732 432 103 29 även-

116 499 75 21 som
212 488 222 31 beträffande
457 486 123 40 bidrag
603 485 107 40 enligt
733 485 101 38 lagen

116 552 57 21 om
198 543 121 39 bidrag
344 541 53 31 till
423 541 111 30 änkor
559 539 65 30 och
650 538 185 39 änklingar

118 597 78 29 med
219 596 98 34 barn,
343 594 141 31 särskilt
508 592 213 40 barnbidrag
745 592 91 29 samt

117 650 121 39 bidrag
260 658 43 21 av
325 648 178 31 allmänna
525 647 113 29 medel
660 646 55 30 för
737 644 99 40 sjuk-

117 702 84 31 vård
228 702 83 30 eller
336 699 315 42 yrkesutbildning,
678 707 121 21 varom
824 697 10 29 i

121 757 19 29 2
163 755 15 38 8
201 755 35 35 2)
264 756 90 38 sägs,
376 756 90 28 samt
486 750 351 33 barnavårdsnämnd

121 810 12 29 i
153 809 97 39 fråga
272 817 59 21 om
351 806 223 40 mödrahjälp
596 806 65 30 och
682 804 155 39 bidrags-

122 862 161 30 förskott.

1035 257 226 39 (Föreslagen
1288 254 165 41 lydelse:)

887 322 11 29 i
924 322 92 29 form
1043 329 42 21 av
1110 317 298 41 tilläggspension,
1434 316 175 39 änkepen-

888 375 87 34 sion,
987 373 223 31 kommunalt
1223 370 275 39 bostadstillägg,
1511 369 99 30 hust-

889 428 174 39 rutillägg,
1094 426 219 39 blindtillägg
1343 424 83 31 eller
1455 420 156 33 vårdtill-

890 481 78 40 lägg
986 483 166 29 ävensom
1171 478 222 32 beträffande
1412 477 122 38 bidrag
1553 484 59 22 en-

890 536 62 39 ligt
977 536 101 38 lagen
1102 543 57 21 om
1183 533 122 38 bidrag
1330 532 53 30 till
1409 531 110 30 änkor
1545 529 66 30 och

891 589 185 39 änklingar
1105 587 79 30 med
1211 587 99 33 barn,
1340 584 142 31 särskilt
1509 583 103 30 barn-

891 643 121 38 bidrag
1033 643 91 28 samt
1142 640 121 39 bidrag
1283 648 44 21 av
1345 638 179 30 allmänna
1542 644 71 21 me-

892 696 55 29 del
980 695 54 30 för
1066 693 169 40 sjukvård
1266 692 84 30 eller
1379 688 235 43 yrkesutbild-

894 749 93 39 ning,
1006 756 123 23 varom
1146 747 11 29 i
1177 747 18 30 2
1219 746 14 37 $
1255 745 36 35 2)
1318 746 89 38 sägs,
1427 745 91 29 samt
1536 743 77 29 bar-

893 800 286 32 navårdsnämnd
1210 800 11 29 i
1254 799 100 39 fråga
1387 807 57 20 om
1476 796 139 30 mödra-

893 856 99 40 hjälp
1013 855 65 30 och
1098 852 306 41 bidragsförskott.

938 963 123 29 Denna
1080 961 54 39 lag
1152 960 116 30 träder
1285 960 11 29 i
1312 958 96 40 kraft
1426 958 67 29 den
1514 957 15 29 1
1548 956 68 40 juli

897 1016 94 30 1954.

172 1218 13 29 I
206 1217 171 30 samband
398 1216 78 30 med
496 1215 264 40 propositionen
780 1214 65 29 har
866 1213 121 30 väckts
1008 1212 58 29 två
1087 1210 182 34 motioner,
1292 1208 176 39 nämligen
1490 1216 41 20 nr
1552 1206 62 29 401

128 1272 10 28 i
160 1271 110 30 första
290 1271 207 28 kammaren
519 1279 43 21 av
581 1269 81 29 herr
682 1268 214 35 Andersson,
917 1266 97 36 Lars,
1035 1265 66 30 och
1122 1265 81 29 herr
1223 1262 158 40 Näsgård
1402 1262 65 30 och
1490 1270 41 20 nr
1553 1259 63 31 514

128 1325 10 29 i
162 1325 109 29 andra
295 1324 208 29 kammaren
527 1332 42 20 av
592 1323 80 28 herr
696 1321 152 29 Larsson
873 1320 12 29 i
909 1319 197 30 Hedenäset
1130 1328 45 19 m.
1199 1317 38 39 fl.

171 1378 13 29 I
202 1377 230 34 motionerna,
452 1386 75 20 som
546 1377 38 29 är
603 1374 234 40 likalydande,
856 1372 213 34 hemställes,
1090 1373 71 28 »att
1180 1370 188 38 riksdagen
1386 1368 57 30 vid
1461 1366 154 31 behand-

130 1432 71 38 ling
224 1440 41 20 av
287 1431 127 38 Kungl.
437 1429 124 39 Maj:ts
583 1427 219 41 proposition
824 1436 42 20 nr
889 1426 41 29 66
953 1425 108 30 måtte
1087 1424 34 34 1)
1148 1424 136 29 besluta
1307 1424 51 28 att
1380 1421 238 30 kostnaderna

129 1485 53 30 för
201 1484 207 38 vårdtillägg
426 1483 72 30 helt
517 1483 58 29 må
595 1482 162 30 bekostas
777 1490 42 20 av
839 1479 202 30 statsmedel
1061 1479 65 28 och
1147 1477 136 39 uppdra
1302 1476 36 29 åt
1357 1472 259 33 vederbörande

129 1538 133 30 utskott
281 1539 51 28 att
351 1537 159 29 utarbeta
529 1536 130 38 förslag
678 1534 52 29 till
749 1534 41 29 de
810 1533 190 38 ändringar
1019 1541 42 20 av
1080 1530 313 38 författningstext,
1414 1537 74 20 som
1507 1528 109 28 härav

132 1591 208 33 föranledes,
365 1592 90 27 samt
478 1589 36 34 2)
543 1590 64 28 hos
630 1588 125 38 Kungl.
779 1586 107 39 Maj:t
908 1586 127 38 begära
1058 1593 43 21 en
1124 1582 231 40 omprövning
1378 1580 148 31 rörande
1551 1580 69 29 för-

131 1645 186 38 delningen
342 1653 42 20 av
407 1642 239 30 kostnaderna
669 1641 54 29 för
748 1638 369 41 folkpensioneringen
1141 1637 129 29 mellan
1295 1637 114 28 staten
1433 1634 64 30 och
1522 1634 99 29 kom-

130 1706 171 21 munerna
321 1697 11 29 i
353 1696 152 39 enlighet
526 1695 80 30 med
625 1694 66 30 vad
713 1703 76 20 som
809 1693 11 29 i
841 1692 220 30 motionerna
1083 1690 167 30 anförts».

173 1750 178 30 Utskottet
378 1750 64 28 har
468 1749 11 28 i
508 1747 229 31 förevarande
765 1746 256 38 sammanhang
1049 1743 189 31 behandlat
1266 1742 220 30 motionerna
1514 1739 104 30 såvitt

134 1813 98 21 avser
254 1804 58 28 det
335 1802 111 30 under
471 1802 14 29 1
512 1801 123 39 gjorda
657 1799 183 41 yrkandet.
865 1799 66 29 Till
954 1797 174 40 yrkandet
1151 1796 109 29 under
1285 1795 19 29 2
1329 1804 98 20 avser
1450 1794 172 29 utskottet

134 1858 49 28 att
205 1856 219 30 återkomma
446 1863 132 21 senare.

178 1908 227 31 Beträffande
425 1908 40 29 de
485 1907 76 30 skäl
581 1906 260 30 motionärerna
861 1904 118 30 anfört
998 1903 54 29 får
1072 1902 170 29 utskottet
1260 1901 148 29 hänvisa
1428 1900 52 29 till
1500 1898 123 30 motio-

135 1972 117 20 nerna.

631 2086 181 36 Gällande
831 2084 296 37 bestämmelser.

182 2175 114 38 Lagen
322 2174 67 29 den
415 2174 41 28 29
480 2172 80 39 juni
587 2172 83 28 1946
695 2180 56 20 om
777 2169 325 40 folkpensionering
1134 2167 57 33 (nr
1216 2167 79 34 431;
1324 2165 98 30 ändr.
1449 2163 176 38 221/1947,

138 2226 175 37 527/1947,
342 2225 174 36 732/1948,
545 2223 175 36 264/1950,
750 2222 174 36 157/1951,
951 2220 176 37 332/1951,
1155 2219 165 37 396/1952
1346 2219 65 29 och
1439 2216 182 38 291/1953)

141 2279 121 39 skiljer
289 2279 129 29 mellan
446 2278 19 29 å
493 2286 65 20 ena
586 2277 100 28 sidan
713 2275 274 39 ålderspension,
1017 2283 74 20 som
1120 2273 101 38 utgår
1248 2272 89 29 efter
1365 2271 57 29 det
1449 2271 68 29 den
1544 2279 83 30 pen-

140 2331 311 38 sionsberättigade
472 2330 79 39 fyllt
572 2329 39 29 67
633 2329 49 33 år,
703 2330 91 28 samt
814 2328 21 29 å
855 2327 110 30 andra
986 2327 101 29 sidan
1107 2324 291 40 invalidpension,
1420 2322 207 40 sjukbidrag

139 2386 65 29 och
225 2384 249 39 änkepension,
495 2383 95 29 vilka
612 2381 178 30 förmåner
812 2380 101 39 utgår
935 2380 55 29 för
1013 2379 48 29 tid
1083 2378 258 30 dessförinnan.

185 2454 403 40 ÅAlderspension
633 2453 137 38 utgöres
803 2452 10 29 i
846 2451 111 30 första
989 2449 94 30 hand
1116 2458 42 21 av
1189 2449 131 29 allmän
1353 2447 275 39 ålderspension.

142 2509 119 30 Denna
288 2508 139 29 förmån
452 2508 38 28 är
516 2507 50 29 till
594 2506 175 29 storleken
795 2504 193 30 oberoende
1014 2511 42 21 av
1080 2501 277 31 vederbörandes
1383 2500 156 29 inkomst
1564 2499 63 30 och
