2234 2620
547 182 220 29 Sammansatta
789 185 85 24 stats-
899 182 46 27 och
971 181 246 29 bankoutskottets
1239 182 149 27 utlåtande
1412 182 47 27 Nr
1485 182 25 27 1.
1814 179 18 28 3

229 260 59 34 het
317 260 117 34 skulle
463 260 124 35 kunna
617 264 160 43 mottaga
806 273 43 21 en
879 259 112 35 sådan
1012 258 250 47 förstärkning
1277 271 43 23 av
1336 260 55 33 sin
1408 257 283 49 professorskår.
1722 258 107 35 Kom-

228 309 193 36 mitterade
463 310 121 35 kunde
626 310 203 35 emellertid
870 310 79 35 icke
978 309 121 36 bortse
1128 308 79 36 från
1238 309 43 35 de
1311 312 132 44 många
1473 309 56 35 för
1559 310 272 34 universitetets

228 360 194 48 forskning
461 361 68 34 och
573 359 264 49 undervisning
873 361 139 45 viktiga
1040 359 278 48 anslagsbehov,
1347 360 97 34 vilka
1474 359 117 35 under
1618 360 44 34 de
1690 365 141 29 senaste

227 413 85 32 åren
341 423 43 23 av
413 411 142 48 hänsyn
583 412 58 33 till
670 410 160 36 rådande
859 411 238 35 ekonomiska
1125 409 254 36 förhållanden
1398 413 93 32 måst
1506 410 142 46 skjutas
1664 413 37 31 åt
1716 409 114 36 sidan.

227 461 54 35 Då
308 474 49 22 nu
387 461 110 35 bland
526 461 105 35 dessa
659 466 51 30 ett
736 462 118 34 flertal
884 464 114 31 måste
1027 461 195 35 betecknas
1250 473 78 22 som
1356 463 38 32 så
1422 460 215 46 trängande,
1658 465 52 30 att
1727 460 103 34 deras

228 511 212 48 upprepade
481 510 271 36 åsidosättande
788 511 187 35 medförde
1004 511 189 46 allvarliga
1221 510 225 47 svårigheter
1474 510 55 34 för
1558 511 273 34 universitetets

227 562 242 42 verksamhet,
512 561 124 34 kunde
677 561 290 42 kommitterade,
1003 561 11 34 i
1042 560 70 35 den
1155 560 159 35 erkända
1354 559 292 35 önskvärdheten
1687 573 43 21 av
1771 559 61 35 det

227 611 208 47 föreslagna
463 611 229 35 inrättandet
720 624 43 22 av
790 610 278 46 ifrågavarande
1089 611 209 47 personliga
1315 609 197 48 professur,
1530 609 92 36 dock
1638 610 79 34 icke
1732 610 99 35 finna

226 667 53 30 ett
320 662 217 46 tillräckligt
578 662 77 34 skäl
695 660 56 37 för
792 660 193 49 förslagets
1019 660 279 48 framläggande
1327 663 117 32 såsom
1473 665 53 30 ett
1557 661 274 34 universitetets

226 712 120 35 behov
388 711 155 36 framför
584 712 124 43 andra,
750 713 96 34 vilka
874 712 234 35 konsistoriet
1135 712 79 35 icke
1242 716 121 30 ansett
1391 711 56 47 sig
1476 711 118 35 under
1622 710 208 36 nuvarande

227 762 255 36 förhållanden
523 766 91 44 våga
654 762 205 48 framlägga
887 763 89 35 eller
1004 763 96 34 vilka
1128 775 43 22 av
1200 762 236 35 konsistoriet
1465 761 192 48 framlagts
1682 774 83 23 men
1788 774 43 23 av

204 813 136 48 "högre
368 812 260 50 myndigheter
655 814 156 35 lämnats
839 813 211 35 obeaktade.

328 863 73 36 Vid
429 863 170 36 ärendets
628 863 225 48 behandling
880 865 11 33 i
921 863 60 35 det
1009 868 117 30 större
1154 863 232 35 akademiska
1409 863 239 35 konsistoriet
1668 862 162 36 uttalade

226 927 44 22 en
287 928 42 21 av
344 914 44 35 de
404 913 239 45 närvarande,
672 913 213 48 professorn
902 913 45 35 M.
965 913 206 43 Forssman,
1199 912 113 36 bland
1341 918 123 38 annat,
1493 918 55 29 att
1576 912 45 35 då
1649 914 180 34 universi-

227 969 111 31 tetets
380 964 193 47 möjlighet
614 969 53 30 att
695 965 138 34 erhålla
859 977 74 35 nya
959 963 310 48 professorslöner
1298 963 118 35 under
1443 963 214 35 nuvarande
1684 964 146 46 tryckta

226 1015 237 36 ekonomiska
496 1013 99 36 tider
622 1028 86 22 vore
736 1016 170 47 ytterligt
933 1014 196 43 beskuren,
1158 1015 235 34 konsistoriet
1422 1015 31 46 ej
1484 1013 113 36 borde
1626 1013 204 48 framlägga

225 1066 161 48 begäran
426 1078 58 23 om
527 1078 45 23 en
613 1065 201 48 professur,
856 1078 79 23 som
963 1065 32 47 ej
1026 1078 86 23 vore
1139 1064 146 36 absolut
1314 1064 213 47 nödvändig
1555 1064 68 36 och
1651 1077 89 31 som,
1769 1077 59 22 om

226 1117 69 35 den
333 1116 212 48 beviljades,
574 1117 118 34 skulle
720 1117 145 34 komma
893 1121 53 30 att
974 1118 55 33 stå
1056 1116 11 35 i
1095 1122 119 42 vägen
1242 1115 58 36 för
1327 1115 113 35 andra
1468 1114 235 49 nödvändiga
1729 1116 98 34 krav.

226 1167 116 48 Ingen
383 1166 148 44 funnes,
573 1179 78 23 som
688 1167 121 35 kunde
838 1170 114 45 påstå,
982 1172 54 30 att
1062 1166 280 48 ifrågavarande
1370 1165 139 47 förslag
1536 1178 86 23 vore
1650 1170 53 31 ett
1729 1171 99 30 trän-

225 1218 119 47 gande
386 1219 403 42 universitetsintresse,
830 1231 84 22 men
954 1217 192 48 samtidigt
1188 1216 226 36 förekomme
1454 1216 62 36 vid
1543 1216 286 35 sammanträdet

225 1282 45 22 en
311 1268 160 49 begäran
503 1281 60 22 om
592 1281 45 22 en
665 1267 189 49 professur
881 1270 12 33 i
922 1269 107 43 kemi,
1059 1269 114 34 vilket
1201 1269 116 46 enligt
1344 1267 216 35 Forssmans
1587 1266 240 36 förmenande

224 1332 86 23 vore
338 1320 135 35 kanske
501 1320 278 34 universitetets
807 1320 194 45 viktigaste
1029 1318 118 36 behov
1175 1317 56 36 för
1259 1317 237 36 närvarande.

325 1368 75 37 Vid
440 1368 190 48 företagen
671 1371 170 45 votering
881 1370 116 34 beslöt
1037 1369 238 35 konsistoriet
1303 1367 84 36 med
1415 1371 77 32 åtta
1519 1372 118 31 röster
1666 1373 76 30 mot
1769 1369 57 46 sju

224 1424 55 31 att
319 1421 119 34 avlåta
479 1418 275 49 framställning
793 1421 12 33 i
838 1419 165 48 enlighet
1032 1419 83 36 med
1141 1418 270 36 humanistiska
1439 1419 209 35 sektionens
1677 1417 149 49 förslag;

225 1469 129 37 därvid
394 1471 239 35 konsistoriet
672 1469 207 36 emellertid
921 1470 251 48 uttryckligen
1213 1471 86 34 ville
1327 1468 206 45 framhålla,
1563 1468 77 36 dels
1669 1474 54 30 att
1751 1468 76 36 för-

225 1522 116 47 slaget
380 1522 13 35 i
428 1520 105 48 fråga
561 1521 79 35 icke
668 1524 38 32 så
733 1521 146 48 mycket
907 1523 130 44 avsåge
1065 1520 309 48 tillgodoseendet
1401 1533 43 22 av
1472 1525 53 30 ett
1553 1521 165 46 speciellt
1745 1521 83 34 uni-

224 1573 208 34 versitetets
473 1571 118 36 behov
631 1584 79 23 som
752 1571 174 36 fastmera
965 1576 53 31 ett
1057 1572 155 35 allmänt
1248 1571 298 43 kulturintresse,
1576 1570 77 36 dels
1681 1571 66 35 ock
1775 1576 54 30 att

225 1623 236 35 konsistoriet
489 1625 145 45 ansåge,
663 1627 54 31 att
744 1622 62 35 det
832 1635 43 23 av
904 1621 210 49 professorn
1143 1622 194 36 Forssman
1367 1621 216 36 framhävda
1602 1622 226 35 önskemålet

225 1673 189 48 angående
441 1672 230 36 inrättandet
698 1686 42 22 av
768 1686 44 22 en
841 1686 51 35 ny
920 1672 191 49 professur
1138 1674 11 34 i
1176 1673 98 35 kemi
1302 1685 87 23 vore
1418 1671 57 37 för
1503 1672 255 36 universitetet
1785 1686 43 22 av

224 1729 117 31 större
368 1724 76 35 vikt
472 1731 46 28 än
546 1723 229 36 inrättandet
802 1737 44 22 av
874 1737 45 22 en
948 1725 188 46 personlig
1165 1722 188 50 professur
1381 1722 57 36 för
1465 1722 213 49 professorn
1697 1723 131 36 Albert

223 1774 160 37 Nilsson.

326 1826 14 34 I
376 1826 164 47 enlighet
569 1824 83 36 med
679 1824 62 36 det
769 1824 155 36 sålunda
951 1824 140 36 fattade
1118 1825 161 35 beslutet
1307 1823 217 37 hemställde
1553 1825 236 35 konsistoriet
1815 1826 12 34 i

225 1876 175 36 skrivelse
441 1876 57 35 till
539 1875 327 37 kanslersämbetet
907 1875 57 36 för
1004 1875 112 35 rikets
1144 1875 218 36 universitet
1390 1874 70 36 den
1492 1877 16 33 1
1535 1875 74 47 juli
1640 1876 105 42 1922,
1774 1880 53 31 att

225 1927 161 36 ämbetet
426 1929 114 34 måtte
582 1927 151 35 utverka
774 1927 231 48 proposition
1047 1927 57 34 till
1144 1927 93 34 1923
1267 1928 58 33 års
1352 1925 151 49 riksdag
1530 1938 59 23 om
1618 1926 209 35 inrättande

223 1977 62 36 vid
313 1978 257 35 universitetet
603 1978 5 35 i
637 1977 107 36 Lund
772 1990 42 23 av
842 1990 44 23 en
916 1977 188 48 personlig
1130 1980 188 45 professur
1344 1978 12 33 i
1385 1977 130 35 estetik
1536 1976 68 36 och
1623 1977 203 35 litteratur-

224 2029 153 35 historia
404 2027 57 37 för
490 2027 211 49 professorn
729 2028 131 36 Albert
887 2028 159 36 Nilsson.

325 2079 14 35 I
368 2080 175 35 skrivelse
571 2079 57 35 till
658 2078 135 49 Kungl.
823 2078 103 48 Maj:t
953 2078 71 35 den
1054 2080 44 33 22
1127 2079 148 47 augusti
1307 2080 93 34 1922
1423 2077 207 37 förklarade
1650 2078 56 48 sig
1720 2079 106 34 kans-

224 2129 236 36 lersämbetet
489 2128 56 37 för
573 2130 112 35 rikets
715 2129 217 36 universitet
961 2129 11 34 i
999 2129 116 35 likhet
1143 2128 83 36 med
1254 2129 239 35 konsistoriet
1511 2128 89 47 vilja
1620 2127 205 46 framhålla,

224 2186 53 30 att
304 2179 62 37 det
402 2185 128 31 väckta
558 2179 175 49 förslaget
758 2179 79 36 icke
865 2183 38 32 så
931 2180 146 48 mycket
1105 2182 130 43 avsåge
1263 2178 308 49 tillgodoseendet
1598 2192 43 22 av
1669 2184 51 31 ett
1747 2193 80 34 spe-

223 2232 101 35 ciellt
366 2232 276 35 universitetets
673 2231 119 35 behov
834 2243 80 23 som
946 2229 175 37 fastmera
1161 2235 52 30 ett
1240 2230 154 35 allmänt
1422 2230 284 36 kulturintresse
1734 2236 93 29 samt
