1900 2800
255 145 19 29 8
628 151 392 38 Bevillningsutskottets
1041 154 218 32 betänkande
1277 166 41 20 nr
1345 158 48 29 21.

258 233 166 31 karaktär
439 244 41 21 av
497 234 234 32 driftkostnad
750 237 88 30 hade
855 238 254 31 understrukits
1126 238 11 30 i
1153 242 47 28 ett
1214 249 42 21 av
1272 240 487 39 inkomstskattesakkunniga

257 283 134 36 avgivet
410 284 220 31 betänkande
655 282 146 39 (Statens
823 287 135 33 offentl.
981 289 134 30 utredn.
1142 290 95 29 1923:
1254 291 40 29 69
1314 290 62 32 sid.
1403 288 86 39 112).
1512 292 13 30 I
1544 302 43 20 en
1609 302 42 21 av
1677 294 82 29 1924

257 332 56 32 års
337 334 300 38 skatteberedning
662 336 144 36 avgiven
828 338 235 35 promemoria
1093 336 148 39 (Statens
1265 340 134 32 offentl.
1426 343 132 30 utredn.
1588 343 95 29 1927:
1700 341 53 38 23)

256 384 91 30 hade
371 385 344 37 skatteberedningen
740 387 158 36 upptagit
921 391 47 27 ett
990 388 138 31 särskilt
1151 390 188 36 stadgande
1363 392 148 30 rörande
1533 392 69 30 rätt
1626 393 52 29 till
1702 403 56 21 av-

257 434 85 35 drag
360 434 55 30 för
436 435 152 36 överpris
608 436 65 30 och
694 437 221 31 merkostnad
936 437 20 31 å
974 438 91 31 vissa
1085 439 190 36 tillgångar.

788 550 221 35 Utskottets
1033 553 198 42 yttrande.

298 628 14 29 I
334 628 185 37 anledning
539 638 43 21 av
603 630 42 30 de
663 630 10 29 i
693 631 41 29 de
754 630 221 38 likalydande
996 633 217 31 motionerna
1235 635 27 29 I:
1280 637 37 28 12
1340 637 64 29 och
1425 637 43 30 II:
1484 638 38 29 21
1545 641 89 27 samt
1654 639 12 29 i
1686 648 71 21 mo-

254 678 117 30 tionen
397 679 44 30 II:
457 680 62 29 249
544 680 124 31 väckta
691 681 173 36 förslagen
886 692 58 20 om
970 683 162 31 skrivelse
1156 685 50 29 till
1233 685 121 37 Kungl.
1381 687 99 39 Maj:t
1505 689 79 29 med
1608 689 150 37 begäran

251 739 57 21 om
328 732 182 36 utredning
529 732 179 37 angående
726 735 66 29 rätt
812 734 56 31 för
885 734 232 37 jordbrukare
1137 740 49 27 att
1205 737 56 30 vid
1281 739 155 36 taxering
1453 740 132 31 erhålla
1605 741 152 30 avskriv-

253 778 82 37 ning
353 779 20 31 å
391 781 178 35 varulager
589 783 65 28 och
675 782 207 31 inventarier
901 783 55 31 får
975 785 165 30 utskottet
1160 786 123 31 anföra
1303 787 163 39 följande.

298 829 115 37 Enligt
443 831 5 29 i
476 831 418 39 kommunalskattelagen
923 835 101 36 givna
1053 835 217 33 föreskrifter
1299 838 88 31 skall
1416 839 152 32 inkomst
1595 850 44 21 av
1665 842 91 38 jord-

253 880 270 37 bruksfastighet
542 882 173 31 beräknas
737 884 103 36 enligt
862 885 66 30 den
947 895 25 21 s.
992 886 33 31 k.
1048 886 338 39 kontantprincipen.
1408 890 120 31 Denna
1550 891 135 38 princip
1706 892 50 30 in-

251 931 117 36 nebär,
394 934 49 28 att
467 931 196 33 intäkterna
689 943 97 21 anses
812 935 91 31 hava
927 935 157 40 åtnjutits
1108 939 110 29 under
1240 939 56 30 det
1319 940 286 38 beskattningsår,
1631 942 44 31 då
1701 943 55 30 de-

252 990 134 22 samma
407 991 42 21 av
471 983 65 30 den
557 983 248 38 skattskyldige
825 986 184 36 uppburits
1028 988 80 30 eller
1129 988 96 31 blivit
1247 989 55 30 för
1321 991 129 30 honom
1473 992 210 38 tillgängliga
1701 993 55 31 för

252 1031 158 37 lyftning.
436 1033 308 32 Naturaförmåner
768 1039 170 34 upptagas
964 1037 50 30 till
1038 1038 220 38 beskattning
1283 1040 55 31 för
1363 1042 55 29 det
1441 1041 47 37 år,
1513 1042 43 31 då
1579 1044 177 30 desamma

251 1082 148 30 kommit
417 1083 65 30 den
502 1084 248 38 skattskyldige
769 1086 48 30 till
835 1088 99 35 godo.
955 1088 326 33 Driftkostnaderna
1297 1091 11 30 i
1327 1091 169 38 jordbruk
1513 1103 100 21 anses
1632 1095 123 36 belöpa

251 1131 45 36 på
317 1132 55 31 det
392 1133 287 38 beskattningsår,
702 1137 107 30 under
833 1137 104 31 vilket
960 1139 42 30 de
1023 1140 133 30 betalts.
1179 1141 192 31 Kostnader
1390 1142 55 31 för
1465 1144 227 38 anskaffning
1714 1155 41 21 av

250 1182 208 31 inventarier
480 1184 50 30 till
551 1186 189 37 ersättning
761 1187 54 30 för
837 1189 178 36 avyttrade
1035 1191 168 36 avdragas
1225 1192 10 29 i
1256 1192 52 30 sin
1331 1193 115 30 helhet
1467 1194 56 30 vid
1544 1194 210 32 inkomstbe-

250 1235 193 38 räkningen
464 1236 54 31 för
539 1238 58 30 det
616 1237 48 37 år,
687 1238 44 31 då
751 1240 234 31 kostnaderna
1006 1243 57 36 ägt
1083 1252 89 21 rum.

296 1283 89 31 Utan
410 1285 123 30 hinder
556 1295 43 21 av
626 1287 99 30 dessa
747 1288 257 32 bestämmelser
1029 1291 47 30 ha
1099 1292 188 30 emellertid
1311 1293 11 30 i
1349 1294 115 36 praxis
1489 1295 229 38 jordbrukare
1743 1297 12 29 i

250 1333 89 31 vissa
358 1334 63 31 fall
436 1336 180 36 medgivits
634 1338 68 30 rätt
721 1341 48 27 alt
788 1338 57 31 vid
864 1340 155 37 taxering
1035 1341 153 32 beräkna
1206 1342 198 32 inkomsten
1420 1355 42 20 av
1479 1345 170 39 jordbruk
1668 1347 87 31 efter

250 1383 353 40 bokföringsmässiga
634 1389 159 35 grunder.
825 1390 53 30 En
909 1390 248 39 förutsättning
1187 1393 56 30 för
1273 1397 49 27 att
1353 1404 42 21 en
1426 1395 109 32 sådan
1562 1397 191 38 beräkning

248 1437 136 31 kunnat
407 1439 204 36 godkännas
631 1441 99 31 torde
750 1442 90 31 hava
862 1443 98 36 varit,
983 1447 48 28 att
1054 1446 135 30 ordnad
1212 1446 186 39 bokföring
1421 1449 78 30 med
1521 1450 231 37 räkenskaps-

247 1488 198 37 avslutning
477 1489 114 32 finnes
620 1495 91 27 samt
740 1495 48 27 att
818 1493 203 32 densamma
1052 1496 70 29 kan
1153 1496 177 32 förväntas
1362 1499 141 30 komma
1532 1499 51 31 till
1615 1500 137 32 fortsatt

248 1537 233 36 användning,
503 1537 38 31 så
563 1542 49 27 att
633 1541 156 36 trygghet
810 1541 181 37 föreligger
1013 1543 55 30 för
1088 1553 42 21 en
1150 1544 177 38 likformig
1347 1547 153 37 taxering
1522 1548 10 30 i
1554 1548 198 32 framtiden.

249 1585 121 32 Såsom
393 1587 153 37 framgår
565 1599 43 20 av
633 1590 67 30 den
720 1601 89 20 ovan
832 1592 161 31 lämnade
1016 1594 240 36 redogörelsen
1277 1597 65 30 har
1361 1597 129 38 jämväl
1516 1600 80 29 1941
1619 1599 56 31 års
1696 1601 56 30 be-

249 1636 291 38 villningsutskott
562 1640 125 31 uttalat
709 1640 113 32 såsom
844 1642 54 31 sin
919 1643 225 38 uppfattning
1165 1649 48 27 att
1233 1646 54 31 för
1306 1647 239 39 jordbrukare,
1565 1659 76 21 som
1662 1651 90 31 hava

247 1688 134 30 ordnad
404 1689 195 37 bokföring,
623 1692 69 29 rätt
715 1691 188 32 förefinnes
927 1697 48 27 att
998 1695 179 31 deklarera
1198 1697 195 31 inkomsten
1417 1709 41 20 av
1479 1699 169 39 jordbruk
1672 1702 80 30 eller

248 1737 76 31 dess
345 1738 200 38 binäringar
565 1741 88 30 efter
671 1742 353 39 bokföringsmässiga
1045 1747 160 35 grunder.

290 1784 95 35 Även
406 1790 103 36 enligt
530 1791 183 31 utskottets
735 1794 139 37 mening
895 1796 95 30 torde
1012 1797 111 30 under
1144 1807 89 21 ovan
1252 1799 147 36 angiven
1420 1800 246 38 förutsättning
1683 1804 68 29 rätt

247 1838 55 30 för
329 1838 229 39 jordbrukare
585 1842 51 30 till
663 1844 152 36 taxering
840 1845 87 30 efter
952 1846 355 39 bokföringsmässiga
1332 1851 150 35 grunder
1506 1851 119 31 kunna
1652 1862 99 21 anses

246 1887 176 39 föreligga.
444 1891 170 31 Utskottet
632 1894 65 29 har
714 1895 187 31 emellertid
921 1896 75 31 icke
1013 1897 135 31 kunnat
1168 1899 114 37 undgå
1302 1903 48 27 att
1367 1900 108 37 finna,
1496 1905 48 27 att
1561 1902 190 32 frånvaron

245 1947 43 21 av
307 1941 206 36 uttryckliga
533 1942 259 32 bestämmelser
810 1945 11 30 i
840 1945 265 38 ifrågavarande
1124 1949 196 31 hänseende
1339 1952 135 30 medför
1492 1962 42 21 en
1551 1953 68 30 viss
1637 1954 111 30 oklar-

244 1989 59 30 het
326 1989 95 32 såväl
443 1992 221 32 beträffande
688 1995 40 30 de
749 1995 212 38 betingelser,
984 1998 111 30 under
1115 1999 93 31 vilka
1231 2000 112 32 denna
1363 2003 67 29 rätt
1453 2003 70 30 kan
1547 2004 99 36 sägas
1668 2014 81 21 vara

246 2041 55 31 för
324 2042 149 38 handen,
500 2054 75 21 som
599 2047 65 29 ock
689 2048 147 30 rörande
858 2049 223 36 rättighetens
1106 2051 218 38 omfattning.
1352 2053 119 31 Såsom
1496 2064 90 21 ovan
1608 2056 141 29 nämnts

244 2089 109 33 måste
373 2091 56 31 för
449 2094 110 29 rätten
581 2097 50 27 att
651 2095 176 33 deklarera
847 2097 86 31 efter
953 2099 354 38 bokföringsmässiga
1327 2103 151 35 grunder
1495 2103 202 32 förutsättas
1717 2105 31 38 ej

244 2141 144 31 allenast
405 2145 49 28 att
471 2143 66 31 den
554 2144 248 39 skattskyldige
820 2148 66 30 har
903 2149 133 30 ordnad
1055 2150 186 37 bokföring
1260 2155 84 27 utan
1363 2154 86 30 även
1466 2157 49 27 att
1531 2155 71 30 han
1618 2150 130 47 jämväl

242 2191 12 29 i
276 2191 266 39 fortsättningen
563 2195 159 31 kommer
740 2200 49 27 att
810 2198 154 37 begagna
985 2200 49 36 sig
1053 2210 43 21 av
1117 2200 110 32 sådan
1247 2202 196 38 bokföring.
1465 2204 71 31 Har
1556 2205 191 31 beträffan-

243 2241 41 31 de
308 2242 115 37 någon
445 2244 232 38 skattskyldig
702 2247 214 32 deklaration
938 2250 85 30 efter
1045 2251 354 39 bokföringsmässiga
1421 2255 148 35 grunder
1593 2266 43 20 en
1659 2255 89 38 gång

243 2293 180 37 medgivits
441 2295 57 30 vid
514 2296 209 37 taxeringen,
742 2299 95 30 torde
852 2299 56 30 för
924 2303 46 27 ett
985 2310 120 22 senare
1122 2302 276 38 beskattningsår
1414 2304 162 39 återgång
1594 2307 50 30 till
1662 2307 84 31 kon-

242 2344 256 38 tantprincipen
517 2346 76 31 icke
616 2347 84 31 böra
724 2347 37 31 få
781 2348 264 38 ifrågakomma.
1070 2352 57 30 Ett
1151 2352 122 32 sådant
1295 2354 201 34 förfarande
1519 2357 111 31 skulle
1649 2359 97 29 näm-

241 2392 91 37 ligen
358 2395 58 30 vid
441 2397 200 37 taxeringen
669 2399 156 31 medföra
854 2402 195 36 synnerliga
1078 2402 219 38 svårigheter.
1328 2405 171 31 Eftersom
1527 2407 219 38 bokförings-

243 2446 86 37 plikt
358 2447 31 35 ej
417 2449 39 29 är
482 2449 214 32 föreskriven
724 2451 177 36 angående
927 2453 180 38 jordbruk,
1136 2456 69 30 kan
1237 2457 149 36 givetvis,
1417 2458 36 30 så
1482 2459 98 37 länge
1608 2461 137 29 särskil-
