1902 2830
267 168 37 29 10
460 173 234 31 Sammansatt
716 177 97 27 stats-
837 175 64 29 och
924 174 109 30 andra
1056 175 202 35 lagutskotts
1282 175 176 30 utlåtande
1481 176 47 29 Nr
1550 177 28 29 5.

269 257 180 29 framhölls
471 258 87 29 även
578 258 145 30 bestämt
745 257 78 31 från
845 258 244 37 regeringshåll
1111 259 56 29 vid
1187 259 329 36 överläggningarna
1538 259 10 30 i
1569 259 200 36 riksdagens

268 300 149 29 kamrar.

314 341 66 30 Om
405 351 82 20 man
512 343 170 29 erkänner
707 343 55 29 det
787 342 206 37 principiellt
1018 342 125 37 riktiga
1169 343 9 29 i
1204 346 48 27 att
1277 343 304 36 folkpensionerna
1607 343 162 31 differen-

268 383 101 30 tieras
393 384 84 30 efter
501 384 387 35 levnadskostnaderna,
913 385 179 36 föreligger
1116 385 30 36 ej
1172 386 104 29 heller
1300 386 103 35 enligt
1426 386 72 29 min
1522 386 139 35 mening
1686 389 84 27 stort

269 426 58 35 fog
352 425 53 30 för
428 426 67 30 den
519 426 143 35 åsikten,
688 430 47 26 att
759 437 83 19 man
866 428 62 29 bör
952 427 100 30 ställa
1077 427 49 36 sig
1152 428 214 30 avvaktande
1391 431 46 27 ett
1462 428 93 30 antal
1579 428 38 30 år
1642 428 127 30 framåt

268 468 56 29 för
348 471 47 27 att
419 468 105 30 vinna
549 469 193 30 erfarenhet
768 478 42 21 av
834 470 66 29 den
923 479 68 26 nya
1016 470 117 35 lagens
1158 469 213 36 verkningar.
1421 470 119 35 Någon
1565 470 204 35 vägledning

268 511 97 29 torde
384 510 10 29 i
413 513 74 27 vart
507 511 62 29 fall
589 511 73 30 icke
682 511 200 35 därigenom
903 511 50 30 stå
972 514 48 27 att
1040 511 105 30 vinna
1166 511 9 30 i
1195 512 55 30 det
1271 512 175 34 avseende,
1468 522 120 20 varom
1609 513 62 29 här
1692 514 76 28 när-

268 556 89 26 mast
382 554 37 28 är
443 552 108 36 fråga,
576 553 173 36 nämligen
775 554 218 29 beträffande
1018 553 263 37 möjligheterna
1305 557 47 28 att
1377 555 172 29 bemästra
1577 555 40 29 de
1644 554 125 36 svårig-

268 595 104 34 heter,
390 604 73 21 som
481 595 235 36 otvivelaktigt
733 597 93 29 möta
844 596 57 29 vid
918 596 94 36 varje
1030 596 193 36 anordning
1241 597 78 29 med
1337 597 326 35 dyrortsgraderade
1682 597 87 29 folk-

268 637 190 36 pensioner.
509 637 177 30 Fastmera
724 647 101 27 synes
864 639 55 29 det
944 638 69 36 mig
1040 647 83 21 vara
1150 648 40 20 av
1217 638 81 35 vikt,
1326 642 47 27 att
1400 638 122 36 frågan
1549 639 86 29 löses
1663 639 106 29 redan

268 689 58 25 nu,
353 679 37 30 så
415 682 47 27 att
486 679 362 37 folkpensioneringen
875 680 77 30 från
978 680 65 30 och
1069 681 78 29 med
1173 682 97 28 nästa
1296 680 54 30 års
1377 680 135 36 ingång,
1540 680 44 30 då
1610 681 66 30 den
1701 690 68 27 nya

267 721 99 36 lagen
388 722 112 29 träder
521 721 9 30 1
551 723 103 34 kraft,
675 722 65 29 blir
760 722 10 30 i
790 722 103 36 något
913 722 36 30 så
969 724 64 28 när
1053 722 69 30 lika
1143 722 81 30 mån
1244 723 142 30 effektiv
1407 723 44 36 på
1471 724 202 35 dyrorterna
1695 733 74 20 som

267 763 45 37 på
340 764 107 29 andra
476 763 81 30 håll.
610 764 261 36 Invändningen
900 768 47 27 att
976 774 42 20 en
1047 765 318 36 dyrortsgradering
1394 775 42 20 av
1465 765 304 35 folkpensionerna

267 806 106 30 borde
393 805 133 31 avvisas
549 816 42 20 av
611 807 66 29 den
696 807 240 36 anledningen,
958 810 48 27 att
1027 808 121 29 endast
1169 808 210 34 begränsade
1400 807 369 37 befolkningsgrupper

267 848 111 30 skulle
395 847 35 31 få
447 851 98 34 nytta
564 849 115 35 därav,
698 858 100 27 synes
817 849 70 35 mig
905 848 74 31 icke
997 849 153 36 förtjäna
1169 850 176 34 avseende,
1365 859 80 20 men
1463 850 63 29 bör
1545 850 87 29 dock
1654 850 114 29 föran-

267 891 76 29 leda
365 893 44 28 ett
430 890 206 37 påpekande
658 890 9 30 i
689 891 92 30 detta
804 892 252 35 sammanhang
1078 901 42 20 av
1142 892 55 29 det
1218 891 136 30 faktum
1376 895 48 27 att
1446 892 66 29 den
1536 892 233 35 föreliggande

267 932 123 36 frågan
406 933 101 30 berör
523 936 46 28 ett
587 933 95 30 vitalt
701 933 141 30 intresse
860 934 53 29 för
931 943 95 20 mera
1045 935 44 28 än
1108 943 41 20 en
1169 933 168 36 fjärdedel
1356 944 41 20 av
1416 934 157 36 samtliga
1593 934 175 36 pensions-

267 978 116 32 tagare
407 975 10 29 i
440 975 99 35 riket,
566 976 31 29 d.
624 986 28 19 v.
679 985 23 20 s.
729 975 165 37 åtskilligt
919 977 79 29 över
1025 977 139 34 100,000
1190 985 41 20 av
1256 977 42 29 de
1323 976 10 30 i
1358 976 219 30 ekonomiskt
1603 977 166 29 avseende

267 1018 106 29 sämst
394 1018 123 29 ställda
538 1017 10 30 i
569 1018 190 29 samhället.

312 1060 63 29 Det
399 1059 84 35 skäl,
509 1069 75 20 som
610 1061 81 28 1935
716 1059 55 30 års
796 1060 139 35 riksdag
958 1060 10 30 i
992 1060 108 30 första
1125 1061 93 29 hand
1242 1060 193 36 åberopade
1458 1060 50 30 till
1533 1061 76 30 stöd
1634 1061 54 29 för
1713 1061 56 30 sitt

266 1101 193 36 avböjande
485 1111 42 20 av
553 1102 121 35 Kungl.
701 1101 117 36 Maj:ts
844 1102 127 36 förslag
996 1112 57 20 om
1080 1102 181 30 införande
1287 1112 41 20 av
1353 1103 345 36 dyrortsgruppering
1725 1103 44 36 på

266 1144 379 36 folkpensioneringens
669 1143 151 36 område,
845 1153 60 20 var
928 1144 198 34 emellertid,
1150 1147 47 26 att
1220 1145 191 29 kostnaden
1435 1145 54 29 för
1514 1145 254 36 folkpensione-

268 1187 119 35 ringen
408 1188 78 29 med
511 1197 42 20 en
577 1187 93 36 dylik
694 1187 208 36 gruppering
926 1187 75 30 icke
1023 1188 117 29 kunde
1163 1187 108 30 hållas
1295 1187 92 30 inom
1411 1197 43 21 en
1477 1197 86 27 ram,
1587 1197 73 20 som
1683 1188 85 29 riks-

268 1229 110 35 dagen
405 1229 105 35 ansåg
539 1229 190 36 försvarlig.
783 1230 139 29 Samma
950 1234 180 31 argument
1156 1230 62 29 har
1244 1230 9 29 i
1279 1240 41 19 en
1348 1231 52 29 del
1427 1230 184 36 yttranden
1638 1229 131 31 anförts

265 1274 93 27 emot
379 1271 53 30 det
453 1281 48 19 nu
525 1271 232 35 föreliggande
779 1271 170 36 förslaget.

312 1313 72 29 Vad
412 1313 113 30 denna
553 1313 97 35 fråga
677 1313 177 35 beträffar,
881 1313 61 29 bör
969 1313 339 35 uppmärksammas,
1335 1316 48 27 att
1411 1314 203 29 densamma
1641 1313 10 30 1
1677 1314 92 30 olika

266 1355 191 29 avseenden
481 1354 109 30 måste
614 1364 97 20 anses
734 1355 88 35 ligga
846 1355 179 35 väsentligt
1048 1355 217 30 annorlunda
1289 1355 49 30 till
1359 1365 48 20 nu
1429 1357 44 29 än
1494 1355 206 37 föregående
1721 1356 46 29 år.

268 1396 63 30 Det
355 1396 52 30 för
433 1397 83 29 1935
543 1397 54 29 års
623 1397 137 35 riksdag
788 1397 191 36 framlagda
1005 1397 162 35 förslaget
1192 1407 55 20 om
1272 1397 318 37 dyrortsgradering
1617 1407 40 20 av
1682 1398 85 30 folk-

266 1438 228 36 pensionerna
517 1439 214 29 beräknades
753 1439 142 30 komma
917 1442 47 27 att
985 1439 54 30 för
1062 1440 54 29 det
1138 1439 173 30 allmänna
1333 1440 156 30 medföra
1509 1450 42 20 en
1571 1439 85 37 årlig
1678 1441 89 29 kost-

267 1482 69 28 nad
364 1491 41 19 av
432 1481 96 29 cirka
556 1482 40 28 25
625 1480 160 36 miljoner
813 1482 127 29 kronor
967 1482 109 29 under
1105 1482 41 29 de
1172 1481 107 31 första
1306 1481 90 31 åren.
1448 1483 48 28 Av
1525 1483 91 29 detta
1643 1483 124 35 belopp

267 1523 120 34 skulle,
411 1523 77 30 med
513 1523 218 35 tillämpning
753 1533 41 19 av
819 1524 41 29 de
883 1533 41 20 av
945 1523 184 36 riksdagen
1152 1523 174 31 beslutade
1348 1525 195 35 grunderna
1568 1524 54 30 för
1645 1525 122 30 fördel-

266 1564 125 36 ningen
415 1574 41 20 av
479 1565 232 29 kostnaderna
736 1564 54 30 för
812 1565 328 36 tilläggspensioner,
1165 1565 102 36 något
1290 1568 80 28 över
1393 1567 40 29 20
1456 1566 161 37 miljoner
1641 1567 128 29 kronor

267 1607 88 29 hava
382 1606 86 30 fallit
493 1606 46 36 på
563 1608 211 29 statsverket.
822 1607 78 30 Med
925 1608 40 29 de
992 1607 234 36 sakkunnigas
1253 1608 127 36 förslag
1406 1608 71 31 åter
1502 1609 185 36 begränsas
1714 1609 55 30 det

266 1649 193 29 allmännas
485 1649 186 30 kostnader
697 1649 52 31 för
778 1648 263 36 ifrågavarande
1066 1650 161 30 ändamål
1253 1650 51 30 till
1331 1651 230 36 sammanlagt
1591 1652 37 28 21
1656 1651 111 36 miljo-

266 1699 61 21 ner
344 1691 126 29 kronor
489 1700 59 20 om
568 1691 80 35 året,
668 1701 40 20 av
727 1691 105 30 vilket
850 1691 122 36 belopp
993 1692 121 30 endast
1131 1692 94 30 cirka
1243 1692 132 31 hälften
1395 1693 109 30 skulle
1522 1693 129 30 belasta
1670 1696 96 27 stats-

267 1733 125 29 verket.
445 1732 64 30 Vid
538 1733 122 30 sådant
690 1733 216 31 förhållande
936 1734 69 29 kan
1045 1735 55 29 det
1139 1734 29 35 ej
1212 1744 80 20 vara
1334 1734 136 37 befogat
1511 1738 49 27 att
1597 1739 83 26 utan
1721 1735 46 30 vi-

266 1774 81 30 dare
374 1774 81 30 falla
481 1775 144 29 tillbaka
653 1775 44 35 på
724 1776 66 29 den
818 1775 223 36 ståndpunkt,
1068 1785 74 20 som
1169 1776 181 36 riksdagen
1379 1776 204 37 föregående
1609 1776 37 31 år
1673 1777 94 36 intog

265 1815 11 30 1
301 1825 47 20 nu
374 1816 226 30 förevarande
625 1817 175 30 avseende.
848 1818 55 30 Att
928 1818 290 36 kostnadsfrågan
1242 1820 38 28 är
1304 1829 41 19 av
1372 1822 69 28 stor
1468 1820 71 29 vikt
1564 1820 64 29 och
1653 1823 115 27 tarvar

265 1857 57 30 sitt
345 1858 167 30 särskilda
534 1859 237 35 övervägande
791 1860 38 29 är
849 1860 186 30 emellertid
1056 1860 98 36 givet.

311 1900 73 30 Den
406 1900 130 36 ökning
559 1910 42 20 av
626 1904 125 27 statens
777 1901 194 36 kostnader,
998 1911 74 20 som
1097 1902 282 36 genomförandet
1402 1913 41 20 av
1469 1904 40 29 de
1533 1904 233 35 sakkunnigas

265 1941 128 36 förslag
419 1942 110 30 skulle
556 1942 155 31 medföra
736 1962 44 4 —
804 1945 18 28 5
849 1943 159 36 miljoner
1034 1945 129 29 kronor
1189 1944 52 31 för
1265 1945 199 36 budgetåret
1493 1940 180 41 1936/1937
1701 1946 65 30 och

266 1983 148 31 därefter
436 1984 95 30 cirka
561 1985 38 29 10
624 1984 160 36 miljoner
806 1986 128 29 kronor
958 1996 56 20 om
1041 1986 71 30 året
1135 1986 107 30 under
1266 1990 46 27 ett
1334 1988 93 29 antal
1451 1988 37 29 år
1513 1987 126 31 framåt
1730 1990 36 27 är

263 2025 75 30 icke
361 2035 42 20 av
427 2026 66 29 den
520 2027 295 36 storleksordning
837 2030 58 32 att,
917 2025 42 32 så
985 2037 74 20 som
1086 2028 264 30 förhållandena
1374 2039 47 19 nu
1445 2032 32 27 te
1502 2030 58 35 sig,
1588 2031 176 28 totalkost-

264 2069 113 29 naden
404 2068 53 30 för
484 2078 42 20 en
555 2069 140 30 effektiv
723 2069 225 37 reformering
975 2080 42 20 av
1043 2071 65 29 den
1136 2072 199 29 nuvarande
1361 2072 404 36 pensionsförsäkringen

264 2110 63 30 bör
346 2110 178 30 föranleda
544 2114 45 27 ett
608 2112 304 35 undanskjutande
931 2122 40 20 av
992 2113 65 29 den
1075 2112 200 36 ifrågasatta
1296 2114 307 36 kompletteringen
1622 2125 41 20 av
1684 2116 81 29 1935

265 2151 55 30 års
341 2152 303 36 pensionsreform,
667 2154 114 29 vilken
805 2154 53 30 för
878 2154 88 30 visso
987 2154 10 30 i
1020 2154 95 37 varje
1137 2155 59 30 fall
1217 2157 38 28 är
1273 2155 243 37 ofrånkomlig.
1558 2156 63 37 Jag
1642 2157 124 30 tillåter

265 2194 69 35 mig
360 2194 144 30 hänvisa
532 2195 51 29 till
608 2198 47 27 att
682 2196 317 36 dyrortsgradering
1024 2207 42 19 av
1093 2196 340 37 ålderspensionerna
1460 2199 152 31 infördes
1638 2200 10 29 i
1675 2199 89 30 Dan-

265 2236 100 29 mark
389 2237 105 29 redan
519 2236 37 30 år
584 2238 82 29 1923
691 2238 63 29 och
780 2241 49 27 att
850 2238 228 35 pensionerna
1103 2240 62 29 där
1188 2241 58 29 äro
1271 2242 106 29 större
1401 2242 44 29 än
1469 2240 57 37 jag
1549 2241 10 30 i
1583 2242 90 30 detta
1699 2241 64 29 för-

264 2278 73 35 slag
357 2278 217 35 ifrågasätter
595 2279 53 30 för
670 2279 152 36 Sveriges
844 2281 62 29 del.

309 2319 118 30 Såsom
449 2323 46 29 ett
518 2321 75 29 skäl
616 2331 41 20 av
679 2330 94 21 mera
796 2322 128 30 allmän
946 2322 167 32 innebörd
1137 2326 71 27 mot
1229 2324 41 29 de
1293 2324 234 36 sakkunnigas
1552 2325 127 36 förslag
1702 2326 64 29 har

264 2364 127 27 statens
415 2362 178 36 inspektör
619 2363 53 30 för
698 2363 184 36 fattigvård
907 2365 64 29 och
998 2365 196 30 barnavård
1219 2375 74 21 som
1319 2367 52 30 sin
1395 2367 138 36 mening
1559 2368 131 34 uttalat,
1717 2371 49 27 att

264 2404 42 29 de
329 2404 103 35 högre
456 2404 230 35 pensionerna
711 2406 192 35 säkerligen
928 2407 109 29 skulle
1063 2407 165 35 medföra,
1255 2411 48 27 att
1328 2409 128 29 kraven
1478 2409 46 36 på
1549 2409 214 36 fattigvårds-

263 2446 247 30 understödens
532 2447 125 35 belopp
679 2448 127 30 ökades
829 2448 9 29 i
861 2449 242 30 motsvarande
1125 2449 80 30 mån
1225 2451 64 28 och
1313 2453 48 29 att
1382 2451 253 30 kommunerna
1657 2452 108 29 skulle

264 2487 46 30 bli
332 2490 151 33 tvungna
505 2492 48 26 att
576 2492 76 32 utge
675 2489 183 36 fattigvård
882 2490 83 30 efter
988 2501 41 20 en
1050 2491 165 36 betydligt
1236 2492 104 36 högre
1360 2494 164 29 standard
1547 2494 44 29 än
1614 2494 65 30 den
1701 2494 62 29 hit-
