1890 2826
609 129 259 28 Stalsutskottels
887 128 163 28 utlåtande
1068 128 47 27 Nr
1139 131 49 29 88,
1636 127 16 28 i

194 214 68 32 Den
282 213 333 38 yrkespedagogiska
635 213 295 31 centralanstalten
951 212 72 31 kom
1047 212 53 31 till
1122 213 52 30 för
1193 216 50 27 alt
1262 212 119 37 bringa
1401 212 92 37 hjälp
1515 212 134 31 särskilt

146 257 9 30 i
181 258 97 36 fråga
301 269 50 19 om
376 256 232 37 utbildningen
632 268 41 18 av
697 255 222 36 erforderliga
943 254 222 32 lärarkrafter
1189 258 81 27 samt
1296 254 55 31 vid
1377 254 272 37 fraomskapandet

146 312 41 18 av
208 299 162 37 lämpliga
390 298 375 37 undervigningsmedel.
813 298 7 30 I
845 298 60 30 och
927 298 52 30 för
1000 309 36 19 en
1062 296 263 37 ändamålsenlig
1346 296 245 38 planliggning
1611 308 41 19 av

147 342 183 31 anstaltens
354 340 213 32 verksamhet
593 340 187 31 anordnade
805 338 327 38 Skolöverstyrelsen
1158 339 53 30 1ill
1237 351 37 19 en
1301 339 115 36 början
1454 342 47 27 ett
1539 338 113 31 flertal

147 384 267 31 sammanträden
442 383 71 31 med
542 382 118 38 lärare,
687 382 220 36 yrkesidkare
934 382 59 31 och
1020 382 103 30 andra
1150 393 165 25 personer,
1344 392 67 20 som
1445 380 207 31 förmodades

146 425 113 31 kunna
280 425 141 36 bidraga
443 425 73 30 med
537 432 107 28 någon
667 423 190 31 erfarenhet
879 424 60 30 och
961 423 79 37 giva
1061 423 145 37 uppslag
1227 423 51 30 till
1301 423 61 30 den
1383 423 155 30 blivande
1559 422 93 31 verk-

147 467 186 31 samhetens
357 478 100 25 gagn.
506 465 190 32 Sedermera
721 466 237 30 understöddes
982 465 183 31 anstaltens
1189 465 112 30 arbete
1323 472 108 29 någon
1456 465 48 30 tid
1531 464 119 30 framåt

146 520 117 25 genom
284 508 167 32 särskilda
472 508 223 36 sakkunniga,
716 519 68 20 som
802 507 136 36 jämlikt
958 507 127 36 Kungl.
1105 506 117 37 Maj:ts
1243 506 265 37 bemyndigande
1527 506 125 30 tillkal-

147 550 65 32 lats
235 563 41 19 av
299 549 337 38 Skolöverstyrelsen.
680 549 67 31 Det
766 549 115 31 visade
903 549 52 36 sig
979 548 183 31 emellertid
1187 548 124 36 rådligt
1333 551 51 28 att
1405 548 43 36 gå
1475 548 82 30 fram
1580 547 73 30 med

147 595 69 28 stor
237 592 217 36 försiktighet
474 592 60 31 och
552 595 50 27 att
621 591 72 31 icke
713 594 88 28 sätta
822 591 10 30 i
853 591 90 36 gång
963 594 104 27 större
1085 593 153 34 apparat,
1259 594 40 26 än
1319 601 67 20 som
1407 590 74 30 med
1500 589 153 31 säkerhet

147 634 109 32 kunde
275 633 193 32 behärskas.
509 633 67 31 Till
596 633 85 37 följd
698 633 103 31 härav
818 637 95 33 1ogos
929 632 73 32 icke
1019 633 38 30 de
1075 632 158 31 anvisade
1251 632 126 31 medlen
1395 631 68 31 helt
1479 632 10 30 i
1507 631 146 37 anspråk

147 676 103 32 under
272 677 37 31 de
334 676 107 31 första
464 676 89 33 åren,
577 676 59 30 och
659 675 184 31 sedermera
867 675 61 31 har
950 674 292 37 anslagsbeloppet
1265 673 175 36 minskats,
1466 674 32 30 så
1526 677 50 27 att
1600 673 53 31 det

149 719 53 31 för
230 720 36 30 år
294 719 217 31 1924—1925
541 717 154 38 utgjorde
723 717 116 32 endast
867 718 118 36 50,000
1011 716 121 31 kronor
1159 717 59 31 och
1247 716 159 37 slutligen
1436 718 134 29 stannat
1597 715 56 31 vid

149 762 117 31 60.000
285 760 122 32 kronor
427 760 53 32 för
499 761 37 30 år
558 760 76 31 från
656 760 60 31 och
736 759 72 32 med
829 759 199 38 budgetåret
1051 760 227 30 1925—1926.

192 802 65 32 Det
276 808 37 26 är
330 806 48 28 ett
396 802 214 38 synnerligen
628 801 159 32 intensivt
805 801 123 38 arbete,
949 813 68 20 som
1037 800 161 32 bedrivits
1216 801 11 30 i
1245 800 59 32 och
1322 812 117 25 genom
1460 800 60 31 den
1540 799 113 37 yrkes-

148 845 229 37 pedagogiska
395 844 295 32 centralanstalten
711 844 102 31 under
832 843 105 32 denna
957 843 60 32 tid.
1058 843 52 31 En
1129 842 90 32 blick
1239 843 42 37 på
1301 842 186 31 anstaltens
1507 841 146 32 årsredo-

149 886 145 37 görelser
313 887 67 31 kan
403 887 78 37 giva
504 886 108 37 någon
634 885 236 38 föreställning
891 885 124 38 därom,
1035 897 72 19 men
1129 885 117 31 endast
1266 885 71 36 den,
1359 896 68 19 som
1447 884 89 31 varit
1554 884 11 30 i
1586 883 66 31 till-

149 929 81 32 fälle
251 932 50 29 att
320 934 153 26 närmare
493 928 84 37 följa
596 928 192 37 detsamma,
808 927 93 32 torde
920 927 113 31 kunna
1054 927 80 31 fullt
1157 926 107 32 förstå
1284 926 145 31 arbetets
1449 925 205 37 omfattning

148 972 59 31 och
228 975 63 28 art.
336 971 67 31 Det
423 971 59 31 bör
504 969 149 39 beaktas,
675 973 51 28 att
748 969 100 32 bland
870 970 39 31 de
930 969 121 37 många
1072 968 128 39 kurser,
1224 980 67 20 som
1315 968 127 38 hållits,
1464 968 129 37 knappt
1615 979 38 19 en

148 1013 83 32 enda
250 1013 90 31 varit
362 1013 60 31 den
443 1012 105 32 andra
571 1012 58 32 lik.
662 1012 78 31 Man
760 1012 61 31 har
840 1012 88 31 måst
950 1014 91 28 treva
1066 1011 51 37 sig
1139 1011 87 31 fram
1248 1011 11 30 i
1281 1011 99 37 fråga
1403 1022 51 19 om
1475 1010 179 31 kursernas

148 1055 222 35 anordnande,
389 1055 60 31 och
466 1066 76 20 man
560 1054 61 32 har
639 1057 64 28 sett
721 1054 52 37 sig
793 1053 190 32 föranlåten
1002 1057 50 27 att
1071 1053 80 32 söka
1170 1052 177 38 tillgodose
1365 1064 38 20 en
1423 1052 123 37 mängd
1565 1051 89 32 olika

147 1097 327 37 utbildningsbehov.
519 1097 78 32 Man
620 1097 61 31 har
702 1096 140 32 sålunda
863 1097 106 31 måste
990 1096 102 37 lägga
1114 1095 162 32 kurserna
1298 1095 43 37 på
1364 1094 90 32 olika
1479 1098 67 28 sätt
1569 1096 86 29 samt

148 1140 91 37 välja
266 1140 90 32 olika
384 1139 280 38 ämnesområden,
692 1139 89 31 olika
810 1138 183 32 föreläsare
1020 1139 59 31 och
1106 1137 105 32 andra
1236 1137 239 38 medhjälpare.
1524 1136 130 32 Enbart

148 1182 287 38 planläggningen
455 1194 43 19 av
520 1181 94 32 dessa
633 1181 128 38 kurser,
780 1180 234 38 uppsökandet
1033 1192 42 20 av
1095 1180 163 37 lämpliga
1279 1179 227 38 medhjälpare
1526 1179 59 31 och
1605 1181 50 29 att

149 1225 113 31 avtala
279 1225 73 31 med
370 1225 95 31 dessa
482 1236 51 19 om
550 1224 62 31 hur
629 1223 94 32 deras
739 1223 202 32 medverkan
957 1223 108 31 skulle
1080 1234 82 20 vara
1178 1222 150 31 inriktad
1344 1234 29 20 o.
1391 1233 25 21 s.
1431 1234 32 20 v.
1479 1222 61 31 har
1555 1221 100 31 krävt

148 1267 188 38 betydande
353 1266 200 38 eftertanke,
570 1265 262 39 korrespondens
850 1265 60 31 och
927 1264 190 38 personliga
1134 1264 102 31 besök
1253 1264 73 31 med
1344 1263 30 38 ej
1393 1263 109 32 sällan
1520 1262 134 39 mycket

149 1308 207 32 omfattande
373 1308 293 37 överläggningar.
704 1308 75 31 Allt
798 1307 90 32 detta
906 1307 60 31 har
982 1306 184 32 anstaltens
1185 1306 230 31 föreståndare
1431 1305 76 32 haft
1524 1308 50 28 att
1590 1316 64 20 om-

147 1351 130 37 besörja
305 1351 69 32 dels
400 1351 11 31 i
440 1351 132 31 samråd
598 1351 73 31 med
696 1350 117 31 chefen
841 1350 54 31 för
923 1348 344 38 Skolöverstyrelsens
1295 1347 359 38 yrkesskolavdelning

149 1394 60 30 och
225 1393 245 32 vederbörande
486 1392 320 37 undervisningsråd
823 1391 81 32 eller
921 1394 94 28 extra
1032 1390 253 38 föredragande,
1303 1390 70 32 dels
1391 1390 60 31 och
1468 1390 11 30 i
1497 1390 38 31 de
1553 1389 102 31 flesta

150 1435 64 32 fall
230 1436 43 37 på
291 1446 81 27 egen
388 1435 100 32 hand.
528 1434 175 37 Därjämte
720 1434 61 31 har
797 1434 65 31 han
882 1433 88 38 själv
986 1432 193 32 medverkat
1195 1433 11 31 i
1224 1432 163 32 kurserna
1405 1443 116 26 genom
1540 1434 47 28 ett
1603 1431 52 31 be-

148 1478 147 37 tydande
311 1477 93 32 antal
421 1477 248 37 föreläsningar
685 1476 58 32 och
762 1476 107 32 såsom
888 1475 206 39 pedagogisk
1113 1475 201 31 handledare
1330 1474 58 32 vid
1403 1473 251 38 kursdeltagar-

148 1532 60 20 nas
227 1519 268 32 auskullationer
513 1519 58 32 och
593 1518 315 38 övningslektioner.
951 1518 230 37 Förglömmas
1200 1517 53 31 må
1272 1517 30 37 ej
1320 1516 115 38 heller,
1455 1520 51 28 att
1524 1516 131 31 kurser-

149 1574 59 21 nas
230 1562 211 32 anordnande
460 1561 122 32 kräver
601 1573 38 20 en
661 1561 53 32 hel
734 1561 51 32 del
806 1561 265 31 administrativt
1092 1560 112 31 arbete
1224 1560 107 31 såsom
1352 1558 243 38 uppsättandet
1614 1570 42 19 av

149 1605 149 32 cirkulär
325 1605 60 31 och
412 1616 168 26 program,
608 1603 179 32 kursernas
816 1603 227 38 kungörande,
1072 1602 219 32 besvarandet
1318 1614 42 19 av
1387 1601 267 37 förfrågningar,

149 1647 209 38 granskning
376 1659 42 19 av
436 1646 232 32 inkommande
687 1645 236 38 ansökningar,
942 1644 261 32 underrättelser
1221 1643 54 32 till
1293 1644 83 37 dem,
1397 1655 69 20 som
1485 1643 98 32 blivit
1600 1654 55 20 an-

149 1693 114 33 tagna,
280 1689 209 38 granskning
505 1701 41 19 av
561 1688 299 38 kursdeltagarnas
877 1687 246 32 resekostnads-
1140 1687 60 32 och
1216 1686 296 32 understödslistor
1527 1697 28 21 o.
1573 1696 25 21 s.
1613 1697 42 24 v.,

148 1732 106 32 vilket
273 1731 111 32 arbete
405 1731 198 37 visserligen
622 1731 55 31 till
697 1734 68 28 stor
786 1730 52 32 del
859 1730 129 31 kunnat
1008 1729 132 32 utföras
1161 1741 42 19 av
1224 1728 270 32 föreståndarens
1515 1727 140 32 skrivbi-

149 1774 94 32 träde
263 1786 73 19 men
357 1785 68 20 som
446 1773 84 32 dock
550 1774 86 31 måst
656 1772 209 38 organiseras
887 1776 86 28 samt
994 1772 90 31 ledas
1104 1771 60 32 och
1183 1770 183 33 övervakas
1388 1782 42 20 av
1450 1769 205 33 förestånda-

151 1829 55 19 ren
225 1817 98 37 själv.

194 1858 223 32 Beträffande
438 1857 127 32 antalet
587 1870 41 19 av
648 1856 332 39 yrkespedagogiska
1001 1855 295 33 centralanstalten
1318 1854 190 32 anordnade
1528 1854 128 36 kurser,

150 1901 94 32 deras
267 1905 53 28 art
343 1901 60 31 och
424 1900 128 32 antalet
575 1899 171 38 deltagare
770 1900 55 31 får
846 1896 254 40 Överstyrelsen
1124 1898 140 32 hänvisa
1285 1897 54 32 till
1362 1897 163 37 närlagda
1549 1896 37 32 P.
1611 1896 45 32 M.

150 1943 66 32 Bil.
235 1944 83 31 VII.
360 1943 66 32 För
445 1948 152 27 närmare
614 1942 177 38 belysning
810 1954 41 19 av
868 1942 180 31 kursernas
1067 1940 187 38 anordning
1270 1940 135 37 bifogas
1426 1940 107 31 såsom
1551 1950 105 20 exem-

150 1987 54 36 pel
222 1986 185 32 anstaltens
427 1985 177 32 berättelse
623 1985 53 32 för
693 1985 185 32 arbeisåret
900 1984 215 32 1926-1927
1140 1982 84 39 (Bil.
1244 1981 125 39 VITT).

195 2028 206 32 Molionären
421 2028 178 35 förmenar,
621 2031 51 28 att
692 2039 116 26 genom
829 2027 95 31 dessa
945 2026 117 32 kurser
1082 2026 36 31 så
1138 2026 121 37 många
1280 2025 109 31 lärare
1408 2024 129 32 kunnat
1557 2023 99 32 utbil-

151 2070 69 34 das.
239 2074 50 29 att
306 2070 139 32 behovet
462 2082 44 20 nu
524 2070 99 32 borde
642 2082 81 19 vara
742 2069 55 32 väl
818 2069 93 38 fyllt,
929 2069 103 31 under
1050 2067 245 38 förutsättning
1314 2070 51 29 att
1383 2066 163 32 kurserna
1563 2066 92 38 plan-

150 2113 89 37 lagts
260 2114 43 37 på
321 2116 48 29 ett
388 2112 186 38 förnuftigt
593 2115 78 29 sätt.

196 2156 54 31 Av
270 2155 226 38 nyssnämnda
517 2154 38 33 P.
579 2155 44 32 M.
651 2153 83 39 (Bil.
756 2152 89 40 VII)
872 2154 162 37 framgår,
1058 2156 50 28 att
1131 2151 252 38 sammanlagda
1406 2151 127 32 antalet
1555 2150 101 32 delta-

151 2209 79 26 gare
249 2199 11 31 i
281 2198 37 32 de
338 2197 230 38 pedagogiska
588 2197 173 38 kurserna,
781 2196 94 32 vilka
894 2196 116 32 hållits
1031 2196 10 31 i
1063 2194 201 39 Stockholm,
1284 2194 144 38 uppgått
1449 2193 54 32 till
1522 2194 74 31 251.
1639 2193 18 31 I

150 2240 134 32 kortare
305 2239 230 38 pedagogiska
555 2239 119 32 kurser
693 2239 56 32 vid
769 2239 91 31 olika
883 2238 111 32 skolor
1013 2238 43 38 på
1077 2238 104 31 andra
1203 2240 88 28 orter
1312 2237 87 31 hava
1420 2236 142 37 deltagit
1583 2236 74 31 260.

151 2282 178 32 Dessutom
350 2282 86 32 hava
458 2282 142 37 deltagit
618 2282 11 31 i
649 2281 361 38 fortbildningskurser
1031 2281 53 31 för
1102 2280 109 31 lärare
1231 2280 10 30 i
1260 2278 253 33 handelsskolor
1531 2279 52 35 93,
1605 2278 53 31 för

152 2325 350 32 skolkökslärarinnor
522 2326 51 36 54,
593 2324 53 32 för
663 2324 256 32 vävlärarinnor
937 2325 51 35 30,
1009 2323 53 32 för
1080 2321 344 33 sömnadslärarinnor
1444 2322 62 31 110
1526 2320 59 32 och
1605 2320 53 32 för

152 2367 108 32 lärare
277 2368 57 32 vid
353 2367 111 33 skolor
482 2368 53 31 för
552 2367 163 32 hantverk
732 2367 59 31 och
807 2366 146 32 industri
972 2367 51 31 76.
1062 2365 103 32 Detta
1183 2369 60 32 gör
1258 2364 118 31 inalles
1395 2364 63 31 874
1476 2363 180 37 deltagare,

151 2409 141 33 bortsett
315 2410 76 31 från
416 2409 83 40 dem,
521 2421 69 20 som
612 2409 142 38 deltagit
777 2409 11 31 i
812 2409 38 31 de
875 2408 223 38 nytillkomna
1120 2407 161 31 kurserna
1304 2406 54 32 för
1379 2406 109 31 lärare
1510 2405 56 33 vid
1587 2404 69 32 tek-

152 2452 97 33 niska
270 2452 154 32 läroverk
444 2464 43 20 m.
508 2452 38 32 fl.
590 2451 139 33 Antalet
748 2451 109 32 lärare
876 2451 57 32 vid
955 2451 38 32 de
1012 2449 212 32 kommunala
1245 2448 207 32 anstalterna
1472 2448 53 31 för
1544 2447 113 38 yrkes-

1719 2038 104 24 Antalet

1680 2073 189 28 kursdeltagare

1686 2107 46 24 och
1751 2106 107 24 behovet

1670 2148 32 16 av
1719 2140 148 30 ytterligare

1723 2176 94 21 kurser,
