<?xml version="1.0" encoding="UTF-8"?>
<alto xmlns="http://www.loc.gov/standards/alto/ns-v3#" xmlns:xlink="http://www.w3.org/1999/xlink" xmlns:xsi="http://www.w3.org/2001/XMLSchema-instance" xsi:schemaLocation="http://www.loc.gov/standards/alto/ns-v3# http://www.loc.gov/alto/v3/alto-3-0.xsd">
	<Description>
		<MeasurementUnit>pixel</MeasurementUnit>
		<sourceImageInformation>
			<fileName>/tmp/tess_21s_s2ib_input.PNG</fileName>
		</sourceImageInformation>
		<OCRProcessing ID="OCR_0">
			<ocrProcessingStep>
				<processingSoftware>
					<softwareName>tesseract 5.3.0</softwareName>
				</processingSoftware>
			</ocrProcessingStep>
		</OCRProcessing>
	</Description>
	<Layout>
		<Page WIDTH="2244" HEIGHT="2638" PHYSICAL_IMG_NR="0" ID="page_0">
			<PrintSpace HPOS="0" VPOS="0" WIDTH="2244" HEIGHT="2638">
				<ComposedBlock ID="cblock_0" HPOS="508" VPOS="195" WIDTH="1287" HEIGHT="41">
					<TextBlock ID="block_0" HPOS="508" VPOS="195" WIDTH="1287" HEIGHT="41">
						<TextLine ID="line_0" HPOS="508" VPOS="195" WIDTH="1287" HEIGHT="41">
							<String ID="string_0" HPOS="508" VPOS="204" WIDTH="232" HEIGHT="32" WC="0.90" CONTENT="Sammansatta"/><SP WIDTH="24" VPOS="204" HPOS="740"/>
							<String ID="string_1" HPOS="764" VPOS="203" WIDTH="94" HEIGHT="32" WC="0.73" CONTENT="Stats-"/><SP WIDTH="22" VPOS="203" HPOS="858"/>
							<String ID="string_2" HPOS="880" VPOS="202" WIDTH="54" HEIGHT="32" WC="0.93" CONTENT="och"/><SP WIDTH="23" VPOS="202" HPOS="934"/>
							<String ID="string_3" HPOS="957" VPOS="200" WIDTH="265" HEIGHT="33" WC="0.92" CONTENT="Bankoutskottets"/><SP WIDTH="29" VPOS="200" HPOS="1222"/>
							<String ID="string_4" HPOS="1251" VPOS="198" WIDTH="165" HEIGHT="33" WC="0.96" CONTENT="Utlåtande"/><SP WIDTH="24" VPOS="198" HPOS="1416"/>
							<String ID="string_5" HPOS="1440" VPOS="198" WIDTH="65" HEIGHT="32" WC="0.96" CONTENT="N:o"/><SP WIDTH="23" VPOS="198" HPOS="1505"/>
							<String ID="string_6" HPOS="1528" VPOS="200" WIDTH="31" HEIGHT="30" WC="0.96" CONTENT="5."/><SP WIDTH="216" VPOS="200" HPOS="1559"/>
							<String ID="string_7" HPOS="1775" VPOS="195" WIDTH="20" HEIGHT="32" WC="0.96" CONTENT="9"/>
						</TextLine>
					</TextBlock>
				</ComposedBlock>
				<ComposedBlock ID="cblock_1" HPOS="230" VPOS="273" WIDTH="1623" HEIGHT="2073">
					<TextBlock ID="block_1" HPOS="230" VPOS="273" WIDTH="1607" HEIGHT="158">
						<TextLine ID="line_1" HPOS="230" VPOS="273" WIDTH="1605" HEIGHT="57">
							<String ID="string_8" HPOS="230" VPOS="283" WIDTH="88" HEIGHT="37" WC="0.95" CONTENT="med"/><SP WIDTH="41" VPOS="283" HPOS="318"/>
							<String ID="string_9" HPOS="359" VPOS="285" WIDTH="46" HEIGHT="34" WC="0.88" CONTENT="25"/><SP WIDTH="29" VPOS="285" HPOS="405"/>
							<String ID="string_10" HPOS="434" VPOS="282" WIDTH="56" HEIGHT="37" WC="0.92" CONTENT="fot"/><SP WIDTH="27" VPOS="282" HPOS="490"/>
							<String ID="string_11" HPOS="517" VPOS="282" WIDTH="236" HEIGHT="48" WC="0.91" CONTENT="öfverstiger"/><SP WIDTH="27" VPOS="282" HPOS="753"/>
							<String ID="string_12" HPOS="780" VPOS="281" WIDTH="46" HEIGHT="36" WC="0.96" CONTENT="de"/><SP WIDTH="28" VPOS="281" HPOS="826"/>
							<String ID="string_13" HPOS="854" VPOS="281" WIDTH="141" HEIGHT="47" WC="0.96" CONTENT="högsta"/><SP WIDTH="29" VPOS="281" HPOS="995"/>
							<String ID="string_14" HPOS="1024" VPOS="278" WIDTH="176" HEIGHT="38" WC="0.96" CONTENT="enskilda"/><SP WIDTH="27" VPOS="278" HPOS="1200"/>
							<String ID="string_15" HPOS="1227" VPOS="278" WIDTH="71" HEIGHT="36" WC="0.95" CONTENT="hus"/><SP WIDTH="27" VPOS="278" HPOS="1298"/>
							<String ID="string_16" HPOS="1325" VPOS="277" WIDTH="11" HEIGHT="36" WC="0.96" CONTENT="i"/><SP WIDTH="30" VPOS="277" HPOS="1336"/>
							<String ID="string_17" HPOS="1366" VPOS="277" WIDTH="135" HEIGHT="36" WC="0.96" CONTENT="staden"/><SP WIDTH="31" VPOS="277" HPOS="1501"/>
							<String ID="string_18" HPOS="1532" VPOS="273" WIDTH="129" HEIGHT="49" WC="0.96" CONTENT="(dessa"/><SP WIDTH="28" VPOS="273" HPOS="1661"/>
							<String ID="string_19" HPOS="1689" VPOS="274" WIDTH="37" HEIGHT="37" WC="0.96" CONTENT="få"/><SP WIDTH="22" VPOS="274" HPOS="1726"/>
							<String ID="string_20" HPOS="1748" VPOS="274" WIDTH="87" HEIGHT="37" WC="0.96" CONTENT="icke"/>
						</TextLine>
						<TextLine ID="line_2" HPOS="230" VPOS="325" WIDTH="1607" HEIGHT="56">
							<String ID="string_21" HPOS="230" VPOS="333" WIDTH="211" HEIGHT="48" WC="0.92" CONTENT="öfverstiga"/><SP WIDTH="41" VPOS="333" HPOS="441"/>
							<String ID="string_22" HPOS="482" VPOS="335" WIDTH="45" HEIGHT="35" WC="0.96" CONTENT="68"/><SP WIDTH="42" VPOS="335" HPOS="527"/>
							<String ID="string_23" HPOS="569" VPOS="333" WIDTH="67" HEIGHT="47" WC="0.96" CONTENT="fot,"/><SP WIDTH="41" VPOS="333" HPOS="636"/>
							<String ID="string_24" HPOS="677" VPOS="346" WIDTH="89" HEIGHT="23" WC="0.91" CONTENT="men"/><SP WIDTH="40" VPOS="346" HPOS="766"/>
							<String ID="string_25" HPOS="806" VPOS="331" WIDTH="316" HEIGHT="48" WC="0.91" CONTENT="riksdagshusets"/><SP WIDTH="40" VPOS="331" HPOS="1122"/>
							<String ID="string_26" HPOS="1162" VPOS="329" WIDTH="66" HEIGHT="36" WC="0.95" CONTENT="tak"/><SP WIDTH="41" VPOS="329" HPOS="1228"/>
							<String ID="string_27" HPOS="1269" VPOS="328" WIDTH="97" HEIGHT="36" WC="0.93" CONTENT="skall"/><SP WIDTH="40" VPOS="328" HPOS="1366"/>
							<String ID="string_28" HPOS="1406" VPOS="327" WIDTH="185" HEIGHT="50" WC="0.92" CONTENT="uppstiga"/><SP WIDTH="29" VPOS="327" HPOS="1591"/>
							<String ID="string_29" HPOS="1620" VPOS="326" WIDTH="56" HEIGHT="36" WC="0.95" CONTENT="till"/><SP WIDTH="30" VPOS="326" HPOS="1676"/>
							<String ID="string_30" HPOS="1706" VPOS="328" WIDTH="46" HEIGHT="34" WC="0.95" CONTENT="93"/><SP WIDTH="29" VPOS="328" HPOS="1752"/>
							<String ID="string_31" HPOS="1781" VPOS="325" WIDTH="56" HEIGHT="36" WC="0.96" CONTENT="fot"/>
						</TextLine>
						<TextLine ID="line_3" HPOS="231" VPOS="374" WIDTH="1605" HEIGHT="57">
							<String ID="string_32" HPOS="231" VPOS="384" WIDTH="108" HEIGHT="37" WC="0.96" CONTENT="öfver"/><SP WIDTH="27" VPOS="384" HPOS="339"/>
							<String ID="string_33" HPOS="366" VPOS="374" WIDTH="173" HEIGHT="57" WC="0.96" CONTENT="marken)"/><SP WIDTH="29" VPOS="374" HPOS="539"/>
							<String ID="string_34" HPOS="568" VPOS="383" WIDTH="72" HEIGHT="37" WC="0.96" CONTENT="och"/><SP WIDTH="28" VPOS="383" HPOS="640"/>
							<String ID="string_35" HPOS="668" VPOS="383" WIDTH="58" HEIGHT="36" WC="0.96" CONTENT="till"/><SP WIDTH="27" VPOS="383" HPOS="726"/>
							<String ID="string_36" HPOS="753" VPOS="396" WIDTH="48" HEIGHT="23" WC="0.96" CONTENT="en"/><SP WIDTH="26" VPOS="396" HPOS="801"/>
							<String ID="string_37" HPOS="827" VPOS="381" WIDTH="178" HEIGHT="50" WC="0.96" CONTENT="betydlig"/><SP WIDTH="27" VPOS="381" HPOS="1005"/>
							<String ID="string_38" HPOS="1032" VPOS="380" WIDTH="62" HEIGHT="37" WC="0.96" CONTENT="del"/><SP WIDTH="28" VPOS="380" HPOS="1094"/>
							<String ID="string_39" HPOS="1122" VPOS="383" WIDTH="121" HEIGHT="33" WC="0.96" CONTENT="måste"/><SP WIDTH="17" VPOS="383" HPOS="1243"/>
							<String ID="string_40" HPOS="1260" VPOS="379" WIDTH="94" HEIGHT="36" WC="0.96" CONTENT="söka"/><SP WIDTH="20" VPOS="379" HPOS="1354"/>
							<String ID="string_41" HPOS="1374" VPOS="378" WIDTH="60" HEIGHT="47" WC="0.96" CONTENT="sig"/><SP WIDTH="19" VPOS="378" HPOS="1434"/>
							<String ID="string_42" HPOS="1453" VPOS="377" WIDTH="100" HEIGHT="50" WC="0.96" CONTENT="plats"/><SP WIDTH="26" VPOS="377" HPOS="1553"/>
							<String ID="string_43" HPOS="1579" VPOS="377" WIDTH="6" HEIGHT="36" WC="0.96" CONTENT="i"/><SP WIDTH="18" VPOS="377" HPOS="1585"/>
							<String ID="string_44" HPOS="1603" VPOS="377" WIDTH="233" HEIGHT="36" WC="0.96" CONTENT="Norrström."/>
						</TextLine>
					</TextBlock>
					<TextBlock ID="block_2" HPOS="231" VPOS="427" WIDTH="1610" HEIGHT="510">
						<TextLine ID="line_4" HPOS="364" VPOS="427" WIDTH="1474" HEIGHT="52">
							<String ID="string_45" HPOS="364" VPOS="435" WIDTH="57" HEIGHT="36" WC="0.96" CONTENT="Då"/><SP WIDTH="28" VPOS="435" HPOS="421"/>
							<String ID="string_46" HPOS="449" VPOS="448" WIDTH="88" HEIGHT="23" WC="0.96" CONTENT="man"/><SP WIDTH="27" VPOS="448" HPOS="537"/>
							<String ID="string_47" HPOS="564" VPOS="434" WIDTH="97" HEIGHT="37" WC="0.96" CONTENT="först"/><SP WIDTH="27" VPOS="434" HPOS="661"/>
							<String ID="string_48" HPOS="688" VPOS="434" WIDTH="120" HEIGHT="36" WC="0.96" CONTENT="hörde"/><SP WIDTH="27" VPOS="434" HPOS="808"/>
							<String ID="string_49" HPOS="835" VPOS="433" WIDTH="98" HEIGHT="36" WC="0.96" CONTENT="talas"/><SP WIDTH="29" VPOS="433" HPOS="933"/>
							<String ID="string_50" HPOS="962" VPOS="445" WIDTH="60" HEIGHT="23" WC="0.96" CONTENT="om"/><SP WIDTH="30" VPOS="445" HPOS="1022"/>
							<String ID="string_51" HPOS="1052" VPOS="431" WIDTH="75" HEIGHT="36" WC="0.96" CONTENT="den"/><SP WIDTH="28" VPOS="431" HPOS="1127"/>
							<String ID="string_52" HPOS="1155" VPOS="429" WIDTH="271" HEIGHT="50" WC="0.96" CONTENT="egendomliga"/><SP WIDTH="27" VPOS="429" HPOS="1426"/>
							<String ID="string_53" HPOS="1453" VPOS="428" WIDTH="141" HEIGHT="50" WC="0.95" CONTENT="planen"/><SP WIDTH="21" VPOS="428" HPOS="1594"/>
							<String ID="string_54" HPOS="1615" VPOS="432" WIDTH="52" HEIGHT="32" WC="0.96" CONTENT="att"/><SP WIDTH="21" VPOS="432" HPOS="1667"/>
							<String ID="string_55" HPOS="1688" VPOS="430" WIDTH="50" HEIGHT="46" WC="0.93" CONTENT="på"/><SP WIDTH="19" VPOS="430" HPOS="1738"/>
							<String ID="string_56" HPOS="1757" VPOS="427" WIDTH="81" HEIGHT="36" WC="0.92" CONTENT="hol-"/>
						</TextLine>
						<TextLine ID="line_5" HPOS="231" VPOS="478" WIDTH="1606" HEIGHT="55">
							<String ID="string_57" HPOS="231" VPOS="498" WIDTH="89" HEIGHT="24" WC="0.95" CONTENT="men"/><SP WIDTH="39" VPOS="498" HPOS="320"/>
							<String ID="string_58" HPOS="359" VPOS="485" WIDTH="177" HEIGHT="48" WC="0.95" CONTENT="förlägga"/><SP WIDTH="39" VPOS="485" HPOS="536"/>
							<String ID="string_59" HPOS="575" VPOS="484" WIDTH="307" HEIGHT="48" WC="0.96" CONTENT="riksdagshuset,"/><SP WIDTH="40" VPOS="484" HPOS="882"/>
							<String ID="string_60" HPOS="922" VPOS="483" WIDTH="59" HEIGHT="36" WC="0.96" CONTENT="för"/><SP WIDTH="27" VPOS="483" HPOS="981"/>
							<String ID="string_61" HPOS="1008" VPOS="482" WIDTH="149" HEIGHT="36" WC="0.96" CONTENT="hvilket"/><SP WIDTH="26" VPOS="482" HPOS="1157"/>
							<String ID="string_62" HPOS="1183" VPOS="481" WIDTH="101" HEIGHT="49" WC="0.93" CONTENT="plats"/><SP WIDTH="27" VPOS="481" HPOS="1284"/>
							<String ID="string_63" HPOS="1311" VPOS="479" WIDTH="202" HEIGHT="48" WC="0.91" CONTENT="lätteligen"/><SP WIDTH="28" VPOS="479" HPOS="1513"/>
							<String ID="string_64" HPOS="1541" VPOS="479" WIDTH="146" HEIGHT="36" WC="0.96" CONTENT="kunnat"/><SP WIDTH="27" VPOS="479" HPOS="1687"/>
							<String ID="string_65" HPOS="1714" VPOS="478" WIDTH="123" HEIGHT="36" WC="0.96" CONTENT="finnas"/>
						</TextLine>
						<TextLine ID="line_6" HPOS="231" VPOS="528" WIDTH="1606" HEIGHT="58">
							<String ID="string_66" HPOS="231" VPOS="540" WIDTH="50" HEIGHT="46" WC="0.96" CONTENT="på"/><SP WIDTH="27" VPOS="540" HPOS="281"/>
							<String ID="string_67" HPOS="308" VPOS="536" WIDTH="264" HEIGHT="48" WC="0.96" CONTENT="mångfaldiga"/><SP WIDTH="27" VPOS="536" HPOS="572"/>
							<String ID="string_68" HPOS="599" VPOS="535" WIDTH="119" HEIGHT="37" WC="0.96" CONTENT="andra"/><SP WIDTH="28" VPOS="535" HPOS="718"/>
							<String ID="string_69" HPOS="746" VPOS="534" WIDTH="136" HEIGHT="37" WC="0.96" CONTENT="ställen"/><SP WIDTH="27" VPOS="534" HPOS="882"/>
							<String ID="string_70" HPOS="909" VPOS="534" WIDTH="12" HEIGHT="35" WC="0.96" CONTENT="i"/><SP WIDTH="29" VPOS="534" HPOS="921"/>
							<String ID="string_71" HPOS="950" VPOS="533" WIDTH="149" HEIGHT="46" WC="0.96" CONTENT="staden,"/><SP WIDTH="28" VPOS="533" HPOS="1099"/>
							<String ID="string_72" HPOS="1127" VPOS="537" WIDTH="70" HEIGHT="43" WC="0.96" CONTENT="tog"/><SP WIDTH="27" VPOS="537" HPOS="1197"/>
							<String ID="string_73" HPOS="1224" VPOS="544" WIDTH="87" HEIGHT="23" WC="0.96" CONTENT="man"/><SP WIDTH="28" VPOS="544" HPOS="1311"/>
							<String ID="string_74" HPOS="1339" VPOS="531" WIDTH="59" HEIGHT="36" WC="0.93" CONTENT="för"/><SP WIDTH="18" VPOS="531" HPOS="1398"/>
							<String ID="string_75" HPOS="1416" VPOS="530" WIDTH="136" HEIGHT="48" WC="0.93" CONTENT="gifvet,"/><SP WIDTH="21" VPOS="530" HPOS="1552"/>
							<String ID="string_76" HPOS="1573" VPOS="534" WIDTH="55" HEIGHT="31" WC="0.96" CONTENT="att"/><SP WIDTH="18" VPOS="534" HPOS="1628"/>
							<String ID="string_77" HPOS="1646" VPOS="529" WIDTH="105" HEIGHT="36" WC="0.96" CONTENT="detta"/><SP WIDTH="15" VPOS="529" HPOS="1751"/>
							<String ID="string_78" HPOS="1766" VPOS="528" WIDTH="71" HEIGHT="36" WC="0.96" CONTENT="hus"/>
						</TextLine>
						<TextLine ID="line_7" HPOS="232" VPOS="579" WIDTH="1605" HEIGHT="55">
							<String ID="string_79" HPOS="232" VPOS="586" WIDTH="124" HEIGHT="37" WC="0.96" CONTENT="skulle"/><SP WIDTH="41" VPOS="586" HPOS="356"/>
							<String ID="string_80" HPOS="397" VPOS="586" WIDTH="122" HEIGHT="37" WC="0.96" CONTENT="blifva"/><SP WIDTH="39" VPOS="586" HPOS="519"/>
							<String ID="string_81" HPOS="558" VPOS="586" WIDTH="81" HEIGHT="48" WC="0.96" CONTENT="lågt"/><SP WIDTH="39" VPOS="586" HPOS="639"/>
							<String ID="string_82" HPOS="678" VPOS="585" WIDTH="72" HEIGHT="37" WC="0.96" CONTENT="och"/><SP WIDTH="39" VPOS="585" HPOS="750"/>
							<String ID="string_83" HPOS="789" VPOS="585" WIDTH="127" HEIGHT="36" WC="0.96" CONTENT="lemna"/><SP WIDTH="36" VPOS="585" HPOS="916"/>
							<String ID="string_84" HPOS="952" VPOS="583" WIDTH="97" HEIGHT="49" WC="0.96" CONTENT="godt"/><SP WIDTH="39" VPOS="583" HPOS="1049"/>
							<String ID="string_85" HPOS="1088" VPOS="596" WIDTH="82" HEIGHT="23" WC="0.96" CONTENT="rum"/><SP WIDTH="39" VPOS="596" HPOS="1170"/>
							<String ID="string_86" HPOS="1209" VPOS="581" WIDTH="59" HEIGHT="37" WC="0.96" CONTENT="för"/><SP WIDTH="39" VPOS="581" HPOS="1268"/>
							<String ID="string_87" HPOS="1307" VPOS="580" WIDTH="264" HEIGHT="50" WC="0.95" CONTENT="planteringar"/><SP WIDTH="37" VPOS="580" HPOS="1571"/>
							<String ID="string_88" HPOS="1608" VPOS="579" WIDTH="72" HEIGHT="37" WC="0.96" CONTENT="och"/><SP WIDTH="32" VPOS="579" HPOS="1680"/>
							<String ID="string_89" HPOS="1712" VPOS="584" WIDTH="125" HEIGHT="43" WC="0.96" CONTENT="grönt."/>
						</TextLine>
						<TextLine ID="line_8" HPOS="232" VPOS="629" WIDTH="1608" HEIGHT="55">
							<String ID="string_90" HPOS="232" VPOS="638" WIDTH="146" HEIGHT="36" WC="0.96" CONTENT="Planen"/><SP WIDTH="40" VPOS="638" HPOS="378"/>
							<String ID="string_91" HPOS="418" VPOS="637" WIDTH="85" HEIGHT="37" WC="0.96" CONTENT="blef"/><SP WIDTH="26" VPOS="637" HPOS="503"/>
							<String ID="string_92" HPOS="529" VPOS="637" WIDTH="12" HEIGHT="36" WC="0.96" CONTENT="i"/><SP WIDTH="29" VPOS="637" HPOS="541"/>
							<String ID="string_93" HPOS="570" VPOS="636" WIDTH="141" HEIGHT="48" WC="0.95" CONTENT="stället,"/><SP WIDTH="29" VPOS="636" HPOS="711"/>
							<String ID="string_94" HPOS="740" VPOS="640" WIDTH="54" HEIGHT="33" WC="0.96" CONTENT="att"/><SP WIDTH="28" VPOS="640" HPOS="794"/>
							<String ID="string_95" HPOS="822" VPOS="635" WIDTH="64" HEIGHT="36" WC="0.96" CONTENT="det"/><SP WIDTH="28" VPOS="635" HPOS="886"/>
							<String ID="string_96" HPOS="914" VPOS="634" WIDTH="124" HEIGHT="37" WC="0.96" CONTENT="skulle"/><SP WIDTH="29" VPOS="634" HPOS="1038"/>
							<String ID="string_97" HPOS="1067" VPOS="633" WIDTH="118" HEIGHT="37" WC="0.95" CONTENT="blifva"/><SP WIDTH="28" VPOS="633" HPOS="1185"/>
							<String ID="string_98" HPOS="1213" VPOS="635" WIDTH="42" HEIGHT="33" WC="0.96" CONTENT="så"/><SP WIDTH="28" VPOS="635" HPOS="1255"/>
							<String ID="string_99" HPOS="1283" VPOS="637" WIDTH="97" HEIGHT="31" WC="0.96" CONTENT="stort"/><SP WIDTH="29" VPOS="637" HPOS="1380"/>
							<String ID="string_100" HPOS="1409" VPOS="631" WIDTH="72" HEIGHT="37" WC="0.96" CONTENT="och"/><SP WIDTH="29" VPOS="631" HPOS="1481"/>
							<String ID="string_101" HPOS="1510" VPOS="631" WIDTH="97" HEIGHT="47" WC="0.96" CONTENT="högt"/><SP WIDTH="27" VPOS="631" HPOS="1607"/>
							<String ID="string_102" HPOS="1634" VPOS="643" WIDTH="80" HEIGHT="23" WC="0.93" CONTENT="som"/><SP WIDTH="31" VPOS="643" HPOS="1714"/>
							<String ID="string_103" HPOS="1745" VPOS="629" WIDTH="95" HEIGHT="49" WC="0.90" CONTENT="möj-"/>
						</TextLine>
						<TextLine ID="line_9" HPOS="232" VPOS="679" WIDTH="1608" HEIGHT="57">
							<String ID="string_104" HPOS="232" VPOS="688" WIDTH="87" HEIGHT="48" WC="0.96" CONTENT="ligt;"/><SP WIDTH="30" VPOS="688" HPOS="319"/>
							<String ID="string_105" HPOS="349" VPOS="688" WIDTH="72" HEIGHT="36" WC="0.96" CONTENT="och"/><SP WIDTH="28" VPOS="688" HPOS="421"/>
							<String ID="string_106" HPOS="449" VPOS="701" WIDTH="89" HEIGHT="23" WC="0.96" CONTENT="man"/><SP WIDTH="27" VPOS="701" HPOS="538"/>
							<String ID="string_107" HPOS="565" VPOS="687" WIDTH="54" HEIGHT="37" WC="0.96" CONTENT="lät"/><SP WIDTH="26" VPOS="687" HPOS="619"/>
							<String ID="string_108" HPOS="645" VPOS="687" WIDTH="86" HEIGHT="37" WC="0.96" CONTENT="icke"/><SP WIDTH="29" VPOS="687" HPOS="731"/>
							<String ID="string_109" HPOS="760" VPOS="699" WIDTH="68" HEIGHT="24" WC="0.93" CONTENT="ens"/><SP WIDTH="28" VPOS="699" HPOS="828"/>
							<String ID="string_110" HPOS="856" VPOS="685" WIDTH="204" HEIGHT="37" WC="0.92" CONTENT="afskräcka"/><SP WIDTH="29" VPOS="685" HPOS="1060"/>
							<String ID="string_111" HPOS="1089" VPOS="684" WIDTH="60" HEIGHT="48" WC="0.96" CONTENT="sig"/><SP WIDTH="28" VPOS="684" HPOS="1149"/>
							<String ID="string_112" HPOS="1177" VPOS="683" WIDTH="42" HEIGHT="37" WC="0.93" CONTENT="af"/><SP WIDTH="24" VPOS="683" HPOS="1219"/>
							<String ID="string_113" HPOS="1243" VPOS="682" WIDTH="177" HEIGHT="37" WC="0.91" CONTENT="holmens"/><SP WIDTH="28" VPOS="682" HPOS="1420"/>
							<String ID="string_114" HPOS="1448" VPOS="682" WIDTH="112" HEIGHT="47" WC="0.96" CONTENT="ringa"/><SP WIDTH="19" VPOS="682" HPOS="1560"/>
							<String ID="string_115" HPOS="1579" VPOS="680" WIDTH="101" HEIGHT="37" WC="0.94" CONTENT="vidd."/><SP WIDTH="47" VPOS="680" HPOS="1680"/>
							<String ID="string_116" HPOS="1727" VPOS="679" WIDTH="113" HEIGHT="37" WC="0.93" CONTENT="Hvad"/>
						</TextLine>
						<TextLine ID="line_10" HPOS="233" VPOS="731" WIDTH="1608" HEIGHT="55">
							<String ID="string_117" HPOS="233" VPOS="752" WIDTH="82" HEIGHT="23" WC="0.96" CONTENT="som"/><SP WIDTH="32" VPOS="752" HPOS="315"/>
							<String ID="string_118" HPOS="347" VPOS="739" WIDTH="86" HEIGHT="36" WC="0.96" CONTENT="icke"/><SP WIDTH="32" VPOS="739" HPOS="433"/>
							<String ID="string_119" HPOS="465" VPOS="738" WIDTH="128" HEIGHT="36" WC="0.96" CONTENT="kunde"/><SP WIDTH="29" VPOS="738" HPOS="593"/>
							<String ID="string_120" HPOS="622" VPOS="750" WIDTH="166" HEIGHT="36" WC="0.96" CONTENT="rymmas"/><SP WIDTH="27" VPOS="750" HPOS="788"/>
							<String ID="string_121" HPOS="815" VPOS="739" WIDTH="50" HEIGHT="47" WC="0.95" CONTENT="på"/><SP WIDTH="27" VPOS="739" HPOS="865"/>
							<String ID="string_122" HPOS="892" VPOS="736" WIDTH="103" HEIGHT="47" WC="0.96" CONTENT="land,"/><SP WIDTH="28" VPOS="736" HPOS="995"/>
							<String ID="string_123" HPOS="1023" VPOS="734" WIDTH="128" HEIGHT="37" WC="0.96" CONTENT="kunde"/><SP WIDTH="23" VPOS="734" HPOS="1151"/>
							<String ID="string_124" HPOS="1174" VPOS="734" WIDTH="44" HEIGHT="48" WC="0.96" CONTENT="ju"/><SP WIDTH="28" VPOS="734" HPOS="1218"/>
							<String ID="string_125" HPOS="1246" VPOS="733" WIDTH="137" HEIGHT="48" WC="0.96" CONTENT="läggas"/><SP WIDTH="28" VPOS="733" HPOS="1383"/>
							<String ID="string_126" HPOS="1411" VPOS="733" WIDTH="12" HEIGHT="36" WC="0.96" CONTENT="i"/><SP WIDTH="29" VPOS="733" HPOS="1423"/>
							<String ID="string_127" HPOS="1452" VPOS="737" WIDTH="220" HEIGHT="32" WC="0.95" CONTENT="strömmen."/><SP WIDTH="54" VPOS="737" HPOS="1672"/>
							<String ID="string_128" HPOS="1726" VPOS="731" WIDTH="115" HEIGHT="36" WC="0.96" CONTENT="Detta"/>
						</TextLine>
						<TextLine ID="line_11" HPOS="234" VPOS="782" WIDTH="1605" HEIGHT="52">
							<String ID="string_129" HPOS="234" VPOS="789" WIDTH="96" HEIGHT="37" WC="0.95" CONTENT="skall"/><SP WIDTH="27" VPOS="789" HPOS="330"/>
							<String ID="string_130" HPOS="357" VPOS="802" WIDTH="50" HEIGHT="23" WC="0.96" CONTENT="nu"/><SP WIDTH="28" VPOS="802" HPOS="407"/>
							<String ID="string_131" HPOS="435" VPOS="789" WIDTH="120" HEIGHT="37" WC="0.96" CONTENT="blifva"/><SP WIDTH="27" VPOS="789" HPOS="555"/>
							<String ID="string_132" HPOS="582" VPOS="788" WIDTH="254" HEIGHT="37" WC="0.94" CONTENT="riksbankens"/><SP WIDTH="28" VPOS="788" HPOS="836"/>
							<String ID="string_133" HPOS="864" VPOS="787" WIDTH="84" HEIGHT="47" WC="0.96" CONTENT="lott,"/><SP WIDTH="29" VPOS="787" HPOS="948"/>
							<String ID="string_134" HPOS="977" VPOS="786" WIDTH="42" HEIGHT="37" WC="0.96" CONTENT="af"/><SP WIDTH="22" VPOS="786" HPOS="1019"/>
							<String ID="string_135" HPOS="1041" VPOS="785" WIDTH="157" HEIGHT="37" WC="0.96" CONTENT="hvilken"/><SP WIDTH="28" VPOS="785" HPOS="1198"/>
							<String ID="string_136" HPOS="1226" VPOS="784" WIDTH="102" HEIGHT="36" WC="0.96" CONTENT="bank"/><SP WIDTH="27" VPOS="784" HPOS="1328"/>
							<String ID="string_137" HPOS="1355" VPOS="785" WIDTH="48" HEIGHT="34" WC="0.93" CONTENT="46"/><SP WIDTH="29" VPOS="785" HPOS="1403"/>
							<String ID="string_138" HPOS="1432" VPOS="787" WIDTH="288" HEIGHT="45" WC="0.91" CONTENT="procentsägas"/><SP WIDTH="14" VPOS="787" HPOS="1720"/>
							<String ID="string_139" HPOS="1734" VPOS="782" WIDTH="105" HEIGHT="36" WC="0.92" CONTENT="kom-"/>
						</TextLine>
						<TextLine ID="line_12" HPOS="233" VPOS="833" WIDTH="1608" HEIGHT="55">
							<String ID="string_140" HPOS="233" VPOS="853" WIDTH="63" HEIGHT="23" WC="0.95" CONTENT="ma"/><SP WIDTH="39" VPOS="853" HPOS="296"/>
							<String ID="string_141" HPOS="335" VPOS="845" WIDTH="54" HEIGHT="32" WC="0.96" CONTENT="att"/><SP WIDTH="37" VPOS="845" HPOS="389"/>
							<String ID="string_142" HPOS="426" VPOS="840" WIDTH="107" HEIGHT="48" WC="0.95" CONTENT="ligga"/><SP WIDTH="39" VPOS="840" HPOS="533"/>
							<String ID="string_143" HPOS="572" VPOS="839" WIDTH="12" HEIGHT="36" WC="0.95" CONTENT="i"/><SP WIDTH="38" VPOS="839" HPOS="584"/>
							<String ID="string_144" HPOS="622" VPOS="844" WIDTH="144" HEIGHT="41" WC="0.96" CONTENT="vatten,"/><SP WIDTH="41" VPOS="844" HPOS="766"/>
							<String ID="string_145" HPOS="807" VPOS="838" WIDTH="119" HEIGHT="36" WC="0.96" CONTENT="ehuru"/><SP WIDTH="42" VPOS="838" HPOS="926"/>
							<String ID="string_146" HPOS="968" VPOS="842" WIDTH="56" HEIGHT="31" WC="0.93" CONTENT="ett"/><SP WIDTH="27" VPOS="842" HPOS="1024"/>
							<String ID="string_147" HPOS="1051" VPOS="834" WIDTH="233" HEIGHT="38" WC="0.92" CONTENT="hufvudskäl"/><SP WIDTH="27" VPOS="834" HPOS="1284"/>
							<String ID="string_148" HPOS="1311" VPOS="834" WIDTH="58" HEIGHT="37" WC="0.96" CONTENT="till"/><SP WIDTH="27" VPOS="834" HPOS="1369"/>
							<String ID="string_149" HPOS="1396" VPOS="834" WIDTH="175" HEIGHT="36" WC="0.95" CONTENT="bankens"/><SP WIDTH="28" VPOS="834" HPOS="1571"/>
							<String ID="string_150" HPOS="1599" VPOS="833" WIDTH="242" HEIGHT="48" WC="0.96" CONTENT="förflyttning"/>
						</TextLine>
						<TextLine ID="line_13" HPOS="234" VPOS="882" WIDTH="1534" HEIGHT="55">
							<String ID="string_151" HPOS="234" VPOS="891" WIDTH="83" HEIGHT="36" WC="0.96" CONTENT="från"/><SP WIDTH="29" VPOS="891" HPOS="317"/>
							<String ID="string_152" HPOS="346" VPOS="890" WIDTH="60" HEIGHT="37" WC="0.96" CONTENT="sin"/><SP WIDTH="27" VPOS="890" HPOS="406"/>
							<String ID="string_153" HPOS="433" VPOS="890" WIDTH="221" HEIGHT="36" WC="0.96" CONTENT="nuvarande"/><SP WIDTH="28" VPOS="890" HPOS="654"/>
							<String ID="string_154" HPOS="682" VPOS="889" WIDTH="101" HEIGHT="37" WC="0.93" CONTENT="lokal"/><SP WIDTH="29" VPOS="889" HPOS="783"/>
							<String ID="string_155" HPOS="812" VPOS="888" WIDTH="168" HEIGHT="49" WC="0.91" CONTENT="uppgafs"/><SP WIDTH="27" VPOS="888" HPOS="980"/>
							<String ID="string_156" HPOS="1007" VPOS="900" WIDTH="91" HEIGHT="23" WC="0.96" CONTENT="vara"/><SP WIDTH="28" VPOS="900" HPOS="1098"/>
							<String ID="string_157" HPOS="1126" VPOS="885" WIDTH="248" HEIGHT="48" WC="0.96" CONTENT="fuktigheten"/><SP WIDTH="27" VPOS="885" HPOS="1374"/>
							<String ID="string_158" HPOS="1401" VPOS="884" WIDTH="13" HEIGHT="37" WC="0.96" CONTENT="i"/><SP WIDTH="27" VPOS="884" HPOS="1414"/>
							<String ID="string_159" HPOS="1441" VPOS="884" WIDTH="176" HEIGHT="36" WC="0.91" CONTENT="bankens"/><SP WIDTH="29" VPOS="884" HPOS="1617"/>
							<String ID="string_160" HPOS="1646" VPOS="882" WIDTH="122" HEIGHT="37" WC="0.91" CONTENT="hvalf!"/>
						</TextLine>
					</TextBlock>
					<TextBlock ID="block_3" HPOS="235" VPOS="933" WIDTH="1608" HEIGHT="257">
						<TextLine ID="line_14" HPOS="368" VPOS="933" WIDTH="1473" HEIGHT="56">
							<String ID="string_161" HPOS="368" VPOS="941" WIDTH="75" HEIGHT="37" WC="0.93" CONTENT="Det"/><SP WIDTH="29" VPOS="941" HPOS="443"/>
							<String ID="string_162" HPOS="472" VPOS="940" WIDTH="334" HEIGHT="49" WC="0.91" CONTENT="besynnerligaste"/><SP WIDTH="28" VPOS="940" HPOS="806"/>
							<String ID="string_163" HPOS="834" VPOS="939" WIDTH="13" HEIGHT="36" WC="0.96" CONTENT="1"/><SP WIDTH="28" VPOS="939" HPOS="847"/>
							<String ID="string_164" HPOS="875" VPOS="938" WIDTH="88" HEIGHT="37" WC="0.96" CONTENT="hela"/><SP WIDTH="28" VPOS="938" HPOS="963"/>
							<String ID="string_165" HPOS="991" VPOS="938" WIDTH="106" HEIGHT="36" WC="0.96" CONTENT="detta"/><SP WIDTH="28" VPOS="938" HPOS="1097"/>
							<String ID="string_166" HPOS="1125" VPOS="937" WIDTH="151" HEIGHT="47" WC="0.96" CONTENT="företag"/><SP WIDTH="27" VPOS="937" HPOS="1276"/>
							<String ID="string_167" HPOS="1303" VPOS="941" WIDTH="42" HEIGHT="31" WC="0.96" CONTENT="är"/><SP WIDTH="27" VPOS="941" HPOS="1345"/>
							<String ID="string_168" HPOS="1372" VPOS="935" WIDTH="76" HEIGHT="37" WC="0.95" CONTENT="den"/><SP WIDTH="27" VPOS="935" HPOS="1448"/>
							<String ID="string_169" HPOS="1475" VPOS="933" WIDTH="250" HEIGHT="50" WC="0.95" CONTENT="likgiltighet,"/><SP WIDTH="28" VPOS="933" HPOS="1725"/>
							<String ID="string_170" HPOS="1753" VPOS="947" WIDTH="88" HEIGHT="23" WC="0.95" CONTENT="man"/>
						</TextLine>
						<TextLine ID="line_15" HPOS="235" VPOS="984" WIDTH="1608" HEIGHT="56">
							<String ID="string_171" HPOS="235" VPOS="992" WIDTH="102" HEIGHT="48" WC="0.96" CONTENT="röjer"/><SP WIDTH="26" VPOS="992" HPOS="337"/>
							<String ID="string_172" HPOS="363" VPOS="992" WIDTH="61" HEIGHT="36" WC="0.96" CONTENT="för"/><SP WIDTH="27" VPOS="992" HPOS="424"/>
							<String ID="string_173" HPOS="451" VPOS="991" WIDTH="89" HEIGHT="37" WC="0.96" CONTENT="dess"/><SP WIDTH="27" VPOS="991" HPOS="540"/>
							<String ID="string_174" HPOS="567" VPOS="991" WIDTH="185" HEIGHT="37" WC="0.96" CONTENT="inverkan"/><SP WIDTH="29" VPOS="991" HPOS="752"/>
							<String ID="string_175" HPOS="781" VPOS="993" WIDTH="49" HEIGHT="46" WC="0.96" CONTENT="på"/><SP WIDTH="28" VPOS="993" HPOS="830"/>
							<String ID="string_176" HPOS="858" VPOS="989" WIDTH="145" HEIGHT="46" WC="0.96" CONTENT="slottet,"/><SP WIDTH="17" VPOS="989" HPOS="1003"/>
							<String ID="string_177" HPOS="1020" VPOS="988" WIDTH="73" HEIGHT="37" WC="0.96" CONTENT="och"/><SP WIDTH="28" VPOS="988" HPOS="1093"/>
							<String ID="string_178" HPOS="1121" VPOS="988" WIDTH="75" HEIGHT="36" WC="0.93" CONTENT="den"/><SP WIDTH="27" VPOS="988" HPOS="1196"/>
							<String ID="string_179" HPOS="1223" VPOS="987" WIDTH="99" HEIGHT="36" WC="0.92" CONTENT="ifver"/><SP WIDTH="18" VPOS="987" HPOS="1322"/>
							<String ID="string_180" HPOS="1340" VPOS="999" WIDTH="89" HEIGHT="23" WC="0.95" CONTENT="man"/><SP WIDTH="19" VPOS="999" HPOS="1429"/>
							<String ID="string_181" HPOS="1448" VPOS="985" WIDTH="103" HEIGHT="37" WC="0.96" CONTENT="visar"/><SP WIDTH="19" VPOS="985" HPOS="1551"/>
							<String ID="string_182" HPOS="1570" VPOS="984" WIDTH="59" HEIGHT="36" WC="0.96" CONTENT="för"/><SP WIDTH="15" VPOS="984" HPOS="1629"/>
							<String ID="string_183" HPOS="1644" VPOS="990" WIDTH="55" HEIGHT="31" WC="0.96" CONTENT="att"/><SP WIDTH="12" VPOS="990" HPOS="1699"/>
							<String ID="string_184" HPOS="1711" VPOS="985" WIDTH="132" HEIGHT="48" WC="0.96" CONTENT="bygga"/>
						</TextLine>
						<TextLine ID="line_16" HPOS="236" VPOS="1035" WIDTH="1607" HEIGHT="55">
							<String ID="string_185" HPOS="236" VPOS="1043" WIDTH="105" HEIGHT="47" WC="0.96" CONTENT="högt."/><SP WIDTH="55" VPOS="1043" HPOS="341"/>
							<String ID="string_186" HPOS="396" VPOS="1041" WIDTH="70" HEIGHT="37" WC="0.95" CONTENT="Om"/><SP WIDTH="31" VPOS="1041" HPOS="466"/>
							<String ID="string_187" HPOS="497" VPOS="1042" WIDTH="134" HEIGHT="36" WC="0.96" CONTENT="slottet"/><SP WIDTH="27" VPOS="1042" HPOS="631"/>
							<String ID="string_188" HPOS="658" VPOS="1041" WIDTH="84" HEIGHT="37" WC="0.96" CONTENT="icke"/><SP WIDTH="29" VPOS="1041" HPOS="742"/>
							<String ID="string_189" HPOS="771" VPOS="1054" WIDTH="91" HEIGHT="23" WC="0.96" CONTENT="vore"/><SP WIDTH="29" VPOS="1054" HPOS="862"/>
							<String ID="string_190" HPOS="891" VPOS="1043" WIDTH="43" HEIGHT="33" WC="0.96" CONTENT="så"/><SP WIDTH="26" VPOS="1043" HPOS="934"/>
							<String ID="string_191" HPOS="960" VPOS="1040" WIDTH="98" HEIGHT="47" WC="0.96" CONTENT="högt"/><SP WIDTH="27" VPOS="1040" HPOS="1058"/>
							<String ID="string_192" HPOS="1085" VPOS="1038" WIDTH="73" HEIGHT="37" WC="0.96" CONTENT="och"/><SP WIDTH="23" VPOS="1038" HPOS="1158"/>
							<String ID="string_193" HPOS="1181" VPOS="1037" WIDTH="98" HEIGHT="37" WC="0.96" CONTENT="hade"/><SP WIDTH="30" VPOS="1037" HPOS="1279"/>
							<String ID="string_194" HPOS="1309" VPOS="1040" WIDTH="42" HEIGHT="33" WC="0.96" CONTENT="så"/><SP WIDTH="27" VPOS="1040" HPOS="1351"/>
							<String ID="string_195" HPOS="1378" VPOS="1037" WIDTH="96" HEIGHT="47" WC="0.96" CONTENT="högt"/><SP WIDTH="18" VPOS="1037" HPOS="1474"/>
							<String ID="string_196" HPOS="1492" VPOS="1036" WIDTH="100" HEIGHT="48" WC="0.96" CONTENT="läge,"/><SP WIDTH="21" VPOS="1036" HPOS="1592"/>
							<String ID="string_197" HPOS="1613" VPOS="1035" WIDTH="123" HEIGHT="36" WC="0.96" CONTENT="skulle"/><SP WIDTH="20" VPOS="1035" HPOS="1736"/>
							<String ID="string_198" HPOS="1756" VPOS="1048" WIDTH="87" HEIGHT="23" WC="0.96" CONTENT="man"/>
						</TextLine>
						<TextLine ID="line_17" HPOS="236" VPOS="1086" WIDTH="1606" HEIGHT="53">
							<String ID="string_199" HPOS="236" VPOS="1092" WIDTH="194" HEIGHT="38" WC="0.90" CONTENT="bestämdt"/><SP WIDTH="28" VPOS="1092" HPOS="430"/>
							<String ID="string_200" HPOS="458" VPOS="1092" WIDTH="144" HEIGHT="37" WC="0.90" CONTENT="sträfva"/><SP WIDTH="27" VPOS="1092" HPOS="602"/>
							<String ID="string_201" HPOS="629" VPOS="1097" WIDTH="55" HEIGHT="32" WC="0.96" CONTENT="att"/><SP WIDTH="26" VPOS="1097" HPOS="684"/>
							<String ID="string_202" HPOS="710" VPOS="1092" WIDTH="154" HEIGHT="36" WC="0.96" CONTENT="komma"/><SP WIDTH="28" VPOS="1092" HPOS="864"/>
							<String ID="string_203" HPOS="892" VPOS="1092" WIDTH="96" HEIGHT="47" WC="0.95" CONTENT="öfver"/><SP WIDTH="28" VPOS="1092" HPOS="988"/>
							<String ID="string_204" HPOS="1016" VPOS="1090" WIDTH="224" HEIGHT="36" WC="0.95" CONTENT="detsamma."/><SP WIDTH="53" VPOS="1090" HPOS="1240"/>
							<String ID="string_205" HPOS="1293" VPOS="1088" WIDTH="61" HEIGHT="36" WC="0.95" CONTENT="Nu"/><SP WIDTH="30" VPOS="1088" HPOS="1354"/>
							<String ID="string_206" HPOS="1384" VPOS="1092" WIDTH="41" HEIGHT="32" WC="0.95" CONTENT="är"/><SP WIDTH="28" VPOS="1092" HPOS="1425"/>
							<String ID="string_207" HPOS="1453" VPOS="1087" WIDTH="106" HEIGHT="36" WC="0.70" CONTENT="detta"/><SP WIDTH="14" VPOS="1087" HPOS="1559"/>
							<String ID="string_208" HPOS="1573" VPOS="1086" WIDTH="85" HEIGHT="36" WC="0.70" CONTENT="icke"/><SP WIDTH="21" VPOS="1086" HPOS="1658"/>
							<String ID="string_209" HPOS="1679" VPOS="1086" WIDTH="163" HEIGHT="48" WC="0.95" CONTENT="möjligt,"/>
						</TextLine>
						<TextLine ID="line_18" HPOS="235" VPOS="1136" WIDTH="1530" HEIGHT="54">
							<String ID="string_210" HPOS="235" VPOS="1149" WIDTH="104" HEIGHT="32" WC="0.96" CONTENT="utom"/><SP WIDTH="30" VPOS="1149" HPOS="339"/>
							<String ID="string_211" HPOS="369" VPOS="1143" WIDTH="88" HEIGHT="37" WC="0.96" CONTENT="med"/><SP WIDTH="29" VPOS="1143" HPOS="457"/>
							<String ID="string_212" HPOS="486" VPOS="1148" WIDTH="141" HEIGHT="42" WC="0.96" CONTENT="tornet,"/><SP WIDTH="28" VPOS="1148" HPOS="627"/>
							<String ID="string_213" HPOS="655" VPOS="1143" WIDTH="68" HEIGHT="36" WC="0.96" CONTENT="der"/><SP WIDTH="27" VPOS="1143" HPOS="723"/>
							<String ID="string_214" HPOS="750" VPOS="1142" WIDTH="65" HEIGHT="37" WC="0.96" CONTENT="det"/><SP WIDTH="22" VPOS="1142" HPOS="815"/>
							<String ID="string_215" HPOS="837" VPOS="1142" WIDTH="43" HEIGHT="48" WC="0.96" CONTENT="ju"/><SP WIDTH="27" VPOS="1142" HPOS="880"/>
							<String ID="string_216" HPOS="907" VPOS="1141" WIDTH="169" HEIGHT="48" WC="0.96" CONTENT="lyckats;"/><SP WIDTH="28" VPOS="1141" HPOS="1076"/>
							<String ID="string_217" HPOS="1104" VPOS="1152" WIDTH="88" HEIGHT="24" WC="0.96" CONTENT="men"/><SP WIDTH="28" VPOS="1152" HPOS="1192"/>
							<String ID="string_218" HPOS="1220" VPOS="1152" WIDTH="79" HEIGHT="34" WC="0.95" CONTENT="nog"/><SP WIDTH="26" VPOS="1152" HPOS="1299"/>
							<String ID="string_219" HPOS="1325" VPOS="1143" WIDTH="73" HEIGHT="42" WC="0.96" CONTENT="gör"/><SP WIDTH="27" VPOS="1143" HPOS="1398"/>
							<String ID="string_220" HPOS="1425" VPOS="1151" WIDTH="87" HEIGHT="23" WC="0.96" CONTENT="man"/><SP WIDTH="30" VPOS="1151" HPOS="1512"/>
							<String ID="string_221" HPOS="1542" VPOS="1142" WIDTH="55" HEIGHT="31" WC="0.96" CONTENT="ett"/><SP WIDTH="26" VPOS="1142" HPOS="1597"/>
							<String ID="string_222" HPOS="1623" VPOS="1136" WIDTH="142" HEIGHT="37" WC="0.96" CONTENT="försök."/>
						</TextLine>
					</TextBlock>
					<TextBlock ID="block_4" HPOS="236" VPOS="1183" WIDTH="1609" HEIGHT="210">
						<TextLine ID="line_19" HPOS="372" VPOS="1183" WIDTH="1470" HEIGHT="59">
							<String ID="string_223" HPOS="372" VPOS="1194" WIDTH="140" HEIGHT="37" WC="0.95" CONTENT="Slottet"/><SP WIDTH="40" VPOS="1194" HPOS="512"/>
							<String ID="string_224" HPOS="552" VPOS="1194" WIDTH="69" HEIGHT="36" WC="0.96" CONTENT="har"/><SP WIDTH="26" VPOS="1194" HPOS="621"/>
							<String ID="string_225" HPOS="647" VPOS="1196" WIDTH="50" HEIGHT="46" WC="0.96" CONTENT="på"/><SP WIDTH="27" VPOS="1196" HPOS="697"/>
							<String ID="string_226" HPOS="724" VPOS="1193" WIDTH="125" HEIGHT="48" WC="0.96" CONTENT="lägsta"/><SP WIDTH="29" VPOS="1193" HPOS="849"/>
							<String ID="string_227" HPOS="878" VPOS="1192" WIDTH="109" HEIGHT="36" WC="0.96" CONTENT="sidan"/><SP WIDTH="29" VPOS="1192" HPOS="987"/>
							<String ID="string_228" HPOS="1016" VPOS="1193" WIDTH="46" HEIGHT="35" WC="0.97" CONTENT="98"/><SP WIDTH="29" VPOS="1193" HPOS="1062"/>
							<String ID="string_229" HPOS="1091" VPOS="1191" WIDTH="71" HEIGHT="36" WC="0.97" CONTENT="och"/><SP WIDTH="28" VPOS="1191" HPOS="1162"/>
							<String ID="string_230" HPOS="1190" VPOS="1194" WIDTH="49" HEIGHT="45" WC="0.97" CONTENT="på"/><SP WIDTH="28" VPOS="1194" HPOS="1239"/>
							<String ID="string_231" HPOS="1267" VPOS="1189" WIDTH="75" HEIGHT="36" WC="0.97" CONTENT="den"/><SP WIDTH="27" VPOS="1189" HPOS="1342"/>
							<String ID="string_232" HPOS="1369" VPOS="1189" WIDTH="142" HEIGHT="48" WC="0.96" CONTENT="högsta"/><SP WIDTH="27" VPOS="1189" HPOS="1511"/>
							<String ID="string_233" HPOS="1538" VPOS="1185" WIDTH="93" HEIGHT="49" WC="0.96" CONTENT="(mot"/><SP WIDTH="28" VPOS="1185" HPOS="1631"/>
							<String ID="string_234" HPOS="1659" VPOS="1183" WIDTH="183" HEIGHT="50" WC="0.96" CONTENT="Norrbro)"/>
						</TextLine>
						<TextLine ID="line_20" HPOS="240" VPOS="1238" WIDTH="1605" HEIGHT="55">
							<String ID="string_235" HPOS="240" VPOS="1248" WIDTH="69" HEIGHT="34" WC="0.96" CONTENT="126"/><SP WIDTH="28" VPOS="1248" HPOS="309"/>
							<String ID="string_236" HPOS="337" VPOS="1245" WIDTH="75" HEIGHT="36" WC="0.96" CONTENT="fots"/><SP WIDTH="29" VPOS="1245" HPOS="412"/>
							<String ID="string_237" HPOS="441" VPOS="1244" WIDTH="105" HEIGHT="49" WC="0.92" CONTENT="höjd."/><SP WIDTH="28" VPOS="1244" HPOS="546"/>
							<String ID="string_238" HPOS="574" VPOS="1264" WIDTH="50" HEIGHT="4" WC="0.91" CONTENT="—"/><SP WIDTH="27" VPOS="1264" HPOS="624"/>
							<String ID="string_239" HPOS="651" VPOS="1244" WIDTH="86" HEIGHT="48" WC="0.95" CONTENT="Nya"/><SP WIDTH="27" VPOS="1244" HPOS="737"/>
							<String ID="string_240" HPOS="764" VPOS="1243" WIDTH="295" HEIGHT="47" WC="0.95" CONTENT="riksdagshuset"/><SP WIDTH="28" VPOS="1243" HPOS="1059"/>
							<String ID="string_241" HPOS="1087" VPOS="1241" WIDTH="97" HEIGHT="36" WC="0.95" CONTENT="skall"/><SP WIDTH="28" VPOS="1241" HPOS="1184"/>
							<String ID="string_242" HPOS="1212" VPOS="1239" WIDTH="118" HEIGHT="38" WC="0.93" CONTENT="blifva"/><SP WIDTH="30" VPOS="1239" HPOS="1330"/>
							<String ID="string_243" HPOS="1360" VPOS="1241" WIDTH="147" HEIGHT="35" WC="0.91" CONTENT="78—93"/><SP WIDTH="29" VPOS="1241" HPOS="1507"/>
							<String ID="string_244" HPOS="1536" VPOS="1239" WIDTH="55" HEIGHT="35" WC="0.96" CONTENT="fot"/><SP WIDTH="23" VPOS="1239" HPOS="1591"/>
							<String ID="string_245" HPOS="1614" VPOS="1238" WIDTH="73" HEIGHT="36" WC="0.96" CONTENT="och"/><SP WIDTH="28" VPOS="1238" HPOS="1687"/>
							<String ID="string_246" HPOS="1715" VPOS="1243" WIDTH="130" HEIGHT="31" WC="0.96" CONTENT="tornet"/>
						</TextLine>
						<TextLine ID="line_21" HPOS="237" VPOS="1287" WIDTH="1607" HEIGHT="56">
							<String ID="string_247" HPOS="237" VPOS="1298" WIDTH="71" HEIGHT="34" WC="0.95" CONTENT="207"/><SP WIDTH="43" VPOS="1298" HPOS="308"/>
							<String ID="string_248" HPOS="351" VPOS="1295" WIDTH="57" HEIGHT="36" WC="0.95" CONTENT="fot"/><SP WIDTH="40" VPOS="1295" HPOS="408"/>
							<String ID="string_249" HPOS="448" VPOS="1295" WIDTH="107" HEIGHT="48" WC="0.93" CONTENT="högt."/><SP WIDTH="55" VPOS="1295" HPOS="555"/>
							<String ID="string_250" HPOS="610" VPOS="1294" WIDTH="56" HEIGHT="37" WC="0.96" CONTENT="De"/><SP WIDTH="34" VPOS="1294" HPOS="666"/>
							<String ID="string_251" HPOS="700" VPOS="1294" WIDTH="101" HEIGHT="36" WC="0.96" CONTENT="förra"/><SP WIDTH="27" VPOS="1294" HPOS="801"/>
							<String ID="string_252" HPOS="828" VPOS="1296" WIDTH="145" HEIGHT="33" WC="0.91" CONTENT="måtten"/><SP WIDTH="30" VPOS="1296" HPOS="973"/>
							<String ID="string_253" HPOS="1003" VPOS="1291" WIDTH="210" HEIGHT="48" WC="0.91" CONTENT="öfverstiga"/><SP WIDTH="28" VPOS="1291" HPOS="1213"/>
							<String ID="string_254" HPOS="1241" VPOS="1290" WIDTH="86" HEIGHT="36" WC="0.93" CONTENT="dem"/><SP WIDTH="31" VPOS="1290" HPOS="1327"/>
							<String ID="string_255" HPOS="1358" VPOS="1292" WIDTH="21" HEIGHT="34" WC="0.91" CONTENT="å"/><SP WIDTH="26" VPOS="1292" HPOS="1379"/>
							<String ID="string_256" HPOS="1405" VPOS="1303" WIDTH="76" HEIGHT="35" WC="0.96" CONTENT="nya"/><SP WIDTH="27" VPOS="1303" HPOS="1481"/>
							<String ID="string_257" HPOS="1508" VPOS="1287" WIDTH="299" HEIGHT="49" WC="0.95" CONTENT="riksdagshuset"/><SP WIDTH="26" VPOS="1287" HPOS="1807"/>
							<String ID="string_258" HPOS="1833" VPOS="1287" WIDTH="11" HEIGHT="36" WC="0.95" CONTENT="i"/>
						</TextLine>
						<TextLine ID="line_22" HPOS="236" VPOS="1338" WIDTH="1422" HEIGHT="55">
							<String ID="string_259" HPOS="236" VPOS="1346" WIDTH="142" HEIGHT="47" WC="0.96" CONTENT="Berlin,"/><SP WIDTH="28" VPOS="1346" HPOS="378"/>
							<String ID="string_260" HPOS="406" VPOS="1345" WIDTH="115" HEIGHT="36" WC="0.96" CONTENT="hvars"/><SP WIDTH="29" VPOS="1345" HPOS="521"/>
							<String ID="string_261" HPOS="550" VPOS="1345" WIDTH="93" HEIGHT="48" WC="0.96" CONTENT="höjd"/><SP WIDTH="28" VPOS="1345" HPOS="643"/>
							<String ID="string_262" HPOS="671" VPOS="1344" WIDTH="57" HEIGHT="36" WC="0.93" CONTENT="till"/><SP WIDTH="28" VPOS="1344" HPOS="728"/>
							<String ID="string_263" HPOS="756" VPOS="1344" WIDTH="182" HEIGHT="36" WC="0.91" CONTENT="taklisten"/><SP WIDTH="28" VPOS="1344" HPOS="938"/>
							<String ID="string_264" HPOS="966" VPOS="1348" WIDTH="41" HEIGHT="31" WC="0.96" CONTENT="är"/><SP WIDTH="28" VPOS="1348" HPOS="1007"/>
							<String ID="string_265" HPOS="1035" VPOS="1344" WIDTH="47" HEIGHT="35" WC="0.96" CONTENT="68"/><SP WIDTH="28" VPOS="1344" HPOS="1082"/>
							<String ID="string_266" HPOS="1110" VPOS="1342" WIDTH="73" HEIGHT="36" WC="0.96" CONTENT="och"/><SP WIDTH="27" VPOS="1342" HPOS="1183"/>
							<String ID="string_267" HPOS="1210" VPOS="1340" WIDTH="57" HEIGHT="37" WC="0.92" CONTENT="till"/><SP WIDTH="28" VPOS="1340" HPOS="1267"/>
							<String ID="string_268" HPOS="1295" VPOS="1343" WIDTH="193" HEIGHT="46" WC="0.92" CONTENT="ryggåsen"/><SP WIDTH="30" VPOS="1343" HPOS="1488"/>
							<String ID="string_269" HPOS="1518" VPOS="1341" WIDTH="45" HEIGHT="35" WC="0.96" CONTENT="92"/><SP WIDTH="29" VPOS="1341" HPOS="1563"/>
							<String ID="string_270" HPOS="1592" VPOS="1338" WIDTH="66" HEIGHT="37" WC="0.96" CONTENT="fot."/>
						</TextLine>
					</TextBlock>
					<TextBlock ID="block_5" HPOS="371" VPOS="1390" WIDTH="1138" HEIGHT="54">
						<TextLine ID="line_23" HPOS="371" VPOS="1390" WIDTH="1138" HEIGHT="54">
							<String ID="string_271" HPOS="371" VPOS="1396" WIDTH="306" HEIGHT="48" WC="0.96" CONTENT="Vinterpalatset"/><SP WIDTH="26" VPOS="1396" HPOS="677"/>
							<String ID="string_272" HPOS="703" VPOS="1395" WIDTH="13" HEIGHT="36" WC="0.96" CONTENT="i"/><SP WIDTH="28" VPOS="1395" HPOS="716"/>
							<String ID="string_273" HPOS="744" VPOS="1394" WIDTH="234" HEIGHT="47" WC="0.96" CONTENT="Petersburg"/><SP WIDTH="27" VPOS="1394" HPOS="978"/>
							<String ID="string_274" HPOS="1005" VPOS="1393" WIDTH="70" HEIGHT="36" WC="0.96" CONTENT="har"/><SP WIDTH="26" VPOS="1393" HPOS="1075"/>
							<String ID="string_275" HPOS="1101" VPOS="1392" WIDTH="99" HEIGHT="37" WC="0.96" CONTENT="blott"/><SP WIDTH="30" VPOS="1392" HPOS="1200"/>
							<String ID="string_276" HPOS="1230" VPOS="1393" WIDTH="46" HEIGHT="34" WC="0.96" CONTENT="70"/><SP WIDTH="28" VPOS="1393" HPOS="1276"/>
							<String ID="string_277" HPOS="1304" VPOS="1391" WIDTH="75" HEIGHT="36" WC="0.95" CONTENT="fots"/><SP WIDTH="29" VPOS="1391" HPOS="1379"/>
							<String ID="string_278" HPOS="1408" VPOS="1390" WIDTH="101" HEIGHT="49" WC="0.96" CONTENT="höjd."/>
						</TextLine>
					</TextBlock>
					<TextBlock ID="block_6" HPOS="237" VPOS="1440" WIDTH="1608" HEIGHT="159">
						<TextLine ID="line_24" HPOS="371" VPOS="1440" WIDTH="1473" HEIGHT="52">
							<String ID="string_279" HPOS="371" VPOS="1447" WIDTH="145" HEIGHT="36" WC="0.96" CONTENT="Tornet"/><SP WIDTH="28" VPOS="1447" HPOS="516"/>
							<String ID="string_280" HPOS="544" VPOS="1446" WIDTH="73" HEIGHT="37" WC="0.96" CONTENT="blir"/><SP WIDTH="30" VPOS="1446" HPOS="617"/>
							<String ID="string_281" HPOS="647" VPOS="1448" WIDTH="18" HEIGHT="33" WC="0.96" CONTENT="7"/><SP WIDTH="30" VPOS="1448" HPOS="665"/>
							<String ID="string_282" HPOS="695" VPOS="1445" WIDTH="56" HEIGHT="37" WC="0.96" CONTENT="fot"/><SP WIDTH="27" VPOS="1445" HPOS="751"/>
							<String ID="string_283" HPOS="778" VPOS="1445" WIDTH="119" HEIGHT="47" WC="0.96" CONTENT="högre"/><SP WIDTH="21" VPOS="1445" HPOS="897"/>
							<String ID="string_284" HPOS="918" VPOS="1449" WIDTH="48" HEIGHT="32" WC="0.93" CONTENT="än"/><SP WIDTH="21" VPOS="1449" HPOS="966"/>
							<String ID="string_285" HPOS="987" VPOS="1443" WIDTH="258" HEIGHT="49" WC="0.91" CONTENT="Storkyrkans"/><SP WIDTH="20" VPOS="1443" HPOS="1245"/>
							<String ID="string_286" HPOS="1265" VPOS="1448" WIDTH="98" HEIGHT="40" WC="0.96" CONTENT="torn,"/><SP WIDTH="20" VPOS="1448" HPOS="1363"/>
							<String ID="string_287" HPOS="1383" VPOS="1444" WIDTH="21" HEIGHT="34" WC="0.96" CONTENT="3"/><SP WIDTH="21" VPOS="1444" HPOS="1404"/>
							<String ID="string_288" HPOS="1425" VPOS="1440" WIDTH="56" HEIGHT="37" WC="0.96" CONTENT="fot"/><SP WIDTH="20" VPOS="1440" HPOS="1481"/>
							<String ID="string_289" HPOS="1501" VPOS="1441" WIDTH="119" HEIGHT="47" WC="0.96" CONTENT="högre"/><SP WIDTH="21" VPOS="1441" HPOS="1620"/>
							<String ID="string_290" HPOS="1641" VPOS="1444" WIDTH="47" HEIGHT="32" WC="0.96" CONTENT="än"/><SP WIDTH="20" VPOS="1444" HPOS="1688"/>
							<String ID="string_291" HPOS="1708" VPOS="1444" WIDTH="136" HEIGHT="32" WC="0.96" CONTENT="tornen"/>
						</TextLine>
						<TextLine ID="line_25" HPOS="237" VPOS="1492" WIDTH="1608" HEIGHT="51">
							<String ID="string_292" HPOS="237" VPOS="1499" WIDTH="13" HEIGHT="36" WC="0.96" CONTENT="i"/><SP WIDTH="27" VPOS="1499" HPOS="250"/>
							<String ID="string_293" HPOS="277" VPOS="1498" WIDTH="118" HEIGHT="37" WC="0.96" CONTENT="Notre"/><SP WIDTH="29" VPOS="1498" HPOS="395"/>
							<String ID="string_294" HPOS="424" VPOS="1498" WIDTH="119" HEIGHT="36" WC="0.96" CONTENT="Dame"/><SP WIDTH="29" VPOS="1498" HPOS="543"/>
							<String ID="string_295" HPOS="572" VPOS="1497" WIDTH="12" HEIGHT="36" WC="0.96" CONTENT="i"/><SP WIDTH="28" VPOS="1497" HPOS="584"/>
							<String ID="string_296" HPOS="612" VPOS="1496" WIDTH="104" HEIGHT="37" WC="0.96" CONTENT="Paris"/><SP WIDTH="30" VPOS="1496" HPOS="716"/>
							<String ID="string_297" HPOS="746" VPOS="1496" WIDTH="72" HEIGHT="36" WC="0.96" CONTENT="och"/><SP WIDTH="28" VPOS="1496" HPOS="818"/>
							<String ID="string_298" HPOS="846" VPOS="1498" WIDTH="44" HEIGHT="34" WC="0.96" CONTENT="87"/><SP WIDTH="30" VPOS="1498" HPOS="890"/>
							<String ID="string_299" HPOS="920" VPOS="1495" WIDTH="57" HEIGHT="36" WC="0.96" CONTENT="fot"/><SP WIDTH="28" VPOS="1495" HPOS="977"/>
							<String ID="string_300" HPOS="1005" VPOS="1495" WIDTH="121" HEIGHT="48" WC="0.96" CONTENT="högre"/><SP WIDTH="29" VPOS="1495" HPOS="1126"/>
							<String ID="string_301" HPOS="1155" VPOS="1498" WIDTH="46" HEIGHT="32" WC="0.96" CONTENT="än"/><SP WIDTH="29" VPOS="1498" HPOS="1201"/>
							<String ID="string_302" HPOS="1230" VPOS="1498" WIDTH="129" HEIGHT="31" WC="0.96" CONTENT="tornet"/><SP WIDTH="26" VPOS="1498" HPOS="1359"/>
							<String ID="string_303" HPOS="1385" VPOS="1494" WIDTH="50" HEIGHT="47" WC="0.96" CONTENT="på"/><SP WIDTH="26" VPOS="1494" HPOS="1435"/>
							<String ID="string_304" HPOS="1461" VPOS="1492" WIDTH="166" HEIGHT="36" WC="0.96" CONTENT="Förenta"/><SP WIDTH="28" VPOS="1492" HPOS="1627"/>
							<String ID="string_305" HPOS="1655" VPOS="1496" WIDTH="190" HEIGHT="31" WC="0.95" CONTENT="staternas"/>
						</TextLine>
						<TextLine ID="line_26" HPOS="238" VPOS="1546" WIDTH="820" HEIGHT="53">
							<String ID="string_306" HPOS="238" VPOS="1548" WIDTH="320" HEIGHT="51" WC="0.90" CONTENT="parlamentshus,"/><SP WIDTH="30" VPOS="1548" HPOS="558"/>
							<String ID="string_307" HPOS="588" VPOS="1561" WIDTH="82" HEIGHT="23" WC="0.96" CONTENT="som"/><SP WIDTH="29" VPOS="1561" HPOS="670"/>
							<String ID="string_308" HPOS="699" VPOS="1552" WIDTH="41" HEIGHT="31" WC="0.95" CONTENT="är"/><SP WIDTH="31" VPOS="1552" HPOS="740"/>
							<String ID="string_309" HPOS="771" VPOS="1548" WIDTH="69" HEIGHT="35" WC="0.95" CONTENT="120"/><SP WIDTH="28" VPOS="1548" HPOS="840"/>
							<String ID="string_310" HPOS="868" VPOS="1546" WIDTH="57" HEIGHT="36" WC="0.96" CONTENT="fot"/><SP WIDTH="28" VPOS="1546" HPOS="925"/>
							<String ID="string_311" HPOS="953" VPOS="1546" WIDTH="105" HEIGHT="48" WC="0.96" CONTENT="högt."/>
						</TextLine>
					</TextBlock>
					<TextBlock ID="block_7" HPOS="240" VPOS="1591" WIDTH="1604" HEIGHT="105">
						<TextLine ID="line_27" HPOS="373" VPOS="1591" WIDTH="1471" HEIGHT="56">
							<String ID="string_312" HPOS="373" VPOS="1599" WIDTH="58" HEIGHT="36" WC="0.96" CONTENT="Då"/><SP WIDTH="38" VPOS="1599" HPOS="431"/>
							<String ID="string_313" HPOS="469" VPOS="1598" WIDTH="66" HEIGHT="37" WC="0.96" CONTENT="det"/><SP WIDTH="31" VPOS="1598" HPOS="535"/>
							<String ID="string_314" HPOS="566" VPOS="1611" WIDTH="75" HEIGHT="35" WC="0.93" CONTENT="nya"/><SP WIDTH="27" VPOS="1611" HPOS="641"/>
							<String ID="string_315" HPOS="668" VPOS="1597" WIDTH="405" HEIGHT="50" WC="0.92" CONTENT="representantshuset"/><SP WIDTH="32" VPOS="1597" HPOS="1073"/>
							<String ID="string_316" HPOS="1105" VPOS="1595" WIDTH="6" HEIGHT="36" WC="0.96" CONTENT="i"/><SP WIDTH="27" VPOS="1595" HPOS="1111"/>
							<String ID="string_317" HPOS="1138" VPOS="1594" WIDTH="111" HEIGHT="37" WC="0.96" CONTENT="Wien"/><SP WIDTH="30" VPOS="1594" HPOS="1249"/>
							<String ID="string_318" HPOS="1279" VPOS="1598" WIDTH="41" HEIGHT="32" WC="0.96" CONTENT="är"/><SP WIDTH="26" VPOS="1598" HPOS="1320"/>
							<String ID="string_319" HPOS="1346" VPOS="1593" WIDTH="99" HEIGHT="36" WC="0.96" CONTENT="blott"/><SP WIDTH="26" VPOS="1593" HPOS="1445"/>
							<String ID="string_320" HPOS="1471" VPOS="1595" WIDTH="21" HEIGHT="34" WC="0.96" CONTENT="2"/><SP WIDTH="29" VPOS="1595" HPOS="1492"/>
							<String ID="string_321" HPOS="1521" VPOS="1592" WIDTH="187" HEIGHT="48" WC="0.96" CONTENT="våningar"/><SP WIDTH="28" VPOS="1592" HPOS="1708"/>
							<String ID="string_322" HPOS="1736" VPOS="1591" WIDTH="108" HEIGHT="48" WC="0.96" CONTENT="högt,"/>
						</TextLine>
						<TextLine ID="line_28" HPOS="240" VPOS="1647" WIDTH="919" HEIGHT="49">
							<String ID="string_323" HPOS="240" VPOS="1650" WIDTH="98" HEIGHT="36" WC="0.96" CONTENT="skall"/><SP WIDTH="28" VPOS="1650" HPOS="338"/>
							<String ID="string_324" HPOS="366" VPOS="1650" WIDTH="108" HEIGHT="36" WC="0.96" CONTENT="detta"/><SP WIDTH="27" VPOS="1650" HPOS="474"/>
							<String ID="string_325" HPOS="501" VPOS="1648" WIDTH="119" HEIGHT="37" WC="0.96" CONTENT="blifva"/><SP WIDTH="28" VPOS="1648" HPOS="620"/>
							<String ID="string_326" HPOS="648" VPOS="1656" WIDTH="62" HEIGHT="39" WC="0.95" CONTENT="tre,"/><SP WIDTH="24" VPOS="1656" HPOS="710"/>
							<String ID="string_327" HPOS="734" VPOS="1653" WIDTH="105" HEIGHT="31" WC="0.92" CONTENT="utom"/><SP WIDTH="22" VPOS="1653" HPOS="839"/>
							<String ID="string_328" HPOS="861" VPOS="1647" WIDTH="298" HEIGHT="49" WC="0.92" CONTENT="jordvåningen."/>
						</TextLine>
					</TextBlock>
					<TextBlock ID="block_8" HPOS="241" VPOS="1691" WIDTH="1608" HEIGHT="348">
						<TextLine ID="line_29" HPOS="374" VPOS="1691" WIDTH="1473" HEIGHT="52">
							<String ID="string_329" HPOS="374" VPOS="1700" WIDTH="113" HEIGHT="36" WC="0.96" CONTENT="Hvad"/><SP WIDTH="43" VPOS="1700" HPOS="487"/>
							<String ID="string_330" HPOS="530" VPOS="1712" WIDTH="82" HEIGHT="23" WC="0.95" CONTENT="som"/><SP WIDTH="41" VPOS="1712" HPOS="612"/>
							<String ID="string_331" HPOS="653" VPOS="1698" WIDTH="12" HEIGHT="36" WC="0.95" CONTENT="i"/><SP WIDTH="40" VPOS="1698" HPOS="665"/>
							<String ID="string_332" HPOS="705" VPOS="1698" WIDTH="79" HEIGHT="36" WC="0.96" CONTENT="viss"/><SP WIDTH="41" VPOS="1698" HPOS="784"/>
							<String ID="string_333" HPOS="825" VPOS="1701" WIDTH="99" HEIGHT="42" WC="0.96" CONTENT="mån,"/><SP WIDTH="39" VPOS="1701" HPOS="924"/>
							<String ID="string_334" HPOS="963" VPOS="1703" WIDTH="104" HEIGHT="30" WC="0.96" CONTENT="utom"/><SP WIDTH="28" VPOS="1703" HPOS="1067"/>
							<String ID="string_335" HPOS="1095" VPOS="1697" WIDTH="164" HEIGHT="46" WC="0.96" CONTENT="begäret"/><SP WIDTH="27" VPOS="1697" HPOS="1259"/>
							<String ID="string_336" HPOS="1286" VPOS="1700" WIDTH="55" HEIGHT="31" WC="0.93" CONTENT="att"/><SP WIDTH="26" VPOS="1700" HPOS="1341"/>
							<String ID="string_337" HPOS="1367" VPOS="1694" WIDTH="89" HEIGHT="36" WC="0.91" CONTENT="täfla"/><SP WIDTH="29" VPOS="1694" HPOS="1456"/>
							<String ID="string_338" HPOS="1485" VPOS="1693" WIDTH="88" HEIGHT="36" WC="0.96" CONTENT="med"/><SP WIDTH="28" VPOS="1693" HPOS="1573"/>
							<String ID="string_339" HPOS="1601" VPOS="1692" WIDTH="142" HEIGHT="45" WC="0.93" CONTENT="slottet,"/><SP WIDTH="29" VPOS="1692" HPOS="1743"/>
							<String ID="string_340" HPOS="1772" VPOS="1691" WIDTH="75" HEIGHT="36" WC="0.92" CONTENT="för-"/>
						</TextLine>
						<TextLine ID="line_30" HPOS="242" VPOS="1741" WIDTH="1604" HEIGHT="56">
							<String ID="string_341" HPOS="242" VPOS="1750" WIDTH="131" HEIGHT="37" WC="0.92" CONTENT="anledt"/><SP WIDTH="41" VPOS="1750" HPOS="373"/>
							<String ID="string_342" HPOS="414" VPOS="1750" WIDTH="47" HEIGHT="36" WC="0.96" CONTENT="de"/><SP WIDTH="41" VPOS="1750" HPOS="461"/>
							<String ID="string_343" HPOS="502" VPOS="1754" WIDTH="103" HEIGHT="31" WC="0.93" CONTENT="stora"/><SP WIDTH="28" VPOS="1754" HPOS="605"/>
							<String ID="string_344" HPOS="633" VPOS="1748" WIDTH="253" HEIGHT="49" WC="0.90" CONTENT="höjdmåtten,"/><SP WIDTH="30" VPOS="1748" HPOS="886"/>
							<String ID="string_345" HPOS="916" VPOS="1752" WIDTH="41" HEIGHT="31" WC="0.96" CONTENT="är"/><SP WIDTH="28" VPOS="1752" HPOS="957"/>
							<String ID="string_346" HPOS="985" VPOS="1747" WIDTH="74" HEIGHT="36" WC="0.93" CONTENT="den"/><SP WIDTH="29" VPOS="1747" HPOS="1059"/>
							<String ID="string_347" HPOS="1088" VPOS="1745" WIDTH="233" HEIGHT="37" WC="0.92" CONTENT="öfverdrifna"/><SP WIDTH="27" VPOS="1745" HPOS="1321"/>
							<String ID="string_348" HPOS="1348" VPOS="1744" WIDTH="94" HEIGHT="48" WC="0.96" CONTENT="höjd"/><SP WIDTH="27" VPOS="1744" HPOS="1442"/>
							<String ID="string_349" HPOS="1469" VPOS="1756" WIDTH="88" HEIGHT="23" WC="0.92" CONTENT="man"/><SP WIDTH="28" VPOS="1756" HPOS="1557"/>
							<String ID="string_350" HPOS="1585" VPOS="1742" WIDTH="113" HEIGHT="49" WC="0.89" CONTENT="gifvit"/><SP WIDTH="27" VPOS="1742" HPOS="1698"/>
							<String ID="string_351" HPOS="1725" VPOS="1741" WIDTH="121" HEIGHT="49" WC="0.92" CONTENT="pleni-"/>
						</TextLine>
						<TextLine ID="line_31" HPOS="242" VPOS="1792" WIDTH="1605" HEIGHT="52">
							<String ID="string_352" HPOS="242" VPOS="1801" WIDTH="160" HEIGHT="37" WC="0.91" CONTENT="salarne."/><SP WIDTH="56" VPOS="1801" HPOS="402"/>
							<String ID="string_353" HPOS="458" VPOS="1800" WIDTH="55" HEIGHT="36" WC="0.96" CONTENT="De"/><SP WIDTH="40" VPOS="1800" HPOS="513"/>
							<String ID="string_354" HPOS="553" VPOS="1799" WIDTH="222" HEIGHT="36" WC="0.96" CONTENT="nuvarande"/><SP WIDTH="30" VPOS="1799" HPOS="775"/>
							<String ID="string_355" HPOS="805" VPOS="1798" WIDTH="114" HEIGHT="36" WC="0.96" CONTENT="hafva"/><SP WIDTH="29" VPOS="1798" HPOS="919"/>
							<String ID="string_356" HPOS="948" VPOS="1800" WIDTH="79" HEIGHT="44" WC="0.96" CONTENT="27,5"/><SP WIDTH="30" VPOS="1800" HPOS="1027"/>
							<String ID="string_357" HPOS="1057" VPOS="1797" WIDTH="76" HEIGHT="36" WC="0.96" CONTENT="fots"/><SP WIDTH="28" VPOS="1797" HPOS="1133"/>
							<String ID="string_358" HPOS="1161" VPOS="1796" WIDTH="104" HEIGHT="48" WC="0.96" CONTENT="höjd,"/><SP WIDTH="29" VPOS="1796" HPOS="1265"/>
							<String ID="string_359" HPOS="1294" VPOS="1808" WIDTH="88" HEIGHT="23" WC="0.96" CONTENT="men"/><SP WIDTH="29" VPOS="1808" HPOS="1382"/>
							<String ID="string_360" HPOS="1411" VPOS="1794" WIDTH="47" HEIGHT="36" WC="0.96" CONTENT="de"/><SP WIDTH="29" VPOS="1794" HPOS="1458"/>
							<String ID="string_361" HPOS="1487" VPOS="1807" WIDTH="76" HEIGHT="35" WC="0.95" CONTENT="nya"/><SP WIDTH="28" VPOS="1807" HPOS="1563"/>
							<String ID="string_362" HPOS="1591" VPOS="1792" WIDTH="109" HEIGHT="37" WC="0.95" CONTENT="skola"/><SP WIDTH="28" VPOS="1792" HPOS="1700"/>
							<String ID="string_363" HPOS="1728" VPOS="1792" WIDTH="119" HEIGHT="36" WC="0.95" CONTENT="blifva"/>
						</TextLine>
						<TextLine ID="line_32" HPOS="241" VPOS="1843" WIDTH="1608" HEIGHT="55">
							<String ID="string_364" HPOS="241" VPOS="1853" WIDTH="81" HEIGHT="45" WC="0.96" CONTENT="46,5"/><SP WIDTH="29" VPOS="1853" HPOS="322"/>
							<String ID="string_365" HPOS="351" VPOS="1850" WIDTH="57" HEIGHT="37" WC="0.96" CONTENT="fot"/><SP WIDTH="27" VPOS="1850" HPOS="408"/>
							<String ID="string_366" HPOS="435" VPOS="1850" WIDTH="113" HEIGHT="48" WC="0.96" CONTENT="höga,"/><SP WIDTH="30" VPOS="1850" HPOS="548"/>
							<String ID="string_367" HPOS="578" VPOS="1849" WIDTH="150" HEIGHT="37" WC="0.96" CONTENT="således"/><SP WIDTH="32" VPOS="1849" HPOS="728"/>
							<String ID="string_368" HPOS="760" VPOS="1851" WIDTH="43" HEIGHT="34" WC="0.96" CONTENT="19"/><SP WIDTH="29" VPOS="1851" HPOS="803"/>
							<String ID="string_369" HPOS="832" VPOS="1848" WIDTH="56" HEIGHT="36" WC="0.96" CONTENT="fot"/><SP WIDTH="27" VPOS="1848" HPOS="888"/>
							<String ID="string_370" HPOS="915" VPOS="1861" WIDTH="117" HEIGHT="23" WC="0.93" CONTENT="mera."/><SP WIDTH="54" VPOS="1861" HPOS="1032"/>
							<String ID="string_371" HPOS="1086" VPOS="1846" WIDTH="268" HEIGHT="38" WC="0.90" CONTENT="Underhusets"/><SP WIDTH="29" VPOS="1846" HPOS="1354"/>
							<String ID="string_372" HPOS="1383" VPOS="1844" WIDTH="56" HEIGHT="37" WC="0.95" CONTENT="sal"/><SP WIDTH="27" VPOS="1844" HPOS="1439"/>
							<String ID="string_373" HPOS="1466" VPOS="1844" WIDTH="12" HEIGHT="36" WC="0.95" CONTENT="i"/><SP WIDTH="19" VPOS="1844" HPOS="1478"/>
							<String ID="string_374" HPOS="1497" VPOS="1843" WIDTH="158" HEIGHT="37" WC="0.96" CONTENT="London"/><SP WIDTH="19" VPOS="1843" HPOS="1655"/>
							<String ID="string_375" HPOS="1674" VPOS="1847" WIDTH="40" HEIGHT="31" WC="0.96" CONTENT="är"/><SP WIDTH="18" VPOS="1847" HPOS="1714"/>
							<String ID="string_376" HPOS="1732" VPOS="1845" WIDTH="117" HEIGHT="45" WC="0.96" CONTENT="något"/>
						</TextLine>
						<TextLine ID="line_33" HPOS="243" VPOS="1892" WIDTH="1605" HEIGHT="58">
							<String ID="string_377" HPOS="243" VPOS="1902" WIDTH="121" HEIGHT="48" WC="0.96" CONTENT="lägre,"/><SP WIDTH="39" VPOS="1902" HPOS="364"/>
							<String ID="string_378" HPOS="403" VPOS="1914" WIDTH="87" HEIGHT="23" WC="0.96" CONTENT="men"/><SP WIDTH="40" VPOS="1914" HPOS="490"/>
							<String ID="string_379" HPOS="530" VPOS="1901" WIDTH="89" HEIGHT="35" WC="0.95" CONTENT="dess"/><SP WIDTH="29" VPOS="1901" HPOS="619"/>
							<String ID="string_380" HPOS="648" VPOS="1899" WIDTH="122" HEIGHT="37" WC="0.96" CONTENT="bredd"/><SP WIDTH="28" VPOS="1899" HPOS="770"/>
							<String ID="string_381" HPOS="798" VPOS="1904" WIDTH="41" HEIGHT="31" WC="0.96" CONTENT="är"/><SP WIDTH="28" VPOS="1904" HPOS="839"/>
							<String ID="string_382" HPOS="867" VPOS="1898" WIDTH="160" HEIGHT="37" WC="0.96" CONTENT="alldeles"/><SP WIDTH="29" VPOS="1898" HPOS="1027"/>
							<String ID="string_383" HPOS="1056" VPOS="1897" WIDTH="78" HEIGHT="36" WC="0.96" CONTENT="lika"/><SP WIDTH="26" VPOS="1897" HPOS="1134"/>
							<String ID="string_384" HPOS="1160" VPOS="1896" WIDTH="88" HEIGHT="37" WC="0.96" CONTENT="med"/><SP WIDTH="29" VPOS="1896" HPOS="1248"/>
							<String ID="string_385" HPOS="1277" VPOS="1899" WIDTH="66" HEIGHT="33" WC="0.96" CONTENT="vår"/><SP WIDTH="27" VPOS="1899" HPOS="1343"/>
							<String ID="string_386" HPOS="1370" VPOS="1895" WIDTH="131" HEIGHT="36" WC="0.93" CONTENT="Andra"/><SP WIDTH="23" VPOS="1895" HPOS="1501"/>
							<String ID="string_387" HPOS="1524" VPOS="1894" WIDTH="227" HEIGHT="36" WC="0.92" CONTENT="Kammares"/><SP WIDTH="30" VPOS="1894" HPOS="1751"/>
							<String ID="string_388" HPOS="1781" VPOS="1892" WIDTH="67" HEIGHT="45" WC="0.96" CONTENT="sal,"/>
						</TextLine>
						<TextLine ID="line_34" HPOS="242" VPOS="1944" WIDTH="1606" HEIGHT="45">
							<String ID="string_389" HPOS="242" VPOS="1954" WIDTH="48" HEIGHT="35" WC="0.95" CONTENT="45"/><SP WIDTH="42" VPOS="1954" HPOS="290"/>
							<String ID="string_390" HPOS="332" VPOS="1952" WIDTH="64" HEIGHT="36" WC="0.93" CONTENT="fot."/><SP WIDTH="55" VPOS="1952" HPOS="396"/>
							<String ID="string_391" HPOS="451" VPOS="1951" WIDTH="301" HEIGHT="36" WC="0.91" CONTENT="Ledamöternas"/><SP WIDTH="41" VPOS="1951" HPOS="752"/>
							<String ID="string_392" HPOS="793" VPOS="1950" WIDTH="10" HEIGHT="35" WC="0.96" CONTENT="i"/><SP WIDTH="42" VPOS="1950" HPOS="803"/>
							<String ID="string_393" HPOS="845" VPOS="1949" WIDTH="129" HEIGHT="37" WC="0.95" CONTENT="denna"/><SP WIDTH="39" VPOS="1949" HPOS="974"/>
							<String ID="string_394" HPOS="1013" VPOS="1949" WIDTH="195" HEIGHT="35" WC="0.95" CONTENT="kammare"/><SP WIDTH="43" VPOS="1949" HPOS="1208"/>
							<String ID="string_395" HPOS="1251" VPOS="1946" WIDTH="103" HEIGHT="37" WC="0.96" CONTENT="antal"/><SP WIDTH="43" VPOS="1946" HPOS="1354"/>
							<String ID="string_396" HPOS="1397" VPOS="1951" WIDTH="40" HEIGHT="31" WC="0.95" CONTENT="är"/><SP WIDTH="41" VPOS="1951" HPOS="1437"/>
							<String ID="string_397" HPOS="1478" VPOS="1945" WIDTH="99" HEIGHT="36" WC="0.96" CONTENT="dock"/><SP WIDTH="33" VPOS="1945" HPOS="1577"/>
							<String ID="string_398" HPOS="1610" VPOS="1944" WIDTH="139" HEIGHT="36" WC="0.96" CONTENT="endast"/><SP WIDTH="28" VPOS="1944" HPOS="1749"/>
							<String ID="string_399" HPOS="1777" VPOS="1944" WIDTH="71" HEIGHT="35" WC="0.96" CONTENT="240"/>
						</TextLine>
						<TextLine ID="line_35" HPOS="244" VPOS="2002" WIDTH="504" HEIGHT="37">
							<String ID="string_400" HPOS="244" VPOS="2008" WIDTH="104" HEIGHT="31" WC="0.92" CONTENT="emot"/><SP WIDTH="26" VPOS="2008" HPOS="348"/>
							<String ID="string_401" HPOS="374" VPOS="2002" WIDTH="260" HEIGHT="36" WC="0.91" CONTENT="underhusets"/><SP WIDTH="30" VPOS="2002" HPOS="634"/>
							<String ID="string_402" HPOS="664" VPOS="2003" WIDTH="84" HEIGHT="34" WC="0.96" CONTENT="672."/>
						</TextLine>
					</TextBlock>
					<TextBlock ID="block_9" HPOS="244" VPOS="2044" WIDTH="1609" HEIGHT="251">
						<TextLine ID="line_36" HPOS="378" VPOS="2044" WIDTH="1472" HEIGHT="53">
							<String ID="string_403" HPOS="378" VPOS="2052" WIDTH="88" HEIGHT="36" WC="0.96" CONTENT="Man"/><SP WIDTH="24" VPOS="2052" HPOS="466"/>
							<String ID="string_404" HPOS="490" VPOS="2052" WIDTH="99" HEIGHT="36" WC="0.93" CONTENT="hade"/><SP WIDTH="26" VPOS="2052" HPOS="589"/>
							<String ID="string_405" HPOS="615" VPOS="2050" WIDTH="176" HEIGHT="36" WC="0.92" CONTENT="förestält"/><SP WIDTH="27" VPOS="2050" HPOS="791"/>
							<String ID="string_406" HPOS="818" VPOS="2050" WIDTH="73" HEIGHT="47" WC="0.96" CONTENT="sig,"/><SP WIDTH="25" VPOS="2050" HPOS="891"/>
							<String ID="string_407" HPOS="916" VPOS="2055" WIDTH="67" HEIGHT="41" WC="0.96" CONTENT="att,"/><SP WIDTH="24" VPOS="2055" HPOS="983"/>
							<String ID="string_408" HPOS="1007" VPOS="2049" WIDTH="48" HEIGHT="36" WC="0.96" CONTENT="då"/><SP WIDTH="24" VPOS="2049" HPOS="1055"/>
							<String ID="string_409" HPOS="1079" VPOS="2062" WIDTH="48" HEIGHT="23" WC="0.93" CONTENT="en"/><SP WIDTH="23" VPOS="2062" HPOS="1127"/>
							<String ID="string_410" HPOS="1150" VPOS="2047" WIDTH="143" HEIGHT="37" WC="0.93" CONTENT="komité"/><SP WIDTH="21" VPOS="2047" HPOS="1293"/>
							<String ID="string_411" HPOS="1314" VPOS="2046" WIDTH="226" HEIGHT="48" WC="0.96" CONTENT="disponerar"/><SP WIDTH="19" VPOS="2046" HPOS="1540"/>
							<String ID="string_412" HPOS="1559" VPOS="2044" WIDTH="107" HEIGHT="36" WC="0.96" CONTENT="öfver"/><SP WIDTH="20" VPOS="2044" HPOS="1666"/>
							<String ID="string_413" HPOS="1686" VPOS="2047" WIDTH="42" HEIGHT="32" WC="0.96" CONTENT="så"/><SP WIDTH="21" VPOS="2047" HPOS="1728"/>
							<String ID="string_414" HPOS="1749" VPOS="2048" WIDTH="101" HEIGHT="31" WC="0.95" CONTENT="stora"/>
						</TextLine>
						<TextLine ID="line_37" HPOS="244" VPOS="2094" WIDTH="1607" HEIGHT="57">
							<String ID="string_415" HPOS="244" VPOS="2102" WIDTH="298" HEIGHT="49" WC="0.92" CONTENT="penningmedel"/><SP WIDTH="30" VPOS="2102" HPOS="542"/>
							<String ID="string_416" HPOS="572" VPOS="2101" WIDTH="73" HEIGHT="36" WC="0.96" CONTENT="och"/><SP WIDTH="24" VPOS="2101" HPOS="645"/>
							<String ID="string_417" HPOS="669" VPOS="2101" WIDTH="59" HEIGHT="35" WC="0.96" CONTENT="för"/><SP WIDTH="27" VPOS="2101" HPOS="728"/>
							<String ID="string_418" HPOS="755" VPOS="2100" WIDTH="88" HEIGHT="35" WC="0.96" CONTENT="hela"/><SP WIDTH="28" VPOS="2100" HPOS="843"/>
							<String ID="string_419" HPOS="871" VPOS="2100" WIDTH="66" HEIGHT="35" WC="0.93" CONTENT="sitt"/><SP WIDTH="29" VPOS="2100" HPOS="937"/>
							<String ID="string_420" HPOS="966" VPOS="2098" WIDTH="360" HEIGHT="48" WC="0.92" CONTENT="byggnadsföretag"/><SP WIDTH="26" VPOS="2098" HPOS="1326"/>
							<String ID="string_421" HPOS="1352" VPOS="2097" WIDTH="167" HEIGHT="35" WC="0.96" CONTENT="riskerar"/><SP WIDTH="24" VPOS="2097" HPOS="1519"/>
							<String ID="string_422" HPOS="1543" VPOS="2108" WIDTH="47" HEIGHT="23" WC="0.96" CONTENT="en"/><SP WIDTH="25" VPOS="2108" HPOS="1590"/>
							<String ID="string_423" HPOS="1615" VPOS="2097" WIDTH="41" HEIGHT="33" WC="0.93" CONTENT="så"/><SP WIDTH="27" VPOS="2097" HPOS="1656"/>
							<String ID="string_424" HPOS="1683" VPOS="2094" WIDTH="168" HEIGHT="35" WC="0.92" CONTENT="förkros-"/>
						</TextLine>
						<TextLine ID="line_38" HPOS="246" VPOS="2143" WIDTH="1604" HEIGHT="53">
							<String ID="string_425" HPOS="246" VPOS="2152" WIDTH="118" HEIGHT="37" WC="0.84" CONTENT="gande"/><SP WIDTH="25" VPOS="2152" HPOS="364"/>
							<String ID="string_426" HPOS="389" VPOS="2152" WIDTH="88" HEIGHT="35" WC="0.96" CONTENT="dom"/><SP WIDTH="25" VPOS="2152" HPOS="477"/>
							<String ID="string_427" HPOS="502" VPOS="2151" WIDTH="41" HEIGHT="36" WC="0.96" CONTENT="af"/><SP WIDTH="19" VPOS="2151" HPOS="543"/>
							<String ID="string_428" HPOS="562" VPOS="2165" WIDTH="47" HEIGHT="22" WC="0.96" CONTENT="en"/><SP WIDTH="26" VPOS="2165" HPOS="609"/>
							<String ID="string_429" HPOS="635" VPOS="2157" WIDTH="80" HEIGHT="29" WC="0.96" CONTENT="stor"/><SP WIDTH="25" VPOS="2157" HPOS="715"/>
							<String ID="string_430" HPOS="740" VPOS="2150" WIDTH="220" HEIGHT="46" WC="0.95" CONTENT="allmänhet,"/><SP WIDTH="26" VPOS="2150" HPOS="960"/>
							<String ID="string_431" HPOS="986" VPOS="2149" WIDTH="74" HEIGHT="36" WC="0.96" CONTENT="den"/><SP WIDTH="24" VPOS="2149" HPOS="1060"/>
							<String ID="string_432" HPOS="1084" VPOS="2148" WIDTH="228" HEIGHT="36" WC="0.96" CONTENT="åtminstone"/><SP WIDTH="30" VPOS="2148" HPOS="1312"/>
							<String ID="string_433" HPOS="1342" VPOS="2146" WIDTH="122" HEIGHT="36" WC="0.96" CONTENT="skulle"/><SP WIDTH="27" VPOS="2146" HPOS="1464"/>
							<String ID="string_434" HPOS="1491" VPOS="2145" WIDTH="48" HEIGHT="36" WC="0.92" CONTENT="ha"/><SP WIDTH="29" VPOS="2145" HPOS="1539"/>
							<String ID="string_435" HPOS="1568" VPOS="2143" WIDTH="199" HEIGHT="37" WC="0.91" CONTENT="förskaffat"/><SP WIDTH="24" VPOS="2143" HPOS="1767"/>
							<String ID="string_436" HPOS="1791" VPOS="2143" WIDTH="59" HEIGHT="47" WC="0.96" CONTENT="sig"/>
						</TextLine>
						<TextLine ID="line_39" HPOS="244" VPOS="2193" WIDTH="1608" HEIGHT="55">
							<String ID="string_437" HPOS="244" VPOS="2203" WIDTH="169" HEIGHT="36" WC="0.96" CONTENT="utmärkt"/><SP WIDTH="22" VPOS="2203" HPOS="413"/>
							<String ID="string_438" HPOS="435" VPOS="2202" WIDTH="142" HEIGHT="36" WC="0.96" CONTENT="vackra"/><SP WIDTH="28" VPOS="2202" HPOS="577"/>
							<String ID="string_439" HPOS="605" VPOS="2200" WIDTH="188" HEIGHT="48" WC="0.95" CONTENT="ritningar"/><SP WIDTH="23" VPOS="2200" HPOS="793"/>
							<String ID="string_440" HPOS="816" VPOS="2200" WIDTH="56" HEIGHT="35" WC="0.95" CONTENT="till"/><SP WIDTH="26" VPOS="2200" HPOS="872"/>
							<String ID="string_441" HPOS="898" VPOS="2199" WIDTH="46" HEIGHT="36" WC="0.96" CONTENT="de"/><SP WIDTH="26" VPOS="2199" HPOS="944"/>
							<String ID="string_442" HPOS="970" VPOS="2205" WIDTH="103" HEIGHT="30" WC="0.96" CONTENT="stora"/><SP WIDTH="22" VPOS="2205" HPOS="1073"/>
							<String ID="string_443" HPOS="1095" VPOS="2197" WIDTH="290" HEIGHT="50" WC="0.96" CONTENT="byggnaderna."/><SP WIDTH="56" VPOS="2197" HPOS="1385"/>
							<String ID="string_444" HPOS="1441" VPOS="2196" WIDTH="89" HEIGHT="36" WC="0.96" CONTENT="Men"/><SP WIDTH="24" VPOS="2196" HPOS="1530"/>
							<String ID="string_445" HPOS="1554" VPOS="2194" WIDTH="104" HEIGHT="36" WC="0.95" CONTENT="detta"/><SP WIDTH="24" VPOS="2194" HPOS="1658"/>
							<String ID="string_446" HPOS="1682" VPOS="2199" WIDTH="41" HEIGHT="31" WC="0.92" CONTENT="är"/><SP WIDTH="22" VPOS="2199" HPOS="1723"/>
							<String ID="string_447" HPOS="1745" VPOS="2193" WIDTH="107" HEIGHT="47" WC="0.79" CONTENT="inga-"/>
						</TextLine>
						<TextLine ID="line_40" HPOS="246" VPOS="2244" WIDTH="1607" HEIGHT="51">
							<String ID="string_448" HPOS="246" VPOS="2253" WIDTH="116" HEIGHT="36" WC="0.92" CONTENT="lunda"/><SP WIDTH="36" VPOS="2253" HPOS="362"/>
							<String ID="string_449" HPOS="398" VPOS="2252" WIDTH="118" HEIGHT="36" WC="0.95" CONTENT="fallet."/><SP WIDTH="55" VPOS="2252" HPOS="516"/>
							<String ID="string_450" HPOS="571" VPOS="2252" WIDTH="102" HEIGHT="36" WC="0.96" CONTENT="Utan"/><SP WIDTH="47" VPOS="2252" HPOS="673"/>
							<String ID="string_451" HPOS="720" VPOS="2256" WIDTH="54" HEIGHT="31" WC="0.96" CONTENT="att"/><SP WIDTH="36" VPOS="2256" HPOS="774"/>
							<String ID="string_452" HPOS="810" VPOS="2263" WIDTH="90" HEIGHT="23" WC="0.96" CONTENT="vara"/><SP WIDTH="38" VPOS="2263" HPOS="900"/>
							<String ID="string_453" HPOS="938" VPOS="2250" WIDTH="64" HEIGHT="45" WC="0.96" CONTENT="ful,"/><SP WIDTH="47" VPOS="2250" HPOS="1002"/>
							<String ID="string_454" HPOS="1049" VPOS="2254" WIDTH="41" HEIGHT="31" WC="0.96" CONTENT="är"/><SP WIDTH="44" VPOS="2254" HPOS="1090"/>
							<String ID="string_455" HPOS="1134" VPOS="2248" WIDTH="99" HEIGHT="36" WC="0.93" CONTENT="dock"/><SP WIDTH="45" VPOS="2248" HPOS="1233"/>
							<String ID="string_456" HPOS="1278" VPOS="2247" WIDTH="160" HEIGHT="46" WC="0.54" CONTENT="fagaden"/><SP WIDTH="45" VPOS="2247" HPOS="1438"/>
							<String ID="string_457" HPOS="1483" VPOS="2249" WIDTH="49" HEIGHT="45" WC="0.96" CONTENT="på"/><SP WIDTH="22" VPOS="2249" HPOS="1532"/>
							<String ID="string_458" HPOS="1554" VPOS="2244" WIDTH="299" HEIGHT="47" WC="0.96" CONTENT="riksdagshuset"/>
						</TextLine>
					</TextBlock>
					<TextBlock ID="block_10" HPOS="380" VPOS="2300" WIDTH="1431" HEIGHT="46">
						<TextLine ID="line_41" HPOS="380" VPOS="2300" WIDTH="1431" HEIGHT="46">
							<String ID="string_459" HPOS="380" VPOS="2308" WIDTH="75" HEIGHT="31" WC="0.91" CONTENT="Bih."/><SP WIDTH="24" VPOS="2308" HPOS="455"/>
							<String ID="string_460" HPOS="479" VPOS="2307" WIDTH="47" HEIGHT="32" WC="0.92" CONTENT="till"/><SP WIDTH="21" VPOS="2307" HPOS="526"/>
							<String ID="string_461" HPOS="547" VPOS="2307" WIDTH="112" HEIGHT="32" WC="0.92" CONTENT="Riksd."/><SP WIDTH="25" VPOS="2307" HPOS="659"/>
							<String ID="string_462" HPOS="684" VPOS="2306" WIDTH="83" HEIGHT="32" WC="0.96" CONTENT="Prot."/><SP WIDTH="24" VPOS="2306" HPOS="767"/>
							<String ID="string_463" HPOS="791" VPOS="2308" WIDTH="99" HEIGHT="29" WC="0.96" CONTENT="1895."/><SP WIDTH="46" VPOS="2308" HPOS="890"/>
							<String ID="string_464" HPOS="936" VPOS="2308" WIDTH="20" HEIGHT="28" WC="0.92" CONTENT="4"/><SP WIDTH="25" VPOS="2308" HPOS="956"/>
							<String ID="string_465" HPOS="981" VPOS="2305" WIDTH="97" HEIGHT="32" WC="0.88" CONTENT="Saml."/><SP WIDTH="24" VPOS="2305" HPOS="1078"/>
							<String ID="string_466" HPOS="1102" VPOS="2307" WIDTH="23" HEIGHT="29" WC="0.92" CONTENT="2"/><SP WIDTH="21" VPOS="2307" HPOS="1125"/>
							<String ID="string_467" HPOS="1146" VPOS="2304" WIDTH="78" HEIGHT="42" WC="0.91" CONTENT="Afd."/><SP WIDTH="25" VPOS="2304" HPOS="1224"/>
							<String ID="string_468" HPOS="1249" VPOS="2306" WIDTH="20" HEIGHT="28" WC="0.91" CONTENT="4"/><SP WIDTH="24" VPOS="2306" HPOS="1269"/>
							<String ID="string_469" HPOS="1293" VPOS="2303" WIDTH="93" HEIGHT="38" WC="0.91" CONTENT="Häft."/><SP WIDTH="407" VPOS="2303" HPOS="1386"/>
							<String ID="string_470" HPOS="1793" VPOS="2300" WIDTH="18" HEIGHT="29" WC="0.96" CONTENT="2"/>
						</TextLine>
					</TextBlock>
				</ComposedBlock>
			</PrintSpace>
		</Page>
	</Layout>
</alto>
