2240 2638
519 197 233 33 Sammansatta
776 197 93 32 Stats-
892 195 54 33 och
967 194 265 33 Bankoutskottets
1261 193 164 34 Utlåtande
1448 193 66 32 N:o
1537 196 28 28 5.
1760 193 31 29 HH

362 282 66 42 att,
457 276 89 37 med
569 275 271 37 frånträdande
882 295 47 4 —
958 299 48 3 —
1034 293 48 4 —
1111 295 8 3 —
1195 293 38 4 —
1275 293 34 3 —
1351 293 33 3 —
1420 292 37 4 —
1492 291 46 4 —
1566 291 124 8 NN

229 348 48 5 —
311 348 37 5 —
388 352 26 4 —
445 318 111 63 (jfr.
587 318 118 63 ofvan)
772 349 21 4 —
835 345 25 4 —
906 350 30 3 —
981 344 178 9 ———
1240 318 72 63 —-
1359 318 75 63 Oo
1504 342 31 5 —
1575 341 33 5 —
1646 341 41 5 —
1713 346 49 4 —
1792 340 46 5 —

229 398 50 6 —
308 403 46 4 —
382 378 83 37 helt
488 391 126 24 annan
642 382 90 32 art.»

366 430 71 42 3:0)
465 428 147 38 Motion
638 441 62 23 n:o
729 429 46 35 41
804 427 102 37 inom
937 426 137 37 Första
1102 426 234 36 Kammaren
1364 424 42 37 af
1431 424 90 37 herr
1551 422 41 38 O.
1621 424 51 37 M.
1701 424 136 49 Björn-

230 482 148 49 stjerna,
408 493 82 23 som
514 479 172 46 föreslår,

366 536 55 31 att
459 533 42 33 så
541 529 113 37 framt
694 542 48 23 en
769 528 223 48 minskning
1019 527 41 37 af
1083 526 65 37 det
1174 525 201 38 beslutade
1404 524 316 49 riksdagshusets
1744 523 93 49 höjd

231 582 95 37 eller
368 594 126 23 massa
535 580 75 37 kan
647 579 226 48 derigenom
901 578 212 49 lämpligen
1142 576 284 37 åstadkommas
1456 575 73 37 och
1555 575 106 37 faran
1690 577 42 34 så
1759 587 78 23 me-

232 632 102 37 delst
369 632 194 48 aflägsnas
603 630 57 37 för
699 629 257 50 byggnadens
993 628 171 48 menliga
1203 627 185 37 inverkan
1430 629 50 47 på
1507 625 66 37 det
1600 625 237 48 närbelägna

231 683 131 48 kong].
392 683 152 36 slottets
572 681 201 47 utseende,
802 679 256 50 bemyndigas
1087 678 243 49 fullmägtige
1356 677 13 37 1
1388 677 237 37 riksbanken
1649 676 73 37 och
1742 676 96 36 riks-

230 734 305 48 gäldskontoret,
575 737 90 32 utan
701 731 136 37 hinder
874 730 41 37 af
938 730 244 49 Riksdagens
1209 728 164 49 tidigare
1401 728 13 36 i
1442 733 132 31 ämnet
1601 726 143 38 fattade
1772 727 66 36 be-

232 785 87 47 slut,
347 790 56 31 att
429 783 83 38 från
540 783 66 37 det
628 782 196 37 blifvande
851 781 297 49 riksdagshuset
1166 779 165 37 utesluta
1350 778 395 49 riksgäldskontorets
1765 777 72 37 och

227 832 728 53 justitieombudsmansexpeditionens
983 831 158 37 lokaler.

364 885 239 37 Motionären
632 884 109 36 anför
767 883 59 37 till
853 883 87 37 stöd
969 882 59 37 för
1055 881 165 37 nämnda
1248 880 145 49 förslag
1420 879 208 49 följande
1590 875 42 60 :»

364 930 129 43 Äfven
532 935 71 37 hos
645 934 99 48 dem,
784 947 82 23 som
907 933 162 48 deltagit
1096 934 12 35 i
1135 931 168 38 beslutet
1331 945 61 23 om
1420 929 316 49 riksdagshusets
1765 930 73 36 och

230 987 255 37 riksbankens
508 985 239 50 uppförande
777 988 20 33 å
815 983 384 49 Helgeandsholmen
1220 982 72 36 och
1312 982 132 36 hvilka
1463 980 233 37 fortfarande
1717 980 122 36 önska

232 1051 41 23 se
310 1038 104 36 detta
453 1036 130 38 beslut
618 1035 288 48 förverkligadt,
942 1038 121 33 måste
1099 1033 66 37 det
1202 1033 124 36 väcka
1362 1045 65 24 oro
1462 1036 56 32 att
1545 1032 125 35 erfara
1695 1030 47 37 de
1771 1030 67 36 allt

232 1093 122 32 större
377 1087 282 50 proportioner,
679 1086 154 37 hvartill
856 1084 293 50 ifrågavarande
1168 1083 227 49 byggnader
1415 1082 122 48 enligt
1556 1082 46 36 de
1622 1081 217 50 uppgjorda

231 1139 234 49 ritningarne
500 1138 107 36 vuxit
647 1138 72 36 och
762 1137 63 36 det
864 1136 112 37 deraf
1008 1136 103 36 inom
1152 1134 235 37 vidsträckta
1410 1134 151 36 kretsar
1588 1132 249 37 framkallade

231 1190 161 36 klander
428 1194 80 31 mot
535 1188 88 37 hela
652 1188 195 48 förslaget.
901 1188 17 35 I
946 1187 66 36 det
1040 1190 40 34 år
1111 1187 95 35 1874
1234 1184 239 50 prisbelönta
1496 1183 157 48 förslag,
1679 1196 81 23 som
1786 1182 53 37 af-

232 1244 70 44 såg
330 1253 48 23 en
408 1239 184 50 byggnad
616 1238 57 37 för
700 1238 224 56 Riksdagen
954 1237 71 36 och
1049 1235 376 49 riksgäldskontoret
1452 1237 50 47 på
1529 1233 309 48 Helgeandshol-

232 1304 100 34 men,
360 1295 171 44 upptogs
561 1288 218 49 grundytan
808 1289 57 35 till
895 1289 136 45 50,205
1056 1286 228 50 qvadratfot.

367 1340 135 38 Såsom
543 1339 172 47 behöflig
752 1338 216 49 grundplan
1003 1338 59 36 för
1088 1336 296 48 riksdagshuset
1410 1337 49 46 på
1486 1334 251 36 riksarkivets
1766 1334 72 36 och

232 1391 394 48 riksgäldskontorets
651 1395 140 31 tomter
819 1389 222 37 beräknade
1073 1390 94 34 1879
1194 1390 59 33 års
1280 1386 144 37 komité
1446 1387 134 44 35,882
1602 1384 235 49 qvadratfot;

232 1446 40 33 år
312 1444 108 45 1881,
462 1441 48 37 då
544 1446 57 31 tre
639 1440 190 37 särskilda
869 1439 148 48 förslag
1057 1437 206 37 framlades
1302 1437 58 36 till
1401 1435 314 49 riksdagshusets
1742 1449 96 35 upp-

231 1493 159 37 förande
431 1495 49 46 på
518 1491 103 37 olika
658 1491 145 49 platser
844 1494 20 33 å
904 1489 312 46 Riddarholmen,
1256 1487 244 38 beräknades
1543 1486 73 36 den
1645 1486 193 47 behöfliga

231 1549 191 43 tomtytan
449 1542 58 37 till
530 1544 138 45 48,000
696 1541 237 49 qvadratfot;
961 1542 96 35 1884
1085 1543 61 34 års
1174 1539 156 46 komité,
1351 1551 82 23 som
1453 1536 218 50 uppgjorde
1693 1536 146 48 förslag

231 1594 59 37 till
330 1593 266 48 riksdagshus,
624 1592 279 48 inbegripande
938 1590 336 49 riksgäldskontor
1302 1589 71 37 och
1391 1587 448 49 justitieombudsmans-

233 1644 233 50 expedition,
495 1643 107 37 såväl
630 1646 20 33 å
676 1642 381 49 Helgeandsholmen
1086 1654 81 23 som
1196 1643 49 46 på
1267 1640 91 36 flere
1384 1639 119 36 andra
1525 1638 156 49 platser,
1703 1637 135 37 beräk-

232 1696 99 36 nade
360 1694 254 37 tomtarealen
642 1693 109 36 öfver
778 1693 66 36 allt
870 1693 58 35 till
953 1694 135 44 57,000
1113 1691 229 48 qvadratfot,
1371 1703 88 22 men
1484 1688 96 36 efter
1604 1688 45 35 de
1671 1701 49 22 nu
1740 1688 98 35 före-

232 1745 182 49 liggande
447 1744 202 48 ritningar,
679 1757 82 22 som
789 1744 92 35 bära
909 1741 179 50 påskrift:
1117 1741 143 47 »enligt
1287 1741 41 35 af
1352 1739 242 47 fullmägtige
1623 1738 12 35 i
1663 1738 174 36 riksban-

232 1797 76 36 ken
332 1796 72 36 och
432 1794 377 48 riksgäldskontoret
837 1793 74 36 den
937 1794 21 34 5
989 1792 210 36 november
1230 1793 94 34 1894
1352 1788 197 38 faststäldt
1566 1788 178 47 förslag»
1773 1791 64 45 på-

232 1847 139 36 räknas
400 1845 140 46 dertill,
570 1845 115 36 äfven
709 1845 98 36 efter
834 1848 153 32 senaste
1017 1841 271 50 nedprutning,
1317 1841 136 45 65,000
1482 1839 228 49 qvadratfot.

366 1896 52 36 På
445 1895 194 48 förfrågan
668 1894 41 37 af
736 1896 94 35 1884
851 1898 59 32 års
930 1893 143 37 komité
1095 1891 195 50 uppgåfvo
1310 1891 240 47 fullmägtige
1571 1890 11 35 i
1601 1889 234 36 riksbanken

232 1948 75 36 den
349 1946 192 47 behöfliga
581 1945 218 48 grundytan
827 1945 58 35 för
912 1949 56 31 ett
995 1949 85 43 nytt
1106 1943 277 35 riksbankshus
1411 1941 58 36 till
1500 1942 133 45 10,000
1659 1939 176 49 qvadrat-

232 1998 67 46 fot,
327 1996 152 36 hvartill
504 1996 169 35 komitén
701 1995 87 36 lade
814 1997 45 34 50
888 2000 161 43 procent
1077 1993 60 36 för
1156 2006 125 23 murar
1304 1993 72 35 och
1396 1991 150 48 gårdar,
1567 1993 41 33 så
1632 1995 54 30 att
1704 1991 132 44 15,000

234 2046 217 50 qvadratfot
487 2046 242 36 beräknades
762 2045 57 36 till
855 2051 96 30 tomt
978 2044 59 36 för
1064 2044 162 36 banken.
1280 2043 132 46 Enligt
1438 2055 51 22 nu
1520 2040 214 47 framlagda
1762 2040 74 35 för-

234 2098 85 47 slag
345 2102 192 43 upptager
565 2096 73 36 den
668 2109 80 22 mer
776 2100 46 31 än
847 2096 136 45 30,000
1012 2093 227 49 qvadratfot.

366 2147 79 35 Allt
485 2146 105 35 detta
693 2145 134 36 hviket
866 2145 85 36 icke
995 2144 145 35 kunnat
1163 2143 165 36 förutses
1357 2142 64 36 vid
1448 2140 187 36 beslutets
1666 2139 168 36 fattande

233 2199 103 36 inom
359 2196 235 47 Riksdagen,
623 2196 77 35 lika
728 2195 82 36 litet
834 2208 81 23 som
946 2195 41 35 af
1011 2193 281 36 motionärerna
1319 2193 12 35 i
1361 2195 131 33 ämnet
1515 2190 94 36 eller
1636 2203 199 22 reservan-

233 2255 108 30 terna
380 2247 12 36 i
434 2248 95 35 1884
572 2249 60 33 års
673 2246 155 46 komité,
867 2245 47 36 då
942 2244 46 36 de
1018 2244 204 47 tillstyrkte
1251 2241 237 50 uppförande
1513 2241 40 35 af
1573 2240 97 37 blott
1693 2248 44 28 ett
1765 2239 71 35 hus
