2180 2634
450 194 17 26 2
901 188 241 43 Lagutskottets
1172 186 173 36 Utlåtande
1369 187 62 35 N:o
1453 192 50 30 37.

541 274 56 35 De
634 275 101 35 flesta
768 275 245 35 ecklesiastika
1040 277 172 34 boställen
1238 280 61 30 äro
1327 276 270 44 ursprungligen
1624 276 289 45 skattehemman,
1939 277 65 35 till-

410 326 126 34 komna
576 323 45 46 på
661 324 38 36 så
739 329 81 41 sätt,
862 330 55 31 att
956 327 167 44 antingen
1152 327 133 35 enskild
1312 337 125 34 person
1465 328 146 34 donerat
1638 327 87 44 dem,
1753 328 84 35 eller
1864 328 139 35 socken-

408 376 264 44 menigheterna
699 387 121 34 genom
852 378 203 44 »skötning»
1089 378 12 34 i
1125 378 111 43 mark,
1261 378 83 34 land
1370 378 63 34 och
1457 381 69 41 äng
1545 376 101 36 hållit
1665 378 174 35 desamma
1859 382 146 41 prester-

410 427 124 43 skapet
569 428 187 44 tillhanda,
791 430 53 32 att
871 429 192 34 boställena
1091 428 11 34 i
1127 429 277 44 jordeböckerna
1431 426 91 37 ifrån
1554 429 197 35 1540-talet
1777 429 106 36 äfven
1910 431 94 35 varit

409 480 179 42 upptagna
629 476 110 37 såsom
781 479 277 34 skattehemman
1100 480 64 34 och
1205 477 144 46 påförda
1389 479 237 44 grundräntor
1659 483 88 31 samt
1774 481 229 35 kronotionde

408 526 111 36 såsom
559 529 111 35 andra
707 530 276 35 skattehemman
1010 530 92 34 intill
1130 527 40 37 år
1201 532 104 41 1612,
1334 527 44 37 då
1401 530 142 44 konung
1571 528 134 37 Gustaf
1727 530 38 35 II
1791 530 114 36 Adolf
1928 533 75 34 med

411 579 187 44 anledning
625 580 40 34 af
688 581 278 43 presterskapets
993 581 11 34 i
1031 579 289 45 Angermanland
1348 578 186 46 klagomål,
1563 583 55 32 att
1637 581 41 35 de
1697 581 76 35 icke
1792 582 92 44 finge
1903 582 101 45 njuta

408 630 76 34 dem
512 630 38 34 af
574 628 208 47 föregående
809 632 184 43 konungar
1019 628 141 47 nådigst
1186 631 174 45 beviljade
1387 631 107 35 frihet
1520 629 44 46 på
1583 632 77 34 sina
1687 634 174 43 stommar,
1881 644 123 33 genom

408 679 122 45 nådigt
568 681 81 35 bref
686 681 38 35 af
748 682 65 34 den
847 684 46 33 20
927 682 186 35 november
1140 692 129 24 samma
1297 679 40 37 år
1364 682 166 34 förunnat
1556 683 261 44 presterskapet
1838 687 61 39 att
1918 683 87 43 fritt

409 731 58 35 och
495 731 83 44 qvitt
604 733 111 42 njuta,
744 732 105 35 bruka
877 732 58 35 och
962 732 131 35 behålla
1120 733 78 34 sina
1225 732 173 36 boställen.
1440 732 127 35 Denna
1595 733 108 35 frihet
1721 734 72 35 blef
1808 734 40 35 af
1863 735 143 45 konung

409 780 83 37 Carl
518 781 57 35 XI
602 782 187 35 bekräftad
816 783 65 35 den
915 785 15 32 1
961 784 144 35 oktober
1136 785 93 33 1675
1250 783 75 35 med
1344 784 136 44 tillägg,
1497 786 53 32 att
1568 785 278 44 presterskapets
1864 786 139 44 disposi-

408 833 165 34 tionsrätt
614 834 99 34 öfver
752 834 100 34 deras
884 834 170 35 boställen
1087 834 113 34 skulle
1227 835 92 43 gälla
1348 837 115 32 vatten
1490 834 57 35 och
1574 834 94 36 land.
1723 834 187 37 Dessutom
1937 837 66 34 till-

408 883 159 35 försäkra
608 885 278 44 presterskapets
926 885 202 44 privilegier
1168 885 38 34 af
1242 885 65 34 den
1343 886 44 34 16
1416 885 145 35 oktober
1592 887 93 33 1723
1714 906 46 4 —
1788 887 215 35 stadfästade

407 935 65 34 den
501 936 20 33 2
549 945 92 24 mars
673 936 92 34 1789
794 955 48 5 —
870 946 129 24 samma
1027 935 118 44 frihet,
1174 933 44 37 då
1244 936 58 34 det
1329 935 11 35 i
1368 938 23 32 4
1418 935 22 45 &
1464 936 40 34 af
1523 946 131 25 samma
1673 937 201 45 privilegier
1892 938 110 45 heter,

406 988 54 32 att
492 985 90 34 alla
605 989 136 41 prester
766 986 13 34 i
801 997 121 33 gemen
949 985 91 36 skola
1068 984 230 44 oförändradt
1325 986 132 35 behålla
1483 986 77 35 sina
1583 988 227 44 prestgårdar
1830 1008 46 5 —
1895 1009 45 4 —
1955 1009 47 5 —

406 1036 54 34 till
499 1036 59 34 sitt
597 1036 191 43 underhåll,
821 1040 85 31 utan
938 1038 130 34 andras
1088 1035 152 45 förfång
1267 1037 77 34 dem
1371 1037 106 35 bruka
1504 1037 57 35 och
1588 1037 111 44 häfda
1728 1059 44 4 —
1805 1060 42 4 —
1877 1059 46 6 —
1952 1040 53 35 till

405 1089 116 32 vatten
548 1086 58 49 och
633 1087 116 34 land.>

540 1136 118 36 Afven
692 1138 115 43 kongl.
837 1138 247 44 förordningen
1113 1138 68 34 den
1212 1139 40 33 11
1277 1137 67 45 juli
1376 1140 106 42 1862,
1506 1138 22 46 8
1557 1141 20 33 9
1607 1140 239 44 föreskrifver,
1876 1144 54 32 att
1956 1142 47 34 in-

407 1188 164 43 komster,
612 1188 121 36 hvilka
773 1188 141 35 tillfalla
954 1189 261 44 presterskapet
1254 1189 199 43 derigenom
1493 1210 47 3 —
1577 1210 47 4 —
1666 1211 45 4 —
1750 1195 54 32 att
1844 1192 160 35 hemman

405 1234 117 53 blifvit
549 1216 53 57 till
630 1239 86 44 följd
744 1239 38 34 af
805 1239 125 45 bidrag
958 1239 38 35 af
1020 1239 247 44 församlingen
1296 1239 53 34 till
1376 1240 294 46 löneförbättring
1689 1239 36 37 åt
1743 1244 260 44 presterskapet

406 1289 211 43 anskaffadt,
646 1290 78 34 icke
752 1287 35 37 få
814 1290 54 34 till
896 1290 152 44 aflöning
1075 1290 40 34 af
1139 1300 116 24 annan
1283 1290 221 45 församlings
1530 1294 97 41 prest
1654 1294 190 35 användas.

539 1339 65 36 Uti
647 1342 20 33 2
709 1343 186 32 momentet
934 1341 39 34 af
1005 1351 131 24 samma
1164 1339 22 46 $
1213 1341 145 34 betonas
1385 1342 251 45 uttryckligen,
1665 1346 54 32 att
1744 1344 196 36 inkomsten
1967 1346 39 34 af

406 1390 299 36 bostadsboställen
732 1411 46 4 —
805 1392 170 35 hvarmed
1001 1391 166 61 tydligen
1208 1389 126 37 förstås
1375 1390 130 37 sådana
1536 1394 182 44 boställen,
1746 1405 70 24 som
1844 1396 40 34 af
1908 1400 94 40 prest

402 1440 106 35 bebos
535 1442 63 34 och
627 1442 130 34 brukas
785 1462 45 4 —
858 1442 72 35 icke
956 1443 55 34 må
1037 1439 80 37 från
1144 1452 41 24 en
1214 1442 53 34 till
1294 1452 117 25 annan
1438 1443 204 45 församling
1669 1419 230 76 öfverflyttas.

538 1491 130 45 Kongl.
712 1493 245 44 förordningen
998 1493 63 34 den
1105 1494 45 33 29
1189 1492 76 45 juni
1301 1495 93 33 1866
1424 1493 179 46 angående
1631 1494 267 47 hushållningen
1925 1499 76 34 med

406 1543 41 33 de
488 1543 176 34 allmänna
706 1544 172 43 skogarne
918 1544 12 34 i
969 1544 93 34 riket
1102 1544 146 43 stadgar
1288 1544 169 44 derjemte
1490 1546 11 34 i
1530 1548 47 33 24
1604 1544 34 47 8,
1668 1549 53 32 att
1748 1547 65 35 den
1840 1546 162 38 behållna

404 1594 367 44 skogsafkastningen,
800 1604 71 25 som
899 1594 31 45 ej
960 1594 157 35 tillfaller
1144 1595 329 45 boställshafvaren,
1501 1597 91 34 skall
1618 1597 13 34 i
1653 1596 350 43 öfverensstämmelse

405 1645 79 34 med
521 1645 237 44 nyssnämnda
798 1645 110 44 kongl.
940 1644 214 45 förordning
1194 1646 65 33 den
1292 1647 48 32 11
1363 1646 72 43 juli
1461 1648 105 34 1862
1592 1649 179 34 användas
1798 1649 53 35 till
1879 1650 124 44 bidrag

403 1695 59 34 vid
502 1695 224 44 reglerandet
766 1696 38 34 af
840 1696 280 44 presterskapets
1160 1695 201 45 inkomster,
1396 1697 111 36 likväl
1534 1698 78 35 icke
1640 1696 49 46 så,
1718 1702 54 32 att
1798 1700 66 34 den
1892 1700 110 36 öfver-

403 1740 165 67 flyttades
608 1747 55 33 till
702 1757 117 23 annan
859 1746 203 44 församling
1095 1743 182 49 (pastorat)
1306 1725 55 56 för
1389 1747 182 36 aflönande
1599 1748 40 35 af
1662 1727 78 58 dess
1765 1751 235 45 presterskap,

402 1800 86 31 utan
515 1795 44 45 på
586 1797 60 35 det
673 1799 82 40 sätt,
784 1799 53 32 att
864 1797 66 34 den
958 1796 178 37 användes
1163 1797 54 34 till
1244 1797 154 45 aflöning
1424 1799 40 34 af
1487 1810 116 24 annan
1631 1802 96 41 prest
1752 1801 91 35 inom
1870 1812 132 25 samma

401 1849 159 41 pastorat
587 1848 86 34 eller
700 1825 55 56 till
781 1847 161 35 bildande
969 1848 39 34 af
1032 1858 70 34 nya
1129 1848 207 44 presterliga
1360 1849 252 46 befattningar,
1629 1850 183 46 byggande
1831 1852 40 35 af
1887 1852 115 45 kyrka

402 1898 64 34 och
493 1896 184 46 prestgård
703 1898 90 34 inom
821 1908 130 25 samma
979 1901 170 42 pastorat.

535 1948 65 36 Uti
641 1948 47 46 $$
730 1950 45 33 24
815 1949 63 34 och
921 1951 44 33 27
1007 1949 38 35 af
1074 1959 131 25 samma
1238 1949 204 46 förordning
1468 1952 90 34 talas
1586 1962 53 24 om
1667 1953 334 37 boställshafvarens

401 1999 103 34 andel
543 2000 39 33 af
619 1999 366 45 skogsafkastningen,
1018 2000 10 34 i
1061 2000 67 35 den
1156 2000 94 34 förra
1276 1999 34 46 $,
1339 1998 45 37 då
1411 2001 69 35 han
1507 2002 83 44 sjelf
1614 2000 130 38 vårdar
1770 2004 143 45 skogen,
1938 2006 64 34 och

400 2049 11 33 i
439 2049 65 34 den
544 2060 135 34 senare,
721 2047 43 37 då
802 2050 132 44 skogen
974 2054 39 31 är
1045 2051 92 35 stäld
1164 2050 110 35 under
1301 2051 240 44 skogsstatens
1568 2051 89 37 vård
1684 2055 63 34 och
1773 2055 225 45 förvaltning.

399 2091 119 43 Äfven
545 2101 11 33 i
584 2111 123 24 senare
748 2100 98 35 fallet
886 2101 228 35 tillerkännes
1154 2102 292 35 boställshafvare
1491 2117 11 16 »
1511 2102 160 46 behöriga
1697 2106 179 35 andelar».
1930 2105 73 37 Det

398 2151 63 33 bör
501 2151 168 35 särskildt
709 2152 214 42 observeras,
952 2155 54 32 att
1032 2152 60 35 vid
1119 2152 113 35 denna
1260 2152 221 59 förordnings
1508 2155 205 35 beslutande
1739 2166 65 26 var
1830 2157 60 35 det
1917 2157 85 35 sista

398 2199 149 47 gången,
589 2212 71 24 som
702 2180 257 66 presteståndet
998 2202 304 46 grundlagsenligt
1342 2206 90 33 satts
1462 2205 12 34 i
1500 2205 139 35 tillfälle
1679 2209 54 32 att
1771 2210 98 41 yttra
1909 2208 54 44 sig
1992 2208 12 34 i

398 2251 114 36 denna
539 2252 137 45 vigtiga
703 2251 295 47 privilegiefråga.
