1874 2808
264 171 40 29 78
562 172 123 39 Tredje
708 172 244 39 lagutskottets
975 174 178 29 utlåtande
1175 183 43 20 nr
1240 175 38 28 11
1301 175 39 29 år
1363 175 83 29 1962

261 251 111 29 andra
391 251 224 30 kammarens
636 251 110 30 första
767 252 175 39 tillfälliga
961 253 135 30 utskott
1117 254 10 28 i
1148 253 187 40 anledning
1357 263 41 20 av
1417 255 125 29 väckta
1563 255 183 33 motioner,

260 304 64 29 hos
341 304 124 39 Kungl.
483 304 105 39 Maj:t
605 313 56 21 om
679 305 191 38 skyndsam
888 305 185 39 utredning
1090 315 41 20 av
1150 306 122 39 frågan
1290 307 174 29 huruvida
1481 307 75 29 icke
1574 308 170 28 kommun

261 365 42 20 av
321 359 112 27 staten
451 357 105 29 borde
573 357 144 29 beredas
735 358 192 38 ersättning
947 358 53 29 för
1018 359 198 34 kostnader,
1236 359 187 29 åsamkade
1442 368 124 30 genom
1585 360 162 29 kommu-

260 409 57 29 nal
336 409 196 30 brandkårs
552 410 204 38 deltagande
777 411 8 28 i
807 411 181 38 släckning
1008 420 42 20 av
1068 411 111 29 brand
1198 412 11 28 i
1230 413 112 28 staten
1362 412 154 38 tillhörig
1536 412 207 30 oförsäkrad

261 463 177 38 egendom.
456 463 137 38 Frågan
609 463 159 29 återkom
784 464 10 28 i
811 464 171 28 motioner
999 464 51 29 till
1071 465 80 28 1957
1170 464 56 29 års
1244 465 151 38 riksdag,
1413 465 120 29 därvid
1551 466 193 29 emellertid

260 515 79 29 med
363 515 137 39 hänsyn
525 516 51 29 till
600 516 67 29 den
690 516 177 39 pågående
892 516 231 39 utredningen
1148 517 104 39 något
1276 519 77 37 nytt
1377 518 149 29 initiativ
1551 518 78 29 från
1655 519 90 29 riks-

260 568 129 38 dagens
407 568 74 29 sida
497 569 30 38 ej
547 569 125 38 ansågs
689 569 165 39 påkallat.

303 622 12 27 I
341 621 55 29 det
420 621 219 29 betänkande
664 631 73 20 som
762 623 230 38 utredningen
1017 623 164 39 framlagt
1205 624 63 28 har
1294 624 201 29 samhällets
1520 624 143 38 utgifter
1687 624 55 28 för

259 673 285 30 brandförsvaret
558 674 179 29 befunnits
751 675 9 28 i
776 677 87 27 stort
877 677 65 27 sett
956 676 54 28 väl
1024 676 163 38 avvägda.
1203 676 236 39 Utredningen
1455 677 63 28 har
1532 676 117 29 därför
1663 677 78 28 med

259 726 262 38 utgångspunkt
542 727 9 28 i
572 727 201 29 nuvarande
792 727 246 29 kostnadsram
1059 728 94 29 inom
1173 728 303 31 brandförsvarets
1498 729 113 29 skilda
1630 729 113 29 områ-

258 779 66 28 den
344 779 65 29 och
428 779 369 39 verksamhetsgrenar
815 781 132 38 prövat,
968 781 173 29 huruvida
1161 781 237 30 kostnaderna
1418 782 117 29 kunde
1554 782 188 39 begränsas

260 833 84 27 utan
358 832 250 29 eftersättande
622 842 42 20 av
677 832 255 31 effektiviteten
945 834 82 29 eller
1041 834 174 29 huruvida
1229 843 43 20 en
1286 835 131 38 ökning
1432 845 41 19 av
1488 835 254 29 effektiviteten

257 894 62 19 var
343 885 121 38 möjlig
488 887 84 27 utan
596 886 217 29 nämnvärda
838 886 374 39 kostnadsstegringar.
1238 888 193 29 Resultatet
1457 897 41 20 av
1523 888 99 29 dessa
1649 889 95 28 över-

257 937 180 39 väganden
459 938 64 29 har
543 938 30 38 ej
597 938 61 30 lett
680 938 50 30 till
753 938 130 39 förslag
904 948 57 20 om
982 939 108 39 några
1111 949 73 19 mer
1205 941 294 38 genomgripande
1521 940 188 39 ändringar
1732 941 9 29 i

258 988 219 30 förhållande
498 990 52 29 till
569 990 67 29 vad
657 999 74 21 som
753 1000 47 19 nu
821 992 116 38 gäller.
959 992 255 39 Utredningens
1236 993 360 39 ställningstaganden
1616 994 11 28 i
1649 994 94 29 olika

257 1042 118 39 frågor
394 1052 101 29 synes
515 1043 191 30 emellertid
727 1045 220 38 synnerligen
965 1045 55 29 väl
1039 1045 258 39 underbyggda.
1318 1046 86 29 Dess
1424 1047 92 28 olika
1538 1047 203 28 uttalanden

257 1095 65 28 och
340 1095 130 38 förslag
487 1096 65 28 har
569 1096 106 29 också
692 1097 79 28 rönt
789 1096 199 39 påfallande
1007 1099 71 27 stor
1096 1098 204 38 anslutning
1318 1108 42 19 av
1378 1099 279 37 remissorganen
1677 1099 64 28 och

258 1147 63 29 har
335 1148 10 28 i
360 1147 38 29 så
412 1150 72 36 gott
498 1157 75 20 som
587 1148 61 29 allt
662 1149 185 38 väsentligt
861 1149 89 38 lagts
964 1150 52 29 till
1031 1150 113 38 grund
1159 1150 54 29 för
1229 1150 56 29 det
1300 1159 47 20 nu
1364 1150 54 29 för
1433 1151 185 38 riksdagen
1634 1151 107 29 fram-

256 1199 101 39 lagda
373 1199 165 40 förslaget
555 1200 50 30 till
622 1209 46 30 ny
681 1200 345 41 brandlagstiftning.

298 1256 152 30 Jämfört
469 1257 79 29 med
567 1257 40 30 de
627 1257 234 31 schematiska
881 1258 109 39 regler
1009 1268 75 20 som
1103 1259 125 30 hittills
1248 1260 83 38 gällt
1351 1260 105 39 enligt
1477 1261 264 29 normalbrand-

256 1310 236 38 ordningarna
511 1310 146 29 föreslås
676 1311 257 30 kommunerna
952 1312 98 29 skola
1069 1312 132 29 erhålla
1220 1313 136 29 relativt
1377 1315 71 27 stor
1468 1313 105 30 frihet
1592 1316 49 27 att
1662 1314 77 29 med

255 1362 137 38 hänsyn
411 1363 51 29 till
482 1363 40 29 de
540 1363 116 29 lokala
675 1363 266 30 förhållandena
959 1365 193 29 bestämma
1172 1367 362 37 sammansättningen
1554 1376 42 19 av
1614 1367 126 29 brand-

256 1415 186 38 styrkorna
461 1415 88 29 efter
566 1415 145 30 behovet
730 1426 42 19 av
790 1417 290 34 heltidsanställd,
1101 1418 278 29 deltidsanställd
1399 1419 64 28 och
1483 1419 257 39 tjänstepliktig

255 1469 172 37 personal.
444 1468 146 30 Särskilt
606 1478 40 20 av
661 1469 247 30 kostnadsskäl
924 1479 78 20 men
1018 1470 86 29 även
1121 1470 78 30 från
1215 1470 411 40 effektivitetssynpunkt
1642 1472 98 29 torde

256 1520 165 39 förslaget
436 1521 10 29 i
461 1521 115 30 denna
590 1522 53 29 del
658 1522 167 30 innebära
840 1532 42 19 en
897 1523 66 38 god
977 1523 147 39 lösning.
1140 1524 188 38 Förslagen
1343 1533 56 20 om
1413 1525 113 28 bättre
1542 1524 197 40 utbildning

255 1582 42 20 av
315 1573 241 30 brandbefälet
577 1575 64 28 och
661 1583 57 21 om
739 1575 143 39 skärpta
902 1576 87 29 krav
1008 1576 45 38 på
1073 1576 426 40 utryckningsberedskap
1520 1586 102 30 synes
1644 1579 95 28 inne-

254 1625 84 29 bära
354 1626 265 38 betydelsefulla
638 1626 249 39 förbättringar
903 1628 10 28 i
931 1628 439 30 effektivitetshänseende.
1388 1630 52 28 En
1459 1630 280 39 rationalisering

254 1687 42 20 av
314 1678 419 39 brandsyneförfarandet
751 1680 10 28 i
781 1680 151 38 enlighet
950 1681 78 28 med
1049 1680 164 40 förslaget
1232 1682 98 28 torde
1351 1682 140 29 komma
1512 1684 49 28 att
1580 1683 157 29 medföra

254 1731 194 38 betydande
468 1732 226 39 besparingar
714 1735 84 27 utan
820 1735 49 27 att
888 1733 130 29 kraven
1039 1734 43 38 på
1102 1736 48 27 ett
1170 1734 291 39 ändamålsenligt
1483 1735 255 39 förebyggande

253 1783 250 30 brandförsvar
524 1784 207 31 eftersättes.
753 1786 178 38 Förslaget
952 1785 110 31 måste
1084 1787 203 38 härigenom
1310 1788 63 28 och
1395 1788 10 28 i
1427 1788 110 38 övrigt
1560 1798 100 19 anses
1682 1789 54 28 väl

253 1839 175 27 motsvara
448 1837 40 29 de
509 1837 153 39 anspråk
683 1838 10 29 i
715 1838 98 38 fråga
833 1847 56 20 om
908 1839 303 30 brandförsvarets
1232 1840 190 29 kostnader
1442 1841 64 28 och
1528 1840 208 30 effektivitet

256 1889 185 39 riksdagen
467 1897 124 31 genom
618 1890 54 29 sin
697 1890 151 39 begäran
875 1900 56 20 om
958 1892 186 39 utredning
1169 1892 11 29 i
1207 1892 94 29 detta
1329 1893 197 29 hänseende
1552 1894 90 28 velat
1670 1894 69 28 till-

250 1942 138 39 godose.

296 1999 226 30 Beträffande
544 2009 25 20 s.
592 2000 32 29 k.
648 2000 301 39 släckningshjälp
970 2001 57 29 vid
1049 2001 171 30 inträffad
1241 2002 111 29 brand
1375 2003 129 29 uttalas
1527 2004 9 28 i
1560 2003 176 38 förslaget,

253 2052 50 27 att
320 2051 114 29 denna
451 2052 62 28 bör
531 2052 211 29 förbehållas
761 2052 61 29 fall
841 2062 74 20 som
934 2053 30 39 ej
984 2054 39 28 är
1042 2053 218 30 förutsebara
1278 2055 51 28 till
1350 2054 88 39 följd
1457 2064 41 20 av
1516 2055 220 38 geografiska

253 2104 64 29 och
346 2104 108 29 andra
486 2104 253 34 förhållanden,
770 2106 126 28 medan
926 2106 55 28 för
1010 2107 118 38 övriga
1158 2108 417 28 samverkansituationer
1606 2108 129 29 fastare

252 2157 365 33 överenskommelser,
641 2167 25 19 s.
681 2158 33 30 k.
737 2158 305 38 släckningsavtal,
1065 2159 61 29 bör
1149 2159 126 30 träffas
1298 2160 256 29 kommunerna
1576 2161 158 28 emellan.

253 2209 200 29 Uttalandet
479 2210 37 28 är
541 2210 76 28 värt
643 2211 48 28 att
719 2210 242 38 understryka,
988 2210 44 30 då
1058 2211 65 29 den
1150 2210 174 39 tillfälliga
1352 2211 345 40 släckningshjälpen
1723 2212 11 28 i

253 2261 218 30 förhållande
489 2262 50 29 till
558 2263 339 39 släckningsavtalen
916 2265 37 28 är
969 2264 113 38 ägnad
1100 2266 49 27 att
1167 2265 75 29 leda
1260 2265 51 29 till
1331 2266 109 28 större
1458 2266 276 29 totalkostnader

251 2314 55 29 för
326 2315 297 39 brandsläckning
645 2316 63 28 och
730 2316 51 29 till
804 2325 42 20 en
868 2317 143 28 orättvis
1035 2317 369 38 kostnadsfördelning
1426 2319 127 28 mellan
1576 2319 158 28 kommu-

252 2376 118 20 nerna.
387 2368 63 29 Det
462 2368 41 28 är
517 2368 194 38 uppenbart
727 2371 49 27 att
791 2369 256 29 kommunerna
1063 2371 85 28 även
1164 2369 87 30 efter
1266 2379 41 20 en
1323 2379 45 29 ny
1384 2371 350 38 kommunindelning

252 2420 30 38 ej
308 2420 97 29 alltid
429 2421 68 28 kan
521 2421 100 38 sägas
645 2422 123 38 utgöra
790 2421 40 29 de
854 2424 87 27 mest
964 2422 164 39 lämpliga
1152 2423 188 29 enheterna
1365 2422 54 29 för
1442 2425 46 27 ett
1512 2424 220 29 ekonomiskt

252 2473 65 29 och
345 2473 161 30 effektivt
535 2473 259 31 brandförsvar.
825 2475 57 29 Ett
911 2475 54 29 väl
995 2475 187 39 uppbyggt,
1212 2475 290 40 ändamålsenligt
1533 2479 127 36 system
1691 2486 42 19 av
