1884 2809
251 179 40 29 46
551 178 123 38 Tredje
696 177 245 39 lagutskottets
964 176 178 30 utlåtande
1164 186 43 20 nr
1230 177 36 29 11
1290 176 39 30 år
1352 177 83 29 1962

251 258 336 39 ningsmöjligheter.
607 258 73 28 Den
699 266 48 20 nu
767 256 159 40 gällande
945 256 259 39 uppdelningen
1223 256 44 39 på
1286 256 77 29 stad
1382 256 66 29 och
1467 256 82 29 land
1569 256 69 29 kan
1658 256 75 29 där-

251 312 54 29 för
324 312 74 29 icke
416 311 189 38 lämpligen
623 310 117 39 läggas
759 310 50 30 till
829 309 113 39 grund
961 309 55 29 för
1034 309 93 30 olika
1145 309 85 29 krav
1249 309 44 38 på
1311 309 207 39 utbildning.
1538 309 52 29 En
1610 309 125 29 under-

252 365 148 38 sökning
419 373 42 20 av
479 363 267 30 förhållandena
765 362 111 30 måste
896 363 100 38 göras
1016 362 10 29 i
1045 362 97 39 varje
1161 362 170 29 kommun
1352 361 54 29 för
1426 361 61 39 sig.
1508 361 228 39 Kompetens-

252 418 129 29 kraven
403 417 62 29 bör
486 417 76 29 icke
584 417 174 38 anknytas
782 416 51 29 till
855 415 269 39 brandkårstyp.
1148 415 12 29 I
1185 415 113 29 stället
1321 415 61 29 bör
1405 415 106 39 enligt
1535 414 166 40 förslaget
1723 414 12 30 i

251 470 305 38 brandordningen
582 470 212 29 bestämmas
819 469 117 29 vilken
961 469 204 38 kompetens
1192 468 234 29 kommunens
1451 467 194 30 brandehef
1670 468 64 29 och

252 524 110 38 övrigt
391 522 205 30 brandbefäl
627 522 88 29 skall
745 522 55 29 ha.
832 521 210 39 Härigenom
1072 521 159 30 kommer
1261 520 332 39 kompetensfrågan
1624 520 112 29 under

251 576 269 39 länsstyrelsens
535 576 170 38 prövning
720 576 10 28 i
746 575 170 29 samband
931 574 78 30 med
1026 574 223 30 fastställelse
1264 583 41 20 av
1321 574 82 29 eller
1419 574 148 38 ändring
1583 574 10 28 i
1609 574 126 29 brand-

250 629 203 39 ordningen.

295 683 12 29 I
331 682 124 39 frågan
478 691 57 21 om
570 681 422 39 underställning
1027 690 52 20 av
1113 681 166 29 beslut
1313 689 67 21 om
1414 680 236 30 utseende
1684 689 51 20 av

250 735 274 30 brandechef
566 735 87 30 och
696 735 106 29 vice
845 734 283 30 brandecehef
1170 734 134 29 erinrar
1336 733 398 39 brandlagsrevisionen,

250 791 50 27 att
320 789 57 29 det
396 789 58 28 vid
473 788 159 39 gällande
652 788 74 38 lags
746 788 171 29 tillkomst
937 787 126 39 ansågs
1084 789 50 27 att
1154 786 250 39 länsstyrelsen
1425 786 79 29 med
1524 786 137 38 hänsyn
1682 786 52 29 till

251 841 54 29 sin
322 841 119 38 tillsyn
458 841 81 29 över
555 840 286 30 brandförsvaret
858 840 105 29 borde
979 840 65 38 äga
1062 839 195 39 inflytande
1275 839 45 39 på
1336 839 67 30 den
1421 839 55 29 för
1494 839 112 29 dettas
1625 838 112 29 effek-

253 894 110 30 tivitet
387 894 38 30 så
446 894 132 39 viktiga
602 893 133 39 frågan,
759 893 93 30 vilka
876 902 165 30 personer
1065 902 75 21 som
1164 892 113 30 skulle
1301 892 142 29 handha
1467 892 66 29 den
1557 893 179 28 närmaste

250 947 186 39 ledningen
470 956 42 20 av
543 946 286 30 brandförsvaret
862 947 10 29 i
906 946 266 30 kommunerna.
1206 945 392 39 Brandlagsrevisionen
1632 953 103 21 anser

250 1001 192 29 emellertid
463 1002 50 28 att
534 1000 57 30 det
612 1000 80 30 från
713 1000 411 39 effektivitetssynpunkt
1145 1008 147 21 numera
1313 999 76 29 icke
1410 998 176 30 erfordras
1610 998 126 29 under-

251 1054 165 39 ställning
439 1053 103 30 såvitt
564 1054 216 29 kommunen
802 1055 95 27 utser
919 1062 42 20 en
983 1062 125 30 person
1131 1062 76 20 som
1229 1052 176 39 uppfyller
1427 1052 42 29 de
1491 1052 10 28 i
1525 1051 211 39 författning

251 1107 149 38 angivna
418 1106 160 30 formella
595 1107 349 38 kompetenskraven.
962 1106 164 29 Däremot
1143 1106 62 29 bör
1222 1106 10 29 i
1251 1105 71 34 fall,
1341 1105 44 30 då
1402 1107 118 36 avsteg
1538 1105 97 38 göres
1655 1103 78 30 från

251 1160 101 29 dessa
374 1160 95 33 krav,
491 1169 81 20 vare
595 1159 51 39 sig
669 1159 44 39 på
735 1159 113 39 grund
871 1169 41 19 av
936 1159 172 29 särskilda
1131 1157 422 39 undantagsföreskrifter
1576 1157 82 29 eller
1681 1157 51 29 till

251 1212 89 39 följd
361 1222 41 19 av
423 1212 95 29 äldre
539 1212 280 29 bestämmelsers
841 1211 167 39 giltighet,
1030 1220 42 21 en
1094 1211 170 39 prövning
1286 1220 41 20 av
1349 1211 65 29 den
1437 1210 134 38 sakliga
1592 1210 142 37 kompe-

252 1267 119 27 tensen
391 1265 101 38 göras
511 1273 41 20 av
571 1264 249 39 länsstyrelsen
840 1265 10 28 i
870 1264 78 29 dess
967 1264 175 39 egenskap
1162 1272 42 21 av
1223 1262 354 40 tillsynsmyndighet.
1597 1262 136 29 Försla-

252 1319 55 37 get
334 1317 145 30 innebär
507 1317 148 30 sålunda
682 1319 51 28 att
760 1316 236 30 förordnande
1024 1325 75 21 som
1127 1315 194 30 brandcehef
1347 1315 65 29 och
1439 1315 73 29 vice
1540 1313 195 30 brandcehef

251 1370 88 30 skall
353 1370 175 30 meddelas
542 1379 42 21 av
597 1370 258 30 vederbörande
868 1369 228 30 kommunala
1108 1377 118 31 organ.

293 1424 66 30 Om
394 1423 592 40 brandehefssysslorna
1021 1431 95 21 som
1151 1422 308 30 kommunala
1495 1421 239 29 förtroen-

249 1476 249 40 deuppdrag
564 1476 130 31 uttalar
715 1476 386 39 brandlagsrevisionen
1124 1478 50 27 att
1195 1475 306 30 brandförsvarets
1524 1474 211 29 effektivitet

250 1529 75 30 icke
345 1529 148 39 främjas
513 1537 124 31 genom
657 1531 50 28 att
727 1529 101 30 dessa
846 1529 344 39 befattningshavare
1210 1530 95 28 utses
1326 1527 187 39 tvångsvis.
1534 1527 43 30 Så
1597 1527 64 29 har
1680 1536 56 20 ve-

250 1582 145 39 terligen
420 1582 108 30 heller
552 1582 111 40 aldrig
689 1582 102 30 skett.
816 1581 390 40 Brandlagsrevisionen
1232 1580 148 30 föreslår
1404 1580 45 40 på
1473 1580 113 39 grund
1611 1589 42 20 av
1677 1579 59 30 det

250 1635 149 30 anförda
421 1637 50 28 att
493 1635 232 30 brandchefer
747 1636 66 29 och
834 1636 72 29 vice
929 1634 232 30 brandcehefer
1182 1635 11 29 i
1216 1635 69 29 alla
1307 1634 209 30 kommuner
1539 1633 90 29 skall
1651 1642 84 20 vara

250 1689 143 29 heltids-
408 1689 83 29 eller
507 1689 303 29 deltidsanställda
825 1689 226 38 tjänstemän.

295 1742 48 28 De
369 1751 42 20 av
437 1741 385 39 brandlagsrevisionen
850 1741 196 39 föreslagna
1073 1741 178 29 allmänna
1278 1740 199 39 grunderna
1504 1739 55 29 för
1584 1739 150 29 bestäm-

250 1794 125 29 mande
393 1803 41 20 av
451 1794 338 39 kompetenskraven
806 1793 136 30 medför
959 1793 75 30 icke
1051 1793 108 39 några
1176 1792 294 40 genomgripande
1488 1791 248 39 förändringar

251 1847 54 30 för
329 1847 163 30 städerna
516 1847 65 29 och
605 1847 228 39 köpingarna.
857 1847 68 29 För
948 1846 222 30 huvuddelen
1194 1855 43 20 av
1260 1845 360 30 landskommunerna
1646 1844 87 29 före-

251 1900 69 30 slås
340 1901 156 30 däremot
515 1901 86 29 krav
620 1900 45 40 på
683 1900 184 40 väsentligt
932 1900 132 30 bättre
1095 1899 296 39 utbildning
1423 1898 54 30 för
1496 1897 236 30 brandcehefen

250 1954 44 29 än
317 1954 53 30 för
390 1954 216 30 närvarande
628 1954 165 29 ävensom
814 1954 86 29 krav
920 1953 44 40 på
984 1954 70 29 viss
1076 1952 197 39 utbildning
1295 1954 85 28 även
1402 1952 55 29 för
1478 1952 110 38 övrigt
1608 1951 127 29 brand-

250 2007 102 29 befäl.

293 2060 48 29 De
362 2060 197 39 föreslagna
580 2060 516 39 kompetensbestämmelserna
1117 2059 165 29 hänvisar
1303 2058 51 30 till
1376 2058 93 29 olika
1489 2057 161 30 examina
1671 2057 64 29 och

253 2113 123 30 kurser
403 2113 57 30 vid
490 2115 131 28 statens
649 2113 223 29 brandskola.
902 2112 12 30 I
944 2112 98 39 fråga
1070 2121 56 20 om
1154 2111 116 30 denna
1298 2111 197 38 utbildning
1525 2110 211 39 framlägger

250 2166 385 38 brandlagsrevisionen
651 2167 93 28 vissa
760 2165 310 39 ändringsförslag.

294 2219 391 38 Brandlagsrevisionen
703 2219 63 29 har
784 2219 160 29 närmare
961 2218 161 38 övervägt
1139 2218 67 29 hur
1222 2226 42 20 en
1283 2216 78 30 från
1380 2216 113 30 skilda
1510 2216 71 29 håll
1598 2215 136 30 önskad

249 2272 304 39 yrkesutbildning
571 2272 57 29 vid
648 2271 237 30 brandskolan
906 2280 42 20 av
967 2270 228 30 obefordrade
1215 2269 304 30 heltidsanställda
1538 2269 195 29 brandmän

252 2325 111 29 skulle
387 2325 120 29 kunna
530 2325 127 29 ordnas
680 2334 80 19 men
783 2325 64 28 har
869 2324 30 39 ej
925 2326 114 27 ansett
1063 2324 50 38 sig
1135 2324 84 28 böra
1243 2323 128 28 föreslå
1394 2322 108 29 sådan
1526 2322 206 38 utbildning.

295 2378 52 29 En
366 2388 42 20 av
426 2378 404 39 brandlagsrevisionens
851 2377 199 33 ledamöter,
1071 2376 304 30 ombudsmannen
1395 2376 84 29 Axel
1500 2376 174 32 Peterson,
1695 2375 39 28 är

250 2431 76 29 icke
348 2440 81 20 ense
451 2431 80 29 med
552 2431 119 38 övriga
693 2430 190 29 ledamöter
906 2432 90 27 samt
1019 2429 151 39 påyrkar
1194 2431 50 27 att
1266 2429 70 29 viss
1359 2428 233 39 regelbunden
1615 2428 117 38 yrkes-

252 2484 197 39 utbildning
465 2483 54 29 för
532 2483 305 30 heltidsanställda
850 2483 196 29 brandmän
1061 2482 90 29 sker.
