2244 2644
746 205 251 32 Statsutskottets
1022 207 165 32 utlåtande
1212 208 50 31 Nr
1287 211 49 29 69.
1816 210 19 31 5

941 764 66 40 Nr
1034 765 78 40 69.

775 921 125 28 Ankom
924 922 48 27 till
996 922 188 37 riksdagens
1209 923 104 28 kansli
1337 924 61 28 den
1423 925 17 27 3
1465 925 63 36 maj
1557 925 79 28 1915
1661 926 39 27 kl.
1728 926 36 28 12
1788 936 41 19 m.

547 1063 205 48 Utlåtande,
781 1065 14 35 i
821 1064 193 50 anledning
1042 1078 45 24 av
1107 1067 133 48 Kungl.
1262 1067 127 49 Maj:ts
1404 1069 224 47 proposition
1648 1070 182 48 angående

644 1124 132 37 arvode
808 1125 67 49 för
915 1125 42 36 år
998 1126 98 37 1916
1137 1127 57 36 till
1233 1140 41 23 en
1314 1128 156 36 särskild
1506 1129 227 50 sjödklagare
1768 1131 62 36 hos

643 1184 371 50 kommerskollegium.

1523 1242 73 46 (3:e
1624 1240 100 50 avd.)

332 1371 16 36 I
391 1371 121 50 punkt
556 1374 46 35 18
644 1373 120 37 under
805 1374 134 47 sjunde
980 1374 241 38 huvudtiteln
1250 1389 46 24 av
1325 1377 502 51 statsverkspropositionen

230 1422 71 36 den
332 1424 46 35 14
401 1423 151 49 januari
582 1426 98 35 1915
708 1425 70 37 har
818 1425 142 50 Kungl.
1002 1427 106 49 Maj:t
1148 1427 200 49 föreslagit
1388 1429 207 49 riksdagen
1629 1435 66 41 att,
1724 1431 12 36 i
1764 1445 63 24 av-

228 1474 115 37 bidan
371 1478 48 46 på
450 1476 238 49 proposition
715 1477 13 36 i
755 1482 139 42 ämnet,
936 1477 57 38 till
1021 1479 213 38 beredande
1261 1493 48 24 av
1337 1481 141 37 arvode
1506 1481 57 37 till
1593 1495 46 24 en
1667 1484 160 37 särskild

229 1525 239 51 sjöåklagare
513 1528 72 37 hos
631 1528 396 52 kommerskollegium
1074 1530 114 39 bland
1234 1532 47 37 de
1327 1538 107 32 extra
1478 1533 184 50 anslagen
1708 1536 119 37 under

228 1578 165 38 nämnda
420 1579 215 38 huvudtitel
661 1581 61 37 för
749 1585 40 34 år
819 1584 96 35 1916
945 1582 170 38 beräkna
1143 1589 55 31 ett
1226 1584 138 50 belopp
1393 1598 48 24 av
1470 1587 113 46 3,000
1612 1587 152 37 kronor.

330 1631 178 38 Därefter
547 1632 70 37 har
659 1633 139 50 Kungl.
836 1633 106 50 Maj:t
978 1634 13 37 i
1027 1648 46 24 en
1101 1635 57 37 till
1187 1636 207 50 riksdagen
1422 1637 73 37 den
1526 1639 46 35 10
1601 1638 96 49 april
1726 1641 98 35 1915

228 1681 149 39 avlåten
418 1683 237 51 proposition
697 1685 60 49 (nr
799 1685 98 50 148),
938 1686 121 37 under
1099 1687 240 50 åberopande
1380 1702 47 24 av
1463 1689 121 50 bilagt
1612 1691 138 50 utdrag
1778 1705 47 23 av

228 1735 419 50 statsrådsprotokollet
688 1742 91 32 över
819 1737 290 39 finansärenden
1143 1739 58 38 för
1229 1753 144 25 samma
1401 1741 76 50 dag
1504 1741 198 51 föreslagit
1728 1743 96 37 riks-

227 1786 125 49 dagen
380 1793 56 31 att
463 1787 57 37 till
549 1788 217 38 beredande
793 1802 48 24 av
868 1790 140 38 arvode
1037 1794 38 34 åt
1103 1804 49 24 en
1180 1792 162 37 särskild
1371 1793 240 49 sjöåklagare
1630 1794 68 37 hos
1718 1796 106 36 kom-

226 1839 308 50 merskollegium
571 1843 50 47 på
657 1845 106 33 extra
791 1846 76 33 stat
894 1842 119 38 under
1041 1843 137 50 sjunde
1206 1844 240 38 huvudtiteln
1474 1845 59 38 för
1562 1849 41 34 år
1633 1848 96 36 1916
1759 1861 65 24 an-

226 1890 81 38 visa
336 1896 56 32 ett
419 1891 140 51 belopp
588 1906 47 23 av
663 1894 113 46 3,000
804 1893 149 38 kronor.

328 1943 241 38 Beträffande
596 1944 256 51 utredningen
880 1946 12 37 i
920 1946 159 38 ärendet
1106 1947 181 39 hänvisas
1315 1947 58 38 till
1392 1949 212 51 åberopade
1624 1951 199 37 statsråds-

224 1995 241 49 protokollet.

327 2098 76 39 För
429 2099 258 38 innevarande
715 2103 41 35 år
783 2103 112 47 utgår
922 2102 141 37 arvode
1091 2102 57 38 till
1177 2116 47 25 en
1252 2104 240 50 sjöåklagare
1520 2105 70 37 hos
1615 2106 207 38 kommers-

223 2150 205 50 kollegium
469 2151 85 38 med
596 2153 199 37 enahanda
835 2153 138 51 belopp
1016 2167 80 25 som
1138 2155 65 37 det
1234 2169 50 23 nu
1314 2156 227 50 föreslagna.
1600 2158 221 38 Kostnaden

224 2202 129 38 härför
393 2203 189 38 bestrides
624 2204 83 37 från
748 2205 65 37 det
855 2208 21 34 å
908 2211 106 32 extra
1042 2211 78 33 stat
1147 2207 60 38 för
1235 2211 40 33 år
1307 2210 96 35 1915
1432 2209 189 50 uppförda
1649 2210 173 51 anslaget

223 2254 56 38 till
320 2255 245 38 anordnande
607 2270 46 23 av
682 2257 182 50 utvidgad
884 2258 266 38 statskontroll
1179 2262 21 34 å
1227 2260 150 50 fartygs
1406 2261 261 51 sjövärdighet
1693 2277 48 23 m.
1770 2278 48 22 m.

223 2310 21 34 å
275 2309 161 48 171,400
464 2308 151 38 kronor.
