2270 2632
451 121 47 35 10
937 122 241 31 Statsutskottets
1200 122 164 32 memorial.
1385 122 55 31 Nr
1460 123 51 31 48.

414 207 320 45 ställföreträdare,
764 208 79 36 icke
871 211 59 32 må
957 209 146 47 åtnjuta
1129 208 156 36 särskild
1313 211 205 47 ersättning
1546 215 127 31 utöver
1701 210 148 36 arvodet
1877 210 57 38 för
1952 211 72 37 den

413 258 55 36 tid
509 259 71 35 han
621 259 179 36 bestrider
838 259 382 48 generaldirektörens
1260 259 222 50 befattning,
1515 273 84 23 vare
1626 262 57 47 sig
1709 261 121 36 denne
1857 263 167 47 åtnjuter

413 315 174 29 semester
614 311 90 34 eller
730 290 167 55 befinner
923 311 56 46 sig
1006 313 46 44 på
1078 310 216 57 tjänsteresa
1312 312 91 34 eller
1418 310 58 36 för
1490 292 282 68 handläggning
1787 325 43 22 av
1848 313 180 36 särskilda

415 360 160 34 ärenden
603 366 39 28 är
669 360 157 34 hindrad
854 365 53 29 att
934 342 104 53 sköta
1065 361 57 34 sin
1147 359 228 63 befattning;
1405 361 141 47 ägande
1573 342 102 54 dock
1690 342 337 56 ställföreträdaren

413 414 64 38 att,
503 409 120 35 därest
651 409 70 35 han
751 412 113 32 måste
891 411 59 33 till
977 411 138 33 vikarie
1143 413 20 32 å
1190 392 455 66 byråchefsbefattningen
1666 414 101 32 avstå
1786 424 94 35 egna
1897 413 132 47 tjänst-

412 460 372 48 göringspenningar,
813 462 119 33 såsom
960 461 206 48 ersättning
1185 459 124 37 därför
1328 461 147 47 åtnjuta
1493 460 165 37 däremot
1677 442 176 55 svarande
1872 462 153 75 belopp;

549 516 63 39 att,
642 511 120 36 därest
791 510 216 50 förhöjning
1035 524 42 23 av
1104 491 112 56 lönen
1260 531 50 3 —
1348 531 139 4 ss
1526 531 503 6 sol

413 581 125 3 SA
654 581 263 4 SAR
1036 581 109 4 ee
1323 563 219 35 tillkommit
1570 563 154 43 honom;

550 610 74 46 2:0)
652 611 64 36 för
743 613 227 46 kvinnliga
996 612 200 35 biträden
1225 615 21 32 å
1272 614 446 47 pensionsstyrelsens
1746 618 100 30 stat:

549 711 73 36 dels
661 712 61 35 ock
749 712 87 47 höja
866 711 62 35 det
956 715 20 32 å
1006 712 197 35 riksstaten
1232 711 185 49 uppförda
1443 712 185 36 ordinarie
1657 714 165 47 anslaget
1848 714 60 34 till

413 763 283 48 sionsstyrelsen
725 761 80 37 från
835 763 135 43 28,900
998 763 135 35 kronor
1159 762 84 36 med
1273 764 160 43 206,700
1453 764 135 35 kronor
1614 764 59 34 till
1695 765 159 42 235,600
1874 765 151 43 kronor;

413 817 118 31 röstar

1188 863 63 43 Ja;

549 912 91 43 Den,
670 912 61 36 det
759 912 31 47 ej
819 914 77 41 vill,
925 918 118 30 röstar

1183 963 87 48 Nej;

548 1012 144 36 Vinner
717 1013 67 47 Nej
816 1013 64 36 har
905 1013 195 49 riksdagen
1128 1015 12 33 i
1168 1014 118 36 likhet
1313 1014 84 35 med
1425 1013 113 36 andra
1565 1014 210 35 kammaren
1795 1014 161 36 beslutat
1976 1020 52 30 att

549 1064 74 36 dels
661 1064 198 47 godkänna
890 1063 165 63 följande
1083 1064 184 36 ordinarie
1294 1070 72 30 stat
1393 1063 58 37 för
1478 1066 362 47 pensionsstyrelsen
1870 1071 53 29 att
1950 1067 77 34 till-

415 1116 139 45 lämpas
583 1094 100 55 från
692 1115 69 34 och
790 1114 83 35 med
900 1117 40 32 år
969 1116 112 33 1915:

1169 1263 108 31 Tjänst-

1072 1315 10 5 -
1164 1298 118 29 görings-
1290 1292 13 40 |
1331 1296 73 24 Orts-

1047 1313 63 24 Lön.
1169 1330 107 31 pennin-
1284 1326 13 39 |
1314 1330 105 30 tillägg.
1452 1312 114 25 Summa.

1195 1370 54 23 gar.

1055 1435 46 39 Kr.
1150 1422 1 3 |
1199 1435 45 39 Kr.
1343 1435 47 39 Kr.
1487 1439 45 24 Kr.

441 1487 12 25 1
473 1488 226 31 generaldirektör
718 1489 48 24 och
784 1489 61 24 chef
882 1509 4 4 .
949 1509 38 4 oo...
1054 1488 75 32 7,000
1197 1488 76 33 3,000
1343 1488 74 33 1,000
1433 1484 19 41 |
1479 1488 90 32 -11,000

441 1538 13 25 I
473 1539 131 32 byråchef
645 1558 72 6 ==:
746 1534 14 41 a:
780 1534 16 41 sc
814 1559 38 5 md
895 1560 24 4 3
949 1560 38 5 5
1005 1548 2 6 i
1054 1539 74 33 -5,000
1197 1539 76 33 2,500
1367 1539 50 26 600
1493 1539 76 31 3,100
1591 1540 91 81 a
1700 1547 15 26 5
1734 1549 28 24 år
1780 1549 52 24 kan
1845 1550 76 23 lönen
1933 1549 76 32 höjas

439 1588 17 25 4
473 1590 156 30 byråchefer.
678 1609 4 5 .
714 1609 2 4 .
746 1609 240 5 ........
1037 1590 92 31 20,000
1143 1577 16 49 |
1182 1590 91 31 10,000
1290 1577 16 49 |
1341 1590 76 31 —2,400
1437 1577 16 49 |
1477 1590 92 32 32,400|f
1638 1582 57 24 med
1714 1581 50 26 600
1782 1583 104 24 kronor.

442 1639 12 24 1
474 1640 161 30 tjänsteman
655 1640 8 23 i
678 1640 81 24 andra
772 1640 156 30 lönegraden
942 1642 48 28 (se-

474 1674 144 29 kreterare)
645 1692 5 5 .
680 1692 3 5 .
712 1692 275 6 .......c..c.
1053 1672 76 32 3,600
1199 1668 75 40 1,800
1367 1672 50 26 400
1495 1672 74 32 5,800

882 1783 108 25 Summa
1096 1798 32 3 —
1239 1798 34 3 —
1384 1797 33 4 —
1426 1777 19 41 |
1460 1781 50 27 234
1519 1781 50 26 600

551 1962 72 35 dels
662 1962 197 48 godkänna
899 1962 165 48 följande
1103 1964 188 34 allmänna
1329 1963 135 35 villkor
1492 1963 67 35 och
1587 1962 275 35 bestämmelser
1888 1961 58 37 för
1977 1965 54 33 åt-

417 2012 177 46 njutande
623 2026 42 22 av
693 2013 44 35 de
765 2017 20 32 å
812 2013 71 35 den
912 2014 182 35 ordinarie
1122 2019 119 30 staten
1270 2019 190 42 upptagna
1487 2012 440 48 avlöningsförmånerna,

419 2132 48 3 —
494 2132 49 3 —
569 2133 49 3 —
644 2133 49 3 —
720 2115 59 33 till
808 2113 258 44 efterrättelse;
