1872 2798
267 193 17 29 2
564 191 118 30 Andra
706 191 245 39 lagutskottets
975 190 178 31 utlåtande
1177 199 41 20 nr
1240 190 38 29 21
1303 190 39 29 år
1366 190 84 29 1959

267 272 145 29 säkrads
430 271 190 29 kostnader
640 271 53 30 för
713 271 284 39 sjukgymnastik
1016 271 82 29 eller
1117 270 101 39 eljest
1237 270 211 38 behandling
1467 269 79 29 med
1565 269 77 33 bad,
1662 278 90 20 mas-

267 332 89 31 sage,
380 325 207 30 elektricitet
611 324 82 30 eller
717 323 128 30 hetluft
869 324 83 29 eller
977 333 117 20 annan
1117 323 145 30 därmed
1286 322 180 40 jämförlig
1491 322 221 38 behandling.
1739 322 12 28 I

267 378 123 29 sådant
412 377 60 30 fall
495 378 89 29 skall
605 378 67 29 den
693 377 249 38 obligatoriska
964 376 436 39 sjukvårdsförsäkringen
1421 375 9 29 i
1452 375 130 29 kassan
1603 375 148 29 omfatta

268 433 83 28 även
374 431 150 34 förmån,
546 440 74 20 som
641 440 98 20 avses
761 430 77 29 med
859 430 159 29 beslutet.

310 485 76 29 Med
408 484 77 30 stöd
507 493 41 21 av
569 484 153 29 nämnda
743 484 135 38 lagrum
899 484 64 29 har
984 482 472 39 riksförsäkringsanstalten
1478 481 8 29 i
1508 481 245 29 cirkulärskri-

268 538 89 29 velse
379 538 67 29 den
470 538 38 29 10
530 537 66 39 juli
620 537 82 30 1954
724 537 52 29 till
798 537 40 29 de
860 536 178 30 allmänna
1062 536 255 38 sjukkassorna
1339 535 212 33 föreskrivit,
1574 536 50 28 att
1646 534 108 29 lokal-

268 592 82 29 eller
371 591 441 39 stadscentralsjukkassas
832 590 114 29 beslut
967 599 57 20 om
1045 589 193 38 ersättning
1259 588 57 30 må
1337 597 79 21 avse
1437 597 43 20 en
1501 588 82 29 eller
1605 588 86 28 flera
1713 596 41 20 av

269 644 155 39 följande
443 643 374 39 behandlingsformer,
838 643 176 38 nämligen
1034 641 303 40 sjukgymnastisk
1357 641 213 38 behandling
1595 640 160 33 (rörelse-

269 697 210 39 behandling
503 698 64 28 och
592 697 190 38 massage),
806 696 212 39 behandling
1042 695 78 29 med
1145 694 139 35 hetluft,
1308 694 188 30 diathermi
1520 694 64 29 och
1610 693 144 38 kortvåg

268 753 90 27 samt
383 750 187 30 foniatrisk
593 750 222 38 behandling.
841 749 167 39 Samtliga
1031 748 266 39 ifrågavarande
1322 748 123 28 kassor
1470 748 64 28 har
1560 747 194 29 sedermera

271 805 10 29 i
297 805 76 29 sina
389 804 141 39 stadgar
546 804 109 29 infört
671 803 262 30 bestämmelser
949 812 57 20 om
1022 801 212 38 behandling
1251 810 75 20 som
1343 810 46 19 nu
1409 802 103 37 sagts.

315 858 119 30 Såsom
458 857 126 29 villkor
608 857 54 29 för
685 858 50 28 att
759 855 197 39 återbäring
981 855 105 38 enligt
1110 864 42 20 av
1175 853 473 39 riksförsäkringsanstalten
1672 852 84 30 fast-

271 911 123 30 ställda
415 910 153 39 grunder
589 910 87 29 skall
697 910 121 30 kunna
838 918 42 20 av
900 908 189 39 sjukkassa
1110 907 135 39 utgivas
1267 907 53 29 för
1342 906 205 30 försäkrads
1566 906 190 29 kostnader

270 964 53 29 för
345 963 303 39 sjukgymnastisk
668 962 212 39 behandling
900 962 118 39 gäller,
1040 963 49 28 att
1109 960 257 39 behandlingen
1388 959 89 30 skall
1498 960 46 29 ha
1564 959 193 29 meddelats

272 1027 42 20 av
330 1018 117 29 läkare
465 1017 82 30 eller
564 1016 216 40 legitimerad
799 1015 247 40 sjukgymnast
1063 1014 81 30 eller
1161 1014 65 29 ock
1245 1023 41 21 av
1302 1022 137 30 person,
1459 1022 74 20 som
1552 1012 177 40 upptagits
1747 1011 9 29 i

272 1080 42 20 en
331 1081 40 20 av
387 1071 176 29 anstalten
580 1070 175 30 fastställd
772 1068 221 39 förteckning
1010 1069 79 28 över
1105 1076 165 30 personer
1287 1066 78 30 med
1384 1065 303 40 sjukgymnastisk
1705 1067 53 26 ut-

272 1124 155 39 bildning
450 1133 81 20 men
554 1125 85 28 utan
663 1122 125 30 svensk
811 1120 229 40 legitimation
1065 1130 74 20 som
1164 1119 257 39 sjukgymnast.
1445 1118 67 29 Till
1538 1118 219 39 upptagande

271 1177 10 29 i
307 1177 152 30 nämnda
486 1176 220 39 förteckning
732 1176 69 29 kan
826 1175 107 39 enligt
959 1175 192 29 anstaltens
1177 1174 175 39 principer
1377 1173 124 29 endast
1528 1173 130 29 sådana
1683 1181 76 30 per-

274 1240 100 20 soner
395 1230 78 30 med
495 1229 302 40 sjukgymnastisk
818 1228 198 39 utbildning
1036 1228 267 39 ifrågakomma,
1324 1226 93 30 vilka
1441 1226 109 29 under
1571 1226 117 38 längre
1710 1224 48 30 tid

274 1284 146 29 bedrivit
440 1284 55 29 väl
516 1283 178 30 vitsordad
716 1281 303 40 sjukgymnastisk
1040 1281 233 29 verksamhet.

319 1336 115 40 Enligt
457 1336 155 30 nämnda
635 1335 152 40 grunder
811 1335 88 30 skall
924 1334 193 39 ersättning
1142 1334 53 30 för
1221 1332 304 40 sjukgymnastisk
1549 1331 211 38 behandling

274 1399 44 20 m.
346 1400 44 19 m.
419 1390 82 39 utgå
529 1390 78 29 med
635 1392 37 33 ?/,
700 1399 42 20 av
768 1388 196 29 kostnaden
993 1387 54 30 för
1074 1386 267 39 behandlingen,
1369 1386 90 29 dock
1487 1385 102 38 högst
1616 1384 79 30 med
1723 1385 37 35 ?/+

274 1453 42 20 av
341 1443 134 40 belopp,
503 1443 94 29 vilka
623 1442 140 39 angives
790 1443 10 28 i
827 1451 42 20 en
897 1451 40 20 av
965 1439 473 39 riksförsäkringsanstalten
1467 1438 175 29 fastställd
1670 1440 90 27 taxa.

274 1497 159 29 Nämnda
455 1496 125 40 belopp
603 1497 37 28 är
662 1496 105 38 högre
790 1495 53 30 för
865 1494 223 39 behandling,
1112 1503 74 20 som
1209 1492 129 30 utförts
1360 1502 41 20 av
1425 1491 216 39 legitimerad
1665 1491 97 39 sjuk-

278 1552 171 38 gymnast,
483 1551 45 29 än
562 1550 53 29 för
647 1549 222 38 behandling,
903 1557 76 20 som
1012 1547 129 30 utförts
1175 1556 41 20 av
1250 1546 248 39 sjukgymnast
1532 1554 74 20 som
1640 1545 123 38 uppta-

278 1604 65 38 gits
373 1604 11 29 i
414 1603 66 29 den
512 1612 41 20 av
583 1601 174 31 anstalten
789 1600 198 30 fastställda
1020 1598 274 39 förteckningen.
1326 1597 204 39 Ersättning
1562 1596 100 39 utgår
1694 1596 70 29 inte

280 1657 53 30 för
354 1657 198 39 patientens
574 1665 77 21 resa
673 1655 51 30 till
747 1656 64 29 och
835 1654 80 30 från
936 1653 268 39 behandlingen.
1227 1653 165 29 Däremot
1415 1652 147 29 ersättes
1585 1650 179 40 sjukgym-

280 1713 141 28 nastens
438 1709 267 31 resekostnader
722 1709 53 29 för
791 1708 212 38 behandling
1020 1707 10 29 i
1046 1706 197 40 patientens
1259 1706 80 29 hem
1356 1705 79 29 med
1453 1705 48 36 ?/,.

279 1867 107 35 Vissa
406 1866 159 47 tidigare
584 1864 235 36 behandlade
838 1863 129 48 frågor
987 1875 63 23 om
1064 1860 330 49 sjukgymnastisk
1408 1858 231 48 behandling
1654 1871 114 22 m.m.

324 1955 65 29 Vid
427 1954 115 30 1957
578 1954 78 29 års
691 1953 207 38 riksdag
932 1951 236 31 behandlades
1192 1952 11 29 i
1227 1950 188 39 anledning
1440 1959 41 20 av
1504 1948 261 41 propositionen

282 2018 42 19 nr
349 2009 61 29 160
435 2008 117 39 frågor
577 2017 56 21 om
658 2007 242 38 utbildningen
925 2015 41 20 av
991 2004 235 40 legitimerade
1253 2004 296 39 sjukgymnaster.
1575 2002 12 28 I
1612 2000 156 41 proposi-

283 2061 118 30 tionen
420 2061 169 39 föreslogs
608 2060 130 39 ökning
757 2069 40 20 av
816 2057 439 40 utbildningskapaciteten
1273 2067 41 20 av
1333 2055 236 40 legitimerade
1589 2054 180 39 sjukgym-

285 2117 117 28 naster
416 2115 79 29 med
512 2114 39 30 70
566 2115 152 38 procent.
734 2112 198 39 Riksdagen
948 2111 181 40 godkände
1145 2110 155 30 nämnda
1314 2109 141 39 förslag.

328 2195 13 29 I
357 2194 179 30 motionen
552 2194 28 29 I:
596 2193 62 30 313
675 2193 56 29 vid
761 2192 115 30 1958
904 2192 79 29 års
1010 2190 208 38 riksdag
1245 2188 226 32 hemställdes
1486 2188 45 29 bl.
1549 2197 39 24 a.,
1607 2189 71 27 »att
1693 2186 75 30 icke

284 2247 216 40 legitimerad
519 2247 246 39 sjukgymnast
784 2255 73 20 som
876 2244 148 30 bedrivit
1043 2254 41 20 av
1102 2244 118 29 läkare
1238 2242 54 30 väl
1311 2241 177 30 vitsordad
1510 2241 260 38 sjukgymnast-

285 2301 222 29 verksamhet
530 2299 166 40 uppföres
719 2299 10 29 i
751 2299 66 29 den
840 2308 42 20 av
904 2295 473 40 riksförsäkringsanstalten
1400 2293 200 31 fastställda
1622 2292 149 30 förteck-

287 2355 160 38 ningen>.

330 2407 180 30 Yrkandet
531 2406 128 34 bifölls,
681 2406 11 29 i
713 2405 151 39 enlighet
886 2405 80 29 med
987 2403 178 30 allmänna
1188 2400 398 39 beredningsutskottets
1608 2398 165 30 hemstäl-

289 2462 58 29 lan
368 2460 197 34 (utlåtande
582 2469 41 20 nr
640 2459 51 34 7),
707 2459 75 29 icke
799 2467 41 21 av
856 2457 197 39 riksdagen.
1071 2456 175 30 Utskottet
1263 2454 145 31 anförde
1425 2453 11 30 i
1453 2453 59 30 sitt
1529 2462 41 21 av
1586 2452 186 38 riksdagen

289 2514 184 40 godkända
491 2513 179 30 utlåtande
686 2512 45 30 bl.
749 2521 45 20 a.:
