1938 2834
639 153 228 28 Statsutskottets
888 151 148 29 utlåtande
1058 151 49 27 Nr
1130 152 26 27 6.
1646 145 16 30 7

209 228 63 42 6:0)
294 229 424 39 Instrumentutrustning
733 237 42 22 m.
789 237 44 22 m.
854 227 55 32 för
924 230 135 29 statens
1074 225 223 41 väginstitut.
1328 223 126 41 Kungl.
1478 222 104 41 Maj:t
1603 221 61 32 har

164 279 121 42 (punkt
311 280 29 37 6,
366 279 64 31 sid.
456 279 40 31 32
522 279 63 31 och
610 278 53 41 33)
693 277 178 41 föreslagit
895 276 182 41 riksdagen
1104 277 49 30 att
1177 275 54 30 till
1256 272 408 41 instrumentutrustning

159 340 41 21 m.
225 340 41 20 m.
291 329 55 31 för
368 331 130 29 statens
520 328 204 42 väginstitut
747 328 54 31 för
822 327 204 41 budgetåret
1049 325 136 32 1940/41
1209 324 118 32 anvisa
1351 325 49 30 ett
1423 322 240 32 reservations-

159 379 117 42 anslag
300 391 41 20 av
366 379 114 38 55,000
504 378 134 39 kronor,
664 380 49 30 att
736 377 165 32 avräknas
926 379 71 29 mot
1020 373 448 34 automobilskattemedlen.

210 463 67 32 Till
295 463 93 32 vissa
407 462 336 43 engångskostnader
761 462 53 32 för
833 460 221 42 anskaffning
1071 472 41 20 av
1130 460 206 31 instrument
1354 470 42 19 m.
1416 469 40 20 m.
1477 459 35 30 åt
1529 459 131 30 statens

157 514 204 41 väginstitut
379 513 62 32 har
459 512 182 42 riksdagen
661 513 53 31 för
732 512 212 41 budgetåren
965 510 137 33 1938/39
1122 510 63 32 och
1205 509 137 32 1939/40
1364 508 133 32 anvisat
1515 507 147 41 tillhopa

156 564 135 38 205,000
312 564 134 31 kronor.
479 563 69 32 Vid
570 563 212 41 beviljandet
802 574 41 20 av
865 562 57 32 det
944 563 19 30 å
983 561 148 41 löpande
1153 560 141 32 riksstat
1315 558 170 43 uppförda
1506 557 156 42 anslaget

156 614 212 38 förutsattes,
393 616 51 29 att
466 613 256 42 ifrågavarande
746 611 338 43 engångskostnader
1107 610 109 32 skulle
1239 610 135 31 komma
1398 611 50 29 att
1470 610 114 40 uppgå
1607 607 54 32 till

156 664 225 41 sammanlagt
401 664 134 38 260,000
555 663 126 32 kronor
700 665 87 29 samt
807 664 50 30 att
877 661 215 32 återstående
1114 660 112 38 55,000
1246 660 127 31 kronor
1394 659 109 32 skulle
1524 658 135 32 anvisas

156 716 20 29 å
197 714 186 32 riksstaten
407 714 53 31 för
481 715 99 30 nästa
602 713 175 41 budgetår.

208 763 200 32 Institutets
427 763 172 32 direktion
617 763 61 31 har
697 774 46 20 nu
763 762 109 32 under
890 761 207 41 hänvisning
1116 760 54 32 till
1190 759 185 32 inträffade
1396 756 265 44 prisstegringar

157 814 187 42 föreslagit,
366 816 50 29 att
436 814 146 41 angivna
601 813 190 41 slutanslag
811 812 87 32 skall
918 811 136 32 anvisas
1074 811 77 31 med
1173 813 48 29 ett
1241 810 54 31 till
1317 810 114 38 70,000
1450 809 127 32 kronor
1597 809 64 31 för-

155 864 75 42 höjt
252 864 137 42 belopp.

208 914 387 42 Departementschefen
617 914 62 31 har
701 913 191 32 emellertid
915 914 122 35 ansett,
1061 914 51 29 att
1135 911 154 41 anslaget
1310 910 109 32 under
1441 921 46 21 nu
1510 909 150 32 rådande

156 965 239 32 förhållanden
416 965 64 31 bör
499 964 186 41 begränsas
707 963 54 32 till
783 963 59 32 det
862 963 137 41 belopp,
1022 973 74 20 som
1118 961 144 42 tidigare
1285 961 181 31 förutsatts
1489 960 97 32 skola
1607 971 53 20 an-

155 1015 91 33 visas
270 1016 54 31 för
346 1017 99 29 nästa
466 1014 177 41 budgetår.

207 1107 180 32 Utskottet
409 1106 198 42 tillstyrker,
632 1108 49 30 att
704 1106 190 40 slutanslag
916 1105 54 31 till
993 1104 257 41 ifrågavarande
1274 1104 157 31 ändamål
1453 1115 46 20 nu
1523 1103 136 32 anvisas

155 1157 77 31 med
254 1168 41 20 av
316 1156 127 42 Kungl.
466 1156 102 41 Maj:t
590 1156 96 32 äskat
706 1155 136 42 belopp.
877 1154 179 33 Utskottet
1078 1154 197 32 hemställer
1297 1153 111 39 alltså,

450 1235 49 29 att
523 1233 182 41 riksdagen
729 1234 54 29 må
808 1232 54 31 till
886 1229 406 42 instrumentutrustning
1315 1241 43 20 m.
1383 1240 42 21 m.
1450 1230 54 40 för
1527 1232 133 29 statens

407 1282 203 41 väginstitut
634 1283 53 31 för
709 1282 205 41 budgetåret
937 1281 135 32 1940/41
1096 1281 118 31 anvisa
1238 1282 50 30 ett
1310 1280 350 41 reservationsanslag

408 1344 40 20 av
466 1333 114 38 55,000
599 1333 133 38 kronor,
752 1335 50 29 att
821 1332 163 31 avräknas
1004 1334 71 29 mot
1093 1330 447 32 automobilskattemedlen.

206 1424 62 42 7:0o)
290 1425 369 41 Vägorganisationen
681 1425 12 31 i
712 1425 114 31 länen.
849 1423 126 41 Kungl.
1003 1423 102 41 Maj:t
1131 1423 61 31 har
1222 1422 122 41 (punkt
1372 1423 27 37 7,
1427 1422 62 32 sid.
1517 1422 137 40 33—37)

154 1475 179 41 föreslagit
355 1475 181 41 riksdagen
559 1477 50 29 att
631 1475 74 30 dels
727 1474 188 41 godkänna,
939 1475 50 30 att
1010 1473 78 31 med
1111 1472 218 42 tillämpning
1351 1473 72 31 tills
1446 1472 116 32 vidare
1585 1473 75 30 från

155 1526 64 31 och
239 1526 77 31 med
337 1525 204 41 budgetåret
564 1524 134 32 1940/41
722 1525 41 31 de
786 1525 12 30 i
820 1526 112 30 staten
955 1524 54 31 för
1030 1522 344 42 vägorganisationen
1395 1523 12 30 i
1429 1523 100 31 länen
1551 1522 109 32 under

155 1575 200 42 avlöningar
376 1577 174 40 upptagna
571 1577 160 39 posterna
753 1575 55 30 för
829 1573 200 42 avlöningar
1050 1574 56 31 till
1126 1573 207 41 tjänstemän
1356 1575 20 30 å
1399 1573 170 31 ordinarie
1593 1574 67 30 stat

155 1626 63 32 och
239 1626 54 31 för
313 1626 122 41 rörligt
456 1625 120 41 tillägg
597 1625 95 31 skola
712 1625 12 30 i
745 1627 112 29 staten
879 1626 167 39 upptagas
1068 1624 77 31 med
1166 1623 192 41 respektive
1381 1623 133 38 240,600
1535 1623 125 31 kronor

157 1677 63 31 och
248 1677 115 37 65,7100
391 1676 134 37 kronor,
555 1675 76 32 dels
659 1676 61 31 ock
748 1675 54 31 till
831 1674 343 42 vägorganisationen
1205 1674 11 30 i
1245 1674 102 31 länen
1376 1674 54 31 för
1457 1673 204 42 budgetåret

158 1726 134 32 1940/41
318 1727 119 31 anvisa
461 1728 49 30 ett
535 1725 267 42 förslagsanslag
827 1736 40 20 av
893 1725 133 37 770,000
1051 1724 134 38 kronor,
1211 1726 49 29 att
1284 1724 165 31 avräknas
1474 1726 71 29 mot
1570 1725 90 30 auto-

156 1776 365 32 mobilskattemedlen.

209 1860 19 31 I
247 1871 41 21 en
308 1860 94 31 inom
424 1860 104 31 andra
547 1859 193 31 kammaren
760 1870 41 20 av
820 1859 117 31 herrar
957 1859 60 30 Th.
1041 1858 140 31 Gardell
1201 1858 62 31 och
1288 1858 62 31 Ola
1369 1858 175 40 Jeppsson
1564 1858 98 31 väckt

157 1910 139 38 motion,
318 1921 41 19 nr
380 1910 69 37 169,
470 1910 60 30 har
549 1909 202 36 hemställts,
772 1911 50 28 att
844 1909 154 40 anslaget
1017 1908 55 31 till
1092 1908 343 41 vägorganisationen
1455 1908 11 30 i
1487 1908 101 31 länen
1609 1908 53 31 för

157 1960 203 41 budgetåret
384 1959 135 32 1940/41
541 1961 105 29 måtte
668 1959 166 31 beräknas
857 1961 46 35 så,
927 1961 49 29 att
998 1959 54 30 för
1075 1958 168 31 Gotlands
1266 1958 56 31 län
1344 1958 65 31 kan
1432 1958 163 31 anställas
1620 1969 41 21 en

156 2009 408 43 vägingenjörsassistent
587 2009 107 31 under
716 2009 78 31 hela
815 2008 212 41 budgetåret.

210 2101 386 40 Departementschefen
618 2101 61 31 har
701 2101 12 30 i
735 2101 141 31 ärendet
898 2101 114 30 anfört
1035 2100 163 40 följande:

210 2160 119 31 Under
355 2160 206 40 hänvisning
587 2160 54 31 till
667 2162 48 29 att
741 2159 324 41 vägingenjörernas
1093 2159 223 31 arbetsbörda
1344 2159 107 31 under
1478 2170 120 20 senare
1626 2161 36 29 år

158 2202 152 41 ständigt
335 2203 156 39 stegrats,
518 2201 106 31 vilket
649 2201 148 31 medfört
822 2200 211 41 svårigheter
1058 2201 54 30 för
1137 2199 254 32 vederbörande
1417 2201 49 30 att
1491 2199 169 31 bemästra

157 2244 345 41 arbetsuppgifterna,
526 2244 196 31 hemställer
746 2246 74 38 väg-
844 2243 63 31 och
930 2242 477 41 vattenbyggnadsstyrelsen,
1433 2245 48 29 att
1506 2245 157 39 vägorga-

158 2286 213 31 nisationens
396 2286 244 31 arbetskrafter
664 2285 120 31 utökas
809 2285 77 30 med
911 2285 19 30 5
954 2284 454 45 vägingenjörsassistenter.
1445 2284 82 32 Med
1552 2285 111 31 anled-

160 2327 83 41 ning
262 2327 104 31 härav
387 2327 59 30 vill
467 2328 56 40 jag
544 2327 111 31 erinra
676 2338 54 19 om
751 2329 50 28 att
822 2326 343 41 vägorganisationen
1188 2327 73 30 från
1284 2327 64 30 och
1370 2326 76 31 med
1469 2326 66 31 den
1559 2327 17 30 1
1599 2326 64 40 juli

161 2370 80 30 1939
257 2369 175 41 utvidgats
449 2369 72 31 icke
539 2368 191 41 obetydligt
747 2369 63 30 och
827 2371 50 28 att
894 2368 183 40 tillräcklig
1095 2368 192 31 erfarenhet
1305 2370 91 28 ännu
1414 2368 29 40 ej
1464 2368 97 31 torde
1580 2368 83 31 före-

160 2411 91 41 ligga
269 2411 53 30 för
341 2414 50 28 att
409 2411 113 31 kunna
540 2413 67 29 rätt
626 2411 143 31 bedöma
787 2411 147 30 behovet
954 2421 40 20 av
1013 2412 50 29 att
1082 2410 104 31 redan
1205 2421 46 19 nu
1270 2409 197 41 ytterligare
1488 2409 64 32 öka
1573 2420 90 30 orga-

160 2452 213 32 nisationens
412 2452 212 40 omfattning.
663 2451 80 32 Med
780 2452 133 40 hänsyn
951 2450 116 32 härtill
1104 2461 100 21 anser
1240 2450 57 42 jag
1334 2449 70 43 mig
1440 2450 72 32 icke
1549 2450 114 31 kunna

1715 1108 134 23 Utskottet.
