1886 2784
259 160 37 30 12
679 160 360 29 Konstitutionsulskottets
1060 159 149 28 utlåtande
1231 168 37 18 nr
1289 159 50 27 20.

257 243 103 30 synes
384 234 71 39 mig
477 234 159 39 lämpligt
659 235 52 27 att
733 233 10 29 i
767 234 101 37 lagen
890 232 119 30 införa
1032 232 67 29 den
1123 232 182 29 allmänna
1327 230 284 39 begränsningen
1635 238 42 20 av
1701 229 68 29 den

256 276 251 38 obligatoriska
527 275 258 38 avsättningen,
807 276 51 27 att
879 275 117 28 denna
1017 273 30 39 ej
1072 273 58 29 må
1150 273 126 38 bringa
1297 272 282 38 utdebiteringen
1602 272 51 28 att
1674 271 97 29 över-

257 318 88 39 stiga
368 318 156 29 nämnda
547 317 91 29 nivå.
662 316 132 29 Genom
816 325 44 20 en
883 315 112 30 sådan
1017 315 174 38 reglering
1215 323 42 20 av
1280 313 217 39 gränsfallen
1520 313 99 29 torde
1643 313 67 29 den
1734 312 37 29 åt

257 360 126 38 Kungl.
413 359 106 39 Maj:t
545 359 166 38 inrymda
740 357 401 40 dispensbefogenheten
1170 357 123 28 kunna
1322 357 98 37 tagas
1448 356 11 28 i
1489 354 157 40 anspråk
1674 354 12 29 i
1715 354 57 29 be-

255 402 126 38 tydligt
406 401 137 29 mindre
569 400 248 38 utsträckning
843 399 66 29 och
936 398 214 30 förbehållas
1178 398 134 29 sådana
1338 397 73 34 fall,
1438 398 63 28 där
1528 397 143 29 alldeles
1699 397 72 28 sär-

257 444 114 28 skilda
393 443 76 29 skäl
491 443 54 29 för
566 442 182 38 undantag
769 441 197 39 föreligger.

311 527 229 29 Beträffande
561 525 211 41 spörsmålet
791 535 57 20 om
868 526 43 29 de
931 525 172 39 åtgärder,
1125 534 77 19 som
1223 524 85 29 böra
1327 524 170 38 vidtagas,
1519 532 57 20 om
1597 523 173 29 kommun

256 580 88 27 trots
363 578 268 39 lagstiftningen
652 578 114 29 skulle
786 577 187 30 underlåta
993 579 50 27 att
1062 576 59 30 vid
1141 576 246 29 fastställande
1409 584 42 20 av
1472 575 140 39 utgifts-
1633 575 66 28 och
1719 574 52 29 in-

256 631 235 28 komststaten
524 630 138 29 besluta
696 638 58 20 om
788 629 221 29 föreskriven
1044 628 212 38 avsätlning,
1292 628 64 28 har
1380 625 390 41 departementschefen

256 682 207 33 framhållit,
489 683 50 28 att
565 691 57 19 om
649 681 39 29 så
714 681 92 29 skett
831 690 42 20 av
899 680 232 33 förbiseende,
1159 688 104 30 synes
1290 688 43 20 en
1358 678 186 39 möjlighet
1569 678 86 29 böra
1682 677 90 29 före-

256 734 91 38 ligga
367 733 56 30 för
443 733 219 29 kommunen
683 734 51 28 att
755 741 122 20 senare
898 732 90 29 fatta
1010 731 126 30 sådant
1156 731 126 33 beslut,
1304 730 123 29 därvid
1448 730 91 29 dock
1560 729 213 30 förberedel-

257 794 102 20 serna
377 785 55 29 för
450 785 239 29 utsändandet
708 793 42 20 av
767 783 385 30 källskattetabellerna
1172 783 120 29 ställer
1311 783 70 28 rätt
1400 783 123 37 trånga
1543 781 228 39 tidsgränser.

257 836 67 30 Om
344 846 44 20 en
408 837 171 28 kommun
600 836 109 29 likväl
729 835 203 29 underlåter
952 835 137 29 besluta
1110 843 58 20 om
1189 833 222 30 föreskriven
1432 833 211 38 avsättning,
1668 841 104 30 synes

256 897 94 25 man,
376 888 113 29 ehuru
515 887 290 40 tvångsåtgärder
831 887 61 29 äro
918 886 82 39 föga
1024 886 208 33 tilltalande,
1258 885 77 30 icke
1361 885 124 29 kunna
1510 884 186 30 underlåta
1721 885 50 28 att

256 940 70 29 låta
346 940 252 38 länsstyrelsen
617 939 59 29 vid
697 939 220 38 utbetalning
937 947 42 20 av
999 938 132 29 allmän
1152 936 307 30 kommunalskatt
1479 937 53 28 till
1552 936 219 29 kommunen

257 992 113 28 under
386 991 233 38 vederbörligt
635 990 39 30 år
691 990 180 29 innehålla
887 991 67 28 och
970 989 45 40 på
1031 989 94 29 bank
1143 989 55 29 för
1216 989 237 28 kommunens
1471 988 152 38 räkning
1640 988 132 29 insätta

256 1044 58 28 det
332 1043 138 39 belopp,
490 1051 75 21 som
585 1043 115 28 skulle
719 1042 45 29 ha
784 1043 133 28 avsatts
937 1041 52 29 till
1010 1039 409 40 skatteregleringsfond.
1441 1040 103 29 Detta
1563 1039 126 39 belopp
1709 1039 63 29 bör

257 1095 220 28 kommunen
498 1094 199 29 sedermera
719 1094 64 37 äga
803 1092 78 30 utfå
901 1092 11 29 i
934 1101 136 20 samma
1090 1092 152 38 ordning
1264 1100 76 20 som
1360 1092 78 32 den,
1460 1091 12 28 i
1492 1091 119 29 vilken
1633 1090 139 30 medlen

258 1146 67 29 fått
345 1148 99 37 tagas
464 1146 11 29 i
496 1145 166 40 anspråk,
684 1145 118 29 därest
823 1145 42 29 de
886 1144 92 29 varit
998 1145 137 28 avsatta
1156 1143 53 29 till
1232 1142 409 39 skatteregleringsfond.

312 1205 76 30 Vad
416 1205 172 29 beträffar
615 1204 342 40 ianspråktagandet
985 1213 42 20 av
1054 1203 42 29 de
1125 1203 53 29 till
1208 1202 398 40 skatteregleringsfond
1636 1203 137 29 avsatta

256 1258 140 29 medlen
419 1257 65 29 har
507 1255 390 41 departementschefen
922 1255 142 29 uttalat:

313 1326 12 28 I
346 1326 176 29 avvaktan
541 1325 45 40 på
605 1326 69 29 den
694 1325 190 38 utredning
905 1333 58 20 om
984 1324 185 39 lösningen
1189 1323 46 40 på
1256 1324 119 38 längre
1397 1323 71 29 sikt
1488 1332 42 20 av
1551 1323 42 29 de
1613 1323 82 29 med
1716 1331 57 20 av-

256 1368 341 38 räkningssystemet
625 1367 353 38 sammanhängande
1006 1366 215 39 problemen,
1250 1374 76 20 som
1353 1365 99 29 torde
1479 1365 48 29 bli
1554 1363 220 39 erforderlig,

257 1418 103 21 anser
384 1410 60 38 jag
469 1410 70 38 mig
564 1409 77 30 icke
667 1409 85 29 böra
778 1408 130 30 föreslå
934 1408 109 39 några
1068 1408 173 38 särregler
1266 1407 224 29 beträffande
1516 1406 257 40 dispositionen

257 1461 43 20 av
322 1451 270 39 ifrågavarande
616 1451 213 29 fondmedel.
855 1451 143 29 Samma
1021 1450 112 38 regler
1157 1450 63 28 bör
1246 1448 149 30 sålunda
1420 1449 92 38 gälla
1536 1457 76 20 som
1636 1448 12 29 i
1673 1447 102 30 fond-

256 1493 283 39 bildningslagen
565 1493 158 38 stadgats
748 1492 10 29 i
785 1492 100 39 fråga
910 1501 58 20 om
994 1491 340 39 ianspråktagandet
1359 1499 42 21 av
1427 1491 112 29 andra
1565 1490 52 29 till
1644 1490 131 29 skatte-

257 1535 280 39 regleringsfond
558 1536 137 28 avsatta
715 1535 123 29 medel.
858 1534 66 38 Jag
944 1533 103 39 utgår
1067 1533 124 30 därvid
1212 1532 95 29 ifrån
1327 1532 117 29 såsom
1466 1532 100 39 givet,
1588 1533 51 28 att
1660 1532 114 29 medel

257 1586 42 20 ur
318 1576 439 39 skatteregleringsfonder
776 1576 76 29 icke
872 1577 99 37 tagas
990 1576 10 28 i
1020 1575 157 39 anspråk
1196 1575 113 28 under
1328 1574 84 29 åren
1434 1574 85 29 1933
1538 1574 66 29 och
1626 1573 86 30 1954
1731 1583 43 20 av

257 1618 184 34 kommun,
464 1627 75 20 som
560 1618 44 30 då
625 1619 82 38 äger
728 1617 159 40 uppbära
909 1617 368 38 avräkningslikvider
1298 1616 245 39 överstigande
1564 1615 211 30 underskot-

258 1663 59 26 ten
341 1660 82 29 från
447 1660 146 39 tidigare
619 1659 39 30 år
684 1660 66 29 och
776 1659 150 30 sålunda
952 1660 39 29 är
1015 1658 243 30 underkastad
1284 1658 57 29 det
1366 1658 253 38 obligatoriska
1645 1658 130 29 avsätt-

259 1702 239 39 ningskravet.

314 1777 171 39 Slutligen
501 1777 64 29 har
581 1776 393 40 departementschefen
991 1776 183 33 förklarat,
1192 1777 52 27 att
1260 1783 124 31 genom
1402 1785 43 19 en
1464 1785 42 19 av
1523 1775 127 38 Kungl.
1668 1774 103 39 Maj:t

257 1829 169 30 utfärdad
450 1828 493 40 tillämpningsbestämmelse
967 1828 62 29 bör
1053 1827 227 33 föreskrivas,
1306 1828 51 28 alt
1381 1827 140 39 uppgift
1545 1836 57 20 om
1627 1827 67 29 den
1718 1826 57 29 be-

261 1881 137 29 slutade
431 1881 249 38 avsättningen
712 1880 53 29 till
798 1879 400 39 skatteregleringsfond
1232 1887 42 20 av
1305 1879 262 29 vederbörande
1600 1878 173 29 kommun

258 1933 138 29 lämnas
415 1933 53 28 till
487 1932 254 39 länsstyrelsen
759 1931 182 38 samtidigt
959 1931 80 29 med
1058 1931 66 29 den
1143 1931 11 28 i
1175 1931 357 38 kommunallagarna
1551 1930 222 29 föreskrivna

258 1984 168 29 anmälan
460 1993 58 20 om
552 1984 68 29 den
655 1983 181 29 beslutade
873 1983 235 29 skattesatsen
1146 1983 65 28 och
1237 1982 57 29 det
1318 1982 109 29 totala
1451 1982 242 29 utdebiterade
1718 1982 57 29 be-

259 2036 128 39 loppet.

321 2147 188 31 Utskottet.
547 2145 123 30 Såsom
696 2155 42 20 av
763 2146 66 28 den
855 2145 97 29 förut
977 2145 162 29 lämnade
1164 2144 246 38 redogörelsen
1435 2143 166 40 framgår,
1626 2142 147 31 innebär

259 2197 239 39 föreliggande
524 2197 133 39 förslag
683 2197 11 29 i
720 2197 151 33 korthet,
898 2198 52 28 att
976 2196 200 39 skyldighet
1203 2195 133 29 införes
1362 2196 56 29 för
1445 2195 173 29 kommun
1645 2196 51 29 att
1722 2195 50 28 till

260 2248 399 40 skatteregleringsfond
677 2249 137 29 avsätta
831 2248 72 30 viss
923 2249 56 28 del
998 2257 42 20 av
1058 2248 41 29 de
1118 2247 378 38 avräkningslikvider,
1517 2256 76 20 som
1613 2247 163 29 kommu-

259 2310 69 20 nen
346 2300 150 30 erhåller
514 2300 112 29 under
645 2299 86 30 åren
750 2299 84 30 1953
852 2300 67 29 och
939 2298 95 30 1954.
1053 2299 75 29 Den
1147 2298 253 39 obligatoriska
1418 2299 248 38 avsättningen
1684 2297 91 30 före-

260 2352 70 29 slås
354 2352 100 30 skola
475 2351 150 30 omfatta
647 2352 105 28 halva
774 2350 374 40 avräkningslikviden
1171 2350 95 33 eller,
1290 2350 44 29 då
1357 2351 211 29 underskott
1591 2349 81 30 från
1696 2349 80 30 tidi-

260 2411 81 31 gare
361 2403 39 30 år
421 2404 89 29 skall
530 2403 122 30 täckas
673 2403 10 29 i
706 2404 124 33 staten,
851 2403 139 29 hälften
1010 2411 42 21 av
1071 2402 67 29 vad
1159 2410 77 21 som
1258 2401 149 30 återstår
1429 2411 42 20 av
1492 2400 281 40 avräkningslik-

259 2455 104 30 viden
383 2456 108 29 sedan
510 2454 247 30 underskottet
776 2454 189 39 avdragits.
987 2453 431 39 Avsättningsskyldighet
1439 2453 91 29 skall
1550 2453 31 39 ej
1606 2452 168 40 föreligga
