1862 2778
278 166 18 30 6
597 167 118 31 Andra
736 168 230 38 lagutskottets
987 169 169 31 utlåtande
1180 180 40 20 nr
1240 173 39 27 14
1300 171 39 30 år
1360 174 80 28 1961

318 273 119 30 Andra
456 274 222 38 lagutskottet,
697 284 66 21 som
781 274 204 33 behandlade
1004 276 204 32 motionerna
1227 277 10 30 i
1259 278 59 31 sitt
1337 288 41 20 av
1395 278 174 38 riksdagen
1591 279 175 38 godkända

278 326 171 31 utlåtande
471 336 41 20 nr
531 327 26 37 6,
578 327 178 32 hänvisade
775 328 52 31 till
848 329 39 30 de
907 329 196 31 uttalanden
1123 340 68 21 som
1215 330 105 38 gjorts
1340 331 9 30 i
1375 331 118 39 frågan
1515 342 38 20 av
1576 332 189 31 arbetstids-

277 378 220 39 utredningen
520 380 58 30 och
601 380 360 38 departementschefen
984 387 83 26 samt
1093 383 167 31 fortsatte:

317 466 114 32 Såsom
447 468 158 31 utskottet
620 469 155 31 framhöll
788 470 57 31 vid
860 470 153 38 fjolårets
1025 472 134 37 riksdag
1173 472 101 31 måste
1290 483 40 20 en
1345 477 152 27 semester
1515 484 50 20 om
1578 478 51 28 tre
1646 475 120 30 veckor

275 521 93 22 anses
386 514 119 36 utgöra
522 517 47 27 ett
586 514 218 31 minimikrav.
824 515 270 39 Begränsningen
1113 517 52 30 till
1184 517 108 31 denna
1312 517 50 31 tid
1382 518 190 38 betingades
1590 529 41 20 av
1649 519 113 31 ekono-

272 556 105 31 miska
399 557 154 32 faktorer.
578 556 93 33 Även
698 569 50 20 om
771 559 38 31 de
834 559 10 30 i
867 560 204 31 motionerna
1096 560 141 32 berörda
1258 571 192 29 grupperna
1477 572 38 21 av
1539 563 225 38 arbetstagare

273 602 104 30 skulle
394 602 113 31 kunna
523 613 92 21 anses
629 603 43 31 ha
688 603 101 31 behov
806 614 40 20 av
861 614 70 21 mer
950 606 42 29 än
1008 609 50 27 tre
1073 606 134 31 veckors
1223 611 160 33 semester,
1406 607 63 30 kan
1485 608 160 30 utskottet
1661 608 97 31 likväl

273 646 69 31 icke
364 646 143 39 förorda,
531 652 49 26 att
602 648 120 38 frågan
745 659 51 20 om
818 659 41 20 en
883 649 195 39 lagstadgad
1100 650 214 39 förlängning
1340 661 40 20 av
1402 652 244 31 semestertiden
1669 654 96 36 göres

272 691 53 30 till
350 691 138 31 föremål
517 692 53 30 för
595 693 225 38 omprövning.
849 693 201 39 Spörsmålet
1075 705 51 20 om
1153 695 83 31 ökad
1265 696 297 38 semesterledighet
1591 697 53 30 för
1670 697 90 31 dessa

274 736 223 38 arbetstagare
521 737 55 30 får
603 738 104 38 enligt
730 739 177 31 utskottets
931 739 131 38 mening
1087 740 85 31 lösas
1196 740 335 39 förhandlingsvägen
1555 761 42 3 —
1624 742 10 29 i
1660 742 101 31 likhet

272 781 73 30 med
364 781 114 38 övriga
497 782 84 31 löne-
599 783 59 30 och
680 783 338 38 anställningsvillkor
1034 803 41 3 —
1094 785 59 29 och
1172 784 151 32 bedömas
1342 785 10 30 i
1371 786 157 30 samband
1545 786 74 31 med
1639 787 11 29 i
1673 788 84 30 avtal

273 826 149 31 träffade
444 827 323 31 överenskommelser
785 838 53 20 om
860 828 218 32 arbetstidens
1099 829 109 38 längd.

313 914 68 31 Vid
396 918 81 27 1955
495 915 52 32 års
563 916 132 39 riksdag
714 917 129 31 väcktes
859 918 204 31 motionerna
1077 919 33 30 I:
1122 922 61 27 170
1198 919 58 30 och
1274 920 51 30 II:
1338 922 71 36 204,
1426 920 11 30 i
1451 920 88 31 vilka
1553 921 212 31 hemställdes

272 977 50 21 om
338 967 104 31 sådan
456 968 142 39 ändring
616 970 119 38 ilagen
754 970 60 31 den
832 971 38 30 25
885 971 67 38 maj
970 972 78 30 1951
1066 982 52 20 om
1133 972 155 39 förlängd
1302 977 153 27 semester
1472 973 54 31 för
1538 974 86 30 vissa
1640 974 120 31 arbets-

272 1025 114 33 tagare
399 1021 74 31 med
487 1021 209 40 hälsofarligt
712 1023 118 38 arbete,
848 1028 49 27 att
913 1025 18 29 6
945 1025 133 31 veckors
1093 1030 152 26 semester
1263 1026 104 31 skulle
1382 1027 80 38 utgå
1481 1028 81 30 även
1578 1027 56 30 vid
1650 1027 110 31 arbete

270 1073 74 32 med
364 1075 187 31 smittämne
571 1076 58 31 vid
649 1076 472 40 bakteriologiskt-virologiskt
1144 1079 243 31 laboratorium.

311 1128 120 31 Andra
453 1129 222 38 lagutskottet,
697 1140 67 20 som
787 1130 205 32 behandlade
1011 1132 204 31 motionerna
1239 1132 11 30 i
1270 1132 59 32 sitt
1353 1133 172 31 utlåtande
1547 1144 41 20 nr
1610 1134 49 37 27,
1683 1134 77 31 hän-

272 1180 110 32 visade
406 1181 52 31 till
482 1185 49 27 att
555 1182 55 31 det
634 1183 11 30 i
668 1183 204 31 motionerna
897 1184 142 32 avsedda
1063 1185 126 31 arbetet
1212 1186 105 30 såsom
1340 1186 186 39 framginge
1551 1197 39 20 av
1619 1187 141 38 avgivna

271 1234 293 38 remissyttranden
582 1245 77 22 vore
678 1236 129 32 förenat
828 1237 75 31 med
922 1248 39 20 en
981 1238 67 31 icke
1067 1238 168 39 obetydlig
1256 1239 248 32 infektionsrisk
1523 1241 59 30 och
1602 1244 49 28 att
1671 1242 89 29 över-

269 1287 183 38 sjuklighet
474 1288 102 39 enligt
601 1290 11 29 i
635 1289 204 32 motionerna
863 1291 151 31 lämnade
1036 1292 176 38 uppgifter
1233 1296 111 34 syntes
1368 1293 81 31 råda
1471 1293 101 31 bland
1596 1294 164 38 ifrågava-

270 1340 102 31 rande
392 1342 159 36 personal.
573 1342 176 39 Utskottet,
771 1354 68 20 som
859 1344 69 32 icke
949 1344 82 31 fann
1053 1345 54 31 det
1132 1345 225 39 föreliggande
1377 1346 381 39 utredningsmaterialet

270 1403 37 28 ge
331 1393 194 39 tillräckligt
547 1395 163 39 underlag
733 1396 53 31 för
811 1401 47 27 ett
882 1397 110 32 säkert
1013 1398 202 32 bedömande
1237 1409 39 20 av
1301 1400 90 30 vilka
1414 1400 155 38 åtgärder
1592 1411 68 20 som
1683 1411 76 21 vore

269 1447 72 31 bäst
364 1448 128 37 ägnade
516 1452 49 27 att
586 1448 11 31 i
620 1450 121 30 största
766 1449 139 39 möjliga
926 1451 231 38 utsträckning
1183 1452 189 38 undanröja
1395 1453 149 31 riskerna
1566 1454 55 30 för
1646 1454 114 31 ohälsa

268 1500 56 31 vid
345 1500 127 33 arbetet
492 1501 11 30 i
523 1501 104 39 fråga,
648 1502 201 39 hemställde,
872 1507 50 28 att
942 1504 173 39 riksdagen
1137 1505 9 30 i
1169 1505 179 38 anledning
1368 1516 40 20 av
1431 1507 205 30 motionerna
1656 1508 103 30 måtte

268 1553 57 31 hos
345 1553 124 39 Kungl.
491 1554 106 38 Maj:t
622 1556 139 38 anhålla,
784 1561 50 27 att
854 1557 124 38 Kungl.
1000 1557 108 38 Maj:t
1131 1559 101 30 måtte
1260 1559 222 31 ”föranstalta
1501 1570 52 20 om
1576 1560 183 39 utredning

268 1607 142 31 rörande
427 1607 41 31 de
489 1608 197 32 hälsorisker
704 1619 67 21 som
789 1610 11 30 i
821 1610 87 31 vissa
927 1611 60 30 fall
1007 1612 37 29 är
1067 1612 155 31 förenade
1242 1612 73 31 med
1335 1612 308 33 laboratoriearbete
1663 1614 11 30 i
1694 1614 64 31 den

267 1659 247 40 vetenskapliga
545 1661 239 40 forskningens,
819 1663 90 37 sjuk-
942 1664 58 31 och
1032 1664 232 33 hälsovårdens
1296 1670 84 26 samt
1416 1666 202 32 industriens
1650 1667 108 38 tjänst

268 1713 152 31 ävensom
439 1713 11 31 i
473 1714 96 38 fråga
589 1725 52 20 om
661 1715 39 31 de
720 1715 163 39 åtgärder,
908 1726 68 21 som
994 1718 53 30 må
1067 1718 113 31 kunna
1198 1718 151 39 vidtagas
1369 1719 54 31 för
1441 1720 255 38 undanröjande
1717 1731 41 21 av

268 1766 92 31 dessa
383 1766 112 39 risker,
517 1772 83 27 samt
622 1772 50 27 att
693 1769 122 38 Kungl.
836 1769 109 38 Maj:t
964 1771 102 31 måtte
1090 1771 54 31 för
1164 1772 173 38 riksdagen
1360 1773 184 38 framlägga
1569 1773 40 32 de
1631 1774 127 38 förslag

266 1819 113 31 vartill
398 1820 220 39 utredningen
638 1821 64 31 kan
723 1822 75 38 giva
816 1823 217 38 anledning”.

306 1871 190 40 Riksdagen
515 1873 102 32 beslöt
639 1875 10 30 i
674 1875 143 38 enlighet
838 1876 74 31 med
933 1877 175 32 utskottets
1132 1878 201 31 hemställan.
1363 1879 218 39 (Riksdagens
1601 1880 156 32 skrivelse

265 1925 61 30 har
349 1925 42 31 bl.
415 1936 27 21 a.
464 1927 217 32 överlämnats
703 1928 54 31 för
776 1928 202 40 behandling
999 1930 51 31 till
1076 1931 80 30 1960
1178 1931 53 31 års
1255 1933 358 39 semesterutredning.)

307 1978 67 31 Vid
396 1982 82 28 1956
498 1980 54 31 års
573 1980 133 40 riksdag
727 1982 131 32 väcktes
879 1982 78 38 fyra
978 1983 159 31 motioner
1160 1985 167 37 angående
1349 1985 156 38 förlängd
1527 1991 152 27 semester
1701 1987 55 31 för

264 2030 86 31 vissa
367 2031 361 40 arbetstagargrupper.
751 2035 16 29 I
786 2035 205 31 motionerna
1006 2037 32 30 I:
1050 2039 40 28 26
1111 2037 58 30 och
1188 2038 51 30 II:
1251 2040 40 28 35
1308 2038 209 32 hemställdes
1535 2050 50 20 om
1607 2050 39 21 en
1666 2041 86 30 över-

264 2094 60 27 syn
346 2095 41 20 av
406 2086 247 38 semesterlagen
673 2087 10 30 i
703 2088 87 37 syfte
808 2093 49 27 att
875 2088 121 32 bereda
1016 2090 222 38 arbetstagare
1256 2091 72 31 med
1347 2092 133 31 särskilt
1498 2093 176 37 pressande
1694 2094 59 31 och

263 2138 211 39 hälsofarligt
497 2139 109 31 arbete
631 2150 40 20 en
695 2141 192 38 ytterligare
912 2142 213 39 förlängning
1150 2154 39 20 av
1213 2145 243 31 semestertiden
1483 2146 190 39 förslagsvis
1700 2148 52 30 till

264 2190 77 37 fyra
360 2191 125 31 veckor.
508 2192 15 29 I
546 2192 204 33 motionerna
771 2194 106 31 I:353
898 2195 59 30 och
977 2196 124 31 II:272
1125 2197 206 32 hemställdes
1352 2208 52 21 om
1426 2199 154 38 förlängd
1600 2205 154 26 semester

264 2243 53 30 för
344 2243 35 30 ”i
401 2245 164 31 motionen
591 2245 140 32 berörda
753 2247 317 39 arbetargrupper”.
1094 2250 102 31 Dessa
1219 2251 173 37 utgjordes
1419 2252 6 30 i
1448 2252 172 32 huvudsak
1646 2263 40 21 av
1712 2254 42 30 de

263 2306 156 28 grupper,
444 2307 67 21 som
534 2298 70 32 före
628 2299 64 31 den
714 2300 166 31 allmänna
907 2302 375 32 treveckorssemesterns
1304 2304 175 32 införande
1504 2306 92 38 intog
1619 2317 40 20 en
1686 2307 67 38 pri-

262 2349 175 38 viligierad
457 2352 168 38 ställning.

303 2403 119 31 Andra
441 2404 213 37 lagutskottet
671 2405 151 33 erinrade
841 2407 10 30 i
873 2407 59 31 sitt
950 2418 40 20 av
1007 2408 173 39 riksdagen
1200 2410 174 38 godkända
1390 2412 172 31 utlåtande
1580 2423 43 20 nr
1642 2414 38 29 16
1699 2424 53 20 om

263 2455 79 30 1952
364 2456 55 31 års
441 2456 147 40 riksdags
610 2458 208 38 ståndpunkt
840 2460 53 30 till
915 2461 159 31 motioner
1096 2472 40 20 av
1161 2473 122 21 samma
1308 2464 160 31 innebörd
1490 2465 59 31 och
1573 2466 83 30 fann
1681 2467 69 31 icke

261 2508 181 39 anledning
469 2514 47 28 att
542 2510 120 39 frångå
688 2511 114 32 denna.
834 2512 201 39 Spörsmålet
1060 2525 50 20 om
1135 2515 114 39 längre
1273 2517 296 39 semesterledighet
1596 2519 54 31 för
1674 2520 40 31 de
1740 2520 10 30 i
