2180 2626
715 176 232 30 Statsutskottets
976 176 155 29 Utlåtande
1154 176 57 28 N:o
1235 177 27 27 9.
1758 173 39 28 49

284 251 52 36 På
375 253 121 45 grund
536 252 41 37 af
615 252 99 37 hvad
754 253 59 35 till
848 252 82 36 stöd
966 251 59 37 för
1051 251 325 46 framställningen
1404 249 125 38 blifvit
1554 248 160 47 anfördt,
1741 248 57 37 får

184 302 182 36 utskottet
393 304 202 44 hemställa,

688 358 55 31 att
770 353 211 47 Riksdagen
1009 352 61 36 må
1096 353 60 35 till
1182 351 266 37 förvärfvande
1474 350 37 36 åt
1529 355 139 32 statens
1687 351 112 35 histo-

587 404 100 35 riska
722 416 170 23 museum
929 403 70 36 och
1034 403 319 47 myntkabinettet
1379 401 41 36 af
1444 401 186 45 åtskilliga
1655 402 13 34 i
1695 406 104 30 stats-

586 453 315 48 rådsprotokollet
928 453 104 36 öfver
1059 452 395 37 ecklesiastikärenden
1481 451 72 37 den
1582 453 44 34 12
1648 451 150 47 januari

590 506 96 33 1904
727 503 248 36 omförmälda
1009 502 156 36 föremål
1201 502 48 48 på
1281 508 107 30 extra
1422 507 72 30 stat
1529 501 59 35 för
1618 501 41 35 år
1701 502 94 35 1905

587 555 127 35 anvisa
741 559 52 30 ett
819 554 136 47 belopp
984 553 40 36 af
1049 554 107 43 2,800
1184 553 148 35 kronor.

713 735 276 36 Musikaliska
1016 735 250 36 akademien.

287 837 97 45 87:0)
412 838 83 36 Med
525 837 202 47 anledning
754 836 41 37 af
817 832 136 67 Kungl.
980 837 120 45 Maj:ts
1128 836 131 36 därom
1286 836 130 47 gjorda
1433 835 276 45 framställning
1728 835 68 35 och
1827 824 139 56 förta
1931 820 36 64 ad

183 888 120 36 under
342 888 235 48 åberopande
617 887 41 36 af
696 888 98 35 hvad
822 888 12 35 i
861 887 153 36 ärendet
1047 886 126 37 blifvit
1199 887 60 35 till
1285 885 416 47 statsrådsprotokollet,
1729 885 65 35 sid.
1808 890 179 57 undervisning

186 940 83 44 225,
297 938 159 45 anfördt,
481 939 214 36 hemställer
720 938 190 43 utskottet,
1808 922 25 59 åt
1845 924 85 57 elever
1946 924 43 57 vid

687 993 54 30 att
780 966 212 68 Riksdagen
1030 987 71 45 må,
1141 987 14 35 i
1196 987 118 36 likhet
1352 986 85 37 med
1474 986 99 37 hvad
1607 985 59 37 för
1695 987 99 35 inne-
1835 991 131 24 rvstoriom.

585 1038 164 37 varande
789 1038 41 36 år
869 1045 63 39 ägt
970 1052 94 31 rum,
1103 1037 58 36 för
1201 1038 242 36 anordnande
1478 1037 46 48 af
1546 1037 94 35 ökad
1666 1038 130 35 under-
1851 1032 89 49 [83]

585 1090 143 47 visning
756 1090 60 35 vid
844 1089 427 36 musikkonservatorium
1303 1093 96 31 samt
1425 1087 210 37 beredande
1662 1086 41 37 af
1725 1088 71 35 till-

584 1139 89 37 fälle
706 1139 60 37 för
799 1140 98 36 vissa
932 1140 122 36 elever
1085 1139 64 37 vid
1175 1139 296 36 konservatoriet
1496 1139 58 36 till
1579 1137 217 48 profunder-

584 1191 149 47 visning
772 1191 13 35 i
824 1191 115 44 skola,
979 1190 48 48 på
1066 1196 107 30 extra
1207 1195 75 31 stat
1307 1188 58 37 för
1392 1189 40 36 år
1465 1191 94 35 1905
1589 1190 129 36 anvisa
1745 1194 51 31 ett

586 1242 130 45 anslag
743 1241 41 35 af
808 1243 104 43 6,532
941 1241 149 36 kronor.

653 1407 363 36 Naturhistoriska
1043 1407 285 36 riksmuseum.

286 1508 97 43 88:0)
423 1508 85 37 Med
547 1509 203 46 anledning
789 1508 41 37 af
865 1508 138 49 Kungl.
1040 1508 119 47 Maj:ts
1196 1508 129 36 därom
1353 1507 132 49 gjorda
1510 1506 285 48 framställning,
1864 1511 64 30 Ang.

181 1560 213 37 hemställer
420 1561 192 45 utskottet,
1793 1544 110 71 grafioka
1921 1546 76 56 atdel-

684 1615 54 31 att
765 1610 210 48 Riksdagen
1003 1610 61 36 må
1089 1609 48 48 på
1164 1615 107 31 extra
1297 1615 73 30 stat
1392 1610 141 48 jämväl
1551 1608 59 37 för
1628 1609 41 36 år
1695 1610 95 36 1905
1812 1604 15 59 =
1861 1612 67 31 ning.

582 1662 130 36 anvisa
751 1666 53 31 ett
843 1662 129 46 anslag
1011 1660 40 36 af
1086 1662 108 44 3,500
1221 1662 140 35 kronor
1386 1661 60 35 till
1474 1660 100 45 vård,
1602 1660 191 36 underhåll
1850 1653 90 49 [84-]

583 1713 61 35 och
672 1711 198 49 förkofran
907 1712 48 47 af
978 1711 301 36 naturhistoriska
1306 1711 225 36 riksmuseets
1557 1711 236 48 etnografiska

581 1762 201 48 afdelning.

281 1860 98 48 89:0)
418 1863 53 36 På
509 1862 122 47 grund
667 1862 40 37 af
739 1863 136 46 Kungl.
911 1863 118 46 Maj:ts
1066 1863 130 36 därom
1223 1862 132 49 gjorda
1381 1862 286 48 framställning,
1694 1862 99 36 hem-
1862 1866 62 56 Ang.

178 1914 127 36 ställer
331 1914 188 45 utskottet,
1815 1906 107 57 delning
1935 1907 42 48 för

682 1969 55 31 att
762 1964 212 47 Riksdagen
1000 1963 61 36 må
1086 1963 48 47 på
1162 1968 106 32 extra
1295 1969 74 31 stat
1390 1964 139 46 jämväl
1555 1962 60 37 för
1632 1963 42 36 år
1693 1965 95 35 1905
1809 1965 173 58 arkegoniater

582 2016 128 36 anvisa
728 2020 52 31 ett
800 2016 134 46 belopp
954 2014 40 37 af
1010 2016 107 43 2,000
1136 2015 140 35 kronor
1294 2015 59 35 till
1371 2015 113 48 inköp
1504 2014 69 36 och
1591 2015 200 46 insamling
1820 2000 45 56 och
1881 2001 61 56 fossi
1956 2007 13 16 :

582 2065 41 36 af
645 2066 204 36 naturalier
869 2066 65 36 vid
956 2065 300 36 naturhistoriska
1278 2066 227 35 riksmuseets
1523 2065 189 49 afdelning
1723 2066 69 46 för
1848 2078 90 50 [85.]

582 2117 247 48 arkegoniater
868 2117 61 35 och
962 2116 134 48 fossila
1133 2120 135 41 växter,
1304 2116 59 36 till
1390 2116 291 36 arbetsbiträden
1710 2116 81 36 där-

580 2167 121 36 städes
728 2167 69 36 och
823 2168 58 35 till
907 2166 238 37 bestridande
1172 2165 42 37 af
1247 2166 117 37 andra
1398 2167 86 36 med
1519 2167 175 37 arbetena
1727 2167 64 37 vid

581 2217 238 47 afdelningen
850 2217 175 37 förenade
1057 2216 164 47 utgifter.

274 2280 66 27 Bih.
359 2281 43 26 till
419 2281 98 26 Riked.
537 2281 75 27 Prot.
632 2281 88 27 1904.
756 2283 18 25 4
792 2281 87 27 Saml.
916 2282 16 25 1
953 2281 70 34 Afd.
1059 2281 19 27 9
1097 2281 83 34 Häft.
1677 2281 14 26 (6
