2205 2674
624 258 419 31 Konstitutionsutskottets
1073 257 178 32 Utlåtande
1274 256 63 32 N:o
1361 258 28 29 9.
1756 256 18 30 9

227 363 75 23 nen
344 354 54 32 att
426 347 204 37 formulera
660 352 54 31 ett
742 346 157 48 förslag,
931 359 82 23 som
1043 345 121 36 skulle
1194 344 115 37 hafva
1336 344 120 48 utsigt
1484 349 54 31 att
1565 343 115 37 vinna
1706 343 111 37 Riks-

228 402 145 48 dagens
402 399 118 38 bifall.

330 453 199 37 Utskottet
557 450 212 49 medgifver
796 449 241 48 visserligen,
1067 455 55 30 att
1140 448 414 49 riksdagsordningens
1577 447 239 48 stadganden

228 505 241 49 möjliggöra,
512 508 54 31 att
607 515 185 36 personer
820 502 128 36 kunna
976 515 89 22 vara
1094 501 83 36 från
1205 505 158 32 rösträtt
1390 501 201 46 uteslutna,
1622 500 118 36 ehuru
1768 500 46 36 de

229 563 64 31 äro
334 558 123 35 bättre
486 555 12 36 i
526 555 110 36 stånd
665 560 54 30 att
746 554 162 36 bedöma
936 553 196 49 offentliga
1159 553 263 36 förhållanden
1451 557 47 31 än
1526 555 176 45 mången,
1733 565 82 23 som

229 623 91 35 eger
361 614 55 31 att
455 608 13 36 i
508 606 381 50 riksdagsmannaval
925 605 162 49 deltaga,
1119 618 85 24 men
1232 605 186 37 utskottet
1447 605 117 36 håller
1593 604 98 37 dock
1720 603 95 49 före,

230 668 54 30 att
325 662 130 48 hvarje
500 659 262 49 begränsning
807 658 41 36 af
892 659 72 35 den
1010 658 181 49 politiska
1236 662 207 31 rösträtten
1483 660 119 33 måste
1646 656 172 37 medföra

230 727 143 23 samma
402 712 214 49 olägenhet.

332 766 138 37 Vidare
502 764 66 36 vill
595 763 188 37 utskottet
812 767 102 31 emot
943 762 255 36 motionärens
1229 761 146 48 förslag
1394 761 135 47 erinra,
1551 766 54 31 att
1625 773 60 24 om
1706 760 108 37 Riks-

230 818 124 48 dagen
396 817 121 37 skulle
558 816 102 36 finna
701 815 162 48 ändring
899 814 118 48 nödig
1044 814 13 36 i
1085 814 107 48 fråga
1220 827 60 23 om
1309 813 413 48 riksdagsordningens
1750 813 64 36 be-

230 870 238 37 stämmelser
510 868 196 48 angående
749 867 73 36 den
864 866 179 49 politiska
1079 871 219 43 rösträtten,
1339 865 109 37 torde
1477 865 100 36 inom
1607 865 207 48 riksdagen

230 923 34 48 ej
309 923 137 36 saknas
487 921 230 48 tillräckliga
758 919 144 36 krafter
945 919 58 36 för
1044 919 47 36 de
1133 932 74 35 nya
1244 917 280 49 stadgandenas
1555 917 259 48 formulering.

232 974 181 38 Grunden
454 973 56 37 till
552 978 54 31 att
647 972 96 36 intet
785 971 41 36 af
864 971 46 36 de
940 970 259 49 mångfaldiga
1227 969 381 49 ändringsförslagen
1635 969 12 36 1
1676 969 140 48 ifråga-

229 1026 165 37 varande
437 1025 181 37 afseende
654 1023 134 37 hittills
818 1023 133 36 vunnit
978 1023 240 49 Riksdagens
1247 1022 105 36 bifall
1380 1027 51 41 är,
1461 1021 121 49 enligt
1609 1021 207 36 utskottets

231 1079 109 49 åsigt,
384 1084 54 30 att
476 1078 93 36 söka
611 1077 93 47 deri,
744 1081 54 30 att
840 1075 219 48 Riksdagen
1102 1076 32 48 ej
1170 1079 126 32 ansett
1325 1087 46 23 en
1399 1074 162 48 ändring
1587 1073 130 49 nödig,
1747 1073 71 36 och

231 1132 74 35 kan
333 1131 187 36 utskottet
548 1128 60 37 för
636 1129 74 36 den
740 1128 97 35 skull
867 1127 32 49 ej
930 1128 101 35 finna
1061 1128 82 35 skäl
1171 1140 89 23 vara
1288 1126 59 36 för
1374 1126 152 36 handen
1555 1131 54 31 att
1627 1125 190 49 tillstyrka

230 1183 65 37 det
323 1183 42 36 af
388 1182 239 37 motionären
656 1180 224 37 framstälda
909 1179 157 48 förslag.

335 1235 52 36 På
415 1234 124 49 grund
569 1233 42 36 af
634 1232 101 37 hvad
764 1232 157 36 sålunda
940 1231 124 36 blifvit
1084 1231 152 36 anfördt
1257 1230 57 37 får
1333 1230 188 36 utskottet
1535 1229 211 44 hemställa,
1764 1234 55 31 att

630 1285 34 49 a)
693 1284 87 36 herr
808 1283 186 37 Mankells
1024 1283 159 48 motion,

628 1337 38 48 b)
696 1337 88 36 herr
811 1335 303 37 Waldenströms
1144 1336 156 46 motion,

631 1389 33 49 c)
693 1389 88 36 herr
809 1389 140 36 Bruses
979 1388 155 47 motion,

632 1441 37 49 d)
699 1442 88 35 herr
815 1440 229 36 Peterssons
1073 1439 159 47 motion,

632 1493 34 49 e)
696 1493 87 37 herr
811 1492 242 37 Johanssons
1083 1492 157 47 motion,

637 1545 30 49 f)
696 1546 89 36 herr
812 1545 218 36 Broströms
1059 1544 158 44 motion,
1248 1548 97 31 samt

632 1597 40 50 g)
701 1598 88 35 herr
830 1596 160 49 Björcks
1032 1596 145 36 motion

738 1701 83 36 icke
842 1704 116 33 måtte
979 1701 55 35 till
1054 1703 128 46 någon
1201 1699 239 48 Riksdagens
1460 1698 133 49 åtgärd
1614 1698 206 36 föranleda.

344 1805 220 38 Stockholm
594 1805 73 36 den
699 1807 44 34 12
772 1804 98 49 april
902 1806 108 35 1890.

793 1908 52 36 På
872 1908 208 36 utskottets
1109 1912 160 44 vägnar:

883 2011 42 37 O.
953 2010 232 38 BERGIUS.

1770 2431 18 29 [NS

325 2438 64 28 Bik.
413 2438 46 27 till
479 2437 94 29 Riksd.
597 2438 76 27 Prot.
698 2435 91 30 1890.
834 2435 22 30 3
877 2437 86 28 Saml.
1013 2436 15 28 7
1052 2435 81 39 Häöft.
