1926 2782
499 146 285 29 Statsutskoltets
807 144 179 30 utlåtande
1007 153 42 20 nr
1069 144 41 29 66
1131 145 38 29 år
1192 144 82 28 1960
1624 142 17 30 3

141 230 395 39 Investeringsreserven
564 229 184 39 möjliggör
775 228 207 31 alternativa
1011 227 449 40 sysselsättningsprogram
1489 226 54 29 för
1570 227 72 29 mö-

145 281 100 29 tande
275 290 41 20 av
346 280 113 30 skilda
489 279 469 31 arbetslöshetssituationer.
990 279 78 30 Som
1099 278 129 29 allmän
1258 277 158 39 riktlinje
1445 277 56 29 vid
1531 276 111 30 utväl-

138 331 120 38 jandet
284 341 42 19 av
352 332 133 37 företag
512 331 54 29 för
593 330 393 39 investeringsreserven
1013 329 63 29 har
1102 328 83 40 gällt
1212 330 48 28 att
1288 327 351 39 investeringsobjek-

140 384 55 27 ten
220 381 88 29 varit
335 391 42 20 av
402 381 108 29 sådan
536 380 356 40 angelägenhetsgrad
919 382 49 27 att
994 380 179 29 desamma
1198 379 106 39 enligt
1330 378 309 40 myndigheternas

138 432 210 38 bedömning
372 432 7 28 i
403 431 115 42 vanlig
542 431 148 39 ordning
714 431 74 29 bort
814 431 141 29 komma
978 430 50 29 till
1053 429 186 30 utförande
1263 429 111 29 under
1397 429 41 29 de
1462 429 176 29 närmaste

140 482 92 30 åren.
254 482 111 30 Bland
388 484 105 28 annat
516 482 63 29 har
599 482 41 29 de
662 491 42 21 av
724 481 291 39 myndigheterna
1036 480 54 30 för
1111 480 199 37 budgetåret
1333 479 140 35 1960/61
1499 479 143 39 upprät-

138 533 78 29 tade
234 532 346 39 anslagsäskandena
598 532 221 29 beträffande
839 530 394 40 investeringsändamål
1253 530 171 35 beaktats,
1449 530 4 29 i
1472 530 65 29 den
1557 529 83 30 mån

139 583 100 29 dessa
264 583 105 39 enligt
397 583 9 28 i
434 582 81 29 1960
541 582 56 29 års
624 582 412 39 statsverksproposition
1061 581 121 39 gjorda
1210 581 204 29 uttalanden
1441 589 40 20 av
1508 579 132 30 statsfi-

139 633 169 29 nansiella
330 633 82 29 elier
433 633 165 28 liknande
622 633 72 28 skäl
719 634 28 37 ej
774 633 135 28 kunnat
934 632 206 38 tillgodoses.
1167 632 9 28 I
1199 631 136 38 princip
1357 631 62 29 har
1441 631 123 31 endast
1588 629 51 30 så-

139 685 90 28 dana
256 683 236 39 arbetsobjekt
519 693 41 20 av
586 682 482 39 arbetsmarknadsstyrelsen
1095 682 142 38 intagits
1264 681 8 29 i
1299 680 342 39 investeringsreser-

139 744 74 24 ven,
241 744 72 19 som
341 734 158 29 bedömts
527 734 120 29 kunna
675 733 163 39 påbörjas
866 733 54 30 för
946 732 194 30 beredande
1167 741 42 20 av
1236 731 266 40 sysselsättning
1529 731 111 29 under

139 784 201 39 budgetåret
363 784 159 35 1960/61.
544 786 78 28 Som
643 793 42 20 en
705 784 129 29 allmän
855 784 89 38 regel
965 783 65 29 har
1047 783 118 30 vidare
1183 783 93 38 gällt,
1298 783 49 29 att
1367 781 177 40 företagen
1563 783 75 28 vart

139 835 63 29 och
224 836 48 28 ett
295 835 53 29 för
371 834 51 39 sig
444 835 87 28 skall
556 835 119 28 kunna
699 834 165 39 påbörjas
886 833 87 30 efter
995 842 42 21 en
1059 834 136 37 längsta
1217 832 165 30 varseltid
1405 842 41 19 av
1469 831 76 40 fyra
1568 831 72 30 må-

141 887 115 33 nader,
283 885 221 31 beträffande
529 885 386 42 husbyggnadsföretag
940 885 88 29 dock
1055 884 132 29 utökad
1213 884 48 29 till
1289 893 58 20 sex
1373 883 176 29 månader.
1576 883 64 29 Det

139 937 37 28 är
194 936 105 39 enligt
317 935 405 40 departementschefens
740 935 142 38 mening
898 935 125 39 viktigt
1042 936 49 29 att
1109 944 42 20 en
1170 934 226 38 samordning
1415 934 79 29 sker
1512 943 41 19 av
1571 942 69 19 me-

139 986 350 39 delsanvisningarna
504 987 44 39 på
564 987 189 29 riksstaten
771 986 64 29 och
852 985 166 40 anslagen
1035 985 44 39 på
1095 985 339 38 beredskapsstaten,
1452 984 37 29 så
1506 985 50 28 att
1573 983 66 29 den

140 1036 219 30 sistnämnda
383 1037 10 28 i
417 1036 136 39 princip
578 1038 128 37 upptar
731 1036 132 30 sådana
887 1036 192 39 angelägna
1104 1035 139 30 arbeten
1269 1035 64 29 och
1359 1034 280 39 anskaffningar,

140 1096 74 20 som
236 1087 57 30 vid
316 1087 187 29 utförande
526 1087 10 29 i
560 1087 136 29 normal
719 1086 209 39 turordning
951 1086 162 30 bedömes
1137 1086 140 29 komma
1302 1087 49 28 att
1375 1085 162 31 bekostas
1561 1084 80 30 med

138 1137 174 30 ordinarie
334 1138 111 29 medel
469 1137 53 29 för
543 1137 204 38 budgetåret
772 1137 149 35 1961/62
944 1137 82 29 eller
1047 1136 104 39 något
1174 1145 41 21 av
1236 1137 41 28 de
1301 1137 175 28 närmaste
1498 1135 143 39 budget-

139 1188 92 29 åren.
249 1188 98 30 Detta
365 1188 106 37 gäller
488 1189 73 28 icke
580 1188 103 29 minst
701 1190 70 27 mot
788 1187 226 38 bakgrunden
1032 1197 18 20 av
1092 1189 47 28 att
1156 1189 46 27 ett
1219 1186 326 37 beredskapsarbete
1563 1185 77 30 med

138 1238 136 37 hänsyn
297 1239 49 30 till
373 1239 240 36 utvecklingen
638 1239 43 36 på
704 1238 330 30 arbetsmarknaden
1058 1237 124 30 snabbt
1207 1238 69 29 kan
1301 1237 132 31 behöva
1458 1236 182 30 avvecklas

138 1289 65 29 och
225 1290 50 28 att
297 1289 55 30 det
376 1289 122 29 härvid
522 1290 37 28 är
581 1298 41 20 av
644 1288 73 30 vikt
740 1290 49 28 att
813 1288 169 39 företaget
1004 1288 95 29 inom
1123 1288 114 38 rimlig
1261 1288 49 29 tid
1334 1288 70 29 kan
1426 1288 143 28 komma
1590 1288 49 29 att

139 1338 173 39 fullföljas
333 1339 79 29 med
432 1339 178 29 anlitande
631 1349 41 19 av
692 1339 175 29 ordinarie
887 1339 122 29 medel.
1030 1339 65 29 Det
1116 1339 38 29 är
1173 1348 42 20 av
1235 1347 135 21 samma
1391 1338 187 39 anledning
1600 1347 40 20 av

138 1389 73 29 vikt
228 1391 50 28 att
293 1390 394 38 investeringsreserven
704 1389 193 30 innefattar
914 1388 252 42 arbetsföretag
1182 1398 42 20 av
1240 1389 94 29 olika
1350 1388 219 39 varaktighet
1586 1387 54 30 för

138 1441 50 27 att
209 1439 208 39 möjliggöra
439 1448 41 21 en
503 1439 215 39 anpassning
742 1439 49 29 till
814 1439 95 30 olika
931 1439 154 29 aktuella
1106 1439 335 39 konjunkturlägen.
1465 1439 71 29 Mot
1558 1438 83 29 bak-

138 1490 155 35 grunden
314 1499 42 20 av
378 1498 47 20 nu
447 1489 146 30 anförda
617 1490 213 37 synpunkter
852 1489 115 30 finner
989 1489 376 38 departementschefen
1386 1489 41 30 de
1450 1499 40 20 av
1513 1489 128 30 arbets-

139 1539 363 40 marknadsstyrelsen
528 1539 123 39 gjorda
675 1540 283 39 avvägningarna
982 1539 221 30 beträffande
1228 1539 413 39 investeringsreservens

138 1589 213 40 omfattning
367 1590 65 28 och
447 1590 133 29 urvalet
597 1599 42 20 av
654 1589 353 40 investeringsobjekt
1023 1590 121 29 kunna
1160 1589 176 39 godtagas.
1354 1590 50 29 Av
1419 1589 221 40 principerna

139 1640 53 28 för
212 1640 133 29 urvalet
365 1649 42 20 av
426 1639 236 39 arbetsobjekt
684 1640 54 30 för
757 1640 393 39 investeringsreserven
1172 1640 102 39 följer
1294 1642 50 27 att
1364 1640 205 30 densamma
1589 1640 52 30 år-

139 1689 89 40 ligen
253 1690 110 30 måste
389 1690 243 30 aktualiseras.
658 1692 12 28 I
695 1690 109 30 likhet
829 1690 79 29 med
934 1691 169 39 styrelsen
1128 1700 102 20 anser
1254 1690 386 39 departementschefen

138 1740 127 34 vidare,
286 1743 50 27 att
357 1740 102 39 något
482 1740 130 38 förslag
635 1740 49 29 till
707 1741 349 38 investeringsreserv
1076 1741 54 29 för
1151 1741 323 39 bostadsbyggande
1495 1741 75 29 icke
1593 1750 46 20 nu

138 1790 60 30 bör
219 1790 222 39 framläggas.
463 1791 124 28 Därest
608 1801 41 19 en
672 1791 205 41 utvidgning
898 1800 42 20 av
960 1791 339 39 bostadsbyggandet
1320 1792 121 28 utöver
1462 1792 55 28 det
1539 1791 101 29 mini-

139 1840 211 38 miprogram
370 1850 74 20 som
463 1840 197 38 föreslagits
679 1841 9 28 i
707 1841 90 29 årets
816 1841 410 39 statsverksproposition
1246 1841 66 29 blir
1330 1841 130 29 aktuell
1479 1841 62 30 bör
1559 1842 81 29 den-

139 1899 43 20 na
198 1890 97 39 fråga
312 1891 8 28 i
336 1890 151 39 enlighet
503 1892 77 28 med
598 1891 63 28 vad
679 1900 73 19 som
768 1891 186 29 förutsatts
970 1891 9 29 i
996 1891 456 39 statsverkspropositionen
1469 1894 170 36 upptagas

139 1940 9 28 i
169 1940 149 30 särskild
339 1940 158 39 ordning.

182 1990 64 29 Vid
265 1991 165 29 anmälan
450 1991 9 28 i
480 1991 91 29 årets
592 1991 411 39 statsverksproposition
1024 2001 42 19 av
1086 1991 53 29 för
1160 1991 85 29 flera
1268 1992 215 30 huvudtitlar
1504 2001 136 30 gemen-

138 2050 133 20 samma
293 2041 117 39 frågor
431 2049 110 31 angav
563 2041 386 39 departementschefen
970 2042 92 29 vissa
1084 2042 152 29 ändrade
1259 2042 176 39 riktlinjer
1457 2042 53 29 för
1531 2043 109 28 hand-

138 2091 205 39 läggningen
364 2101 41 20 av
424 2092 151 28 ärenden
596 2092 146 29 rörande
763 2092 139 38 statliga
922 2092 277 39 husbyggnader,
1219 2093 92 28 vilka
1332 2093 175 38 riktlinjer
1527 2093 113 30 seder-

138 2150 94 20 mera
255 2142 173 38 godkänts
452 2151 40 20 av
516 2142 195 38 riksdagen.
738 2142 124 29 Vidare
887 2142 164 29 anfördes
1074 2142 54 29 vid
1155 2143 162 28 anmälan
1344 2152 40 20 av
1408 2143 153 38 anslaget
1587 2143 49 29 till

137 2191 91 29 vissa
247 2191 451 39 projekteringskostnader
719 2192 109 29 under
848 2192 129 29 fonden
999 2192 53 29 för
1072 2192 111 38 förlag
1204 2192 47 29 till
1275 2193 217 34 statsverket,
1513 2195 49 27 att
1583 2193 54 29 det

139 2242 131 27 ansetts
296 2241 190 37 angeläget,
512 2244 48 26 att
589 2241 322 40 medelstillgången
940 2242 109 28 under
1076 2242 152 37 anslaget
1257 2243 60 37 gör
1344 2243 54 29 det
1426 2243 137 38 möjligt
1589 2246 47 26 att

136 2290 244 29 åstadkomma
404 2300 41 19 en
470 2291 68 29 viss
564 2300 114 19 reserv
702 2300 41 19 av
767 2291 243 38 projekterade
1034 2291 394 40 husbyggnadsföretag.
1455 2294 49 27 En
1529 2293 108 29 sådan

138 2349 112 19 reserv
272 2340 230 29 motiverades
524 2341 104 28 bland
651 2343 104 26 annat
780 2351 41 19 av
842 2341 120 29 kravet
984 2341 44 38 på
1049 2350 41 20 en
1113 2341 131 38 fullgod
1268 2341 370 40 arbetsmarknadspo-

138 2390 84 28 litik.
245 2390 160 38 Anslaget
431 2392 37 27 är
489 2393 107 27 avsett
621 2393 48 27 att
691 2391 205 38 disponeras
917 2400 42 20 av
980 2391 124 38 Kungl.
1127 2391 113 38 Maj:t.
1264 2392 311 38 Handläggningen
1597 2402 42 20 av

137 2440 151 29 ärenden
316 2441 146 28 rörande
487 2441 40 28 de
554 2440 127 38 statliga
720 2441 386 38 husbyggnadsprojektl
1135 2450 71 19 som
1236 2442 97 37 ingår
1360 2443 7 28 i
1396 2442 242 38 investerings-
