2226 2718
451 229 19 31 8
879 235 185 35 Bevillnings-
1072 236 148 29 Utskottets
1243 234 149 31 Memorial
1413 236 54 29 N:o
1490 239 48 26 10.

1138 382 15 33 $
1182 379 58 31 41.

560 462 78 39 Den,
668 472 66 23 som
761 473 111 31 genom
900 467 125 30 mindre
1049 467 220 40 partihandel,
1299 467 214 33 minuthandel
1541 468 74 32 eller
1634 469 206 42 utskänkning
1857 470 148 41 föryttrar

406 515 126 31 bränvin
573 516 74 30 utan
689 516 45 31 att
770 516 9 31 i
807 517 132 40 stadgad
967 518 128 41 ordning
1122 519 93 31 hafva
1244 519 103 32 dertill
1375 520 169 32 förvärfvat
1569 520 158 41 rättighet,
1757 521 75 33 eller
1860 532 77 30 som,
1966 522 39 42 på

406 567 62 31 sätt
495 567 10 31 i
532 571 13 32 $
577 568 17 30 2
626 571 81 37 sägs,
737 568 116 32 mellan
880 569 73 33 flere
981 570 111 41 köpare
1121 571 134 32 fördelar
1284 572 139 38 bränvin,
1452 573 91 38 eller,
1575 578 64 27 mot
1660 576 214 38 föreskriften
1901 577 13 29 i
1940 573 25 45 $
1984 575 20 32 4

405 631 91 20 mom.
529 619 26 38 1,
587 620 224 43 tillhandagår
837 624 69 29 med
933 625 206 40 anskafande
1167 626 39 40 af
1230 627 149 36 bränvin,
1410 626 70 31 böte
1508 626 96 31 första
1631 625 120 42 gången
1775 626 67 32 från
1862 628 56 31 och
1937 628 71 32 med

408 672 44 31 30
481 672 50 31 till
559 672 56 32 och
642 674 70 31 med
744 675 44 30 60
819 674 87 38 R:dr,
937 675 96 32 andra
1061 675 117 42 gången
1206 676 66 32 från
1304 679 44 30 60
1377 677 49 32 till
1454 678 56 31 och
1538 678 70 31 med
1641 679 68 31 120
1739 679 76 32 R:dr
1835 680 56 31 och
1909 680 99 41 tredje

404 724 118 40 gången
550 724 68 31 från
651 727 67 29 120
747 726 49 31 till
825 727 55 30 och
907 728 70 31 med
1008 729 70 31 240
1109 729 87 31 R:dr.
1251 729 78 39 Den,
1360 739 66 22 som
1452 729 96 41 fjerde
1576 730 118 41 gången
1724 731 75 32 eller
1818 732 98 32 oftare
1936 733 71 32 med

404 774 95 32 sådan
540 775 181 42 förbrytelse
762 778 153 38 beträdes,
959 779 104 31 dömes
1104 780 49 30 till
1181 780 135 41 fängelse
1344 781 67 31 från
1439 781 56 31 och
1522 782 70 30 med
1620 782 52 31 två
1699 784 147 30 månader
1873 785 49 30 till
1951 785 56 31 och

403 828 70 31 med
502 829 44 31 ett
573 828 44 31 år.

557 880 164 32 Dessutom
765 891 72 21 vare
879 883 51 31 det
957 883 10 30 i
994 883 334 42 försäljningsrummet
1355 885 160 41 befintliga
1543 886 127 32 bränvin
1698 887 49 31 till
1773 888 56 31 och
1856 888 71 32 med
1958 890 46 30 60

403 931 115 33 kannor
558 932 101 32 tillika
699 934 70 31 med
803 933 75 38 kärl,
909 944 66 22 som
1004 936 46 31 för
1077 936 69 32 dess
1175 936 193 42 afhemtning
1395 937 128 42 tjenliga
1551 941 62 36 äro,
1642 939 226 32 underkastade
1896 940 109 41 beslag

403 984 56 31 och
485 984 172 32 förbrutna.

557 1038 205 40 Förbrytaren
791 1038 95 32 varde
914 1039 147 41 derjemte
1090 1040 92 31 dömd
1211 1041 56 37 att,
1296 1041 43 32 då
1367 1041 104 42 oloflig
1497 1043 220 31 minuthandel
1744 1043 78 32 eller
1848 1045 154 31 utskänk-

403 1090 78 41 ning
524 1095 49 37 egt
613 1103 85 25 rum,
736 1091 119 41 utgifva
883 1091 246 33 minuthandels-
1158 1092 76 33 eller
1261 1093 312 42 utskänkningsafgift
1599 1095 47 32 för
1674 1096 51 31 det
1751 1096 155 39 kannetal,
1937 1106 66 22 som

407 1141 76 31 efter
511 1142 82 32 hvad
620 1143 125 31 utredas
773 1143 59 31 kan
861 1143 103 32 blifvit
990 1144 177 41 föryttradt,
1198 1145 77 32 dock
1302 1146 25 41 ej
1357 1146 95 32 under
1481 1147 51 31 det
1559 1147 121 42 belopp,
1711 1157 66 22 som
1805 1158 108 22 svarar
1940 1150 67 31 mot

407 1202 35 22 en
471 1193 149 41 fjerdedel
662 1195 34 31 af
732 1195 93 39 hvad,
869 1194 96 42 enligt
1006 1196 36 32 de
1084 1196 10 32 i
1129 1200 29 33 $$
1191 1198 41 31 17
1265 1198 56 31 och
1353 1199 43 31 18
1428 1199 149 41 stadgade
1605 1200 144 40 grunder,
1778 1201 47 31 för
1853 1200 33 32 år
1912 1200 96 33 minst

401 1245 73 42 utgå
501 1246 66 32 bör.

560 1299 67 31 Har
659 1301 207 41 förbrytelse,
915 1301 132 30 hvarom
1075 1303 12 28 i
1106 1303 101 29 denna
1224 1304 168 40 paragraf
1408 1309 86 35 sägs,
1523 1303 80 32 skett
1621 1303 18 32 å
1658 1307 69 29 sön-
1747 1304 75 32 eller
1840 1305 163 41 helgedag,

405 1350 72 32 ökas
507 1351 118 32 straffet
652 1352 71 31 med
750 1353 86 31 böter
863 1351 66 32 från
963 1354 41 31 15
1034 1352 49 32 till
1110 1353 56 31 och
1194 1354 69 31 med
1294 1355 44 31 30
1369 1354 87 32 R:dr.

1147 1479 13 31 $
1190 1477 58 30 42.

552 1559 59 32 Om
653 1561 68 38 den,
765 1570 65 22 som
871 1561 49 32 till
961 1561 213 32 minuthandel
1215 1562 70 31 med
1326 1562 127 32 bränvin
1482 1562 173 42 berättigad
1683 1566 43 36 är,
1757 1564 96 31 andra
1879 1564 120 42 gången

398 1612 141 33 beträdes
567 1613 71 31 med
667 1613 103 40 oloflig
796 1613 213 41 utskänkning,
1039 1623 72 21 vare
1139 1614 60 30 han
1227 1614 100 31 tillika
1356 1614 98 31 denna
1482 1615 45 30 sin
1546 1615 279 41 handelsrättighet
1843 1616 155 41 förlustig.

550 1666 74 40 Lag
652 1676 125 20 samma
803 1677 89 25 vare,
925 1677 45 19 om
1001 1666 68 37 den,
1100 1678 66 19 som
1195 1672 39 25 är
1261 1668 181 40 berättigad
1468 1666 52 31 till
1548 1668 123 31 mindre
1694 1669 210 40 partihandel
1930 1670 69 30 med

401 1718 149 36 bränvin,
584 1718 105 30 andra
715 1717 125 42 gången
868 1719 142 30 beträdes
1038 1719 66 30 med
1133 1718 105 42 oloflig
1264 1719 221 31 minuthandel
1511 1719 78 32 eller
1614 1720 229 43 utskänkning.

1143 1842 14 33 $
1185 1840 59 31 43.

1142 2050 14 33 $
1185 2048 58 31 45.

547 2133 94 32 Idkar
677 2132 98 41 någon
803 2134 124 30 mindre
950 2134 209 40 partihandel
1186 2134 79 31 eller
1292 2134 212 33 minuthandel
1532 2135 70 32 med
1630 2135 75 32 eller
1732 2135 203 42 utskänkning
1962 2137 35 31 af

566 2184 9 10 o

396 2185 126 31 bränvin
564 2195 17 21 å
623 2186 94 30 annat
759 2185 89 31 ställe
882 2188 36 28 än
947 2185 104 31 dertill
1078 2186 158 40 uppgifvet
1263 2189 43 36 är,
1336 2187 78 31 eller
1442 2188 161 41 begagnar
1629 2188 118 41 någon,
1778 2193 64 26 mot
1869 2189 84 31 hvad
1980 2190 13 30 i

393 2234 25 44 $
446 2235 19 32 4
493 2249 93 19 mom.
616 2235 23 32 2
668 2238 151 41 stadgadt
848 2243 49 33 är,
928 2238 112 30 ombud
1066 2239 53 36 för
1147 2240 155 30 bränvins
1328 2239 202 31 utlemnande
1557 2239 20 32 å
1605 2245 100 26 annat
1732 2240 105 38 ställe,
1868 2247 41 25 än
1936 2242 56 30 der

393 2290 64 30 han
485 2290 51 30 sin
561 2289 287 42 försäljningsrätt
874 2291 143 37 utöfvar,
1049 2289 74 32 eller
1150 2289 115 32 tillåter
1294 2290 67 39 den,
1391 2300 66 22 som
1485 2291 65 32 icke
1578 2294 33 28 är
1637 2291 50 32 till
1713 2292 204 42 utskänkning
1936 2293 53 31 be-

392 2341 146 41 rättigad,
583 2342 56 38 att,
682 2341 38 32 då
759 2341 61 32 han
848 2341 10 31 i
884 2341 82 41 parti
993 2341 74 32 eller
1095 2351 111 32 genom
1233 2342 214 33 minuthandel
1475 2343 91 42 säljer
1592 2343 140 40 bränvin,
1760 2343 94 42 något
1881 2345 34 32 af
1939 2345 52 32 det
