1900 2820
566 147 275 32 Statsutskottets
861 145 177 32 utlåtande
1056 145 48 31 Nr
1129 145 51 30 53.
1608 134 19 31 9

803 486 60 40 Nr
890 485 63 41 58.

686 599 110 23 Ankom
816 598 41 23 till
878 597 156 30 riksdagens
1052 595 88 24 kansli
1160 595 50 23 den
1231 592 32 26 21
1282 600 71 18 mars
1373 591 64 25 1941
1457 593 36 23 kl.
1512 590 31 25 12
1562 598 34 17 m.

348 695 182 31 Utlåtande
550 696 10 29 i
579 695 187 36 anledning
785 703 42 21 av
848 692 124 37 Kungl.
992 692 118 36 Maj:ts
1130 691 216 37 proposition
1365 688 177 37 angående
1562 687 69 31 viss

567 743 147 37 ändring
740 745 9 28 i
773 742 198 37 grunderna
996 741 55 37 för
1074 740 57 30 lån
1156 739 80 38 från
1261 736 369 39 industrilånefonden.

1396 806 69 39 (1:a
1492 804 87 40 avd.)

171 914 14 30 I
207 914 261 37 propositionen
489 922 42 21 nr
553 913 41 30 86
616 912 65 31 har
705 912 122 35 Kungl.
852 910 111 36 Maj:t,
986 910 110 30 under
1118 908 221 36 åberopande
1362 917 43 21 av
1428 905 203 38 propositio-

126 974 68 21 nen
220 965 107 36 bilagt
353 964 126 36 utdrag
503 972 43 22 av
574 960 379 38 statsrådsprotokollet
979 961 81 29 över
1084 958 301 31 handelsärenden
1413 956 56 31 för
1495 956 66 30 den
1591 956 40 29 21

125 1016 155 30 februari
308 1016 93 34 1941,
428 1013 177 37 föreslagit
632 1013 185 35 riksdagen
845 1011 169 36 medgiva,
1042 1013 48 27 att
1119 1009 56 31 för
1201 1008 205 37 åtnjutande
1432 1017 41 21 av
1498 1006 137 31 torvlån

127 1065 80 32 från
228 1064 361 32 industrilånefonden
610 1062 107 32 måtte
737 1062 37 31 få
796 1063 175 35 tillämpas
994 1062 42 29 de
1057 1060 154 31 ändrade
1232 1059 160 37 grunder,
1416 1067 74 21 som
1512 1067 41 21 av
1577 1057 56 30 de-

125 1115 339 38 partementschefen
486 1115 10 29 i
520 1115 146 30 berörda
689 1112 341 37 statsrådsprotokoll
1053 1110 184 31 förordats.

173 1216 66 31 Vid
270 1216 82 31 1940
381 1214 57 32 års
468 1215 126 30 urtima
624 1214 141 36 riksdag
794 1212 211 38 godkändes,
1036 1211 79 30 med
1145 1210 186 36 anledning
1361 1218 42 22 av
1434 1208 128 36 förslag
1592 1216 43 22 av

128 1267 125 36 Kungl.
278 1266 100 37 Maj:t
406 1265 110 40 (prop.
540 1275 42 20 nr
602 1264 70 39 20),
696 1264 91 31 vissa
810 1263 156 31 ändrade
987 1262 151 38 grunder
1159 1261 57 31 för
1236 1259 228 32 utlämnande
1485 1268 42 21 av
1551 1267 26 23 s.
1601 1258 33 29 k.

127 1318 136 31 torvlån
287 1318 56 30 för
363 1316 363 31 industrilånefonden
758 1315 175 39 (skrivelse
958 1324 42 20 nr
1022 1312 69 40 36).
1118 1312 112 36 Fråga
1256 1313 65 29 har
1343 1320 47 21 nu
1417 1308 222 38 uppkommit

128 1379 59 21 om
211 1368 195 38 ytterligare
430 1367 188 36 ändringar
643 1366 10 30 i
676 1366 155 30 nämnda
854 1364 162 38 grunder.

175 1419 165 31 Gällande
361 1419 178 29 allmänna
559 1417 125 30 villkor
704 1417 66 29 och
790 1415 259 31 bestämmelser
1071 1414 55 29 för
1147 1412 59 31 lån
1227 1411 78 32 från
1329 1409 304 33 industrilånefon-

129 1471 68 30 den
218 1468 191 32 återfinnas
429 1468 12 30 i
462 1467 230 36 kungörelsen
713 1467 68 30 den
802 1466 40 30 13
863 1465 145 31 oktober
1030 1464 81 30 1927
1140 1463 55 39 (nr
1216 1461 75 40 402)
1317 1463 80 30 med
1418 1461 74 31 däri
1512 1469 126 29 genom

130 1520 272 37 kungörelserna
423 1519 68 30 den
513 1519 39 29 18
572 1518 77 36 juni
672 1517 83 30 1937
785 1516 53 39 (nr
860 1515 75 39 621)
964 1515 66 30 och
1051 1515 68 30 den
1142 1515 37 28 11
1204 1513 144 31 oktober
1371 1512 85 30 1940
1482 1511 53 39 (nr
1555 1510 76 39 866)

129 1571 164 36 vidtagna
314 1569 198 36 ändringar.
535 1568 115 36 Enligt
671 1567 155 31 nämnda
845 1565 261 32 bestämmelser
1126 1573 98 22 avses
1246 1564 79 30 med
1347 1561 136 32 torvlån
1503 1560 59 32 lån
1583 1561 56 31 för

128 1621 217 31 industriella
373 1618 258 38 anläggningar,
662 1627 75 22 som
765 1627 81 21 avse
873 1616 296 37 tillgodogörande
1183 1624 42 21 av
1236 1615 133 30 landets
1380 1611 260 38 torvtillgångar

131 1673 56 29 för
208 1672 222 35 tillverkning
451 1681 43 20 av
514 1670 216 30 torvbränsle
753 1670 82 29 eller
855 1669 160 30 torvströ.

175 1731 145 31 Jämlikt
346 1731 19 29 4
391 1730 19 37 8
436 1730 11 29 i
475 1729 230 36 kungörelsen
731 1729 174 29 utlämnas
932 1725 135 32 torvlån
1093 1735 42 21 av
1162 1725 245 30 statskontoret
1434 1723 105 30 sedan
1566 1720 73 32 lån-

131 1777 142 33 tagaren
291 1773 49 31 dit
357 1773 177 30 avlämnat
552 1771 213 31 förbindelse
782 1769 20 31 å
821 1769 243 31 lånesumman
1083 1770 89 28 samt
1190 1766 109 31 sådan
1318 1765 160 31 säkerhet
1496 1764 55 30 för
1570 1763 69 31 för-

130 1816 197 30 bindelsens
347 1815 166 35 behöriga
531 1813 229 36 fullgörande,
782 1822 75 20 som
877 1821 42 21 av
940 1811 245 30 statskontoret
1203 1809 212 37 godkännes.
1446 1806 113 36 Enligt
1580 1806 19 30 5
1621 1805 18 37 8

133 1859 98 35 skall,
257 1868 56 20 om
337 1858 76 30 icke
438 1856 57 31 för
517 1855 143 37 beviljat
684 1854 136 32 torvlån
844 1854 97 30 inom
964 1852 58 31 två
1047 1851 167 31 månader
1240 1850 86 31 efter
1350 1850 122 30 därom
1498 1847 143 31 erhållet

131 1900 246 37 föreläggande
395 1899 194 30 avlämnats
610 1897 170 36 säkerhet,
802 1906 75 20 som
898 1905 42 21 av
962 1895 245 30 statskontoret
1226 1893 211 36 godkännes,
1459 1892 112 29 rätten
1590 1890 51 30 till

133 1942 111 31 lånets
268 1941 294 31 utbekommande
584 1948 101 21 anses
710 1938 197 31 förverkad.

178 1985 14 29 I
215 1985 17 29 7
256 1984 18 37 8
295 1984 137 35 stadgas
455 1985 49 28 att
525 1980 134 32 torvlån
682 1980 98 36 skall,
803 1981 64 29 där
887 1979 31 37 ej
942 1978 123 36 Kungl.
1088 1976 102 37 Maj:t
1211 1976 9 30 i
1242 1975 170 31 särskilda
1433 1974 61 31 fall
1516 1982 124 22 annor-

132 2027 109 30 lunda
263 2025 219 35 föreskriver,
506 2023 205 31 återbetalas
734 2023 11 29 i
769 2022 157 36 följande
948 2020 160 36 ordning:
1134 2018 29 38 1)
1194 2018 68 36 lån,
1286 2027 74 21 som
1383 2026 99 21 avser
1504 2016 137 36 anlägg-

133 2068 299 37 ningskostnader,
458 2066 96 37 skall,
579 2066 108 30 sedan
710 2066 56 30 det
788 2063 177 31 innehafts
988 2063 110 30 under
1119 2062 20 29 4
1162 2060 40 32 år
1225 2059 80 32 från
1328 2060 109 30 första
1461 2053 180 46 lyftnings-

133 2112 122 35 dagen,
275 2110 205 31 återbetalas
500 2109 109 30 under
629 2106 110 38 därpå
760 2106 157 37 följande
934 2106 101 35 högst
1056 2105 38 29 12
1115 2103 52 36 år;
1188 2102 31 38 2)
1245 2102 67 37 lån,
1333 2111 75 21 som
1428 2110 98 22 avser
1544 2099 98 32 drift-

135 2152 196 36 kostnader,
354 2151 88 31 skall
464 2150 204 31 återbetalas
689 2150 110 29 under
820 2149 100 36 högst
941 2148 19 30 3
983 2147 38 30 år
1043 2146 77 31 från
1142 2145 290 37 lyftningsdagen.

179 2194 115 36 Enligt
313 2195 20 29 9
355 2194 18 36 8
396 2193 98 35 skall,
517 2193 113 30 därest
653 2192 245 30 statskontoret
918 2190 111 30 under
1049 2187 174 31 lånetiden
1246 2187 110 30 skulle
1378 2186 99 30 finna
1500 2185 66 30 den
1587 2183 57 31 för

136 2236 133 31 torvlån
296 2236 124 30 ställda
447 2235 204 30 säkerheten
677 2234 76 29 icke
779 2233 118 30 vidare
922 2241 84 21 vara
1032 2229 167 37 nöjaktig,
1227 2228 295 31 låninnehavaren
1547 2226 96 30 inom

134 2278 58 31 två
216 2277 167 31 månader
404 2276 88 31 efter
514 2277 120 29 därom
659 2274 144 31 erhållet
826 2273 245 36 föreläggande
1094 2272 163 29 avlämna
1282 2269 131 31 sådana
1437 2278 68 27 nya
1528 2268 115 30 säker-

135 2319 295 36 hetshandlingar,
457 2327 75 21 som
556 2327 42 20 av
625 2317 246 30 statskontoret
896 2315 212 36 godkännas.

182 2395 14 30 I
218 2394 164 31 skrivelse
404 2394 67 29 den
494 2394 16 28 7
535 2391 182 31 december
742 2391 83 30 1940
847 2391 66 29 har
935 2389 154 31 Svenska
1113 2386 440 38 bränntorvsfabrikanters
1576 2384 71 38 för-

139 2445 103 36 ening
260 2444 44 37 på
323 2444 148 31 anförda
491 2443 72 30 skäl
583 2442 175 30 hemställt
777 2441 106 30 bland
904 2443 106 28 annat
1030 2449 56 20 om
1106 2438 278 37 bemyndigande
1403 2436 55 31 för
1477 2435 169 31 statskon-
