2236 2632
487 171 18 29 6
733 170 234 31 Sammansatta
991 169 105 32 Stats-
1119 171 53 30 och
1200 171 224 41 Lagutskottets
1452 172 170 31 Utlåtande
1643 172 64 31 N:o
1731 174 30 29 2.

444 258 178 46 slutligen
661 258 130 46 högsta
832 258 201 36 domstolen
1075 259 105 35 hållit
1219 264 105 30 extra
1351 260 178 35 sessioner
1557 261 116 35 under
1702 263 19 33 3
1751 261 149 35 timmar
1927 261 124 47 hvarje

444 308 176 47 måndags
647 308 264 47 eftermiddag;
939 310 64 34 och
1034 309 91 35 hade
1153 309 116 35 denna
1297 316 103 29 extra
1427 311 246 47 tjenstgöring
1693 312 95 35 varit
1807 311 242 47 anledningen

443 359 58 35 till
542 364 55 30 att
637 359 185 43 balansen,
863 361 114 45 enligt
1017 360 95 35 hvad
1144 359 100 37 förut
1271 360 151 47 angifna
1449 360 124 36 siffror
1601 362 194 44 utmärkte,
1824 362 114 35 under
1965 366 86 31 åren

447 411 94 34 1892
585 410 66 35 och
694 412 94 33 1893
831 410 77 35 icke
941 411 116 43 ökats,
1087 416 88 30 utan
1201 416 158 30 tvärtom
1388 412 125 35 visade
1541 416 119 43 någon
1691 412 222 47 minskning.
1968 412 84 36 Med

443 460 122 35 denna
592 459 508 49 eftermiddagstjenstgöring
1128 462 90 35 hade
1245 462 202 35 emellertid
1472 463 259 46 justitieråden
1759 463 79 36 icke
1857 469 119 30 ansett
1996 464 57 47 sig

442 511 127 34 kunna
596 510 165 36 fortfara.
816 511 69 36 Det
914 512 90 35 hade
1031 513 184 45 nemligen
1242 532 48 3 —
1318 513 115 46 enligt
1461 513 96 35 hvad
1585 514 55 34 till
1669 513 129 36 chefen
1816 514 59 35 för
1890 514 162 46 justitie-

442 561 290 47 departementet
759 563 155 34 anmälts
941 582 48 3 —
1017 564 94 34 visat
1138 564 66 45 sig,
1233 568 54 30 att
1314 563 151 44 arbetet,
1495 576 75 22 som
1601 564 110 35 redan
1738 564 100 36 förut
1861 565 95 34 varit
1974 565 77 35 till-

442 612 162 47 räckligt
635 612 246 48 betungande,
908 624 133 35 genom
1070 612 552 50 eftermiddagstjenstgöringen
1652 615 102 35 ökats
1783 615 82 36 med
1896 618 42 32 15
1967 628 85 34 pro-

441 668 84 30 cent
568 663 66 35 och
673 668 54 30 att
767 669 54 29 ett
860 663 243 36 fortsättande
1131 664 40 35 af
1193 677 139 23 samma
1359 665 245 47 tjenstgöring
1632 666 117 35 skulle
1777 667 95 34 vålla
1898 666 67 35 allt
1992 665 61 36 för

442 718 77 30 stor
546 714 183 46 svårighet
756 719 55 30 att
838 717 37 32 åt
902 715 117 35 målen
1049 726 92 35 egna
1168 715 69 35 den
1265 720 299 42 samvetsgranna
1591 717 65 34 och
1676 716 257 46 omsorgsfulla
1953 716 99 47 pröf-

445 764 102 47 ning,
578 777 76 22 som
683 764 171 47 utgjorde
881 770 52 30 ett
959 764 240 49 oeftergifligt
1226 766 118 35 vilkor
1370 766 59 35 för
1447 767 293 47 rättskipningen
1760 767 12 34 i
1792 768 87 34 sista
1898 768 152 34 instans.

443 814 85 35 Med
557 814 102 49 dylik
687 814 165 37 forcerad
879 816 247 47 tjenstgöring
1152 829 86 22 vore
1266 816 61 35 det
1354 817 125 35 vidare
1499 817 168 47 omöjligt
1685 823 54 29 att
1758 818 57 34 till
1830 818 222 46 justerings-

442 865 118 46 dagen
603 865 197 36 medhinna
840 871 53 30 att
919 871 83 42 taga
1030 866 58 35 del
1116 866 39 36 af
1180 867 266 46 handlingarna
1474 868 11 34 i
1513 881 99 21 mera
1639 868 213 35 invecklade
1879 868 65 35 och
1973 881 80 22 om-

441 915 166 36 fattande
641 917 82 42 mål,
753 922 88 30 utan
872 920 112 32 måste
1011 917 107 36 dessa
1144 923 104 41 tagas
1275 921 43 44 på
1333 918 233 47 cirkulation
1596 918 67 36 och
1690 919 142 35 arbetet
1860 919 81 35 med
1969 919 83 35 dem

444 967 214 47 uppskjutas
696 967 58 35 till
796 970 119 44 någon
955 967 202 36 infallande
1198 968 171 46 ledighet,
1398 969 147 35 hvilken
1569 969 136 46 jemväl
1733 972 113 33 måste
1874 970 178 47 påräknas

441 1016 58 36 för
540 1018 242 47 uppsättande
810 1017 40 36 af
874 1018 198 48 yttranden
1099 1019 11 34 i
1138 1018 236 48 vidlyftigare
1401 1018 207 47 lagförslag.
1665 1019 123 36 Under
1816 1020 133 35 sådana
1975 1019 77 36 för-

441 1068 196 35 hallanden
678 1071 114 32 måste
835 1068 69 35 den
936 1068 163 46 ledighet
1126 1068 78 36 från
1233 1069 254 46 tjenstgöring,
1518 1069 129 35 hvaraf
1672 1070 130 47 högsta
1829 1070 224 36 domstolens

441 1118 201 36 ledamöter
681 1119 91 46 egde
815 1119 143 35 komma
985 1120 11 33 1
1024 1119 227 46 åtnjutande,
1279 1120 12 34 i
1319 1120 64 34 allt
1410 1119 56 35 för
1493 1125 76 30 stor
1596 1121 254 46 utsträckning
1877 1133 110 34 egnas
2015 1124 38 32 åt

441 1169 136 42 arbete,
607 1172 38 32 så
671 1175 53 29 att
752 1169 71 35 den
851 1174 103 30 extra
981 1170 287 46 tjenstgöringen
1298 1170 78 35 icke
1404 1170 122 35 kunde
1554 1170 116 36 under
1698 1174 119 43 någon
1846 1172 126 46 längre
1999 1172 53 35 tid

446 1219 124 48 fortgå
603 1225 86 30 utan
722 1225 55 30 att
809 1220 153 46 menligt
989 1221 152 34 inverka
1168 1224 45 44 på
1239 1220 265 36 ledamöternas
1532 1221 100 35 helsa
1659 1221 64 35 och
1751 1221 301 49 arbetsförmåga.

577 1270 54 35 En
663 1283 119 22 annan
811 1271 137 46 åtgärd,
977 1271 182 35 verkande
1187 1272 11 34 i
1227 1284 138 22 samma
1392 1272 167 45 rigtning
1586 1284 76 23 som
1692 1272 43 35 de
1764 1272 100 35 förut
1890 1272 161 46 angifna,

441 1321 11 34 i
487 1320 63 36 det
577 1321 70 35 den
675 1334 87 23 vore
790 1321 117 46 egnad
935 1326 53 30 att
1016 1322 142 35 minska
1186 1322 128 46 högsta
1341 1322 223 35 domstolens
1591 1322 248 42 arbetsbörda,
1868 1336 85 22 vore
1981 1323 70 35 den

440 1383 135 32 genom
616 1373 103 45 lagen
760 1371 70 36 den
874 1374 43 34 18
960 1372 72 46 maj
1079 1374 94 33 1894
1214 1372 211 36 meddelade
1453 1373 264 43 bestämmelse,
1746 1378 54 30 att
1828 1374 130 45 klagan
1989 1374 64 35 hos

443 1422 130 46 Kongl.
614 1422 103 47 Maj:t
757 1422 31 46 ej
830 1423 97 47 finge
966 1422 98 36 föras
1094 1422 101 36 öfver
1223 1423 305 35 kammarrättens
1557 1424 119 45 utslag
1703 1424 12 34 i
1744 1423 306 47 fattigvårdsmål.

444 1472 76 36 Den
550 1473 209 47 härigenom
791 1473 291 48 uppkommande
1109 1473 187 35 lättnader
1324 1473 120 36 kunde
1471 1474 204 35 emellertid
1699 1474 202 46 ingalunda
1921 1474 131 36 beräk-

441 1537 65 22 nas
534 1537 87 22 vara
647 1524 200 46 tillräcklig
873 1523 58 36 för
944 1524 335 35 åstadkommande
1307 1524 40 35 af
1365 1525 182 46 jemnvigt
1575 1525 135 35 mellan
1730 1526 44 34 de
1794 1525 258 35 inkommande

442 1575 66 34 och
537 1573 165 47 afgjorda
730 1575 140 35 målens
897 1575 109 34 antal.

577 1625 64 39 Då,
669 1628 118 33 såsom
816 1625 69 35 den
913 1625 168 46 stigande
1109 1625 168 35 balansen
1306 1624 108 47 gåfve
1442 1625 63 35 vid
1530 1625 155 44 handen,
1707 1626 96 35 hvad
1823 1639 77 23 som
1921 1626 131 36 hittills

441 1676 143 34 kunnat
610 1682 106 39 göras
743 1675 58 36 för
829 1676 188 35 balansens
1046 1675 273 47 nedbringande
1347 1676 56 35 till
1431 1676 67 35 och
1518 1676 256 36 bibehållande
1794 1677 62 35 vid
1875 1690 43 22 en
1936 1676 114 44 siffra,

441 1738 78 23 som
547 1726 122 35 kunde
696 1739 106 22 anses
831 1727 149 42 normal,
1011 1727 95 34 visat
1133 1726 56 46 sig
1214 1726 79 35 icke
1321 1739 86 22 vara
1434 1727 225 47 tillräckligt,
1687 1727 147 35 kräfdes
1854 1728 114 45 enligt
1986 1727 64 36 de-

442 1776 372 47 partementschefens
842 1778 93 45 åsigt
962 1777 114 35 andra
1103 1777 179 46 åtgärder.

579 1828 12 34 I
619 1827 102 48 fråga
742 1841 60 21 om
822 1827 125 48 dylika
965 1827 171 47 åtgärder
1154 1828 123 43 borde,
1298 1830 45 45 på
1362 1832 72 30 sätt
1448 1828 137 46 jemväl
1606 1828 446 36 konstitutionsutskottet

442 1878 62 35 vid
536 1879 93 34 1896
659 1881 56 33 års
743 1877 149 47 riksdag
919 1878 169 35 anmärkt
1114 1879 12 34 i
1154 1879 63 34 sitt
1245 1878 188 35 utlåtande
1462 1878 187 47 angående
1676 1878 191 47 ifrågasatt
1895 1879 157 46 ändring

441 1928 40 35 af
509 1930 43 33 17
583 1927 22 44 $
632 1928 331 47 regeringsformen
990 1929 12 35 i
1030 1928 96 49 syfte
1154 1934 53 29 att
1234 1929 216 46 möjliggöra
1477 1929 138 46 ökning
1642 1929 39 35 af
1691 1929 275 47 justitierådens
1985 1943 65 21 an-

441 1981 49 33 tal
525 1978 145 36 utöfver
696 1979 61 35 det
784 1992 51 22 nu
864 1979 187 35 bestämda
1078 1980 129 46 högsta
1238 1981 149 41 antalet,
1415 1982 122 44 någon
1565 1980 254 46 utsträckning
1847 1980 39 35 af
1910 1980 141 35 arbets-

441 2029 103 36 tiden
574 2029 56 36 för
652 2029 258 47 justitieråden
938 2031 87 34 eller
1044 2030 267 46 inskränkning
1329 2030 12 34 i
1360 2030 104 35 deras
1485 2036 172 29 semester
1676 2031 80 35 icke
1775 2030 275 48 ifrågakomma.

443 2080 169 35 Nämnda
652 2081 144 34 utskott
829 2080 91 35 hade
947 2085 130 39 ansett,
1106 2086 53 29 att
1181 2080 268 47 justitieråden,
1480 2081 135 43 hvilka,
1643 2080 164 36 förutom
1835 2082 64 35 sitt
1927 2081 124 36 arbete

443 2131 83 35 med
567 2132 292 46 lagskipningen,
901 2131 90 35 hade
1030 2136 53 30 ett
1120 2131 319 48 magtpåliggande
1466 2131 124 35 arbete
1619 2132 81 35 med
1727 2131 170 36 afseende
1924 2135 20 32 å
1973 2132 79 47 lag-

442 2181 231 47 stiftningen,
702 2182 45 35 då
775 2181 44 35 de
843 2182 146 46 jemlikt
1017 2183 45 34 87
1093 2181 22 44 $
1142 2181 332 47 regeringsformen
1501 2183 119 34 skulle
1647 2183 157 45 granska
1827 2182 65 36 och
1912 2181 140 49 afgifva

443 2232 215 35 utlåtanden
685 2231 104 36 öfver
816 2232 208 48 lagförslag,
1052 2231 59 36 för
1138 2232 227 36 närvarande
1392 2232 93 36 hade
1513 2238 38 30 så
1579 2232 207 48 betydande
1804 2234 177 45 göromål,
1998 2238 54 29 att
